4514 6578
432 434 533 491 145

1421 434 1745 491 HISTORIA
1782 432 2341 493 ECCLESIASTICA.
2384 469 2449 481 -κ
2490 438 2618 493 LIB.
2659 436 2700 491 l.

3593 433 3702 492 HG

432 548 611 607 σεϐίου
645 544 785 603 κατὰ
817 546 999 620 χώραν
1044 546 1296 619 ἐροῦμεν.
1351 547 1622 620 Γεώργιος
1647 549 1703 602 δὲ
1751 548 1878 620 περὶ
1907 549 2010 603 Εὐ·
2049 553 2087 611 Α
2121 564 2215 605 εει

1923 549 2010 602 3-3-
2049 553 2087 611 Α
2121 548 2332 605 scribit.
2363 548 2438 605 Ac
2483 550 2552 606 de
2597 546 2835 604 Eusebio
2872 545 3094 617 quidem
3132 546 3390 602 Emiseno
3430 544 3559 601 alibi
3605 560 3706 602 suo

436 641 653 698 σταθίου
684 642 917 713 γράφει·
946 640 1168 710 φάσκων
1187 639 1296 710 γὰρ
1320 639 1617 697 Εὑστάθιον
1644 642 1748 696 ὑπὸ
1780 644 1875 696 τοῦ
1906 642 2018 695 Κύ-

440 751 532 805 ρου
566 731 988 804 κατηγορεῖσθαι
1004 731 1078 797 ὡς
1106 731 1504 801 σαϐελλίζοντα,
1540 729 1694 797 αὖθις
1718 734 1812 788 τὸν
1837 734 2020 805 Κῦρον

438 826 529 880 ἐπὶ
555 826 666 887 τοῖς
708 824 893 887 αὐτοῖς
930 823 1126 878 ἁλόντα
1177 822 1523 898 καθῃρῆσθαι
1553 841 1685 896 φησι
1728 824 1875 897 (29)°
1929 828 2022 880 καὶ

441 917 558 981 πῶς
587 910 697 969 οἷόν
727 933 809 982 τε,
836 917 1019 986 Κῦρον
1039 918 1107 972 τά
1135 915 1424 971 Σαϐελλίου
1454 915 1755 989 φρονοῦντα
1783 934 2023 987 κατηγο-

446 1012 555 1081 ρεῖν
577 1008 901 1072 Εὐσταθίου,
930 1007 1006 1070 ὡς
1051 1008 1501 1076 Σαϐελλίζοντοςς
1534 1011 1751 1065 Ἔοικεν
1790 1006 1885 1064 οὖν
1932 1012 2026 1065 Εὐ-

445 1100 683 1165 στάθιον,
714 1099 783 1153 δι’
815 1101 1009 1173 ἑτέρας
1036 1101 1381 1173 καθῃρῆσθαι
1418 1103 1741 1174 προφάσεις.
1792 1103 1925 1156 Τότε
1970 1104 2027 1157 δὲ

445 1196 504 1250 ὲν
533 1197 599 1267 τῇ
648 1194 949 1265 Ἀντιοχείᾳ
977 1194 1123 1265 δεινὴ
1150 1195 1340 1260 στάσις
1387 1196 1479 1248 ἐπὶ
1517 1199 1582 1268 τῇ
1623 1197 1786 1251 αὐτοῦ
1847 1198 2029 1252 καθαι-

450 1286 594 1357 ρέσει
630 1286 944 1356 γεγένηται.
979 1288 1089 1340 Καὶ
1111 1286 1427 1355 μεταταῦτα
1462 1288 1723 1352 πολλάκις
1749 1288 1878 1360 περὶ
1909 1290 2031 1343 ἐπι-

447 1378 609 1449 λογῆς
640 1379 939 1433 ἐπισκόπου
957 1379 1212 1443 τοσοῦτος
1238 1376 1444 1451 ἐξήφθη
1481 1380 1709 1452 πυρσὸς,
1734 1380 1809 1445 ὼς
1831 1381 2028 1453 μικροῦ

448 1473 636 1543 δεῆσαι
663 1472 762 1546 τὴν
791 1474 971 1526 πᾶσαν
1007 1474 1384 1544 ἀνατραπῆναι
1437 1474 1610 1539 πόλιν,
1660 1476 1738 1538 εἰς
1767 1473 1861 1527 δύο
1893 1475 2031 1546 τμή-

454 1579 599 1635 ματα
622 1563 984 1634 διαιρεθέντος
1012 1561 1108 1617 τοῦ
1153 1562 1315 1616 λαοῦ’
1363 1563 1469 1617 τῶν
1517 1564 1615 1635 μὲν
1654 1562 1912 1618 Εὑσέδιον
1943 1563 2031 1617 τὸν

454 1656 761 1726 Παμφίλου,
807 1655 871 1708 ὲκ
894 1655 995 1726 τῆς
1024 1657 1081 1708 ὲν
1115 1655 1443 1728 Παλαιστίνῃ
1491 1656 1828 1729 Καισαρείας
1879 1673 2031 1726 μεταο

457 1747 644 1819 φέρειν
682 1747 1130 1817 φιλονεικούντων
1158 1747 1251 1800 ἐπὶ
1290 1748 1389 1818 τὴν
1428 1748 1754 1818 Ἀντιόχειαν
1775 1764 1789 1778 ο
1819 1747 1924 1801 τῶν
1956 1748 2031 1811 δὲ,

458 1839 791 1895 σπευδόντων
822 1842 1122 1909 ἐπαγαγεῖν
1156 1841 1468 1895 Εὐστάθιον.
1506 1840 1947 1912 Συνελαμόάνετο
1977 1841 2033 1895 δὲ

457 1933 701 2005 ἐκατέρῳ
732 1932 887 2004 μέρει
912 1933 1006 1987 καὶ
1037 1934 1097 1987 τὸ
1130 1934 1308 1987 κοινὸν
1330 1934 1429 2004 τῆς
1456 1934 1684 1998 πόλεως.
1716 1935 1826 1988 Καὶ
1870 1951 2034 2008 στρα-

455 2025 680 2097 τιωτικὴ
708 2027 850 2097 χεὶρ,
879 2027 954 2090 ὡς
999 2026 1140 2080 κατὰ
1179 2027 1454 2098 πολεμίων
1502 2026 1780 2098 κεκίνητο,
1820 2027 1897 2092 ὡς
1939 2028 2036 2082 καὶ

460 2116 626 2188 ξιφῶν
664 2118 877 2189 μέλλειν
899 2117 1186 2185 ἅπτεσθαι,
1226 2120 1274 2172 εί
1308 2119 1382 2190 μὴ
1402 2120 1431 2173 6
1451 2119 1584 2184 Θεός
1616 2137 1676 2174 τε
1711 2120 1802 2175 καὶ
1833 2122 1861 2174 6
1887 2118 2038 2192 παρὰ

458 2209 551 2262 τοῦ
585 2208 849 2279 βασιλέως
876 2210 1059 2279 φόϐος,
1090 2210 1188 2275 τὰς
1216 2210 1393 2282 ὁρμὰς
1417 2212 1511 2265 τοῦ
1542 2212 1778 2285 πλήθους
1806 2213 2039 2268 ἀνέστει-

460 2299 570 2357 λεν.
601 2301 658 2354 '0
677 2300 775 2371 μὲν
796 2301 906 2374 γὰρ
934 2300 1185 2372 βασιλεὺς
1203 2301 1582 2357 δι’ὲπιστολῶν
1609 2304 1676 2359 τά
1700 2304 2039 2377 γεγενημένα

462 2394 553 2448 καὶ
578 2393 675 2458 τὰς
697 2394 913 2458 στάσεις
942 2395 1284 2450 κατέπαυσεν
1307 2412 1320 2426 ·
1361 2395 1621 2462 Εὐσέϐιος
1668 2398 1725 2452 δὲ
1772 2416 2040 2472 παραιτη-

464 2485 695 2557 σάμενος
724 2485 856 2557 (30).
898 2481 1069 2557 Ἐφἰἷ)
1090 2488 1183 2541 καὶ
1212 2486 1496 2558 θαυμάσας
1517 2489 1679 2543 αὑτὸν
1710 2492 1738 2545 6
1765 2490 2038 2562 βασιλεὺς,

462 2580 662 2649 γράφει
690 2598 751 2633 τε
778 2580 929 2653 αὐτῷ
968 2580 1064 2635 καὶ
1087 2582 1189 2653 τὴν
1229 2581 1488 2653 πρόθεσιν
1519 2583 1685 2637 αὑτοῦ
1731 2585 2039 2651 ἐπαινέσας,

466 2676 735 2747 μακάριον
763 2676 1049 2741 ἀποκαλεῖ,
1085 2677 1247 2730 ὅτιού
1290 2678 1418 2747 μιᾶς
1452 2678 1681 2743 πόλεως,
1705 2678 1842 2734 ἀλλὰ
1865 2682 2043 2753 πάσης

464 2768 654 2838 σχεδὸν
680 2770 778 2841 τῆς
803 2769 1123 2841 οἰκουμένης
1155 2770 1449 2835 ἐπίσκοπος
1491 2771 1639 2838 ἄξιος
1664 2768 1802 2827 εἶναι
1827 2774 2041 2848 ἐκρίθη.

478 2861 710 2931 Ἐφεξῆς
740 2859 835 2916 οὖν
860 2864 951 2916 ἐπὶ
981 2862 1074 2933 ἐτη
1098 2862 1243 2917 ὀκτὼ
1265 2865 1377 2935 (3|)
1402 2864 1619 2935 λέγεται
1643 2866 1733 2921 τόν
1755 2868 1813 2921 ὲν
1850 2870 2047 2923 Ἀντιο-

467 2953 591 3026 xei;
624 2953 810 3026 θρόνον
831 2958 929 3025 τῆς
969 2955 1293 3022 Ἐκκλησίας
1329 2958 1604 3028 σχολάσαι.
1660 2959 1787 3028 Ὀψὲ
1829 2960 1887 3014 δέ
1918 2979 2047 3016 ποτε

468 3048 671 3120 σπουδῇ
693 3048 801 3102 τῶν
834 3049 933 3122 τὴν
964 3052 1021 3103 ἐν
1044 3050 1091 3103 Ν
1098 3051 1249 3121 ικαία
1270 3051 1454 3105 πίστιν
1477 3053 1853 3125 παρατρέπειν
1878 3072 2040 3108 σπου-

468 3140 756 3205 δαζόντων,
781 3146 1162 3213 χειροτονεῖται
1187 3145 1483 3217 Εὐφρόνιος
1509 3144 1641 3212 (5i).
1674 3146 1920 3201 Τοσαῦτα
1950 3149 2049 3221 μὲν

2120 642 2243 697 loco
2263 642 2463 698 dicturi
2487 657 2695 696 sumus.
2725 640 2996 712 Georgius
3033 654 3169 695 vero
3213 638 3282 694 de
3309 638 3603 694 Eustathio
3643 654 3709 692 ea

2121 733 2336 799 scribit,
2368 747 2490 803 quae
2512 747 2706 803 parum
2734 732 2877 786 inter
2901 747 2959 787 se
2982 730 3279 786 cohaerent.
3296 729 3434 785 Nam
3458 744 3581 784 cum
3620 728 3709 784 di-

2123 833 2212 881 cat
2235 825 2607 888 Eustathium,
2640 832 2897 894 tanquam
2924 823 3222 879 Sabelliani
3241 821 3512 894 dogmatis
3534 837 3713 876 asser-

2125 926 2322 983 torem,
2349 934 2379 972 a
2402 916 2542 989 Cyro
2564 923 2881 971 accusatum
2907 913 3097 981 fuisse,
3128 928 3325 968 rursus
3342 911 3544 984 Cyrum
3569 912 3712 983 ejus-

2124 1012 2249 1067 dem
2275 1011 2485 1066 erroris
2527 1010 2839 1065 convictum
2887 1023 2951 1062 ac
2997 1006 3308 1079 depositum
3352 1021 3476 1061 esse
3521 1004 3708 1059 tradit.

2128 1104 2237 1175 59
2257 1103 2362 1159 Sed
2388 1119 2499 1174 quo
2520 1103 2740 1158 tandem
2767 1100 2933 1158 modo
2957 1100 3075 1155 ﬁeri
3102 1099 3284 1172 potuit
3305 1097 3581 1170 ut'Cyrus,
3612 1094 3711 1151 Sa-

2128 1195 2369 1252 belliano
2392 1194 2632 1266 dogmati
2657 1194 2931 1261 addictus,
2957 1193 3305 1248 Eustathium
3331 1200 3587 1261 tanquam
3613 1188 3712 1244 Sa-

2130 1288 2428 1343 bellianum
2451 1287 2506 1341 in
2528 1285 2797 1358 judicium
2811 1292 3036 1341 vocaret
3050 1284 3073 1338 ?
3088 1282 3357 1349 Quocirca
3392 1280 3717 1337 Eustathius

2131 1380 2266 1436 alias
2287 1379 2357 1434 ob
2380 1394 2573 1435 causas
2607 1378 2829 1435 videtur
2853 1378 3021 1435 fuisse
3057 1377 3361 1448 depositus.
3386 1376 3560 1431 Porro
3587 1380 3719 1427 tunc

2134 1473 2397 1544 temporis
2411 1472 2715 1528 Antiochiae
2737 1471 2931 1543 ingens
2956 1469 3156 1525 seditio
3178 1474 3369 1525 exorta
3392 1475 3477 1522 est
3498 1466 3553 1521 in
3569 1465 3719 1520 illius

2133 1565 2503 1636 depositione.
2527 1565 2634 1620 Sed
2655 1572 2713 1619 et
2733 1570 2922 1636 postea
2946 1577 3071 1618 cum
3097 1561 3164 1617 de
3188 1561 3445 1632 episcopo
3466 1556 3720 1631 eligendo

2134 1667 2410 1733 ageretur,
2437 1664 2587 1714 tanta
2615 1656 2830 1713 ﬂamma
2876 1655 3242 1713 dissensionis
3291 1654 3517 1718 exarsit,
3543 1659 3605 1707 ut
3626 1665 3722 1722 pa-

2135 1771 2259 1810 rum
2281 1753 2522 1809 abfuerit
2546 1751 2678 1823 quin
2706 1760 2819 1807 tota
2846 1750 3040 1807 civitas
3063 1749 3315 1807 funditus
3355 1754 3719 1809 everteretur,

2137 1848 2339 1920 populo
2383 1847 2522 1902 duas
2545 1846 2616 1916 ;in
2656 1852 2842 1917 partes
2867 1843 3080 1911 diviso;
3107 1851 3164 1899 et
3199 1843 3286 1897 his
3306 1839 3529 1913 quidem
3554 1838 3727 1893 Euse-

2136 1944 2287 2000 bium
2331 1941 2603 2013 Pamphili
2666 1956 2698 1995 a
2743 1939 2990 1995 Caesarea
3032 1937 3319 1994 Palestina}
3374 1930 3721 1989 Antiochiam

2137 2036 2473 2102 transferre,
2503 2035 2614 2090 illis
2660 2048 2794 2089 vero
2838 2030 3188 2088 Eustathium
3234 2028 3292 2083 in
3337 2026 3524 2083 sedem
3563 2036 3723 2079 suam

2136 2131 2431 2188 restituere
2467 2125 2949 2185 contendentibus.
2974 2123 3207 2194 Utrique
3246 2130 3429 2177 autem
3458 2116 3729 2174 Christia-

2138 2240 2335 2281 norum
2359 2223 2504 2295 parti
2529 2230 2641 2277 tota
2664 2221 2861 2277 civitas
2882 2233 3004 2274 sese
3027 2216 3296 2289 adjunxit.
3333 2213 3538 2269 Milites
3584 2223 3725 2281 quo-

2138 2335 2269 2391 que,
2296 2318 2449 2374 velut
2473 2323 2666 2372 contra
2707 2314 2917 2379 hostes,
2944 2310 3204 2382 utrinque
3247 2308 3305 2363 in
3342 2307 3457 2363 acie
3501 2314 3725 2365 stetere,

2139 2419 2476 2482 ventumque
2500 2403 2645 2465 esse!
2668 2406 2733 2463 ad
2752 2405 2984 2478 gladios,
3003 2402 3112 2458 nisi
3133 2403 3279 2458 Deus
3300 2407 3356 2455 et
3378 2395 3731 2469 imperatoris

2141 2514 2342 2571 metus,
2368 2503 2544 2577 plebis
2572 2502 2838 2573 impetum
2865 2497 3243 2571 repressisset.
3268 2494 3405 2552 Nam
3430 2494 3732 2565 imperator

2142 2600 2367 2672 quidem
2415 2596 2616 2652 litteris
2655 2594 2806 2660 suis,
2854 2591 3129 2649 Eusebius
3171 2604 3307 2645 vero
3355 2587 3732 2659 episcopatum

2145 2690 2471 2756 recusando,
2500 2688 2798 2745 tumultum
2842 2686 2999 2741 illum
3025 2701 3089 2741 ac
3128 2682 3453 2740 seditionem
3498 2678 3728 2763 sedavit.

2146 2786 2265 2855 Quo
2289 2786 2443 2841 illum
2482 2784 2705 2839 nomine
2754 2781 3055 2852 imperator
3100 2790 3431 2850 magnopere
3476 2771 3731 2837 miratus,

2147 2879 2369 2950 scripsit
2414 2875 2480 2932 ad
2504 2890 2629 2932 eum
2672 2874 2911 2939 litteras,
2941 2872 2999 2927 in
3034 2870 3241 2943 quibus
3283 2866 3577 2925 consilium
3614 2864 3734 2936 ejus

2147 2971 2355 3036 laudat,
2379 2977 2435 3025 et
2458 2967 2672 3024 felicem
2695 2981 2823 3022 eum
2866 2964 3152 3037 praedicat,
3178 2963 3273 3035 qui
3298 2978 3410 3019 non
3449 2960 3616 3016 unius
3659 2957 3739 3014 ei-

2147 3067 2354 3131 vitatis,
2381 3064 2477 3120 sed
2502 3064 2670 3120 totius
2695 3063 2808 3119 fere
2832 3062 2986 3119 orbis
3011 3063 3331 3134 episcopatu
3373 3061 3570 3131 dignus
3591 3064 3738 3113 esset

2146 3159 2447 3234 judicatus.
2495 3157 2666 3229 Igitur
2717 3155 3058 3212 Antiochena
3104 3155 3265 3211 sedes
3308 3161 3432 3209 octo
3477 3150 3738 3220 deinceps

472 3234 600 3307 περὶ
621 3238 718 3306 τῆς
740 3236 959 3289 συνόδου
985 3236 1012 3307 ἢ
1043 3239 1183 3291 κατὰ
1224 3239 1321 3310 τὴν
1369 3238 1698 3311 ’Λντιόχειαν
1741 3241 1809 3295 δι’
1842 3242 2050 3297 Εὑστά-
2077 3265 2119 3323 C
2153 3269 2254 3308 con

1950 3243 2119 3323 τάμε
2153 3253 2447 3308 continuos
2505 3264 2678 3305 annos
2737 3264 2959 3305 vacasse
3017 3248 3241 3304 dicitu‘.
3296 3246 3432 3302 Sero
3486 3242 3733 3309 tandem,

473 3326 587 3382 θεον
607 3328 854 3396 γέγονεν,
881 3330 1217 3401 ἱστορείσθω.
1249 3330 1577 3386 Μεταταῢτα
1606 3332 1662 3386 δὲ
1704 3333 1865 3399 εὐθὺς
1903 3337 1997 3390 καὶ
2027 3340 2055 3391 6

472 3418 571 3489 τὴν
602 3419 849 3491 Βηρυτὸν
880 3420 979 3491 μὲν
1006 3421 1170 3477 πάλαι
1199 3423 1511 3478 καταλιπὼν
1542 3425 1823 3493 Εὑσέὸιος,
1851 3429 1969 3483 τότε
1997 3429 2053 3483 δὲ

474 3510 573 3579 τῆς
627 3512 685 3565 ἐν
730 3512 1068 3583 Νικομηδείᾳ
1124 3515 1340 3585 κρατῶν
1404 3514 1752 3586 Ἐκκλησίας,
1819 3519 2055 3591 σπουδὴν

476 3601 627 3656 ἔθετο
658 3605 754 3657 σὺν
782 3607 892 3666 τοῖς
936 3605 1073 3675 ἀμφ’
1118 3607 1299 3675 αὑτὸν,
1350 3609 1568 3681 Ἀρειον
1615 3614 1947 3681 καταγαγεῖν
1973 3614 2055 3679 είς

477 3698 580 3768 τὴν
618 3698 1046 3772 Ἀλεξάνδρειαν.
1079 3701 1203 3765 Πῶς
1232 3701 1289 3754 δὲ
1322 3701 1612 3775 ἐξίσχυσαν
1659 3704 1820 3758 τοῦτο
1858 3722 2054 3780 κατερ-

480 3791 771 3859 γάσασθαι,
798 3793 892 3846 καὶ
918 3794 1034 3858 πῶς
1062 3795 1286 3867 ἐπείσθη
1314 3796 1341 3848 6
1370 3795 1621 3867 βασιλεὺς
1658 3798 1738 3862 είς
1768 3785 2054 3871 πρόσωπον

480 3883 732 3949 δέξασθαι
762 3888 979 3957 ’Λρειον
1003 3888 1207 3943 καὶτὸν
1242 3891 1337 3945 σὺν
1359 3888 1508 3962 αὐτῷ
1539 3889 1796 3958 Εὑςώῖον,
1839 3892 1940 3966 ἤδη
1974 3892 2059 3949 λε-

484 3977 661 4035 κτέον.

2156 3360 2324 3416 opera
2349 3358 2413 3398 ac
2439 3342 2621 3398 studio
2647 3357 2841 3398 eorum
2882 3341 2977 3413 qui
3005 3342 3282 3398 Nicaanam
3318 3340 3481 3395 ﬁdem
3513 3338 3738 3394 convel-

2154 3431 2270 3488 lere
2314 3431 2656 3497 nitebantur,
2712 3430 3005 3501 episcopus
3048 3431 3334 3486 ordinatus
3367 3438 3451 3487 est
3485 3427 3739 3500 Euphro-

2156 3524 2303 3580 nius.
2340 3523 2517 3595 Atque
2555 3523 2672 3579 haec
2710 3523 2854 3579 dicta
2884 3532 2996 3579 sint
3037 3523 3105 3580 de
3145 3524 3380 3580 concilio
3418 3520 3565 3594 quod
3610 3535 3739 3591 pro-

2155 3626 2278 3691 pter
2298 3616 2644 3673 Eustathium
2674 3616 2977 3674 Antiochiae
3004 3625 3390 3689 congregatum
3419 3622 3522 3672 est.
3546 3612 3741 3669 Statim

2158 3717 2285 3783 post
2323 3709 2443 3765 haec
2484 3709 2760 3765 Eusebius
2806 3710 2899 3781 qui
2943 3710 3268 3781 jampridem
3316 3708 3573 3779 Berytum
3616 3704 3742 3760 reli-

2160 3811 2376 3874 querat,
2409 3809 2539 3858 tunc
2562 3818 2693 3857 vero
2726 3805 2988 3875 temporis
3012 3783 3486 3859 Nicomediensem
3519 3800 3747 3870 regebat

2162 3898 2486 3959 Ecclesiam,
2517 3912 2623 3951 una
2658 3912 2783 3952 cum
2814 3898 3123 3969 gregalibus
3144 3898 3258 3953 suis
3287 3894 3437 3952 omni
3472 3892 3654 3950 studio
3686 3897 3740 3944 in

2166 3991 2221 4048 id
2250 3990 2500 4047 incubuit
2525 3996 2585 4047 ut
2616 3990 2808 4047 Arium
2844 3990 3223 4048 Alexandriam
3252 3988 3563 4046 reduceret.
3592 3982 3741 4052 Quo-

1688 4188 1960 4247 VALESll
1998 4189 2548 4248 ANNOTATIONES.

563 4361 1023 4437 (29)“Kﬁpor‘éxl
1046 4361 1171 4437 τρῖς
1204 4362 1407 4437 αὐτοῖς
1439 4364 1666 4437 ἁλόντα
1692 4366 2067 4437 καθῃρῆσθαι

494 4430 866 4509 mamma;
890 4430 1063 4509 C_y_r_us
1079 4432 1389 4509 Bermensis
1404 4436 1694 4509 episcopus
1716 4430 2065 4493 Eustathium

494 4502 750 4585 tanquam
778 4502 1001 4585 sanum
1025 4503 1263 4585 dogmati
1284 4502 1718 4585 patro-cinantem
1769 4524 2068 4585 accusave-

2246 4369 2358 4441 (5|)
2396 4368 2528 4423 Ἐπὶ
2548 4366 2845 4447 ἔτηῃόκτῴ.
2866 4366 3085 4447 Falsum
3118 4376 3208 4447 est
3234 4365 3379 4447 quod
3415 4362 3505 4447 hic
3532 4361 3609 4447 ait
3637 4360 3734 4415 So.

2174 4432 2372 4505 crates,
2408 4447 2532 4510 post
2559 4432 2956 4495 abdicationem
2982 4432 3295 4510 Eustathii,
3345 4432 3739 4510 Antiochenam

2173 4511 2361 4567 sedem
2393 4504 2519 4565 octo
2545 4526 2814 4565 annorum
2855 4509 3031 4579 spatio
3073 4521 3301 4579 vacuam
3325 4504 3751 4579 permansisse.»

498 4572 711 4653 riu—ut“
725 4573 919 4653 scribit
948 4572 1219 4653 Georgius
1242 4572 1916 4653 Laodicenus,‘equidem
1966 4596 2067 4635 ne-
2102 4598 2144 4653 ι)
2172 4582 2390 4637 Etenim
2421 4582 2581 4653 pulso
2614 4572 2927 4653 Eustathio,
2978 4595 3103 4653 cu_m
3137 4572 3411 4653 Eusebius
3440 4575 3741 4653 Caesariem

498 4649 630 4721 seio.
673 4643 829 4721 Quod
874 4660 1007 4699 vero
1032 4643 1222 4700 scribit
1274 4645 1575 4721 Georgius,
1606 4643 1808 4721 Cyr'um
1882 4660 2069 4721 postea

498 4716 807 4788 depositum
829 4730 974 4782 esse,
997 4725 1288 4788 propterea
1309 4716 1456 4787 quod
1491 4716 1729 4775 Sabellio
1754 4716 1980 4785 faveret,
2017 4721 2071 4775 id

499 4785 605 4852 est,
616 4796 908 4858 propterea
932 4785 1077 4856 quod
1101 4785 1406 4842 doctrinam
1428 4791 1916 4847 consubstantialis
1952 4799 2074 4847 tne—

502 4857 657 4932 retur
685 4857 785 4932 (sic
806 4858 952 4912 enim
982 4858 1101 4932 hinc
1131 4858 1479 4932 intelligenda
1514 4860 1685 4932 sunt):
1732 4861 1785 4916 id
1828 4862 2074 4932 profecto

502 4930 854 4983 verissimum
908 4935 1009 4983 est.
1046 4928 1104 4982 ld
1158 4928 1584 4985 enim’testatur
1637 4928 1969 4989 Athanasius
2017 4934 2073 4987 in

504 5000 746 5073 Epistula
778 4998 847 5054 ad
878 4999 1177 5073 solitariam
1215 5002 1383 5054 vitam
1438 5012 1700 5073 agentes:
1749 5003 1843 5057 ubi
1884 5019 2077 5059 omnes

504 5068 793 5145 episcopos
823 5068 1017 5145 ordine
1050 5079 1318 5134 recenset,
1350 5073 1444 5145 qui
1476 5068 1558 5145 ab
1588 5072 1809 5145 Arianis
1860 5074 2073 5145 expulsi

506 5087 793 5140 episcopos
823 5087 1017 5123 orame
1050 5087 1318 5134 recenset,
1350 5087 1444 5196 qui
1489 5087 1558 5126 an
1588 5087 1809 5129 ariams
1860 5087 2073 5145 expulsi

506 5140 1327 5213 suntCons_tantino_regnante.
1401 5143 1636 5213 cprimo
1666 5144 1889 5213 quidem
1952 5145 2075 5199 loco

507 5212 752 5267 nominat
782 5210 1127 5265 Eustathium
1162 5210 1583 5279 Antiochen'um,
1631 5210 1829 5270 deinde
1875 5215 2075 5269 Eutro-

508 5284 659 5355 pium
693 5281 1463 5355 Ad_rianopol_itanum,postea
1492 5300 1628 5340 vero
1649 5285 2076 5355 Euphrationem

570 5352 988 5427 Balancis_,_duos
1002 5351 1294 5425 Cymatios,
1320 5353 1605 5425 Asclepam
1629 5351 2075 5427 Gazie,etCyrum

510 5425 734 5497 Ilerdae,
766 5423 1504 5497 aliosquecommemorat,
1575 5426 1670 5496 qui
1727 5423 2079 5497 imperatoris

510 5495 689 5565 edicto
703 5494 925 5565 relegati
959 5494 1086 5557 sint,
1107 5495 1229 5565 aliis
1252 5496 1304 5550 in
1338 5510 1528 5550 eorum
1550 5494 1730 5552 locum
1747 5494 2073 5553 su'bstitulis.

586 5564 696 5635 (50)
730 5564 1028 5639 Εὐσέϐιος
1060 5564 1128 5618 δὲ
1166 5566 1703 5639 παραιτησάμενος.
1741 5569 1915 5639 Hujus
1969 5569 2075 5623 loci

513 5634 822 5715 sensushic
845 5642 966 5690 est:
1002 5635 1303 5715 imperator
1342 5634 1577 5715 quidem
1609 5634 1709 5710 per
1758 5634 1965 5695 litteras
2011 5641 2076 5695 ad

515 5706 885 5785 Antiochenos
916 5707 1166 5776 scriptas,
1196 5708 1465 5785 Eusebius
1491 5706 1646 5785 Δγεεί)
1701 5727 1799 5785 per
1853 5728 2077 5766 recusa-

518 5777 719 5830 tionem
776 5778 1121 5847 episcopatus
1183 5777 1529 5845 Antiocheni,
1580 5777 1871 5836 tumultum
1926 5784 2076 5836 illum

517 5849 862 5971 compressit.
897 5846 1270 5928 supplendum
1298 5861 1379 5904 est
1408 5852 1573 5921 igitur
1620 5852 1725 5905 ἀπὸ
1776 5852 1974 5917 κοινοῦ,
2025 5854 2074 5908 ἰαί

519 5932 647 5971 quor
699 5928 1000 5971 nnecessu.
1036 5920 1130 5971 τὰς
1157 5921 1369 5971 στάσεις
1402 5922 1758 5971 κατέπαυσεν.

519 5920 661 5988 quod
699 5920 1000 5990 prtccessit,
1036 5920 1130 5981 τὰς
1157 5921 1369 5987 στάσεις
1402 5920 1758 5977 κατέπαυσεν.

2172 4653 2247 4707 sis
2274 4668 2392 4707 eam
2416 4644 2600 4707 sedem
2619 4651 3000 4713 recusavisset,
3034 4648 3296 4705 Paulinus
3312 4644 3743 4717 epise0pus'l‘yri

2172 4723 2235 4777 ad
2271 4739 2391 4777 eam
2424 4723 2609 4777 sedem
2644 4723 2938 4777 translatus
2983 4729 3065 4776 est
3095 4736 3239 4774 anno
3288 4716 3492 4773 Christi
3525 4716 3647 4778 529,
3686 4725 3746 4769 ut

2172 4795 2355 4848 notavi
2399 4793 2463 4849 ad
2506 4793 2708 4847 librum
2755 4793 3031 4846 decimum
3076 4790 3331 4845 Historiae
3358 4787 3744 4843 ecclesiastica:

2174 4864 2417 4920 Eusebii.
2440 4863 2671 4919 Paulino
2697 4863 2895 4919 deinde
2921 4862 3183 4917 successit
3204 4859 3577 4930 Euphronius,
3606 4859 3756 4930 sive,

2175 4942 2237 4988 ut
2276 4936 2368 4990 alii
2397 4936 2607 4997 volunt,
2644 4934 2909 4989 Eulalius.
2938 4934 3069 4988 Post
3113 4927 3609 5001 quem—Flaccillus
3671 4927 3737 5001 ad

2174 5006 2550 5076 episcopatum
2571 5005 2972 5059 Antiochenum
2995 4998 3279 5076 promotus
3300 4998 3744 5076 _est,_qulisynodo

2224 5068 2402 5148 yrensi
2426 5076 2696 5148 interfuit,
2714 5084 2776 5148 ut
2804 5068 3032 5148 testatur
3055 5072 3385 5129 Athanasius
3405 5068 3462 5126 in
3483 5068 3743 5141 Apologia

2180 5144 2419 5202 secunda
2451 5146 2718 5201 adversus
2745 5144 2996 5200 Arianos.

2250 5218 2359 5289 (52)
2388 5217 2809 5289 Χειροτονεῖται
2863 5217 3214 5289 {insvper-Ioc.
3246 5214 3396 5269 ldem
3422 5212 3616 5289 scribit
3649 5210 3749 5265 So-

2178 5283 2522 5351 zonienus,et
2541 5288 2866 5343 Theodorus
2882 5283 3301 5358 Mepsuestenus
3320 5284 3463 5358 apud
3484 5283 3742 5358 Nicaeum

2178 5358 2235 5413 in
2265 5360 2548 5415 Thesauro
2573 5358 2892 5414 orthodoxa}
2918 5352 3063 5413 ﬁdei.
3105 5356 3212 5412 Sed
3235 5364 3291 5411 et
3316 5352 3582 5425 Georgius
3608 5352 3747 5406 Lao-

2179 5430 2408 5485 dieenus
2434 5430 2489 5484 in
2515 5427 3296 5486 EncomioEusebiiEmisseni
3323 5425 3376 5481 id
3404 5426 3584 5495 ipsum
3609 5438 3743 5495 con-

2179 5499 2375 5555 ﬁrmat.
2406 5501 2537 5572 Ejus
2563 5501 2730 5572 verba
2763 5498 2932 5572 refert
2964 5493 3453 5572 Socratesjnlibro
3478 5493 3741 5572 secundo,

2180 5573 2357 5642 capite
2381 5566 2562 5628 nono:
2594 5567 2727 5625 Εἶτα
2759 5567 2916 5642 αὖθις
2948 5570 3039 5624 τὸν
3064 5569 3325 5642 Εὑσέὸέιν
3359 5568 3596 5642 συ-νείναι
3642 5566 3745 5617 Εὐ-

2181 5637 2382 5712 φρονίῳ
2414 5642 2491 5712 τῷ
2515 5640 2875 5712 διαδεξαμένη)
2908 5641 3219 5694 Εὑστάθιον.
3246 5637 3613 5712 Theodorilus
3632 5644 3743 5712 _ta-

2182 5706 2303 5769 nien
2328 5706 2383 5767 in
2410 5706 2548 5769 libro
2580 5706 2756 5784 primo
2802 5706 3072 5777 Historiae,
3105 5712 3281 5781 capite
3323 5709 3597 5784 _22,_inter_
3631 5706 3743 5760 Eu-

2182 5784 2453 5856 stathium
2504 5777 2994 5853 (it-Euphronium
3065 5777 3363 5856 interponit
3387 5852 3398 5856 _
3426 5777 3741 5856 Eulalium,

2181 5871 2415 5924 eumque
2444 5855 2593 5909 brevi
2618 5851 2907 5909 admodum
2939 5863 3181 5923 tempore
3211 5851 3493 5921 praefuisse
3529 5851 3741 5908 scribit.

2181 5928 2315 5979 (Tum
2350 5925 2683 5983 Thcodorito
2715 5927 2984 5982 consentit
3009 5925 3425 5995 Pbilostorgius.
