4514 6578
676 413 679 415 ’
772 446 876 502 ιιι-ι

2234 446 2573 505 SOCRATIS

3940 448 4047 506 148

766 576 893 619 nam
914 568 1094 616 autem
1130 561 1291 617 modo
1325 561 1380 617 id
1418 563 1497 619 illi
1541 564 1896 636 perfecerint,
1935 571 1992 620 et
2052 578 2160 634 qua
2201 565 2413 620 ratione
2453 567 2773 638 imperatori
2815 572 3192 642 persuaserint
3238 578 3299 625 ut
3363 568 3552 625 Arium
3589 576 3647 626 et
3684 566 3950 624 Euzoium
3987 566 4045 624 in

766 667 1121 727 conspectum
1155 674 1316 713 suum
1360 662 1548 718 venire
1585 672 1888 733 pateretur,
1935 676 2085 717 nunc
2133 670 2349 732 tempus
2386 670 2471 718 cst
2497 679 2954 723 commemorare.

1309 778 1421 850 eo
1455 777 1607 835 CAP.
1649 780 1814 837 xxv.

3043 790 3293 843 ΚΕΦΑΛ.
3345 788 3474 842 KE'.

838 865 921 921 De
962 868 1285 941 presbytero,
1327 872 1417 941 qui
1479 888 1697 943 cperam
1744 873 1956 928 novavit
2012 881 2072 928 ut
2126 872 2287 929 Arius
2386 858 2434 916 Α
2462 878 2605 948 Περὶ

2265 889 2287 927 8
2386 858 2434 916 Α
2462 878 2605 948 Περὶ
2626 878 2732 934 τοῦ
2765 880 3198 949 πρεσϐυτέρου,
3252 880 3361 933 τοῦ
3390 877 3858 942 σπουδάσαντος
3905 876 4048 931 ἀνα-

1388 952 1743 997 revocaretur.

844 1027 1244 1087 Constantinus
1280 1032 1413 1104 imp.
1442 1050 1690 1089 sororem
1718 1036 1932 1101 habuit,
1964 1037 2187 1091 nomine
2217 1033 2361 1091 Con-

773 1122 1053 1179 stantiam.
1077 1124 1257 1196 Nupta
1285 1126 1402 1182 haac
1433 1129 1567 1182 olim
1592 1128 1771 1184 fuerat
1807 1128 2046 1194 Licinio,
2076 1129 2172 1198 qui
2206 1127 2362 1199 prius

774 1215 998 1285 quidem
1037 1234 1147 1273 una
1173 1234 1301 1274 cum
1326 1218 1687 1276 Constantino
1712 1221 2081 1291 imperaverat
2111 1258 2128 1284 ,
2168 1228 2362 1291 postea

775 1324 910 1363 vero
939 1308 1008 1364 ad
1051 1312 1398 1382 tyrannidem
1424 1314 1733 1385 prolapsus,
1762 1330 1884 1371 eam
1915 1314 1988 1369 ob
2016 1328 2240 1370 causam
2281 1313 2365 1367 in-

777 1401 1042 1458 terfectus
1064 1411 1171 1459 est.
1203 1404 1346 1459 Huic
1369 1404 1657 1460 familiaris
1680 1413 1799 1461 erat
1819 1406 2108 1477 presbyter
2137 1404 2364 1475 quidam

776 1492 996 1549 Arianm
1023 1493 1212 1550 favens
1251 1502 1447 1563 sectae;
1491 1497 1739 1567 adeoque
1767 1497 1913 1551 inter
1939 1497 2060 1567 ejus
2097 1495 2364 1551 domesti-

779 1599 877 1639 cos
916 1585 1267 1640 censebatur’.
1312 1587 1420 1641 lste
1455 1586 1624 1657 igitur
1655 1587 1725 1642 ab
1770 1587 2013 1643 Eusebio
2040 1595 2098 1642 et
2136 1586 2367 1657 reliquis

779 1676 1029 1746 ejusdem
1072 1676 1326 1732 factionis
1380 1678 1669 1747 impulsus,
1720 1679 1776 1734 in
1818 1677 2184 1733 familiaribus
2238 1693 2365 1733 cum

779 1766 1098 1823 Constantia
1119 1768 1430 1838 colloquiis,
1450 1784 1761 1825 sermonem
1782 1768 2105 1824 interseruit
2120 1768 2189 1824 de
2204 1769 2364 1835 Ario;

781 1858 938 1912 illum
967 1858 1171 1929 injuria
1201 1859 1459 1914 allectum
1483 1876 1604 1916 esse
1624 1861 1817 1917 dicens
1844 1876 1877 1915 a
1908 1860 2139 1932 synodo,
2171 1875 2276 1915 nec
2295 1861 2371 1916 ita

782 1950 992 2005 sentire
1032 1959 1095 2004 ut
1140 1967 1362 2007 rumore
1403 1952 1551 2022 vulgi
1600 1951 1899 2008 ferebatur.
1941 1951 2074 2019 Quae
2112 1965 2236 2006 cum
2266 1968 2367 2007 au-

781 2041 956 2095 disset
978 2041 1317 2107 Constantia,
1349 2044 1676 2114 presbytero
1725 2045 1952 2115 quidem
1985 2046 2145 2103 facile
2185 2047 2368 2103 credi-

782 2134 901 2187 dit:
927 2134 1023 2189 sed
1056 2135 1373 2205 imperatori
1400 2136 1587 2192 dicere
1616 2137 1845 2194 minime
1876 2155 2008 2194 ausa
2027 2148 2132 2196 est.
2158 2140 2372 2196 Accidit

785 2227 994 2283 interea
1021 2236 1081 2282 ut
1100 2228 1420 2285 Constantia
1447 2231 1503 2284 in
1533 2246 1755 2302 gravem
1791 2234 2045 2289 morbum
2078 2234 2363 2290 incideret.

784 2321 918 2378 Eam
951 2322 1248 2392 imperator
1273 2330 1629 2395 aegrotantem
1655 2324 1875 2381 assidue
1913 2326 2202 2383 invisebat.
2231 2327 2369 2383 Cum

784 2423 967 2468 autem
1032 2416 1258 2469 morbus
1311 2416 1557 2486 quotidie
1600 2416 2032 2487 ingravesceret,
2079 2426 2137 2474 et
2169 2419 2370 2474 mulier

786 2512 1020 2559 mortem
1071 2506 1182 2575 jam
1244 2514 1607 2577 exspectaret,
1654 2507 1977 2579 imperatori
2022 2509 2373 2566 commendat

784 2594 1190 2665 presbyterum,
1226 2595 1551 2651 industriam
1581 2598 1701 2668 ejus
1736 2614 1801 2654 ac
1834 2598 2177 2670 religionem,
2202 2599 2371 2655 devo-

787 2692 1006 2755 tamque
1032 2685 1297 2755 principis
1331 2687 1597 2756 obsequio
1630 2687 1792 2744 ﬁdem
1831 2705 1896 2744 ac
1929 2689 2374 2745 benevolentiam

786 2777 1110 2833 testimonio
1173 2791 1274 2832 suo
1331 2778 1680 2834 confirmans.
1728 2780 1797 2835 Et
1840 2780 1929 2835 illa
1977 2781 2202 2851 quidem
2264 2796 2375 2835 non

787 2871 963 2925 multo
996 2878 1119 2941 post
1142 2870 1253 2925 fato
1280 2869 1469 2925 functa
1498 2878 1602 2926 est.
1642 2872 1939 2943 Presbyter
1958 2888 2091 2926 vero
2118 2873 2263 2927 inter
2291 2872 2374 2926 fa-

786 2962 1187 3019 miliarissimos
1237 2962 1587 3033 imperatoris
1632 2963 1895 3034 deinceps
1949 2964 2141 3019 haberi
2187 2964 2373 3035 erepit.

787 3056 892 3121 Qui
920 3056 1177 3125 paulatim
1203 3057 1463 3127 majorem
1482 3063 1677 3111 nactus
1693 3055 2100 3121 auctoritatem,
2122 3056 2377 3111 eumdem

789 3148 859 3201 de
886 3147 1017 3202 Ario
1048 3163 1357 3202 sermonem
1386 3148 1626 3218 suggerit
1657 3147 1998 3217 imperatori,
2030 3163 2193 3218 quem
2219 3153 2379 3203 antea

790 3256 917 3293 eum
960 3255 1147 3295 sorore
1200 3240 1322 3310 ejus
1367 3240 1659 3303 habuerat,
1703 3239 1895 3294 Arium
1944 3239 2220 3295 aﬂirmans
2267 3256 2379 3295 non

790 3331 939 3386 aliud
974 3331 1181 3385 sentire
1207 3347 1369 3399 quam
1393 3331 1541 3401 quod
1566 3347 1597 3384 a
1615 3332 1825 3401 synodo
1848 3332 2133 3387 decretum
2150 3331 2377 3397 fuisset;

792 3429 850 3475 et
874 3423 917 3476 si
952 3423 1007 3475 in
1034 3430 1390 3492 conspectum
1418 3422 1592 3493 ipsius
1622 3422 2032 3487 admitteretur,
2063 3423 2257 3494 synodi
2288 3423 2383 3478 de-

2931 949 3234 1019 κληθῆναι
3294 952 3540 1017 Ἀρειον.

2530 1038 2642 1097 Ἦν
2679 1042 2881 1115 ἀδελφὴ
2931 1042 3009 1114 τῷ
3064 1043 3274 1114 βασιλεῖ
3327 1040 3754 1110 Κωνσταντίνῳ,
3812 1038 4050 1109 τοῦνομα

2462 1134 2836 1189 Κωνσταντία.
2878 1132 3019 1205 Γυνὴ
3044 1134 3101 1187 δὲ
3134 1135 3374 1203 ἐγεγόνει
3398 1131 3692 1197 Λικιννίου,
3726 1129 3822 1183 τοῦ
3851 1130 4049 1200 πρότεοο

2466 1243 2556 1298 ρον
2586 1227 2684 1298 μὲν
2707 1224 3240 1298 συμϐασιλεύσαντος
3263 1224 3412 1296 αύτῷ
3432 1222 3847 1293 Κωνσταντίνῳ,
3880 1238 4045 1291 μετα-

2460 1317 2633 1371 ταῠτα
2661 1316 2719 1370 δὲ
2743 1318 3202 1388 τυραννήσαντος,
3252 1315 3346 1370 καὶ
3382 1312 3627 1368 διατοῦτο
3648 1312 4046 1382 ἀναιρεθέντος.

2465 1406 2652 1481 Ταύτῃ
2680 1407 3054 1480 πρεσϐύτερός
3085 1424 3170 1471 τις
3208 1405 3288 1476 τῷ
3331 1404 3622 1478 Ἀρειανῶν
3655 1404 4051 1475 προσκείμενος

2464 1494 2716 1566 δόγματι,
2750 1495 3025 1566 γνώριμος
3044 1489 3135 1565 ἦν,
3175 1495 3270 1548 καὶ
3296 1494 3355 1546 ἐν
3378 1496 3490 1556 τοῖς
3514 1493 3737 1555 οἰκείοις
3772 1492 4051 1547 ἐτάττετο.

2478 1588 2873 1652 ’Υποδαλόντος
2897 1583 2990 1643 οὖν
3013 1587 3276 1642 Εύσεὸίου
3305 1586 3400 1640 καί
3417 1586 3527 1640 τῶν
3550 1586 3646 1639 σὺν
3670 1583 3839 1656 αὐτῷ,
3862 1584 4054 1652 λόγους

2467 1681 2596 1751 περὶ
2632 1680 2844 1750 Ἀρείου
2866 1680 3005 1751 πρὸς
3029 1681 3132 1751 τὴν
3159 1681 3395 1749 γυναῖκα
3417 1677 3813 1749 παρέσπειρεν,
3860 1675 4052 1745 ἠδικῆ-

2470 1772 2593 1825 σθαι
2622 1772 2845 1841 φάσκων
2874 1772 3036 1827 αὑτὸν
3058 1770 3164 1825 ὑπὸ
3194 1770 3293 1842 τῆς
3321 1768 3563 1834 συνόδου,
3602 1770 3697 1823 καὶ
3729 1768 3805 1840 μὴ
3833 1769 4053 1838 φρονεῖν

2468 1861 2545 1926 ὡς
2590 1861 2717 1932 περὶ
2759 1859 2922 1914 αὐτοῦ
2975 1860 3133 1929 λόγος
3192 1859 3432 1929 κατέχει.
3482 1857 3668 1912 Ταῦτα
3712 1857 3990 1912 ἀκούσασα
4015 1858 4049 1926 ἡ

2469 1950 2844 2015 Κωνσταντία,
2886 1948 2967 2020 τῷ
3003 1950 3102 2020 μὲν
3145 1948 3500 2020 πρεσϐυτέρῳ
3531 1948 3820 2003 ἐπίστευσε
3845 1963 3859 1979 ⁸
3892 1946 3970 2016 τῷ
3998 1946 4055 1999 δὲ

2473 2040 2680 2111 βασιλεί
2708 2042 2890 2110 λέγειν
2915 2041 3015 2094 οὐκ
3037 2040 3257 2112 ἐτόλμα.
3277 2039 3572 2111 Συμϐαίνει
3601 2040 3658 2093 δὲ
3681 2039 3889 2111 χαλεπῇ
3915 2038 4054 2107 νόσῳ

2473 2135 2788 2204 περιπεσεῖν
2807 2131 2905 2203 τὴν
2931 2132 3339 2186 Κωνσταντίαν.
3373 2132 3432 2185 '0
3451 2131 3508 2184 δὲ
3533 2130 3786 2201 βασιλεὺς
3816 2129 4054 2199 συνεχῶς

2403 2193 2446 2249 Β
2470 2193 2873 2296 ἀρρωστοῦσαν.
2891 2221 3060 2294 αὐτὴν
3084 2222 3476 2277 ἐπεσκέπτετο.
3517 2193 3738 2293 ’Ἐπειδὴ
3766 2220 3822 2273 δὲ
3856 2221 3889 2290 ἢ

2470 2318 2536 2369 ὲκ
2561 2316 2659 2387 τῆς
2680 2316 2838 2370 νόσου
2858 2314 3237 2387 χαλεπώτερον
3262 2313 3497 2385 διετέθη,
3516 2313 3771 2384 θνήσκειν
3796 2310 3853 2364 δὲ
3880 2326 4053 2381 προσ-

2469 2406 2650 2470 εδόκα,
2677 2406 3182 2478 παρακατατίθεται
3215 2405 3294 2476 τῷ
3326 2404 3537 2475 βασιλεῖ
3556 2405 3649 2459 τὸν
3663 2402 4053 2476 πρεσόύτερον,

2476 2498 2832 2571 μαρτυροῦσα
2852 2498 2999 2569 αὐτῷ
3035 2499 3268 2567 σπουδὴν
3292 2499 3387 2553 καὶ
3409 2496 3714 2561 εὐλάϐειαν,
3747 2495 3842 2550 καὶ
3869 2495 3945 2560 ὡς
3973 2494 4055 2547 εὖ·

2472 2607 2596 2654 νους
2623 2590 2708 2662 εἴη
2744 2591 2872 2662 περὶ
2899 2589 2997 2661 τὴν
3036 2588 3310 2659 βασιλείαν
3343 2588 3531 2642 αὐτοῦ.
3588 2589 3651 2640 Ἠ
3688 2586 3788 2657 μὲν
3812 2582 3907 2640 οὖν
3936 2587 4053 2656 μετ’

2473 2682 2534 2735 οὐ
2556 2681 2689 2735 πολὺ
2706 2681 2977 2752 τεθνήκει.
3012 2682 3070 2735 '0
3088 2681 3144 2735 δὲ
3168 2680 3540 2753 πρεσὸύτερος
3571 2682 3629 2733 ὲν
3656 2681 3769 2742 τοῖς
3789 2678 4056 2732 οἰκειοτά-

2473 2790 2586 2835 τοις
2617 2771 2712 2825 τοῦ
2752 2772 3015 2842 βασιλέως
3054 2773 3326 2826 ἐτάττετο.
3358 2772 3469 2825 Καὶ
3510 2771 3573 2842 δὴ
3610 2769 3928 2841 καταδραχὺ
3957 2768 4056 2840 τὴν

2478 2865 2787 2937 παρρησίαν
2831 2865 3096 2935 αὐξήσας,
3145 2866 3273 2929 τοὺς
3306 2865 3505 2928 αὐτοὺς
3561 2863 3819 2935 ἀναφέρει
3866 2861 4058 2931 λόγους

2476 2960 2606 3029 περὶ
2637 2957 2731 3011 τοῦ
2767 2958 2974 3030 Ἀρείου
3008 2958 3087 3028 τῷ
3115 2957 3357 3029 βασιλεῖ,
3401 2951 3483 3020 οἷς
3529 2955 3664 3027 πρὸς
3693 2957 3793 3027 τὴν
3822 2954 4057 3025 ἀδελφὴν

2477 3049 2750 3121 ἐχρήσατο
2815 3050 3109 3123 πρότεροψ
3182 3049 3407 3117 φάσκων
3466 3049 3538 3120 μὴ
3593 3048 3770 3112 ἄλλως
3836 3050 4054 3118 φρονεῖν

2480 3144 2697 3212 Ἀρειον
2716 3182 2731 3201 ,
2756 3141 2789 3212 ἢ
2817 3141 2846 3194 δ
2863 3144 2929 3214 τῇ
2962 3141 3163 3212 συνόδῳ
3187 3142 3368 3206 δοκεῖ,
3393 3140 3615 3194 ἐλθόντα
3646 3157 3708 3192 τε
3738 3140 3898 3194 αὐτὸν
3917 3139 4059 3193 κατὰ

2479 3235 2791 3307 πρόσωπον,
2826 3232 3166 3287 συντίθεσθαι
3195 3233 3424 3298 τούτοις,
3451 3231 3546 3285 καὶ
3569 3231 3643 3303 μὴ
3670 3230 3879 3300 ἀλόγως
3906 3248 4060 3284 συκο-

2479 3326 2798 3397 φαντεῖσθαι
2815 3326 3028 3390 τούτοις
3054 3324 3189 3397 (55).
3213 3322 3351 3379 Ξένα
3374 3324 3770 3395 καταφαίνεται
3805 3323 3884 3395 τῷ
3908 3324 4059 3394 βασι-

2480 3419 2564 3472 λεῖ
2606 3419 2675 3473 τὰ
2708 3417 2858 3488 παρά
2903 3416 2999 3471 τοῦ
3063 3416 3440 3488 πρεσϐυτέρου
3492 3416 3797 3486 λεγόμενα·
3852 3416 3945 3470 καὶ
3997 3415 4058 3469 Et

792 3513 961 3569 cretis
998 3530 1394 3568 consensurum
1430 3530 1586 3577 esse,
1628 3522 1685 3568 et
1720 3515 1839 3569 sine
1879 3530 2043 3569 causa
2084 3531 2209 3569 eum
2240 3514 2378 3569 falso
2406 3546 2451 3607 Ο
2485 3512 2575 3583 Ἀρ

2275 3515 2378 3569 also
2406 3546 2451 3607 Ο
2485 3512 2721 3583 Ἄρειος,
2745 3511 2872 3582 ἔφη,
2903 3509 3205 3563 συντίθεται
3233 3513 3299 3581 τῇ
3324 3508 3545 3581 συνόδῳ,
3567 3509 3661 3562 καὶ
3691 3511 3738 3562 εἰ
3759 3509 3825 3562 τὰ
3845 3510 4058 3576 ἐκείνης

793 3603 1119 3659 insimulari.
1162 3604 1309 3658 Nova
1348 3612 1514 3673 atque
1543 3603 1864 3659 admiranda
1905 3604 2220 3674 imperatori
2257 3605 2374 3660 visa

794 3706 924 3751 sunt
965 3712 1087 3767 quas
1120 3713 1149 3751 a
1196 3697 1523 3769 presbytero
1562 3696 1909 3751 dicebantur.
1959 3697 2050 3753 Sic
2080 3698 2248 3768 igitur
2283 3697 2375 3752 ille

792 3787 1076 3857 respondit
1104 3788 1457 3859 presbytero:
1491 3786 1547 3842 Si
1566 3786 1730 3841 Arius
1751 3787 1989 3843 decretis
2020 3788 2213 3860 synodi
2241 3788 2375 3844 sub-

2482 3606 2687 3673 φρονεῖ,
2722 3601 3012 3672 δέξομαίτε
3038 3601 3200 3653 αὑτὸν
3231 3603 3311 3663 είς
3343 3600 3653 3671 πρόσωπον,
3687 3601 3780 3653 καὶ
3808 3601 3905 3653 σὺν
3923 3603 4055 3671 τιμῇ

2481 3693 2750 3764 ἐκπέμψω
2781 3693 2873 3746 ἐπὶ
2913 3693 3012 3761 τὴν
3057 3690 3480 3762 Ἀλεξάνδρειαν.
3526 3689 3710 3744 Ταῦτα
3742 3690 3916 3760 ἔλεγε,
3966 3691 4060 3744 καὶ

2483 3784 2680 3840 αὐτίκα
2708 3784 2844 3855 πρὸς
2876 3783 3038 3839 αὐτὸν
3069 3784 3275 3855 ἔγραφε
3297 3782 3424 3837 τάδε
3443 3797 3458 3811 ⁶

794 3880 1003 3943 scribit,
1044 3881 1319 3937 eteadem
1354 3881 1522 3936 sentit
1568 3897 1695 3936 cum
1761 3882 1990 3954 synodo,
2042 3899 2168 3939 eum
2213 3885 2271 3939 in
2308 3889 2661 3954 conspectum
2690 3896 2873 3935 meum
2917 3862 3201 3935 admittam
3234 3878 3436 3944 libens,
3483 3884 3693 3934 etcum
3731 3876 3941 3932 honore
3967 3890 4058 3932 re-

793 3972 1002 4029 mittam
1032 3974 1432 4027 Alexandriam.
1461 3972 1587 4029 llaec
1609 3974 1846 4041 loeutus,
1877 3975 2166 4032 confestim
2197 3977 2266 4032 ad
2292 3977 2447 4032 illum
2482 3973 2704 4044 scripsit
2726 3973 2783 4028 in
2805 3973 2954 4028 hunc
2977 3972 3202 4028 modum
3231 3988 3245 4025 :

968 4081 1140 4133 Vir-tor
1185 4080 1582 4205 Constantinus;
1620 4081 1900 4163 .Man'mus.
1939 4084 2229 4154 Augustus,

1588 4168 1683 4204 rto.

1588 4168 1683 4204 γιο.

866 4241 1199 4310 Jampridmn
1245 4242 1498 4305 gravitati
1542 4248 1647 4295 tua:
1684 4241 2049 4311 significatum
2077 4252 2179 4306 est,
2222 4253 2283 4297 ut
2316 4244 2383 4298 ad

797 4334 1117 4388 comitatum
1155 4343 1402 4387 nostrum
1428 4333 1669 4396 venires,
1711 4349 1820 4403 quo
1856 4336 2153 4406 majestatis
2182 4347 2384 4391 nostra:

799 4427 1095 4487 conspectu
1129 4420 1333 4488 perfrui
1367 4435 1575 4488 posses.
1616 4419 1721 4475 Sed
1749 4422 1935 4476 mirari
1961 4424 2092 4477 satis
2122 4440 2229 4478 non
2254 4440 2381 4495 pos-

799 4527 990 4567 sumus
1036 4510 1180 4579 quod
1231 4509 1520 4564 confestim
1571 4510 1624 4564 id
1686 4528 1796 4566 non
1844 4514 2182 4582 prmstiteris.
2241 4516 2384 4570 Con-

800 4615 993 4652 scenso
1023 4600 1186 4665 igitur
1215 4600 1470 4653 vehiculo
1513 4600 1756 4669 publico,
1794 4602 1861 4655 ad
1914 4602 2234 4657 comitatum
2278 4621 2381 4659 no-

801 4700 975 4746 strum
1019 4692 1203 4743 venire
1250 4692 1517 4755 accelera,
1566 4698 1626 4746 ut
1662 4699 1900 4748 nostram
1939 4683 2283 4750 clementiam
2320 4712 2384 4752 ac

804 4782 1220 4836 beneficentiam
1268 4791 1548 4852 expertus,
1592 4781 1648 4836 in
1690 4784 1923 4854 patriam
1954 4786 2155 4840 reverti
2182 4787 2378 4856 possis.

803 4873 1073 4929 llivinitas
1110 4883 1159 4928 te
1208 4881 1410 4940 servet,
1453 4872 1627 4930 frater
1661 4875 2038 4933 dilectissime.
2080 4879 2213 4933 Data
2257 4886 2383 4935 ante

2485 4085 2753 4157 Νικητὴς
2796 4086 3283 4208 Κωνσταντῖνεξ,
3315 4083 3633 4207 ίΜέγιστος
3659 4122 3674 4148 ,
3734 4082 4055 4148 Σεϐαστὸς,

3247 4172 3310 4208 οε
3335 4171 3401 4208 ω.

3239 4171 3401 4224 ρειῳ.

2556 4246 2729 4297 Πάλαι
2762 4249 2858 4314 μὲν
2899 4247 3138 4319 ἐδηλώθη
3189 4250 3254 4319 τῇ
3290 4246 3605 4320 στερρότητι
3644 4263 3760 4310 σου,
3813 4246 3958 4307 ὅπως
3991 4245 4058 4298 ἂν

2482 4338 2562 4398 είς
2587 4336 2648 4389 τὸ
2668 4337 2798 4406 ἐμὸν
2834 4338 3196 4407 στρατόπεδον
3243 4339 3479 4409 ἀφίκοιο,
3529 4339 3617 4392 ἵνα
3654 4338 3755 4409 τῆς
3785 4336 4058 4409 ἡμετέρας

2481 4427 2608 4492 θέας
2662 4428 2966 4482 ἀπολαῦσαι
2990 4428 3293 4500 δυνηθείης.
3328 4432 3693 4502 Θαυμάζομεν
3721 4431 3776 4484 δὲ
3808 4432 4011 4500 σφόδρα
4040 4470 4056 4492 ,

2487 4519 2561 4590 μὴ
2583 4519 2922 4591 παραχρῆμα
2947 4520 3104 4573 τοῦτο
3133 4520 3492 4590 πεποιηκότα.
3518 4522 3717 4592 Διόπερ
3738 4521 3833 4573 νῦν
3866 4520 4059 4583 ἐπιϐὰς

2481 4610 2755 4681 ὀχήματος
2809 4610 3109 4680 δημοσίου,
3164 4611 3245 4673 είς
3276 4610 3335 4664 τὸ
3389 4610 3654 4683 ἡμέτερον
3706 4612 4061 4683 στρατόπεδον

2482 4700 2775 4767 ἀφικέσθαι
2805 4701 3113 4771 ἐπείχοητι·
3141 4703 3287 4764 ὅπως
3318 4701 3383 4754 ἂν
3412 4702 3511 4772 τῆς
3538 4704 3665 4775 παρ’
3695 4704 3849 4774 ἡμῶν
3893 4705 4059 4774 εὐμε-

2481 4791 2631 4855 νείας
2664 4810 2723 4845 τε
2747 4793 2840 4846 καὶ
2870 4793 3187 4864 ἐπιμελείας
3203 4791 3403 4864 τυχὼν,
3435 4796 3527 4847 ἐπὶ
3556 4795 3654 4866 τὴν
3678 4796 3910 4867 πατρίδα
3957 4797 4048 4865 ἀφ-

2486 4881 2699 4937 ικέσθαι
2730 4883 2982 4956 δυνηθῇς.
3031 4887 3090 4940 '0
3122 4885 3254 4950 Θεός
3289 4903 3348 4939 σε
3388 4886 3754 4957 διαφυλάττοι,
3789 4889 4057 4957 ἀγαπητέ.

2002 5032 2271 5091 VALESII
2309 5033 2861 5097 ANNOTATIONES.

878 5117 990 5202 ςςόὖ)
1029 5118 1130 5170 Καὶ
1160 5118 1249 5202 ull
1274 5119 1508 5202 ἀλργως
1552 5122 2064 5202 συκοφαντεῖσθαι
2116 5126 2374 5202 τούτοις.
2410 5135 2457 5195 D
2483 5130 2529 5185 si
2558 5146 2661 5202 pre:

2273 5143 2374 5202 οις.
2410 5135 2457 5195 D
2483 5130 2529 5185 si
2558 5130 2845 5202 presbyter
2879 5131 2969 5186 ille
2995 5132 3171 5201 gratia
3193 5141 3250 5187 et
3280 5133 3605 5190 auctoritate
3648 5141 3857 5190 tantum
3886 5135 4056 5189 valuit

805 5187 1009 5244 Ultima
1043 5204 1144 5241 vox
1166 5187 1407 5244 delenda
1433 5198 1535 5245 est.
1573 5187 1746 5257 Quam
1794 5194 1961 5248 etiam
1987 5194 2099 5249 Leo
2144 5187 2378 5253 Allatius

807 5259 1000 5335 deesse
1034 5260 1247 5335 monuit
1272 5258 1327 5312 in
1359 5276 1460 5314 suo
1493 5260 1701 5317 codice.
1731 5261 1837 5317 Sed
1860 5273 2048 5319 utrum
2094 5273 2219 5335 post
2249 5282 2377 5321 ver-

809 5328 939 5382 bum
967 5327 1334 5401 συντίθεσθαι,
1365 5346 1432 5384 an
1485 5339 1609 5400 post
1644 5327 2112 5401 συκοφαντεῖσθαί
2136 5335 2377 5400 deesset,

809 5414 919 5475 non
948 5398 1175 5452 notavit.
1202 5398 1503 5475 Alterutro
1516 5409 1665 5457 certe
1684 5472 1695 5475 _
1714 5403 1769 5457 in
1792 5398 1923 5460 loco
1969 5404 2243 5475 superflua
2273 5398 2377 5461 est.

809 5469 984 5525 Porro
1019 5469 1407 5542 _narratio_nem
1457 5472 1734 5542 istamide
1783 5469 2103 5542 presbytero
2153 5475 2379 5542 Ariano,

809 5554 973 5611 quem
1006 5538 1321 5611 constantia
1343 5540 1584 5611 Augusta
1616 5536 1976 5598 Constantino
2022 5545 2179 5599 fratri
2229 5536 2382 5599 com;

809 5608 1108 5669 luendavit,
1137 5610 1318 5664 hausit
1353 5608 1608 5667 Socrates
1637 5630 1703 5667 ex
1738 5614 1918 5669 Rufini
1952 5617 2093 5670 libro
2141 5616 2373 5671 decimo.

811 5677 942 5755 Eam
976 5687 1155 5755 tamen
1182 5690 1493 5755 suspectam
1517 5683 1726 5737 habeo:
1763 5685 2001 5754 primum
2030 5686 2160 5755 quia
2205 5687 2379 5740 Atha-

810 5748 1020 5827 nasius,
1044 5750 1137 5818 qui
1163 5748 1358 5827 omnes
1394 5748 1973 5827 Arianoruml’raudes
2012 5748 2267 5827 detegere
2314 5772 2377 5810 ae

813 5818 1100 5895 traducere
1127 5820 1431 5895 sole_t,__ejus
1458 5823 1557 5895 rei
1588 5825 1837 5895 nuspiam
1869 5827 2119 5881 meminit
2138 5818 2169 5893 ἶ
2178 5827 2377 5881 deinde

811 5889 940 5963 quia
991 5906 1189 5948 nomen
1237 5889 1384 5949 illius
1421 5889 1728 5967 presbyteri
1776 5889 2179 5970 supprimitur:
2224 5899 2374 5970 atqui

2483 5201 2629 5270 apud
2652 5200 3097 5265 Constantinum,
3130 5211 3189 5257 ut
3215 5211 3601 5257 testamentum
3628 5219 3788 5259 suum
3818 5206 4059 5261 moriens

2482 5272 2534 5325 ei
2563 5270 2832 5353 traderet,
2868 5273 3068 5353 dignus
3090 5274 3339 5353 profecto
3361 5273 3466 5327 fuit
3492 5277 3650 5353 cujus
3681 5290 3883 5353 nomen
3910 5292 4059 5353 eom-

2480 5350 2902 5414 memoraretur.
2920 5344 3103 5414 Rufini
3122 5360 3271 5406 vero,
3290 5359 3411 5398 meo
3433 5346 3654 5412 quidem
3673 5345 3905 5414 judicio,
3924 5346 4059 5400 levis

2483 5420 2570 5466 est
2598 5413 2927 5495 auctoritas,
2974 5409 3178 5484 quippe
3210 5414 3305 5495 qui
3340 5409 3637 5495 Historiam
3674 5409 3837 5469 'suam
3885 5417 4059 5485 negli-

2485 5490 2679 5553 genter
2700 5484 2994 5537 admodum
3024 5484 3435 5553 conseripserit,
3465 5501 3572 5539 non
3618 5501 3683 5539 ex
3728 5484 4054 5539 monumen-

2488 5552 2560 5604 tis
2583 5567 2768 5607 rerum
2794 5562 3091 5622 gestarum,
3118 5555 3212 5607 sed
3240 5552 3307 5607 ex
3339 5556 3600 5609 fabulosis
3623 5556 4052 5619 narrationibus,

2487 5629 2648 5683 et,.ut
2678 5622 2861 5678 Graece
2892 5626 3091 5687 dicam,
3116 5626 3179 5695 sx
3210 5628 3701 5695 παρακουσμάτων.
3729 5626 3874 5679 Pene
3912 5627 4054 5679 omi-

2485 5706 2662 5764 seram
2696 5709 2920 5747 monere
2952 5694 3240 5748 delendam
3278 5694 3399 5749 esse
3428 5694 3533 5749 hoc
3556 5695 3676 5749 loco
3726 5696 4054 5764 particulam

2484 5762 2955 5837 negativam._Pro
2994 5780 3103 5837 qua
3149 5764 3387 5820 Savilius
3431 5775 3487 5821 et
3520 5762 4057 5837 Christopliorsonus

2483 5832 2669 5903 legunt
2696 5835 2785 5888 καὶ
2819 5835 2881 5907 δὴ
2907 5832 3135 5904 ἁλόῂως,
3164 5842 3271 5890 etc.
