4514 6578
415 459 516 516 M9

1398 459 1726 517 HISTORIA
1762 452 2315 517 ECCLESIASTICA.
2358 486 2425 495 ——-
2465 455 2593 509 LIB.
2636 456 2674 509 Ι.

3569 456 3671 510 150

428 576 610 647 Ἐδόθη
664 578 731 648 τῇ
788 576 895 649 πρὸ
940 576 1102 631 πέντε
1137 577 1417 632 καλανδῶν
1453 577 1825 648 Δεκεμϐρίων.
1875 578 1985 631 Καὶ
2014 582 2059 636 Α
2085 574 2211 628 dien

1887 578 1985 631 Καὶ
2014 582 2059 636 Α
2085 574 2232 628 diem
2279 572 2535 642 quintum
2590 568 2956 624 Kalendarum
2995 569 3401 625 Decembrium.
3454 568 3521 623 Et
3557 568 3670 622 haec

411 668 550 739 αὓτη
607 669 707 739 μὲν
740 670 775 738 ή
811 668 947 738 πρὸς
970 670 1194 740 Ἀρειον
1235 668 1333 723 τοῦ
1384 668 1650 740 βασιλέως
1705 668 1987 738 ἐπιστολή.

411 760 699 831 Θαυμάσαι
726 760 784 813 δέ
806 777 897 831 μοι
922 760 1099 815 ἔπεισι
1144 762 1246 832 τὴν
1277 761 1514 832 σπουδὴν
1554 763 1650 816 καὶ
1685 762 1777 817 τὸν
1808 761 1986 832 ζῆλον,

410 852 469 903 δν
510 847 656 920 εἶχεν
700 851 731 903 δ
781 850 1037 920 βασιλεὺς
1085 853 1214 921 περὶ
1246 852 1344 923 τὴν
1371 852 1703 908 θεοσέϐειαν.
1736 852 1989 906 Φαίνεται

411 942 518 1012 γάρ
540 941 629 995 διά
649 941 749 1010 τῆς
773 942 1079 1013 ἐπιστολῆς,
1114 942 1191 1007 ὠς
1222 943 1538 1008 πλειστάκις
1562 944 1725 998 αὐτὸν
1761 945 1854 997 ἐπὶ
1888 960 1988 1013 με.

410 1032 628 1083 τάνοιαν
658 1030 1124 1102 προτρεψάμενος,
1154 1031 1248 1101 ἀφ’
1267 1025 1343 1085 ὧν
1372 1031 1645 1102 μέμφεται
1676 1033 1758 1086 ὅτι
1787 1032 1987 1085 πολλά-

412 1140 499 1185 κις
530 1121 695 1175 αὐτοῦ
722 1122 1049 1193 γράψαντος,
1082 1123 1159 1194 μὴ
1192 1126 1403 1195 ταχέως
1435 1125 1652 1196 Ἄρειος
1686 1125 1988 1196 ἐπανῆλθεν

412 1216 492 1277 εἰς
512 1213 609 1284 τὴν
629 1213 911 1284 ἀλήθειαν.
951 1217 1171 1287 ’Ἄρειος
1201 1216 1301 1286 μὲν
1332 1212 1427 1270 οῦν
1454 1216 1743 1288 δεξάμενος
1770 1218 1866 1270 τοῦ
1896 1218 1989 1287 βα⁹

414 1305 604 1369 σιλέως
634 1307 704 1359 τά
729 1307 1055 1378 γράμματα,
1083 1308 1201 1379 μετ’
1243 1308 1304 1361 οὐ
1351 1308 1486 1363 πολὺ
1532 1308 1713 1380 παρῆν
1759 1309 1853 1362 ἐπὶ
1887 1308 1988 1380 τὴν

412 1398 824 1452 Κωνσταντίνου
862 1399 1038 1453 πόλιν.
1098 1400 1403 1472 Συμπαρῆν
1456 1400 1513 1453 δέ
1554 1401 1702 1471 αὐτῷ
1738 1403 1833 1455 καὶ
1886 1400 1989 1454 Εὐ-

412 1485 590 1551 ζὼῖος,
624 1486 685 1540 ὃν
738 1487 988 1542 καθεῖλεν
1044 1488 1393 1560 Ἀλέξανδρος
1443 1488 1572 1542 ὄντα
1601 1488 1864 1552 διάκονον,
1898 1489 1985 1542 ὅτε

411 1578 640 1649 καθῄρει
671 1580 797 1643 τοὺς
816 1580 947 1652 περὶ
982 1582 1224 1652 Ἄρειον.
1248 1580 1471 1651 Δέχεται
1496 1576 1590 1635 οὖν
1610 1580 1807 1643 αὐτοὺς
1829 1583 1858 1634 ὁ
1888 1580 1985 1650 βα-

412 1670 593 1734 σιλεὺς
620 1672 699 1734 είς
729 1672 1045 1743 πρόσωπον,
1072 1673 1169 1726 καὶ
1192 1672 1578 1729 διεπυνθάνετο
1610 1676 1659 1727 εί
1694 1676 1759 1744 τῇ
1804 1674 1985 1726 πίστει

410 1763 770 1821 συντίθενται.
802 1765 923 1820 Τῶν
942 1766 1001 1820 δέ
1032 1766 1377 1838 συνθεμένων
1397 1767 1650 1838 ἑτοίμως,
1676 1770 1705 1821 ό
1735 1767 1985 1837 βασιλεὺς

408 1856 683 1931 ἔγγραφον
709 1859 909 1925 αὐτοὺς
940 1861 1234 1915 ἐπιδιδόναι
1262 1861 1363 1932 τὴν
1393 1860 1577 1915 πίστιν
1606 1861 1908 1917 ἐκέλευσεν.

974 2092 1226 2147 usus.
1269 2092 1414 2159 κεῖ.

419 2178 515 2246 Ὠς
529 2181 765 2252 Ἄρειος
804 2181 1187 2252 ἀνακληθεὶς,
1217 2183 1464 2247 βιϐλίον
1490 2184 1810 2252 μετανοίας
1841 2183 1985 2249 δοὺς

476 2249 558 2315 τῷ
604 2249 915 2318 ’βασι-κεῖ,
983 2252 1100 2322 τὴν
1179 2253 1249 2307 ἐν
1309 2249 1525 2323 Νικαίᾲ
1589 2254 1798 2308 πίστιν
1869 2256 1984 2308 ὐπ-

476 2322 773 2390 εκρίνατο.

480 2415 545 2469 Oi
577 2415 634 2469 δὲ
666 2414 870 2484 βιῦλίον
900 2414 1278 2482 συντάξαντες,
1310 2416 1390 2487 τῷ
1425 2416 1638 2487 βασιλεί
1684 2417 1987 2488 προσκομί-

411 2506 583 2572 (wet,
613 2507 800 2562 τοῦτον
840 2508 961 2579 ἔχον
990 2509 1084 2563 τὸν
1114 2510 1335 2581 τρόπον’
1354 2509 1445 2581 Τῷ
1474 2509 1851 2580 εὐλαϐεστάτῳ
1892 2510 1988 2563 καὶ

414 2598 809 2670 θεοφιλεστάτῳ
850 2600 1086 2674 δεσπότῃ
1136 2600 1293 2672 ἡμῶν
1351 2600 1561 2671 βασιλεῖ
1604 2600 1985 2671 Κωσταντίνῳ,

416 2689 628 2759 Ἄρειος
661 2689 758 2742 καὶ
792 2689 1049 2754 Εὐζώῖος’
1082 2689 1282 2753 Καθὼς
1313 2690 1700 2762 προσέταξενή
1738 2690 1989 2761 θεοφιλής

413 2798 508 2835 σου
535 2781 801 2845 εὐσέϐεια,
839 2782 1075 2835 δέσποτα
1105 2781 1347 2852 βασιλεῦ,
1374 2782 1697 2853 ἐκτιθέμεθα
1730 2783 1830 2853 τὴν
1858 2784 1987 2835 ἐαυ-

408 2868 520 2923 τῶν
565 2870 768 2935 πίστιν,
799 2872 895 2925 καὶ
943 2872 1237 2942 ἐγγράφως
1280 2873 1649 2943 ὁμολογοῦμεν
1688 2872 1782 2925 ἐπὶ
1828 2872 1987 2935 Θεοῦ,

410 2960 581 3026 οὕτως
610 2962 888 3016 πιστεύειν
925 2964 1020 3016 καὶ
1047 2963 1202 3017 αὐτοὶ⁵
1240 2965 1334 3017 καὶ
1364 2966 1413 3017 οἱ
1439 2965 1538 3019 σὺν
1570 2966 1722 3035 ἡμῖν,
1753 2964 1828 3028 ὼς
1862 2966 1991 3017 ὑποο

410 3053 691 3107 τέτακται.
726 3055 1058 3126 Πιστεύομεν
1098 3058 1178 3119 είς
1221 3057 1316 3110 ἕνα
1342 3057 1495 3121 Θεὸν,
1527 3058 1747 3129 Πατέρα
1795 3074 1993 3110 παντο-

410 3148 677 3217 κράτορα’
714 3148 809 3200 καὶ
848 3149 931 3212 εἰς
967 3148 1171 3217 Κύριον
1216 3148 1423 3219 Ἰησοῦν
1459 3150 1693 3220 Χριστὸν
1736 3148 1827 3202 τὸν
1867 3149 1992 3201 Υἱὸν

2088 665 2193 735 61
2230 661 2455 732 quidem
2478 668 2563 715 est
2583 659 2931 730 imperatoris
2960 660 3029 713 ad
3063 660 3253 714 Arium
3283 660 3536 729 epistola.
3574 659 3674 713 Hic

2088 772 2221 811 vero
2242 754 2433 810 mirari
2477 753 2628 809 subit
2648 752 3001 822 imperatoris
3020 750 3264 805 studium
3285 760 3450 821 atque
3468 751 3668 812 zelum,

2088 864 2199 919 quo
2226 864 2358 918 erga
2387 846 2711 916 religionem
2734 854 2854 899 erat
2885 844 3134 897 allectus.
3166 843 3245 897 Ex
3267 844 3370 898 hac
3396 843 3672 913 enimepi-

2087 940 2227 994 stola
2261 939 2550 1009 perspicue
2590 945 2821 1007 apparet
2856 937 3004 1006 quod
3033 936 3227 991 Arium
3268 936 3567 1005 smpissime
3601 936 3668 990 ad

2088 1030 2470 1101 paenitentiam
2496 1030 2817 1085 cohortatus
2842 1029 2944 1083 sit:
2964 1029 3168 1099 quippe
3193 1028 3347 1082 illum
3372 1029 3671 1097 reprehen-

2087 1123 2170 1177 dit
2187 1122 2354 1192 quod,
2375 1138 2500 1177 cum
2528 1122 2643 1191 ipse
2659 1120 2887 1175 crebras
2909 1120 2976 1174 ad
3003 1136 3131 1175 eum
3155 1120 3399 1176 dedisset
3432 1120 3666 1185 litteras,

2086 1213 2450 1268 nihilominus
2480 1213 2571 1268 ille
2620 1213 2689 1267 ad
2736 1214 2881 1266 viam
2927 1212 3179 1267 veritatis
3216 1212 3403 1267 redire
3446 1212 3668 1266 minime

2086 1313 2455 1377 properasset.
2488 1306 2653 1360 Arius
2696 1305 2885 1376 igitur,
2917 1305 3159 1375 acceptis
3188 1305 3539 1375 imperatoris
3576 1304 3668 1358 lit-

2086 1399 2241 1462 teris,
2299 1398 2446 1454 haud
2498 1399 2674 1453 multo
2721 1407 2845 1467 post
2904 1397 3435 1467 Constantinopolim
3496 1397 3664 1451 venit.

2084 1489 2217 1544 Erat
2246 1504 2372 1543 cum
2404 1490 2497 1543 illo
2530 1490 2695 1544 etiam
2720 1488 2983 1552 Euzoius,
3016 1504 3179 1558 quem
3206 1488 3516 1543 Alexander
3554 1488 3670 1541 dia—

2082 1590 2317 1637 conatus
2368 1581 2577 1637 honore
2627 1590 2876 1645 exuerat,
2934 1590 3065 1637 tunc
3113 1597 3239 1636 cum
3274 1582 3467 1637 Arium
3516 1583 3667 1651 ejus-

2082 1688 2190 1743 que
2245 1673 2425 1727 socios
2469 1673 2788 1743 deponeret.
2836 1676 2944 1729 Eos
2983 1676 3283 1744 imperator
3328 1673 3394 1727 ad
3442 1687 3669 1742 conspe-

2083 1774 2232 1820 ctum
2255 1781 2415 1820 suum
2440 1765 2681 1829 admisit,
2717 1766 3181 1835 interrogavitque
3199 1774 3380 1819 utrum
3404 1764 3671 1819 ﬁdeicon-

2085 1857 2371 1911 sentirent.
2417 1857 2529 1911 Illis
2572 1858 2824 1927 protinus
2866 1858 3320 1923 assentientibus,
3368 1859 3668 1927 imperator

2013 1927 2055 1981 B
2085 1949 2330 2004 libellum
2353 1948 2477 2003 ﬁdei
2503 1964 2614 2003 sum
2641 1949 2857 2004 tradere
2888 1965 2984 2004 eos
3004 1950 3179 2021 jubet.

2696 2083 2848 2139 CAP.
2878 2084 3067 2137 XXVI.

2086 2175 2355 2241 Quomodo
2389 2175 2547 2229 Arius
2578 2174 2642 2245 ab
2674 2174 2857 2227 exsilio
2892 2182 3184 2245 revocatus,
3218 2174 3673 2245 libellorpamiten-

2155 2248 2244 2300 tice
2284 2246 2508 2315 principi
2533 2244 2729 2310 oblato,
2760 2245 3032 2299 Nicwnam
3055 2244 3215 2312 ﬁdem
3244 2244 3595 2299 simulaverit.

2160 2417 2241 2471 Illi
2281 2431 2410 2487 ergo
2450 2414 2819 2484 compositum
2855 2414 2925 2470 ab
2963 2429 3021 2469 se
3050 2412 3302 2469 libellum
3347 2410 3672 2467 obtulerunt

2086 2508 2445 2579 imperatori,
2494 2508 2589 2576 qui
2635 2507 2715 2561 sic
2745 2506 2949 2561 habet:
2985 2504 3419 2575 Religiosissimo
3462 2503 3671 2572 Deique

2085 2599 2463 2654 amantissimo
2490 2597 2716 2652 domino
2737 2605 2927 2651 nostro
2954 2596 3265 2666 imperatori
3289 2594 3670 2659 Constantino,

2087 2694 2251 2747 Arius
2286 2702 2343 2747 et
2377 2692 2653 2747 Euzoius:
2697 2690 2852 2745 Sicut
2895 2691 3154 2760 praecepit
3196 2690 3308 2744 Deo
3350 2687 3672 2743 charissima

2088 2786 2264 2856 pietas
2287 2792 2400 2849 tua,
2427 2783 2648 2837 domine
2677 2782 3002 2852 imperator,
3032 2780 3194 2834 ﬁdem
3236 2788 3475 2834 nostram
3502 2794 3671 2848 expo-

2088 2878 2301 2941 nimus,
2326 2874 2657 2945 scriptisque
2692 2872 3017 2943 proﬁtemur
3057 2887 3240 2926 coram
3287 2871 3427 2934 Deo,
3474 2885 3574 2923 nos
3614 2877 3673 2923 et

2090 2970 2211 3023 illos
2247 2968 2340 3037 qui
2383 2967 2670 3021 nobiscum
2709 2973 2857 3028 sunt,
2904 2965 2979 3018 ita
3006 2964 3232 3018 credere
3259 2964 3337 3016 uti
3364 2962 3671 3031 subjectum

2090 3072 2192 3119 est.
2215 3062 2504 3118 Credimus
2529 3062 2585 3115 in
2610 3074 2781 3114 unum
2825 3059 2997 3113 Deum
3019 3097 3034 3121 ,
3064 3057 3280 3111 Patrem
3323 3056 3674 3124 omnipoten-

2094 3164 2200 3209 tem
2218 3196 2232 3219 ,
2258 3163 2315 3209 et
2354 3154 2411 3208 in
2438 3153 2727 3208 Dominum
2754 3151 2941 3207 Jesum
2964 3150 3265 3213 Christum,
3296 3149 3493 3203 Filium
3530 3149 3670 3216 ejus,

412 3238 599 3303 αὐτοῦ,
624 3238 715 3291 τὸν
742 3237 801 3302 ἐξ
826 3237 990 3291 αὐτοῦ
1020 3241 1125 3311 πρὸ
1155 3241 1371 3294 πάντων
1405 3241 1512 3293 τῶν
1539 3239 1750 3294 αἰώνων
1768 3257 1992 3308 γεγενη-
2018 3271 2060 3327 C
2092 3249 2185 3318 qui

1891 3258 1992 3308 ινη-
2018 3271 2060 3327 C
2092 3249 2185 3318 qui
2210 3264 2278 3303 ex
2300 3263 2367 3302 eo
2393 3246 2571 3301 factus
2591 3252 2678 3301 est
2701 3253 2828 3300 ante
2852 3245 3037 3301 omnia
3065 3243 3260 3300 smeula
3290 3262 3301 3295 :
3330 3243 3501 3296 Deum
3540 3241 3674 3295 Ver-

416 3329 595 3401 μένονθ
625 3329 757 3383 Θεὸν
786 3330 976 3399 Λόγον,
997 3331 1065 3385 δι’
1084 3324 1146 3385 οὐ
1174 3333 1242 3386 τά
1271 3333 1447 3387 πάντα
1484 3334 1720 3401 ἐγένετο,
1756 3335 1825 3387 τά
1839 3351 1896 3386 τε
1931 3336 1988 3385 ἐν

412 3420 524 3483 τοῖς
552 3420 820 3491 οὐρανοῖς,
862 3421 957 3474 καὶ
995 3420 1066 3474 τά
1108 3422 1202 3474 ἐπὶ
1244 3422 1341 3493 τῆς
1382 3423 1504 3494 γῆς’
1539 3423 1631 3476 τὸν
1663 3423 1990 3477 κατελθόντα

412 3512 506 3565 καὶ⁸
536 3512 911 3581 σαρκωθέντα,
944 3510 1041 3566 καὶ
1068 3511 1335 3574 παθόντα,
1365 3514 1458 3565 καὶ
1485 3515 1791 3568 ἀναστάντα
1826 3514 1869 3575 ί,
1906 3514 1992 3565 άν-

412 3603 633 3657 ελθόντα
665 3606 743 3667 εἰς
772 3604 899 3668 τοὺς
925 3603 1206 3675 οὐρανοὺς,
1240 3605 1334 3657 καὶ
1363 3604 1523 3659 πάλιν
1561 3605 1851 3675 ἐρχόμενον
1881 3608 1994 3676 κρῖ-

414 3706 501 3742 ναι
544 3688 753 3753 ζῶντας
792 3691 887 3743 καὶ
928 3690 1174 3761 νεκρούς*
1212 3692 1305 3744 καὶ
1337 3694 1417 3755 είς
1456 3693 1515 3746 τὸ
1554 3694 1706 3761 ἆγιον
1747 3694 1992 3764 Πνεῦμα,

413 3784 510 3835 καὶ
544 3785 622 3846 είς
654 3782 857 3854 σαρκὸς
886 3783 1202 3842 ἀνάστασιν,
1236 3785 1331 3838 καὶ
1364 3786 1445 3849 είς
1476 3785 1620 3857 ζωὴν
1648 3786 1741 3839 τοῦ
1776 3786 1995 3855 μέλλον-

413 3890 505 3937 τος
535 3874 751 3937 αἰῶνος,
786 3873 882 3926 καὶ
913 3875 995 3937 εἰς
1027 3872 1305 3943 βασιλείαν
1334 3876 1599 3946 οὐρανῶν,
1629 3877 1724 3930 καὶ
1760 3879 1839 3941 είς
1867 3878 1995 3947 μίαν

414 3965 708 4037 καθολικὴν
757 3964 1083 4037 Ἐκκλησίαν
1116 3969 1142 4007 8
1162 3966 1255 4020 τοῦ
1288 3967 1444 4031 Θεοῦ,
1477 3968 1577 4041 τὴν
1609 3969 1717 4023 ἀπὸ
1745 3970 1995 4041 περάτων

415 4057 520 4121 ἕως
547 4058 797 4128 περάτων
831 4054 879 4112 ιι.
909 4056 1125 4127 Ταύτην
1157 4058 1214 4110 δὲ
1241 4058 1341 4129 τὴν
1369 4059 1550 4113 πίστιν
1574 4059 1995 4132 παρειλήφαμεν

414 4152 480 4205 ἐκ
502 4150 805 4219 τῶνηάγίων
842 4151 1209 4220 Εὐαγγελίων,
1238 4151 1487 4221 λέγοντος
1520 4152 1613 4206 τοῦ
1651 4154 1854 4226 Κυρίου
1883 4156 1996 4218 τοῖς

413 4240 607 4295 ἑαυτοῦ
636 4241 921 4313 μαθηταῖς·
950 4242 1348 4311 Πορευθέντες
1360 4246 1775 4313 μαθητεύσατε
1800 4245 1997 4295 πάντα

415 4333 488 4387 τὰ
516 4334 660 4398 ἔθνη
683 4334 729 4399 ί,
750 4334 911 4397 ﬁam
923 4330 1145 4401 ίζοντες
1168 4334 1391 4398 αὐτοὺς
1414 4335 1502 4397 είς
1526 4332 1711 4397 ὄνομα
1746 4331 1850 4384 τοῦ
1880 4335 1998 4385 Πα-

488 4490 536 4521 “
558 4489 749 4545 Matth.
778 4503 964 4553 xxvut,
993 4487 1078 4542 19.

2098 3338 2249 3401 bum,
2275 3352 2373 3407 per
2411 3352 2576 3406 quem
2601 3336 2786 3391 omnia
2823 3336 2965 3390 facta
3000 3344 3150 3399 sunt,
3189 3350 3310 3403 quae
3350 3335 3403 3387 in
3442 3333 3582 3387 cmlo
3617 3340 3675 3386 et

2097 3445 2219 3498 quae
2242 3428 2297 3482 in
2322 3438 2469 3483 terra
2497 3446 2509 3482 :
2535 3428 2630 3497 qui
2670 3427 2957 3482 descendit
2978 3436 3035 3482 et
3070 3428 3388 3481 incarnatus
3423 3435 3507 3479 est
3536 3443 3546 3476 :
3577 3425 3671 3493 qui

2100 3535 2294 3590 passus
2316 3527 2419 3583 est,
2438 3528 2494 3574 et
2517 3519 2841 3583 resurrexit,
2859 3527 2915 3573 et
2934 3517 3182 3573 ascendit
3205 3516 3272 3571 ad
3297 3516 3487 3579 coalos,
3505 3526 3561 3570 et
3576 3516 3677 3567 ite-

2101 3626 2221 3664 run
2248 3618 2514 3665 venturus
2536 3619 2620 3665 est
2646 3618 2707 3663 ut
2726 3610 2938 3680 judicet
2960 3610 3115 3664 vivos
3139 3624 3202 3663 ac
3222 3617 3489 3662 mortuos.
3528 3607 3594 3661 Et
3618 3606 3673 3660 in

2092 3702 2361 3771 Spiritum
2386 3711 2670 3767 sanctum;
2702 3702 2758 3755 in
2783 3702 2967 3755 carnis
3006 3700 3500 3763 resurrectionem,
3539 3708 3595 3753 et
3618 3698 3673 3752 in

2092 3793 2260 3846 vitam
2304 3792 2523 3845 venturi
2559 3792 2742 3845 saeculi
2766 3832 2781 3856 ,
2820 3805 3161 3861 regnumque
3198 3787 3498 3853 caelorum,
3537 3788 3673 3843 etin

2094 3900 2259 3939 unam
2289 3884 2617 3939 catholicam
2642 3883 2945 3938 Ecclesiam
2969 3882 3087 3947 Dei,
3112 3898 3233 3951 qum
3258 3898 3287 3935 a
3323 3881 3513 3950 primis
3550 3896 3674 3935 car-

2092 3975 2318 4029 dinibus
2344 3974 2412 4029 ad
2438 3974 2662 4029 ultimos
2685 3990 2859 4043 usque
2885 3982 3157 4029 terrarum
3184 3972 3319 4026 lines
3353 3971 3672 4041 porrigitur.
3735 4032 3741 4041 ν

2096 4066 2248 4121 lianc
2272 4065 2433 4120 ﬁdem
2458 4081 2525 4117 ex
2548 4065 2753 4117 sanctis
2771 4064 3080 4133 Evangeliis
3094 4064 3426 4133 accepimus,
3448 4063 3679 4118 Domino

2094 4153 2379 4221 discipulis
2406 4152 2520 4207 suis
2543 4152 2761 4206 dicente
2788 4170 2801 4205 :
2831 4152 2930 4216 Ite,
2953 4161 3001 4206 et
3028 4154 3205 4206 docete
3244 4170 3420 4207 omnes
3454 4163 3629 4225 gentes
3658 4171 3677 4210 :

2097 4242 2422 4313 baptizantes
2461 4260 2546 4297 eos
2584 4244 2639 4297 in
2672 4245 2883 4297 nomine
2915 4243 3095 4299 Patris
3140 4253 3190 4299 et
3214 4243 3335 4298 Filii
3363 4253 3412 4298 et
3450 4244 3675 4316 Spiritus

2094 4336 2266 4389 sancti
2305 4335 2372 4387 “.
2440 4335 2555 4389 Nisi
2600 4334 2707 4405 62
2754 4335 2870 4391 haec
2932 4336 3004 4390 ita
3058 4336 3371 4403 credimus,
3444 4354 3507 4392 ac
3570 4338 3675 4394 nisi

1508 4641 1875 4699 VARIORUM
1923 4642 2468 4701 ANNOTATIONES.

493 4760 514 4801 ι
543 4758 940 4834 nugas-rami
957 4756 1346 4834 graazdrta._
1376 4754 1479 4834 Hic
1524 4755 1818 4834 observare
1864 4756 1993 4834 licet
2025 4761 2069 4817 D
2097 4769 2276 4831 essem

1891 4757 1993 4834 icet
2025 4761 2069 4817 D
2097 4769 2250 4822 esset,
2270 4766 2500 4831 profecto
2518 4770 2765 4817 creatura
2786 4763 3062 4818 rationalis
3077 4772 3244 4834 esset:
3264 4780 3370 4834 ipse
3391 4767 3527 4819 enim
3543 4777 3674 4821 esset

415 4847 541 4889 cum
559 4828 934 4885 eruditissimo
956 4827 1230 4882 Pearsono
1245 4827 1541 4881 articulum
1556 4825 1625 4881 de
1641 4826 1906 4882 descensu
1924 4828 1993 4883 ad

417 4902 633 4957 inferna
657 4916 769 4954 non
789 4898 984 4953 haberi
1009 4898 1065 4952 in
1095 4898 1206 4952 ulla
1224 4897 1449 4967 antiqua
1473 4895 1599 4951 ﬁdei
1625 4896 1991 4964 confessione,

416 4988 520 5028 nec
530 4971 963 5033 Catholicorum,
986 4984 1088 5024 nec
1104 4968 1511 5033 haereticorum;
1535 4968 1884 5037 primumque
1901 4984 1993 5022 oc-

415 5057 646 5099 currere
694 5041 751 5095 in
796 5039 1057 5094 Ecclesia;
1080 5037 1450 5108 Aquileiensis
1497 5037 1767 5108 symbolo,
1828 5040 1992 5107 paulo

417 5115 603 5168 minus
626 5110 1047 5182 quadringentis
1081 5106 1205 5179 post
1235 5106 1552 5182 Christian;
1574 5116 1764 5182 natum
1808 5106 1986 5163 annis.

415 5176 698 5245 (Pearson.
733 5183 789 5235 in
814 5176 1118 5251 Symbolum
1140 5186 1344 5251 αρσια,
1362 5194 1414 5249 p.
1451 5176 1599 5247 225.)

487 5264 514 5302 ε
538 5253 653 5308 Καὶ
672 5254 761 5320 εις
775 5246 924 5320 alar
961 5246 1293 5315 καθολικὴν
1334 5246 1727 5320 Ἐκκλησίαν,
1751 5247 1850 5302 Hic
1872 5249 2007 5302 arti-

415 5324 575 5380 culus
599 5336 709 5379 ιίι.
726 5318 943 5391 semper
963 5321 1218 5376 eumdem
1235 5320 1416 5391 locum
1437 5319 1490 5371 in
1511 5318 2003 5391 Symboloitenuit;

417 5395 750 5465 quandoque
802 5390 952 5448 enim
983 5407 1165 5446 nonus
1216 5390 1353 5465 fuit,_
1373 5391 1711 5465 quandoque
1737 5390 1999 5447 ultimus:

418 5458 854 5519 maxima-tamen
889 5478 959 5517 ex
980 5470 1135 5532 parte
1160 5458 1461 5532 articulum
1477 5460 1545 5514 de
1570 5458 1778 5532 Spiritu
1812 5473 2002 5515 sancto

416 5537 665 5605 proxime
714 5530 998 5604 sequitur:
1040 5532 1275 5605 Tertull.
1318 5531 1395 5583 De
1444 5530 1723 5605 baptismo,
1753 5546 1878 5605 _cap_.
1926 5533 1992 5586 6:

418 5599 553 5660 Cum
568 5606 660 5659 sub
678 5599 843 5666 tribus
861 5613 909 5656 et
923 5604 1131 5657 testatio
1155 5602 1278 5671 ﬁdei
1298 5610 1345 5654 et
1365 5599 1576 5672 sponsio
1599 5599 1788 5655 salutis
1812 5602 1995 5671 pigne-

418 5685 626 5737 rentur,
654 5677 944 5729 necessario
969 5675 1219 5743 adjicitur
1233 5672 1480 5743 Ecclesia:
1503 5672 1717 5733 mentio,
1744 5674 1995 5740 quoniam

420 5747 507 5799 ubi
530 5755 656 5810 tres,
682 5746 737 5798 id
762 5754 860 5809 est,
881 5740 1048 5798 Pater
1074 5753 1123 5796 et
1149 5742 1314 5796 Filius
1337 5751 1387 5794 ct
1413 5740 1642 5811 Spiritus
1667 5752 1903 5803 sanctus,
1924 5742 1995 5795 ibi

423 5815 681 5877 Ecclesia,
709 5833 826 5883 qua:
859 5817 1020 5868 trium
1039 5830 1225 5883 corpus
1252 5822 1346 5866 est.
1368 5814 1596 5882 August.
1618 5812 1671 5865 in
1694 5812 1967 5883 Enehirid.

423 5833 681 5877 Ecclesia,
744 5833 826 5870 ua:
859 5833 1020 5868 mum
1039 5833 1225 5883 corpus
1252 5833 1346 5866 est.
1368 5833 1596 5882 Rugum.
1619 5833 1671 5865 111
1694 5833 1967 5866 nncmrm.

422 5903 543 5959 cap.
572 5888 640 5944 56
668 5906 679 5941 :
707 5833 934 5958 gpirilus
970 5894 1184 5941 sanctus
1226 5885 1269 5939 si
1307 5892 1577 5949 creatura,
1628 5900 1728 5937 non
1772 5882 1984 5938 Creato:

2094 4846 2303 4884 summa
2327 4842 2608 4906 cre_atu_ra;
2635 4843 2683 4885 et
2706 4834 2819 4886 ideo
2845 4836 2899 4887 in
2934 4833 3116 4902 regula
3143 4833 3265 4906 ﬁdei
3285 4833 3402 4906 non
3450 4853 3670 4906 ponere-

2098 4908 2188 4978 tur
2222 4902 2695 4978 ante_Ecclesian_t,
2723 4906 2846 4978 quia
2868 4914 2919 4978 et
2946 4906 3055 4973 ipse
3088 4906 3158 4956 ad
3205 4902 3499 4978 Ecclesiam
3549 4924 3672 4978 per-

2093 4972 2312 5044 tineret.
2333 4972 2618 5044 (Pearson.
2648 4971 2908 5044 ianymb.
2937 4971 3133 5043 a'post.,
3162 4989 3283 5044 pag.
3318 4975 3468 5044 554.)

2170 5041 2198 5081 ιι
2253 5042 2372 5118 Thr
2408 5042 2533 5118 dare
2578 5041 3005 5118 περάτων-ἓως
3030 5041 3344 5118 περάτων.
3387 5041 3674 5118 ,καθολικὴ

2099 5111 2199 5184 μ-ἐν
2222 5107 2323 5165 οῦν
2335 5112 2582 5184 καλεῖται
2622 5107 2940 5184 Ἐκκλησία,
2965 5107 3054 5167 διὰ
3076 5107 3137 5165 τδ
3163 5114 3303 5165 κατὰ
3328 5117 3509 5184 πάσης
3535 5107 3674 5169 εἴναί

2093 5181 2195 5256 τῇς
2216 5182 2540 5256 οἰκουμένης
2562 5183 2671 5235 άπὸ
2695 5184 2945 5256 τεεράτων
2968 5184 3071 5256 γῆς
3086 5181 3670 5256 ἔωςπεράτωνζϐςιδίιι.

2114 5249 2325 5306 Catech.
2350 5249 2418 5305 {8
2443 5270 2456 5305 :
2484 5249 2683 5307 Sancta
2708 5249 2945 5308 Ecclesia
2980 5249 3104 5307 ideo
3146 5249 3336 5307 dicitur
3380 5249 3671 5318 Catholica,

2111 5338 2207 5389 pro
2235 5339 2293 5375 eo
2315 5323 2451 5393 quod
2494 5323 2863 5393 uniuersaliter
2920 5339 3013 5393 per
3055 5340 3261 5377 omnem
3308 5327 3561 5379 mundum
3607 5330 3674 5379 sit

2109 5392 2561 5466 diffusa.'(lsidor.
2589 5392 2667 5447 De
2702 5392 3077 5457 summobono,
3107 5394 3199 5466 lib.
3232 5410 3267 5455 l,
3301 5411 3418 5463 cap.
3454 5396 3531 5466 9.)

2185 5465 2199 5502 ί
2232 5464 2629 5529 Πορευθέντες
2644 5465 3060 5530 μαθητεύσατε
3073 5463 3267 5516 πάντα
3291 5469 3359 5516 τὰ
3383 5463 3526 5531 ἔθνη
3565 5468 3673 5521 Eo-

2102 5532 2227 5587 dem
2256 5549 2481 5603 prorsus
2502 5534 2665 5589 modo
2696 5541 2753 5588 et
2782 5534 3051 5587 Eusebius
3084 5550 3236 5587 suam
3265 5534 3385 5588 ﬁdei
3408 5537 3669 5603 regulam,

2096 5618 2261 5671 quam
2290 5604 2499 5672 synodo
2522 5604 2753 5658 Nicena:
2776 5604 2996 5668 obtulit,
3044 5604 3208 5672 hujus
3251 5614 3431 5659 textus
3481 5617 3673 5659 auctu-

2316 5664 2606 5754 ﬁrmav‘ita
2636 5674 2791 5726 Καθὰ
2860 5675 2954 5754 καὶ
2986 5664 3037 5754 ’.ὁ
3088 5664 3489 5754 Κύριοςλήμῷν
3533 5680 3670 5754 ἀντιο-

2099 5745 2329 5796 στέλλων
2360 5747 2438 5807 εἰς
2466 5744 2527 5797 τὸ
2550 5744 2809 5813 κήρυγμα
2840 5745 2965 5806 τοὺς
2996 5742 3190 5796 ἑαυτοῦ
3231 5742 3495 5813 μαθητὰς,
3527 5742 3668 5798 εἷπε·

2096 5814 2491 5879 Πορευθέντες
2512 5814 3086 5887 μιιθητέυσατεὶιξῑο.
3117 5816 3295 5886 (Socr.
3334 5816 3428 5869 lib.
3472 5832 3508 5880 1,
3544 5833 3646 5887 cap

2098 5887 2159 5952 8;
2195 5886 2524 5941 'I‘hcodoret.
2564 5886 2659 5940 lib.
2692 5902 2726 5950 l,
2756 5901 2874 5954 cap.
2913 5884 3019 5953 l9.)
