4514 6578
891 423 993 483 (51

2346 417 2679 476 SOCRATlS

4032 415 4136 470 152

883 555 1014 597 vere
1062 542 1391 608 suscipimus
1446 539 1662 594 Patrem
1716 547 1771 593 et
1819 536 2014 592 Filium
2070 547 2124 592 ct
2196 537 2459 607 Spiritum
2491 549 2537 600 Α
2568 539 2664 603 τρὸ

2348 551 2459 591 tum
2491 549 2537 600 Α
2568 539 2702 603 τρὸς
2728 530 2828 589 καί
2862 552 2964 588 του
3004 533 3135 587 ΥῙοῦ
3168 547 3268 585 καί
3295 526 3400 582 (of
3433 528 3603 599 ἁγίου
3637 531 3974 601 Πνεύματος
3997 531 4131 602 (33).

885 636 1134 686 sanctum
1157 671 1171 694 ,
1197 631 1338 683 sicut
1360 629 1539 683 omnis
1571 628 1839 684 catholica
1864 628 2106 683 Ecclesia
2129 638 2184 684 ct
2206 629 2456 698 Scriptu-

885 736 962 788 ra:
984 719 1199 781 docent.
1229 720 1430 789 quibus
1453 737 1552 791 per
1572 721 1756 776 omnia
1791 720 2074 776 credimus
2093 763 2106 786 ,
2148 721 2319 792 judex
2353 737 2454 775 no-

883 819 1000 866 Ster
1017 817 1102 863 est
1123 809 1268 863 Deus
1293 826 1440 865 nunc
1461 811 1596 865 etin
1621 809 1808 864 futuro
1840 810 2069 881 judicio.
2111 810 2457 881 Quapropter

879 900 1142 969 pietatem
1169 908 1316 953 tuam
1347 916 1618 970 rogamus,
1642 901 1754 955 Deo
1789 902 2110 958 charissime
2135 903 2453 972 imperator,

881 997 944 1043 ut
965 1005 1090 1045 cum
1113 991 1473 1047 ecclesiastici
1502 992 1695 1058 simus,
1732 1003 1789 1047 et
1822 992 1984 1047 ﬁdem
2009 1009 2074 1049 ac
2100 1008 2325 1048 sensum
2348 992 2454 1047 Ec-

879 1081 1064 1137 clesia:
1104 1091 1528 1152 sanctarumque
1573 1083 1982 1154 Scripturarum
2015 1093 2321 1148 teneamus,
2358 1100 2458 1154 per

879 1171 1160 1242 paciﬁcam
1185 1187 1250 1227 ac
1273 1174 1577 1244 religiosam
1602 1177 1859 1246 pietatem
1883 1183 2031 1230 tuam
2056 1175 2313 1232 uniamur
2336 1189 2454 1230 ma-

879 1265 950 1318 tri
971 1272 1173 1320 nostra:
1195 1265 1472 1331 Ecclesiaa,
1499 1267 1730 1322 sublatis
1755 1267 2016 1323 videlicet
2055 1267 2456 1338 quaestionibus

2562 627 2623 680 Et
2674 625 2766 696 μὴ.
2807 624 2978 678 ταῦτα
3021 624 3195 686 οὕτως
3237 619 3562 692 πιστεύομεν
3611 623 3707 676 καὶ
3761 623 4135 694 ἀποδεχόμεθα

2559 716 2794 784 ἀληθῶς,
2827 715 3064 786 Πατέρα,
3096 715 3224 767 Υίδν
3269 714 3361 766 καὶ
3405 712 3627 783 Πνεῦμα
3657 714 3831 780 ἅγιον,
3869 715 3943 778 ti);
3984 717 4135 768 πᾶσα

2558 806 2834 875 Καθολικὴ
2880 805 3192 876 Ἐκκλησία,
3226 804 3320 857 καὶ
3346 805 3403 856 αἱ
3425 803 3636 874 Γραφαὶ
3659 804 4016 867 διδάσκουσιν,
4043 799 4134 866 αἷς

2555 899 2696 952 κατὰ
2727 899 2905 952 πάντα
2942 895 3291 967 πιστεύομεν,
3325 897 3516 966 κριτὴς
3548 894 3706 965 ἡμῶν
3740 895 3886 948 ἐστιν
3918 897 3946 948 ὁ
3976 895 4128 958 Θεὸς,

2555 991 2648 1044 καὶ
2679 990 2795 1054 νῦν,
2831 992 2923 1044 καὶ
2948 992 3007 1044 ἐν
3033 993 3099 1062 τῇ
3132 988 3396 1060 μελλούσῃ
3426 989 3625 1059 κρίσει.
3658 987 3750 1041 Διὸ
3783 988 4128 1058 παρακαλοῦ-

2558 1079 2659 1149 μέν
2703 1098 2796 1135 σου
2834 1083 2933 1152 τὴν
2965 1081 3295 1144 θεοσέϐειαν,
3337 1079 3710 1149 θεοφιλέστατε
3761 1079 4001 1148 βασιλεῦ,
4037 1081 4130 1134 ἐκ-

2555 1168 2974 1241 κλησιαστικοὺς
3001 1174 3148 1242 ἡμᾶς
3174 1172 3354 1237 ὄντας,
3386 1171 3481 1224 καὶ
3514 1170 3694 1224 πίστιν
3721 1171 3815 1226 καὶ
3843 1171 3903 1224 τὸ
3932 1171 4133 1243 φρόνη-

2556 1278 2635 1331 μα
2659 1265 2762 1334 τῆς
2802 1263 3129 1334 Ἐκκλησίας
3170 1263 3267 1317 καὶ
3294 1263 3402 1316 τῶν
3429 1262 3598 1331 ἁγίων
3624 1262 3855 1333 Γραφῶν
3886 1262 4127 1334 ἔχοντας,

877 1371 944 1410 ac
965 1355 1438 1426 disputationibus
1460 1359 1753 1430 superﬂuis
1778 1378 1791 1414 :
1819 1369 1882 1415 ut
1901 1367 1960 1415 et
1981 1374 2084 1416 nos
2115 1367 2176 1415 et
2207 1359 2453 1414 Ecclesia
2552 1358 2660 1414 ἐνοί

2345 1359 2453 1414 esia
2552 1358 2801 1414 ἐνοῦσθαι
2827 1359 2974 1428 ἡμᾶς
2997 1356 3086 1409 διὰ
3113 1355 3214 1424 τῆς
3245 1354 3583 1426 εἰρηνοποιοῦ
3612 1371 3704 1407 σου
3730 1355 3822 1409 καὶ
3848 1355 4128 1419 θεοσεϐοῦς

876 1455 1124 1503 mutuam
1149 1449 1293 1504 inter
1313 1465 1417 1504 nos
1439 1466 1630 1521 pacem
1653 1458 1958 1516 servantes,
1976 1451 2248 1506 solemnes
2263 1465 2454 1519 preces
2555 1451 2659 1505 εὺσι

2342 1465 2454 1505 eccs
2555 1449 2858 1513 εὐσεϐείας,
2892 1451 2959 1520 τῇ
2994 1448 3162 1520 μητρὶ
3185 1447 3363 1518 ἡμῶν,
3395 1451 3461 1520 τῇ
3491 1448 3784 1518 Ἐκκλησία
3821 1447 3931 1517 (34)
3961 1446 4125 1518 δηλα-

876 1556 978 1610 pro
1001 1551 1194 1612 pacato
1218 1543 1448 1614 imperio
1471 1544 1774 1615 majestatis
1801 1551 1928 1608 tute,
1952 1551 2010 1598 et
2044 1557 2146 1613 pro
2186 1542 2447 1598 universa
2552 1542 2638 1613 δὴ,

2346 1558 2447 1598 :rsa
2552 1542 2638 1613 δὴ,
2687 1539 3109 1613 περιῃρημένων
3154 1535 3633 1609 τῶν“ζητημάτων
3676 1539 3772 1591 κα¹ι
3815 1538 4129 1608 περισσολο-

875 1633 1046 1703 stirpe
1073 1642 1165 1688 tua
1192 1634 1353 1688 simul
1382 1650 1572 1690 omnes
1595 1634 1662 1690 ad
1689 1635 1864 1690 Deum
1887 1633 2202 1688 fundamus.
2552 1633 2656 1700 γιῶ

2552 1633 2709 1700 γιῶν,
2743 1633 2830 1687 ἵνα
2855 1633 2950 1685 καὶ
2974 1633 3137 1702 ἡμεῖς
3170 1631 3266 1684 καλ⁸
3297 1631 3331 1701 ή
3381 1631 3672 1700 Ἐκκλησία
3697 1629 4124 1700 εἱρηνεύσαντες,

879 1727 998 1798 μετ’
1017 1728 1260 1796 ἀλλήλων
1285 1729 1384 1794 τὰς
1413 1729 1661 1797 συνήθεις
1681 1727 1847 1800 εὐχὰς
1872 1727 2013 1802 ὑπὲρ
2040 1727 2142 1798 τῆς
2165 1728 2450 1800 εἰρηνικῆς
2486 1742 2580 1780 σου
2607 1725 2880 1796 βασιλείας
2918 1725 3012 1780 καὶ
3040 1724 3240 1790 παντὸς
3294 1723 3388 1778 τοῦ
3443 1725 3634 1794 γένους
3664 1743 3780 1790 σου,
3814 1728 3966 1797 κοινῇ
3993 1725 4128 1779 πάν-

873 1840 967 1888 τες
990 1823 1367 1895 ποιησώμεθα.

1466 1941 1617 1999 CAP.
1657 1942 1872 1998 XXVII.

876 2030 1149 2098 Quomodo
1179 2033 1366 2105 Arium
1385 2034 1544 2105 jussu
1572 2035 1910 2104 imperatoris
1946 2032 2330 2089 Alexandriam
2361 2049 2446 2087 re-

942 2119 1148 2174 genum
1199 2104 1523 2158 Athanasius
1567 2121 1672 2162 non
1707 2105 2010 2168 admiserit,
2038 2121 2119 2174 ac
2166 2114 2446 2174 prapterea

939 2171 1228 2245 Eusebiaui
1256 2175 1432 2228 varias
1469 2175 1516 2229 ei
1560 2175 1856 2229 calumnias
1902 2173 2046 2245 apud
2071 2171 2448 2245 imperatorem

941 2244 1248 2299 struxeriut.

947 2402 1026 2456 Ad
1051 2403 1200 2457 hunc
1223 2402 1446 2457 modum
1470 2402 1632 2458 Arius
1651 2419 1776 2458 cum
1800 2403 2036 2475 principi
2060 2404 2442 2474 persuasisset,

868 2495 1256 2552 Alexandriam
1285 2499 1598 2553 revertitur.
1648 2498 1756 2555 Sed
1803 2498 2154 2554 fraudulenta
2192 2499 2446 2569 obreptio

867 2590 1154 2644 veritatem
1194 2607 1317 2660 qua:
1355 2591 1756 2657 occultabatur,
1794 2607 2056 2662 superare
2101 2608 2210 2647 non
2249 2593 2441 2647 valuit.

866 2680 1001 2733 Nam
1027 2694 1151 2733 cum
1178 2680 1330 2734 illum
1365 2680 1753 2734 Alexandriam
1780 2680 2088 2751 ingressum
2114 2680 2446 2736 Athanasius

865 2784 978 2826 non
1016 2772 1361 2839 susciperet:
1399 2771 1604 2839 quippe
1646 2770 1925 2825 hominem
1965 2780 2220 2842 tanquam
2263 2772 2444 2826 labem

866 2862 1157 2930 quamdam
1201 2864 1560 2918 aversabatur
1608 2881 1621 2919 :
1669 2864 1872 2918 iterum
1919 2864 2010 2920 illc
2055 2860 2443 2918 Alexandriam

867 2955 1204 3008 conturbare
1231 2971 1520 3026 aggressus
1553 2965 1666 3021 est,
1705 2972 1951 3012 errorem
1990 2972 2150 3011 suum
2189 2958 2443 3012 dissemi-

868 3043 1070 3098 nando.
1095 3043 1250 3098 Tunc
1274 3062 1405 3099 vero
1429 3047 1724 3112 Eusebius,
1743 3055 1800 3100 et
1822 3047 1939 3117 ipse
1961 3047 2174 3105 litteras
2199 3048 2440 3119 scripsit,

867 3144 924 3189 et
952 3136 1265 3206 imperatori
1296 3139 1569 3207 persuasit
1593 3147 1654 3192 ut
1689 3139 1974 3205 scriberet,
2010 3156 2119 3211 quo
2141 3142 2305 3197 Arius
2333 3158 2441 3198 una

2478 1921 2525 1979 Β

3131 1939 3381 1993 ΚΕΦΑΛ.
3418 1939 3545 1993 KZ'.

2560 2032 2657 2097 Ὠς
2718 2031 2937 2100 Ἀρείου
2992 2032 3080 2096 εἰς
3129 2030 3243 2096 τὴν
3283 2030 3730 2099 Ἀλεξάνδρειαν
3779 2030 3978 2101 γνώμῃ
4017 2029 4126 2085 τοῦ

2612 2102 2918 2167 βασιλέως
2946 2103 3359 2166 κατελθόντος.
3399 2102 3499 2155 καὶ
3522 2103 3607 2170 μὴ
3641 2103 3956 2170 δεχθέντος
4004 2101 4124 2156 ὑπὸ

2635 2172 2999 2236 Ἀθανασίου,
3037 2174 3090 2224 οἱ
3127 2171 3258 2238 περὶ
3301 2172 3596 2225 Εὑσέὄιον
3623 2171 3945 2240 διαφόρους
3972 2171 4125 2225 κατὰ

2629 2241 2979 2297 Ἀθανασίου
3019 2240 3299 2308 διαϐολὰς
3351 2241 3500 2309 πρὸς
3544 2241 3650 2296 τὸν
3703 2242 3970 2308 βασιλέα
4022 2256 4125 2295 πε-

2617 2314 2913 2379 ποίηνται.

2615 2403 2774 2458 Οὕτω
2813 2404 2910 2474 μὲν
2941 2399 3033 2457 οὖν
3058 2403 3274 2475 Ἄρειος
3299 2403 3392 2457 τὸν
3419 2402 3642 2473 βασιλέα
3669 2403 3886 2467 πείσας,
3928 2401 4123 2474 ἐχώρει

2545 2496 2636 2548 ἐπὶ
2653 2496 2752 2567 τὴν
2765 2495 3190 2567 Ἀλεξάνδρειαν.
3221 2496 3297 2549 Οὐ
3327 2495 3509 2566 μέντοι
3534 2512 3597 2564 γε
3615 2495 3885 2567 κρείσσων
3905 2497 3938 2566 ἡ
3960 2512 4125 2548 κατα·

2546 2587 2713 2658 σκευὴ
2738 2589 2835 2658 τῆς
2862 2586 3223 2657 σιωπωμένης
3253 2586 3512 2658 ἀληθείας
3535 2586 3762 2656 ἐγίνετο·
3782 2587 3859 2650 ὡς
3892 2587 4002 2657 γὰρ
4031 2603 4125 2639 κα-

2545 2679 2959 2751 ταλαμϐάνοντα
3000 2679 3163 2732 αὑτὸν
3202 2678 3302 2750 τὴν
3360 2678 3765 2750 Ἀλεξάνδρειαν
3808 2678 4123 2741 Ἀθανάσιος

2543 2772 2644 2825 οὐκ
2675 2771 2905 2842 ἐδέχετο·
2937 2770 3012 2835 ὡς
3045 2769 3214 2841 μῦσος
3245 2770 3355 2842 γὰρ
3395 2770 3556 2824 αὑτὸν
3588 2770 3929 2842 ἐξετρέπετοο
3966 2765 4123 2833 αὖθις

2543 2867 2817 2918 ἀνακινεῖν
2849 2865 3123 2935 ἐπεχείρει
3156 2862 3254 2934 τὴν
3292 2863 3718 2936 Ἀλεξάνδρειαν,
3749 2881 3892 2935 παρε
3904 2862 4124 2934 μϐαλὼν

2541 2955 2642 3027 τὴν
2682 2956 2912 3028 αἵρεσιν.
2943 2955 3076 3008 Τότε
3108 2955 3173 3026 δὴ
3212 2956 3305 3009 καὶ
3344 2957 3392 3009 οί
3421 2956 3550 3029 περὶ
3581 2954 3844 3009 Εὐσέϐιον
3878 2953 4030 3010 αὐτοί
4060 2971 4122 3007 τε

2542 3047 2800 3118 ἔγραφον,
2847 3047 2943 3101 καὶ
2984 3047 3076 3100 τὸν
3135 3046 3357 3117 βασιλέα
3407 3047 3638 3119 γράφειν
3691 3045 4121 3118 παρεσκεύαζον.

2541 3139 2686 3201 ὅπως
2737 3137 2804 3192 ἂν
2842 3137 3245 3208 προσδεχθῶσιν
3289 3138 3499 3208 οἱπερὶ
3532 3139 3766 3209 Ἀρειον.
3806 3138 4123 3199 Ἀθανάσιος

865 3243 991 3281 cum
1015 3230 1177 3284 sociis
1202 3230 1254 3282 in
1280 3229 1580 3286 Ecclesiam
1605 3231 1960 3301 reciperetur.
1981 3231 2182 3286 Verum
2204 3232 2443 3288 Athana-
2470 3261 2512 3320 ς
2546 3232 2643 3301 μὲν

2339 3249 2443 3287 ma-
2470 3261 2512 3320 ς
2546 3232 2643 3301 μὲν
2667 3226 2760 3284 οὖν
2787 3231 2963 3300 πάντη
2997 3229 3091 3283 τοῦ
3123 3230 3378 3295 δέξασθαι
3406 3231 3603 3294 αὐτοὺς
3633 3231 4000 3302 ἀπηγόρευσεο
4029 3231 4122 3284 καὶ

866 3320 982 3376 sius
1007 3336 1102 3374 eos
1126 3321 1414 3376 admittere
1439 3337 1668 3392 prorsus
1696 3323 1994 3387 recusavit,
2045 3334 2102 3378 et
2140 3325 2437 3394 imperato-

865 3427 980 3465 rem
1005 3413 1329 3481 pcrlitteras
1351 3413 1536 3468 docuit
1560 3413 1678 3468 ﬁeri
1703 3431 1811 3468 non
1843 3431 2001 3484 posse
2041 3427 2099 3468 ut
2145 3416 2238 3487 qui
2278 3415 2438 3470 ﬁdem

864 3503 1033 3559 semel
1053 3505 1351 3558 violassent
1372 3513 1429 3560 et
1449 3506 1795 3560 anathemate
1818 3507 2060 3576 percussi
2084 3516 2286 3572 essent,
2315 3524 2438 3562 rur-

864 3611 960 3650 sus
982 3596 1048 3651 de
1077 3597 1289 3668 integro
1313 3599 1709 3668 reciperentur.
1737 3599 2039 3668 Imperator
2058 3615 2188 3654 vero
2223 3601 2277 3654 id
2318 3616 2438 3654 mo-

862 3685 1000 3739 leste
1024 3685 1225 3750 ferens,
1251 3686 1550 3744 Athanasio
1572 3703 1673 3757 per
1707 3687 1921 3742 litteras
1954 3687 2337 3743 interminatus
2357 3699 2441 3743 est

864 3777 951 3830 bis
996 3777 1221 3832 verbis:
1256 3777 1394 3834 Cum
1441 3777 1612 3850 igitur
1652 3779 1952 3833 voluntatis
1995 3794 2131 3834 mea:
2175 3780 2438 3834 indicium

862 3869 1163 3936 acceperis,
1211 3867 1295 3923 fac
1337 3877 1396 3924 ut
1429 3869 1686 3927 omnibus
1721 3869 1788 3924 ad
1828 3869 2130 3926 Ecclesiam
2169 3871 2437 3926 accedere

861 3957 1213 4026 cupientibus
1235 3959 1469 4014 liberum
1492 3960 1701 4016 aditum
1726 3963 1990 4031 praebeas.
2017 3962 2152 4016 Nam
2180 3963 2223 4016 si
2248 3979 2441 4032 quem-

861 4065 1026 4119 quam
1049 4065 1238 4104 eorum
1262 4054 1355 4121 qui
1390 4055 1649 4110 Ecclesiae
1673 4055 1870 4108 sociari
1894 4063 2177 4123 expetunt,
2205 4057 2437 4126 impedi-

862 4151 978 4195 tum
1021 4157 1142 4196 esse
1178 4143 1277 4197 abs
1323 4151 1375 4197 te
1417 4152 1474 4197 et
1509 4143 1660 4198 aditu
1697 4143 2033 4212 prohibitum
2085 4144 2434 4211 intellexero,

863 4234 1076 4287 mittam
1102 4234 1366 4288 continuo
1390 4235 1629 4305 aliquem
1664 4236 1759 4306 qui
1796 4235 2070 4290 mandatis
2106 4236 2243 4289 meis
2280 4235 2439 4290 obse-

863 4330 1059 4394 quens,
1085 4334 1137 4380 te
1164 4326 1423 4395 deponat,
1454 4333 1512 4382 et
1549 4335 1700 4382 extra
1730 4328 1960 4398 patriam
1984 4335 2133 4385 tuam
2166 4328 2434 4397 deportet.

864 4417 991 4471 llzec
1015 4418 1313 4487 imperator
1337 4419 1558 4473 utilitati
1597 4420 1830 4490 publica:
1872 4420 2165 4474 consulens
2197 4419 2434 4489 scripsit,

863 4523 989 4560 cum
1013 4507 1273 4564 Ecclesiae
1297 4509 1546 4564 membra
1569 4509 1754 4564 divelli
1778 4511 1968 4567 nollet.
1996 4511 2054 4564 ld
2078 4510 2226 4565 enim
2250 4511 2439 4578 praeci-

2540 3323 2632 3376 τὸν
2680 3322 2902 3394 βασιλέα
2925 3324 3150 3394 γράφων
3178 3323 3476 3388 ἐδίδασκεν,
3521 3322 3782 3377 ἀδύνατον
3824 3319 3963 3376 εἶναι
3996 3323 4124 3386 τοὺς

2541 3417 2688 3482 ἅπαξ
2712 3418 2814 3487 τὴν
2834 3417 3016 3470 πίστιν
3042 3415 3430 3486 ἀθετήσαντας,
3455 3415 3550 3468 καὶ
3567 3414 4121 3485 ἀναθεματισθέντας,

2540 3503 2696 3570 αὖθις
2720 3507 2778 3575 ἐξ
2807 3507 3152 3578 ὑποστροφῆς
3179 3505 3668 3574 συλλαμϐάνεσθαι.
3705 3507 3765 3560 '0
3788 3507 3844 3560 δὲ
3873 3506 4122 3576 βασιλεὺς

2543 3598 2751 3669 βαρέως
2808 3596 3066 3667 ἐνεγκὼν,
3113 3597 3239 3649 τάδε
3279 3597 3575 3666 Ἀθανασίῳ
3623 3597 3850 3668 γράφων
3896 3597 4123 3668 ἠπείλη-

2541 3707 2599 3742 σε
2631 3691 2766 3759 (35).
2788 3690 2967 3759 Μέρος
2998 3675 3288 3759 ἐπιστολῆς
3314 3689 3408 3742 τοῦ
3434 3688 3712 3759 βασιλέως·
3734 3691 3914 3760 Ἔχων
3945 3689 4122 3742 τοίνυν

2544 3781 2645 3851 τῆς
2692 3782 2831 3852 ἐμῆς
2867 3780 3059 3852 βουλῆς
3093 3781 3154 3834 τὸ
3201 3779 3509 3852 γνώρισμα,
3543 3783 3677 3834 πᾶσι
3710 3784 3823 3844 τοῖς
3861 3781 4120 3852 βουλομέ-

2539 3889 2650 3935 νοις
2682 3872 2762 3935 είς
2796 3872 2895 3942 τὴν
2942 3870 3266 3941 Ἐκκλησίαν
3309 3870 3586 3936 εἰσελθεῖν,
3628 3871 3905 3924 ἀκώλυτον
3945 3872 4120 3943 παράο

2542 3982 2670 4034 σχου
2693 3963 2794 4035 τὴν
2819 3963 3040 4017 εἴσοδον.
3088 3962 3215 4017 Ἐὰν
3247 3962 3356 4034 γὰρ
3383 3963 3497 4032 ’γνῶ
3522 3962 3596 4025 ώς
3625 3963 3943 4025 κεκώλυκας
3970 3964 4120 4026 τινὰς

2540 4059 2718 4114 αὐτῶν
2745 4058 2843 4128 τῆς
2878 4056 3204 4127 Ἐκκλησίας
3239 4057 3750 4127 μεταποιουμένους,
3779 4057 3811 4126 ἥ
3852 4056 4118 4126 ἀπεῖρξας

2537 4149 2639 4218 τῆς
2674 4149 2899 4209 εἰσόδου,
2929 4146 3212 4202 ἀποστελῶ
3235 4147 3574 4219 παραχρῆμα
3601 4147 3691 4201 τὸν
3715 4148 4120 4220 καθαιρήσοντά

2541 4252 2600 4287 σε
2645 4237 2703 4300 ἐξ
2734 4237 2873 4305 ἐμῆς
2912 4236 3230 4300 κελεύσεως,
3269 4237 3362 4289 καὶ
3393 4237 3502 4290 τῶν
3534 4237 3714 4290 τόπων
3751 4238 4118 4307 μεταστήσον-

2536 4341 2625 4377 τα.
2665 4324 2850 4376 Ταῦτα
2901 4326 3138 4395 ἔγραφεν
3181 4328 3211 4380 ὁ
3257 4328 3528 4397 βασιλεὺς,
3568 4327 3663 4381 τοῦ
3714 4328 4119 4391 λυσιτελοῦντος

2538 4414 2839 4483 γινόμενος,
2880 4415 2972 4468 καὶ
3016 4417 3090 4485 μὴ
3136 4416 3456 4488 βουλόμενος
3493 4421 3593 4492 τὴν
3629 4421 3956 4492 Ἐκκλησίαν
4002 4421 4117 4475 διαο

2541 4506 2778 4560 σπᾶσθαι
2809 4507 2942 4576 (36).
2993 4508 3132 4571 Τοὺς
3179 4509 3288 4580 γάρ
3325 4509 3534 4573 πάντας
3587 4512 3681 4563 ἐπὶ
3733 4513 3834 4582 τὴν
3867 4511 4118 4582 ὁμόνοιαν

864 4615 971 4672 pne
993 4601 1239 4665 curabat,
1287 4609 1348 4654 ut
1390 4615 1581 4656 omnes
1623 4600 1692 4656 ad
1735 4601 2083 4656 concordiam
2129 4599 2434 4656 reduceret.
2470 4588 2514 4644 ι)
2541 4601 2647 4669 ἄγει

2334 4608 2434 4656 ret.
2470 4588 2514 4644 ι)
2541 4601 2694 4669 ἄγειν
2730 4599 3043 4665 ἐσπούδαζε.
3081 4601 3215 4654 Τότε
3261 4601 3327 4670 δὴ
3373 4601 3560 4673 καιρὸν
3601 4601 3855 4672 εὔκαιρον
3903 4604 3952 4655 ot
3991 4603 4117 4670 περὶ

863 4691 1022 4748 Tunc
1063 4693 1229 4764 igitur
1271 4693 1597 4761 Euscbiani,
1641 4694 1736 4764 qui
1777 4693 2040 4749 adversus
2077 4691 2436 4748 Athanasium

2542 4691 2798 4746 Εύσέὸιον
2826 4690 3115 4762 εὑρηκέναι
3142 4691 3483 4763 νομίσαντες,
3512 4692 3765 4762 ἀπεχθῶς
3794 4691 3929 4765 πρὸς
3961 4692 4119 4748 Ἀθα-

2039 4876 2310 4934 VALESII
2350 4874 2904 4933 ANNOTATIONES.

938 5011 1048 5093 (‘33.)
1074 5012 1175 5093 ξῗις
1207 5012 1415 5093 fraga
1475 5011 1835 5093 τοῦ-ματρὸς
1859 5011 1954 5066 καὶ
1998 5012 2292 5093 τοῦ-Υἱοῦῄ
2329 5014 2430 5093 καὶ

865 5083 971 5137 τοῦ
996 5083 1168 5150 ἁγίου
1199 5084 1559 5152 [Ir-stipatae.
1589 5084 1718 5137 Post
1758 5084 1872 5137 haec
1917 5084 2087 5137 verba
2107 5083 2300 5138 deerat
2343 5084 2431 5138 in-

868 5162 1022 5222 tegra
1058 5151 1338 5221 pericope,
1383 5168 1546 5222 quam
1569 5169 1637 5209 ex
1660 5152 1851 5207 codice
1897 5152 2098 5208 Leonis
2118 5154 2328 5218 Allatii,
2377 5162 2433 5208 et

863 5240 934 5282 ex
983 5223 1276 5293 Sozomeni
1300 5223 1394 5278 lib.
1433 5239 1490 5286 ll,
1517 5238 1637 5293 cap.
1664 5223 1753 5286 27,
1778 5223 2176 5293 supplevimus.

989 5239 1276 5301 Sozornent
1300 5239 1394 5278 un.
1433 5239 1490 5286 ll,
1517 5239 1637 5293 cap.
1664 5239 2176 5350 unsupglevimus.
2387 5294 2398 5306 _

937 5292 1048 5364 (347)
1079 5295 1154 5359 Tn
1197 5292 1546 5364 ξΕκκληοῄίᾳ.
1574 5295 1632 5348 In
1661 5294 1854 5364 codice
1921 5302 2111 5362 egioet
2132 5295 2275 5364 apud
2300 5294 2432 5364 Epi-

868 5363 1170 5439 phapiurl
1191 5362 1410 5439 Schol._
1457 5363 1548 5439 h_ic
1610 5363 1772 5439 _lo_c_us
1806 5362 2254 5439 _interpungitur
2329 5362 2434 5419 tioc

868 5431 1069 5515 inodo':
1098 5434 1175 5502 Τῇ
1198 5434 1547 5515 μητρξὴμῶν
1572 5437 1638 5515 τῇ
1669 5431 2008 5515 Ἐκκλησία(
2035 5431 2236 5515 δηλαδὴ
2275 5451 2429 5506 περι-

864 5501 1311 5580 “pg-Ligeaque.
1345 5501 1777 5580 Quaedistinctio
1808 5501 1917 5580 non
1943 5501 2216 5580 displicet.

938 5542 1049 5643 (3'35
1063 5542 1330 5641 mea“;
1348 5542 2216 5641 ’ἧῖὶεῖίᾶἷὲὲῒῗῦὁὲἵίεἷὲῖτὲῖἱὲ
2255 5575 2428 5632 codex

868 5641 1215 5716 _l"_l0ren_tinus
1240 5643 1354 5716 haec
1380 5643 1566 5701 addit:
1596 5645 1777 5715 Μέρος
1810 5645 2094 5711 ἐπιπολῆς
2143 5646 2238 5700 τοῦ
2280 5646 2430 5716 βασι-

864 5711 1018 5774 λέως.
1047 5711 1177 5778 Quae
1208 5713 1432 5767 omnino
1457 5711 1766 5769 necessaria
1789 5723 1938 5777 sunt,
1969 5724 2031 5769 ut
2052 5717 2224 5772 lector
2265 5711 2426 5772 intel-

865 5782 995 5858 ligat
1020 5798 1128 5836 non
1155 5784 1417 5854 integram
1441 5783 1793 5858 imperatoris
1827 5786 2134 5858 epistolam.
2178 5787 2272 5858 sed
2308 5789 2433 5858 ejus

849 5850 1127 5924 duntaxat
1158 5850 1367 5930 partem
1419 5850 1640 5931 apponi.
1666 5857 1829 5913 Certe
1858 5850 2188 5914 Athanasius
2211 5857 2266 5914 in
2290 5850 2433 5930 Apo—

2531 5016 2775 5098 logetico
2826 5033 2864 5098 ιι
2901 5015 3447 5098 adversusArianos.
3473 5029 3542 5096 ex
3577 5029 3702 5098 quo
3733 5013 4114 5098 hzec‘desum-

2532 5085 2643 5156 psit
2671 5087 2945 5151 Socrates,
2977 5087 3119 5141 hanc
3141 5086 3486 5156 Constantini
3510 5085 3794 5156 epistolam
3813 5085 4112 5146 adducens,

2531 5155 2725 5210 eadem
2748 5157 2917 5211 verba
2943 5157 3276 5227 praeposuit;
3328 5155 3590 5227 additque
3636 5155 3778 5209 hanc
3821 5156 4112 5227 epistolam

2532 5228 2796 5294 perlatam
2820 5225 3350 5281 esse’Ale’xandriam
3371 5241 3400 5278 a
3427 5225 3702 5295 Syncletio
3723 5235 3778 5280 et
3807 5225 4115 5279 Gaudentio

2534 5297 2811 5364 palatinis.
2855 5297 2963 5351 Sed
3007 5297 3156 5365 quod
3200 5298 3278 5351 ait
3322 5295 3600 5357 Socrates,
3659 5295 3850 5350 Arium
3893 5295 4113 5349 venisse

2535 5366 2941 5433 Alexandriam,
2978 5367 3033 5421 id
3078 5383 3189 5422 non
3229 5366 3367 5422 dicit
3391 5365 3743 5430 Athanasius,
3770 5382 3871 5420 nec
3918 5377 4112 5419 verum

2567 5445 2682 5490 uto.

2527 5451 2703 5578 pagg)
2717 5507 2833 5572 Τὴν
2847 5507 3205 5578 Ἐκκλησίαν
3229 5506 3614 5563 διασπᾶσθαι.
3629 5508 3758 5562 Post
3784 5507 3910 5578 hazc-
3920 5503 4109 5564 verba,

2523 5575 3010 5646 ex'manuscriptis
3038 5578 3325 5632 codicibus
3357 5578 3697 5638 Florentino,
3749 5575 4026 5631 Sfortiano
4055 5582 4113 5646 et

2528 5648 2728 5701 Leonis
2743 5643 2946 5708 Allatii,
2978 5649 3244 5717 integram
3257 5649 3550 5717 periodum
3563 5647 3894 5708 addidimus,
3907 5659 4030 5717 quae
4054 5643 4110 5696 in

2525 5719 2762 5786 vulgatis
2829 5713 3172 5773 cditionibils
3227 5713 3680 5772 desiderabatur:
3730 5713 3937 5771 eadem
3991 5713 4110 5786 fere

2527 5783 2699 5862 verba
2717 5787 2883 5841 habet
2907 5789 3250 5843 Sozomenus
3273 5789 3328 5842 in
3355 5789 3499 5862 libro
3523 5789 3789 5857 secundo,
3816 5786 3992 5862 capite
4016 5783 4108 5854 22,

2527 5857 2595 5915 ad
2622 5859 2847 5925 calcem,
2869 5866 3080 5917 mutato
3104 5867 3315 5918 tantum
3341 5858 3558 5916 ordine.
