4514 6578
483 448 584 506 153

1462 453 1786 510 HISTORIA
1823 452 2355 511 ECCLESlASTlCA
2417 487 2486 496 —
2526 456 2653 510 LIB.
2697 457 2739 510 l.

3634 465 3736 521 154

474 565 657 619 νάσιον
702 562 938 633 ἔχοντες,
985 563 1084 634 τὴν
1133 563 1227 618 τοῦ
1264 564 1527 634 βασιλέως
1572 565 1748 635 λύπην
1787 567 2059 640 ὑπουργὸν
2091 578 2130 631 Α
2163 567 2257 622 hos

1948 567 2059 636 »τὸν
2091 578 2130 631 Α
2163 567 2347 622 hostili
2369 567 2498 623 odio
2541 567 2870 638 ﬂagrabant,
2905 578 3280 640 opportunum
3305 588 3364 627 se
3391 582 3608 644 tempus
3631 590 3731 631 na—

474 654 778 725 ὲλάμϐανον
816 653 912 707 τοῦ
949 655 1080 708 ίδίου
1117 656 1344 710 σκοποῦ.
1377 658 1485 710 Καὶ
1523 657 1608 710 διὰ
1639 659 1798 712 τοῦτο
1819 658 2053 724 ἐκύκων,

475 743 803 813 ἀποκινῆσαι
825 744 987 799 αὐτὸν
1010 746 1109 816 τῆς
1130 746 1436 818 ἐπισκοπῆς
1473 749 1879 812 σπουδάζοντες·
1913 749 2056 803 οὕτω

475 837 584 907 γάρ
621 835 846 907 ἧλπιξον
877 837 1055 907 μόνως
1092 837 1192 908 τὴν
1228 839 1507 910 Ἀρειανὴν
1537 839 1695 905 δόξαν
1733 844 2049 912 κρατήσειν,

489 930 804 984 Ἀθανισίου
850 929 1093 984 ἐκποδὼν
1146 930 1452 1001 γινομένου.
1497 933 2054 1005 Συμπαρατάττονται

476 1018 567 1076 οὖν
608 1025 727 1076 κατ’
775 1021 964 1089 αὑτοῦ,
1013 1023 1270 1087 Εὐσέϐιος
1322 1025 1350 1077 ὁ
1401 1024 1788 1096 Νικομηδείας,
1830 1025 2056 1094 Θέογνις

478 1119 727 1181 Νικαίας,
782 1117 964 1188 Μάρις
998 1117 1357 1186 Χαλκηδόνος,
1397 1117 1700 1188 Οὖρσάκιος
1747 1118 2053 1188 Σιγγιδόνος

475 1211 575 1282 τῆς
619 1212 731 1266 άνω
774 1210 1007 1273 Μυσίας,
1052 1209 1148 1264 καὶ
1174 1209 1386 1281 Οὐάλης
1427 1208 1688 1280 Μουρσῶν
1719 1209 1819 1281 τῆς
1850 1210 2054 1264 Παννο-

477 1302 612 1366 νίας.
643 1294 803 1355 Οὗτοι
836 1299 1155 1370 μισθοῦνται
1182 1299 1335 1364 τινὰς
1365 1301 1464 1371 τῆς
1485 1300 1742 1354 Μελιτίου
1766 1300 2052 1373 αἱρέσεως,

476 1396 570 1450 καὶ
601 1394 890 1465 διαφόρους
937 1392 1078 1448 κατὰ
1136 1391 1454 1446 Ἀθανασέου
1500 1393 1834 1464 κατηγορίας
1868 1393 2054 1463 ἐκίνη-

478 1505 596 1542 σαν.
642 1487 754 1539 Καὶ
789 1485 1004 1558 πρῶτον
1042 1486 1141 1555 μὲν
1186 1485 1274 1539 διὰ
1318 1485 1549 1547 Ἰσίωνος
1589 1488 1684 1538 καὶ
1727 1485 2055 1556 Εὐδαίμονος

475 1582 569 1634 καὶ
587 1580 906 1634 Καλλινίκου
930 1579 1040 1647 ('57)
1059 1577 1417 1642 Μελιτιανῶν,
1433 1576 1682 1646 διαϐολὴν
1707 1577 2051 1650 ἐργάζονται,

473 1675 550 1737 ὡς
591 1674 910 1727 Ἀθανασίου
948 1672 1098 1742 λινῆν
1131 1671 1333 1742 ἐσθῆτα
1365 1671 1537 1724 τελεῖν
1574 1672 1700 1734 τοὺς
1726 1671 2054 1740 Αἰγυπτίους

470 1771 538 1839 τῇ
572 1765 960 1836 Ἀλεξανδρέων
1005 1763 1300 1834 Ἐκκλησία
1326 1762 1702 1826 κελεύσαντος.
1741 1763 1901 1816 Ἀλλὰ
1920 1763 2054 1816 ταύ-

472 1877 571 1930 την
603 1858 702 1928 μὲν
742 1857 839 1929 τὴν
869 1857 1144 1926 διαϐολὴν,
1197 1855 1446 1920 Ἀλύπιος
1485 1857 1580 1909 καὶ
1620 1857 1902 1926 Μακάριος
1938 1855 2051 1927 (58)

2155 667 2272 712 ctos
2292 673 2412 714 esse
2434 658 2705 722 arbitrati,
2732 657 2999 730 principis
3015 659 3444 731 indignationem
3471 672 3732 734 tanquam

2154 754 2460 809 ministram
2489 755 2558 809 ad
2574 755 2837 825 propositi
2860 755 2946 810 sui
2986 757 3396 810 exsecutionem
3419 768 3726 812 assumunt.

2151 843 2328 913 Atque
2350 845 2458 916 63
2483 845 2556 899 ob
2591 845 2733 900 hanc
2766 859 2987 899 causam
3023 854 3222 899 cuncta
3257 847 3490 901 miscere
3513 862 3578 902 ac
3600 863 3728 918 per-

2152 935 2377 990 turbare
2399 944 2709 1006 coeperunt,
2736 946 2800 992 ut
2837 937 3197 992 Athanasium
3230 937 3549 1008 episcopatu
3588 939 3729 1010 deji-

2152 1036 2362 1084 cerent.
2389 1029 2577 1100 Neque
2602 1029 2771 1096 enim,
2801 1031 2907 1086 nisi
2946 1039 3158 1086 remoto
3185 1030 3499 1095 Athanasio,
3537 1046 3728 1101 spera-

2152 1119 2287 1173 bant
2307 1119 2423 1176 fore
2448 1129 2508 1175 ut
2528 1120 2727 1175 Ariana
2751 1121 2938 1192 opinio
2961 1123 3300 1192 praevaleret.
3327 1121 3499 1193 Igitur
3537 1121 3729 1176 adver-

2153 1228 2247 1268 sus
2268 1227 2418 1277 eum,
2443 1211 2600 1283 quasi
2637 1213 2907 1268 consertis
2948 1215 3153 1277 scutis,
3195 1213 3414 1268 irruunt
3453 1212 3727 1269 Eusebius

2151 1304 2590 1360 Nicomediensis
2609 1305 2918 1374 episcopus,
2949 1305 3225 1376 Theognis
3246 1306 3520 1370 Nicatnus,
3565 1306 3731 1360 Maris

2153 1395 2536 1460 Chalcedonis,
2560 1395 2820 1452 Ursacius
2841 1396 3129 1468 Singiduni
3165 1398 3469 1469 superioris
3503 1398 3726 1463 Mtesiae,

2153 1497 2209 1543 et
2246 1488 2447 1543 Valens
2477 1487 2672 1544 Mursze
2704 1489 2762 1544 in
2799 1491 3070 1561 superiori
3110 1491 3392 1546 Pannonia
3415 1491 3726 1561 episcopus.

2153 1581 2222 1636 lli
2245 1580 2511 1653 quosdam
2535 1596 2566 1636 e
2589 1581 2880 1636 Melitianis
2903 1581 3157 1637 mercede
3181 1581 3520 1646 conducunt,
3558 1590 3616 1635 et
3639 1598 3730 1636 va-

2154 1675 2262 1729 rias
2284 1674 2548 1728 adversus
2567 1673 2926 1728 Athanasium
2949 1675 3191 1730 excitant
3227 1673 3625 1729 accusationes.
3651 1673 3731 1728 Ac

2152 1766 2391 1836 primum
2417 1765 2639 1834 quidem
2665 1782 2764 1836 per
2786 1767 3042 1831 lsioncm,
3070 1767 3460 1822 Eudaamonem
3485 1774 3542 1821 et
3561 1766 3729 1822 Calli-

2153 1857 2338 1911 nicum
2383 1856 2726 1921 Melitianos,
2775 1857 3108 1912 calumniam
3153 1857 3522 1920 concinnant,
3571 1859 3729 1926 quasi

473 1951 829 2025 πρεσϐὐτεροι
861 1949 961 2019 τῆς
993 1947 1408 2018 Ἀλεξανδρέων,
1436 1947 1557 2001 τότε
1582 1948 1836 2020 τυχηρῶς
1865 1949 1924 2002 ὲν
1946 1948 2046 2001 Νι-
2080 1933 2122 1992 Β
2147 1949 2253 2005 Ath

1947 1948 2046 2001 Νι-
2080 1933 2122 1992 Β
2147 1949 2480 2005 Athanasius
2500 1947 2781 2020 Egyptios
2798 1949 2998 2003 lineam
3021 1958 3226 2003 vestem
3245 1948 3482 2019 pendere
3499 1949 3730 2003 Alexan-

471 2044 734 2116 κομηδείᾳ
779 2043 1137 2113 τυγχάνοντες
1183 2041 1538 2104 κατέσϐεσαν,
1577 2041 1746 2114 ψευδῆ
1793 2041 1861 2097 τὰ
1908 2041 2049 2096 κατὰ

481 2134 797 2189 Ἀθανασίου
831 2132 1090 2204 λεχθέντα
1135 2132 1441 2197 διδάξαντες
1489 2128 1627 2187 εἶναι
1669 2133 1760 2187 τὸν
1801 2132 2048 2202 βασιλέα.

467 2230 560 2284 Διὸ
589 2230 698 2283 τῶν
738 2228 836 2299 μὲν
873 2227 1192 2298 κατηγόρων
1233 2226 1322 2280 διὰ
1349 2227 1692 2298 γραμμάτων
1731 2230 1760 2282 ὁ
1797 2226 2051 2298 βασιλεὺς

468 2320 770 2391 καθήψατο’
814 2319 1130 2374 Ἀθανάσιον
1167 2317 1223 2371 δὲ
1256 2319 1392 2389 πρὸς
1427 2318 1618 2372 ἑαυτὸν
1658 2317 1832 2371 ἐλθεῖν
1879 2335 2050 2390 προσ-

467 2413 752 2486 ετρέψατο.
785 2413 956 2484 Πρινὴ
984 2412 1040 2464 δὲ
1063 2413 1282 2482 ἐπιστῇ,
1309 2410 1613 2481 φθάσαντες
1646 2412 1696 2464 οί
1723 2411 1850 2482 περὶ
1885 2411 2048 2464 Εὐσέ-

469 2510 605 2566 ϐιον.
643 2507 834 2576 ἑτέραν
864 2505 1288 2558 ὲπισυνάπτουσι
1317 2504 1381 2572 τῇ
1414 2503 1654 2575 προτέρᾳ
1678 2504 1918 2575 διαϐολῇ,
1955 2505 2050 2558 καὶ

469 2593 650 2663 πολλῷ
679 2595 778 2664 τῆς
804 2593 1075 2663 προτέρας
1103 2592 1341 2663 χείρονα·
1369 2592 1444 2656 ὡς
1484 2592 1797 2658 Ἀθανάσιος
1828 2595 2048 2647 ἐπιϐου-

467 2685 638 2740 λεύων
696 2688 807 2750 τοῖς
866 2685 1128 2756 βασιλέως
1191 2685 1500 2756 πράγμασι,
1567 2686 1876 2757 Φιλουμένῳ
1943 2687 2050 2740 τινὶ

468 2777 680 2849 ἔπεμψε
702 2778 1084 2849 γλωσσόκομον
1107 2777 1311 2848 πλῆρες
1332 2779 1575 2848 χρυσίου.
1613 2777 1772 2832 Ἀλλά
1800 2779 1926 2847 περὶ
1951 2778 2050 2849 μὲν

465 2874 655 2927 τούτου
686 2873 714 2924 ὁ
745 2871 996 2942 βασιλεὺς
1037 2872 1094 2923 ὲν
1124 2869 1412 2940 Ψαμαθίᾳ,
1446 2872 1768 2941 προάστειον
1809 2871 1863 2923 δὲ
1893 2871 2052 2926 τοῦτο

467 2963 565 3033 τῆς
612 2961 977 3031 Νικομηδείας
1019 2961 1153 3024 ἐστὶ,
1205 2961 1474 3029 διαγνοὺς,
1519 2961 1612 3014 καὶ
1667 2960 1840 3014 ἀθῶον
1874 2962 2050 3032 εὑρὼν

481 3053 816 3118 ’Λθανάσιον,
845 3053 980 3122 μετὰ
1001 3055 1165 3122 τιμῆς
1195 3051 1490 3123 ἐξέπεμψε.
1523 3052 1739 3125 γράψας
1774 3055 1838 3122 τῇ
1879 3054 2051 3119 Ἀλεξ-

469 3146 708 3217 ανδρέων
742 3145 1058 3215 Ἐκκλησία,
1081 3145 1161 3197 ὅτι
1193 3144 1368 3198 αὐτῶν
1403 3143 1699 3206 ἐπίσκοπος
1737 3145 2048 3208 Ἀθανάσιος

2151 2041 2323 2097 drinte
2356 2041 2616 2096 Ecclesiae
2651 2041 2924 2112 jussisset.
2965 2040 3072 2096 Sed
3111 2041 3253 2096 hanc
3288 2041 3730 2096 criminationem

2151 2133 2378 2205 Alypius
2421 2141 2478 2188 et
2532 2133 2804 2188 Macarius
2862 2133 3168 2204 presbyteri
3231 2132 3729 2188 Alexandrinorum

2150 2226 2444 2289 Ecclesiae,
2483 2224 2576 2295 qui
2623 2232 2738 2278 tum
2785 2223 2927 2281 forte
2974 2223 3305 2278 Nicomediae
3345 2225 3729 2287 versabantur,

2151 2317 2332 2372 statim
2372 2317 2692 2380 restinxero,
2736 2316 3122 2386 imperatorem
3161 2317 3423 2371 docentes
3443 2315 3576 2371 falsa
3611 2333 3731 2371 esse

2149 2426 2270 2480 qua:
2313 2420 2506 2463 contra
2549 2407 2912 2464 Athanasium
2959 2407 3298 2462 dicerentur.
3362 2407 3729 2474 Quamobrem

2149 2503 2449 2573 imperator
2471 2510 2820 2556 accusatores
2841 2501 3064 2572 quidem
3087 2517 3184 2572 per
3206 2501 3417 2556 litteras
3437 2502 3732 2572 reprehen-

2150 2596 2264 2661 dit;
2291 2595 2651 2649 Athanasium
2678 2611 2811 2649 vero
2837 2604 2898 2649 ut
2924 2594 2992 2649 ad
3024 2611 3083 2650 se
3117 2595 3329 2650 veniret
3352 2596 3602 2650 hortatus
3627 2604 3727 2650 est.

2150 2689 2350 2743 Verum
2397 2688 2715 2752 Eusebiani,
2744 2688 3040 2743 adventum
3097 2689 3245 2743 illius
3298 2689 3730 2758 przevenientes,

2149 2781 2312 2836 aliam
2338 2780 2521 2836 denuo
2545 2789 2847 2836 contexunt
2869 2781 3201 2836 calumniam
3222 2820 3238 2846 ,
3281 2796 3512 2849 eamque
3549 2779 3732 2850 priore

2151 2874 2242 2927 illa
2286 2873 2445 2944 longe
2492 2874 2843 2944 graviorem:
2883 2873 3040 2944 quasi
3088 2872 3421 2927 Athanasius
3464 2871 3733 2926 adversus

2150 2966 2454 3036 principem
2481 2965 2822 3036 conspirans,
2847 2966 3087 3020 loculum
3111 2981 3246 3020 auro
3269 2965 3491 3035 plenum
3536 2963 3728 3021 Philu—

2150 3073 2312 3112 meno
2337 3057 2555 3113 cuidam
2583 3057 2840 3112 misisset.
2871 3057 2976 3113 Sed
3005 3073 3130 3112 cum
3175 3057 3472 3126 imperator
3509 3057 3625 3128 ipse
3663 3056 3734 3112 de

2151 3150 2256 3204 hoc
2282 3150 2504 3220 quidem
2546 3150 2778 3205 crimine
2817 3149 3164 3221 cognovisset
3198 3149 3542 3216 Psamathize,
3583 3149 3729 3220 quod

467 3238 674 3307 ψευδῶς
722 3237 1049 3307 διεϐέϐλητο.
1110 3234 1210 3291 Οἷα
1253 3236 1433 3308 μέντοι
1476 3235 1788 3306 μεταταῦτα
1828 3237 1877 3290 οἱ
1925 3239 2050 3308 περὶ
2077 3282 2117 3340 C
2151 3249 2236 3295 est

1948 3239 2050 3308 περὶ
2077 3282 2117 3340 C
2151 3249 2236 3295 est
2280 3241 2660 3296 suburbanum
2703 3241 3067 3304 Nicomediae,
3117 3249 3174 3296 et
3218 3240 3566 3295 innocentem
3611 3256 3731 3294 esse

470 3329 730 3383 Εὑσέϐιον
773 3329 914 3382 κατὰ
953 3329 1270 3382 Ἀθανασίου
1304 3327 1612 3389 συνέθεσαν.
1646 3328 1807 3382 καλὸν
1856 3329 1954 3398 μὲν
1981 3324 2048 3400 ἦν
2079 3324 2117 3340 ν
2147 3332 2252 3387 Ath

1946 3324 2048 3400 ’ἦν
2079 3324 2117 3340 ν
2147 3332 2510 3387 Athanasium
2554 3333 2944 3403 comperisset,
2989 3332 3294 3387 honoriﬁce
3337 3347 3463 3387 eum
3502 3332 3729 3396 dimisit,

467 3424 562 3475 καὶ
602 3422 808 3492 πρέπον
849 3423 977 3492 σιγῇ
1010 3420 1364 3492 παραδοῦναι,
1407 3420 1490 3473 ἵνα
1521 3421 1596 3492 μὴ
1631 3423 1663 3491 ἡ
1692 3421 1786 3474 τοῦ
1813 3421 2048 3493 Χριστοῦ

481 3513 775 3582 Ἐκκλησία
823 3513 929 3566 ὑπὸ
964 3514 1072 3566 τῶν
1105 3513 1179 3583 μὴ
1211 3512 1550 3583 φρονούντων
1590 3513 1656 3567 τά
1686 3513 1780 3566 τοῦ
1812 3513 2049 3585 Χριστοῦ

467 3606 965 3676 καταγινώσκηται.
1029 3605 1246 3676 Ἐπειδὴ
1315 3606 1371 3658 δὲ
1428 3606 1723 3676 ἐγγράφως
1778 3607 2050 3661 ἐπιδοθέν-

465 3716 534 3753 τα
559 3699 690 3768 (59),
732 3696 942 3768 φανερὰ
975 3699 1086 3757 τοῖς
1115 3699 1282 3749 πᾶσιν
1316 3697 1553 3765 ἐγένετο,
1597 3697 1842 3752 διατοῦτο
1883 3700 2051 3768 άναγ-

468 3791 618 3842 καῖον
671 3786 964 3857 ἡγησάμην
1011 3785 1086 3848 ὡς
1122 3779 1232 3837 οἷόν
1275 3802 1331 3838 τε
1371 3784 1458 3838 διὰ
1490 3785 1733 3856 βραχέων
1779 3786 1952 3840 εἰπεῖν
1979 3786 2049 3838 τὰ

469 3877 777 3948 ἰδιαζούσης
805 3874 1186 3948 πραγματείας
1210 3875 1459 3946 δεόμενα.
1487 3877 1649 3929 Ὅθεν
1672 3876 1729 3930 δὲ
1761 3878 1795 3947 ἡ
1824 3877 1926 3948 τῆς
1956 3895 2049 3930 συ.

466 3971 762 4040 κοφαντίας
790 3968 1046 4032 ὑπόθεσις
1081 3968 1174 4021 καὶ
1201 3969 1250 4021 oi
1277 3967 1374 4032 τὰς
1399 3969 1765 4038 συκοφαντίας
1793 3971 2047 4042 κινήσαν-

465 4081 554 4127 τες
591 4062 781 4117 ἔλαϐον
807 4062 906 4132 τὴν
932 4060 1124 4132 ἀρχὴν,
1163 4061 1252 4114 διά
1297 4060 1544 4133 βραχέων
1573 4061 1705 4134 ἐρῶ.
1745 4061 2049 4135 Μαρεώτης

464 4157 620 4226 χώρα
642 4155 752 4225 (40)
783 4154 883 4225 τῆς
911 4152 1314 4219 Ἀλεξανδρείας
1334 4153 1472 4208 ἐστί.
1504 4153 1706 4225 Κῶμαι
1733 4153 1791 4207 δέ
1820 4156 1958 4208 εἰσιν
1993 4156 2050 4208 ὲν

2150 3424 2292 3478 datis
2318 3423 2384 3478 ad
2408 3423 2902 3477 Alexandrinorum
2930 3423 3232 3477 Ecclesiam
3259 3423 3463 3476 litteris
3483 3463 3497 3486 ,
3527 3423 3732 3492 quibus

2153 3512 2462 3567 testabatur
2510 3513 2831 3581 episcopum
2878 3511 3124 3580 ipsorum
3153 3509 3289 3564 falso
3326 3509 3380 3564 in
3404 3511 3611 3564 crimen
3636 3526 3732 3563 vo-

2153 3612 2335 3658 catum
2361 3603 2547 3657 fuisse.
2577 3602 2709 3668 Qua:
2730 3618 2860 3657 vero
2885 3603 3115 3672 posthac
3153 3602 3445 3657 Eusebiani
3470 3601 3734 3656 adversus

2154 3693 2513 3748 Athanasium
2538 3694 2710 3748 moliti
2736 3694 2963 3759 fuerint,
2991 3711 3291 3765 congruum
3316 3695 3538 3764 quidem
3560 3695 3731 3749 hone-

2155 3793 2414 3854 stumque
2451 3793 2598 3839 esset
2633 3785 2855 3840 silentio
2891 3785 3197 3854 prteterirc,
3245 3800 3321 3838 ne
3357 3785 3425 3838 ab
3463 3784 3550 3837 his
3585 3784 3734 3853 quia

2153 3877 2360 3932 Christi
2388 3876 2493 3931 ﬁde
2518 3877 2680 3931 alieni
2709 3885 2858 3941 sunt,
2889 3877 3094 3932 Christi
3123 3877 3520 3932 condemnetur
3543 3876 3733 3930 Eccle-

2155 3969 2254 4024 sia.
2283 3969 2389 4024 Sed
2414 3969 2696 4039 quoniam,
2713 3978 2903 4040 utpote
2921 3969 3137 4039 scriptis
3162 3968 3380 4032 tradita,
3405 3967 3471 4022 ad
3490 3967 3737 4022 omnium

2158 4061 2408 4116 notitiam
2432 4069 2841 4132 pervenerunt,
2870 4061 3079 4113 ideirco
3117 4059 3488 4114 necessarium
3524 4060 3732 4129 putavi,

2156 4155 2423 4217 breviter,
2463 4151 2644 4223 quoad
2680 4151 2799 4206 ﬁeri
2835 4161 3035 4223 potest,
3061 4169 3126 4207 ea
3162 4151 3369 4207 referre
3405 4169 3525 4222 qum
3567 4169 3734 4222 pecu~

1666 4307 1938 4363 VALESII
1975 4307 2528 4364 ANNOTATIONES.

535 4405 779 4477 (57).:(21
817 4405 1076 4477 Ἰσίωνος
1111 4406 1208 4477 καὶ
1234 4402 1606 4477 Εὺδᾳίμρνος
1630 4401 2038 4477 xal_Ka.1.lrw’-
2141 4403 2318 4477 δίψης

1949 4403 2038 4453 νί-
2141 4403 2287 4477 δίψη-
2308 4402 2541 4477 scriptas
2557 4417 2676 4456 esse
2705 4401 2838 4477 dicit
2882 4417 3038 4477 anno
3062 4401 3265 4477 Christi
3295 4400 3418 4477 527,
3448 4399 3503 4454 in
3532 4416 3597 4454 eo
3616 4417 3732 4456 ma-

464 4471 596 4531 κοὺ.
631 4471 864 4529 Ἰἰοι-ιιηι
907 4475 1118 4528 mentio
1161 4475 1221 4527 ﬁt
1270 4474 1327 4527 in
1358 4472 1606 4526 lndiculo
1653 4471 2040 4540 episcoporum

2144 4473 2342 4527 nifeste
2374 4473 2598 4536 labitur,
2626 4483 2683 4527 et
2711 4473 2969 4528 dissentit
2992 4474 3060 4527 ab
3105 4472 3426 4535 Athanasio,
3457 4487 3620 4539 quem
3657 4482 3736 4527 ta-

502 4548 634 4600 artis
677 4547 886 4608 Melitii,
911 4559 1073 4614 quem
1103 4543 1413 4614 Alexander
1443 4543 1628 4614 exegit
1643 4557 1688 4614 7a
1715 4541 1938 4614 hlglitio.
1977 4542 2044 4595 Et
2145 4559 2272 4597 men
2306 4544 2358 4596 in
2390 4543 2648 4597 omnibus
2678 4548 2833 4614 sequi
2866 4560 2924 4598 se
2958 4543 3266 4614 proﬁtetur.
3305 4542 3522 4614 Etenim
3561 4542 3736 4596 Atha-

489 4619 607 4670 sion
637 4616 856 4684 quidem
895 4611 1186 4684 episcopus
1217 4622 1338 4668 erat
1380 4613 1434 4666 in
1476 4611 1714 4684 Athribi,
1749 4611 2044 4684 Eudagmon
2147 4614 2357 4675 nasius,
2393 4615 2577 4668 statim
2624 4611 3005 4682 post—litteras
3050 4612 3393 4668 Constantini
3435 4623 3491 4666 et
3549 4614 3735 4681 repul-

465 4687 520 4766 in
547 4681 706 4766 Tatii,
727 4681 1024 4766 Callinicus
1058 4681 1190 4766 vero
1231 4684 1455 4738 Pelusii.
1501 4682 1636 4737 Vide
1682 4681 2046 4737 Athanasium
2082 4711 2126 4766 υ
2150 4700 2264 4766 sam
2296 4684 2434 4766 Arii,
2463 4681 2692 4738 crimina
2719 4685 2808 4739 illa
2841 4702 2872 4740 a
2907 4685 3200 4739 Melitiauis
3229 4684 3409 4738 delata
3443 4698 3565 4736 esse
3596 4683 3734 4737 seri-

464 4757 518 4811 in
543 4757 893 4832 Apologetico
927 4754 1189 4832 secundo.
1261 4824 1272 4832 _
1465 4824 1476 4832 ι
1506 4823 1535 4832 ν·
1699 4823 1711 4832 _
1814 4822 1824 4832 _

536 4823 646 4897 (58)
695 4823 963 4890 ’Ᾰλύπιος
981 4825 1084 4897 καὶ
1104 4824 1421 4897 Μακάριος.
1449 4823 1782 4897 Athanasius
1813 4823 1868 4897 in
1898 4823 2047 4894 Apo-

464 4893 697 4966 logctico
725 4897 881 4966 Apim
906 4896 1074 4950 habet
1105 4911 1206 4964 pro
1233 4895 1426 4966 Alypio
1455 4895 1598 4966 {sed
1632 4896 1810 4966 locum
1841 4893 1897 4947 in
1938 4893 2048 4966 quo

463 4965 858 5024 Constantinus
890 4967 1033 5021 hanc
1073 4965 1433 5035 quaestionem
1477 4965 1690 5027 habuit,
1717 4979 1827 5018 non
1866 4965 2047 5019 nomi-

464 5048 578 5093 nat.
619 5038 874 5092 Socrates
900 5047 1082 5092 tamen
1110 5035 1442 5090 Nicomedia:
1465 5036 1517 5090 id
1544 5035 1746 5090 laetum
1773 5050 1894 5088 esse
1911 5035 2046 5090 scri—

465 5109 564 5163 bit.
591 5111 761 5163 Porro
782 5108 1052 5162 Baronius
1075 5107 1192 5161 hzec
1209 5115 1359 5176 gesta
1387 5122 1507 5160 esse
1531 5106 1700 5160 tradit
1718 5121 1862 5160 anno
1876 5105 2040 5161 Chri-

2154 4755 2236 4808 bit
2264 4755 2331 4808 ad
2365 4755 2776 4824 imperatorem.

2225 4824 2336 4896 (59)
2735 4823 3102 4905 eaeeae-3a.
3127 4825 3338 4880 Mallem
3372 4825 3559 4905 legere
3587 4822 3737 4875 ἐκδο-

2154 4894 2333 4947 θέντα.
2375 4895 2552 4964 Atque
2580 4897 2652 4949 ita
2687 4896 2970 4964 scripsisse
2994 4895 3272 4950 Socratem
3300 4894 3574 4948 existimo.

2229 4965 2338 5035 (40)
2370 4963 2684 5031 Μαρεώτης
2713 4963 2890 5034 χώρα.
2920 4967 3075 5019 llunc
3097 4964 3338 5020 Socratis
3373 4965 3553 5018 locum
3579 4963 3735 5035 valde

2155 5034 2394 5090 illustrat
2422 5035 2755 5090 Athanasius
2774 5036 2828 5089 in
2848 5036 3199 5105 Apologetico
3226 5051 3260 5088 Il
3285 5035 3548 5088 adversus
3583 5034 3738 5088 Aria-

2149 5120 2270 5160 nos.
2296 5106 2466 5189 Cujus
2500 5106 2693 5169 verba,
2729 5107 2962 5189 qui-amb
3001 5105 3735 5189 interprete,male-accepta

398 5218 400 5220 τ
465 5181 532 5233 sti
563 5180 666 5234 διε)
702 5179 877 5249 t.Ego
908 5194 1042 5233 vero
1091 5178 1146 5231 in
1185 5174 1506 5249 sequentem
1552 5192 1754 5249 annum
1795 5176 2050 5249 conferre
2148 5191 2181 5249 ξ

1951 5193 2050 5232 :rre
2148 5186 2299 5249 sunt,
2337 5174 2428 5232 hic
2461 5174 2769 5249 apponam;
2819 5175 3213 5249 'OMapaibtfq;
3249 5174 3401 5249 χώρα
3451 5175 3734 5249 τῆςΑἈλε-

465 5251 670 5306 malim.
711 5247 836 5304 Ηωὲ
856 5251 1003 5305 enim
1029 5256 1154 5319 post
1173 5247 1578 5302 abdicationem
1614 5247 1886 5319 Eustathii
1914 5262 2049 5301 con-

2149 5245 2431 5317 ξανδρείας
2475 5245 2623 5300 ἐστί·
2683 5248 2776 5300 καὶ
2827 5245 3082 5299 οὐδέποτε
3138 5248 3195 5317 έν
3227 5245 3493 5317 τῇμχώρᾳγ
3510 5245 3736 5317 γέγονεν

465 5322 727 5402 tigerunt,
759 5336 882 5402 cum
914 5314 1274 5400 Eusebiusac
1297 5319 1611 5402 Theognius
1629 5319 1710 5402 ab
1737 5318 1931 5402 essilio
1957 5334 2046 5372 re-
2145 5318 2248 5402 ξπίτ

1957 5334 2046 5372 re-
2145 5314 2462 5402 ἐπίσκοπος.
2491 5317 2611 5402 ουδὲ
2631 5317 3040 5402 χωρεπίσκοπος
3062 5332 3075 5344 ο
3105 5316 3240 5400 am
3255 5314 3332 5395 τῷ
3351 5319 3460 5402 τῆςΙ
3485 5314 3734 5402 Ἀλεξαν-

463 5385 630 5453 νόιοδί,
668 5392 957 5445 maximam
1005 5390 1391 5444 auctoritatem
1444 5385 1587 5458 apud
1626 5388 2043 5443 Constantinum
2143 5388 2246 5459 δρει

1954 5404 2043 5442 um
2143 5388 2326 5459 δρείας
2357 5385 2726 5457 ὲπισκόπῴἀὶ
2747 5388 3036 5459 ἐκκλησίαι
3061 5387 3247 5459 πάσης
3274 5385 3374 5459 τῆς
3398 5385 3580 5459 χώρας
3604 5386 3736 5459 331:6-

462 5463 607 5516 nacti
639 5471 841 5516 essent.
868 5461 1025 5527 Quod
1051 5477 1183 5514 vero
1215 5460 1358 5514 idem
1405 5455 1673 5513 Barciiitts
1701 5460 2042 5513 Constantini
2143 5455 2245 5528 κειι

1951 5460 2042 5513 Lini
2143 5455 2346 5528 κεινται
2371 5475 2384 5487 ο
2413 5455 2641 5516 ἕκαστος
2671 5459 2727 5510 δὲ
2763 5458 2871 5510 τῶν
2906 5455 3287 5528 πρεσϐυτέρων
3320 5455 3431 5526 ἔχει
3472 5455 3734 5528 τὰς-ἰδίας

462 5532 677 5590 litteras
698 5533 765 5587 de
801 5525 933 5586 Ario
956 5533 1012 5586 in
1039 5531 1343 5586 Ecclesiam
1362 5530 1681 5601 recipiendo
1703 5531 1770 5584 ad
1796 5530 2042 5584 Athana-
2143 5527 2245 5600 7.th

1949 5546 2042 5584 na-
2143 5527 2357 5600 κώμας,
2399 5530 2680 5600 μεγίστας,
2733 5528 2825 5583 καὶ
2873 5525 3092 5601 ἀριθμῷ
3117 5525 3246 5581 δέκα
3281 5525 3383 5581 που
3418 5527 3515 5581 καὶ
3547 5525 3732 5579 πλείο-

1891 5670 2277 5726 VARIORUM.

541 5759 570 5833 i_
588 5759 855 5833 Baronius
874 5761 1010 5826 haec,
1031 5761 1185 5833 quasi
1203 5760 1440 5817 diversis
1476 5763 1634 5816 annis
1659 5770 1806 5831 gesta
1834 5772 2038 5825 essent,

466 5831 662 5904 recitat
701 5832 898 5904 partim
936 5831 1083 5887 anno
1119 5834 1243 5895 527,
1275 5834 1472 5902 partim
1497 5850 1641 5887 anno
1669 5835 1771 5887 5‘29
1803 5851 1812 5885 :
1852 5835 1904 5886 in
1931 5851 2042 5904 quo

463 5901 752 5961 manifeste
779 5903 1012 5973 labitur;
1045 5911 1106 5962 ut
1138 5914 1196 5964 et
1227 5901 1494 5972 valesius,
1521 5904 1614 5976 qui
1641 5921 1705 5961 ea
1737 5905 1791 5960 in
1837 5901 2042 5962 annum

2147 5763 2252 5816 550
2280 5763 2614 5818 conferenda
2645 5781 2763 5819 esse
2803 5775 3009 5820 censet.
3065 5765 3272 5818 Bienno
3313 5763 3494 5825 citius,
3537 5777 3734 5832 nempe

2151 5835 2308 5963 Egilio
2327 5836 2457 5922 anui
2488 5836 2590 5893 528
2610 5837 2858 5894 evenisse
2889 5832 3179 5893 contendit
3193 5836 3319 5896 Ant.
3346 5834 3470 5907 Pagi
3507 5832 3573 5889 ad
3599 5847 3729 5890 anu.

2153 5920 2187 5961 ο
2266 5947 2280 5963 .
2311 5922 2368 5961 n.
2409 5923 2452 5962 ι.

2153 5920 2280 5976 οτι,
2311 5920 2452 5962 1].].
