4514 6578
814 415 916 472 159

2259 422 2594 486 SOCRATIS

3964 438 4062 494 ιδο

810 537 957 585 serat
979 527 1298 585 convenire.
1321 527 1431 586 Eos
1453 527 1950 602 ergo,priusquam
1972 527 2106 586 illuc
2117 539 2382 592 conveni-
2416 548 2459 604 Α
2489 545 2589 617 divi)

2280 539 2382 592 eni-
2416 548 2459 604 Α
2489 545 2795 617 ἀνήγειρεν.
2835 547 2982 603 ’0δοῦ
3007 543 3100 604 οὖν
3121 548 3421 622 πάρεργον,
3446 545 3706 620 πρότερον
3724 550 3782 602 ὲν
3812 552 3879 620 τῇ
3903 551 4063 623 τύρῳ

814 628 958 686 rent,
985 622 1039 675 in
1063 622 1284 678 civitate
1305 622 1452 694 Tyro
1475 624 1757 689 collectos,
1777 622 1962 680 obiter
1978 639 2198 681 causam
2226 629 2392 686 Atha-

813 711 953 767 nasii
978 713 1247 769 ventilare
1271 716 1552 787 praecepit,
1595 723 1677 782 ut,
1724 719 2082 774 contentione
2132 723 2290 791 prius
2319 724 2388 778 il-

811 802 886 858 lic
909 820 940 858 e
965 804 1150 861 medio
1173 807 1411 873 sublata,
1440 808 1794 865 festivitatem
1833 811 2200 868 dedicationis
2238 821 2391 870 tran-

811 895 1040 963 quillius
1082 908 1431 969 peragerent,
1477 900 1769 956 ecclesiam
1814 903 1928 959 Deo
1970 915 2385 962 consecrantes.

812 985 1152 1044 Tricesimus
1197 990 1290 1046 hic
1334 1000 1456 1046 erat
1502 1008 1682 1048 annus
1738 993 1957 1066 imperii
2010 995 2382 1054 Constantini.

812 1077 990 1133 Porro
1017 1080 1221 1152 Tyrum
1245 1084 1415 1139 variis
1439 1100 1508 1140 ex
1530 1085 1669 1141 locis
1694 1098 2073 1144 convenerunt
2117 1092 2387 1162 episcopi,

812 1187 1044 1228 numero
1069 1177 1373 1248 sexaginta,
1419 1189 1788 1251 congregante
1836 1180 1963 1237 illos
2018 1182 2288 1255 Dionysio
2315 1199 2386 1239 ex

811 1265 1113 1322 consulari.
1155 1268 1267 1339 66
1313 1267 1382 1324 Et
1420 1269 1691 1327 Macarius
1735 1272 1962 1342 quidem
1984 1275 2275 1347 presbyter
2317 1277 2388 1334 ab

813 1354 950 1409 urbe
974 1356 1303 1413 Alexandria
1337 1374 1405 1414 eo
1432 1361 1734 1430 perductus
1756 1370 1842 1417 est
1886 1363 1990 1418 sub
2017 1365 2260 1420 militum
2289 1382 2386 1422 cu-

811 1450 1013 1514 stodia,
1041 1452 1256 1507 catenis
1279 1452 1474 1508 ferreis
1501 1453 1740 1510 vinctus.
1768 1455 2103 1512 Athanasius
2129 1473 2263 1512 vero
2288 1475 2385 1514 oc-

811 1557 1039 1598 currere
1063 1544 1285 1615 quidem
1310 1547 1562 1613 nolebat;
1590 1562 1701 1602 non
1723 1549 1871 1618 quod
1897 1549 2113 1621 objecta
2138 1551 2244 1606 sibi
2273 1554 2386 1607 cri-

812 1635 962 1690 mina
1010 1635 1431 1694 reformidaret:
1483 1639 1688 1709 quippe
1754 1640 1962 1696 nullius
2018 1657 2212 1697 eorum
2278 1646 2383 1701 sibi

810 1727 1066 1782 conscius
1087 1736 1240 1784 erat:
1305 1729 1402 1785 sed
1448 1731 1596 1801 quod
1645 1741 1918 1788 metueret
1958 1750 2028 1790 ne
2075 1738 2209 1807 quid
2261 1741 2376 1796 illic

2495 639 2859 709 συναχθέντας
2889 643 3016 705 τοὺς
3047 642 3403 706 ἐπισκόπους.
3448 643 3517 696 τὰ
3556 642 3698 697 κατᾶ
3750 643 4062 700 ’Δθανάσιον

2493 733 2770 799 γυμνάσαι
2805 734 3173 804 προσέταξεν
3209 735 3360 799 ὅπως
3412 735 3479 790 ἂν
3527 735 3645 789 ἐκεῖ
3689 736 3951 807 πρότερον
3975 740 4063 790 ὲκ-

2491 823 2671 876 ποδὼν
2714 826 3014 897 γενομένης
3041 831 3139 900 τῆς
3167 827 3504 898 ὲρεσχελίας,
3536 828 3955 900 είρηνικώτερον
3995 829 4064 883 τὰ

2489 914 2819 986 ἑπισατήρια
2845 919 2945 987 τῆς
2972 918 3266 987 ἐκκλησίας
3286 918 3660 979 ὲπιτελέσωσι.
3683 919 4064 988 καθιεροῦντες

2489 1005 2661 1075 αὐτὴν
2687 1005 2766 1076 τῷ
2787 1006 2924 1077 Θεῷ.
2958 1008 3292 1078 Τριακοστὸν
3313 1009 3370 1063 δὲ
3397 1009 3513 1072 ἔτος
3541 1005 3609 1079 ἦν
3642 1008 3797 1062 τοῦτο
3826 1009 3936 1079 (45)
3968 1011 4064 1080 τῆς

2491 1093 2767 1164 βασιλείας
2809 1098 3213 1152 Κωνσταντίνου
3261 1105 3325 1152 ο.
3377 1099 3488 1152 Καὶ
3534 1099 3789 1169 παρῆσαν
3829 1100 3923 1152 ἐπὶ
3965 1100 4063 1170 τὴν

2488 1186 2665 1258 Τύρον
2707 1190 2771 1242 ἐκ
2819 1187 3092 1260 διαφόρων
3143 1190 3322 1245 τόπων
3379 1191 3668 1245 ἐπίσκοποι
3705 1191 3797 1244 τὸν
3831 1191 4064 1262 ἀριθμὸν

2487 1279 2770 1350 ἐξήκοντα,
2803 1283 3078 1336 Διονυσίου
3106 1281 3201 1336 τοῦ
3230 1283 3337 1337 ἀπὺ
3358 1283 3639 1338 ὑπατικῶν
3667 1286 4063 1352 συναγαγόντος

2487 1371 2703 1434 αὐτούς.
2749 1371 2854 1425 Καὶ
2887 1374 3053 1443 ἤγετο
3092 1374 3190 1444 μὲν
3221 1375 3508 1445 Μακάριος
3548 1386 3575 1425 Ρ
3624 1378 3653 1430 ὁ
3695 1376 4062 1449 πρεσϐύτερος

2489 1465 2552 1516 ἐκ
2576 1465 2676 1533 τῆς
2704 1463 3105 1536 Ἀλεξανδρείας
3128 1466 3530 1537 σιδηροδέσμιος
3548 1467 3636 1520 διὰ
3665 1468 4062 1539 στρατιωτικῆς

2487 1555 2688 1626 χειρός.
2737 1557 3052 1622 Ἀθανάσιος
3074 1558 3130 1610 δὲ
3183 1557 3490 1628 ἀπαντῆσαι
3536 1559 3638 1612 οὐκ
3686 1558 3958 1623 ἐϐούλετο,
3999 1559 4059 1611 ού

2486 1647 2738 1702 τοσοῦτον
2788 1650 2885 1712 τὰς
2925 1651 3254 1722 κατηγορίας
3297 1649 3724 1720 εὐλαϐούμενος·
3771 1652 3923 1703 οὐδὲν
3953 1653 4059 1722 γὰρ

2485 1739 2594 1792 τῶν
2645 1741 3135 1812 κατηγορουμένων
3181 1743 3511 1810 ἐγίνωσκεν·
3550 1742 3687 1796 ἀλλὰ
3730 1744 4059 1814 φοϐούμενος

811 1830 1004 1876 contra
1031 1821 1255 1878 decreta
1291 1822 1525 1880 Nicena:
1547 1825 1743 1896 synodi
1788 1827 2166 1885 innovaretur.
2212 1832 2383 1889 Vere-
2417 1894 2457 1908 _
2491 1833 2565 1902 μή

2277 1849 2383 1889 :re-
2417 1894 2457 1908 _
2491 1833 2565 1902 μή
2597 1849 2651 1885 τι
2696 1833 3059 1905 καιωτομηθῇ
3091 1836 3240 1906 παρὰ
3271 1834 3342 1887 τὰ
3366 1837 3424 1887 ὲν
3457 1835 3660 1908 Νικαία
3686 1840 3752 1908 τῇ
3786 1838 3907 1890 τότε
3939 1855 4060 1891 συν-

812 1912 978 1968 batur
1004 1923 1184 1970 tamen
1207 1914 1449 1972 minaces
1474 1894 1824 1988 imperatoris
1846 1920 2077 1976 litteras.
2105 1921 2383 1995 Scriptum
2417 1894 2459 1954 Β

2276 1934 2383 1982 tum
2417 1894 2459 1954 Β
2643 1894 3356 1996 συναρέσαντα.”Ἐὸεδοίκει
3386 1927 3494 1998 γὰρ
3537 1927 3608 1982 τὰ
3636 1894 3752 1980 ’τού
3795 1927 4059 1998 βασιλέως

810 2007 959 2061 enim
991 2007 1069 2062 illi
1096 2007 1295 2076 fuerat,
1323 2009 1431 2065 nisi
1458 2019 1655 2082 sponte
1681 2026 1782 2068 sua
1803 2014 2068 2082 venisset,
2111 2016 2166 2070 vi
2204 2018 2386 2074 addu-

810 2108 960 2154 ctum
986 2101 1076 2154 iri.
1102 2101 1273 2173 Igitur
1293 2105 1621 2161 necessitate
1659 2106 1976 2178 compulsus
2043 2108 2224 2166 adfuit
2269 2112 2386 2170 illic

808 2195 973 2248 etiam
1004 2195 1357 2253 Athanasius.

1404 2330 1556 2390 CAP.
1583 2334 1775 2391 XXIX.

876 2421 949 2478 De
973 2422 1215 2491 Arsenio,
1243 2434 1291 2480 et
1331 2427 1395 2480 de
1420 2445 1588 2502 manu
1606 2445 1724 2500 qua
1763 2427 1847 2484 illi
1888 2437 2170 2502 amputata
2195 2449 2309 2490 esse

1457 2498 1746 2555 dicebatur.

874 2587 1045 2644 Porro
1079 2589 1174 2644 Dei
1221 2589 1572 2660 providentia
1610 2591 1907 2648 Arsenium
1934 2593 1993 2649 in
2032 2594 2232 2651 urbem
2279 2596 2386 2670 Ty-

801 2696 925 2736 rum
973 2683 1054 2736 ire
1102 2683 1362 2753 perpulit.
1425 2682 1700 2754 Neglectis
1755 2685 1904 2740 enim
1952 2686 2226 2744 mandatis
2263 2706 2387 2760 quae

803 2773 1234 2830 calumniatores
1269 2791 1301 2830 a
1338 2775 1542 2846 quibus
1585 2776 1894 2832 conductus
1925 2777 2106 2835 fuerat
2151 2779 2254 2852 ipsi
2290 2783 2387 2839 de-

808 2866 1028 2932 derant,
1056 2868 1196 2922 clam
1226 2883 1294 2923 eo
1336 2868 1583 2935 advenit,
1633 2879 1696 2925 ut
1731 2885 1855 2941 qua:
1907 2871 2022 2928 illic
2063 2883 2387 2944 gererentur

800 2974 985 3014 coram
1028 2967 1318 3029 spectaret.
1359 2961 1519 3017 Forte
1542 2961 1744 3017 accidit
1775 2969 1837 3017 ut
1883 2961 2074 3018 famuli
2129 2965 2385 3022 Archelai

802 3054 1126 3119 consularis,
1159 3055 1214 3109 in
1259 3055 1486 3110 taberna
1524 3057 1791 3128 quosdam
1833 3057 2095 3114 audirent
2139 3060 2385 3118 dicentes

801 3146 1116 3210 Arsemum,
1142 3148 1235 3218 qui
1263 3147 1481 3203 occisus
1502 3163 1623 3203 esse
1646 3148 1948 3216 diceretur,
1973 3150 2029 3206 in
2051 3149 2262 3207 adibus
2285 3168 2385 3208 cu-

2485 2017 2812 2088 ἀπειλητικὰ
2861 2019 3181 2090 γράμματα.
3239 2018 3578 2089 Ἐγέγραπτο
3624 2019 3734 2090 γὰρ
3781 2018 3951 2090 αὐτῷ,
3984 2019 4061 2083 ὡς

2485 2110 2536 2163 εί
2570 2111 2643 2181 μὴ
2678 2109 2821 2164 ἑκὼν
2852 2112 3172 2182 ἀπαντήσοι,
3207 2113 3422 2184 ἀνάγκῃ
3467 2111 3822 2184 ἀχθήσεσθαι.
3870 2111 4061 2184 Παρῆν

2484 2200 2579 2258 οὖν
2603 2203 2663 2270 ἐξ
2689 2204 2935 2275 ἀνάγκης
2968 2206 3064 2259 καὶ
3104 2205 3440 2269 ’Δθανάσιος.

3063 2343 3314 2399 ΚΕΦΑΛ.
3355 2341 3485 2398 KG'.

2483 2435 2623 2506 Περὶ
2696 2436 3028 2505 Ἀρσενίου,
3085 2437 3179 2490 καί
3216 2435 3339 2508 τῆς
3390 2437 3676 2507 κεκόφθαι
3731 2434 4064 2508 λεγομένης

3053 2507 3239 2562 αὐτοῦ
3271 2507 3488 2576 χειρός.

2553 2599 2689 2654 Θεοῦ
2715 2599 2772 2654 δέ
2804 2617 2887 2666 τις
2914 2600 3139 2672 πρόνοια
3165 2601 3258 2654 τὸν
3297 2601 3571 2672 Ἀρσὲνιον
3610 2599 3702 2654 ἐπὶ
3741 2597 3840 2670 τὴν
3886 2596 4063 2669 Τύρον

2483 2691 2734 2764 ἧλαυνεν.
2783 2694 3086 2767 Ἀμελήσας
3129 2695 3240 2765 γὰρ
3271 2695 3380 2748 τῶν
3409 2693 3660 2758 ἐντολῶν,
3692 2687 3766 2747 ὧν
3810 2691 3961 2762 αὐτῷ
4009 2692 4060 2744 οί

2483 2785 2553 2838 τὰ
2579 2788 2838 2857 χρήματα
2864 2787 3198 2856 συκοφάνται
3228 2786 3600 2859 παρασχόντες
3625 2783 3911 2849 δεδώκασι,
3937 2781 4060 2836 καθ’

2487 2879 2727 2951 ἱστορίαν
2795 2879 2906 2948 τῶν
2955 2879 3336 2950 γενησομένων
3393 2877 3792 2951 κεκρυμμένως
3857 2877 4058 2948 παρῆν.

2489 2972 2684 3042 Ἔτυχε
2715 2971 2770 3025 δέ
2804 2991 2917 3036 πως
2960 2971 3052 3026 τοῦ
3087 2971 3352 3026 ὑπατικοῦ
3393 2972 3686 3044 Ἀρχελάου
3715 2971 3825 3041 (44)
3849 2969 4061 3032 οἰκέτας

2488 3066 2546 3119 ὲν
2575 3065 2858 3137 καπηλείῳ
2891 3065 3117 3119 ἀκοῦσαι
3155 3066 3424 3134 λεγόντων
3453 3065 3636 3130 τινῶν,
3671 3065 3746 3128 ὼς
3790 3063 4064 3134 Ἀρσένιος

2486 3159 2515 3210 ὁ
2537 3157 2825 3227 λεγόμενος
2851 3157 3175 3229 ἀνῃρῆσθαι,
3209 3158 3471 3230 πάρεστιν
3501 3156 3558 3210 ἐν
3592 3174 3734 3220 τινος
3755 3155 3901 3227 οἰκίᾳ
3931 3172 4063 3225 κρυ-

799 3240 1014 3312 jnsdam
1039 3241 1172 3296 civis
1193 3241 1534 3296 delitescere.
1551 3240 1649 3297 His
1664 3241 1890 3308 auditis,
1909 3257 2036 3298 cum
2055 3259 2149 3299 eos
2172 3244 2264 3315 qui
2284 3244 2388 3299 ista
2418 3253 2462 3315 (ς
2495 3265 2582 3302 πτε

2284 3244 2388 3299 ista
2418 3253 2462 3315 C
2495 3248 2785 3319 πτόμενος.
2812 3250 2994 3303 Ταῦτα
3019 3249 3370 3313 ἀκούσαντες,
3398 3249 3493 3303 καὶ
3523 3250 3650 3312 τοὺς
3682 3249 3933 3308 εἰπόντας
3969 3265 4063 3318 ση-

802 3330 1060 3384 dixerant
1086 3339 1387 3396 notassent,
1421 3347 1535 3386 rem
1559 3347 1779 3387 omnem
1821 3332 1887 3387 ad
1925 3332 2210 3388 dominum
2252 3336 2396 3391 rcfc-
2496 3361 2585 3414 μει

2281 3336 2396 3391 cfc-
2496 3343 2882 3414 μειωσάμενοι,
2919 3343 3204 3413 καταφανῆ
3245 3343 3312 3396 τὰ
3351 3341 3685 3396 ἀκουσθέντα
3727 3342 3805 3412 τῷ
3829 3343 4063 3414 δεσπότῃ

805 3433 950 3478 runt.
980 3425 1071 3478 llle
1096 3442 1124 3480 c
1152 3426 1400 3496 vestigio,
1429 3426 1567 3480 nihil
1595 3435 1905 3493 cunctatus,
1957 3427 2235 3483 hominem
2265 3445 2392 3499 pcr-

803 3517 968 3587 quirit
984 3527 1146 3587 atque
1162 3518 1390 3580 invenit,
1405 3518 1797 3589 inventumque
1813 3520 1917 3574 sub
1936 3519 2184 3592 diligenti
2205 3530 2392 3577 custo-

803 3610 894 3664 dia
916 3610 1124 3664 servari
1156 3610 1332 3680 jubet.
1356 3611 1485 3666 Post
1529 3611 1648 3667 haec
1669 3612 1972 3668 Athanasio
2009 3613 2284 3685 significat
2331 3624 2393 3670 ut

805 3702 950 3760 bono
973 3702 1158 3758 animo
1181 3703 1253 3758 sit
1285 3721 1298 3757 :
1328 3704 1622 3759 Arsenium
1645 3704 1790 3760 enim
1837 3705 2165 3762 incolumem
2189 3716 2389 3779 praesto

803 3812 944 3852 esse.
971 3796 1418 3868 Comprehensus
1440 3814 1606 3870 porro
1629 3799 1918 3864 Arsenius,
1961 3800 2122 3856 initio
2149 3801 2382 3872 quidem

802 3891 1039 3962 negabat
1065 3907 1124 3946 se
1149 3891 1444 3947 Arsenium
1471 3907 1613 3947 esse.
1641 3893 1840 3948 Verum
1870 3893 2072 3949 Paulus
2093 3896 2384 3964 episcopus

804 3980 956 4053 Tyri,
981 3984 1074 4054 qui
1093 3983 1415 4056 jamdudum
1439 3984 1718 4041 hominem
1745 3995 1938 4050 norat,
1965 4002 2092 4042 eum
2118 3987 2376 4042 convicit.

805 4075 990 4133 Rebus
1025 4077 1080 4132 in
1120 4077 1270 4134 hunc
1303 4079 1529 4136 modum
1569 4095 1599 4136 a
1637 4079 1821 4136 divina
1862 4079 2211 4138 Providentia
2253 4089 2379 4137 ante

2490 3435 2754 3488 ποιοῦσιν.
2797 3435 2856 3490 '0
2898 3435 2955 3488 δὲ
3010 3436 3085 3500 ὡς
3120 3431 3230 3506 εἶχε
3268 3435 3343 3506 μὴ
3397 3434 3704 3505 μελλήσας,
3761 3435 4063 3506 ἀνεζήτησε

2489 3527 2583 3582 καὶ
2609 3521 2734 3598 εὗρε
2760 3545 2773 3558 ο
2801 3527 2897 3581 καὶ
2925 3526 3100 3596 εὑρὼν
3126 3526 3482 3597 ἠσφαλίσατο.
3508 3525 3620 3580 Καὶ
3650 3525 3726 3596 τῷ
3765 3525 4064 3596 Ἀθανασίῳ

2489 3617 2640 3688 δηλοῖ
2675 3618 2838 3689 μηδὲν
2882 3616 3253 3690 ταράσσεσθαι
3275 3633 3290 3648 ·
3338 3619 3594 3689 παρεῖναι
3627 3617 3733 3690 γὰρ
3764 3616 3941 3682 ζῶντα
3973 3618 4065 3671 τὸν

2507 3709 2800 3782 Ἀρσένιον.
2849 3709 3182 3779 Συλληφθεὶς
3227 3705 3319 3763 οὖν
3360 3710 3653 3782 ’Λρσένιος,
3688 3712 3900 3781 ἠρνεῖτο
3927 3707 4066 3765 εἶναι

2489 3802 2549 3869 ὃς
2594 3799 2682 3874 ἦν.
2743 3803 2881 3859 Ἀλλ’
2913 3803 3078 3858 αὐτόν
3111 3803 3369 3868 Παῦλοςό
3412 3805 3512 3874 τῆς
3555 3803 3732 3876 Τύρου
3769 3803 4066 3868 ἐπίσκοπος

2488 3897 2656 3952 παλαι
2698 3896 3002 3964 γινώσκων,
3062 3896 3369 3968 ἐξήλεγξεν.
3418 3894 3600 3951 Ταῦτα
3650 3897 3752 3967 τῆς
3802 3897 4067 3967 Προνοίας

2491 3988 3017 4061 προευτρεπισάσης,
3079 3989 3196 4060 μετ’
3243 3989 3304 4043 οὑ
3359 3989 3496 4044 πολὺ
3541 3989 3786 4044 ἐκαλεῖτο
3831 3989 3936 4043 ὑπὸ
3965 3991 4065 4058 τῆς

2488 4081 2706 4137 συνόδου
2736 4083 2764 4133 ό
2803 4081 3139 4146 Ἀθανάσιος.
3170 4080 3282 4138 Καὶ
3314 4082 3605 4155 παρόντος,
3646 4083 3696 4137 oi
3729 4082 4066 4152 συκοφάνται

2003 4237 2274 4292 VALESII
2313 4233 2863 4294 ANNOTATIONES.

876 4359 988 4437 (45)
1030 4358 1388 4437 Τρέακιοςτὸν
1420 4357 1668 4437 δὲλὲτος
1800 4358 1997 4437 τοῦτο.
2051 4358 2252 4437 Habita
2283 4369 2370 4416 est
2417 4435 2440 4437 _
2478 4359 2579 4437 stis
2611 4357 2659 4414 Id

2283 4369 2370 4416 est
2417 4435 2440 4437 _
2478 4359 2579 4437 stis
2611 4357 2792 4437 ldatii,
2822 4367 3107 4437 toto_anno
3136 4373 3264 4437 eam
3295 4357 3698 4437 solemnitatem
3735 4355 4060 4437 anticipans:

803 4429 1042 4498 synodus
1082 4429 1208 4498 Tyri
1240 4429 1561 4485 Constantio
1592 4439 1649 4500 et
1695 4429 1890 4484 Albino
1943 4430 2280 4500 consulibus,
2323 4442 2384 4487 ut
2414 4435 2460 4495 D
2485 4430 2663 4500 Atque
2717 4430 2834 4500 haec
2885 4430 3270 4484 tricennalium
3317 4429 3656 4500 anticipatio,
3699 4442 3810 4482 non
3852 4427 4063 4500 Socrati

803 4509 1036 4554 testatur
1068 4501 1416 4562 Athanasius,
1443 4515 1586 4554 anno
1611 4499 1814 4555 Christi
1855 4500 1978 4554 555.
2003 4499 2134 4554 Erat
2162 4501 2252 4555 hic
2282 4517 2382 4555 an-

802 4585 908 4625 nus
935 4572 1146 4640 imperii
1177 4571 1520 4625 Constantini
1564 4579 1792 4626 octavus
1833 4579 1888 4625 et
1920 4569 2235 4625 vicesimus.
2279 4572 2387 4625 No-

804 4657 912 4695 nus
957 4652 1140 4697 autem
1186 4658 1248 4695 ac
1297 4641 1591 4697 vicesimus
1640 4641 1806 4697 canit
1849 4641 2042 4695 iisdem
2067 4642 2387 4697 consulibus

800 4711 892 4766 die
918 4723 1110 4767 octavo
1162 4713 1428 4767 Kalendas
1454 4712 1681 4780 August.
1711 4711 1832 4778 Quo
1871 4712 2092 4781 quidem
2118 4712 2207 4767 die
2240 4711 2386 4767 Con-

802 4785 1077 4841 stantinus
1118 4783 1442 4840 tricennalia
1477 4782 1796 4849 celebravit,
1829 4792 1892 4838 ut
1920 4782 2181 4838 scribitur
2213 4783 2268 4838 in
2304 4783 2388 4837 fa-

2488 4496 2697 4581 solu_m,.
2717 4499 2812 4554 sed
2849 4500 2972 4555 aliis
2999 4501 3164 4555 etiam
3192 4499 3444 4572 pluribus
3473 4496 3814 4556 occasionem
3859 4496 4066 4553 erroris

2490 4571 2836 4709 Ψῗιδίἶηῶοῦ
2857 4641 3149 4697 ὑπατικοῦ
3182 4639 3518 4710 Ἀρχελάου.
3549 4638 3782 4696 Ruﬁnus
3811 4639 3865 4694 in
3892 4638 3990 4694 lib.
4027 4653 4062 4692 ι

2493 4711 2749 4766 Historia
2785 4713 3171 4768 ecclesiastica?
3203 4711 3351 4767 hunc
3380 4711 3707 4768 Archelaum
3729 4727 3836 4766 non
3860 4725 4062 4766 consu—

2493 4782 2664 4837 larem
2695 4783 3003 4850 Phcenices,
3032 4783 3126 4838 sed
3157 4783 3411 4839 comitem
3448 4781 3686 4839 Orientis
3713 4782 3878 4838 fuisse
3909 4781 4060 4837 dicit.

2241 4937 2621 4994 VARIORUM.

800 5070 914 5114 tum
955 5059 1300 5115 admirandus
1327 5057 1671 5114 Athanasius.
1697 5055 1835 5113 Cum
1873 5055 2040 5128 igitur
2081 5054 2141 5128 in
2166 5056 2378 5128 synodo
2476 5057 2606 5126 rigit
2635 5054 2897 5128 Valesius
2911 5054 2966 5110 in
2991 5055 3168 5112 Notis.
3190 5054 3470 5128 Nimirum
3498 5053 3894 5128 Constantinus
3929 5070 4072 5128 anno

801 5131 947 5208 apud
962 5130 1174 5208 .Ty-rum
1205 5130 1481 5208 celebrata
1504 5139 1612 5208 tam
1631 5127 2217 5208 _Asclepadis_(iPagi.ns
2238 5127 2384 5208 scri-

803 5197 913 5273 psit
940 5197 1284 5273 Asclepiadis.
1325 5200 1469 5273 Lege
1512 5199 1755 5273 Asclepc
1791 5197 1932 5273 cum
1979 5197 2198 5273 Valesio
2237 5197 2380 5252 infra

804 5267 857 5342 ᾖ).
907 5273 1028 5342 H5)
1070 5267 1234 5342 quam
1264 5267 1547 5327 Athanasii
1575 5267 1739 5342 causa
1775 5270 2022 5342 discussa
2061 5267 2247 5331 fuerit,
2283 5283 2383 5339 ap-

804 5341 960 5413 paret
990 5341 1284 5412 utrumque
1311 5343 1475 5398 etiam
1505 5356 1651 5396 anno
1689 5341 1784 5413 55l
1840 5341 2008 5413 fuisse
2039 5350 2380 5413 accusatum,

801 5410 865 5466 ac
897 5415 1184 5484 utriusque
1199 5410 1430 5468 causam
1451 5413 1519 5467 ad
1545 5412 1810 5484 synodum
1830 5411 2110 5484 Czesareze,
2146 5410 2384 5484 indeque

801 5484 868 5537 δαί
911 5480 1205 5556 Tyrianam
1247 5485 1552 5548 remissam,
1575 5480 1646 5556 et
1681 5483 1957 5556 synodum
1990 5480 2384 5556 Cagsariensem

801 5551 1072 5609 anno'55l
1121 5555 1378 5610 indictam
1411 5570 1549 5609 esse.
1593 5553 1698 5610 Sed
1717 5551 1840 5609 cum
1869 5560 1993 5622 post
2016 5551 2237 5622 triginta
2270 5552 2382 5606 cir-

802 5627 941 5678 riter
973 5628 1238 5680 mensium
1271 5627 1528 5697 spatium.
1559 5633 1754 5697 neuter
1791 5626 2094 5697 Cafsaream
2123 5622 2384 5697 adventa-

805 5707 907 5755 ret.
938 5704 1224 5766 utriusque
1259 5694 1420 5752 causa
1451 5696 1518 5751 ad
1558 5695 1825 5764 synodum
1857 5695 2148 5766 Tyrianam
2181 5694 2381 5764 rejecta

802 5768 923 5820 fuit.
953 5767 1110 5833 (Ant.
1144 5769 1269 5839 Pagi
1302 5768 1524 5839 adgann.
1549 5767 1673 5839 552,
1704 5766 1862 5839 11.2.)

877 5847 900 5868 "
941 5834 1297 5906 Ίζριακοστῖὶν
1328 5837 1393 5890 δὲ
1420 5840 1554 5902 ἐτος
1582 5835 1660 5905 ἦν
1695 5837 1863 5891 τοῦτο
1905 5853 1931 5888 τ
1951 5834 2014 5901 ῆς
2050 5835 2371 5899 ,ϐασιλείας

805 5908 1279 5965 Κωνσταιτίνου.
1313 5907 1480 5965 Recte
1509 5909 1789 5975 Socrates;
1819 5924 1979 5978 quem
2022 5907 2221 5962 frustra
2247 5919 2371 5959 cor-

2476 5125 2600 5193 506,
2620 5144 2713 5182 vm
2734 5128 2850 5182 Kal.
2874 5127 3036 5198 Aug.,
3059 5127 3202 5198 patri
3225 5126 3510 5182 successit.
3530 5125 3767 5198 Proinde
3789 5141 3916 5198 ann.

2479 5215 2682 5277 annum
2718 5195 3410 5277 tricesimum—inchoavit;
3438 5195 3758 5277 quodipg
3819 5195 4074 5277 Valesius

2479 5269 2702 5340 agnovit
2738 5269 2794 5340 in
2837 5269 2992 5324 Notis
3024 5269 3092 5323 ad
3123 5269 3514 5340 librumrlv_l)c
3545 5266 3666 5340 Vita
3694 5266 4070 5340 Constantini,

2481 5335 2600 5410 cap.
2627 5340 2714 5394 55.
2746 5339 2884 5394 Vide
2930 5341 3094 5394 etiam
3137 5339 3344 5394 Baluzii
3390 5338 3562 5410 Notas
3597 5338 3654 5410 in
3714 5336 3964 5392 Lactant.
3996 5335 4073 5390 De

2483 5407 2736 5465 mortibus
2777 5420 3192 5480 persecutorum,
3228 5425 3347 5480 cap.
3377 5407 3813 5480 24.W._Loyrn.

2553 5493 2581 5533 ι’
2605 5481 2713 5536 Καὶ
2736 5477 2912 5550 ἤγετο
2941 5481 3056 5550 μὲν
3083 5477 3402 5548 Μακάριος.
3431 5478 3880 5550 Criminabantur
3911 5477 4062 5533 scili-

2481 5561 2568 5608 cet
2602 5553 2756 5608 illum
2789 5549 3121 5615 ’Eusc'biani,
3159 5551 3305 5622 quod
3346 5550 3602 5622 poculum
3631 5549 4062 5622 mysticum,ju-

2480 5623 2642 5678 hente
2663 5623 2980 5686 Athanasio,
3014 5620 3390 5694 confregisset.
3424 5620 3716 5694 calumnia
3740 5629 3919 5674 autem
3948 5620 4064 5694 hinc

2480 5695 2548 5749 ah
2578 5696 2795 5766 lschyra
2821 5695 3086 5766 intentata
3109 5691 3230 5758 fuit,
3266 5709 3435 5766 quem
3459 5691 3791 5766 Athanasius
3828 5706 3925 5766 per
3951 5691 4061 5743 Μει-

2480 5761 3095 5836 ςςιτίιιῐῐι’ριόἱιὶἒιυοτειι
3139 5782 3207 5821 ne
3252 5761 3538 5822 sacerdotii
3585 5775 3809 5817 munere
3867 5761 4061 5832 funge-
4107 5797 4113 5802 -

2479 5847 2649 5894 l’Cilll‘.
