4514 6578
452 451 534 507 ﬂii
1444 440 1764 496 ιιιδίὀιιιΛ
1805 438 2360 512 Είλςῖηδιλδτιιιιι.
2407 458 2466 478 οι-
2514 438 2641 492 LIB.
2686 438 2701 491 1

3617 441 3720 499 14:2

446 567 547 634 τὴν
574 565 729 634 χεῖρα
762 563 842 624 εἰς
880 562 1043 633 μέσον
1090 556 1248 631 ἦγον,
1296 561 1389 612 καὶ
1422 559 1521 629 τὴν
1560 558 1891 629 κατηγορίαν
1947 559 2032 610 ὲν-
2065 571 2108 626 Α
2140 556 2227 610 dis

1947 542 2032 610 ὲν-
2065 571 2108 626 Α
2140 555 2450 626 dispositis,
2474 555 2639 625 paulo
2666 564 2789 624 post
2813 552 3150 609 Athanasius
3194 568 3227 609 a
3268 551 3478 626 synodo
3521 568 3719 612 evoca-

453 658 689 710 ίσταντο.
729 655 789 707 '0
805 654 860 708 δὲ
888 654 1065 725 σοφῶς
1099 651 1330 723 μετῆλθε
1362 651 1699 721 τὺεπρᾶγμα.
1749 639 2043 719 Ἠρὼτήσεε

450 748 557 818 γὰρ
588 748 712 810 τοὺς
749 745 1024 815 παρόντας
1057 745 1151 798 καὶ
1183 743 1310 806 τοὺς
1352 740 1711 811 κατηγόρους,
1741 739 1884 801 τίνες
1923 734 2032 789 εἷεν

449 835 505 894 ei
537 838 898 908 γινώσκοντες
930 836 1022 890 τὸν
1071 835 1363 907 Ἀρσένιον.
1410 832 1628 886 Πολλῶν
1659 832 1716 903 δέ
1774 830 2033 884 εἰπόντων

451 932 740 1003 γινώσκειν
754 930 937 992 αὑτὸν,
966 910 1281 996 εἰσάγεσθαι
1305 926 1447 982 ποιεῖ
1462 924 1553 977 τὸν
1580 922 1871 994 Ἀρσένιον,
1889 920 2035 974 ἔνδον

454 1025 549 1077 τοῦ
601 1022 817 1094 ἱματίου
857 1020 968 1085 τὰς·
985 1023 1173 1091 χεῖρας
1216 1016 1381 1071 αὐτοῦ
1425 1016 1640 1086 ἔχοντα.
1696 1009 1831 1068 Εἶτα
1880 1009 2036 1077 αὖθις

440 1102 632 1186 ’ἐρωτᾷ
651 1130 664 1143 ·
698 1106 871 1176 Οὗτός
906 1113 1058 1163 ἐστιν
1079 1112 1108 1163 6
1137 1109 1235 1180 τὴν
1266 1109 1424 1179 χεῖρα
1451 1102 1813 1167 ἀπολωλεκώς
1837 1120 1852 1169 ;
1876 1104 1938 1156 υἱ
1957 1102 2033 1167 δὲ,

454 1210 545 1261 ἐπὶ
574 1207 671 1278 μὲν
702 1205 781 1277 τῷ
810 1203 1099 1276 παραδῷ)
1128 1200 1574 1270 κατεπλάγησαν.
1602 1192 1741 1269 πλὴν
1765 1194 1874 1249 τῶν
1905 1194 2038 1247 εἰδό-

454 1318 561 1352 των
599 1298 725 1354 ὅθεν
760 1299 795 1369 ὴ
835 1296 957 1367 χεὶρ
986 1297 1019 1366 ἠ
1054 1295 1304 1348 κοπεῖσα.
1340 1290 1423 1346 Ol‘
1444 1290 1501 1343 δὲ
1527 1288 1707 1342 λοιποὶ
1742 1286 1876 1357 (45),
1908 1285 2041 1369 ἀλη-

456 1393 560 1453 θῶς
589 1391 758 1461 ᾠοντο
784 1389 991 1441 λείπειν
1022 1386 1101 1457 τῷ
1136 1385 1399 1457 Ἀρσενίῳ
1423 1383 1520 1455 τὴν
1552 1385 1729 1453 χεῖρα,
1759 1379 1854 1433 καὶ⁷
1881 1395 2041 1449 προσ-

464 1482 664 1534 εδόκων
694 1480 754 1545 ἐξ
778 1480 973 1551 ἑτέρας
1002 1477 1312 1540 ὑποθέσεως
1346 1473 1727 1553 ἀπολογεῖσθαι
1755 1474 1846 1527 τὸν
1880 1470 2040 1525 Ἀθα-

456 1576 659 1628 νάσιον.
708 1572 765 1626 Ὀ
794 1572 849 1625 δὲ
872 1567 1122 1634 ἀνελίξας
1155 1568 1215 1622 τὸ
1249 1568 1462 1637 ἱμάτιον
1483 1565 1577 1619 τοῦ
1622 1564 1901 1636 Ἀρσενίου
1921 1562 2039 1616 καθ’

456 1656 646 1738 ἕτερον
666 1664 774 1719 τῶν
807 1664 1012 1735 μερῶν,
1043 1661 1283 1714 δείκνυσι
1313 1657 1405 1712 τοῦ
1423 1656 1711 1727 ἀνθρώπου
1739 1654 1836 1727 τὴν
1863 1655 2039 1725 χεῖρα.

459 1760 629 1814 Πάλιν
667 1757 723 1812 δὲ
756 1754 1087 1827 νομιζόντων
1126 1752 1290 1805 τινῶν
1341 1751 1441 1821 τῆς
1474 1747 1664 1819 ἐτέρας
1697 1744 2042 1818 ὑστερεῖσθαι

458 1851 642 1915 αὑτὸν,
681 1850 873 1922 μικρὸν
901 1846 1271 1919 παρελκύσας.
1316 1843 1650 1916 ἀμφιϐόλους
1687 1841 2039 1913 κατέστησεν,

2132 660 2241 703 tur.
2272 649 2375 715 Qui
2402 650 2525 703 cum
2552 647 2794 710 adesset,
2825 646 3255 701 calumniatores
3276 663 3499 703 manum
3528 648 3585 703 in
3612 667 3724 703 me-

2087 806 2105 823 η
2132 740 2285 796 dium
2325 740 2635 812 proferunt,
2681 748 2737 793 et
2783 738 3194 793 accusationem
3244 739 3575 795 intendunt.
3628 742 3722 795 Ill-.2

2130 847 2265 888 vero
2308 832 2613 903 prudenter
2659 830 2955 885 admodum
3000 846 3058 886 se
3103 830 3294 902 gessit.
3343 832 3478 885 Nam
3527 840 3585 887 et
3627 849 3724 886 eos

2134 906 2232 994 qui
2266 924 2517 987 aderant,
2546 930 2601 976 et
2641 931 2990 999 accusatores
3017 922 3167 992 ipsos
3203 922 3566 994 interrogavit
3588 939 3721 978 num

2136 1018 2263 1092 quis
2285 1033 2351 1072 ex
2376 1018 2511 1088 ipsis
2533 1016 2831 1072 Arsenium
2859 1025 3067 1072 nosset.
3096 1015 3344 1086 Cumque
3390 1016 3549 1073 multi
3572 1016 3723 1070 dice-

2136 1120 2263 1168 rent
2293 1126 2351 1166 se
2380 1110 2533 1165 illum
2581 1110 2754 1181 probe
2786 1124 2971 1175 nosse,
3004 1108 3192 1165 induci
3224 1107 3382 1181 jubet
3406 1108 3721 1174 Arsenium,

2138 1221 2335 1261 manus
2371 1205 2473 1259 sub
2498 1204 2666 1274 pallio
2697 1204 2916 1259 abditas
2940 1202 3261 1259 habentem.
3296 1202 3505 1257 Deinde
3543 1202 3724 1271 inter-

2140 1304 2297 1366 rogat
2319 1296 2518 1349 iterum
2542 1314 2553 1348 :
2587 1294 2812 1349 Hiccine
2833 1302 2919 1349 est
2951 1294 3045 1364 qui
3084 1309 3305 1363 manum
3332 1292 3556 1348 amisit?
3584 1292 3723 1347 Tum

2140 1403 2277 1442 vero
2333 1387 2411 1441 illi
2442 1387 2513 1442 ob
2563 1401 2680 1440 rem
2726 1394 2835 1440 tam
2891 1386 3320 1456 inexspectatam
3365 1382 3727 1438 admiratione

2142 1478 2385 1549 perculsi
2417 1456 2567 1543 sunt,
2612 1478 2858 1547 exceptis
2906 1478 2977 1533 iis
3008 1478 3104 1548 qui
3150 1477 3297 1532 unde
3334 1492 3531 1531 manus
3580 1481 3729 1530 esset

2146 1572 2334 1626 excisa
2385 1570 2666 1641 cognitum
2710 1568 3006 1624 habebant.
3041 1569 3258 1640 Reliqui
3294 1569 3444 1624 enim
3502 1583 3728 1623 manum

2143 1679 2337 1719 revera
2371 1665 2563 1719 deesse
2586 1663 2820 1719 Arsenio
2842 1663 3265 1729 existimabant,
3289 1671 3347 1719 et
3363 1662 3729 1717 Athanasium

2137 1753 2252 1808 alia
2306 1755 2561 1824 quapiam
2614 1755 2827 1810 ratione
2876 1769 3100 1809 causam
3163 1770 3342 1809 suam.
3374 1753 3730 1809 defensurum

2146 1861 2267 1901 esse
2307 1848 2623 1917 sperabant.
2659 1847 2731 1901 At
2781 1848 2894 1912 ille,
2935 1846 3102 1917 pallio
3146 1845 3361 1901 Arsenii
3401 1846 3456 1900 in
3495 1847 3728 1901 alterum

462 1939 594 1996 Εῐτα
624 1941 698 2013 μὴ
736 1940 1032 2011 μελλήσας,
1050 1938 1143 1989 καὶ
1179 1936 1238 1989 τὸ
1260 1936 1445 2007 ἕτερον
1468 1933 1714 1999 ἀνελίξας
1747 1932 1931 2004 μέρος,
1950 1931 2045 1985 καὶ
2077 1974 2117 2030 Β
2146 1939 2245 1994 [au

1950 1931 2045 1985 καὶ
2077 1974 2117 2030 Β
2146 1939 2291 1994 latus
2348 1939 2613 2005 reducto,
2656 1956 2881 1995 manum
2917 1940 3157 1996 hominis
3209 1940 3471 1995 ostendit.
3519 1940 3728 1994 Rursus

458 2037 557 2106 τὴν
592 2034 784 2106 ἑτέραν
812 2033 907 2086 τοῦ
952 2032 1229 2103 Ἀρσενίου
1260 2032 1419 2101 χεῖρα
1460 2025 1731 2091 ἐπέδειξεν
1752 2042 1765 2056 °
1806 2024 1949 2079 οὕτω
1982 2042 2041 2078 τε

460 2123 581 2181 εἷπε
609 2126 743 2196 πρὸς
773 2124 899 2187 τοὺς
926 2124 1198 2196 παρόντας
1217 2139 1229 2151 ·
1280 2120 1559 2193 Ἀρσένιος
1602 2119 1722 2190 μὲν,
1758 2118 1833 2182 ὠς
1854 2119 2039 2189 ὁρᾶτε,

462 2221 559 2285 τὰς
588 2221 682 2275 δύο
709 2222 898 2291 χεῖρας
928 2218 1067 2289 ἔχων
1116 2216 1436 2292 έφεύρηται.
1482 2214 1592 2284 Τῆς
1620 2212 1810 2284 τρίτης
1848 2210 1903 2264 δὲ
1949 2209 2041 2264 τὸν

457 2313 625 2367 τόπον
654 2312 777 2367 ὅθεν
810 2310 1111 2383 ἀφῄρηται,
1144 2308 1510 2389 δεικνύτωσαν
1544 2308 1592 2359 οἱ
1618 2307 1930 2376 κατήγοροι.

2150 2030 2434 2085 nonnullis
2469 2032 2881 2101 suspicantibus
2930 2033 3105 2088 altera
3136 2047 3263 2087 eum
3308 2047 3474 2085 manu
3513 2030 3721 2085 mutila.

2150 2130 2267 2177 tum
2292 2138 2432 2189 esse,
2458 2125 2862 2195 aliquantulum
2891 2135 3157 2193 moratus,
3186 2126 3455 2196 ancipites
3495 2140 3594 2181 eos
3616 2124 3721 2180 hae-

2134 2226 2273 2269 ,rere
2304 2212 2576 2283 permisit.
2614 2215 2823 2271 Deinde
2860 2217 3071 2289 abjecta
3114 2232 3289 2281 mora,
3323 2231 3447 2270 cum
3494 2215 3727 2269 alterum

2151 2307 2301 2376 pallii
2358 2308 2504 2363 latus
2560 2310 2894 2378 reduxisset,
2946 2314 3176 2368 alteram
3238 2327 3459 2381 quoque
3512 2310 3728 2367 Arsenil

473 2408 701 2462 nudavit
730 2391 975 2471 manum,
1012 2413 1068 2459 et
1110 2419 1207 2459 eos
1234 2403 1326 2473 qui
1352 2391 1580 2457 aderant
1604 2400 1957 2471 compellavit
2012 2398 2101 2455 bis
2137 2402 2324 2457 verbis
2354 2420 2368 2457 :
2414 2404 2682 2462 Arsenius
2715 2408 2823 2478 67
2861 2398 3106 2477 quidem,
3178 2416 3239 2463 ut
3283 2408 3505 2473 videtis,
3542 2407 3729 2464 ambas

432 2517 659 2563 .mauus
700 2501 905 2556 habere
962 2497 1417 2569 deprehenditur.
1476 2494 1663 2550 Tertia
1715 2510 1847 2549 vero
1908 2494 2185 2550 undenam
2235 2501 2428 2555 excisa
2481 2501 2591 2561 sit,
2634 2502 2927 2557 ostendant
2969 2502 3131 2556 nobis
3174 2508 3545 2562 accusatores.

1061 2613 1288 2667 ΚΕΦΛΛ
1299 2649 1313 2664 .
1356 2614 1434 2665 Λ’.

471 2708 568 2775 Ὠς
602 2706 963 2763 Ἀθανασίου
979 2706 1077 2759 ἐπὶ
1112 2703 1184 2772 τῇ
1205 2704 1529 2775 κατηγορίᾳ
1557 2701 1749 2775 ἀβὼου
1765 2699 2034 2769 εὑρεθέν-

672 2796 794 2845 τος,
825 2780 879 2832 οι
916 2775 1233 2846 κατήγοροι
1258 2771 1422 2844 φυγῇ
1460 2771 1822 2842 ἐχρήσαντο.
2030 2806 2035 2811 ι

531 2943 753 2996 Τούτων
788 2940 960 3002 οὕτως
990 2938 1083 2993 ἐπὶ
1116 2936 1377 3007 ’Ᾱρσενίῳ
1406 2934 1779 3006 πραχθέντων,
1814 2935 1871 3021 ἐν
1897 2935 2042 3005 ἀμη-

463 3036 625 3109 χανίᾳ
660 3035 758 3107 μὲν
782 3035 834 3089 οἱ
864 3032 1137 3104 ράψαντες
1163 3030 1255 3083 τὸν
1276 3029 1424 3083 δόλον
1448 3028 1813 3098 κατέστησαν.
1834 3027 2045 3099 ,Ἀχαὰὸ

459 3131 540 3196 δὲ,
568 3130 597 3183 6
615 3129 711 3183 καὶ
745 3126 998 3196 Ἰωάννης
1025 3124 1161 3194 (46),
1190 3125 1218 3177 6
1238 3120 1669 3194 κατήγορος,τοῦ
1696 3120 2044 3192 δικαστηρίου

2750 2616 2903 2672 CAP.
2944 2614 3115 2671 XXX.

2143 2708 2415 2777 Quomodo
2432 2720 2556 2784 post
2580 2712 2813 2783 primam
2834 2710 3250 2772 accusationem,
3268 2724 3385 2784 cum
3409 2708 3728 2772 Atltanastus

2210 2780 2459 2865 innocens
2497 2780 2629 2837 esset
2661 2785 2938 2842 inventus,
2976 2788 3308 2834 accusatores
3353 2780 3479 2851 fuga
3505 2795 3561 2834 se
3610 2795 3726 2851 pro-

2214 2864 2495 2923 rtpuermt.

2214 2941 2310 2997 His
2335 2944 2402 3015 de
2434 2944 2667 2999 Arsenio
2703 2943 2776 2996 ita
2808 2942 3001 3013 gestis,
3027 2940 3095 2997 ad
3123 2940 3368 3011 inopiam
3402 2942 3620 2997 consilii
3642 2957 3725 2997 re-

2144 3033 2290 3089 dacti
2321 3044 2451 3089 sunt
2506 3036 2601 3111 qui
2651 3035 2901 3090 fraudem
2956 3034 3098 3088 hanc
3149 3024 3728 3089 struxerant.‘Achab

2145 3139 2300 3189 vero,
2335 3127 2429 3196 qui
2459 3136 2516 3181 et
2554 3127 2798 3183 Joannes
2847 3126 2956 3180 alio
3003 3126 3226 3180 nomine
3271 3126 3590 3191 vocabatur,
3646 3143 3735 3183 ac-

460 3222 663 3289 διαδὺς,
691 3222 750 3273 ἐν
782 3219 862 3290 τῷ
891 3217 1104 3290 θορύϐῳ
1135 3216 1374 3287 διέφυγε.
1408 3216 1516 3269 Καὶ
1544 3214 1686 3268 οὕτω
1712 3214 1810 3285 μὲν
1842 3212 2046 3284 ταύτην
2142 3232 2243 3271 cus.

1949 3231 2046 3284 την
2142 3214 2362 3272 cusator
2386 3218 2693 3283 Athanasii,
2724 3233 2781 3273 se
2823 3234 2889 3273 ex
2909 3216 3121 3288 judicio
3152 3216 3489 3282 subducens,
3523 3219 3578 3273 in
3610 3221 3726 3289 ipso

457 3314 559 3383 τὴν
619 3311 987 3383 κατηγορίανδ
1013 3309 1329 3372 Ἀθανάσιος
1398 3306 1705 3361 ἀπεδύσατο
1727 3347 1742 3371 ,
1802 3306 2039 3377 μηδεμιᾷ
2067 3314 2109 3371 C
2144 3318 2240 3364 tun

1944 3306 2109 3376 μιᾷϐ
2144 3311 2382 3365 tumultu
2439 3310 2669 3382 aufugit.
2720 3311 2789 3366 Et
2845 3311 2988 3365 hanc
3042 3310 3268 3380 quidem
3322 3313 3726 3382 accusationem

459 3406 806 3477 χρησάμενος
854 3405 1214 3475 παραγραφῇ.
1276 3402 1527 3473 Ἐθάρῤει
1570 3400 1712 3474 γὰρ,
1764 3400 1838 3465 ὡς
1882 3417 2046 3453 κατα-

461 3497 654 3567 πλήξει
711 3499 839 3561 τοὺς
887 3497 1229 3567 συκοφάντας
1274 3494 1367 3548 καὶ
1413 3494 1547 3564 μόνη
1602 3494 1695 3546 τοῦ
1759 3493 2035 3565 Ἀρσενίου

464 3592 496 3659 ἡ
525 3590 657 3661 CW1-

1043 3773 1293 3828 ΚΕΦᾹΔ.
1329 3774 1455 3828 AA'.

462 3868 586 3920 Ὅτι
620 3867 730 3933 τὰς
765 3865 863 3920 ἐπὶ
914 3866 990 3935 τῇ
1043 3864 1292 3934 δευτέρᾳ
1344 3867 1664 3935 κατηγορίᾳ
1713 3864 2042 3933 ἀπολογίας

543 3937 894 3992 ’Λθανασίου
912 3938 992 4005 μὴ
1018 3936 1515 4005 καταδεξαμένων
1534 3936 1653 3988 τῶν
1668 3936 2038 4001 ἐπισκόπων,

542 4008 885 4075 Ἆθανὰσιος
914 4008 1063 4077 πρὸς
1092 4009 1199 4062 τὸν
1220 4006 1488 4073 ,βασιλέα
1510 4006 1860 4075 ἀνέδραμεν.

539 4100 664 4153 Ἐπὶ
696 4099 752 4153 δὲ
798 4102 921 4163 ταῖς
969 4099 1110 4154 κατά
1148 4098 1437 4170 Μακαρίου
1480 4098 1885 4167 συκοφαντίαις,
1920 4098 2041 4159 ταῖς

460 4193 714 4262 νομικαῖς
747 4192 1017 4262 ἐχρήσατο
1070 4192 1481 4261 παραγραφατς.
1535 4189 1647 4242 Καὶ
1688 4186 1906 4257 πρῶτον
1943 4187 2041 4257 μὲν

460 4286 586 4349 τοὺς
618 4284 745 4355 περὶ
762 4283 1021 4337 Εὐσέῦιον
1038 4283 1113 4347 ὡς
1139 4282 1366 4353 ἐχθροὺς
1390 4280 1795 4352 παρεγράφετο,
1818 4280 2040 4348 φάσκων

463 4377 541 4449 μὴ
572 4376 682 4430 δεῖν
715 4376 807 4429 ἐπὶ
832 4376 1119 4430 ἀντιδίκων
1140 4360 1455 4447 κρίνεσθαι·
1490 4374 1682 4428 ἔπειτα
1718 4374 1775 4427 δὲ
1808 4374 1901 4427 καὶ
1930 4373 2040 4427 δεί-

458 4469 710 4533 κνυσθαι,
742 4469 791 4521 εἰ
819 4469 847 4520 6
882 4469 1185 4539 κατήγορος
1224 4466 1471 4537 Ἰσχύρας
1495 4466 1708 4538 ἀληθῶς
1744 4466 2061 4539 πρεσϐυτέ-’

462 4579 554 4634 ρου
590 4560 703 4632 ἔχει
735 4562 911 4628 ἀξίαν.
944 4560 1099 4615 Οὕτω
1132 4560 1241 4632 γὰρ
1266 4561 1360 4613 καὶ
1394 4563 1452 4614 ὲν
1490 4563 1555 4632 τῇ
1586 4561 1887 4631 κατηγορίᾳ
1916 4560 2039 4628 ἐγέ-

458 4676 690 4729 γραπτο.
757 4658 910 4712 Ἐπεὶ⁸
964 4656 1019 4710 δὲ
1065 4656 1268 4711 τούτων
1314 4656 1503 4710 οὐδένα
1553 4656 1710 4724 λόγον
1756 4658 1802 4709 οἱ
1856 4656 2039 4727 κριταὶ

463 4748 878 4819 προσεδέξαντο,
926 4747 1151 4818 εἰσήχθη
1194 4748 1291 4817 μὲν
1327 4747 1530 4818 ἠκατά
1562 4746 1850 4816 Μακαρίου
1891 4747 2034 4817 δίκη.

470 4840 876 4912 Ἀτονησάντων
890 4839 947 4892 δὲ
964 4839 1073 4891 τῶν
1094 4837 1440 4910 κατηγόρων,
1480 4837 1773 4908 ὑπέρθεσιν
1798 4838 2039 4909 ὲλάμόα-

460 4950 547 4985 νεν
581 4934 614 5003 ἡ
646 4932 927 5006 ἀκρόασις,
964 4930 1048 4997 ἐφ’
1073 4923 1117 4999 ᾧ
1144 4930 1550 5002 παραγενέσθαι
1584 4932 1662 4994 εἰς
1689 4930 1778 4983 τὸν
1802 4930 2037 5001 Μαρεώ-

2151 3404 2485 3460 Athanasius
2544 3405 2620 3459 ita
2674 3404 2905 3475 depulit,
2959 3404 3109 3458 nulla
3176 3420 3311 3458 usus
3367 3404 3691 3473 exceptione
3722 3437 3739 3453 .

2143 3496 2465 3553 Conlidebat
2496 3501 2642 3553 enim
2672 3498 2915 3553 futurum
2948 3507 3008 3552 ut
3039 3498 3122 3552 vel
3154 3500 3268 3553 sola
3300 3498 3515 3551 Arsenii
3543 3498 3727 3551 viven-

2151 3588 2225 3646 tis
2273 3590 2568 3660 praesentia
2609 3590 3039 3644 calumniatores
3083 3595 3307 3657 stupore
3352 3586 3697 3655 percelleret.

2735 3774 2885 3830 CAP.
2928 3773 3122 3829 XXXI.

2143 3866 2413 3933 Quomodo
2454 3868 2777 3923 Athanasius
2828 3870 2895 3921 ad
2925 3870 3055 3938 imp.
3096 3867 3415 3936 confugerit,
3453 3882 3571 3918 cum
3626 3867 3727 3936 epi-

2213 3941 2355 4009 sc0pi
2409 3940 2763 4008 defensionem
2804 3940 2968 4010 ipsius
3004 3937 3071 3993 in
3115 3937 3345 3992 secunda
3402 3938 3727 3991 accusatione

2213 4027 2316 4063 non
2353 4010 2709 4064 admisissent.

2217 4099 2275 4153 ln
2328 4098 2650 4155 refellendis
2691 4115 2827 4155 vero
2872 4099 3318 4156 accusationibus
3367 4115 3487 4169 quae
3542 4108 3732 4157 contra

2142 4194 2437 4249 Macarium
2469 4194 2688 4249 fuerant
2717 4194 3018 4257 intentata,
3050 4192 3312 4263 legitimis
3350 4208 3484 4246 usus
3516 4200 3604 4245 est
3634 4208 3722 4245 ex-

2142 4286 2507 4357 ceptionibus.
2549 4288 2627 4340 Ac
2655 4285 2895 4357 primum
2931 4283 3177 4353 quidem.
3214 4283 3512 4337 Eusebium
3561 4291 3615 4334 et
3645 4298 3729 4335 so-

2142 4378 2256 4433 cios
2314 4385 2574 4448 tanquam
2630 4377 2887 4433 inimicos
2945 4377 3156 4447 rejecit,
3191 4391 3317 4431 cum
3372 4375 3585 4429 diceret
3620 4391 3729 4429 non

2141 4472 2343 4527 debere
2378 4487 2708 4542 quemquam
2749 4471 2818 4525 ab
2856 4468 3480 4540 adversariisjudicari;
3525 4468 3729 4525 deinde

2142 4578 2293 4629 vero,
2321 4562 2836 4633 priusprobandum
2867 4576 2987 4617 esse
3036 4560 3193 4625 dixit,
3240 4560 3391 4630 quod
3434 4570 3724 4617 accusator

2141 4654 2390 4725 Ischyras
2413 4651 2717 4724 presbyteri
2735 4650 3060 4721 dignitatem
3081 4667 3273 4707 revera
3292 4652 3524 4721 adeptus
3552 4660 3725 4707 esset.

2142 4746 2219 4801 Ita
2260 4746 2409 4801 enim
2435 4746 2700 4815 scriptum
2730 4753 2854 4800 erat
2880 4744 2936 4798 in
2979 4744 3346 4799 accusationis
3380 4744 3587 4799 libello.
3620 4744 3726 4800 Sed

2142 4855 2266 4893 cum
2296 4839 2510 4909 judices
2546 4838 2740 4892 harum
2780 4838 3168 4908 exceptionum
3208 4836 3417 4889 nullam
3456 4836 3726 4890 rationem

2144 4930 2438 4995 haberent,
2471 4929 2691 4984 Macarii
2721 4944 2885 4983 causa
2919 4928 3234 4982 introducta
3270 4936 3373 4981 est.
3418 4926 3555 4981 Cum
3593 4941 3727 4981 vero

458 5041 556 5094 την
589 4996 763 5087 τινας,
784 5023 886 5076 ’t'va.
912 4996 1144 5075 érr'titdw
1173 4996 1355 5075 τόπων
1383 5020 1592 5093 ζητηθῇ
1633 5020 1701 5074 τὰ
1737 4996 2035 5093 ἀμφίύολα.
2070 4996 2113 5051 D
2143 5036 2240 5075 acc

1941 5022 2035 5080 ιλα.
2070 4996 2113 5051 D
2143 5032 2499 5077 accusatores
2525 5020 2946 5091 languesce‘rent
2978 5035 3041 5075 ac
3064 5033 3233 5089 prope
3259 5019 3373 5089 jam
3400 5017 3724 5084 deﬁcerent,

470 5115 555 5177 Ὡς
582 5113 639 5166 δὲ
680 5112 999 5176 Ἀθανάσιος
1033 5112 1421 5183 πεμπομένους
1459 5108 1600 5164 εἶδεν
1631 5111 1725 5175 οὓς
1754 5113 2037 5184 παρεγρᾱι·

459 5208 628 5276 ψατο·
698 5206 976 5276 ἐπέμπετο
1031 5206 1139 5277 γὰρ
1183 5205 1427 5274 Θέογνις,
1488 5205 1688 5275 Μαρὶς,
1741 5204 2036 5276 Θεόδωρος,

2142 5114 2310 5168 dilata
2338 5122 2421 5168 est
2452 5128 2629 5168 causa:
2682 5112 2946 5183 cognitio,
2975 5111 3149 5165 donec
3180 5111 3235 5165 in
3277 5110 3575 5165 Mareotem
3602 5112 3727 5179 qni-

2141 5205 2266 5261 dam
2298 5206 2473 5270 missi,
2520 5206 2588 5261 de
2618 5206 2877 5259 omnibus
2918 5203 3320 5264 controversiis
3350 5203 3463 5257 illic
3499 5203 3725 5273 inquisi-

1656 5366 1919 5422 VALESll
1956 5366 2507 5423 ANNOTATIONES.

527 5511 734 5620 $452.?"
756 5510 1340 5620 η’ῗῗηέοίιῗῗίεήξίρἪθξῖ
1368 5511 1621 5620 ἓξὲξξὲξὲ
1646 5511 1912 5620 ἕὶητὲῗ...
1926 5512 2031 5620 "31':

455 5582 567 5645 ποί,
599 5582 730 5648 etc.,
756 5597 917 5652 quam
960 5582 1250 5637 lectionem
1285 5582 1337 5636 in
1368 5583 1618 5637 versione
1646 5596 1766 5635 mea
1794 5596 1913 5636 sum
1945 5598 2034 5635 se-

457 5666 636 5710 (ξυιυς.

528 5724 635 5795 (46)
678 5724 884 5793 Ἀχαὰϐ
905 5722 983 5795 δὲ
1014 5726 1046 5776 ὀ
1104 5724 1198 5776 καὶ
1238 5724 1541 5795 Ἰωάννης.
1582 5724 1738 5794 Apud
1790 5726 2031 5779 Athana-

456 5793 595 5851 sium
620 5793 682 5849 in
709 5793 1056 5863 Apologctico
1081 5810 1138 5858 ιι,
1163 5810 1284 5865 pag.
1311 5794 1412 5847 785
1443 5813 1455 5847 :
1503 5793 1705 5864 Ἀρχάφ
1741 5797 1767 5847 6
1796 5798 1888 5848 καὶ
1918 5798 2030 5847 Ἰω-

455 5868 640 5943 άννης.
820 5865 949 5943 etin
983 5865 1210 5943 epistola
1247 5866 1539 5943 Alexandri
1570 5867 2027 5943 fl‘heSsalQnieenf

456 5938 531 5993 sis
550 5936 788 6008 episcopi
818 5936 885 5990 ad
920 5936 1275 5993 Athanasium
1308 5937 1522 5997 Arcauh
1551 5938 1773 5994 dicitur.
1813 5937 2025 5992 Duplici

2135 5510 2309 5581 igitur
2362 5510 2581 5563 nomine
2630 5508 2941 5581 appellatus
2974 5514 3077 5561 est.
3132 5508 3197 5581 Et
3240 5508 3451 5581 Arcaph
3497 5508 3724 5581 quidem

2132 5579 2202 5635 ab
2246 5579 2515 5651 .Egyptiis
2564 5582 2744 5649 patrio
2792 5580 3061 5633 vocabulo
3090 5579 3443 5651 dicebatur;
3486 5579 3725 5632 Joannes

2130 5668 2267 5705 vero
2297 5649 2654 5705 monasticum
2681 5651 2798 5716 ejus
2831 5667 3029 5704 nomen
3079 5650 3198 5702 fuit.
3236 5649 3361 5702 Fuit
3393 5660 3576 5703 autem
3612 5653 3719 5717 cpi-

2134 5738 2331 5791 scopus
2370 5724 2539 5791 partis
2568 5722 2752 5775 Melitii
2777 5721 2919 5790 apud
2956 5722 3250 5789 Memphin.
3298 5722 3473 5789 Eique
3502 5723 3723 5774 mantia-

2138 5803 2250 5847 tum
2300 5810 2419 5847 esse
2460 5810 2488 5847 a
2517 5792 2876 5847 Constantino
2910 5792 3101 5846 scribit
3132 5792 3481 5856 Athanasius,
3516 5800 3574 5844 ut
3600 5807 3722 5843 cum

2134 5866 2549 5933 archiepiscopo
2612 5879 2712 5917 suo
2772 5863 3159 5933 concordaret,
3231 5862 3488 5933 lntelligit
3538 5871 3723 5917 autem

2135 5920 2462 5991 Athanasius
2484 5920 2707 5992 litteras
2733 5934 3079 5991 Constantini
3107 5920 3172 5989 ad
3204 5920 3469 5990 Joannem
3495 5972 3509 5985 .
