4524 6582
806 414 908 472 159

2247 421 2584 486 SOCRATIS

3953 439 4053 495 {60

801 536 948 584 serat
971 525 1290 584 convenire.
1313 527 1424 585 Eos
1446 528 1938 602 ergo,priusquam
1961 529 2094 588 illuc
2105 538 2371 592 conveni-
2406 548 2449 604 Α
2479 545 2587 618 ἀνήη

2267 538 2371 592 :ni-
2406 548 2449 604 Α
2479 545 2784 618 ἀνήγειρεν.
2824 546 2972 602 ’0δοῦ
2997 542 3090 604 οὖν
3111 547 3409 621 πάρεργον,
3435 546 3770 622 πρότερονέν
3801 552 3868 622 τῇ
3893 552 4053 624 Τύρῳ

804 627 949 686 rent,
975 621 1031 674 in
1054 621 1274 678 civitate
1297 621 1444 694 Tyro
1466 623 1747 690 collectos,
1767 623 1951 680 obiter
1967 640 2188 682 causam
2215 629 2381 686 Atha-

803 710 944 766 nasii
968 712 1238 768 ventilare
1263 715 1542 786 praecepit,
1586 723 1667 781 ut,
1714 719 2070 775 contentione
2121 722 2280 792 prius
2308 723 2378 777 il-

802 801 876 858 lic
900 819 930 857 e
956 803 1140 860 medio
1163 806 1400 872 sublata,
1429 807 1784 865 festivitatem
1823 811 2189 868 dedicationis
2229 821 2380 870 tran-

801 894 1030 963 quillius
1073 907 1421 968 peragerent,
1468 900 1760 956 ecclesiam
1804 902 1917 958 Deo
1959 914 2375 962 oonsecrantes.

803 984 1142 1043 Tricesimus
1187 989 1279 1046 hic
1323 1000 1446 1046 erat
1491 1007 1672 1048 annus
1728 992 1946 1065 imperii
2000 995 2372 1054 Constantini.

802 1077 980 1132 Porro
1007 1079 1211 1151 Tyrum
1235 1083 1405 1138 variis
1429 1099 1498 1139 ex
1520 1084 1659 1140 locis
1684 1097 2063 1144 convenerunt
2107 1091 2376 1162 episcopi,

802 1186 1034 1228 numero
1059 1175 1362 1246 sexaginta,
1409 1188 1778 1250 congregante
1826 1179 1952 1236 illos
2007 1182 2278 1255 Dionysio
2305 1199 2376 1239 ex

801 1265 1102 1321 consulari.
1145 1267 1256 1338 66
1303 1267 1372 1323 Et
1409 1268 1680 1326 Macarius
1725 1271 1951 1341 quidem
1973 1274 2265 1347 presbyter
2307 1277 2378 1333 ab

803 1353 940 1408 urbe
963 1355 1293 1412 Alexandria
1327 1373 1394 1413 eo
1422 1359 1724 1429 perductus
1745 1369 1831 1417 est
1875 1363 1980 1418 sub
2007 1364 2250 1420 militum
2279 1382 2376 1422 cu-

801 1449 1003 1514 stodia,
1031 1452 1245 1506 catenis
1268 1451 1464 1507 ferreis
1489 1453 1729 1509 vinctus.
1757 1454 2093 1512 Athanasius
2118 1473 2253 1512 vero
2277 1474 2375 1514 oc-

801 1555 1029 1598 currere
1053 1543 1275 1614 quidem
1299 1545 1552 1612 nolebat;
1579 1561 1691 1601 non
1713 1547 1861 1618 quod
1887 1548 2103 1620 objecta
2128 1551 2234 1605 sibi
2262 1553 2376 1606 cri-

802 1634 952 1689 mina
1000 1634 1421 1692 reformidaret:
1473 1637 1677 1708 quippe
1743 1639 1952 1695 nullius
2008 1655 2202 1697 eorum
2268 1645 2373 1700 sibi

800 1725 1056 1781 conscius
1077 1734 1229 1783 erat:
1295 1728 1391 1784 sed
1437 1730 1586 1800 quod
1635 1739 1908 1788 metueret
1947 1750 2018 1790 ne
2065 1737 2199 1807 quid
2251 1739 2366 1796 illic

801 1827 994 1875 contra
1021 1820 1245 1877 decreta
1280 1821 1515 1880 Nicaana:
1537 1824 1733 1895 synodi
1777 1826 2156 1884 innovaretur.
2201 1831 2373 1888 Vere-

801 1911 967 1966 batur
995 1921 1174 1969 tamen
1196 1913 1439 1971 minaces
1463 1916 1814 1987 imperatoris
1836 1919 2066 1975 litteras.
2095 1920 2374 1994 Scriptum

799 2005 949 2060 enim
980 2005 1059 2061 illi
1085 2005 1285 2075 fuerat,
1313 2009 1420 2064 nisi
1448 2018 1645 2081 sponte
1671 2025 1771 2067 sua
1793 2013 2058 2081 venisset,
2101 2015 2156 2070 vi
2194 2017 2376 2074 addu-

799 2107 949 2152 ctum
976 2099 1065 2154 iri.
1091 2099 1262 2172 Igitur
1284 2103 1611 2160 necessitate
1649 2105 1966 2178 compulsus
2033 2107 2213 2165 adfuit
2259 2111 2376 2170 illic

798 2193 963 2247 etiam
993 2194 1346 2252 Athanasius.

1394 2330 1545 2389 CAP.
1572 2333 1765 2390 XXIX.

866 2420 939 2477 De
962 2420 1204 2490 Arseuio,
1233 2433 1280 2478 et
1321 2425 1384 2480 de
1409 2444 1714 2502 manuque
1752 2427 1837 2484 illi
1878 2437 2160 2502 amputata
2185 2448 2299 2490 esse

1447 2497 1735 2554 dicebatur.

863 2586 1034 2642 Porro
1068 2587 1164 2643 Dei
1209 2588 1562 2658 providentia
1600 2590 1896 2648 Arsenium
1923 2592 1982 2648 in
2021 2593 2221 2650 urbem
2269 2596 2376 2669 Ty-

791 2695 915 2735 rum
962 2681 1043 2735 ire
1091 2681 1351 2752 perpulit.
1414 2681 1689 2754 Neglectis
1744 2684 1894 2740 enim
1941 2685 2216 2744 mandatis
2253 2705 2377 2760 qua

792 2772 1224 2828 calumniatores
1259 2790 1290 2828 a
1327 2774 1532 2844 quibus
1574 2775 1883 2832 conductus
1915 2776 2096 2834 fuerat
2141 2779 2244 2852 ipsi
2280 2782 2377 2838 de-

797 2864 1017 2931 derant,
1045 2866 1185 2921 clam
1215 2882 1283 2922 eo
1326 2867 1572 2934 advenit,
1623 2877 1686 2924 ut
1721 2885 1844 2940 qua:
1895 2869 2012 2927 illic
2053 2882 2376 2943 gererentur

789 2973 974 3013 coram
1017 2966 1308 3028 spectaret.
1347 2960 1509 3017 Forte
1532 2960 1734 3016 accidit
1765 2968 1826 3016 ut
1872 2960 2063 3018 famuli
2118 2963 2374 3022 Archelai

791 3052 1116 3118 consularis,
1148 3053 1204 3108 in
1248 3054 1476 3110 taberna
1514 3056 1781 3127 quosdam
1822 3057 2084 3113 audirent
2129 3059 2375 3117 dicentes

791 3145 1106 3209 Arsemum,
1131 3147 1224 3217 qui
1253 3146 1470 3202 occisus
1491 3163 1612 3203 esse
1635 3147 1938 3216 diceretur,
1963 3150 2019 3205 in
2041 3149 2252 3207 aadihus
2275 3167 2375 3208 cu-

2484 639 2848 710 συναχθέντας
2879 643 3006 706 τοὺς
3037 642 3392 707 ἐπισκόπους.
3437 643 3506 697 τὰ
3545 642 3686 698 κατὰ
3740 644 4052 700 Ἀθανάσιον

2482 732 2760 799 γυμνάσαι
2795 734 3126 804 προσέταξεν
3148 752 3162 766 °
3198 735 3349 799 ὅπως
3401 735 3467 790 ἂν
3517 735 3634 790 ἐκεῖ
3677 736 3940 808 πρότερον
3965 740 4052 791 ἐκ·

2481 823 2660 877 ποδὼν
2704 825 3003 898 γενομένης
3031 831 3128 900 τῆς
3157 827 3492 899 ἐρεσχελίας,
3526 827 3944 901 εἰρηνικώτερον
3984 829 4053 884 τὰ

2478 913 2808 986 ἐπιϐατήρια
2835 918 2935 988 τῆς
2962 918 3256 988 ἐκκλησίας
3275 918 3648 980 ἐπιτελέσωσι,
3672 919 4053 989 καθιεροῦντες

2479 1004 2650 1075 αὐτὴν
2677 1005 2755 1076 τῷ
2776 1006 2914 1078 Θεῷ.
2948 1008 3281 1078 Τριακοστὸν
3303 1009 3359 1063 δὲ
3387 1009 3503 1072 ἔτος
3531 1005 3598 1080 ἦν
3631 1009 3787 1062 τοῦτο
3815 1009 3924 1080 (45)
3957 1011 4054 1081 τῆς

2481 1092 2756 1164 βασιλείας
2799 1098 3203 1152 Κιονσταντίνου
3251 1105 3314 1152 ο.
3367 1099 3476 1152 Καὶ
3524 1099 3778 1170 παρῆσαν
3819 1100 3912 1152 ἐπὶ
3955 1099 4052 1170 τὴν

2478 1185 2654 1258 Τῦρον
2697 1189 2760 1242 ἐκ
2808 1187 3082 1261 διαφόρων
3133 1190 3312 1246 τόπων
3369 1190 3657 1245 ἐπίσκοποι
3695 1191 3786 1245 τὸν
3820 1191 4053 1263 ἀριθμὸν

2477 1279 2760 1350 ἐξήκοντα,
2792 1282 3068 1336 Διονυσίου
3095 1282 3190 1336 τοῦ
3219 1282 3327 1337 ἀπὸ
3348 1283 3628 1338 ὑπατικῶν
3657 1285 4052 1353 συναγαγόντος

2476 1371 2692 1434 αὐτούς.
2739 1371 2843 1425 Καὶ.
2877 1373 3042 1444 ἧγετο
3082 1373 3180 1444 μὲν
3211 1375 3498 1446 Μακάριος
3537 1387 3564 1425 Ρ
3613 1378 3642 1430 ὁ
3684 1375 4052 1449 πρεσϐύτερος

2478 1464 2541 1516 ἐκ
2566 1464 2666 1533 τῆς
2694 1463 3094 1536 Ἀλεξανδρείας
3117 1466 3520 1538 σιδηροδέσμιος
3537 1467 3625 1520 διὰ
3654 1468 4051 1540 στρατιωτικῆς

2477 1555 2677 1625 χειρός.
2727 1556 3041 1622 Ἀθανάσιος
3064 1557 3119 1610 δέ
3173 1557 3480 1628 ἀπαντῆσαι
3525 1559 3627 1612 οὐκ
3676 1558 3947 1623 ἐϐούλετο,
3989 1559 4049 1611 οὐ

2476 1646 2728 1701 τοσοῦτον
2779 1649 2874 1712 τὰς
2915 1651 3243 1722 κατηγορίας
3287 1649 3713 1721 εὐλαϐούμενος·
3760 1651 3912 1704 οὐδὲν
3943 1652 4049 1722 γὰρ

2475 1738 2584 1792 τῶν
2634 1741 3124 1812 κατηγορουμένων
3171 1742 3500 1810 ἐγίνωσκεν·
3539 1741 3676 1797 ἀλλὰ
3719 1743 4048 1814 φοϐούμενος

2481 1832 2554 1902 μή
2587 1849 2640 1885 τι
2686 1832 3048 1905 καινοτομηθῇ
3081 1835 3230 1906 παρὰ
3261 1833 3331 1888 τὰ
3355 1836 3413 1887 ἐν
3445 1835 3649 1907 Νικαίᾳ
3675 1839 3742 1908 τῇ
3774 1838 3896 1890 τότε
3928 1855 4051 1892 συν-

2406 1893 2448 1953 B
2633 1893 3346 1996 συναρέσαντα.”Ἐδεδοίκει
3375 1926 3483 1998 γὰρ
3526 1927 3597 1982 τὰ
3626 1893 3741 1980 ’τοί
3784 1927 4049 1998 βασιλέως

2475 2017 2802 2088 ἀπειλητικὰ
2850 2018 3171 2089 γράμματα.
3229 2018 3567 2089 Ἐγέγραπτο
3613 2019 3723 2090 γὰρ
3771 2018 3940 2089 αὐτῷ,
3973 2018 4050 2083 ὡς

2475 2109 2526 2163 εί
2560 2111 2633 2181 μὴ
2669 2109 2810 2164 ἑκὼν
2841 2111 3162 2182 ἀπαντήσοι.
3197 2112 3412 2184 ἀνάγκῃ
3456 2111 3810 2184 ἀχθήσεσθαι.
3859 2111 4050 2184 Παρῆν

2474 2200 2569 2258 οὖν
2593 2203 2653 2270 ἐξ
2678 2203 2924 2275 ἀνάγκης
2957 2206 3054 2258 καὶ
3093 2204 3429 2269 Ἀθανάσιος.

3053 2342 3304 2399 ΚΕΦΑΛ.
3345 2341 3474 2398 ΚΘθ.

2473 2434 2613 2506 Περὶ
2686 2435 3018 2504 ’Δρσενίου,
3074 2437 3169 2490 καί
3203 2435 3329 2508 τῆς
3380 2437 3665 2508 κεκόφθαι
3721 2434 4053 2508 λελυμένης

3042 2507 3228 2562 αὐτοῦ
3261 2507 3477 2576 χειρός.

2543 2598 2678 2654 Θεοῦ
2705 2599 2761 2654 δέ
2794 2617 2876 2665 τις
2904 2599 3128 2672 πρόνοια
3154 2600 3247 2654 τὸν
3286 2600 3560 2672 Ἀρσένιον
3599 2599 3691 2654 ἐπὶ
3731 2595 3830 2670 τὴν
3874 2596 4051 2669 Τύρον

2473 2691 2724 2763 ἧλαυνεν.
2773 2693 3076 2766 Ἀμελήσας
3119 2694 3230 2764 γὰρ
3260 2695 3369 2748 τῶν
3399 2693 3648 2758 ἐντολῶν,
3681 2686 3754 2747 ὧν
3799 2690 3950 2762 αὐτῷ
3999 2691 4049 2744 oi

2473 2784 2543 2838 τὰ
2569 2787 2674 2857 χρή
2685 2803 2827 2857 ματα
2854 2786 3188 2855 συκοφάνται
3218 2785 3589 2858 παρασχόντες
3614 2782 3900 2849 δεδώκασι,
3927 2781 4049 2836 καθ’

2477 2878 2716 2950 ἱστορίαν
2785 2878 2896 2948 τῶν
2945 2878 3325 2950 γενησομένων
3382 2877 3782 2951 κεκρυμμένως
3846 2877 4047 2948 παρῆν.

2478 2971 2674 3042 Ἔτυχε
2705 2970 2759 3024 δέ
2794 2991 2906 3036 πως
2950 2971 3041 3025 τοῦ
3076 2971 3341 3026 ὑπατικοῦ
3381 2971 3676 3043 Ἀρχελάου
3705 2971 3814 3041 (44)
3839 2969 4050 3031 οἰκέτας

2477 3066 2536 3119 ἐν
2565 3065 2848 3136 καπηλείῳ
2881 3065 3106 3119 ἀκοῦσαι
3145 3065 3413 3134 λεγόντων
3442 3064 3625 3129 τινῶν,
3661 3064 3735 3128 ὡς
3780 3063 4053 3134 Ἀρσένιος

2476 3158 2505 3210 ὁ
2527 3156 2814 3227 λεγόμενος
2841 3157 3165 3228 ἀνῃρῆσθαι,
3198 3158 3460 3229 πάρεστιν
3491 3155 3547 3209 ἐν
3581 3173 3723 3219 τινος
3745 3155 3891 3226 οἰκίᾳ
3920 3172 4052 3224 κρυ-

788 3239 1003 3310 jusdam
1027 3239 1162 3294 civis
1182 3239 1524 3295 delitescere.
1540 3239 1638 3296 His
1653 3240 1880 3307 auditis,
1899 3257 2025 3296 eum
2045 3258 2138 3298 eos
2163 3243 2253 3314 qui
2273 3243 2377 3299 ista
2408 3253 2451 3314 (ς
2484 3264 2574 3301 πει

2273 3243 2377 3299 ista
2408 3253 2451 3314 (ς
2484 3248 2774 3319 πτόμενος.
2801 3249 2984 3302 Ταῦτα
3009 3247 3359 3313 ἀκούσαντες,
3387 3248 3482 3302 καὶ
3513 3249 3639 3311 τοὺς
3671 3249 3922 3307 εἰπόντας
3958 3264 4052 3317 ση-

791 3327 1049 3383 dixerant
1074 3338 1376 3396 notassent,
1409 3347 1524 3386 rem
1549 3347 1769 3386 omnem
1810 3331 1876 3386 ad
1915 3332 2200 3388 dominum
2241 3336 2385 3390 refe-
2486 3360 2576 3412 μει

2266 3336 2385 3390 'cfc-
2486 3343 2872 3412 μειωσάμενοι,
2907 3342 3194 3412 καταφανῆ
3234 3341 3301 3396 τὰ
3341 3341 3674 3396 ἀκουσθέντα
3716 3341 3794 3412 τῷ
3818 3341 4052 3414 δεσπότῃ

793 3431 940 3477 runt.
969 3424 1060 3477 Ille
1085 3440 1114 3479 e
1140 3425 1389 3496 vestigio,
1419 3425 1556 3480 nihil
1584 3433 1894 3492 cunctatus,
1945 3426 2225 3483 hominem
2254 3444 2381 3499 per-

791 3515 957 3587 quirit
973 3526 1135 3586 atque
1151 3517 1380 3579 invenit,
1395 3517 1787 3588 inventumque
1803 3519 1906 3574 sub
1926 3518 2174 3591 diligenti
2195 3530 2381 3576 eustoo

792 3609 883 3662 dia
905 3609 1113 3664 servari
1145 3609 1321 3680 jubet.
1346 3611 1474 3665 Post
1519 3610 1638 3666 hzec
1658 3611 1961 3667 Athanasio
1999 3613 2274 3685 signiﬁcat
2321 3623 2383 3669 ut

794 3701 939 3759 bono
963 3701 1147 3757 animo
1171 3703 1242 3758 sit
1275 3720 1288 3756 :
1318 3703 1612 3758 Arsenium
1634 3703 1780 3759 enim
1827 3705 2154 3761 incolumem
2178 3715 2378 3778 prasto

792 3810 933 3851 esse.
959 3795 1407 3868 Comprehensus
1429 3813 1595 3869 porro
1618 3798 1907 3863 Arsenius,
1951 3799 2112 3856 initio
2139 3801 2372 3871 quidem

791 3889 1028 3960 negabat
1054 3907 1114 3946 se
1138 3891 1433 3947 Arsenium
1461 3906 1602 3947 esse.
1628 3892 1830 3948 Verum
1859 3893 2061 3948 Paulus
2083 3895 2374 3964 episcopus

793 3979 945 4052 Tyri,
970 3983 1065 4054 qui
1083 3983 1404 4054 jamdudum
1429 3984 1707 4041 hominem
1734 3993 1927 4050 norat,
1955 4001 2082 4041 cum
2108 3986 2365 4041 convicit.

793 4073 979 4132 Rebus
1015 4075 1069 4132 in
1109 4077 1260 4134 hunc
1292 4078 1519 4134 modum
1558 4095 1589 4135 a
1626 4079 1810 4136 divina
1851 4079 2200 4137 Providentia
2242 4089 2369 4136 ante

2479 3435 2744 3488 ποιοῦσιν.
2786 3435 2845 3489 Ὀ
2887 3435 2944 3488 δὲ
2999 3435 3076 3500 ὡς
3109 3430 3220 3505 εἶχε
3257 3435 3332 3505 μὴ
3386 3433 3692 3504 μελλήσας,
3751 3434 4052 3504 ἁνεζήτησε

2478 3527 2573 3581 καὶ
2599 3519 2723 3598 εὗρε
2749 3544 2762 3558 ’
2791 3527 2886 3580 καὶ
2914 3525 3090 3596 εὑρὼν
3115 3525 3472 3596 ἠσφαλίσατο.
3497 3525 3609 3579 Καὶ
3639 3524 3716 3596 τῷ
3754 3524 4054 3595 Ἀθανασίῳ

2479 3617 2630 3687 δηλοῖ
2665 3617 2827 3688 μηδὲν
2871 3616 3279 3689 ταράσσεσθαι·
3328 3619 3584 3688 παρεῖναι
3616 3616 3722 3689 γὰρ
3753 3615 3930 3682 ζῶντα
3962 3617 4054 3670 τὸν

2497 3708 2789 3781 Ἀρσένιον.
2838 3709 3172 3779 Συλληφθεὶς
3216 3705 3308 3762 οὖν
3349 3709 3642 3781 ’Λρσένιος,
3677 3712 3888 3781 ἠρνεῖτο
3916 3706 4055 3764 εἶναι

2478 3801 2538 3868 ὃς
2584 3799 2672 3873 ἦν.
2732 3803 2870 3858 Ἀλλ’
2903 3803 3067 3857 αὐτὸν
3101 3803 3358 3868 Παῦλοςὸ
3401 3805 3502 3874 τῆς
3545 3803 3721 3876 Τύρου
3758 3803 4056 3867 ἐπίσκοπος

2478 3895 2645 3951 πάλαι
2688 3895 2992 3964 γινώσκων,
3053 3895 3358 3967 ἐξήλεγξεν.
3407 3894 3589 3950 Ταῦτα
3639 3896 3740 3966 τῆς
3791 3895 4056 3967 Προνοίας

2480 3988 3006 4060 προευτρεπισάσης,
3069 3988 3186 4060 μετ’
3233 3989 3294 4042 οὑ
3348 3988 3484 4043 πολὺ
3530 3987 3775 4043 ἐκαλεῖτο
3820 3988 3926 4042 ὑπὸ
3955 3990 4054 4058 τῆς

2477 4080 2694 4136 συνόδου
2726 4082 2754 4133 ὁ
2792 4079 3128 4145 Ἀθανάσιος.
3160 4079 3270 4137 Καὶ
3303 4082 3594 4154 παρόντος,
3636 4082 3686 4137 oi
3718 4081 4054 4152 συκοφάνται

1993 4236 2264 4292 VALESll
2302 4233 2853 4293 ANNOTATIONES.

865 4358 977 4426 (45)
1020 4357 1377 4426 Τριακοστὸν
1409 4357 1479 4411 δὲ
1521 4357 1656 4425 ἔτος
1686 4352 1765 4427 ἦν
1790 4357 1986 4413 τοῦτο.
2041 4357 2242 4413 Habita
2273 4368 2360 4414 est

2468 4359 2568 4414 stis
2601 4357 2782 4421 ldatii,
2811 4366 2928 4413 toto
2951 4372 3096 4413 anno
3133 4372 3252 4414 eam
3284 4356 3687 4413 solemnitatem
3724 4354 4049 4424 anticipans.

791 4425 1031 4498 synodus
1056 4425 1197 4498 'Tyri
1229 4429 1550 4484 Constantio
1581 4439 1655 4500 et
1683 4425 1880 4500 Albino
1932 4429 2270 4500 consulibus,
2312 4441 2374 4486 ut
2403 4430 2652 4499 DAtque
2706 4429 2824 4500 hate
2873 4429 3259 4500 tricennalium
3306 4428 3645 4500 anticipatio,
3688 4441 3799 4482 non
3841 4425 4052 4500 Socrati

793 4507 1025 4553 testatur
1058 4501 1406 4563 Athanasius,
1431 4514 1576 4554 anno
1600 4498 1804 4554 Christi
1844 4499 1967 4553 535.
1992 4499 2124 4553 Erat
2151 4500 2241 4554 hic
2271 4516 2371 4554 an-

792 4584 897 4624 nus
924 4571 1136 4639 imperii
1167 4570 1509 4625 Constantini
1553 4579 1781 4625 octavus
1822 4579 1877 4624 et
1909 4568 2225 4624 vicesimus.
2267 4571 2376 4624 No—

793 4656 900 4695 nus
946 4651 1129 4696 autem
1175 4658 1237 4694 ac
1286 4641 1580 4697 vicesimus
1630 4641 1795 4697 euenit
1839 4640 2031 4694 iisdem
2056 4641 2376 4696 consulibus

789 4709 881 4766 die
907 4722 1100 4766 octavo
1151 4711 1417 4766 Kalendas
1443 4711 1670 4780 August.
1701 4709 1820 4776 Quo
1861 4711 2082 4780 quidem
2107 4711 2196 4766 die
2229 4710 2376 4766 Con-

791 4783 1066 4840 stantinus
1107 4783 1432 4838 tricennalia
1467 4781 1786 4847 celebravit,
1818 4791 1881 4838 ut
1909 4781 2170 4837 scribitur
2202 4782 2256 4837 in
2293 4781 2378 4836 fa-

2477 4495 2686 4581 solu‘m,
2706 4498 2802 4554 sed
2839 4499 2962 4554 aliis
2989 4500 3154 4555 etiam
3181 4499 3433 4570 pluribus
3462 4495 3803 4555 occasionem
3847 4495 4056 4552 erroris

2479 4571 2825 4710 Ρηῗιὲῧηῗοῦ
2846 4640 3138 4696 ὑπατικοῦ
3172 4638 3508 4709 Ἀρχελάου.
3538 4638 3770 4695 Ruﬁnus
3799 4639 3854 4694 in
3881 4637 3980 4694 lib.
4017 4653 4051 4690 ι

2482 4710 2738 4765 Historia:
2773 4711 3160 4767 ecclesiastica?
3192 4710 3340 4766 hunc
3369 4709 3696 4766 Archelaum
3718 4727 3826 4765 non
3849 4725 4050 4765 consu-

2483 4781 2654 4836 larem
2684 4781 2992 4848 Phoenices,
3022 4782 3116 4837 sed
3147 4781 3401 4838 comitem
3437 4781 3675 4838 Orientis
3702 4781 3868 4837 fuisse
3898 4779 4048 4836 dicit.

2229 4936 2610 4993 VARIORUM.

789 5069 903 5113 tum
943 5058 1290 5112 admirandus
1316 5055 1660 5113 Athanasius.
1687 5053 1824 5112 Cum
1862 5054 2029 5126 igitur
2070 5052 2127 5126 in
2155 5055 2367 5126 synodo

789 5129 936 5206 apud
951 5129 1164 5206 _'l‘y_rum
1195 5128 1472 5206 celebrata
1493 5137 1602 5206 tam
1620 5125 2206 5206 _Asclepadis_(P_agiuS
2227 5126 2373 5206 scri-

791 5195 903 5271 psit
929 5195 1275 5271 Asclepiadis.
1314 5198 1459 5271 Lege
1501 5197 1744 5271 Asclepw
1781 5195 1921 5271 cum
1968 5195 2188 5271 Val‘e’sio
2227 5195 2370 5250 infra

793 5265 846 5341 ᾖ).
895 5271 1017 5341 H3)
1059 5265 1224 5340 quam
1254 5265 1537 5326 Athanasii
1565 5265 1743 5341 causa
1763 5267 2012 5341 discussa
2051 5265 2236 5329 luerit,
2273 5281 2372 5337 ap-

793 5339 949 5412 paret
979 5339 1273 5410 utrumque
1301 5341 1465 5396 etiam
1492 5355 1640 5412 anno
1679 5339 1774 5412 531
1830 5339 1998 5412 [uisse
2028 5348 2370 5412 accusatum,

790 5408 855 5488 ac
886 5414 1173 5488 u_triusque
1189 5408 1420 5488 causam
1441 5411 1509 5466 ad
1535 5410 1800 5482 synodum
1819 5409 2100 5488 Caesareae,
2135 5408 2373 5488 indeque

790 5483 857 5536 a'l
900 5480 1542 5555 Tyrianamremissam,
1567 5480 1636 5555 et
1670 5481 1946 5555 synodum
1979 5480 2373 5555 Caisariensem

789 5549 1060 5607 anno'ﬁfil
1110 5553 1367 5609 indictam
1400 5568 1539 5608 esse.
1582 5551 1688 5608 Sed
1707 5549 1829 5607 eum
1858 5558 1982 5621 post
2005 5549 2227 5621 triginta
2259 5549 2371 5604 eir-

791 5627 930 5678 riter
962 5626 1228 5680 mensium
1261 5625 1518 5696 spatium.
1549 5631 1744 5696 neuter
1781 5620 2083 5696 Czrisaream
2112 5620 2374 5696 adventa-

793 5706 896 5755 ret.
927 5703 1214 5764 utriusque
1248 5692 1409 5750 causa
1441 5695 1508 5749 ad
1547 5693 1814 5761 synodum
1847 5694 2138 5764 Tyrianam
2171 5692 2370 5762 rejecta

791 5767 913 5820 fuit.
942 5767 1100 5832 (Ant.
1134 5767 1258 5838 Pagi
1291 5767 1514 5845 agi-ann.
1539 5765 1663 5845 53:2,
1694 5764 1852 5845 21.2.)
1948 5833 1972 5845 θ
2061 5834 2084 5845 Α
2214 5836 2229 5845 1
2278 5833 2286 5845 ἶ

867 5846 889 5867 "
929 5833 1286 5904 Τριακοστὲν
1317 5836 1383 5890 δὲ
1409 5839 1543 5901 ἔτος
1572 5833 1650 5904 ἦν
1684 5835 1853 5889 τοῦτο
1895 5833 2003 5900 τῆς
2039 5833 2360 5897 ,ϐασιλείας

794 5907 1269 5964 Κωνσταιοτίνου.
1303 5906 1470 5964 Recte
1499 5907 1779 5974 Socrates;
1808 5922 1968 5977 quem
2012 5906 2211 5960 frustra
2237 5918 2360 5958 cor-

2465 5055 2595 5125 rigit
2624 5053 2876 5111 Valesius
2900 5053 2955 5109 in
2981 5054 3157 5111 Notis.
3185 5053 3460 5110 Nimirum
3487 5053 3882 5125 Constantinus
3918 5069 4062 5125 anno

2465 5124 2589 5190 506,
2609 5143 2703 5180 vm
2722 5126 2840 5180 Kal.
2863 5125 3026 5197 Ang.,
3048 5125 3192 5197 patri
3215 5125 3498 5182 successit.
3519 5124 3756 5197 Proinde
3778 5140 3906 5197 ann.
3935 5124 4058 5197 3.3.5.

2468 5213 2672 5276 annum
2707 5194 3399 5276 tricesimum'jnchoavit;
3427 5194 3747 5276 guodtips‘e
3807 5195 4064 5276 Valesius

2469 5268 2691 5339 agnovit
2727 5267 2783 5339 in
2826 5267 2981 5323 Notis
3013 5268 3082 5322 ad
3113 5267 3503 5339 librumtvpc
3535 5265 3654 5339 Vita
3683 5265 4059 5339 Constantini,

2471 5335 2590 5408 cap.
2616 5338 2704 5392 55.
2735 5338 2872 5393 Vide
2919 5339 3084 5393 etiam
3126 5338 3333 5392 Baluzii
3383 5337 3550 5408 Notas
3587 5337 3643 5408 in
3704 5335 3954 5392 Lactant.
3985 5335 4062 5389 De

2473 5406 3181 5488 mort_i_bus_persecutort_tm,
3217 5424 3336 5488 cap.
3367 5408 3459 5488 ἓξ.
3475 5406 3802 5488 γνκιωδντιι.
3965 5477 3976 5488 ⁸

2543 5491 2570 5530 P
2594 5480 2702 5534 Καὶ
2725 5477 2901 5548 ἤγετο
2930 5480 3046 5549 μὲν
3072 5477 3391 5547 Μακάριος.
3420 5477 3869 5549 Οτίηιὶητὼιιηίιυτ
3901 5477 4052 5532 scili-

2470 5559 2558 5606 cet
2592 5552 2745 5606 illum
2792 5548 3110 5614 Eusebiani,
3148 5550 3294 5621 quod
3335 5549 3592 5621 poculum
3621 5548 4052 5621 n_iyslieuin,_ju-

2469 5622 2631 5677 bente
2652 5622 2969 5686 Athanasio,
3004 5619 3379 5692 confregisset.
3413 5619 3703 5692 Calumnia
3729 5629 3908 5674 autem
3938 5619 4053 5692 [nec

2469 5694 2538 5747 ab
2567 5694 2785 5765 lschyra
2811 5693 3074 5765 intentata
3098 5690 3219 5756 fuit,
3255 5708 3425 5765 quem
3448 5690 3780 5765 Athanasius
3818 5706 3914 5765 per
3941 5690 4050 5742 lla-

2469 5759 3084 5835 carium'prohibuerat
3127 5780 3196 5820 ne
3241 5759 3527 5820 sacerdotii
3574 5775 3798 5816 munere
3856 5759 4050 5832 funge-
4096 5797 4100 5800 -

2468 5845 2638 5892 τοίην.
