4524 6582
470 449 527 505 1ιὲ
543 453 553 504 l
1463 440 1784 495 ιιιδίὀιιιΑ
1825 438 2256 512 ΕίᾷςίΙᾸῇΞΙΑΒΤΙ

1958 438 2379 503 ι.ι;ειΑδτιι;.ι.
2425 456 2485 478 οι-
2532 438 2660 492 LIB.
2706 438 2721 491 ι
3636 442 3738 499 περ

465 564 565 632 τὴν
593 562 749 632 χεῖρα
782 562 862 623 εἰς
900 560 1063 631 μέσον
1110 555 1268 629 ἦγον,
1316 560 1409 611 καὶ
1442 558 1539 628 τὴν
1579 557 1911 628 κατηγορίαν
1967 559 2052 610 έν·
2085 571 2127 626 Α
2159 556 2246 610 dis

1967 542 2052 610 ὲν-
2085 571 2127 626 Α
2159 554 2469 642 dispositis,
2493 533 2658 625 paulo
2685 564 2807 625 post
2832 553 3169 609 Athanasius
3214 569 3245 609 a
3286 551 3497 627 synodo
3539 569 3738 613 evoca-

472 656 709 708 ίσταντο.
749 654 808 705 '0
825 653 880 706 δὲ
908 652 1085 723 σοφῶς
1118 650 1350 722 μετῆλθε
1382 651 1718 720 τὸνπρᾶγμα.
1768 639 2062 719 Ἠρώτησε-

469 746 577 817 γὰρ
606 747 732 808 τοὺς
768 744 1044 814 παρόντας
1077 743 1171 796 καὶ
1203 742 1329 805 τοὺς
1371 740 1730 811 κατηγόρους,
1760 739 1904 799 τίνες
1942 733 2051 789 εἷεν

468 833 525 892 οἵ
556 836 917 906 γινώσκοντες
950 834 1041 889 τὸν
1090 834 1382 906 Ἀρσένιον.
1430 831 1647 885 Πολλῶν
1679 831 1735 904 δὲ
1793 830 2052 884 εἰπόντων

469 930 760 1001 γινώσκειν
773 928 956 991 αὑτὸν,
986 912 1301 995 εἰσάγεσθαι
1325 925 1467 981 ποιεῖ
1482 923 1572 976 τὸν
1599 922 1889 994 Ἀρσένιον,
1908 919 2053 974 ἔνδον

472 1023 568 1076 τοῦ
619 1020 836 1093 ἱματίου
876 1019 1193 1089 τὰς’χεῖρας
1235 1015 1400 1070 αὑτοῦ
1445 1016 1660 1086 ἔχοντα.
1715 1009 1850 1068 Εἶτα
1899 1009 2055 1077 αὖθις

459 1100 491 1167 ’ὲ
505 1115 651 1184 ρωτᾷ
670 1128 683 1141 ·
718 1104 889 1175 Οὗτός
925 1111 1077 1162 ἐστιν
1099 1110 1127 1161 ὁ
1156 1107 1255 1180 τὴν
1286 1108 1445 1178 χεῖρα
1471 1102 1832 1167 ἀπολωλεκώς
1856 1120 1871 1168 ;
1895 1104 1957 1156 Ui
1976 1102 2051 1167 δὲ,

474 1207 563 1259 ἐπὶ
593 1205 690 1276 μὲν
721 1204 800 1276 τῷ
830 1202 1119 1275 παραδόῇι
1148 1199 1594 1268 κατεπλάγησαν.
1620 1191 1760 1268 πλὴν
1784 1194 1893 1249 τῶν
1924 1194 2056 1247 εἰδό-

472 1316 580 1350 των
619 1297 743 1352 ὅθεν
779 1298 814 1367 ή
854 1295 976 1366 χεὶρ
1005 1296 1039 1365 ἡ
1073 1294 1323 1347 κοπεῖσα.
1359 1290 1443 1345 Oi‘
1464 1289 1520 1343 δὲ
1546 1287 1725 1341 λοιποὶ
1760 1286 1895 1357 (45),
1926 1285 2059 1367 ἀλη-

474 1391 579 1452 (μῶς
608 1389 777 1459 ῷοντο
802 1388 1010 1440 λείπειν
1042 1385 1120 1457 τῷ
1155 1384 1417 1456 Ἀρσενίῳ
1442 1382 1539 1455 τὴν
1570 1384 1747 1452 χεῖρα,
1777 1379 1872 1433 καὶ
1900 1394 2060 1449 προσ-

482 1480 683 1533 εδόκων
713 1479 773 1544 ἐξ
797 1479 992 1551 ἑτέρας
1021 1476 1331 1539 ὑποθέσεως
1365 1472 1745 1553 ἀπολογεῖσθαι
1773 1473 1864 1525 τὸν
1898 1470 2058 1524 Ἀθα-

474 1574 678 1626 νάσιον.
727 1571 784 1625 Ὀ
812 1571 868 1624 δὲ
892 1566 1141 1633 ἀνελίξας
1173 1568 1234 1621 τὸ
1268 1568 1480 1636 ἱμάτιον
1501 1565 1595 1619 τοῦ
1640 1562 1919 1635 Ἀρσενίου
1938 1562 2057 1615 καθ’

475 1655 664 1737 ἕτερον
685 1662 793 1717 τῶν
826 1663 1031 1733 μερῶν,
1062 1660 1302 1713 δείκνυσι
1331 1657 1423 1711 τοῦ
1442 1655 1730 1726 ἀνθρώπου
1757 1653 1853 1726 τὴν
1881 1654 2057 1724 χεῖρα.

477 1759 649 1813 Πάλιν
685 1757 741 1811 δὲ
775 1753 1105 1825 νομιζόντων
1145 1750 1309 1805 τινῶν
1360 1749 1459 1820 τῆς
1492 1746 1682 1819 ἐτέρας
1715 1744 2061 1818 ὑστερεῖσθαι

476 1850 660 1913 αὐτὸν,
700 1849 892 1921 μικρὸν
920 1844 1289 1918 παρελκύσας,
1335 1842 1668 1915 ἀμφιϐόλους
1704 1841 2056 1912 κατέστησεν.

2151 660 2261 704 tur.
2291 649 2393 715 Qui
2420 650 2544 704 cum
2570 647 2813 711 adesset,
2843 646 3273 702 calumniatores
3295 664 3517 704 manum
3547 649 3603 704 in
3630 668 3743 703 tne-

2106 740 2304 825 adium
2343 740 2653 812 proferunt,
2700 748 2756 794 et
2803 739 3212 794 accusationem
3262 740 3592 796 intendunt.
3646 743 3739 797 llle

2149 847 2284 887 vero
2326 832 2631 903 prudenter
2677 831 2973 886 admodum
3018 847 3076 887 se
3122 831 3313 903 gessit.
3360 833 3495 887 Nam
3545 841 3602 889 et
3646 850 3742 887 eos

2152 904 2251 993 qui
2286 923 2535 986 aderant,
2564 931 2620 977 et
2660 932 3008 999 accusatores
3034 922 3185 993 ipsos
3222 924 3584 995 interrogavit
3606 940 3739 979 num

2155 1018 2282 1092 quis
2303 1033 2369 1072 ex
2394 1018 2529 1088 ipsis
2552 1016 2851 1072 Arsenium
2878 1026 3085 1073 nosset.
3114 1015 3362 1087 Cumque
3407 1018 3567 1075 multi
3589 1018 3740 1072 dice-

2154 1120 2281 1167 rent
2312 1126 2369 1165 se
2398 1110 2551 1164 illum
2600 1110 2772 1180 probe
2804 1125 2990 1176 nosse,
3023 1109 3212 1165 induci
3243 1109 3400 1182 jubet
3424 1110 3739 1175 Arsenium,

2156 1221 2353 1261 manus
2389 1205 2492 1259 sub
2517 1204 2684 1274 pallio
2715 1203 2934 1259 abditas
2958 1202 3279 1259 habentem.
3314 1204 3523 1258 Deinde
3560 1204 3742 1279 inter-

2159 1303 2315 1366 rogat
2337 1296 2536 1349 iterum
2561 1313 2572 1348 :
2604 1294 2831 1350 Hiccine
2852 1302 2937 1349 est
2969 1294 3063 1365 qui
3103 1310 3323 1363 manum
3349 1294 3574 1349 amisit?
3601 1294 3741 1348 Tum

2158 1402 2294 1441 vero
2352 1387 2430 1440 illi
2460 1387 2545 1457 ob,
2582 1402 2697 1440 rem
2744 1394 2853 1440 tam
2908 1386 3338 1457 inexspectatam
3383 1383 3744 1439 admiratione

2160 1478 2403 1549 perculsi
2435 1456 2585 1543 sunt,
2630 1479 2876 1547 exceptis
2923 1479 2995 1534 iis
3026 1478 3122 1549 qui
3168 1477 3315 1533 unde
3352 1493 3548 1533 manus
3598 1483 3747 1531 esset

2164 1571 2352 1625 excisa
2403 1570 2684 1641 cognitum
2727 1569 3024 1624 habebant.
3060 1570 3276 1640 Reliqui
3312 1570 3462 1625 enim
3520 1585 3745 1625 manum

2161 1679 2355 1718 revera
2390 1664 2580 1719 deesSe
2604 1663 2838 1719 Arsenio
2860 1663 3283 1730 existimabant,
3307 1672 3364 1719 et
3382 1663 3746 1718 Athanasium

2156 1753 2269 1808 alia
2324 1755 2579 1824 quapiam
2632 1755 2845 1810 ratione
2894 1769 3117 1809 causam
3180 1770 3360 1809 suam.
3391 1754 3747 1809 defensurum

2164 1861 2285 1901 esse
2326 1848 2640 1917 sperabant.
2677 1846 2748 1901 At
2798 1847 2911 1913 ille,
2952 1846 3120 1916 pallio
3163 1845 3379 1901 Arsenii
3418 1847 3474 1900 in
3512 1848 3745 1902 alterum

480 1938 613 1994 Εἶτα
642 1939 716 2010 μὴ
753 1939 1050 2009 μελλήσας,
1068 1937 1162 1989 καὶ
1197 1935 1256 1988 τὸ
1278 1935 1463 2006 ἕτερον
1486 1932 1732 1999 ἀνελίξας
1764 1931 1948 2004 μέρος,
1968 1931 2063 1984 καὶ
2094 1974 2135 2029 Β
2164 1939 2266 1994 law

1968 1931 2063 1984 καὶ
2094 1974 2135 2029 Β
2164 1939 2309 1994 latus
2366 1939 2631 2004 reducto,
2675 1956 2899 1995 manum
2934 1941 3175 1996 hominis
3227 1940 3488 1995 ostendit.
3536 1940 3746 1994 Rursus

477 2034 575 2104 τὴν
611 2032 802 2104 ἑτέραν
830 2031 925 2084 τοῦ
970 2031 1247 2102 Ἀρσενίου
1278 2030 1436 2099 χεῖρα
1478 2024 1748 2091 ἐπέδειξεν
1770 2042 1783 2055 ⁸
1824 2023 1967 2078 οὓτω
2000 2042 2058 2077 τε

478 2121 599 2179 εἷπε
626 2125 761 2194 πρὸς
790 2123 917 2186 τοὺς
944 2122 1248 2195 παρόντας’
1300 2119 1577 2191 Ἀρσένιος
1620 2118 1739 2189 μὲν,
1776 2117 1851 2181 ὡς
1872 2118 2057 2189 όρᾶτε,

480 2220 577 2283 τὰς
606 2219 700 2273 δύο
726 2221 917 2290 χεῖρας
947 2216 1084 2287 ἔχων
1135 2214 1454 2291 ἐφεύρηται.
1500 2213 1610 2284 Τῆς
1637 2212 1827 2284 τρίτης
1865 2210 1922 2264 δὲ
1967 2208 2059 2263 τὸν

475 2311 642 2365 τόπον
673 2310 794 2366 ὅθεν
828 2309 1129 2381 ἀφῄρηται,
1162 2307 1527 2387 δεικνύτωσαν
1562 2307 1610 2359 οἱ
1637 2307 1947 2376 κατήγοροι.

2167 2029 2452 2085 nonnullis
2487 2031 2898 2101 suspicantibus
2948 2033 3121 2088 altera
3154 2047 3281 2088 eum
3325 2047 3490 2086 manu
3530 2030 3739 2085 mutila-

2167 2130 2285 2177 tum
2309 2138 2450 2189 esse,
2476 2124 2879 2195 aliquantulum
2908 2135 3175 2193 moratus,
3203 2126 3472 2197 ancipites
3513 2141 3612 2181 eos
3633 2124 3738 2180 haz-

2151 2226 2290 2268 .rere
2321 2212 2593 2282 permisit.
2632 2214 2841 2270 Deinde
2877 2217 3088 2289 abjeeta
3131 2232 3306 2281 mora,
3340 2232 3465 2271 cum
3512 2216 3744 2270 alterum

2168 2306 2318 2376 pallii
2375 2308 2521 2362 latus
2577 2310 2911 2378 reduxisset,
2963 2314 3193 2368 alteram
3255 2328 3476 2382 quoque
3528 2311 3745 2367 Arsenil

490 2406 720 2461 nudavit
748 2388 993 2469 manum,
1030 2411 1086 2458 et
1128 2418 1225 2458 eos
1252 2401 1344 2472 qui
1369 2390 1598 2456 aderant
1622 2400 1975 2471 compellavit
2030 2398 2119 2455 his
2154 2401 2341 2457 verbis
2371 2419 2385 2456 :
2431 2403 2699 2462 Arsenius
2732 2408 2841 2478 67
2878 2398 3123 2477 quidem,
3196 2418 3256 2464 ut
3300 2409 3522 2475 videtis,
3559 2408 3746 2465 amba:

478 2515 677 2556 manus
718 2500 924 2555 habere
980 2496 1435 2569 deprehenditur.
1494 2494 1680 2549 Tertia
1733 2510 1864 2549 vero
1925 2494 2203 2550 undenam
2253 2501 2445 2555 excisa
2498 2501 2608 2561 sit,
2651 2503 2944 2557 ostendant
2986 2502 3148 2557 nobis
3192 2509 3562 2563 accusatores.

1079 2612 1330 2666 ΚΕΦΛΛ.
1373 2612 1452 2664 Λ’.

488 2706 586 2774 Ὦς
620 2705 981 2761 Ἀθανασίου
997 2704 1094 2758 ἐπὶ
1129 2702 1202 2771 τῇ
1222 2703 1547 2774 κατηγορίᾳ
1575 2700 1768 2774 ἀβώου
1782 2699 2051 2769 εὑρεθέν-

690 2794 811 2844 τος,
842 2778 896 2831 oi
934 2770 1251 2844 κατήγοροι
1276 2770 1439 2843 φυγῇ
1478 2770 1839 2841 ἐχρήσω-τοι
2048 2806 2053 2811 .

549 2942 770 2995 Τούτων
804 2938 977 3001 οὕτως
1008 2937 1101 2991 ἐπὶ
1134 2935 1394 3007 Ἀρσενίῳ
1423 2934 1796 3005 πραχθέντων,
1831 2934 1888 2987 ἐν
1915 2936 2059 3005 ἀμη-

2767 2616 2919 2672 CAP.
2961 2615 3131 2671 XXX.

2160 2708 2432 2785 Quomodo
2450 2720 2573 2785 post
2597 2713 2830 2783 primum
2850 2710 3267 2773 accusationem,
3285 2726 3401 2785 cum
3425 2709 3744 2773 Athanasius

2228 2781 2476 2866 innocens
2514 2781 2645 2838 esset
2678 2786 2955 2843 inventus,
2992 2788 3325 2835 accusatores
3369 2781 3494 2851 fuga
3522 2796 3578 2835 se
3626 2796 3743 2851 pro-

2232 2863 2512 2923 ripuerint.

2231 2941 2327 2997 His
2352 2943 2420 3015 de
2450 2944 2683 2999 Arsenio
2720 2943 2793 2997 ita
2824 2942 3017 3013 gestis,
3044 2941 3111 2998 ad
3139 2941 3384 3012 inopiam
3418 2942 3636 2998 consilii
3659 2958 3741 2998 re-

480 3034 642 3108 χανίᾳ
677 3034 775 3105 μὲν
799 3033 852 3087 ,οἱ
882 3031 1154 3103 ρἀαντες
1181 3029 1273 3083 τόν
1292 3028 1441 3082 δόλον
1465 3028 1830 3098 κατέστησαν.
1850 3018 2062 3099 δΑχαὰὸ
2161 3032 2263 3088 dac

1957 3027 2062 3080 σιὰὸ
2161 3032 2307 3089 dacti
2338 3022 2468 3090 sunt
2523 3037 2618 3111 qui
2667 3035 2918 3090 fraudem
2972 3036 3115 3089 hanc
3165 3042 3501 3089 struxerant.
3530 3024 3743 3090 ‘Achah

476 3129 557 3195 δὲ,
586 3128 728 3181 ὁκαὶ
762 3125 1014 3195 Ἰωάννης
1042 3122 1178 3193 (46),
1207 3124 1235 3175 ό
1255 3120 1686 3193 κατήγορος,τοῦ
1713 3119 2061 3191 δικαστηρίου
2162 3140 2259 3178 ver

1965 3119 2061 3174 ›ίου
2162 3140 2317 3190 vero,
2352 3127 2446 3196 qui
2476 3136 2534 3182 et
2572 3127 2815 3184 Joannes
2863 3127 2973 3181 alio
3019 3127 3243 3181 nomine
3288 3127 3606 3192 vocabatur,
3662 3143 3751 3184 ac—

477 3220 680 3287 διαδὺς,
708 3220 767 3272 ἐν
799 3217 879 3289 τῷ
908 3216 1121 3288 θορύϐῳ
1152 3215 1391 3285 διέφυγε.
1424 3215 1533 3268 Καὶ
1562 3213 1703 3267 οὕτω
1729 3213 1827 3283 μὲν
1859 3212 2063 3283 ταύτην
2159 3231 2263 3271 cus;

1956 3230 2063 3283 ιτην
2159 3214 2378 3272 cusator
2403 3218 2710 3282 Athanasii,
2741 3233 2798 3273 se
2840 3234 2905 3273 ex
2926 3216 3137 3288 judicio
3168 3217 3505 3284 subducens,
3539 3220 3594 3273 in
3626 3222 3742 3289 ipso

474 3312 577 3382 τὴν
636 3310 1004 3381 κατηγορίανθ
1030 3308 1346 3372 Ἀθανάσιος
1414 3306 1722 3361 ἀπεδύσατο
1744 3346 1759 3370 ,
1818 3305 2056 3377 μηδεμιᾷ
2084 3314 2125 3370 c
2160 3318 2260 3363 tun

1961 3306 2125 3375 μιᾷο
2160 3311 2398 3365 tumultu
2456 3311 2685 3382 aufugit.
2736 3312 2806 3366 Et
2861 3312 3004 3366 hanc
3059 3307 3283 3381 quidem
3338 3313 3742 3383 accusationem

475 3404 823 3475 χρησάμενος
871 3404 1231 3474 παραγραφῇ.
1292 3401 1543 3471 Ἐθάρῤει
1587 3399 1729 3473 γὰρ,
1756 3400 1855 3473 ,ὡς
1899 3417 2063 3452 κατα-

478 3496 670 3566 πλήξει
728 3497 855 3560 τοὺς
904 3496 1245 3566 συκοφάντας
1290 3493 1384 3547 καί
1429 3493 1564 3563 μόνη
1618 3493 1712 3545 τοῦ
1775 3492 2051 3565 ’Λρσενίου

479 3590 512 3657 ἡ
541 3589 674 3660 ζωήν

1059 3772 1309 3826 ΚΕΦΑΛ.
1345 3773 1471 3827 ΛΑ’.

478 3866 603 3919 ’Ὁτι
637 3865 746 3931 τὰς
781 3864 880 3919 ἐπὶ
931 3865 1006 3934 τῇ
1059 3863 1308 3933 δευτέρᾳ
1359 3867 1681 3934 κατηγορίᾳ
1729 3864 2059 3933 ἀπολογίας

559 3935 910 3990 Ἀθανασίου
928 3936 1008 4003 μὴ
1034 3935 1532 4004 καταδεξαμένων
1550 3935 1669 3987 τῶν
1684 3935 2054 4001 ἐπισκόπων,

559 4006 901 4072 Ἆθανάσιος
930 4006 1079 4075 πρὸς
1108 4008 1215 4060 τὸν
1236 4005 1504 4071 ,βασιλέα
1526 4005 1877 4075 ἀνέδραμεν.

555 4097 681 4151 Ἐπὶ
712 4097 770 4151 δὲ
813 4101 937 4162 ταῖς
985 4097 1125 4152 κατὰ
1163 4097 1453 4169 Μακαρίου
1496 4097 1901 4166 συκοφαντίαις,
1937 4098 2057 4159 ταῖς

476 4192 730 4260 νομικαῖς
762 4191 1033 4261 ἐχρήσατο
1085 4190 1497 4260 παραγραφαῖς.
1551 4188 1663 4241 Καὶ
1704 4186 1922 4256 πρῶτον
1960 4187 2057 4257 μὲν

475 4284 601 4346 τοὺς
634 4282 760 4353 περὶ
779 4281 1036 4335 Εὑσέὸιον
1053 4281 1128 4345 ὡς
1155 4280 1382 4353 ἐχθροὺς
1406 4279 1811 4351 παρεγράφετο,
1834 4280 2056 4347 φάσκων

479 4375 556 4446 μὴ
588 4375 697 4428 δεῖν
730 4374 823 4427 ὲπί
847 4373 1134 4428 ἀντιδίκων
1156 4358 1470 4445 κρίνεσθαι·
1506 4372 1698 4427 ἔπειτα
1734 4373 1790 4427 δὲ
1824 4374 1917 4427 καὶ
1946 4373 2056 4426 δεί-

474 4467 725 4531 κνυσθαι,
758 4467 807 4518 sl
835 4467 863 4518 ό
897 4467 1202 4537 κατήγορος
1240 4466 1487 4536 Ἰσχύρας
1511 4465 1725 4537 ἀληθῶς
1759 4466 2077 4538 πρεσϐυτέέ

476 4577 568 4633 ρου
606 4559 718 4630 ἔχει
750 4560 926 4627 ἀξίαν.
960 4559 1115 4613 Οὕτω
1147 4558 1256 4630 γὰρ
1281 4561 1375 4612 καὶ
1409 4562 1468 4612 ὲν
1506 4562 1571 4631 τῇ
1602 4560 1903 4631 κατηγορίᾳ
1932 4560 2055 4627 ἐγέ-

471 4674 705 4728 γραπτο.
773 4656 926 4710 Ἐπεὶ¹
980 4655 1035 4709 δὲ
1081 4655 1284 4711 τούτων
1329 4655 1519 4709 οὐδένα
1568 4655 1726 4723 λόγον
1772 4657 1818 4709 οἱ
1872 4656 2055 4726 κριταὶ

477 4747 893 4818 προσεδέξαντο,
942 4745 1167 4817 εἰσήχθη
1209 4746 1307 4816 μὲν
1342 4746 1546 4817 ήκατὰ
1578 4745 1865 4815 Μακαρίου
1907 4747 2050 4817 δίκη.

485 4839 891 4910 ’Δτονησάντων
906 4837 963 4891 δὲ
979 4838 1088 4890 τῶν
1109 4836 1455 4908 κατηγόρων,
1496 4836 1789 4907 ὑπέρθεσιν
1814 4837 2055 4908 ἐλάμϐα-

474 4949 562 4984 νεν
596 4933 628 5001 ἡ
661 4930 942 5004 ἀκρόασις,
979 4929 1063 4996 ἐφ’
1088 4922 1132 4997 ᾧ
1160 4928 1565 5000 παραγενέσθαι
1599 4932 1677 4993 εἰς
1705 4929 1794 4982 τὸν
1818 4929 2053 5000 Μαρεώ-

2168 3404 2502 3460 Athanasius
2560 3405 2637 3459 ita
2690 3404 2921 3475 depulit,
2974 3404 3126 3458 nulla
3192 3420 3327 3459 usus
3383 3405 3706 3474 exceptione
3738 3438 3755 3454 .

2159 3496 2482 3553 Conlidebat
2512 3501 2658 3553 enim
2688 3498 2931 3553 futurum
2964 3507 3025 3552 ut
3054 3498 3138 3552 vel
3170 3500 3284 3553 sola
3317 3498 3530 3553 Arsenii
3559 3499 3743 3553 viven-

2168 3588 2242 3645 tis
2289 3590 2584 3660 prmsentia
2626 3590 3055 3644 calumniatores
3099 3596 3324 3657 stupore
3368 3587 3713 3656 percelleret.

2751 3774 2902 3830 CAP.
2944 3774 3138 3829 XXXI.

2160 3865 2430 3932 Quomodo
2469 3868 2794 3923 Athanasius
2844 3869 2911 3921 ad
2941 3870 3071 3938 imp.
3112 3868 3430 3936 confugerit,
3468 3882 3587 3919 cum
3642 3869 3742 3937 epi-

2231 3941 2372 4009 scopi
2425 3940 2780 4007 dcfcnsio‘nem
2819 3940 2985 4009 ipsius
3020 3937 3087 3992 in
3131 3937 3361 3992 secunda
3418 3938 3742 3992 accusatione

2230 4026 2333 4063 non
2369 4010 2725 4063 admisissent.

2234 4098 2290 4153 ln
2344 4098 2666 4155 relellendis
2707 4115 2842 4155 vero
2888 4099 3334 4156 accusationibus
3382 4116 3503 4170 quae
3557 4108 3747 4158 contra

2158 4193 2453 4248 Macarium
2485 4194 2705 4248 fuerant
2733 4194 3034 4257 intentatae,
3065 4193 3328 4264 legitimis
3366 4208 3500 4247 usus
3532 4202 3620 4245 est
3649 4209 3737 4247 ex-

2158 4286 2523 4356 ceptionibus.
2565 4288 2643 4339 Ac
2671 4285 2911 4356 primum
2947 4283 3193 4354 quidem.
3229 4283 3527 4338 Eusebium
3576 4291 3631 4335 et
3660 4298 3743 4337 so-

2158 4377 2272 4433 cios
2329 4384 2589 4448 tanquam
2645 4376 2902 4433 inimicos
2960 4376 3171 4447 rejecit,
3206 4392 3333 4431 cum
3388 4375 3601 4430 diceret
3637 4392 3744 4430 non

2157 4471 2359 4526 debere
2394 4486 2724 4541 quemquam
2764 4470 2833 4525 ab
2871 4470 3205 4526 adversariis
3226 4469 3495 4540 judicari;
3540 4469 3744 4525 deinde

2158 4577 2309 4629 vero,
2336 4561 2851 4633 priusprobandum
2883 4576 3003 4617 esse
3051 4561 3208 4625 dixit,
3256 4560 3406 4630 quod
3449 4571 3739 4618 accusator

2157 4654 2406 4724 lschyras
2429 4651 2733 4723 presbyteri
2751 4650 3076 4721 dignitatem
3096 4667 3289 4707 revera
3308 4653 3539 4722 adeptus
3567 4661 3739 4707 esset.

2158 4745 2235 4801 Ita
2276 4746 2425 4800 enim
2451 4745 2716 4815 scriptum
2745 4753 2869 4800 erat
2895 4744 2951 4799 in
2994 4744 3362 4800 accusationis
3395 4744 3602 4799 libello.
3635 4745 3741 4801 Sed

2157 4854 2282 4893 cum
2312 4839 2526 4909 judices
2561 4838 2755 4892 harum
2795 4837 3182 4909 exceptionum
3223 4835 3431 4890 nullam
3472 4836 3741 4890 rationem

2159 4930 2453 4995 haberent,
2486 4929 2706 4984 Macarii
2737 4944 2900 4983 causa
2934 4928 3250 4983 introducta
3285 4936 3388 4982 est.
3433 4926 3570 4982 Cum
3608 4941 3742 4981 vero

472 5039 570 5092 την
604 4995 778 5085 τινὰς,
799 5021 900 5075 ’t'va.
926 4995 1030 5074 hri
1049 4995 1159 5074 τῶν
1188 4995 1370 5074 τόπων
1398 5020 1608 5093 ζητηθῇ
1648 5020 1717 5074 τὰ
1752 4995 2050 5093 ἁμφίύολα.
2086 4995 2129 5051 D
2159 5036 2256 5075 acc

1953 5021 2050 5079 ιλα.
2086 4995 2129 5051 D
2159 5031 2514 5076 accusatores
2540 5020 2961 5091 languesce‘rent
2992 5035 3056 5075 ac
3079 5034 3248 5089 prope
3274 5019 3388 5090 jam
3415 5017 3739 5084 delicerent,

484 5114 570 5175 Ὠς
596 5111 653 5164 δὲ
693 5111 1014 5175 Ἀθανάσιος
1048 5110 1436 5181 πεμπομένους
1475 5108 1615 5163 εἶδεν
1647 5110 1741 5174 οὒς
1769 5112 2052 5183 παρεγρά-

474 5206 643 5274 ψατο·
712 5204 991 5275 ἐπέμπετο
1046 5204 1154 5275 γὰρ
1198 5204 1443 5274 Θέογνις,
1502 5204 1703 5274 Μαρὶς,
1756 5204 2051 5275 Θεόδωρος,

2157 5113 2325 5167 dilata
2352 5121 2436 5167 est
2467 5128 2644 5168 causa:
2698 5112 2961 5183 cognitio,
2990 5111 3165 5166 donec
3195 5112 3250 5165 in
3292 5111 3589 5165 Mat-cotem
3617 5112 3741 5181 qui-

2156 5205 2281 5259 dam
2314 5205 2489 5269 missi,
2535 5205 2603 5260 de
2634 5206 2892 5259 omnibus
2933 5204 3335 5264 controversiis
3365 5203 3477 5258 illic
3514 5204 3741 5274 inquisi-

1670 5364 1933 5421 VALESll
1971 5365 2523 5423 ANNOTATIONES.

541 5510 748 5619 9‘2?"
770 5509 1354 5619 3f..'3.°‘.’.fff;m’f‘3.‘.’e§2
1382 5510 1635 5619 ἓξῖἒξξιῖἓ
1660 5510 1927 5619 ,Ξὶητέξΐηι
1940 5510 2046 5619 λὲἰὲζ

470 5580 582 5643 ποί,
613 5580 744 5647 etc.,
770 5595 931 5651 quam
974 5580 1265 5636 lectionem
1300 5582 1633 5643 inversione
1660 5595 1780 5634 mea
1808 5596 1928 5635 sum
1959 5597 2049 5635 se-

471 5664 650 5708 CUIUS.

542 5723 650 5794 (ιθ)
692 5722 898 5792 Ἀχαὰϐ
920 5720 998 5794 δὲ,
1029 5725 1060 5775 ὀ
1118 5723 1213 5775 καὶ
1252 5722 1555 5794 Ἰωάννης.
1596 5723 1752 5793 Apud
1804 5725 2046 5778 Athana-

470 5792 609 5849 sium
633 5792 696 5848 in
723 5792 1070 5863 Apologetico
1095 5809 1152 5857 ιι,
1178 5810 1298 5863 pag.
1326 5793 1426 5846 785
1458 5812 1469 5846 :
1517 5792 1719 5863 Ἀρχᾶφ
1754 5796 1781 5846 ὁ
1810 5797 1903 5847 καὶ
1932 5797 2044 5846 Ἰω-

470 5810 609 5849 suum
642 5810 696 5848 ιιι
723 5810 1070 5863 Aputogettco
1095 5810 1152 5857 ιι,
1177 5810 1298 5916 pag.
1335 5810 1426 5846 ιδ.)
1458 5812 1469 5846 :
1519 5810 1719 5863 Αρχχφ
1754 5810 1781 5846 ο
1810 5814 1903 5847 και
1938 5810 2043 5846 ιω-

469 5867 654 5941 άιννης.
835 5863 964 5941 etin
998 5864 1225 5941 epistoa
1262 5865 1553 5941 Alexandri
1583 5866 2043 5941 Thessalonicen:

470 5936 546 5991 sis
564 5936 802 6006 episcopi
833 5934 900 5989 ad
934 5934 1288 5991 Athanasium
1322 5936 1536 5995 Arcauh
1565 5936 1786 5993 dicitur.
1828 5936 2040 5991 Duulici

2149 5510 2324 5581 igitur
2377 5510 2596 5564 nomine
2644 5508 2957 5581 appellatus
2988 5515 3092 5562 est.
3254 5508 3465 5581 Arcaph
3512 5510 3738 5581 quidem

2147 5578 2217 5635 ab
2262 5578 2531 5651 .Egyptiis
2579 5582 2759 5649 patrio
2806 5580 3076 5633 vocabulo
3106 5579 3457 5651 Vilicehatur;
3500 5580 3739 5633 Joannes

2145 5668 2281 5706 vero
2312 5649 2669 5705 monasticum
2696 5651 2813 5716 ejus
2846 5667 3043 5704 nomen
3094 5650 3213 5703 fuit.
3250 5649 3375 5703 Fuit
3407 5659 3590 5703 autem
3626 5654 3733 5718 cpi-

2149 5738 2346 5791 scopus
2384 5724 2553 5791 partis
2583 5722 2767 5774 ltleiitii
2792 5722 2933 5790 apud
2970 5721 3265 5789 Memphin.
3313 5722 3487 5790 Eique
3516 5723 3737 5775 manda-

2152 5802 2265 5847 tum
2314 5810 2433 5847 esse
2474 5809 2503 5847 a
2531 5792 2891 5847 Constantino
2924 5793 3115 5846 scribit
3147 5792 3495 5856 Athanasius,
3530 5800 3588 5844 ut
3613 5807 3737 5844 cum

2149 5865 2563 5932 archiepiscopo
2626 5878 2726 5917 suo
2787 5862 3175 5933 concordaret,
3246 5862 3502 5933 lntelligit
3552 5871 3737 5917 autem

2149 5920 2476 5991 Athanasius
2498 5920 2722 5991 litteras
2748 5934 3094 5991 Constantini
3121 5920 3187 5989 ad
3219 5920 3483 5989 Joannem
3509 5971 3522 5985 .
