4524 6582
455 423 560 480 16⁵5

1452 413 1772 469 111510111Λ
1815 407 2361 465 ιζιιᾳιλμείλειιιλλι.
2409 440 2453 445 -η

2511 409 2636 462 Litt.
2682 410 2694 461 ι
3611 409 3714 465 ltiti

454 541 546 595 καὶ
575 542 698 600 το“ς
755 535 875 608 περὶ
913 535 1074 586 αὑτὸν
1119 531 1367 596 ἐδέξαντο
1418 528 1552 597 (52),
1608 529 1719 588 τοῖς
1773 523 2034 594 βασιλέως
2063 529 2104 585 Α
2137 520 2240 574 den

1937 525 2034 584 to);
2063 529 2104 585 Α
2137 520 2260 574 dem
2281 535 2386 574 una
2403 535 2526 574 cum
2555 521 2720 574 sociis
2745 521 2798 573 in
2825 519 3262 574 communionem
3291 518 3723 594 recipiunt,69‘

456 640 745 705 γράμμασι
808 627 1123 698 πειθαρχεῖν
1174 624 1448 690 λέγοντες,
1499 621 1568 674 δι’
1618 612 1692 673 ὧν
1742 617 2035 688 δεδηλώκει

456 726 666 786 αὐτοῖς,
724 719 1017 774 πεπεῖσθαι
1071 716 1199 786 περὶ
1247 717 1346 782 τῆς
1393 712 1629 774 πίστεως
1690 709 1898 781 Ἀρείου
1945 709 2038 762 καὶ

457 818 722 878 Εὑξωῖου.
752 813 1040 884 Ἐγραφον
1072 809 1128 862 δὲ
1160 809 1255 862 καὶ
1277 810 1346 879 τῇ
1387 804 1784 877 Ἀλεξανδρέων
1817 803 2040 873 Ἐκκληο

458 908 566 980 σίᾳ,
599 907 673 970 ὡς
711 903 912 967 παντὸς
959 899 1330 974 ὲξορισθέντος
1370 897 1588 967 φθόνου,
1632 897 1689 949 ὲν
1740 895 1929 968 εἰρήνῃ
1969 895 2038 947 τὰ

455 1002 554 1072 τῆς
570 990 785 1069 ’Ἐκκλη
794 996 912 1060 σίας
928 994 1234 1062 καθέστηκε
1250 989 1548 1062 πράγματα
1566 1006 1579 1019 ·
1599 989 1694 1043 καὶ
1735 990 2037 1059 ὅτινΑρειος

458 1094 521 1145 ὲκ
553 1089 840 1160 μετανοίας
872 1085 1130 1154 ἐπιγνοὺς
1160 1081 1258 1154 τὴν
1298 1081 1578 1152 ἀλήθειαν,
1610 1080 1686 1144 ὡς
1723 1078 1907 1132 λοιπὸν
1937 1078 2036 1149 τῆς

470 1184 800 1254 Ἐκκλησίας
845 1180 950 1244 ὣν,
993 1178 1218 1241 δικαίως
1269 1175 1363 1228 καὶ
1415 1174 1603 1228 λοιπὸν
1668 1174 1798 1244 παρ’
1859 1172 2038 1226 αὐτῶν

460 1261 808 1341 προσδεχθεὶς
841 1270 973 1340 (5'5),
1030 1267 1124 1321 καὶ
1174 1264 1516 1335 ἐξορισθέντα
1565 1264 1655 1318 τὸν
1719 1262 2037 1316 Ἀθανὰσιον

419 1425 429 1435 ,
460 1364 819 1432 αἰνιττόμενοι
857 1362 992 1432 (54).
1026 1362 1102 1414 Οὐ
1157 1358 1262 1429 μὴν
1303 1356 1438 1434 ἀλλὰ
1473 1357 1566 1411 καὶ
1610 1356 1687 1428 τῷ
1732 1357 1941 1428 βασιλεῖ
1970 1355 2038 1409 τὰ

462 1458 588 1528 περὶ
621 1456 727 1507 τῶν
757 1455 934 1507 αὐτῶν
971 1453 1227 1523 γνώριμα
1271 1439 1564 1504 καθίστων.
1602 1448 1788 1503 Ταῦτα
1825 1449 1888 1518 δὴ
1931 1449 2038 1502 τῶν

462 1548 772 1600 ἐπισκόπων
807 1543 1184 1608 διατεθέντων,
1219 1540 1722 1611 ἐπικαταλαμϐάνει
1755 1542 1916 1612 ἕτερα
1945 1539 2037 1593 τοῦ

463 1637 724 1708 βασιλέως
783 1636 1121 1706 γράμματα,
1177 1630 1510 1702 σημαίνοντα
1572 1633 1885 1688 Ἀθανάσιον
1942 1633 2039 1710 μὲν

459 1729 960 1801 ἀναδεδραμηκέναι
994 1728 1131 1800 πρὸς
1167 1725 1330 1780 αὐτόν
1360 1733 1381 1762 ³
1403 1743 1416 1758 ·
1447 1726 1641 1790 αὐτοὺς
1664 1727 1718 1780 δὲ
1745 1713 2038 1795 ἀναγκαῖον

460 1816 598 1875 εἶναι
628 1822 690 1875 δι’
718 1821 879 1875 αὐτὸν
903 1821 1313 1894 παραγενέσθαι
1345 1825 1402 1877 ὲν
1428 1820 1835 1876 Κωνσταντίνου
1865 1820 2035 1874 πόλει.

2137 615 2517 684 obtemperare
2541 629 2598 666 sc
2615 614 2859 668 dicentes
2882 613 3226 682 imperatoris
3255 614 3479 677 litteris,
3509 615 3710 684 quibus

2135 707 2406 761 certiores
2429 706 2578 776 ipsos
2603 705 2829 769 fecerat,
2859 706 3021 759 ﬁdem
3059 719 3116 758 se
3142 705 3256 760 Arii
3289 713 3344 760 et
3385 706 3577 761 Euzoii
3620 723 3710 777 pe-

2137 796 2288 851 nitus
2315 803 2658 866 perspectam
2687 795 2911 850 habere.
2947 796 3027 850 Ad
3062 795 3488 849 Alexandrinam
3525 804 3713 851 autem

2135 891 2437 946 Ecclesiam
2463 890 2829 960 scripserunt,
2855 888 3003 944 omni
3021 890 3135 960 jam
3179 889 3472 944 exturbato
3516 890 3711 951 livore.

2138 1000 2226 1038 res
2250 981 2510 1038 Ecclesiae
2538 983 2594 1036 in
2620 999 2832 1038 summa
2855 997 2987 1053 pace
3035 997 3099 1036 ac
3148 983 3547 1052 tranquillitate
3593 998 3715 1036 esse

2137 1079 2503 1146 constitutas;
2531 1086 2587 1133 et
2611 1078 2822 1144 Arium,
2853 1078 3057 1148 quippe
3092 1077 3186 1146 qui
3242 1075 3568 1146 pmnitentia
3609 1077 3714 1128 du-

2138 1176 2260 1224 ctus
2284 1169 2577 1225 veritatem
2625 1170 2932 1241 agnoverit,
2963 1169 3225 1240 deinceps
3252 1176 3509 1238 tanquam
3532 1167 3711 1222 Eccle-

2138 1263 2230 1318 sire
2257 1264 2427 1318 ﬁlium
2450 1265 2575 1335 jure
2603 1264 2800 1318 merito
2818 1264 2886 1318 ab
2912 1264 3046 1334 ipsis
3067 1279 3287 1335 quoque
3303 1262 3715 1332 suscipiendum

2137 1371 2276 1410 esse.
2303 1357 2662 1413 Athanasium
2687 1373 2816 1412 vero
2865 1358 3182 1427 episcopatu
3232 1357 3522 1427 depulsum
3567 1373 3710 1422 esse,

2138 1450 2371 1505 obscure
2394 1450 2791 1523 signiﬁcarunt,
2819 1466 2942 1504 cum
2967 1450 3218 1506 dicerent
3241 1451 3468 1506 livorem
3496 1465 3716 1504 omnem

2136 1541 2488 1596 exturbatum
2515 1541 2706 1596 fuisse.
2738 1539 2846 1595 Sed
2892 1548 2949 1596 ct
2987 1540 3379 1611 imperatorem
3424 1540 3619 1594 iisdem
3647 1540 3716 1593 de

2138 1635 2308 1691 rebus
2353 1635 2650 1690 certiorem
2693 1634 2961 1690 fecerunt.
3009 1633 3146 1687 Dum
3191 1634 3307 1688 haec
3339 1632 3408 1688 ab
3444 1633 3718 1702 episcopis

2138 1736 2427 1800 geruntur,
2463 1732 2901 1797 supervenerunt
2944 1725 3062 1781 alite
3102 1715 3457 1796 imperatoris
3482 1726 3712 1790 litterze,

2140 1821 2342 1892 quibus
2379 1819 2741 1891 signiﬁcabat,
2767 1819 3124 1874 Athanasium
3153 1819 3376 1888 quidem
3406 1819 3475 1872 ad
3499 1835 3556 1874 se
3585 1834 3718 1873 con-

466 1917 621 1970 ’Έστι
653 1917 707 1970 δὲ
739 1916 805 1970 τὰ
821 1915 1290 1972 ἐπικαταλαὸόντα
1324 1916 1628 1989 γράμματα
1656 1913 1748 1968 τοῦ
1777 1913 2038 1983 βασιλέως
2069 1923 2112 1979 Β
2140 1915 2250 1985 fugi

1926 1914 2038 1976 .éw;
2069 1923 2112 1979 Β
2140 1915 2378 1985 fugisse;
2407 1913 2554 1982 ipsos
2581 1928 2711 1968 vero
2735 1912 2802 1967 ad
2842 1927 3062 1968 causam
3087 1911 3375 1967 dicendam
3398 1911 3712 1967 Constanti-

459 2008 604 2065 τάδε.

2139 2004 2380 2074 nopolim
2407 2004 2597 2058 venire
2625 2011 2903 2074 oportere.
2932 2003 3288 2073 Imperatoris
3310 2010 3494 2058 autem
3518 2003 3716 2058 litterae

2140 2104 2268 2150 sunt
2297 2095 2630 2167 hujusmodi.

1662 2300 1925 2354 VALESII
1969 2297 2514 2354 ANNOTATIONES.

680 2461 916 2534 Ἄρειον
952 2461 1068 2534 μὲν
1095 2458 1190 2534 καὶ
1225 2455 1369 2534 τοὺς
1396 2457 1525 2534 περὶ
1571 2456 1755 2534 actor
1795 2459 2032 2534 ἐ-δέεωο-

461 2527 549 2586 to.
572 2527 726 2601 Apud
751 2527 1112 2586 Athanasium
1138 2530 1192 2582 in
1209 2527 1469 2601 Apologia
1493 2527 1738 2601 secunda
1768 2529 2033 2601 adversus

460 2597 710 2665 Ariarfos,
745 2603 884 2656 etin
915 2602 1057 2656 libro
1100 2602 1176 2655 De
1217 2597 1439 2671 synodis
1476 2597 1706 2671 Arimini
1751 2609 1806 2671 et
1847 2600 2035 2654 Seleu-

462 2675 580 2735 cim,
613 2673 854 2727 refertur
882 2672 1112 2740 epistola
1143 2669 1413 2742 Synodica
1460 2669 1676 2742 concilii
1725 2670 2032 2738 Hierosoly-

460 2744 671 2804 mitani,
705 2744 759 2797 in
784 2758 891 2812 qua
919 2739 1309 2812 ’cpisc0pi'qui
1345 2740 1408 2793 ad
1442 2739 1838 2794 dedicationem
1883 2743 2029 2794 basi-

460 2815 578 2868 lic:e
606 2813 1071 2868 Constantiniantc
1101 2813 1213 2866 illic
1251 2820 1641 2872 convenerant,
1677 2821 1944 2865 testantur
1973 2830 2028 2865 se.

458 2885 518 2939 in
552 2885 989 2939 communionem
1019 2882 1322 2952 suscepisse
1351 2881 1476 2952 τοὺς
1510 2882 1636 2950 περὶ
1665 2883 1876 2952 "Apsum
1907 2901 1917 2933 :
1955 2884 2035 2936 id-

461 2970 566 3024 que
591 2971 658 3008 ex
688 2955 944 3008 mandato
980 2944 1343 3023 impera-toris,
1387 2951 1481 3020 qui
1522 2944 1618 3024 per
1662 2944 1868 3024 litteras
1903 2954 2035 3024 ipsis

461 2971 566 3024 que
591 2971 658 3008 ex
688 2971 944 3008 mandato
980 2971 1343 3023 Imperatoris,
1387 2971 1481 3020 qut
1522 2971 1618 3021 βρι-
1662 2971 1868 3006 ΙΙΙιΘῐἮὸ
1903 2971 1915 3005 l
1960 2971 2033 3006 SIS

460 3026 860 3096 signiﬁcaverat
913 3041 971 3078 se
1031 3026 1253 3096 'rectam
1306 3037 1497 3096 eorum
1550 3023 1830 3076 hominum
1873 2971 2033 3078 ﬁdlem

460 3093 799 3165 cognovisse,
858 3105 969 3148 tum
1014 3111 1080 3148 ex
1139 3094 1262 3147 viva
1314 3093 1558 3165 ipsorum
1595 3109 1757 3165 voce,
1802 3102 1915 3148 tum
1968 3112 2035 3148 ex

459 3163 645 3220 libello
673 3166 797 3219 ﬁdei
819 3165 888 3218 ab
919 3165 1109 3219 iisdem
1138 3173 1410 3234 porrecto.
1437 3163 1606 3228 Quem
1631 3164 1850 3232 quidem
1882 3166 2038 3219 libel-

459 3237 573 3292 lum
607 3236 999 3291 Constantinus
1022 3235 1224 3288 litteris
1253 3236 1368 3288 suis
1397 3235 1725 3303 subjccerat.
1771 3235 2031 3304 lntelligit

460 3314 646 3361 autem
683 3306 930 3360 libellum
963 3306 1116 3359 illum
1151 3303 1274 3358 ﬁdei
1319 3321 1480 3373 quem
1499 3283 1677 3367 JArius
1706 3313 1760 3357 et
1793 3283 2030 3360 [Sinnius
2057 3283 2099 3340 ο

457 3375 820 3434 Constantino
877 3377 1191 3431 obtulerant
1237 3391 1445 3444 :qucm
1487 3390 1651 3443 supra
1699 3377 1883 3430 retulit
1928 3376 2028 3429 So-

459 3457 658 3510 erates,
680 3459 736 3501 et
756 3463 915 3517 quem
941 3448 1106 3501 refert
1132 3447 1465 3517 Sozomenus
1487 3446 1541 3517 in
1559 3445 1698 3498 libro
1717 3463 1772 3517 η,
1801 3461 1918 3516 cap.
1941 3447 2028 3500 ‘27.

460 3517 596 3573 Nam
637 3516 960 3572 cumArius
1012 3518 1256 3571 libellum
1307 3516 1430 3570 ﬁdei
1472 3516 1829 3570 Constantino
1868 3517 2030 3570 obtu-

463 3587 635 3652 lisset,
663 3588 1051 3643 Constantinus
1101 3587 1332 3642 credens
1377 3588 1495 3656 ejus
1549 3585 1850 3641 doctrinam
1908 3603 2032 3642 cum

463 3658 679 3714 Niczena
729 3660 832 3712 ﬁde
867 3659 1196 3722 consentire,
1239 3657 1354 3727 ipse
1380 3657 1598 3726 quidem
1628 3657 1726 3711 hac
1765 3658 1830 3711 de
1861 3674 1918 3711 re
1942 3660 2030 3727 ju-

465 3730 648 3784 dicare
684 3731 890 3794 noluit;
936 3729 1030 3783 sed
1075 3744 1198 3784 eum
1229 3727 1293 3781 ad
1319 3743 1546 3782 examen
1586 3729 1801 3781 concilii
1836 3729 2032 3784 Hiero-

464 3801 774 3871 solymitani
812 3799 1041 3862 remisit,
1078 3807 1138 3853 ut
1162 3799 1364 3871 scribit
1393 3798 1640 3871 Ruﬁnus
1667 3799 1721 3851 in
1758 3798 1901 3871 libro
1935 3800 2032 3871 de-

459 3869 622 3933 cimo,
650 3882 706 3925 et
750 3871 1103 3926 Sozomenus.
1146 3869 1476 3924 Athanasius
1521 3885 1738 3938 quoque
1791 3870 1844 3924 in
1891 3870 2032 3925 libro

459 3942 534 3996 De
569 3942 790 4012 synodis
820 3942 1021 3997 diserte
1049 3941 1238 3996 scribit
1273 3940 1462 3994 Arium
1512 3941 1946 4012 ejusqueisocios
1977 3941 2032 3996 in

460 4010 900 4084 communionem
953 4021 1201 4084 receptos
1251 4027 1369 4066 esse
1406 4026 1437 4065 a
1473 4010 2031 4084 synodollierosoly-

461 4083 665 4154 mitana
709 4101 720 4135 :
755 4083 921 4138 verba
957 4081 1224 4154 ejus’heec
1254 4090 1382 4154 sunt
1416 4099 1427 4135 :
1466 4081 1725 4154 καὶῆμετὰ
1762 4083 1820 4154 τὺ
1857 4081 2030 4154 ἐξορι-

463 4153 654 4238 σθῆναι
684 4153 770 4206 τὸν
802 4151 1215 4238 {uicae—1:01:57];
1254 4151 1652 4238 Ἀλεξανδρείας
1696 4151 2029 4238 ’ᾼθανὰσιον,

459 4223 762 4294 γράφοντες
811 4225 919 4278 δεῖν
967 4223 1220 4294 δεχθῆναι
1266 4225 1480 4294 Ἀρειον
1519 4224 1612 4294 καὶ
1649 4224 1774 4285 τοὺς
1810 4226 1905 4277 σὺν
1937 4227 2032 4276 αὺ-

414 4314 426 4326 ν
460 4293 557 4364 τῷ,
583 4303 688 4349 etc.
716 4296 917 4350 Verum
946 4293 1046 4365 ego
1071 4311 1177 4348 non
1196 4293 1382 4348 Arium
1415 4294 1568 4347 illum
1590 4293 2028 4359 hreresiarchem,

462 4365 556 4419 sed
585 4367 814 4419 alterum
838 4367 1028 4419 Arium
1057 4365 1107 4418 ei
1139 4365 1538 4435 cognominem,
1572 4365 1662 4435 qui
1695 4365 1763 4418 ab
1796 4365 2030 4419 Alexan-

465 4435 565 4490 dro
609 4436 949 4490 Alexandriae
986 4434 1242 4505 episcopo
1280 4451 1386 4489 una
1433 4450 1556 4505 cum
1605 4434 1735 4488 Ario
1773 4435 2032 4504 signifero

465 4521 565 4560 suo
590 4506 876 4560 damnatus
905 4504 1101 4568 fuerat,
1129 4507 1218 4560 hic
1243 4504 1652 4574 intelligendum
1687 4514 1836 4574 puto.
1870 4505 2033 4560 Arius

465 4577 608 4630 enim
643 4577 1031 4632 lneresiarches
1059 4576 1149 4631 diu
1181 4583 1304 4632 ante
1332 4575 1597 4646 synodum
1634 4576 2029 4646 Hierosolymi-

2138 2459 2204 2514 tis
2239 2455 2464 2527 probavi
2507 2454 2562 2507 in
2596 2455 2738 2527 libro
2772 2455 3011 2509 secundo
3051 2457 3504 2514 Observationum
3535 2462 3712 2517 eccle-

2133 2526 2723 2600 siasticarum,capite
2760 2527 3088 2600 2:.Prioinde
3139 2530 3304 2584 Arius
3349 2531 3439 2584 ille
3474 2533 3565 2600 qui
3607 2549 3714 2588 una

2131 2617 2254 2654 cum
2287 2599 2493 2654 Euzoio
2525 2597 2768 2650 libellum
2803 2596 2927 2651 fidei
2959 2615 3068 2654 sure
3099 2601 3298 2654 obtulit
3324 2596 3710 2667 Constantino,

2130 2672 2270 2725 alius
2307 2679 2390 2723 est
2435 2670 2502 2722 ab
2532 2668 2664 2721 Ario
2715 2669 3104 2741 hmrcsiarcha.
3147 2671 3300 2736 Quod
3353 2673 3574 2741 quidem
3605 2675 3714 2728 alio

2130 2757 2347 2814 quoque
2403 2748 2724 2814 argumento
2754 2740 2965 2814 ostendi
3021 2751 3217 2814 potest.
3267 2742 3364 2814 Hic
3401 2744 3585 2809 Arius,
3617 2745 3713 2814 qui

2131 2809 2489 2885 cumEttaoio
2520 2809 2763 2885 libellum
2790 2811 2989 2885 obtulit
3011 2809 3391 2876 Constantino,
3421 2823 3545 2868 ante
3569 2809 3713 2885 syn-

2132 2883 2295 2936 odmn
2336 2882 2905 2950 llierosolymitanam,
2939 2882 2992 2936 id
3019 2893 3131 2946 est,
3159 2894 3284 2938 ante
3320 2899 3522 2938 annum
3551 2882 3714 2940 Chri-

2133 2954 2197 3006 sti
2235 2954 2357 3012 553,
2406 2952 2648 3006 nondum
2702 2954 2989 3008 restitutus
3053 2953 3248 3016 fuerat,
3299 2970 3400 3008 nec
3459 2955 3714 3009 Ecclesia:

2132 3024 2413 3078 catholicre
2461 3023 2696 3077 sociatus
2746 3039 2758 3073 :
2801 3025 2938 3092 petit
2970 3024 3113 3078 enim
3163 3041 3193 3078 a
3235 3025 3484 3094 principe
3521 3026 3575 3078 in
3616 3042 3714 3080 su-

2132 3095 2384 3164 pradicto
2406 3095 2614 3155 libello,
2642 3101 2701 3146 ut
2729 3109 2824 3161 per
2862 3095 2980 3163 ejus
3005 3096 3282 3163 pietatem,
3317 3096 3544 3150 sublatis
3573 3112 3712 3151 cun-

2133 3166 2236 3220 ctis
2275 3165 2744 3225 altercationibus,
2799 3166 3022 3218 uniatur
3081 3167 3341 3220 Ecclesia:
3408 3167 3708 3221 catholicae.

2133 3235 2295 3304 Atqui
2343 3235 2506 3296 Arius
2549 3235 2942 3289 lueresiarches
2982 3235 3073 3289 diu
3115 3244 3271 3290 antea
3325 3246 3611 3291 revocatus
3642 3237 3711 3291 ab

2133 3308 2345 3367 exsilio,
2387 3314 2440 3360 et
2484 3305 2548 3359 ad
2606 3306 3045 3360 communionem
3095 3306 3364 3360 admissus
3411 3307 3606 3368 fuerat,
3651 3317 3712 3362 ut

2135 3385 2364 3432 testatur
2389 3377 2617 3447 libellus
2650 3376 3035 3431 satisfactionis
3078 3376 3297 3430 Eusebii
3332 3393 3394 3430 ac
3422 3378 3708 3447 Theognii.

2134 3447 2212 3501 lbi
2241 3447 2387 3501 enim
2423 3446 2693 3502 Eusebius
2740 3462 2804 3500 ac
2835 3447 3146 3516 Theognius
3201 3448 3402 3501 diserte
3457 3446 3708 3503 scribunt

2133 3518 2312 3587 ipsum
2353 3526 2633 3572 auctorem
2665 3518 2831 3571 totius
2854 3517 3258 3578 controversiae,
3293 3517 3483 3571 Arium
3515 3520 3710 3574 videli-

2134 3597 2238 3650 cet,
2271 3589 2394 3643 data
2419 3588 2789 3644 satisfactione
2823 3589 2874 3641 in
2907 3589 3174 3656 integrum
3212 3589 3524 3642 restitutum
3565 3605 3706 3644 esse.

2134 3659 2403 3714 Eusebius
2433 3675 2599 3729 porro
2646 3674 2709 3713 ac
2754 3658 3065 3726 Theognius
3096 3674 3220 3712 cum
3269 3658 3512 3712 libellum
3543 3661 3709 3712 misc-

2134 3739 2265 3784 runt
2303 3730 2576 3800 episcopis
2609 3745 2754 3784 anno
2799 3729 3004 3785 Christi
3035 3729 3158 3793 528,
3193 3737 3254 3784 ut
3284 3746 3446 3798 supra
3468 3731 3707 3784 ostendi.

2133 3801 2297 3855 Arius
2331 3803 2493 3870 igitur
2522 3800 2910 3855 lneresiarches
2935 3801 3178 3871 ejusdem
3211 3801 3340 3854 anni
3367 3801 3597 3857 exordio
3624 3818 3710 3857 re-

2133 3880 2357 3926 vocatus
2391 3872 2555 3926 fuerit
2578 3887 2800 3926 necesse
2827 3879 2928 3925 est.
3004 3906 3012 3913 η

2206 3943 2316 4013 (55)
2349 3945 2454 3997 Καὶ
2503 3943 2720 3996 λοιπὸν
2768 3944 2905 4009 παρ’
2931 3939 3130 3994 αὐτῶν
3154 3941 3567 4013 προσδεχθεις.
3600 3941 3708 3996 De—

2134 4012 2293 4068 lenda
2324 4022 2405 4068 est
2434 4030 2537 4067 vox
2569 4013 2771 4075 λοιπόν,
2807 4028 2927 4082 quae
2955 4027 3022 4065 ex
3055 4012 3324 4081 superiori
3355 4026 3519 4066 versu
3565 4014 3707 4068 male

2134 4085 2364 4207 "apicula
2388 4094 2492 4148 est,
2518 4091 2573 4137 ct
2611 4099 2710 4153 pro
2764 4082 3112 4154 προσδεχθεὶς
3154 4083 3446 4154 legendum
3484 4086 3708 4151 προσδε-

2134 4173 2164 4207 γ
2206 4173 2313 4207 ἕηΐ.

2206 4157 2313 4209 air.

2363 4225 2469 4296 Kal
2499 4223 2879 4291 ἐξορισθέιγα
2926 4224 3032 4278 τὸν
3068 4222 3421 4296 Ἀθανάσιον
3457 4224 3704 4277 αἰνιττό-

2127 4294 2315 4363 μενοι.
2349 4295 2526 4350 Locus
2550 4297 2794 4358 mutilus,
2833 4297 2989 4365 cujus
3023 4309 3241 4358 sensum
3271 4294 3482 4348 facilius
3515 4304 3598 4347 est
3621 4310 3703 4365 as-

2132 4366 2285 4434 sequi
2316 4382 2478 4436 quam
2504 4366 2668 4420 verba
2699 4364 2995 4434 corrigere.
3039 4365 3167 4420 Vult
3200 4366 3362 4434 igitur
3399 4365 3580 4436 dicere
3609 4364 3694 4419 So-

2131 4447 2310 4518 crates
2337 4435 2638 4518 episcopos
2685 4437 2766 4518 in“
2791 4438 3018 4518 epistola
3047 4437 3342 4518 synodica
3359 4435 3703 4518 subindicare

2130 4505 2507 4572 Athanasium,
2542 4505 2674 4561 cum
2717 4505 2907 4560 dicunt
2939 4525 2950 4558 :
2990 4505 3168 4560 πάντα
3205 4507 3301 4576 μὲν
3329 4505 3575 4575 ἐξορίσας
3605 4507 3702 4574 τῆς

2145 4578 2468 4645 Ἑκκλησίας
2496 4576 2586 4630 τοῦ
2604 4577 2736 4629 Θεοῦ
2766 4577 2974 4644 φθόνον,
2998 4579 3091 4630 καὶ
3116 4579 3296 4631 πᾶσαν
3325 4578 3536 4647 μακρὰν
3573 4579 3701 4630 ἁπε-

465 4653 640 4701 tanam
675 4663 705 4701 e
730 4648 870 4702 vivis
895 4657 1204 4702 excesserat
1225 4656 1270 4713 τ,
1298 4637 1707 4702 ut'certissimis
1735 4637 2026 4717 argumen-
2061 4641 2107 4698 D
2133 4647 2251 4700 λάσσ

982 4657 1204 4702 :esserat
1225 4656 1270 4713 τ,
1298 4637 1707 4702 ut'certissimis
1735 4637 2026 4717 argumen-
2061 4641 2107 4698 D
2133 4647 2298 4711 λάσας
2327 4637 2653 4718 βασκανίαν,
2683 4656 2768 4701 etc

1891 4827 2244 4883 VARIORUM
2255 4871 2266 4883 .

536 5001 558 5030 τ
589 4992 714 5047 Scio
765 4991 985 5062 quidem
1021 4990 1093 5062 cl.
1126 4990 1303 5043 virum
1347 4989 1514 5044 Henr.
1572 4989 1840 5062 Valesium
1891 4989 2032 5062 aﬁir-

465 5078 611 5117 mare
645 5060 832 5116 Arium
889 5069 1012 5114 ante
1050 5061 1256 5130 aliquot
1274 5063 1383 5131 jam
1408 5076 1578 5114 annos
1599 5060 1828 5131 robiisse,
1867 5061 2030 5114 ίιίΙυυ-

464 5149 569 5201 quc
601 5134 752 5187 illum
781 5133 874 5202 qui
903 5147 1064 5202 anno
1086 5131 1188 5202 555
1225 5130 1286 5184 in
1311 5131 1516 5201 synodo
1547 5130 2030 5202 llicrosoiymitana

467 5200 572 5258 una
617 5218 741 5258 cum
771 5200 976 5258 Euzoio
1004 5200 1069 5254 ad
1103 5200 1357 5255 Ecclesiae
1400 5216 1586 5269 pacem
1623 5200 1889 5255 admissus
1917 5212 2026 5264 est,

467 5290 574 5326 non
601 5275 766 5328 fuisse
796 5282 1072 5336 nostrum,
1104 5272 1197 5325 sed
1227 5273 1458 5324 alterum
1505 5271 1716 5333 Arium,
1750 5272 2030 5325 haeresiar—

466 5344 580 5398 chze
618 5345 897 5398 asseclam.
925 5343 1126 5397 Verum
1151 5343 1264 5396 hmc
1301 5343 1480 5396 omnia
1516 5357 1650 5412 pene
1690 5343 1854 5410 gratis
1885 5343 2025 5396 dicta

465 5424 611 5479 sunt,
648 5431 753 5469 non
801 5414 904 5468 nisi
959 5413 1171 5467 levibus
1212 5413 1472 5466 duntaxat
1503 5413 1850 5478 conjecturis,
1879 5415 2027 5468 nullo

465 5493 709 5538 veterum
739 5485 1050 5538 testimonio
1075 5484 1276 5538 diserte
1319 5483 1476 5547 nixa;
1505 5491 1559 5536 et
1602 5483 1652 5536 in
1683 5484 1908 5538 historia
1942 5501 2028 5535 cc-

467 5555 772 5609 clesiastica
822 5556 1020 5624 hospes
1081 5555 1239 5623 plane
1291 5555 1360 5607 sit
1412 5563 1626 5622 oportet
1683 5555 1775 5622 qui
1826 5559 2033 5610 nesciat

467 5635 680 5678 veteres
710 5626 950 5679 unanimi
995 5640 1258 5679 consensu
1308 5626 1420 5678 hcce
1471 5625 1650 5677 omnia
1682 5625 1747 5677 ad
1784 5636 2031 5680 nostr-neat

468 5695 656 5750 Arium
697 5697 854 5750 unice
902 5697 1128 5750 referre.
1174 5696 1338 5764 (Guil.
1391 5696 1531 5749 Cave
1575 5696 1626 5748 in
1677 5698 1847 5762 Aria.)
1897 5698 2030 5751 Cum

469 5765 814 5836 Athanasius,
867 5768 958 5836 qui
1024 5767 1216 5819 nullibi
1272 5767 1408 5819 diros
1443 5766 1601 5819 Arios
1650 5778 1934 5822 memorat.
1980 5771 2029 5822 iu

471 5831 610 5890 libro
644 5837 722 5908 De
762 5831 985 5908 synodis
1012 5907 1018 5908 γ
1048 5837 1225 5891 tradat
1267 5838 1454 5908 Arium
1499 5843 1640 5890 anno
1684 5837 1804 5894 556.
1838 5855 1894 5892 se
1922 5841 2030 5907 jan

470 5914 678 5973 exsule,
712 5907 768 5961 in
797 5907 951 5963 vivis
1001 5907 1188 5972 fuisse,
1221 5907 1508 5961 manifesto
1539 5908 1625 5962 hic
1667 5908 2031 5965 hallucinatm-

2131 4986 2396 5067 Valesius.
2439 4990 2596 5067 (Vide
2631 4992 2786 5067 plura
2801 4993 2883 5067 de
2917 4994 3016 5067 hac
3055 5010 3110 5047 re
3144 4995 3286 5061 apud
3323 4995 3446 5052 Ant.
3477 4997 3604 5067 Pagi
3633 4996 3699 5050 ad

2131 5074 2257 5112 ann.
2289 5060 2410 5122 510,
2431 5078 2486 5114 ιι.
2522 5063 2605 5125 16,
2632 5060 2766 5124 etc.)
2800 5064 3080 5118 Translata
3112 5060 3193 5118 est
3225 5077 3407 5120 autem
3443 5060 3702 5128 svnodus,

2129 5128 2593 5208 eodem_a_uctore.
2629 5134 2696 5187 ab
2740 5135 2873 5187 urbe
2907 5135 3048 5204 Tyro
3080 5129 3533 5208 Hierosolymam,
3562 5154 3704 5192 anno

2285 5201 2383 5218 ’.ι-ω

2129 5198 2256 5252 Chr.
2284 5201 2402 5254 555.

2202 5279 2224 5306 ⁸
2280 5271 2634 5345 ’ᾼΗανὰσιον
2665 5275 2797 5345 μὲν
2832 5275 3376 5344 ἀναδεδραμηκέναι
3421 5277 3570 5345 πρῦς
3598 5280 3705 5330 m'v-

2134 5342 2258 5398 τόν.
2291 5343 2402 5417 S_ic_
2437 5343 2566 5417 ipse
2590 5343 2920 5417 Athanasius
2967 5342 3200 5417 Apolog.’
3234 5358 3416 5402 contra
3456 5342 3704 5410 Arienes,

2134 5414 2407 5488 pagaﬂﬁl
2447 5433 2458 5466 :
2505 5416 2693 5488 Ἡμεῖς
2737 5416 2791 5488 δὲ
2839 5414 3148 5480 ἀνελθόντεέ
3189 5419 3464 5488 ἐδείξαμεν
3502 5419 3720 5488 βασιλεῖ

2135 5485 2232 5550 τάξ
2265 5485 2473 5556 ἀδικίας
2502 5487 2608 5538 τῶν
2649 5487 2772 5556 περὶ
2799 5489 3074 5551 Εὐσέϐιον,
3100 5490 3220 5541 ἐπεὶ
3260 5492 3350 5543 καὶ
3371 5485 3538 5552 ἀύτὸς
3579 5485 3645 5556 ἦν
3679 5491 3702 5539 .v‘.

2132 5557 2230 5630 τὴν
2274 5555 2489 5608 σύνοδον
2542 5557 2790 5630 γενέσθαι
2828 5560 3117 5622 κελεύσας.
3168 5561 3260 5613 καὶ
3321 5561 3495 5630 κόμης
3538 5555 3702 5612 αὖτε-ὕ

2133 5628 2425 5697 καθηγείτο
2456 5628 2676 5698 ταύτης,
2709 5637 2815 5682 etc.
2848 5630 2952 5684 Nos
2993 5639 3166 5683 mrtem
3203 5628 3573 5698 intpcrumrcm
3605 5630 3699 5682 ad-

2131 5708 2328 5757 euntes,
2359 5699 2581 5767 injurias
2621 5699 2682 5752 ab
2713 5699 3020 5754 Euscbiuuis
3052 5701 3234 5754 illatus
3278 5704 3377 5771 ipsi
3428 5702 3700 5754 renuntia-

2131 5771 2298 5841 vimus
2325 5812 2337 5832 ,
2372 5780 2549 5838 utpote
2587 5772 2674 5839 qui
2701 5774 2955 5840 synodum
2985 5773 3096 5841 cogi
3131 5774 3391 5836 iussisset,
3442 5773 3522 5824 cui
3561 5787 3679 5834 pra‘

2130 5840 2327 5892 sidelmt
2355 5841 2466 5910 ejus
2500 5857 2687 5897 comes.
2733 5843 2803 5895 lis
2843 5840 3173 5904 emi’ilisille,
3210 5845 3444 5913 graviter
3470 5856 3698 5894 commo-

2133 5921 2234 5967 tus.
2268 5913 2360 5964 ltus
2392 5913 2597 5976 scripsit
2641 5914 2842 5968 litteras
