  <div class='ocr_page' id='page_1' title='image "/cluster/home/n/w/nwhite01/storage/ocr_20150623/67/pst.000009865921/095.png"; bbox 0 0 4524 6582; ppageno 0'>
   <div class='ocr_carea' id='block_1_1' title="bbox 906 440 1006 498">
    <p class='ocr_par' dir='ltr' id='par_1_1' title="bbox 906 440 1006 498">
     <span class='ocr_line' id='line_1_1' title="bbox 906 440 1006 498; baseline 0 -1"><span class='ocrx_word' id='word_1_1' title='bbox 906 440 928 496; x_wconf 84' lang='grc' dir='ltr'><strong>-Ι</strong></span> <span class='ocrx_word' id='word_1_2' title='bbox 940 441 1006 498; x_wconf 81' lang='lat'><strong>67</strong></span> 
     </span>
    </p>
   </div>
   <div class='ocr_carea' id='block_1_2' title="bbox 1463 557 1916 615">
    <p class='ocr_par' dir='ltr' id='par_1_2' title="bbox 1463 557 1916 615">
     <span class='ocr_line' id='line_1_2' title="bbox 1463 557 1916 615; baseline -0.009 -1"><span class='ocrx_word' id='word_1_3' title='bbox 1463 557 1614 614; x_wconf 77' lang='lat' dir='ltr'><strong>CAP.</strong></span> <span class='ocrx_word' id='word_1_4' title='bbox 1677 557 1916 615; x_wconf 73' lang='lat' dir='ltr'><strong>XXXIV.</strong></span> 
     </span>
    </p>
   </div>
   <div class='ocr_carea' id='block_1_3' title="bbox 899 646 2479 723">
    <p class='ocr_par' dir='ltr' id='par_1_3' title="bbox 899 646 2479 723">
     <span class='ocr_line' id='line_1_3' title="bbox 899 646 2479 723; baseline 0.009 -25"><span class='ocrx_word' id='word_1_5' title='bbox 899 646 1049 712; x_wconf 79' lang='lat' dir='ltr'><strong>Quod</strong></span> <span class='ocrx_word' id='word_1_6' title='bbox 1077 650 1366 723; x_wconf 79' lang='lat' dir='ltr'><strong>imperator</strong></span> <span class='ocrx_word' id='word_1_7' title='bbox 1388 652 1644 720; x_wconf 76' lang='lat' dir='ltr'><strong>synodum</strong></span> <span class='ocrx_word' id='word_1_8' title='bbox 1667 653 1736 704; x_wconf 88' lang='lat' dir='ltr'><strong>ad</strong></span> <span class='ocrx_word' id='word_1_9' title='bbox 1765 669 1822 706; x_wconf 79' lang='lat' dir='ltr'><strong>se</strong></span> <span class='ocrx_word' id='word_1_10' title='bbox 1870 667 1966 721; x_wconf 84' lang='lat' dir='ltr'><strong>per</strong></span> <span class='ocrx_word' id='word_1_11' title='bbox 2001 651 2203 723; x_wconf 73' lang='lat' dir='ltr'><strong>litteras</strong></span> <span class='ocrx_word' id='word_1_12' title='bbox 2232 661 2479 723; x_wconf 70' lang='lat' dir='ltr'><strong>(vocarit,</strong></span> 
     </span>
    </p>
   </div>
   <div class='ocr_carea' id='block_1_4' title="bbox 971 719 2479 797">
    <p class='ocr_par' dir='ltr' id='par_1_4' title="bbox 971 719 2479 797">
     <span class='ocr_line' id='line_1_4' title="bbox 971 719 2479 797; baseline 0.009 -29"><span class='ocrx_word' id='word_1_13' title='bbox 971 728 1026 770; x_wconf 85' lang='lat' dir='ltr'><strong>ut</strong></span> <span class='ocrx_word' id='word_1_14' title='bbox 1066 719 1349 774; x_wconf 73' lang='lat' dir='ltr'><strong>Athanasii</strong></span> <span class='ocrx_word' id='word_1_15' title='bbox 1393 719 1556 775; x_wconf 76' lang='lat' dir='ltr'><strong>causa</strong></span> <span class='ocrx_word' id='word_1_16' title='bbox 1600 738 1781 776; x_wconf 86' lang='lat' dir='ltr'><strong>caram</strong></span> <span class='ocrx_word' id='word_1_17' title='bbox 1829 719 1888 776; x_wconf 76' lang='lat' dir='ltr'><strong>se</strong></span> <span class='ocrx_word' id='word_1_18' title='bbox 1932 722 2235 795; x_wconf 78' lang='lat' dir='ltr'><strong>diligentius</strong></span> <span class='ocrx_word' id='word_1_19' title='bbox 2273 719 2479 797; x_wconf 50' lang='lat' dir='ltr'><strong>specta;</strong></span> 
     </span>
    </p>
   </div>
   <div class='ocr_carea' id='block_1_5' title="bbox 975 795 1141 840">
    <p class='ocr_par' dir='ltr' id='par_1_5' title="bbox 975 795 1141 840">
     <span class='ocr_line' id='line_1_5' title="bbox 975 795 1141 840; baseline 0.006 -1"><span class='ocrx_word' id='word_1_20' title='bbox 975 795 1141 840; x_wconf 84' lang='lat' dir='ltr'><strong>retur.</strong></span> 
     </span>
    </p>
   </div>
   <div class='ocr_carea' id='block_1_6' title="bbox 910 877 2481 960">
    <p class='ocr_par' dir='ltr' id='par_1_6' title="bbox 910 877 2481 960">
     <span class='ocr_line' id='line_1_6' title="bbox 910 877 2481 960; baseline 0.008 -29"><span class='ocrx_word' id='word_1_21' title='bbox 910 877 1080 932; x_wconf 80' lang='lat' dir='ltr'><strong>Victor</strong></span> <span class='ocrx_word' id='word_1_22' title='bbox 1121 880 1532 960; x_wconf 53' lang='lat' dir='ltr'><strong>Constantinus,</strong></span> <span class='ocrx_word' id='word_1_23' title='bbox 1566 882 1851 960; x_wconf 45' lang='lat' dir='ltr'><strong>Minimus,</strong></span> <span class='ocrx_word' id='word_1_24' title='bbox 1897 885 2187 956; x_wconf 76' lang='lat' dir='ltr'><strong>Augustus,</strong></span> <span class='ocrx_word' id='word_1_25' title='bbox 2231 890 2481 960; x_wconf 75' lang='lat' dir='ltr'><strong>episcopis</strong></span> 
     </span>
    </p>
   </div>
   <div class='ocr_carea' id='block_1_7' title="bbox 1244 953 2134 1024">
    <p class='ocr_par' dir='ltr' id='par_1_7' title="bbox 1244 953 2134 1024">
     <span class='ocr_line' id='line_1_7' title="bbox 1244 953 2134 1024; baseline 0.007 -20"><span class='ocrx_word' id='word_1_26' title='bbox 1244 953 1336 1020; x_wconf 84' lang='lat' dir='ltr'><strong>qui</strong></span> <span class='ocrx_word' id='word_1_27' title='bbox 1363 955 1418 1006; x_wconf 84' lang='lat' dir='ltr'><strong>in</strong></span> <span class='ocrx_word' id='word_1_28' title='bbox 1447 953 1573 1006; x_wconf 84' lang='lat' dir='ltr'><strong><em>urbe</em></strong></span> <span class='ocrx_word' id='word_1_29' title='bbox 1602 953 1735 1024; x_wconf 83' lang='lat' dir='ltr'><strong>Tyro</strong></span> <span class='ocrx_word' id='word_1_30' title='bbox 1765 953 2134 1010; x_wconf 69' lang='lat' dir='ltr'><strong>convenerunt.</strong></span> 
     </span>
    </p>
   </div>
   <div class='ocr_carea' id='block_1_8' title="bbox 971 1041 2478 1122">
    <p class='ocr_par' dir='ltr' id='par_1_8' title="bbox 971 1041 2478 1122">
     <span class='ocr_line' id='line_1_8' title="bbox 971 1041 2478 1122; baseline 0.009 -29"><span class='ocrx_word' id='word_1_31' title='bbox 971 1041 1103 1108; x_wconf 74' lang='lat' dir='ltr'><strong>Qum</strong></span> <span class='ocrx_word' id='word_1_32' title='bbox 1126 1057 1158 1096; x_wconf 87' lang='lat' dir='ltr'><strong>a</strong></span> <span class='ocrx_word' id='word_1_33' title='bbox 1179 1052 1362 1098; x_wconf 82' lang='lat' dir='ltr'><strong>vestro</strong></span> <span class='ocrx_word' id='word_1_34' title='bbox 1385 1047 1618 1101; x_wconf 89' lang='lat' dir='ltr'><strong>concilio</strong></span> <span class='ocrx_word' id='word_1_35' title='bbox 1642 1065 1740 1118; x_wconf 90' lang='lat' dir='ltr'><strong>per</strong></span> <span class='ocrx_word' id='word_1_36' title='bbox 1776 1050 2069 1103; x_wconf 79' lang='lat' dir='ltr'><strong>tumultum</strong></span> <span class='ocrx_word' id='word_1_37' title='bbox 2095 1065 2160 1106; x_wconf 87' lang='lat' dir='ltr'><strong>ac</strong></span> <span class='ocrx_word' id='word_1_38' title='bbox 2186 1058 2478 1122; x_wconf 87' lang='lat' dir='ltr'><strong>tempesta-</strong></span> 
     </span>
    </p>
   </div>
   <div class='ocr_carea' id='block_1_9' title="bbox 896 1134 2479 1210">
    <p class='ocr_par' dir='ltr' id='par_1_9' title="bbox 896 1134 2479 1210">
     <span class='ocr_line' id='line_1_9' title="bbox 896 1134 2479 1210; baseline 0.009 -25"><span class='ocrx_word' id='word_1_39' title='bbox 896 1139 1004 1186; x_wconf 91' lang='lat' dir='ltr'><strong>tem</strong></span> <span class='ocrx_word' id='word_1_40' title='bbox 1026 1134 1273 1204; x_wconf 85' lang='lat' dir='ltr'><strong>judicata</strong></span> <span class='ocrx_word' id='word_1_41' title='bbox 1313 1138 1446 1204; x_wconf 88' lang='lat' dir='ltr'><strong>sint,</strong></span> <span class='ocrx_word' id='word_1_42' title='bbox 1485 1141 1742 1210; x_wconf 89' lang='lat' dir='ltr'><strong>equidem</strong></span> <span class='ocrx_word' id='word_1_43' title='bbox 1787 1143 1993 1197; x_wconf 89' lang='lat' dir='ltr'><strong>nescio.</strong></span> <span class='ocrx_word' id='word_1_44' title='bbox 2031 1143 2262 1198; x_wconf 85' lang='lat' dir='ltr'><strong>Videtur</strong></span> <span class='ocrx_word' id='word_1_45' title='bbox 2299 1152 2479 1199; x_wconf 90' lang='lat' dir='ltr'><strong>tamen</strong></span> 
     </span>
    </p>
   </div>
   <div class='ocr_carea' id='block_1_10' title="bbox 892 1228 2480 1302">
    <p class='ocr_par' dir='ltr' id='par_1_10' title="bbox 892 1228 2480 1302">
     <span class='ocr_line' id='line_1_10' title="bbox 892 1228 2480 1302; baseline 0.01 -24"><span class='ocrx_word' id='word_1_46' title='bbox 892 1241 993 1295; x_wconf 87' lang='lat' dir='ltr'><strong>per</strong></span> <span class='ocrx_word' id='word_1_47' title='bbox 1041 1228 1416 1284; x_wconf 89' lang='lat' dir='ltr'><strong>turbulentam</strong></span> <span class='ocrx_word' id='word_1_48' title='bbox 1455 1234 1748 1302; x_wconf 81' lang='lat' dir='ltr'><strong>quamdam</strong></span> <span class='ocrx_word' id='word_1_49' title='bbox 1808 1235 2231 1291; x_wconf 90' lang='lat' dir='ltr'><strong>concitationem</strong></span> <span class='ocrx_word' id='word_1_50' title='bbox 2280 1239 2480 1294; x_wconf 87' lang='lat' dir='ltr'><strong>veritas</strong></span> 
     </span>
    </p>
   </div>
   <div class='ocr_carea' id='block_1_11' title="bbox 891 1321 2480 1390">
    <p class='ocr_par' dir='ltr' id='par_1_11' title="bbox 891 1321 2480 1390">
     <span class='ocr_line' id='line_1_11' title="bbox 891 1321 2480 1390; baseline 0.009 -17"><span class='ocrx_word' id='word_1_51' title='bbox 891 1335 1015 1375; x_wconf 89' lang='lat' dir='ltr'><strong>esse</strong></span> <span class='ocrx_word' id='word_1_52' title='bbox 1039 1321 1394 1390; x_wconf 80' lang='lat' dir='ltr'><strong>labefactata;</strong></span> <span class='ocrx_word' id='word_1_53' title='bbox 1423 1324 1552 1380; x_wconf 91' lang='lat' dir='ltr'><strong>dum</strong></span> <span class='ocrx_word' id='word_1_54' title='bbox 1580 1328 1791 1383; x_wconf 83' lang='lat' dir='ltr'><strong>scilicet</strong></span> <span class='ocrx_word' id='word_1_55' title='bbox 1815 1329 1887 1383; x_wconf 91' lang='lat' dir='ltr'><strong>ob</strong></span> <span class='ocrx_word' id='word_1_56' title='bbox 1922 1340 2169 1384; x_wconf 90' lang='lat' dir='ltr'><strong>mutuam</strong></span> <span class='ocrx_word' id='word_1_57' title='bbox 2207 1332 2351 1386; x_wconf 89' lang='lat' dir='ltr'><strong>inter</strong></span> <span class='ocrx_word' id='word_1_58' title='bbox 2384 1350 2480 1389; x_wconf 90' lang='lat' dir='ltr'><strong>vos</strong></span> 
     </span>
    </p>
   </div>
   <div class='ocr_carea' id='block_1_12' title="bbox 893 1411 2478 1492">
    <p class='ocr_par' dir='ltr' id='par_1_12' title="bbox 893 1411 2478 1492">
     <span class='ocr_line' id='line_1_12' title="bbox 893 1411 2478 1492; baseline 0.011 -30"><span class='ocrx_word' id='word_1_59' title='bbox 893 1411 1326 1479; x_wconf 85' lang='lat' dir='ltr'><strong>contentionem,</strong></span> <span class='ocrx_word' id='word_1_60' title='bbox 1361 1431 1524 1484; x_wconf 91' lang='lat' dir='ltr'><strong>quam</strong></span> <span class='ocrx_word' id='word_1_61' title='bbox 1565 1416 1822 1474; x_wconf 85' lang='lat' dir='ltr'><strong>invictam</strong></span> <span class='ocrx_word' id='word_1_62' title='bbox 1856 1431 2019 1490; x_wconf 91' lang='lat' dir='ltr'><strong>atque</strong></span> <span class='ocrx_word' id='word_1_63' title='bbox 2055 1422 2478 1492; x_wconf 84' lang='lat' dir='ltr'><strong>insuperabilem</strong></span> 
     </span>
    </p>
   </div>
   <div class='ocr_carea' id='block_1_13' title="bbox 891 1506 2478 1586">
    <p class='ocr_par' dir='ltr' id='par_1_13' title="bbox 891 1506 2478 1586">
     <span class='ocr_line' id='line_1_13' title="bbox 891 1506 2478 1586; baseline 0.01 -30"><span class='ocrx_word' id='word_1_64' title='bbox 891 1518 1013 1557; x_wconf 83' lang='lat' dir='ltr'><strong>esse</strong></span> <span class='ocrx_word' id='word_1_65' title='bbox 1054 1506 1242 1570; x_wconf 90' lang='lat' dir='ltr'><strong>vultis,</strong></span> <span class='ocrx_word' id='word_1_66' title='bbox 1285 1524 1385 1563; x_wconf 91' lang='lat' dir='ltr'><strong>nec</strong></span> <span class='ocrx_word' id='word_1_67' title='bbox 1422 1511 1730 1575; x_wconf 88' lang='lat' dir='ltr'><strong>veritatem,</strong></span> <span class='ocrx_word' id='word_1_68' title='bbox 1766 1529 1870 1568; x_wconf 90' lang='lat' dir='ltr'><strong>nec</strong></span> <span class='ocrx_word' id='word_1_69' title='bbox 1912 1531 1975 1568; x_wconf 90' lang='lat' dir='ltr'><strong>ea</strong></span> <span class='ocrx_word' id='word_1_70' title='bbox 2011 1532 2133 1585; x_wconf 71' lang='lat' dir='ltr'><strong>qua:</strong></span> <span class='ocrx_word' id='word_1_71' title='bbox 2175 1517 2286 1571; x_wconf 89' lang='lat' dir='ltr'><strong>Deo</strong></span> <span class='ocrx_word' id='word_1_72' title='bbox 2325 1527 2478 1586; x_wconf 86' lang='lat' dir='ltr'><strong>grata</strong></span> 
     </span>
    </p>
   </div>
   <div class='ocr_carea' id='block_1_14' title="bbox 890 1597 2478 1672">
    <p class='ocr_par' dir='ltr' id='par_1_14' title="bbox 890 1597 2478 1672">
     <span class='ocr_line' id='line_1_14' title="bbox 890 1597 2478 1672; baseline 0.01 -26"><span class='ocrx_word' id='word_1_73' title='bbox 890 1603 1040 1660; x_wconf 89' lang='lat' dir='ltr'><strong>sunt,</strong></span> <span class='ocrx_word' id='word_1_74' title='bbox 1065 1597 1448 1655; x_wconf 84' lang='lat' dir='ltr'><strong>consideratis.</strong></span> <span class='ocrx_word' id='word_1_75' title='bbox 1479 1600 1585 1656; x_wconf 86' lang='lat' dir='ltr'><strong>Sed</strong></span> <span class='ocrx_word' id='word_1_76' title='bbox 1615 1601 1785 1657; x_wconf 90' lang='lat' dir='ltr'><strong>faciet</strong></span> <span class='ocrx_word' id='word_1_77' title='bbox 1808 1604 1994 1660; x_wconf 84' lang='lat' dir='ltr'><strong>divina</strong></span> <span class='ocrx_word' id='word_1_78' title='bbox 2020 1607 2390 1672; x_wconf 84' lang='lat' dir='ltr'><strong>Providentia,</strong></span> <span class='ocrx_word' id='word_1_79' title='bbox 2417 1619 2478 1664; x_wconf 91' lang='lat' dir='ltr'><strong>ut</strong></span> 
     </span>
    </p>
   </div>
   <div class='ocr_carea' id='block_1_15' title="bbox 888 1691 2478 1768">
    <p class='ocr_par' dir='ltr' id='par_1_15' title="bbox 888 1691 2478 1768">
     <span class='ocr_line' id='line_1_15' title="bbox 888 1691 2478 1768; baseline 0.01 -30"><span class='ocrx_word' id='word_1_80' title='bbox 888 1691 1263 1744; x_wconf 86' lang='lat' dir='ltr'><strong>contentionis</strong></span> <span class='ocrx_word' id='word_1_81' title='bbox 1286 1691 1449 1762; x_wconf 85' lang='lat' dir='ltr'><strong>hujus</strong></span> <span class='ocrx_word' id='word_1_82' title='bbox 1476 1693 1616 1747; x_wconf 89' lang='lat' dir='ltr'><strong>mala</strong></span> <span class='ocrx_word' id='word_1_83' title='bbox 1643 1695 1928 1750; x_wconf 85' lang='lat' dir='ltr'><strong>manifeste</strong></span> <span class='ocrx_word' id='word_1_84' title='bbox 1955 1697 2297 1767; x_wconf 88' lang='lat' dir='ltr'><strong>deprehensa</strong></span> <span class='ocrx_word' id='word_1_85' title='bbox 2325 1701 2478 1768; x_wconf 88' lang='lat' dir='ltr'><strong>peni-</strong></span> 
     </span>
    </p>
   </div>
   <div class='ocr_carea' id='block_1_16' title="bbox 890 1780 2473 1864">
    <p class='ocr_par' dir='ltr' id='par_1_16' title="bbox 890 1780 2473 1864">
     <span class='ocr_line' id='line_1_16' title="bbox 890 1780 2473 1864; baseline 0.01 -33"><span class='ocrx_word' id='word_1_86' title='bbox 890 1787 979 1832; x_wconf 87' lang='lat' dir='ltr'><strong>tus</strong></span> <span class='ocrx_word' id='word_1_87' title='bbox 1005 1780 1372 1851; x_wconf 75' lang='lat' dir='ltr'><strong>dissipentur;</strong></span> <span class='ocrx_word' id='word_1_88' title='bbox 1404 1793 1574 1855; x_wconf 90' lang='lat' dir='ltr'><strong>utque</strong></span> <span class='ocrx_word' id='word_1_89' title='bbox 1611 1787 1772 1842; x_wconf 91' lang='lat' dir='ltr'><strong>nobis</strong></span> <span class='ocrx_word' id='word_1_90' title='bbox 1802 1788 2024 1858; x_wconf 88' lang='lat' dir='ltr'><strong>planum</strong></span> <span class='ocrx_word' id='word_1_91' title='bbox 2061 1790 2174 1854; x_wconf 83' lang='lat' dir='ltr'><strong>ﬁat,</strong></span> <span class='ocrx_word' id='word_1_92' title='bbox 2207 1802 2473 1864; x_wconf 84' lang='lat' dir='ltr'><strong>quantum</strong></span> 
     </span>
    </p>
   </div>
   <div class='ocr_carea' id='block_1_17' title="bbox 887 1874 2476 1954">
    <p class='ocr_par' dir='ltr' id='par_1_17' title="bbox 887 1874 2476 1954">
     <span class='ocr_line' id='line_1_17' title="bbox 887 1874 2476 1954; baseline 0.01 -30"><span class='ocrx_word' id='word_1_93' title='bbox 887 1887 986 1926; x_wconf 87' lang='lat' dir='ltr'><strong>vos</strong></span> <span class='ocrx_word' id='word_1_94' title='bbox 1010 1874 1104 1943; x_wconf 87' lang='lat' dir='ltr'><strong>qui</strong></span> <span class='ocrx_word' id='word_1_95' title='bbox 1131 1875 1185 1928; x_wconf 92' lang='lat' dir='ltr'><strong>in</strong></span> <span class='ocrx_word' id='word_1_96' title='bbox 1209 1891 1380 1930; x_wconf 90' lang='lat' dir='ltr'><strong>unum</strong></span> <span class='ocrx_word' id='word_1_97' title='bbox 1404 1880 1764 1944; x_wconf 87' lang='lat' dir='ltr'><strong>convenistis,</strong></span> <span class='ocrx_word' id='word_1_98' title='bbox 1790 1883 2040 1936; x_wconf 84' lang='lat' dir='ltr'><strong>veritatis</strong></span> <span class='ocrx_word' id='word_1_99' title='bbox 2069 1899 2258 1938; x_wconf 89' lang='lat' dir='ltr'><strong>curam</strong></span> <span class='ocrx_word' id='word_1_100' title='bbox 2293 1900 2476 1954; x_wconf 83' lang='lat' dir='ltr'><strong>gesse-</strong></span> 
     </span>
    </p>
   </div>
   <div class='ocr_carea' id='block_1_18' title="bbox 889 1964 2470 2043">
    <p class='ocr_par' dir='ltr' id='par_1_18' title="bbox 889 1964 2470 2043">
     <span class='ocr_line' id='line_1_18' title="bbox 889 1964 2470 2043; baseline 0.01 -27"><span class='ocrx_word' id='word_1_101' title='bbox 889 1964 1032 2029; x_wconf 87' lang='lat' dir='ltr'><strong>ritis,</strong></span> <span class='ocrx_word' id='word_1_102' title='bbox 1074 1974 1131 2019; x_wconf 93' lang='lat' dir='ltr'><strong>et</strong></span> <span class='ocrx_word' id='word_1_103' title='bbox 1164 1982 1234 2020; x_wconf 91' lang='lat' dir='ltr'><strong>an</strong></span> <span class='ocrx_word' id='word_1_104' title='bbox 1265 1968 1475 2038; x_wconf 90' lang='lat' dir='ltr'><strong>judicia</strong></span> <span class='ocrx_word' id='word_1_105' title='bbox 1515 1979 1698 2026; x_wconf 87' lang='lat' dir='ltr'><strong>vestra</strong></span> <span class='ocrx_word' id='word_1_106' title='bbox 1740 1972 1878 2027; x_wconf 90' lang='lat' dir='ltr'><strong>citra</strong></span> <span class='ocrx_word' id='word_1_107' title='bbox 1921 1973 2150 2043; x_wconf 80' lang='lat' dir='ltr'><strong>gratiam</strong></span> <span class='ocrx_word' id='word_1_108' title='bbox 2193 1983 2248 2029; x_wconf 90' lang='lat' dir='ltr'><strong>et</strong></span> <span class='ocrx_word' id='word_1_109' title='bbox 2281 1977 2470 2032; x_wconf 91' lang='lat' dir='ltr'><strong>odium</strong></span> 
     </span>
    </p>
   </div>
   <div class='ocr_carea' id='block_1_19' title="bbox 886 2055 2471 2136">
    <p class='ocr_par' dir='ltr' id='par_1_19' title="bbox 886 2055 2471 2136">
     <span class='ocr_line' id='line_1_19' title="bbox 886 2055 2471 2136; baseline 0.01 -28"><span class='ocrx_word' id='word_1_110' title='bbox 886 2055 1209 2125; x_wconf 85' lang='lat' dir='ltr'><strong>cujusquam</strong></span> <span class='ocrx_word' id='word_1_111' title='bbox 1233 2075 1264 2112; x_wconf 88' lang='lat' dir='ltr'><strong>a</strong></span> <span class='ocrx_word' id='word_1_112' title='bbox 1289 2060 1445 2114; x_wconf 88' lang='lat' dir='ltr'><strong>vobis</strong></span> <span class='ocrx_word' id='word_1_113' title='bbox 1467 2062 1679 2131; x_wconf 84' lang='lat' dir='ltr'><strong>prolata</strong></span> <span class='ocrx_word' id='word_1_114' title='bbox 1704 2062 1834 2118; x_wconf 90' lang='lat' dir='ltr'><strong>sint.</strong></span> <span class='ocrx_word' id='word_1_115' title='bbox 1863 2065 1970 2120; x_wconf 83' lang='lat' dir='ltr'><strong>Vos</strong></span> <span class='ocrx_word' id='word_1_116' title='bbox 1993 2066 2159 2136; x_wconf 80' lang='lat' dir='ltr'><strong>igitur</strong></span> <span class='ocrx_word' id='word_1_117' title='bbox 2183 2067 2471 2124; x_wconf 85' lang='lat' dir='ltr'><strong>universos</strong></span> 
     </span>
    </p>
   </div>
   <div class='ocr_carea' id='block_1_20' title="bbox 883 2147 2472 2226">
    <p class='ocr_par' dir='ltr' id='par_1_20' title="bbox 883 2147 2472 2226">
     <span class='ocr_line' id='line_1_20' title="bbox 883 2147 2472 2226; baseline 0.01 -26"><span class='ocrx_word' id='word_1_118' title='bbox 883 2147 952 2200; x_wconf 90' lang='lat' dir='ltr'><strong>ad</strong></span> <span class='ocrx_word' id='word_1_119' title='bbox 989 2158 1232 2204; x_wconf 88' lang='lat' dir='ltr'><strong>nostram</strong></span> <span class='ocrx_word' id='word_1_120' title='bbox 1269 2152 1528 2221; x_wconf 90' lang='lat' dir='ltr'><strong>pietatem</strong></span> <span class='ocrx_word' id='word_1_121' title='bbox 1563 2169 1797 2224; x_wconf 87' lang='lat' dir='ltr'><strong>propere</strong></span> <span class='ocrx_word' id='word_1_122' title='bbox 1829 2165 2048 2226; x_wconf 90' lang='lat' dir='ltr'><strong>oportet</strong></span> <span class='ocrx_word' id='word_1_123' title='bbox 2087 2158 2374 2225; x_wconf 88' lang='lat' dir='ltr'><strong>accedere,</strong></span> <span class='ocrx_word' id='word_1_124' title='bbox 2410 2170 2472 2216; x_wconf 88' lang='lat' dir='ltr'><strong>ut</strong></span> 
     </span>
    </p>
   </div>
   <div class='ocr_carea' id='block_1_21' title="bbox 881 2245 2472 2318">
    <p class='ocr_par' dir='ltr' id='par_1_21' title="bbox 881 2245 2472 2318">
     <span class='ocr_line' id='line_1_21' title="bbox 881 2245 2472 2318; baseline 0.01 -28"><span class='ocrx_word' id='word_1_125' title='bbox 881 2253 1076 2292; x_wconf 86' lang='lat' dir='ltr'><strong>eorum</strong></span> <span class='ocrx_word' id='word_1_126' title='bbox 1100 2256 1222 2309; x_wconf 67' lang='lat' dir='ltr'><strong>qua:</strong></span> <span class='ocrx_word' id='word_1_127' title='bbox 1247 2250 1397 2312; x_wconf 88' lang='lat' dir='ltr'><strong>gesta</strong></span> <span class='ocrx_word' id='word_1_128' title='bbox 1419 2251 1548 2296; x_wconf 88' lang='lat' dir='ltr'><strong>sunt</strong></span> <span class='ocrx_word' id='word_1_129' title='bbox 1569 2260 1600 2298; x_wconf 95' lang='lat' dir='ltr'><strong>a</strong></span> <span class='ocrx_word' id='word_1_130' title='bbox 1619 2245 1798 2310; x_wconf 87' lang='lat' dir='ltr'><strong>vobis,</strong></span> <span class='ocrx_word' id='word_1_131' title='bbox 1823 2247 2092 2301; x_wconf 84' lang='lat' dir='ltr'><strong>rationem</strong></span> <span class='ocrx_word' id='word_1_132' title='bbox 2112 2265 2210 2318; x_wconf 90' lang='lat' dir='ltr'><strong>per</strong></span> <span class='ocrx_word' id='word_1_133' title='bbox 2234 2261 2472 2306; x_wconf 85' lang='lat' dir='ltr'><strong>vosmet-</strong></span> 
     </span>
    </p>
   </div>
   <div class='ocr_carea' id='block_1_22' title="bbox 884 2328 2470 2404">
    <p class='ocr_par' dir='ltr' id='par_1_22' title="bbox 884 2328 2470 2404">
     <span class='ocr_line' id='line_1_22' title="bbox 884 2328 2470 2404; baseline 0.008 -24"><span class='ocrx_word' id='word_1_134' title='bbox 884 2328 1032 2396; x_wconf 88' lang='lat' dir='ltr'><strong>ipsos</strong></span> <span class='ocrx_word' id='word_1_135' title='bbox 1079 2338 1334 2384; x_wconf 85' lang='lat' dir='ltr'><strong>accurate</strong></span> <span class='ocrx_word' id='word_1_136' title='bbox 1374 2331 1634 2387; x_wconf 90' lang='lat' dir='ltr'><strong>reddatis.</strong></span> <span class='ocrx_word' id='word_1_137' title='bbox 1665 2334 1836 2388; x_wconf 91' lang='lat' dir='ltr'><strong>Porro</strong></span> <span class='ocrx_word' id='word_1_138' title='bbox 1868 2335 2001 2404; x_wconf 91' lang='lat' dir='ltr'><strong>quid</strong></span> <span class='ocrx_word' id='word_1_139' title='bbox 2039 2353 2219 2392; x_wconf 59' lang='lat' dir='ltr'><strong>causa</strong></span> <span class='ocrx_word' id='word_1_140' title='bbox 2260 2339 2332 2394; x_wconf 92' lang='lat' dir='ltr'><strong>sit</strong></span> <span class='ocrx_word' id='word_1_141' title='bbox 2369 2356 2470 2395; x_wconf 92' lang='lat' dir='ltr'><strong>cur</strong></span> 
     </span>
    </p>
   </div>
   <div class='ocr_carea' id='block_1_23' title="bbox 883 2419 2470 2502">
    <p class='ocr_par' dir='ltr' id='par_1_23' title="bbox 883 2419 2470 2502">
     <span class='ocr_line' id='line_1_23' title="bbox 883 2419 2470 2502; baseline 0.009 -30"><span class='ocrx_word' id='word_1_142' title='bbox 883 2419 999 2474; x_wconf 64' lang='lat' dir='ltr'><strong>hare</strong></span> <span class='ocrx_word' id='word_1_143' title='bbox 1023 2419 1091 2473; x_wconf 89' lang='lat' dir='ltr'><strong>ad</strong></span> <span class='ocrx_word' id='word_1_144' title='bbox 1117 2436 1214 2474; x_wconf 92' lang='lat' dir='ltr'><strong>vos</strong></span> <span class='ocrx_word' id='word_1_145' title='bbox 1237 2421 1526 2478; x_wconf 89' lang='lat' dir='ltr'><strong>scribenda</strong></span> <span class='ocrx_word' id='word_1_146' title='bbox 1552 2425 1882 2494; x_wconf 85' lang='lat' dir='ltr'><strong>putaverim,</strong></span> <span class='ocrx_word' id='word_1_147' title='bbox 1909 2443 2117 2498; x_wconf 89' lang='lat' dir='ltr'><strong>vosque</strong></span> <span class='ocrx_word' id='word_1_148' title='bbox 2152 2431 2220 2484; x_wconf 88' lang='lat' dir='ltr'><strong>ad</strong></span> <span class='ocrx_word' id='word_1_149' title='bbox 2258 2447 2344 2486; x_wconf 90' lang='lat' dir='ltr'><strong>me</strong></span> <span class='ocrx_word' id='word_1_150' title='bbox 2369 2448 2470 2502; x_wconf 90' lang='lat' dir='ltr'><strong>per</strong></span> 
     </span>
    </p>
   </div>
   <div class='ocr_carea' id='block_1_24' title="bbox 883 2510 2466 2590">
    <p class='ocr_par' dir='ltr' id='par_1_24' title="bbox 883 2510 2466 2590">
     <span class='ocr_line' id='line_1_24' title="bbox 883 2510 2466 2590; baseline 0.01 -28"><span class='ocrx_word' id='word_1_151' title='bbox 883 2510 982 2564; x_wconf 89' lang='lat' dir='ltr'><strong>has</strong></span> <span class='ocrx_word' id='word_1_152' title='bbox 1007 2511 1220 2566; x_wconf 87' lang='lat' dir='ltr'><strong>litteras</strong></span> <span class='ocrx_word' id='word_1_153' title='bbox 1245 2528 1546 2580; x_wconf 90' lang='lat' dir='ltr'><strong>accersam,</strong></span> <span class='ocrx_word' id='word_1_154' title='bbox 1571 2531 1639 2570; x_wconf 82' lang='lat' dir='ltr'><strong>ex</strong></span> <span class='ocrx_word' id='word_1_155' title='bbox 1673 2516 1742 2571; x_wconf 91' lang='lat' dir='ltr'><strong>iis</strong></span> <span class='ocrx_word' id='word_1_156' title='bbox 1767 2533 1890 2587; x_wconf 73' lang='lat' dir='ltr'><strong>qua:</strong></span> <span class='ocrx_word' id='word_1_157' title='bbox 1914 2532 2223 2590; x_wconf 89' lang='lat' dir='ltr'><strong>sequuntur</strong></span> <span class='ocrx_word' id='word_1_158' title='bbox 2259 2523 2466 2579; x_wconf 85' lang='lat' dir='ltr'><strong>intelli-</strong></span> 
     </span>
    </p>
   </div>
   <div class='ocr_carea' id='block_1_25' title="bbox 879 2604 2466 2680">
    <p class='ocr_par' dir='ltr' id='par_1_25' title="bbox 879 2604 2466 2680">
     <span class='ocr_line' id='line_1_25' title="bbox 879 2604 2466 2680; baseline 0.009 -24"><span class='ocrx_word' id='word_1_159' title='bbox 879 2604 1038 2672; x_wconf 84' lang='lat' dir='ltr'><strong>getis.</strong></span> <span class='ocrx_word' id='word_1_160' title='bbox 1067 2604 1399 2674; x_wconf 77' lang='lat' dir='ltr'><strong>ingredienti</strong></span> <span class='ocrx_word' id='word_1_161' title='bbox 1436 2606 1572 2661; x_wconf 90' lang='lat' dir='ltr'><strong>mihi</strong></span> <span class='ocrx_word' id='word_1_162' title='bbox 1599 2611 1979 2680; x_wconf 79' lang='lat' dir='ltr'><strong>cognominem</strong></span> <span class='ocrx_word' id='word_1_163' title='bbox 2003 2621 2060 2667; x_wconf 89' lang='lat' dir='ltr'><strong>et</strong></span> <span class='ocrx_word' id='word_1_164' title='bbox 2083 2614 2310 2668; x_wconf 91' lang='lat' dir='ltr'><strong>omnino</strong></span> <span class='ocrx_word' id='word_1_165' title='bbox 2334 2615 2466 2670; x_wconf 86' lang='lat' dir='ltr'><strong>bea-</strong></span> 
     </span>
    </p>
   </div>
   <div class='ocr_carea' id='block_1_26' title="bbox 881 2696 2466 2776">
    <p class='ocr_par' dir='ltr' id='par_1_26' title="bbox 881 2696 2466 2776">
     <span class='ocr_line' id='line_1_26' title="bbox 881 2696 2466 2776; baseline 0.01 -29"><span class='ocrx_word' id='word_1_166' title='bbox 881 2703 991 2747; x_wconf 87' lang='lat' dir='ltr'><strong>tam</strong></span> <span class='ocrx_word' id='word_1_167' title='bbox 1023 2696 1257 2764; x_wconf 89' lang='lat' dir='ltr'><strong>patriam</strong></span> <span class='ocrx_word' id='word_1_168' title='bbox 1292 2712 1467 2752; x_wconf 87' lang='lat' dir='ltr'><strong>meam</strong></span> <span class='ocrx_word' id='word_1_169' title='bbox 1494 2697 2048 2772; x_wconf 82' lang='lat' dir='ltr'><strong>ConstantinOpolim,</strong></span> <span class='ocrx_word' id='word_1_170' title='bbox 2077 2707 2185 2776; x_wconf 85' lang='lat'><strong>70</strong></span> <span class='ocrx_word' id='word_1_171' title='bbox 2209 2707 2466 2762; x_wconf 87' lang='lat' dir='ltr'><strong>sedebam</strong></span> 
     </span>
    </p>
   </div>
   <div class='ocr_carea' id='block_1_27' title="bbox 877 2787 2468 2868">
    <p class='ocr_par' dir='ltr' id='par_1_27' title="bbox 877 2787 2468 2868">
     <span class='ocr_line' id='line_1_27' title="bbox 877 2787 2468 2868; baseline 0.009 -30"><span class='ocrx_word' id='word_1_172' title='bbox 877 2794 1067 2838; x_wconf 88' lang='lat' dir='ltr'><strong>autem</strong></span> <span class='ocrx_word' id='word_1_173' title='bbox 1111 2794 1242 2842; x_wconf 88' lang='lat' dir='ltr'><strong>tunc</strong></span> <span class='ocrx_word' id='word_1_174' title='bbox 1277 2787 1332 2840; x_wconf 90' lang='lat' dir='ltr'><strong>in</strong></span> <span class='ocrx_word' id='word_1_175' title='bbox 1377 2802 1550 2858; x_wconf 91' lang='lat' dir='ltr'><strong>equo,</strong></span> <span class='ocrx_word' id='word_1_176' title='bbox 1588 2789 1773 2846; x_wconf 85' lang='lat' dir='ltr'><strong>subito</strong></span> <span class='ocrx_word' id='word_1_177' title='bbox 1806 2792 2140 2850; x_wconf 83' lang='lat' dir='ltr'><strong>Athanasius</strong></span> <span class='ocrx_word' id='word_1_178' title='bbox 2177 2799 2468 2868; x_wconf 89' lang='lat' dir='ltr'><strong>episcopus</strong></span> 
     </span>
    </p>
   </div>
   <div class='ocr_carea' id='block_1_28' title="bbox 879 2877 2464 2956">
    <p class='ocr_par' dir='ltr' id='par_1_28' title="bbox 879 2877 2464 2956">
     <span class='ocr_line' id='line_1_28' title="bbox 879 2877 2464 2956; baseline 0.009 -26"><span class='ocrx_word' id='word_1_179' title='bbox 879 2892 1004 2930; x_wconf 89' lang='lat' dir='ltr'><strong>cum</strong></span> <span class='ocrx_word' id='word_1_180' title='bbox 1031 2877 1362 2948; x_wconf 89' lang='lat' dir='ltr'><strong>quibusdam</strong></span> <span class='ocrx_word' id='word_1_181' title='bbox 1387 2881 1528 2936; x_wconf 89' lang='lat' dir='ltr'><strong>sacri</strong></span> <span class='ocrx_word' id='word_1_182' title='bbox 1551 2882 1765 2938; x_wconf 92' lang='lat' dir='ltr'><strong>ordinis</strong></span> <span class='ocrx_word' id='word_1_183' title='bbox 1787 2883 1922 2940; x_wconf 89' lang='lat' dir='ltr'><strong>viris</strong></span> <span class='ocrx_word' id='word_1_184' title='bbox 1944 2902 2083 2956; x_wconf 90' lang='lat' dir='ltr'><strong>quos</strong></span> <span class='ocrx_word' id='word_1_185' title='bbox 2107 2888 2252 2943; x_wconf 90' lang='lat' dir='ltr'><strong>circa</strong></span> <span class='ocrx_word' id='word_1_186' title='bbox 2279 2905 2338 2943; x_wconf 91' lang='lat' dir='ltr'><strong>se</strong></span> <span class='ocrx_word' id='word_1_187' title='bbox 2364 2889 2464 2944; x_wconf 87' lang='lat' dir='ltr'><strong>ha-</strong></span> 
     </span>
    </p>
   </div>
   <div class='ocr_carea' id='block_1_29' title="bbox 881 2968 2464 3048">
    <p class='ocr_par' dir='ltr' id='par_1_29' title="bbox 881 2968 2464 3048">
     <span class='ocr_line' id='line_1_29' title="bbox 881 2968 2464 3048; baseline 0.008 -28"><span class='ocrx_word' id='word_1_188' title='bbox 881 2968 1066 3033; x_wconf 88' lang='lat' dir='ltr'><strong>bebat,</strong></span> <span class='ocrx_word' id='word_1_189' title='bbox 1095 2968 1234 3024; x_wconf 90' lang='lat' dir='ltr'><strong>adeo</strong></span> <span class='ocrx_word' id='word_1_190' title='bbox 1272 2969 1680 3042; x_wconf 78' lang='lat' dir='ltr'><strong>inexspectatus</strong></span> <span class='ocrx_word' id='word_1_191' title='bbox 1713 2975 1980 3041; x_wconf 85' lang='lat' dir='ltr'><strong>occurrit,</strong></span> <span class='ocrx_word' id='word_1_192' title='bbox 2007 2985 2068 3031; x_wconf 90' lang='lat' dir='ltr'><strong>ut</strong></span> <span class='ocrx_word' id='word_1_193' title='bbox 2103 2993 2204 3032; x_wconf 92' lang='lat' dir='ltr'><strong>nos</strong></span> <span class='ocrx_word' id='word_1_194' title='bbox 2240 2988 2464 3048; x_wconf 89' lang='lat' dir='ltr'><strong>stupore</strong></span> 
     </span>
    </p>
   </div>
   <div class='ocr_carea' id='block_1_30' title="bbox 879 3059 2462 3130">
    <p class='ocr_par' dir='ltr' id='par_1_30' title="bbox 879 3059 2462 3130">
     <span class='ocr_line' id='line_1_30' title="bbox 879 3059 2462 3130; baseline 0.008 -18"><span class='ocrx_word' id='word_1_195' title='bbox 879 3059 1118 3129; x_wconf 86' lang='lat' dir='ltr'><strong>quodam</strong></span> <span class='ocrx_word' id='word_1_196' title='bbox 1156 3060 1488 3130; x_wconf 87' lang='lat' dir='ltr'><strong>pereelleret</strong></span> <span class='ocrx_word' id='word_1_197' title='bbox 1559 3062 1742 3119; x_wconf 90' lang='lat' dir='ltr'><strong>Testis</strong></span> <span class='ocrx_word' id='word_1_198' title='bbox 1772 3065 1920 3119; x_wconf 91' lang='lat' dir='ltr'><strong>enim</strong></span> <span class='ocrx_word' id='word_1_199' title='bbox 1943 3074 2029 3121; x_wconf 91' lang='lat' dir='ltr'><strong>est</strong></span> <span class='ocrx_word' id='word_1_200' title='bbox 2051 3067 2186 3121; x_wconf 91' lang='lat' dir='ltr'><strong>mihi</strong></span> <span class='ocrx_word' id='word_1_201' title='bbox 2216 3069 2462 3124; x_wconf 91' lang='lat' dir='ltr'><strong>omnium</strong></span> 
     </span>
    </p>
   </div>
   <div class='ocr_carea' id='block_1_31' title="bbox 880 3149 2463 3225">
    <p class='ocr_par' dir='ltr' id='par_1_31' title="bbox 880 3149 2463 3225">
     <span class='ocr_line' id='line_1_31' title="bbox 880 3149 2463 3225; baseline 0.007 -23"><span class='ocrx_word' id='word_1_202' title='bbox 880 3149 1159 3219; x_wconf 86' lang='lat' dir='ltr'><strong>inspector</strong></span> <span class='ocrx_word' id='word_1_203' title='bbox 1201 3150 1368 3215; x_wconf 90' lang='lat' dir='ltr'><strong>Deus,</strong></span> <span class='ocrx_word' id='word_1_204' title='bbox 1411 3167 1498 3206; x_wconf 91' lang='lat' dir='ltr'><strong>me</strong></span> <span class='ocrx_word' id='word_1_205' title='bbox 1529 3153 1707 3222; x_wconf 89' lang='lat' dir='ltr'><strong>primo</strong></span> <span class='ocrx_word' id='word_1_206' title='bbox 1761 3163 1987 3224; x_wconf 84' lang='lat' dir='ltr'><strong>aspectu</strong></span> <span class='ocrx_word' id='word_1_207' title='bbox 2022 3155 2276 3225; x_wconf 91' lang='lat' dir='ltr'><strong>quisnam</strong></span> <span class='ocrx_word' id='word_1_208' title='bbox 2315 3167 2463 3213; x_wconf 87' lang='lat' dir='ltr'><strong>esset</strong></span> 
     </span>
    </p>
   </div>
   <div class='ocr_carea' id='block_1_32' title="bbox 2336 445 2680 506">
    <p class='ocr_par' dir='ltr' id='par_1_32' title="bbox 2336 445 2680 506">
     <span class='ocr_line' id='line_1_32' title="bbox 2336 445 2680 506; baseline 0.023 -8"><span class='ocrx_word' id='word_1_209' title='bbox 2336 445 2605 504; x_wconf 76' lang='lat' dir='ltr'><strong>SOCBAT</strong></span> <span class='ocrx_word' id='word_1_210' title='bbox 2618 449 2680 506; x_wconf 87' lang='lat' dir='ltr'><strong>IS</strong></span> 
     </span>
    </p>
   </div>
   <div class='ocr_carea' id='block_1_33' title="bbox 4060 468 4160 522">
    <p class='ocr_par' dir='ltr' id='par_1_33' title="bbox 4060 468 4160 522">
     <span class='ocr_line' id='line_1_33' title="bbox 4060 468 4160 522; baseline 0.02 -1"><span class='ocrx_word' id='word_1_211' title='bbox 4060 468 4160 522; x_wconf 75' lang='grc'><strong>168</strong></span> 
     </span>
    </p>
   </div>
   <div class='ocr_carea' id='block_1_34' title="bbox 3173 574 3585 630">
    <p class='ocr_par' dir='ltr' id='par_1_34' title="bbox 3173 574 3585 630">
     <span class='ocr_line' id='line_1_34' title="bbox 3173 574 3585 630; baseline -0.002 -1"><span class='ocrx_word' id='word_1_212' title='bbox 3173 574 3422 630; x_wconf 76' lang='grc' dir='ltr'><strong>ΚΕΦΛΛ.</strong></span> <span class='ocrx_word' id='word_1_213' title='bbox 3466 582 3585 628; x_wconf 69' lang='lat' dir='ltr'><strong>AA’.</strong></span> 
     </span>
    </p>
   </div>
   <div class='ocr_carea' id='block_1_35' title="bbox 2585 661 4162 736">
    <p class='ocr_par' dir='ltr' id='par_1_35' title="bbox 2585 661 4162 736">
     <span class='ocr_line' id='line_1_35' title="bbox 2585 661 4162 736; baseline 0.008 -23"><span class='ocrx_word' id='word_1_214' title='bbox 2585 661 2704 736; x_wconf 68' lang='grc' dir='ltr'><strong>Ὅζι</strong></span> <span class='ocrx_word' id='word_1_215' title='bbox 2729 664 3082 736; x_wconf 13' lang='grc' dir='ltr'><strong>δίβίισιλείος</strong></span> <span class='ocrx_word' id='word_1_216' title='bbox 3110 668 3225 734; x_wconf 74' lang='grc' dir='ltr'><strong>τὴν</strong></span> <span class='ocrx_word' id='word_1_217' title='bbox 3243 667 3510 722; x_wconf 77' lang='grc' dir='ltr'><em>σύνοδον</em></span> <span class='ocrx_word' id='word_1_218' title='bbox 3534 669 3734 723; x_wconf 71' lang='grc' dir='ltr'><strong>ἐκάλει</strong></span> <span class='ocrx_word' id='word_1_219' title='bbox 3765 671 3912 736; x_wconf 70' lang='grc' dir='ltr'><strong>πρ”ς</strong></span> <span class='ocrx_word' id='word_1_220' title='bbox 3945 671 4162 726; x_wconf 71' lang='grc' dir='ltr'><strong>ἑαυτὸν</strong></span> 
     </span>
    </p>
   </div>
   <div class='ocr_carea' id='block_1_36' title="bbox 2650 732 4159 803">
    <p class='ocr_par' dir='ltr' id='par_1_36' title="bbox 2650 732 4159 803">
     <span class='ocr_line' id='line_1_36' title="bbox 2650 732 4159 803; baseline 0.009 -19"><span class='ocrx_word' id='word_1_221' title='bbox 2650 732 2724 786; x_wconf 86' lang='grc' dir='ltr'><strong>δι’</strong></span> <span class='ocrx_word' id='word_1_222' title='bbox 2752 732 3104 803; x_wconf 54' lang='grc' dir='ltr'><strong>ἐπιστολῆς,</strong></span> <span class='ocrx_word' id='word_1_223' title='bbox 3130 732 3207 789; x_wconf 58' lang='lat' dir='ltr'><strong>Ii&quot;</strong></span> <span class='ocrx_word' id='word_1_224' title='bbox 3235 739 3332 791; x_wconf 78' lang='grc' dir='ltr'><strong>ἐπὶ</strong></span> <span class='ocrx_word' id='word_1_225' title='bbox 3362 739 3580 793; x_wconf 79' lang='grc' dir='ltr'><strong>ἑαυτοῦ</strong></span> <span class='ocrx_word' id='word_1_226' title='bbox 3610 741 3682 793; x_wconf 81' lang='grc' dir='ltr'><em>τὰ</em></span> <span class='ocrx_word' id='word_1_227' title='bbox 3723 732 3873 796; x_wconf 75' lang='grc' dir='ltr'><strong>καὶά</strong></span> <span class='ocrx_word' id='word_1_228' title='bbox 3891 732 4159 797; x_wconf 63' lang='grc' dir='ltr'><strong>’Ἀθανά-</strong></span> 
     </span>
    </p>
   </div>
   <div class='ocr_carea' id='block_1_37' title="bbox 2655 806 3418 876">
    <p class='ocr_par' dir='ltr' id='par_1_37' title="bbox 2655 806 3418 876">
     <span class='ocr_line' id='line_1_37' title="bbox 2655 806 3418 876; baseline 0.01 -21"><span class='ocrx_word' id='word_1_229' title='bbox 2655 819 2796 856; x_wconf 77' lang='grc' dir='ltr'><strong>σιον</strong></span> <span class='ocrx_word' id='word_1_230' title='bbox 2820 806 3075 873; x_wconf 75' lang='grc' dir='ltr'><strong>ἀκριϐῶς</strong></span> <span class='ocrx_word' id='word_1_231' title='bbox 3099 809 3418 876; x_wconf 71' lang='grc' dir='ltr'><strong>ἐξετασθῇ.</strong></span> 
     </span>
    </p>
   </div>
   <div class='ocr_carea' id='block_1_38' title="bbox 2581 890 4161 967">
    <p class='ocr_par' dir='ltr' id='par_1_38' title="bbox 2581 890 4161 967">
     <span class='ocr_line' id='line_1_38' title="bbox 2581 890 4161 967; baseline 0.006 -25"><span class='ocrx_word' id='word_1_232' title='bbox 2581 890 2848 967; x_wconf 81' lang='grc' dir='ltr'><strong>Νικητὴς</strong></span> <span class='ocrx_word' id='word_1_233' title='bbox 2861 896 3336 967; x_wconf 67' lang='grc' dir='ltr'><strong>Κωνςσταντῖνες,</strong></span> <span class='ocrx_word' id='word_1_234' title='bbox 3357 899 3674 965; x_wconf 75' lang='grc' dir='ltr'><strong>Μέγιστος,</strong></span> <span class='ocrx_word' id='word_1_235' title='bbox 3692 899 4013 966; x_wconf 74' lang='grc' dir='ltr'><strong>Σεϐαστὸς,</strong></span> <span class='ocrx_word' id='word_1_236' title='bbox 4034 898 4161 967; x_wconf 82' lang='grc' dir='ltr'><strong>τοῖς</strong></span> 
     </span>
    </p>
   </div>
   <div class='ocr_carea' id='block_1_39' title="bbox 2812 962 3909 1036">
    <p class='ocr_par' dir='ltr' id='par_1_39' title="bbox 2812 962 3909 1036">
     <span class='ocr_line' id='line_1_39' title="bbox 2812 962 3909 1036; baseline 0.009 -22"><span class='ocrx_word' id='word_1_237' title='bbox 2812 962 2886 1014; x_wconf 81' lang='grc' dir='ltr'><strong>ἐν</strong></span> <span class='ocrx_word' id='word_1_238' title='bbox 2919 965 3080 1030; x_wconf 80' lang='grc' dir='ltr'><strong>Τύρῳ</strong></span> <span class='ocrx_word' id='word_1_239' title='bbox 3102 962 3512 1021; x_wconf 74' lang='grc' dir='ltr'><strong>συνελθοῦσιν</strong></span> <span class='ocrx_word' id='word_1_240' title='bbox 3533 968 3909 1036; x_wconf 76' lang='grc' dir='ltr'><strong>ἐπισκόποις.</strong></span> 
     </span>
    </p>
   </div>
   <div class='ocr_carea' id='block_1_40' title="bbox 2667 1049 4160 1128">
    <p class='ocr_par' dir='ltr' id='par_1_40' title="bbox 2667 1049 4160 1128">
     <span class='ocr_line' id='line_1_40' title="bbox 2667 1049 4160 1128; baseline 0.004 -24"><span class='ocrx_word' id='word_1_241' title='bbox 2667 1049 2812 1119; x_wconf 85' lang='grc' dir='ltr'><strong>Ἐγὼ</strong></span> <span class='ocrx_word' id='word_1_242' title='bbox 2843 1053 2942 1122; x_wconf 83' lang='grc' dir='ltr'><strong>μὲν</strong></span> <span class='ocrx_word' id='word_1_243' title='bbox 2964 1054 3143 1122; x_wconf 82' lang='grc' dir='ltr'><strong>ἀγνοῶ</strong></span> <span class='ocrx_word' id='word_1_244' title='bbox 3175 1057 3220 1121; x_wconf 74' lang='grc' dir='ltr'><strong>ί,</strong></span> <span class='ocrx_word' id='word_1_245' title='bbox 3243 1055 3366 1108; x_wconf 87' lang='grc' dir='ltr'><strong>τίνα</strong></span> <span class='ocrx_word' id='word_1_246' title='bbox 3395 1056 3512 1107; x_wconf 73' lang='grc' dir='ltr'><strong>ἐστὶ</strong></span> <span class='ocrx_word' id='word_1_247' title='bbox 3540 1056 3607 1109; x_wconf 79' lang='grc' dir='ltr'><strong>τά</strong></span> <span class='ocrx_word' id='word_1_248' title='bbox 3635 1056 3740 1108; x_wconf 78' lang='grc' dir='ltr'><strong>ὑπὸ</strong></span> <span class='ocrx_word' id='word_1_249' title='bbox 3767 1057 3866 1125; x_wconf 72' lang='grc' dir='ltr'><strong>τῆς</strong></span> <span class='ocrx_word' id='word_1_250' title='bbox 3888 1057 4160 1128; x_wconf 77' lang='grc' dir='ltr'><strong>ὑμετέρας</strong></span> 
     </span>
    </p>
   </div>
   <div class='ocr_carea' id='block_1_41' title="bbox 2585 1143 4156 1218">
    <p class='ocr_par' dir='ltr' id='par_1_41' title="bbox 2585 1143 4156 1218">
     <span class='ocr_line' id='line_1_41' title="bbox 2585 1143 4156 1218; baseline 0.003 -23"><span class='ocrx_word' id='word_1_251' title='bbox 2585 1143 2807 1196; x_wconf 82' lang='grc' dir='ltr'>συνόδου</span> <span class='ocrx_word' id='word_1_252' title='bbox 2840 1146 2979 1214; x_wconf 76' lang='grc' dir='ltr'><strong>μετὰ</strong></span> <span class='ocrx_word' id='word_1_253' title='bbox 3013 1145 3245 1216; x_wconf 76' lang='grc' dir='ltr'>θορύϐου</span> <span class='ocrx_word' id='word_1_254' title='bbox 3274 1149 3368 1199; x_wconf 80' lang='grc' dir='ltr'><strong>καὶ</strong></span> <span class='ocrx_word' id='word_1_255' title='bbox 3395 1147 3660 1217; x_wconf 81' lang='grc' dir='ltr'><strong>χειμῶνος</strong></span> <span class='ocrx_word' id='word_1_256' title='bbox 3686 1147 3964 1218; x_wconf 85' lang='grc' dir='ltr'><strong>κριθέντα.</strong></span> <span class='ocrx_word' id='word_1_257' title='bbox 3996 1151 4156 1202; x_wconf 82' lang='grc' dir='ltr'><strong>Δοκεῖ</strong></span> 
     </span>
    </p>
   </div>
   <div class='ocr_carea' id='block_1_42' title="bbox 2579 1233 4159 1312">
    <p class='ocr_par' dir='ltr' id='par_1_42' title="bbox 2579 1233 4159 1312">
     <span class='ocr_line' id='line_1_42' title="bbox 2579 1233 4159 1312; baseline 0.004 -26"><span class='ocrx_word' id='word_1_258' title='bbox 2579 1233 2637 1286; x_wconf 75' lang='grc' dir='ltr'><strong>δέ</strong></span> <span class='ocrx_word' id='word_1_259' title='bbox 2695 1252 2812 1298; x_wconf 89' lang='grc' dir='ltr'><strong>πως</strong></span> <span class='ocrx_word' id='word_1_260' title='bbox 2857 1235 2960 1286; x_wconf 85' lang='grc' dir='ltr'><strong>ὑπό</strong></span> <span class='ocrx_word' id='word_1_261' title='bbox 2995 1253 3136 1299; x_wconf 84' lang='grc' dir='ltr'><strong>τινος</strong></span> <span class='ocrx_word' id='word_1_262' title='bbox 3184 1237 3533 1307; x_wconf 79' lang='grc' dir='ltr'><strong>ταραχώδους</strong></span> <span class='ocrx_word' id='word_1_263' title='bbox 3578 1238 3804 1304; x_wconf 79' lang='grc' dir='ltr'><strong>ἀταξίας</strong></span> <span class='ocrx_word' id='word_1_264' title='bbox 3849 1241 3882 1310; x_wconf 82' lang='grc' dir='ltr'>ὴ</span> <span class='ocrx_word' id='word_1_265' title='bbox 3935 1240 4159 1312; x_wconf 74' lang='grc' dir='ltr'><strong>ἀλήθεια</strong></span> 
     </span>
    </p>
   </div>
   <div class='ocr_carea' id='block_1_43' title="bbox 2579 1329 4158 1403">
    <p class='ocr_par' dir='ltr' id='par_1_43' title="bbox 2579 1329 4158 1403">
     <span class='ocr_line' id='line_1_43' title="bbox 2579 1329 4158 1403; baseline 0.003 -22"><span class='ocrx_word' id='word_1_266' title='bbox 2579 1329 2960 1400; x_wconf 65' lang='grc' dir='ltr'><strong>διεστράιρθαι,</strong></span> <span class='ocrx_word' id='word_1_267' title='bbox 2990 1329 3144 1400; x_wconf 81' lang='grc' dir='ltr'><strong>ὑμῶν</strong></span> <span class='ocrx_word' id='word_1_268' title='bbox 3165 1330 3365 1400; x_wconf 82' lang='grc' dir='ltr'><strong>δηλαδὴ</strong></span> <span class='ocrx_word' id='word_1_269' title='bbox 3404 1332 3495 1384; x_wconf 71' lang='grc' dir='ltr'><strong>διὰ</strong></span> <span class='ocrx_word' id='word_1_270' title='bbox 3525 1332 3625 1400; x_wconf 75' lang='grc' dir='ltr'><strong>τὴν</strong></span> <span class='ocrx_word' id='word_1_271' title='bbox 3647 1333 3783 1402; x_wconf 50' lang='grc' dir='ltr'><strong>πῶς</strong></span> <span class='ocrx_word' id='word_1_272' title='bbox 3805 1333 3896 1386; x_wconf 82' lang='grc' dir='ltr'><strong>τὸν</strong></span> <span class='ocrx_word' id='word_1_273' title='bbox 3928 1333 4158 1403; x_wconf 78' lang='grc' dir='ltr'><strong>πλησίον</strong></span> 
     </span>
    </p>
   </div>
   <div class='ocr_carea' id='block_1_44' title="bbox 2581 1420 4158 1496">
    <p class='ocr_par' dir='ltr' id='par_1_44' title="bbox 2581 1420 4158 1496">
     <span class='ocr_line' id='line_1_44' title="bbox 2581 1420 4158 1496; baseline 0.004 -24"><span class='ocrx_word' id='word_1_274' title='bbox 2581 1421 2922 1492; x_wconf 86' lang='grc' dir='ltr'><strong>ἐρεσχελίαν,</strong></span> <span class='ocrx_word' id='word_1_275' title='bbox 2952 1422 3018 1493; x_wconf 83' lang='grc' dir='ltr'><strong>ἦν</strong></span> <span class='ocrx_word' id='word_1_276' title='bbox 3047 1423 3318 1493; x_wconf 74' lang='grc' dir='ltr'><strong>ἀήττητον</strong></span> <span class='ocrx_word' id='word_1_277' title='bbox 3348 1420 3486 1476; x_wconf 79' lang='grc' dir='ltr'><strong>εἶναι</strong></span> <span class='ocrx_word' id='word_1_278' title='bbox 3530 1424 3808 1493; x_wconf 80' lang='grc' dir='ltr'><strong>βούλεσθε,</strong></span> <span class='ocrx_word' id='word_1_279' title='bbox 3838 1425 3908 1477; x_wconf 87' lang='grc' dir='ltr'><strong>τά</strong></span> <span class='ocrx_word' id='word_1_280' title='bbox 3927 1425 4005 1495; x_wconf 84' lang='grc' dir='ltr'><strong>τῷ</strong></span> <span class='ocrx_word' id='word_1_281' title='bbox 4037 1425 4158 1496; x_wconf 84' lang='grc' dir='ltr'><strong>Θεῷ</strong></span> 
     </span>
    </p>
   </div>
   <div class='ocr_carea' id='block_1_45' title="bbox 2579 1515 4157 1587">
    <p class='ocr_par' dir='ltr' id='par_1_45' title="bbox 2579 1515 4157 1587">
     <span class='ocr_line' id='line_1_45' title="bbox 2579 1515 4157 1587; baseline 0.001 -19"><span class='ocrx_word' id='word_1_282' title='bbox 2579 1515 2885 1584; x_wconf 81' lang='grc' dir='ltr'><strong>ἀρέσκοντα</strong></span> <span class='ocrx_word' id='word_1_283' title='bbox 2927 1516 3002 1586; x_wconf 82' lang='grc' dir='ltr'><strong>μὴ</strong></span> <span class='ocrx_word' id='word_1_284' title='bbox 3034 1517 3405 1587; x_wconf 82' lang='grc' dir='ltr'><strong>συνορώντων.</strong></span> <span class='ocrx_word' id='word_1_285' title='bbox 3471 1518 3612 1570; x_wconf 82' lang='grc' dir='ltr'><strong>Ἀλλ’</strong></span> <span class='ocrx_word' id='word_1_286' title='bbox 3657 1518 3811 1570; x_wconf 79' lang='grc' dir='ltr'><strong>ἔσται</strong></span> <span class='ocrx_word' id='word_1_287' title='bbox 3854 1520 3954 1587; x_wconf 81' lang='grc' dir='ltr'><strong>τῆς</strong></span> <span class='ocrx_word' id='word_1_288' title='bbox 4005 1516 4157 1581; x_wconf 87' lang='grc' dir='ltr'><strong>θείας</strong></span> 
     </span>
    </p>
   </div>
   <div class='ocr_carea' id='block_1_46' title="bbox 2581 1606 4155 1679">
    <p class='ocr_par' dir='ltr' id='par_1_46' title="bbox 2581 1606 4155 1679">
     <span class='ocr_line' id='line_1_46' title="bbox 2581 1606 4155 1679; baseline 0.003 -22"><span class='ocrx_word' id='word_1_289' title='bbox 2581 1606 2842 1676; x_wconf 75' lang='grc' dir='ltr'><strong>Προνοίας</strong></span> <span class='ocrx_word' id='word_1_290' title='bbox 2875 1607 3056 1676; x_wconf 77' lang='grc' dir='ltr'><strong>ἔργον,</strong></span> <span class='ocrx_word' id='word_1_291' title='bbox 3081 1608 3178 1660; x_wconf 81' lang='grc' dir='ltr'><strong>καὶ</strong></span> <span class='ocrx_word' id='word_1_292' title='bbox 3201 1607 3272 1660; x_wconf 78' lang='grc' dir='ltr'><strong>τὰ</strong></span> <span class='ocrx_word' id='word_1_293' title='bbox 3295 1608 3394 1676; x_wconf 76' lang='grc' dir='ltr'><strong>τῆς</strong></span> <span class='ocrx_word' id='word_1_294' title='bbox 3422 1608 3756 1676; x_wconf 77' lang='grc' dir='ltr'><strong>φιλονεικίας</strong></span> <span class='ocrx_word' id='word_1_295' title='bbox 3783 1608 3987 1679; x_wconf 76' lang='grc' dir='ltr'><strong>ταύτης</strong></span> <span class='ocrx_word' id='word_1_296' title='bbox 4009 1610 4155 1662; x_wconf 84' lang='grc' dir='ltr'><strong>κακά</strong></span> 
     </span>
    </p>
   </div>
   <div class='ocr_carea' id='block_1_47' title="bbox 2578 1698 4157 1771">
    <p class='ocr_par' dir='ltr' id='par_1_47' title="bbox 2578 1698 4157 1771">
     <span class='ocr_line' id='line_1_47' title="bbox 2578 1698 4157 1771; baseline 0.001 -21"><span class='ocrx_word' id='word_1_297' title='bbox 2578 1698 2830 1767; x_wconf 70' lang='grc' dir='ltr'><strong>φανερῶς</strong></span> <span class='ocrx_word' id='word_1_298' title='bbox 2859 1699 3057 1752; x_wconf 78' lang='grc' dir='ltr'><strong>ἁλόντα</strong></span> <span class='ocrx_word' id='word_1_299' title='bbox 3081 1699 3470 1754; x_wconf 85' lang='grc' dir='ltr'><strong>διασκεδάσαι·</strong></span> <span class='ocrx_word' id='word_1_300' title='bbox 3522 1702 3617 1754; x_wconf 72' lang='grc' dir='ltr'><strong>καὶ</strong></span> <span class='ocrx_word' id='word_1_301' title='bbox 3661 1701 3794 1771; x_wconf 75' lang='grc' dir='ltr'><strong>ἡμῖν</strong></span> <span class='ocrx_word' id='word_1_302' title='bbox 3834 1701 4157 1771; x_wconf 67' lang='grc' dir='ltr'><strong>διαρρήδην,</strong></span> 
     </span>
    </p>
   </div>
   <div class='ocr_carea' id='block_1_48' title="bbox 2577 1790 4152 1864">
    <p class='ocr_par' dir='ltr' id='par_1_48' title="bbox 2577 1790 4152 1864">
     <span class='ocr_line' id='line_1_48' title="bbox 2577 1790 4152 1864; baseline 0.002 -22"><span class='ocrx_word' id='word_1_303' title='bbox 2577 1792 2628 1842; x_wconf 87' lang='grc' dir='ltr'><strong>εί</strong></span> <span class='ocrx_word' id='word_1_304' title='bbox 2649 1807 2770 1842; x_wconf 89' lang='grc' dir='ltr'><strong>τινα</strong></span> <span class='ocrx_word' id='word_1_305' title='bbox 2788 1793 2887 1860; x_wconf 78' lang='grc' dir='ltr'><strong>τῆς</strong></span> <span class='ocrx_word' id='word_1_306' title='bbox 2912 1790 3168 1860; x_wconf 78' lang='grc' dir='ltr'><strong>ἀληθείας</strong></span> <span class='ocrx_word' id='word_1_307' title='bbox 3195 1794 3348 1844; x_wconf 70' lang='grc' dir='ltr'><strong>αὐτοὶ</strong></span> <span class='ocrx_word' id='word_1_308' title='bbox 3369 1794 3418 1844; x_wconf 78' lang='lat' dir='ltr'><strong>cl</strong></span> <span class='ocrx_word' id='word_1_309' title='bbox 3450 1793 3793 1855; x_wconf 76' lang='grc' dir='ltr'><strong>συνελθόντες</strong></span> <span class='ocrx_word' id='word_1_310' title='bbox 3822 1793 4152 1864; x_wconf 52' lang='grc' dir='ltr'><strong>ἐποιήσασθε</strong></span> 
     </span>
    </p>
   </div>
   <div class='ocr_carea' id='block_1_49' title="bbox 2503 1877 4151 1969">
    <p class='ocr_par' dir='ltr' id='par_1_49' title="bbox 2503 1877 4151 1969">
     <span class='ocr_line' id='line_1_49' title="bbox 2503 1877 4151 1969; baseline 0.003 -41"><span class='ocrx_word' id='word_1_311' title='bbox 2503 1915 2546 1969; x_wconf 72' lang='grc' dir='ltr'><strong>Β</strong></span> <span class='ocrx_word' id='word_1_312' title='bbox 2578 1877 2856 1947; x_wconf 63' lang='grc' dir='ltr'><strong>(φροντίδα,</strong></span> <span class='ocrx_word' id='word_1_313' title='bbox 2898 1879 2992 1931; x_wconf 73' lang='grc' dir='ltr'><strong>καὶ</strong></span> <span class='ocrx_word' id='word_1_314' title='bbox 3029 1881 3079 1932; x_wconf 90' lang='grc' dir='ltr'>εἰ</span> <span class='ocrx_word' id='word_1_315' title='bbox 3108 1880 3175 1932; x_wconf 85' lang='grc' dir='ltr'><strong>τά</strong></span> <span class='ocrx_word' id='word_1_316' title='bbox 3215 1882 3519 1952; x_wconf 84' lang='grc' dir='ltr'><strong>κεκριμένα</strong></span> <span class='ocrx_word' id='word_1_317' title='bbox 3551 1883 3717 1953; x_wconf 81' lang='grc' dir='ltr'><strong>χωρίς</strong></span> <span class='ocrx_word' id='word_1_318' title='bbox 3747 1899 3889 1945; x_wconf 84' lang='grc' dir='ltr'><strong>τινος</strong></span> <span class='ocrx_word' id='word_1_319' title='bbox 3930 1884 4151 1952; x_wconf 81' lang='grc' dir='ltr'><strong>χάριτος</strong></span> 
     </span>
    </p>
   </div>
   <div class='ocr_carea' id='block_1_50' title="bbox 2572 1972 4150 2047">
    <p class='ocr_par' dir='ltr' id='par_1_50' title="bbox 2572 1972 4150 2047">
     <span class='ocr_line' id='line_1_50' title="bbox 2572 1972 4150 2047; baseline 0.003 -24"><span class='ocrx_word' id='word_1_320' title='bbox 2572 1972 2669 2024; x_wconf 78' lang='grc' dir='ltr'><strong>καὶ</strong></span> <span class='ocrx_word' id='word_1_321' title='bbox 2740 1972 3037 2042; x_wconf 79' lang='grc' dir='ltr'><strong>ἀπεχθείας</strong></span> <span class='ocrx_word' id='word_1_322' title='bbox 3110 1973 3396 2043; x_wconf 87' lang='grc' dir='ltr'><strong>ἐκρίνατε,</strong></span> <span class='ocrx_word' id='word_1_323' title='bbox 3446 1975 3782 2046; x_wconf 78' lang='grc' dir='ltr'><strong>φανερῶσαι.</strong></span> <span class='ocrx_word' id='word_1_324' title='bbox 3847 1974 4150 2047; x_wconf 75' lang='grc' dir='ltr'><strong>Τοιγαροῦν</strong></span> 
     </span>
    </p>
   </div>
   <div class='ocr_carea' id='block_1_51' title="bbox 2570 2063 4150 2138">
    <p class='ocr_par' dir='ltr' id='par_1_51' title="bbox 2570 2063 4150 2138">
     <span class='ocr_line' id='line_1_51' title="bbox 2570 2063 4150 2138; baseline 0.002 -22"><span class='ocrx_word' id='word_1_325' title='bbox 2570 2063 2921 2134; x_wconf 68' lang='grc' dir='ltr'><strong>ἡπειγμένως</strong></span> <span class='ocrx_word' id='word_1_326' title='bbox 2959 2065 3169 2129; x_wconf 84' lang='grc' dir='ltr'><strong>πάντας</strong></span> <span class='ocrx_word' id='word_1_327' title='bbox 3205 2066 3345 2135; x_wconf 82' lang='grc' dir='ltr'><strong>ὑμᾶς</strong></span> <span class='ocrx_word' id='word_1_328' title='bbox 3374 2067 3510 2137; x_wconf 72' lang='grc' dir='ltr'><strong>πρὸς</strong></span> <span class='ocrx_word' id='word_1_329' title='bbox 3539 2066 3637 2138; x_wconf 75' lang='grc' dir='ltr'><strong>τὴν</strong></span> <span class='ocrx_word' id='word_1_330' title='bbox 3679 2069 3820 2138; x_wconf 78' lang='grc' dir='ltr'><strong>ἐμὴν</strong></span> <span class='ocrx_word' id='word_1_331' title='bbox 3867 2067 4150 2120; x_wconf 71' lang='grc' dir='ltr'><strong>εὐσέϐειαν</strong></span> 
     </span>
    </p>
   </div>
   <div class='ocr_carea' id='block_1_52' title="bbox 2569 2154 4147 2230">
    <p class='ocr_par' dir='ltr' id='par_1_52' title="bbox 2569 2154 4147 2230">
     <span class='ocr_line' id='line_1_52' title="bbox 2569 2154 4147 2230; baseline 0.003 -22"><span class='ocrx_word' id='word_1_332' title='bbox 2569 2154 2815 2208; x_wconf 82' lang='grc' dir='ltr'><strong>ἀνελθεῖν</strong></span> <span class='ocrx_word' id='word_1_333' title='bbox 2847 2156 2948 2218; x_wconf 86' lang='grc' dir='ltr'><strong>δεῖ,</strong></span> <span class='ocrx_word' id='word_1_334' title='bbox 2999 2157 3086 2210; x_wconf 78' lang='grc' dir='ltr'><strong>ἵνα</strong></span> <span class='ocrx_word' id='word_1_335' title='bbox 3121 2156 3218 2226; x_wconf 84' lang='grc' dir='ltr'><strong>τὴν</strong></span> <span class='ocrx_word' id='word_1_336' title='bbox 3245 2156 3356 2210; x_wconf 85' lang='grc' dir='ltr'><strong>τῶν</strong></span> <span class='ocrx_word' id='word_1_337' title='bbox 3389 2159 3793 2230; x_wconf 81' lang='grc' dir='ltr'><strong>πεπραγμένων</strong></span> <span class='ocrx_word' id='word_1_338' title='bbox 3825 2160 3953 2229; x_wconf 88' lang='grc' dir='ltr'><strong>ὑμῖν</strong></span> <span class='ocrx_word' id='word_1_339' title='bbox 3988 2160 4147 2230; x_wconf 65' lang='grc' dir='ltr'><strong>ἀκρίς</strong></span> 
     </span>
    </p>
   </div>
   <div class='ocr_carea' id='block_1_53' title="bbox 2569 2244 4148 2321">
    <p class='ocr_par' dir='ltr' id='par_1_53' title="bbox 2569 2244 4148 2321">
     <span class='ocr_line' id='line_1_53' title="bbox 2569 2244 4148 2321; baseline 0.004 -21"><span class='ocrx_word' id='word_1_340' title='bbox 2569 2244 2723 2300; x_wconf 79' lang='grc' dir='ltr'><strong>σειαν</strong></span> <span class='ocrx_word' id='word_1_341' title='bbox 2743 2247 2812 2300; x_wconf 81' lang='grc' dir='ltr'><strong>δι’</strong></span> <span class='ocrx_word' id='word_1_342' title='bbox 2851 2247 3004 2318; x_wconf 78' lang='grc' dir='ltr'><strong>ὑμῶν</strong></span> <span class='ocrx_word' id='word_1_343' title='bbox 3034 2248 3213 2301; x_wconf 74' lang='grc' dir='ltr'><strong>αὐτῶν</strong></span> <span class='ocrx_word' id='word_1_344' title='bbox 3239 2251 3650 2321; x_wconf 71' lang='grc' dir='ltr'><strong>παραστήσῃ-τε.</strong></span> <span class='ocrx_word' id='word_1_345' title='bbox 3677 2253 3834 2316; x_wconf 80' lang='grc' dir='ltr'>Τίνος</span> <span class='ocrx_word' id='word_1_346' title='bbox 3862 2253 3920 2306; x_wconf 85' lang='grc' dir='ltr'><strong>δὲ</strong></span> <span class='ocrx_word' id='word_1_347' title='bbox 3961 2253 4148 2306; x_wconf 82' lang='grc' dir='ltr'><strong>ἐνεκεν</strong></span> 
     </span>
    </p>
   </div>
   <div class='ocr_carea' id='block_1_54' title="bbox 2566 2337 4148 2415">
    <p class='ocr_par' dir='ltr' id='par_1_54' title="bbox 2566 2337 4148 2415">
     <span class='ocr_line' id='line_1_54' title="bbox 2566 2337 4148 2415; baseline 0.004 -24"><span class='ocrx_word' id='word_1_348' title='bbox 2566 2337 2746 2392; x_wconf 86' lang='grc' dir='ltr'><strong>ταῦτα</strong></span> <span class='ocrx_word' id='word_1_349' title='bbox 2779 2340 2990 2409; x_wconf 67' lang='grc' dir='ltr'><strong>γράψαι</strong></span> <span class='ocrx_word' id='word_1_350' title='bbox 3021 2341 3158 2412; x_wconf 84' lang='grc' dir='ltr'><strong>πρὸς</strong></span> <span class='ocrx_word' id='word_1_351' title='bbox 3184 2340 3329 2411; x_wconf 77' lang='grc' dir='ltr'><strong>ὑμᾶς</strong></span> <span class='ocrx_word' id='word_1_352' title='bbox 3363 2342 3678 2408; x_wconf 79' lang='grc' dir='ltr'><strong>ἐδικαίωσα,</strong></span> <span class='ocrx_word' id='word_1_353' title='bbox 3717 2345 3810 2397; x_wconf 77' lang='grc' dir='ltr'><strong>καὶ</strong></span> <span class='ocrx_word' id='word_1_354' title='bbox 3840 2345 3984 2414; x_wconf 79' lang='grc' dir='ltr'><strong>ὑμᾶς</strong></span> <span class='ocrx_word' id='word_1_355' title='bbox 4010 2345 4148 2415; x_wconf 74' lang='grc' dir='ltr'><strong>πρὸς</strong></span> 
     </span>
    </p>
   </div>
   <div class='ocr_carea' id='block_1_55' title="bbox 2568 2431 4147 2507">
    <p class='ocr_par' dir='ltr' id='par_1_55' title="bbox 2568 2431 4147 2507">
     <span class='ocr_line' id='line_1_55' title="bbox 2568 2431 4147 2507; baseline 0.004 -22"><span class='ocrx_word' id='word_1_356' title='bbox 2568 2431 2807 2501; x_wconf 76' lang='grc' dir='ltr'><strong>ἐμαυτὸν</strong></span> <span class='ocrx_word' id='word_1_357' title='bbox 2831 2432 2920 2485; x_wconf 74' lang='grc' dir='ltr'><strong>διὰ</strong></span> <span class='ocrx_word' id='word_1_358' title='bbox 2953 2432 3049 2486; x_wconf 90' lang='grc' dir='ltr'><strong>τοῦ</strong></span> <span class='ocrx_word' id='word_1_359' title='bbox 3075 2435 3403 2503; x_wconf 76' lang='grc' dir='ltr'><strong>γράμματος</strong></span> <span class='ocrx_word' id='word_1_360' title='bbox 3432 2435 3604 2496; x_wconf 80' lang='grc' dir='ltr'><strong>καλῶ,</strong></span> <span class='ocrx_word' id='word_1_361' title='bbox 3633 2437 3698 2489; x_wconf 82' lang='grc' dir='ltr'><strong>ἐκ</strong></span> <span class='ocrx_word' id='word_1_362' title='bbox 3722 2436 3832 2490; x_wconf 82' lang='grc' dir='ltr'><strong>τῶν</strong></span> <span class='ocrx_word' id='word_1_363' title='bbox 3865 2438 4147 2507; x_wconf 73' lang='grc' dir='ltr'><strong>ἑπομένων</strong></span> 
     </span>
    </p>
   </div>
   <div class='ocr_carea' id='block_1_56' title="bbox 2567 2520 4144 2600">
    <p class='ocr_par' dir='ltr' id='par_1_56' title="bbox 2567 2520 4144 2600">
     <span class='ocr_line' id='line_1_56' title="bbox 2567 2520 4144 2600; baseline 0.006 -27"><span class='ocrx_word' id='word_1_364' title='bbox 2567 2520 2865 2590; x_wconf 86' lang='grc' dir='ltr'><strong>γνώσεσθε.</strong></span> <span class='ocrx_word' id='word_1_365' title='bbox 2910 2523 3278 2579; x_wconf 78' lang='grc' dir='ltr'><strong>Ἐπιδαίνοντί</strong></span> <span class='ocrx_word' id='word_1_366' title='bbox 3331 2542 3423 2595; x_wconf 91' lang='grc' dir='ltr'><strong>μοι</strong></span> <span class='ocrx_word' id='word_1_367' title='bbox 3467 2525 3655 2580; x_wconf 74' lang='grc' dir='ltr'><strong>λοιπον</strong></span> <span class='ocrx_word' id='word_1_368' title='bbox 3701 2528 3804 2598; x_wconf 81' lang='grc' dir='ltr'><strong>τῆς</strong></span> <span class='ocrx_word' id='word_1_369' title='bbox 3853 2530 4144 2600; x_wconf 78' lang='grc' dir='ltr'><strong>ἐπωνύμου</strong></span> 
     </span>
    </p>
   </div>
   <div class='ocr_carea' id='block_1_57' title="bbox 2566 2614 4142 2690">
    <p class='ocr_par' dir='ltr' id='par_1_57' title="bbox 2566 2614 4142 2690">
     <span class='ocr_line' id='line_1_57' title="bbox 2566 2614 4142 2690; baseline 0.006 -24"><span class='ocrx_word' id='word_1_370' title='bbox 2566 2614 2724 2688; x_wconf 77' lang='grc' dir='ltr'><strong>ἡμῶν</strong></span> <span class='ocrx_word' id='word_1_371' title='bbox 2743 2616 2839 2669; x_wconf 72' lang='grc' dir='ltr'><strong>καὶ</strong></span> <span class='ocrx_word' id='word_1_372' title='bbox 2856 2617 3287 2688; x_wconf 81' lang='grc' dir='ltr'><strong>πανευδαίμονος</strong></span> <span class='ocrx_word' id='word_1_373' title='bbox 3314 2618 3594 2689; x_wconf 86' lang='grc' dir='ltr'><strong>πατρίδος,</strong></span> <span class='ocrx_word' id='word_1_374' title='bbox 3611 2619 3712 2690; x_wconf 83' lang='grc' dir='ltr'><strong>τῆς</strong></span> <span class='ocrx_word' id='word_1_375' title='bbox 3731 2623 4142 2677; x_wconf 75' lang='grc' dir='ltr'><strong>Κωνσταντίνου</strong></span> 
     </span>
    </p>
   </div>
   <div class='ocr_carea' id='block_1_58' title="bbox 2567 2710 4145 2787">
    <p class='ocr_par' dir='ltr' id='par_1_58' title="bbox 2567 2710 4145 2787">
     <span class='ocr_line' id='line_1_58' title="bbox 2567 2710 4145 2787; baseline 0.006 -26"><span class='ocrx_word' id='word_1_376' title='bbox 2567 2710 2774 2772; x_wconf 84' lang='grc' dir='ltr'><strong>πόλεως</strong></span> <span class='ocrx_word' id='word_1_377' title='bbox 2793 2725 2809 2741; x_wconf 79' lang='grc' dir='ltr'><strong>ο</strong></span> <span class='ocrx_word' id='word_1_378' title='bbox 2841 2710 3122 2764; x_wconf 75' lang='grc' dir='ltr'><strong>συνέϐαινε</strong></span> <span class='ocrx_word' id='word_1_379' title='bbox 3151 2711 3209 2764; x_wconf 81' lang='grc' dir='ltr'><strong>δὲ</strong></span> <span class='ocrx_word' id='word_1_380' title='bbox 3231 2711 3536 2782; x_wconf 88' lang='grc' dir='ltr'><strong>τηνικαῦτα</strong></span> <span class='ocrx_word' id='word_1_381' title='bbox 3557 2713 3642 2782; x_wconf 81' lang='grc' dir='ltr'><strong>ἐφ’</strong></span> <span class='ocrx_word' id='word_1_382' title='bbox 3684 2715 3854 2768; x_wconf 80' lang='grc' dir='ltr'><strong>ἵππου</strong></span> <span class='ocrx_word' id='word_1_383' title='bbox 3893 2733 3958 2787; x_wconf 89' lang='grc' dir='ltr'><strong>με</strong></span> <span class='ocrx_word' id='word_1_384' title='bbox 4008 2717 4145 2787; x_wconf 79' lang='grc' dir='ltr'><strong>ὀχετ-</strong></span> 
     </span>
    </p>
   </div>
   <div class='ocr_carea' id='block_1_59' title="bbox 2567 2796 4143 2877">
    <p class='ocr_par' dir='ltr' id='par_1_59' title="bbox 2567 2796 4143 2877">
     <span class='ocr_line' id='line_1_59' title="bbox 2567 2796 4143 2877; baseline 0.006 -27"><span class='ocrx_word' id='word_1_385' title='bbox 2567 2796 2692 2850; x_wconf 86' lang='grc' dir='ltr'><strong>σθαι</strong></span> <span class='ocrx_word' id='word_1_386' title='bbox 2714 2814 2728 2828; x_wconf 75' lang='grc' dir='ltr'><strong>ο</strong></span> <span class='ocrx_word' id='word_1_387' title='bbox 2758 2797 3019 2867; x_wconf 77' lang='grc' dir='ltr'><strong>ἐξαίφνης</strong></span> <span class='ocrx_word' id='word_1_388' title='bbox 3051 2799 3370 2863; x_wconf 79' lang='grc' dir='ltr'><strong>Ἀθανάσιος</strong></span> <span class='ocrx_word' id='word_1_389' title='bbox 3397 2801 3426 2854; x_wconf 83' lang='grc' dir='ltr'>ὁ</span> <span class='ocrx_word' id='word_1_390' title='bbox 3452 2801 3749 2868; x_wconf 76' lang='grc' dir='ltr'><strong>ἐπίσκοπος</strong></span> <span class='ocrx_word' id='word_1_391' title='bbox 3775 2805 3834 2859; x_wconf 89' lang='grc' dir='ltr'><strong>ἐν</strong></span> <span class='ocrx_word' id='word_1_392' title='bbox 3871 2805 4023 2877; x_wconf 81' lang='grc' dir='ltr'><strong>μέσῳ</strong></span> <span class='ocrx_word' id='word_1_393' title='bbox 4043 2807 4143 2877; x_wconf 84' lang='grc' dir='ltr'><strong>τῆς</strong></span> 
     </span>
    </p>
   </div>
   <div class='ocr_carea' id='block_1_60' title="bbox 2565 2889 4140 2968">
    <p class='ocr_par' dir='ltr' id='par_1_60' title="bbox 2565 2889 4140 2968">
     <span class='ocr_line' id='line_1_60' title="bbox 2565 2889 4140 2968; baseline 0.005 -26"><span class='ocrx_word' id='word_1_394' title='bbox 2565 2889 2863 2961; x_wconf 65' lang='grc' dir='ltr'><strong>λεωφόρου.</strong></span> <span class='ocrx_word' id='word_1_395' title='bbox 2887 2894 3024 2962; x_wconf 79' lang='grc' dir='ltr'><strong>μετα</strong></span> <span class='ocrx_word' id='word_1_396' title='bbox 3039 2893 3083 2945; x_wconf 85' lang='grc' dir='ltr'>ίε</span> <span class='ocrx_word' id='word_1_397' title='bbox 3093 2892 3200 2962; x_wconf 84' lang='grc' dir='ltr'>ρῶν</span> <span class='ocrx_word' id='word_1_398' title='bbox 3214 2893 3521 2964; x_wconf 82' lang='grc' dir='ltr'><strong>τινων(55),</strong></span> <span class='ocrx_word' id='word_1_399' title='bbox 3535 2893 3627 2958; x_wconf 80' lang='grc' dir='ltr'><strong>οὓς</strong></span> <span class='ocrx_word' id='word_1_400' title='bbox 3646 2896 3775 2967; x_wconf 79' lang='grc' dir='ltr'><strong>περὶ</strong></span> <span class='ocrx_word' id='word_1_401' title='bbox 3793 2898 3954 2952; x_wconf 81' lang='grc' dir='ltr'><strong>αὐτὸν</strong></span> <span class='ocrx_word' id='word_1_402' title='bbox 3973 2895 4140 2968; x_wconf 81' lang='grc' dir='ltr'><strong>εἶχεν,</strong></span> 
     </span>
    </p>
   </div>
   <div class='ocr_carea' id='block_1_61' title="bbox 2564 2982 4141 3060">
    <p class='ocr_par' dir='ltr' id='par_1_61' title="bbox 2564 2982 4141 3060">
     <span class='ocr_line' id='line_1_61' title="bbox 2564 2982 4141 3060; baseline 0.006 -25"><span class='ocrx_word' id='word_1_403' title='bbox 2564 2982 2986 3053; x_wconf 78' lang='grc' dir='ltr'><strong>ἀπροσδοκήτως</strong></span> <span class='ocrx_word' id='word_1_404' title='bbox 3015 2983 3158 3036; x_wconf 81' lang='grc' dir='ltr'><strong>οὕτω</strong></span> <span class='ocrx_word' id='word_1_405' title='bbox 3203 2984 3534 3055; x_wconf 81' lang='grc' dir='ltr'><strong>προσῆλθεν,</strong></span> <span class='ocrx_word' id='word_1_406' title='bbox 3571 2986 3649 3051; x_wconf 86' lang='grc' dir='ltr'><strong>ὼς</strong></span> <span class='ocrx_word' id='word_1_407' title='bbox 3687 2990 3782 3042; x_wconf 74' lang='grc' dir='ltr'><strong>καὶ</strong></span> <span class='ocrx_word' id='word_1_408' title='bbox 3837 2994 4141 3060; x_wconf 86' lang='grc' dir='ltr'><strong>παρασχεῖν</strong></span> 
     </span>
    </p>
   </div>
   <div class='ocr_carea' id='block_1_62' title="bbox 2564 3073 4140 3151">
    <p class='ocr_par' dir='ltr' id='par_1_62' title="bbox 2564 3073 4140 3151">
     <span class='ocr_line' id='line_1_62' title="bbox 2564 3073 4140 3151; baseline 0.007 -27"><span class='ocrx_word' id='word_1_409' title='bbox 2564 3073 2880 3142; x_wconf 81' lang='grc' dir='ltr'><strong>ἐκπλήξεως</strong></span> <span class='ocrx_word' id='word_1_410' title='bbox 2931 3075 3206 3146; x_wconf 78' lang='grc' dir='ltr'><strong>ἀφορμήν.</strong></span> <span class='ocrx_word' id='word_1_411' title='bbox 3255 3075 3534 3149; x_wconf 80' lang='grc' dir='ltr'><strong>Μαρτυρεῖ</strong></span> <span class='ocrx_word' id='word_1_412' title='bbox 3575 3080 3684 3150; x_wconf 84' lang='grc' dir='ltr'><strong>γάρ</strong></span> <span class='ocrx_word' id='word_1_413' title='bbox 3721 3097 3813 3151; x_wconf 92' lang='grc' dir='ltr'><strong>μοι</strong></span> <span class='ocrx_word' id='word_1_414' title='bbox 3859 3083 3888 3134; x_wconf 85' lang='grc' dir='ltr'>ὁ</span> <span class='ocrx_word' id='word_1_415' title='bbox 3921 3083 4140 3136; x_wconf 82' lang='grc' dir='ltr'><strong>πάντων</strong></span> 
     </span>
    </p>
   </div>
   <div class='ocr_carea' id='block_1_63' title="bbox 2563 3164 4140 3244">
    <p class='ocr_par' dir='ltr' id='par_1_63' title="bbox 2563 3164 4140 3244">
     <span class='ocr_line' id='line_1_63' title="bbox 2563 3164 4140 3244; baseline 0.007 -28"><span class='ocrx_word' id='word_1_416' title='bbox 2563 3164 2754 3235; x_wconf 79' lang='grc' dir='ltr'><strong>ἔφορος</strong></span> <span class='ocrx_word' id='word_1_417' title='bbox 2773 3166 2928 3232; x_wconf 76' lang='grc' dir='ltr'><strong>Θεὸς,</strong></span> <span class='ocrx_word' id='word_1_418' title='bbox 2949 3166 3024 3230; x_wconf 86' lang='grc' dir='ltr'><strong>ὼς</strong></span> <span class='ocrx_word' id='word_1_419' title='bbox 3052 3167 3172 3220; x_wconf 76' lang='grc' dir='ltr'><strong>οὐδὲ</strong></span> <span class='ocrx_word' id='word_1_420' title='bbox 3197 3168 3493 3236; x_wconf 78' lang='grc' dir='ltr'><strong>ἐπιγνῶναι</strong></span> <span class='ocrx_word' id='word_1_421' title='bbox 3527 3170 3689 3224; x_wconf 72' lang='grc' dir='ltr'><strong>αὑτὸν</strong></span> <span class='ocrx_word' id='word_1_422' title='bbox 3719 3172 3864 3235; x_wconf 77' lang='grc' dir='ltr'><strong>ὅστις</strong></span> <span class='ocrx_word' id='word_1_423' title='bbox 3893 3168 3960 3244; x_wconf 79' lang='grc' dir='ltr'><strong>ἦν</strong></span> <span class='ocrx_word' id='word_1_424' title='bbox 3990 3175 4140 3244; x_wconf 69' lang='grc' dir='ltr'><strong>παρὰ</strong></span> 
     </span>
    </p>
   </div>
   <div class='ocr_carea' id='block_1_64' title="bbox 879 3240 2665 3334">
    <p class='ocr_par' dir='ltr' id='par_1_64' title="bbox 879 3240 2662 3329">
     <span class='ocr_line' id='line_1_64' title="bbox 879 3240 2662 3329; baseline 0.01 -36"><span class='ocrx_word' id='word_1_425' title='bbox 879 3252 989 3294; x_wconf 91' lang='lat' dir='ltr'><strong>non</strong></span> <span class='ocrx_word' id='word_1_426' title='bbox 1011 3240 1257 3311; x_wconf 89' lang='lat' dir='ltr'><strong>potuisse</strong></span> <span class='ocrx_word' id='word_1_427' title='bbox 1282 3257 1636 3314; x_wconf 86' lang='lat' dir='ltr'><strong>cognoscere,</strong></span> <span class='ocrx_word' id='word_1_428' title='bbox 1660 3244 1768 3300; x_wconf 89' lang='lat' dir='ltr'><strong>nisi</strong></span> <span class='ocrx_word' id='word_1_429' title='bbox 1791 3245 2015 3317; x_wconf 89' lang='lat' dir='ltr'><strong>quidam</strong></span> <span class='ocrx_word' id='word_1_430' title='bbox 2040 3255 2380 3315; x_wconf 90' lang='lat' dir='ltr'><strong>nostrorum,</strong></span> <span class='ocrx_word' id='word_1_431' title='bbox 2405 3260 2462 3305; x_wconf 90' lang='lat' dir='ltr'><strong>et</strong></span> <span class='ocrx_word' id='word_1_432' title='bbox 2489 3268 2530 3325; x_wconf 73' lang='grc' dir='ltr'>ο</span> <span class='ocrx_word' id='word_1_433' title='bbox 2561 3257 2662 3329; x_wconf 76' lang='grc' dir='ltr'><strong>τὴν</strong></span> 
     </span>
    </p>
   </div>
   <div class='ocr_carea' id='block_1_65' title="bbox 2347 3240 4133 3334">
    <p class='ocr_par' dir='ltr' id='par_1_65' title="bbox 2347 3240 4133 3334">
     <span class='ocr_line' id='line_1_65' title="bbox 2347 3240 4133 3334; baseline 0.007 -30"><span class='ocrx_word' id='word_1_434' title='bbox 2347 3267 2380 3315; x_wconf 87' lang='lat' dir='ltr'><strong>I,</strong></span> <span class='ocrx_word' id='word_1_435' title='bbox 2405 3260 2462 3305; x_wconf 84' lang='lat' dir='ltr'><strong>ct</strong></span> <span class='ocrx_word' id='word_1_436' title='bbox 2489 3268 2530 3325; x_wconf 72' lang='grc' dir='ltr'>ο</span> <span class='ocrx_word' id='word_1_437' title='bbox 2561 3257 2662 3329; x_wconf 75' lang='grc' dir='ltr'><strong>τὴν</strong></span> <span class='ocrx_word' id='word_1_438' title='bbox 2689 3258 2914 3329; x_wconf 83' lang='grc' dir='ltr'><strong>πρώτην</strong></span> <span class='ocrx_word' id='word_1_439' title='bbox 2935 3259 3058 3330; x_wconf 78' lang='grc' dir='ltr'><strong>ὄψιν</strong></span> <span class='ocrx_word' id='word_1_440' title='bbox 3101 3259 3383 3332; x_wconf 78' lang='grc' dir='ltr'><strong>ἐδυνήθην.</strong></span> <span class='ocrx_word' id='word_1_441' title='bbox 3407 3262 3455 3313; x_wconf 88' lang='grc' dir='ltr'><strong>εἰ</strong></span> <span class='ocrx_word' id='word_1_442' title='bbox 3493 3260 3570 3332; x_wconf 86' lang='grc' dir='ltr'><strong>μὴ</strong></span> <span class='ocrx_word' id='word_1_443' title='bbox 3605 3261 3715 3314; x_wconf 82' lang='grc' dir='ltr'><strong>τῶν</strong></span> <span class='ocrx_word' id='word_1_444' title='bbox 3741 3240 4021 3334; x_wconf 58' lang='grc' dir='ltr'><strong>ἡμετέρων</strong></span> 
     </span>
    </p>
   </div>
   <div class='ocr_carea' id='block_1_66' title="bbox 878 3329 2459 3406">
    <p class='ocr_par' dir='ltr' id='par_1_66' title="bbox 878 3329 2459 3406">
     <span class='ocr_line' id='line_1_66' title="bbox 878 3329 2459 3406; baseline 0.008 -23"><span class='ocrx_word' id='word_1_445' title='bbox 878 3329 1004 3398; x_wconf 89' lang='lat' dir='ltr'><strong>quis</strong></span> <span class='ocrx_word' id='word_1_446' title='bbox 1028 3340 1199 3396; x_wconf 87' lang='lat' dir='ltr'><strong>esset,</strong></span> <span class='ocrx_word' id='word_1_447' title='bbox 1223 3339 1281 3386; x_wconf 91' lang='lat' dir='ltr'><strong>et</strong></span> <span class='ocrx_word' id='word_1_448' title='bbox 1309 3348 1474 3402; x_wconf 89' lang='lat' dir='ltr'><strong>quam</strong></span> <span class='ocrx_word' id='word_1_449' title='bbox 1505 3335 1823 3404; x_wconf 86' lang='lat' dir='ltr'><strong>pertulisset</strong></span> <span class='ocrx_word' id='word_1_450' title='bbox 1846 3336 2125 3406; x_wconf 87' lang='lat' dir='ltr'><strong>injuriam,</strong></span> <span class='ocrx_word' id='word_1_451' title='bbox 2153 3340 2313 3396; x_wconf 90' lang='lat' dir='ltr'><strong>nobis</strong></span> <span class='ocrx_word' id='word_1_452' title='bbox 2349 3341 2459 3396; x_wconf 86' lang='lat' dir='ltr'><strong>sci-</strong></span> 
     </span>
    </p>
   </div>
   <div class='ocr_carea' id='block_1_67' title="bbox 878 3419 2460 3502">
    <p class='ocr_par' dir='ltr' id='par_1_67' title="bbox 878 3419 2460 3502">
     <span class='ocr_line' id='line_1_67' title="bbox 878 3419 2460 3502; baseline 0.008 -30"><span class='ocrx_word' id='word_1_453' title='bbox 878 3419 1240 3486; x_wconf 84' lang='lat' dir='ltr'><strong>scitantibus,</strong></span> <span class='ocrx_word' id='word_1_454' title='bbox 1270 3432 1332 3477; x_wconf 88' lang='lat' dir='ltr'><strong>ut</strong></span> <span class='ocrx_word' id='word_1_455' title='bbox 1369 3439 1467 3493; x_wconf 86' lang='lat' dir='ltr'><strong>par</strong></span> <span class='ocrx_word' id='word_1_456' title='bbox 1505 3433 1654 3490; x_wconf 91' lang='lat' dir='ltr'><strong>erat,</strong></span> <span class='ocrx_word' id='word_1_457' title='bbox 1693 3425 2102 3482; x_wconf 80' lang='lat' dir='ltr'><strong>iudicavissent.</strong></span> <span class='ocrx_word' id='word_1_458' title='bbox 2147 3429 2325 3499; x_wconf 85' lang='lat' dir='ltr'><strong>Atque</strong></span> <span class='ocrx_word' id='word_1_459' title='bbox 2358 3447 2460 3502; x_wconf 84' lang='lat' dir='ltr'><strong>ego</strong></span> 
     </span>
    </p>
   </div>
   <div class='ocr_carea' id='block_1_68' title="bbox 879 3510 2461 3586">
    <p class='ocr_par' dir='ltr' id='par_1_68' title="bbox 879 3510 2461 3586">
     <span class='ocr_line' id='line_1_68' title="bbox 879 3510 2461 3586; baseline 0.008 -22"><span class='ocrx_word' id='word_1_460' title='bbox 879 3510 1102 3580; x_wconf 88' lang='lat' dir='ltr'><strong>quidem</strong></span> <span class='ocrx_word' id='word_1_461' title='bbox 1147 3512 1202 3567; x_wconf 91' lang='lat' dir='ltr'><strong>id</strong></span> <span class='ocrx_word' id='word_1_462' title='bbox 1247 3515 1512 3584; x_wconf 90' lang='lat' dir='ltr'><strong>temporis</strong></span> <span class='ocrx_word' id='word_1_463' title='bbox 1549 3531 1653 3570; x_wconf 92' lang='lat' dir='ltr'><strong>nec</strong></span> <span class='ocrx_word' id='word_1_464' title='bbox 1694 3532 2005 3571; x_wconf 85' lang='lat' dir='ltr'><strong>sermonem</strong></span> <span class='ocrx_word' id='word_1_465' title='bbox 2052 3533 2176 3572; x_wconf 89' lang='lat' dir='ltr'><strong>cum</strong></span> <span class='ocrx_word' id='word_1_466' title='bbox 2214 3535 2311 3586; x_wconf 92' lang='lat' dir='ltr'><strong>co,</strong></span> <span class='ocrx_word' id='word_1_467' title='bbox 2357 3537 2461 3577; x_wconf 91' lang='lat' dir='ltr'><strong>nec</strong></span> 
     </span>
    </p>
   </div>
   <div class='ocr_carea' id='block_1_69' title="bbox 879 3607 2462 3674">
    <p class='ocr_par' dir='ltr' id='par_1_69' title="bbox 879 3607 2462 3674">
     <span class='ocr_line' id='line_1_69' title="bbox 879 3607 2462 3674; baseline 0.007 -18"><span class='ocrx_word' id='word_1_468' title='bbox 879 3619 1236 3674; x_wconf 85' lang='lat' dir='ltr'><strong>congressum</strong></span> <span class='ocrx_word' id='word_1_469' title='bbox 1261 3607 1434 3661; x_wconf 89' lang='lat' dir='ltr'><strong>ullum</strong></span> <span class='ocrx_word' id='word_1_470' title='bbox 1459 3608 1646 3663; x_wconf 91' lang='lat' dir='ltr'><strong>habui.</strong></span> <span class='ocrx_word' id='word_1_471' title='bbox 1672 3607 1810 3664; x_wconf 91' lang='lat' dir='ltr'><strong>Cum</strong></span> <span class='ocrx_word' id='word_1_472' title='bbox 1832 3617 2015 3664; x_wconf 85' lang='lat' dir='ltr'><strong>autem</strong></span> <span class='ocrx_word' id='word_1_473' title='bbox 2043 3611 2135 3666; x_wconf 89' lang='lat' dir='ltr'><strong>ille</strong></span> <span class='ocrx_word' id='word_1_474' title='bbox 2161 3620 2221 3666; x_wconf 89' lang='lat' dir='ltr'><strong>ut</strong></span> <span class='ocrx_word' id='word_1_475' title='bbox 2243 3613 2462 3668; x_wconf 89' lang='lat' dir='ltr'><strong>audire-</strong></span> 
     </span>
    </p>
   </div>
   <div class='ocr_carea' id='block_1_70' title="bbox 881 3693 2458 3774">
    <p class='ocr_par' dir='ltr' id='par_1_70' title="bbox 881 3693 2458 3774">
     <span class='ocr_line' id='line_1_70' title="bbox 881 3693 2458 3774; baseline 0.009 -30"><span class='ocrx_word' id='word_1_476' title='bbox 881 3700 971 3744; x_wconf 92' lang='lat' dir='ltr'><strong>lur</strong></span> <span class='ocrx_word' id='word_1_477' title='bbox 995 3693 1283 3764; x_wconf 82' lang='lat' dir='ltr'><strong>ﬂagitaret,</strong></span> <span class='ocrx_word' id='word_1_478' title='bbox 1309 3695 1473 3766; x_wconf 89' lang='lat' dir='ltr'><strong>idque</strong></span> <span class='ocrx_word' id='word_1_479' title='bbox 1495 3713 1596 3768; x_wconf 88' lang='lat' dir='ltr'><strong>ego</strong></span> <span class='ocrx_word' id='word_1_480' title='bbox 1620 3715 1953 3765; x_wconf 88' lang='lat' dir='ltr'><strong>recusarem,</strong></span> <span class='ocrx_word' id='word_1_481' title='bbox 1972 3717 2041 3757; x_wconf 78' lang='lat' dir='ltr'><strong>ac</strong></span> <span class='ocrx_word' id='word_1_482' title='bbox 2062 3703 2458 3774; x_wconf 87' lang='lat' dir='ltr'><strong>propemodum</strong></span> 
     </span>
    </p>
   </div>
   <div class='ocr_carea' id='block_1_71' title="bbox 873 3783 2450 3862">
    <p class='ocr_par' dir='ltr' id='par_1_71' title="bbox 873 3783 2450 3862">
     <span class='ocr_line' id='line_1_71' title="bbox 873 3783 2450 3862; baseline 0.008 -26"><span class='ocrx_word' id='word_1_483' title='bbox 873 3783 1124 3852; x_wconf 76' lang='lat' dir='ltr'><strong>iuberem</strong></span> <span class='ocrx_word' id='word_1_484' title='bbox 1159 3801 1287 3840; x_wconf 92' lang='lat' dir='ltr'><strong>eum</strong></span> <span class='ocrx_word' id='word_1_485' title='bbox 1334 3789 1681 3854; x_wconf 88' lang='lat' dir='ltr'><strong>submoveri,</strong></span> <span class='ocrx_word' id='word_1_486' title='bbox 1711 3790 1802 3846; x_wconf 90' lang='lat' dir='ltr'><strong>ille</strong></span> <span class='ocrx_word' id='word_1_487' title='bbox 1841 3793 2048 3862; x_wconf 85' lang='lat' dir='ltr'><strong>majore</strong></span> <span class='ocrx_word' id='word_1_488' title='bbox 2089 3808 2212 3847; x_wconf 91' lang='lat' dir='ltr'><strong>cum</strong></span> <span class='ocrx_word' id='word_1_489' title='bbox 2250 3793 2450 3850; x_wconf 88' lang='lat' dir='ltr'><strong>ﬁducia</strong></span> 
     </span>
    </p>
   </div>
   <div class='ocr_carea' id='block_1_72' title="bbox 877 3877 2461 3953">
    <p class='ocr_par' dir='ltr' id='par_1_72' title="bbox 877 3877 2461 3953">
     <span class='ocr_line' id='line_1_72' title="bbox 877 3877 2461 3953; baseline 0.008 -23"><span class='ocrx_word' id='word_1_490' title='bbox 877 3877 1014 3930; x_wconf 89' lang='lat' dir='ltr'><strong>nihil</strong></span> <span class='ocrx_word' id='word_1_491' title='bbox 1053 3878 1294 3948; x_wconf 91' lang='lat' dir='ltr'><strong>amplius</strong></span> <span class='ocrx_word' id='word_1_492' title='bbox 1327 3895 1387 3934; x_wconf 89' lang='lat' dir='ltr'><strong>se</strong></span> <span class='ocrx_word' id='word_1_493' title='bbox 1423 3882 1701 3950; x_wconf 86' lang='lat' dir='ltr'><strong>postulare</strong></span> <span class='ocrx_word' id='word_1_494' title='bbox 1742 3882 1902 3948; x_wconf 78' lang='lat' dir='ltr'><strong>dixit,</strong></span> <span class='ocrx_word' id='word_1_495' title='bbox 1931 3900 2093 3953; x_wconf 88' lang='lat' dir='ltr'><strong>quam</strong></span> <span class='ocrx_word' id='word_1_496' title='bbox 2135 3895 2196 3940; x_wconf 92' lang='lat' dir='ltr'><strong>ut</strong></span> <span class='ocrx_word' id='word_1_497' title='bbox 2235 3903 2334 3942; x_wconf 90' lang='lat' dir='ltr'><strong>vos</strong></span> <span class='ocrx_word' id='word_1_498' title='bbox 2368 3887 2461 3944; x_wconf 90' lang='lat' dir='ltr'><strong>hic</strong></span> 
     </span>
    </p>
   </div>
   <div class='ocr_carea' id='block_1_73' title="bbox 875 3969 2461 4047">
    <p class='ocr_par' dir='ltr' id='par_1_73' title="bbox 875 3969 2461 4047">
     <span class='ocr_line' id='line_1_73' title="bbox 875 3969 2461 4047; baseline 0.007 -25"><span class='ocrx_word' id='word_1_499' title='bbox 875 3969 1171 4034; x_wconf 85' lang='lat' dir='ltr'><strong>adessetis;</strong></span> <span class='ocrx_word' id='word_1_500' title='bbox 1199 3986 1307 4038; x_wconf 90' lang='lat' dir='ltr'><strong>quo</strong></span> <span class='ocrx_word' id='word_1_501' title='bbox 1333 3971 1491 4025; x_wconf 81' lang='lat' dir='ltr'><strong>vobis</strong></span> <span class='ocrx_word' id='word_1_502' title='bbox 1513 3973 1896 4041; x_wconf 65' lang='lat' dir='ltr'><strong>prassentibus,</strong></span> <span class='ocrx_word' id='word_1_503' title='bbox 1923 3989 1985 4028; x_wconf 88' lang='lat' dir='ltr'><strong>ea</strong></span> <span class='ocrx_word' id='word_1_504' title='bbox 2011 3991 2132 4044; x_wconf 65' lang='lat' dir='ltr'><strong>quae</strong></span> <span class='ocrx_word' id='word_1_505' title='bbox 2163 3992 2461 4047; x_wconf 88' lang='lat' dir='ltr'><strong>perpessus</strong></span> 
     </span>
    </p>
   </div>
   <div class='ocr_carea' id='block_1_74' title="bbox 874 4062 2458 4136">
    <p class='ocr_par' dir='ltr' id='par_1_74' title="bbox 874 4062 2458 4136">
     <span class='ocr_line' id='line_1_74' title="bbox 874 4062 2458 4136; baseline 0.008 -22"><span class='ocrx_word' id='word_1_506' title='bbox 874 4071 980 4124; x_wconf 85' lang='lat' dir='ltr'><strong>est,</strong></span> <span class='ocrx_word' id='word_1_507' title='bbox 1001 4062 1326 4117; x_wconf 84' lang='lat' dir='ltr'><strong>necessitate</strong></span> <span class='ocrx_word' id='word_1_508' title='bbox 1349 4071 1593 4127; x_wconf 88' lang='lat' dir='ltr'><strong>coactus,</strong></span> <span class='ocrx_word' id='word_1_509' title='bbox 1617 4073 1803 4134; x_wconf 88' lang='lat' dir='ltr'><strong>posset</strong></span> <span class='ocrx_word' id='word_1_510' title='bbox 1825 4065 2130 4136; x_wconf 88' lang='lat' dir='ltr'><strong>deplorare.</strong></span> <span class='ocrx_word' id='word_1_511' title='bbox 2153 4068 2308 4134; x_wconf 84' lang='lat' dir='ltr'><strong>Quod</strong></span> <span class='ocrx_word' id='word_1_512' title='bbox 2332 4086 2458 4127; x_wconf 92' lang='lat' dir='ltr'><strong>cum</strong></span> 
     </span>
    </p>
   </div>
   <div class='ocr_carea' id='block_1_75' title="bbox 878 4153 2456 4229">
    <p class='ocr_par' dir='ltr' id='par_1_75' title="bbox 878 4153 2456 4229">
     <span class='ocr_line' id='line_1_75' title="bbox 878 4153 2456 4229; baseline 0.008 -24"><span class='ocrx_word' id='word_1_513' title='bbox 878 4153 1012 4206; x_wconf 90' lang='lat' dir='ltr'><strong>mihi</strong></span> <span class='ocrx_word' id='word_1_514' title='bbox 1038 4170 1256 4224; x_wconf 59' lang='lat' dir='ltr'><strong>aequum</strong></span> <span class='ocrx_word' id='word_1_515' title='bbox 1295 4155 1350 4210; x_wconf 91' lang='lat' dir='ltr'><strong>in</strong></span> <span class='ocrx_word' id='word_1_516' title='bbox 1389 4155 1587 4225; x_wconf 90' lang='lat' dir='ltr'><strong>primis</strong></span> <span class='ocrx_word' id='word_1_517' title='bbox 1621 4166 1678 4211; x_wconf 87' lang='lat' dir='ltr'><strong>et</strong></span> <span class='ocrx_word' id='word_1_518' title='bbox 1719 4160 2060 4229; x_wconf 87' lang='lat' dir='ltr'><strong>temporibus</strong></span> <span class='ocrx_word' id='word_1_519' title='bbox 2085 4163 2287 4217; x_wconf 89' lang='lat' dir='ltr'><strong>nostris</strong></span> <span class='ocrx_word' id='word_1_520' title='bbox 2323 4179 2456 4220; x_wconf 88' lang='lat' dir='ltr'><strong>con-</strong></span> 
     </span>
    </p>
   </div>
   <div class='ocr_carea' id='block_1_76' title="bbox 876 4245 2458 4311">
    <p class='ocr_par' dir='ltr' id='par_1_76' title="bbox 876 4245 2458 4311">
     <span class='ocr_line' id='line_1_76' title="bbox 876 4245 2458 4311; baseline 0.008 -16"><span class='ocrx_word' id='word_1_521' title='bbox 876 4260 1073 4311; x_wconf 83' lang='lat' dir='ltr'><strong>gruum</strong></span> <span class='ocrx_word' id='word_1_522' title='bbox 1097 4260 1218 4298; x_wconf 89' lang='lat' dir='ltr'><strong>esse</strong></span> <span class='ocrx_word' id='word_1_523' title='bbox 1241 4245 1514 4310; x_wconf 85' lang='lat' dir='ltr'><strong>videatur,</strong></span> <span class='ocrx_word' id='word_1_524' title='bbox 1543 4246 1658 4302; x_wconf 77' lang='lat' dir='ltr'><strong>lucc</strong></span> <span class='ocrx_word' id='word_1_525' title='bbox 1680 4247 1746 4301; x_wconf 90' lang='lat' dir='ltr'><strong>ad</strong></span> <span class='ocrx_word' id='word_1_526' title='bbox 1771 4264 1869 4304; x_wconf 85' lang='lat' dir='ltr'><strong>vos</strong></span> <span class='ocrx_word' id='word_1_527' title='bbox 1889 4249 2081 4304; x_wconf 89' lang='lat' dir='ltr'><strong>libenti</strong></span> <span class='ocrx_word' id='word_1_528' title='bbox 2116 4251 2298 4306; x_wconf 89' lang='lat' dir='ltr'><strong>animo</strong></span> <span class='ocrx_word' id='word_1_529' title='bbox 2321 4254 2458 4307; x_wconf 87' lang='lat' dir='ltr'><strong>seri-</strong></span> 
     </span>
    </p>
   </div>
   <div class='ocr_carea' id='block_1_77' title="bbox 879 4337 2458 4410">
    <p class='ocr_par' dir='ltr' id='par_1_77' title="bbox 879 4337 2458 4410">
     <span class='ocr_line' id='line_1_77' title="bbox 879 4337 2458 4410; baseline 0.008 -20"><span class='ocrx_word' id='word_1_530' title='bbox 879 4337 1052 4390; x_wconf 86' lang='lat' dir='ltr'><strong>henda</strong></span> <span class='ocrx_word' id='word_1_531' title='bbox 1079 4337 1290 4402; x_wconf 88' lang='lat' dir='ltr'><strong>curavi,</strong></span> <span class='ocrx_word' id='word_1_532' title='bbox 1320 4347 1382 4392; x_wconf 91' lang='lat' dir='ltr'><strong>ut</strong></span> <span class='ocrx_word' id='word_1_533' title='bbox 1404 4355 1594 4394; x_wconf 89' lang='lat' dir='ltr'><strong>onmcs</strong></span> <span class='ocrx_word' id='word_1_534' title='bbox 1616 4339 1708 4410; x_wconf 88' lang='lat' dir='ltr'><strong>qui</strong></span> <span class='ocrx_word' id='word_1_535' title='bbox 1737 4342 1804 4394; x_wconf 92' lang='lat' dir='ltr'><strong>ad</strong></span> <span class='ocrx_word' id='word_1_536' title='bbox 1829 4343 2124 4397; x_wconf 86' lang='lat' dir='ltr'><strong>concilium</strong></span> <span class='ocrx_word' id='word_1_537' title='bbox 2158 4344 2212 4397; x_wconf 92' lang='lat' dir='ltr'><strong>in</strong></span> <span class='ocrx_word' id='word_1_538' title='bbox 2239 4346 2458 4402; x_wconf 88' lang='lat' dir='ltr'><strong>civitate</strong></span> 
     </span>
    </p>
   </div>
   <div class='ocr_carea' id='block_1_78' title="bbox 878 4428 2458 4498">
    <p class='ocr_par' dir='ltr' id='par_1_78' title="bbox 878 4428 2458 4498">
     <span class='ocr_line' id='line_1_78' title="bbox 878 4428 2458 4498; baseline 0.008 -17"><span class='ocrx_word' id='word_1_539' title='bbox 878 4428 1021 4498; x_wconf 74' lang='lat' dir='ltr'><strong>Tyro</strong></span> <span class='ocrx_word' id='word_1_540' title='bbox 1066 4429 1420 4493; x_wconf 81' lang='lat' dir='ltr'><strong>convenistis,</strong></span> <span class='ocrx_word' id='word_1_541' title='bbox 1447 4431 1513 4484; x_wconf 88' lang='lat' dir='ltr'><strong>ad</strong></span> <span class='ocrx_word' id='word_1_542' title='bbox 1553 4433 1871 4486; x_wconf 88' lang='lat' dir='ltr'><strong>comitatum</strong></span> <span class='ocrx_word' id='word_1_543' title='bbox 1913 4434 2217 4491; x_wconf 70' lang='lat' dir='ltr'><strong>clementia:</strong></span> <span class='ocrx_word' id='word_1_544' title='bbox 2257 4448 2458 4493; x_wconf 67' lang='lat' dir='ltr'><strong>nostra:</strong></span> 
     </span>
    </p>
   </div>
   <div class='ocr_carea' id='block_1_79' title="bbox 875 4523 2458 4600">
    <p class='ocr_par' dir='ltr' id='par_1_79' title="bbox 875 4523 2458 4600">
     <span class='ocr_line' id='line_1_79' title="bbox 875 4523 2458 4600; baseline 0.008 -25"><span class='ocrx_word' id='word_1_545' title='bbox 875 4523 1082 4590; x_wconf 84' lang='lat' dir='ltr'><strong>absque</strong></span> <span class='ocrx_word' id='word_1_546' title='bbox 1125 4523 1232 4576; x_wconf 90' lang='lat' dir='ltr'><strong>ulla</strong></span> <span class='ocrx_word' id='word_1_547' title='bbox 1274 4523 1536 4578; x_wconf 88' lang='lat' dir='ltr'><strong>dilatione</strong></span> <span class='ocrx_word' id='word_1_548' title='bbox 1577 4527 1888 4596; x_wconf 88' lang='lat' dir='ltr'><strong>properetis</strong></span> <span class='ocrx_word' id='word_1_549' title='bbox 1915 4568 1930 4590; x_wconf 88' lang='lat'><strong>,</strong></span> <span class='ocrx_word' id='word_1_550' title='bbox 1983 4528 2353 4600; x_wconf 81' lang='lat' dir='ltr'><strong>integritatem</strong></span> <span class='ocrx_word' id='word_1_551' title='bbox 2393 4548 2458 4587; x_wconf 87' lang='lat' dir='ltr'><strong>ac</strong></span> 
     </span>
    </p>
   </div>
   <div class='ocr_carea' id='block_1_80' title="bbox 2561 3346 4137 3424">
    <p class='ocr_par' dir='ltr' id='par_1_80' title="bbox 2561 3346 4137 3424">
     <span class='ocr_line' id='line_1_80' title="bbox 2561 3346 4137 3424; baseline 0.003 -23"><span class='ocrx_word' id='word_1_552' title='bbox 2561 3349 2671 3412; x_wconf 83' lang='grc' dir='ltr'><strong>νὲς,</strong></span> <span class='ocrx_word' id='word_1_553' title='bbox 2706 3351 2803 3403; x_wconf 74' lang='grc' dir='ltr'><strong>καὶ</strong></span> <span class='ocrx_word' id='word_1_554' title='bbox 2837 3351 2987 3413; x_wconf 79' lang='grc' dir='ltr'><strong>ὅστις</strong></span> <span class='ocrx_word' id='word_1_555' title='bbox 3025 3346 3114 3421; x_wconf 79' lang='grc' dir='ltr'><strong>ἦν,</strong></span> <span class='ocrx_word' id='word_1_556' title='bbox 3153 3353 3249 3405; x_wconf 76' lang='grc' dir='ltr'><strong>καὶ</strong></span> <span class='ocrx_word' id='word_1_557' title='bbox 3301 3353 3400 3424; x_wconf 79' lang='grc' dir='ltr'><strong>τὴν</strong></span> <span class='ocrx_word' id='word_1_558' title='bbox 3437 3352 3652 3407; x_wconf 80' lang='grc' dir='ltr'><strong>ἀδικίαν</strong></span> <span class='ocrx_word' id='word_1_559' title='bbox 3677 3355 3744 3424; x_wconf 75' lang='grc' dir='ltr'><strong>ἢν</strong></span> <span class='ocrx_word' id='word_1_560' title='bbox 3772 3355 4026 3411; x_wconf 82' lang='grc' dir='ltr'><strong>πέπονθε.</strong></span> <span class='ocrx_word' id='word_1_561' title='bbox 4058 3356 4137 3408; x_wconf 81' lang='grc' dir='ltr'><strong>δι-</strong></span> 
     </span>
    </p>
   </div>
   <div class='ocr_carea' id='block_1_81' title="bbox 2559 3440 4138 3514">
    <p class='ocr_par' dir='ltr' id='par_1_81' title="bbox 2559 3440 4138 3514">
     <span class='ocr_line' id='line_1_81' title="bbox 2559 3440 4138 3514; baseline 0.002 -21"><span class='ocrx_word' id='word_1_562' title='bbox 2559 3440 2890 3511; x_wconf 83' lang='grc' dir='ltr'><strong>ηγήσασθαι,</strong></span> <span class='ocrx_word' id='word_1_563' title='bbox 2915 3441 3358 3513; x_wconf 82' lang='grc' dir='ltr'><strong>πυνθανομένοις,</strong></span> <span class='ocrx_word' id='word_1_564' title='bbox 3389 3442 3580 3514; x_wconf 82' lang='grc' dir='ltr'><strong>ὥσπερ</strong></span> <span class='ocrx_word' id='word_1_565' title='bbox 3615 3444 3783 3509; x_wconf 81' lang='grc' dir='ltr'><strong>είκὸς,</strong></span> <span class='ocrx_word' id='word_1_566' title='bbox 3813 3447 4138 3513; x_wconf 72' lang='grc' dir='ltr'><strong>ἀνήγγειλαν</strong></span> 
     </span>
    </p>
   </div>
   <div class='ocr_carea' id='block_1_82' title="bbox 2561 3530 4140 3607">
    <p class='ocr_par' dir='ltr' id='par_1_82' title="bbox 2561 3530 4140 3607">
     <span class='ocr_line' id='line_1_82' title="bbox 2561 3530 4140 3607; baseline -0.001 -16"><span class='ocrx_word' id='word_1_567' title='bbox 2561 3533 2714 3603; x_wconf 77' lang='grc' dir='ltr'><strong>ἡμῖν.</strong></span> <span class='ocrx_word' id='word_1_568' title='bbox 2763 3532 2905 3602; x_wconf 86' lang='grc' dir='ltr'><strong>Ἐγὼ</strong></span> <span class='ocrx_word' id='word_1_569' title='bbox 2930 3534 3030 3604; x_wconf 88' lang='grc' dir='ltr'><strong>μὲν</strong></span> <span class='ocrx_word' id='word_1_570' title='bbox 3060 3530 3153 3588; x_wconf 83' lang='grc' dir='ltr'><strong>οὖν</strong></span> <span class='ocrx_word' id='word_1_571' title='bbox 3182 3534 3306 3588; x_wconf 75' lang='grc' dir='ltr'><strong>οὔτε</strong></span> <span class='ocrx_word' id='word_1_572' title='bbox 3340 3535 3620 3607; x_wconf 76' lang='grc' dir='ltr'><strong>διελέχθην</strong></span> <span class='ocrx_word' id='word_1_573' title='bbox 3643 3538 3792 3606; x_wconf 85' lang='grc' dir='ltr'><strong>αὑτῴ</strong></span> <span class='ocrx_word' id='word_1_574' title='bbox 3815 3537 3936 3590; x_wconf 86' lang='grc' dir='ltr'><strong>κατ’</strong></span> <span class='ocrx_word' id='word_1_575' title='bbox 3964 3540 4140 3590; x_wconf 86' lang='grc' dir='ltr'><strong>ἐκεῖνο</strong></span> 
     </span>
    </p>
   </div>
   <div class='ocr_carea' id='block_1_83' title="bbox 2561 3624 4139 3700">
    <p class='ocr_par' dir='ltr' id='par_1_83' title="bbox 2561 3624 4139 3700">
     <span class='ocr_line' id='line_1_83' title="bbox 2561 3624 4139 3700; baseline 0.003 -23"><span class='ocrx_word' id='word_1_576' title='bbox 2561 3625 2776 3695; x_wconf 84' lang='grc' dir='ltr'><strong>καιροῦ,</strong></span> <span class='ocrx_word' id='word_1_577' title='bbox 2806 3624 2929 3678; x_wconf 78' lang='grc' dir='ltr'><strong>οὔτε</strong></span> <span class='ocrx_word' id='word_1_578' title='bbox 2953 3626 3173 3697; x_wconf 84' lang='grc' dir='ltr'><strong>ὁμιλίας</strong></span> <span class='ocrx_word' id='word_1_579' title='bbox 3201 3625 3559 3698; x_wconf 80' lang='grc' dir='ltr'><strong>ἐκοινώνησα.</strong></span> <span class='ocrx_word' id='word_1_580' title='bbox 3594 3629 3682 3693; x_wconf 84' lang='grc' dir='ltr'><strong>Ὠς</strong></span> <span class='ocrx_word' id='word_1_581' title='bbox 3714 3629 3770 3682; x_wconf 84' lang='grc' dir='ltr'><strong>δὲ</strong></span> <span class='ocrx_word' id='word_1_582' title='bbox 3803 3630 4009 3692; x_wconf 87' lang='grc' dir='ltr'><strong>ἐκεῖνος</strong></span> <span class='ocrx_word' id='word_1_583' title='bbox 4040 3629 4139 3700; x_wconf 80' lang='grc' dir='ltr'><strong>μὲν</strong></span> 
     </span>
    </p>
   </div>
   <div class='ocr_carea' id='block_1_84' title="bbox 2560 3718 4138 3792">
    <p class='ocr_par' dir='ltr' id='par_1_84' title="bbox 2560 3718 4138 3792">
     <span class='ocr_line' id='line_1_84' title="bbox 2560 3718 4138 3792; baseline 0.001 -21"><span class='ocrx_word' id='word_1_584' title='bbox 2560 3718 2891 3786; x_wconf 83' lang='grc' dir='ltr'><strong>ἀκουσθῆναι</strong></span> <span class='ocrx_word' id='word_1_585' title='bbox 2923 3719 3098 3788; x_wconf 79' lang='grc' dir='ltr'><strong>ἠξίου,</strong></span> <span class='ocrx_word' id='word_1_586' title='bbox 3145 3719 3255 3787; x_wconf 80' lang='grc' dir='ltr'><strong>ἐγὼ</strong></span> <span class='ocrx_word' id='word_1_587' title='bbox 3284 3720 3341 3771; x_wconf 83' lang='grc' dir='ltr'><strong>δὲ</strong></span> <span class='ocrx_word' id='word_1_588' title='bbox 3375 3720 3755 3792; x_wconf 80' lang='grc' dir='ltr'><strong>παρῃτούμην,</strong></span> <span class='ocrx_word' id='word_1_589' title='bbox 3805 3723 3898 3774; x_wconf 74' lang='grc' dir='ltr'><strong>καὶ</strong></span> <span class='ocrx_word' id='word_1_590' title='bbox 3941 3721 4138 3792; x_wconf 79' lang='grc' dir='ltr'><strong>μικροῦ</strong></span> 
     </span>
    </p>
   </div>
   <div class='ocr_carea' id='block_1_85' title="bbox 2558 3809 4136 3883">
    <p class='ocr_par' dir='ltr' id='par_1_85' title="bbox 2558 3809 4136 3883">
     <span class='ocr_line' id='line_1_85' title="bbox 2558 3809 4136 3883; baseline 0.002 -21"><span class='ocrx_word' id='word_1_591' title='bbox 2558 3810 2667 3863; x_wconf 86' lang='grc' dir='ltr'><strong>δεῖν</strong></span> <span class='ocrx_word' id='word_1_592' title='bbox 2696 3809 3022 3863; x_wconf 81' lang='grc' dir='ltr'><strong>ἀπελαύνειν</strong></span> <span class='ocrx_word' id='word_1_593' title='bbox 3049 3810 3213 3864; x_wconf 80' lang='grc' dir='ltr'><strong>αὐτὸν</strong></span> <span class='ocrx_word' id='word_1_594' title='bbox 3241 3812 3515 3876; x_wconf 80' lang='grc' dir='ltr'><strong>ἐκέλευον,</strong></span> <span class='ocrx_word' id='word_1_595' title='bbox 3556 3813 3695 3883; x_wconf 81' lang='grc' dir='ltr'><strong>μετά</strong></span> <span class='ocrx_word' id='word_1_596' title='bbox 3717 3813 3964 3875; x_wconf 85' lang='grc' dir='ltr'><strong>πλείονος</strong></span> <span class='ocrx_word' id='word_1_597' title='bbox 3994 3814 4136 3883; x_wconf 73' lang='grc' dir='ltr'><strong>παῤ-</strong></span> 
     </span>
    </p>
   </div>
   <div class='ocr_carea' id='block_1_86' title="bbox 3439 3901 3730 3921">
    <p class='ocr_par' dir='ltr' id='par_1_86' title="bbox 3439 3901 3730 3921">
     <span class='ocr_line' id='line_1_86' title="bbox 3439 3901 3730 3921; baseline 0.007 -2"><span class='ocrx_word' id='word_1_598' title='bbox 3439 3901 3462 3912; x_wconf 83' lang='grc'><strong>”⁸</strong></span> <span class='ocrx_word' id='word_1_599' title='bbox 3535 3902 3555 3920; x_wconf 62' lang='grc' dir='ltr'><strong><em>η</em></strong></span> <span class='ocrx_word' id='word_1_600' title='bbox 3603 3903 3647 3921; x_wconf 52' lang='lat'><strong>,3,</strong></span> <span class='ocrx_word' id='word_1_601' title='bbox 3717 3903 3730 3921; x_wconf 69' lang='grc'>1</span> 
     </span>
    </p>
   </div>
   <div class='ocr_carea' id='block_1_87' title="bbox 2561 3989 4136 4064">
    <p class='ocr_par' dir='ltr' id='par_1_87' title="bbox 2561 3989 4136 4064">
     <span class='ocr_line' id='line_1_87' title="bbox 2561 3989 4136 4064; baseline 0.001 -21"><span class='ocrx_word' id='word_1_602' title='bbox 2561 3989 2644 4054; x_wconf 84' lang='grc' dir='ltr'><strong>ξιν</strong></span> <span class='ocrx_word' id='word_1_603' title='bbox 2669 3991 2901 4062; x_wconf 78' lang='grc' dir='ltr'><strong>ἠξίωσεν</strong></span> <span class='ocrx_word' id='word_1_604' title='bbox 2928 3992 3193 4063; x_wconf 83' lang='grc' dir='ltr'><strong>ὑπάρξαι,</strong></span> <span class='ocrx_word' id='word_1_605' title='bbox 3233 3993 3321 4046; x_wconf 81' lang='grc' dir='ltr'><strong>ἵνα</strong></span> <span class='ocrx_word' id='word_1_606' title='bbox 3349 3994 3505 4064; x_wconf 81' lang='grc' dir='ltr'><strong>ὑμῶν</strong></span> <span class='ocrx_word' id='word_1_607' title='bbox 3539 3995 3847 4064; x_wconf 81' lang='grc' dir='ltr'><strong>παρόντων,</strong></span> <span class='ocrx_word' id='word_1_608' title='bbox 3879 3995 3914 4048; x_wconf 81' lang='grc' dir='ltr'><strong>ὃ.</strong></span> <span class='ocrx_word' id='word_1_609' title='bbox 3939 3995 4136 4047; x_wconf 78' lang='grc' dir='ltr'><strong>πέπον-</strong></span> 
     </span>
    </p>
   </div>
   <div class='ocr_carea' id='block_1_88' title="bbox 2560 4081 4138 4158">
    <p class='ocr_par' dir='ltr' id='par_1_88' title="bbox 2560 4081 4138 4158">
     <span class='ocr_line' id='line_1_88' title="bbox 2560 4081 4138 4158; baseline 0.003 -24"><span class='ocrx_word' id='word_1_610' title='bbox 2560 4081 2653 4135; x_wconf 88' lang='grc' dir='ltr'><strong>θεν</strong></span> <span class='ocrx_word' id='word_1_611' title='bbox 2701 4083 3014 4152; x_wconf 84' lang='grc' dir='ltr'><strong>ἀναγκαίως</strong></span> <span class='ocrx_word' id='word_1_612' title='bbox 3045 4085 3422 4155; x_wconf 74' lang='grc' dir='ltr'><strong>ἀποδύρασθαι</strong></span> <span class='ocrx_word' id='word_1_613' title='bbox 3466 4086 3690 4158; x_wconf 75' lang='grc' dir='ltr'><strong>δυνηθῇ.</strong></span> <span class='ocrx_word' id='word_1_614' title='bbox 3733 4085 3895 4139; x_wconf 88' lang='grc' dir='ltr'><strong>Ὅθεν</strong></span> <span class='ocrx_word' id='word_1_615' title='bbox 3949 4085 4138 4156; x_wconf 77' lang='grc' dir='ltr'><strong>ἐπειδὴ</strong></span> 
     </span>
    </p>
   </div>
   <div class='ocr_carea' id='block_1_89' title="bbox 2559 4173 4135 4249">
    <p class='ocr_par' dir='ltr' id='par_1_89' title="bbox 2559 4173 4135 4249">
     <span class='ocr_line' id='line_1_89' title="bbox 2559 4173 4135 4249; baseline 0.003 -22"><span class='ocrx_word' id='word_1_616' title='bbox 2559 4175 2781 4243; x_wconf 72' lang='grc' dir='ltr'><strong>εΰλογόν</strong></span> <span class='ocrx_word' id='word_1_617' title='bbox 2811 4194 2902 4244; x_wconf 79' lang='grc' dir='ltr'><strong>μοι</strong></span> <span class='ocrx_word' id='word_1_618' title='bbox 2927 4173 3068 4230; x_wconf 82' lang='grc' dir='ltr'><strong>εἶναι</strong></span> <span class='ocrx_word' id='word_1_619' title='bbox 3109 4177 3383 4247; x_wconf 81' lang='grc' dir='ltr'><strong>φαίνεται,</strong></span> <span class='ocrx_word' id='word_1_620' title='bbox 3416 4178 3647 4241; x_wconf 77' lang='grc' dir='ltr'><strong>καὶτοῖς</strong></span> <span class='ocrx_word' id='word_1_621' title='bbox 3681 4181 3892 4249; x_wconf 87' lang='grc' dir='ltr'><strong>καιροῖς</strong></span> <span class='ocrx_word' id='word_1_622' title='bbox 3925 4179 4135 4247; x_wconf 77' lang='grc' dir='ltr'><strong>πρέπον</strong></span> 
     </span>
    </p>
   </div>
   <div class='ocr_carea' id='block_1_90' title="bbox 2561 4268 4136 4345">
    <p class='ocr_par' dir='ltr' id='par_1_90' title="bbox 2561 4268 4136 4345">
     <span class='ocr_line' id='line_1_90' title="bbox 2561 4268 4136 4345; baseline 0.004 -24"><span class='ocrx_word' id='word_1_623' title='bbox 2561 4268 2978 4336; x_wconf 73' lang='grc' dir='ltr'><strong>καταφαίνεται,</strong></span> <span class='ocrx_word' id='word_1_624' title='bbox 3009 4272 3262 4337; x_wconf 85' lang='grc' dir='ltr'><strong>ἀσμένως</strong></span> <span class='ocrx_word' id='word_1_625' title='bbox 3291 4271 3464 4324; x_wconf 85' lang='grc' dir='ltr'><strong>ταῦτα</strong></span> <span class='ocrx_word' id='word_1_626' title='bbox 3493 4273 3771 4344; x_wconf 72' lang='grc' dir='ltr'><strong>γραφῆναι</strong></span> <span class='ocrx_word' id='word_1_627' title='bbox 3815 4274 3951 4345; x_wconf 70' lang='grc' dir='ltr'><strong>πρὸς</strong></span> <span class='ocrx_word' id='word_1_628' title='bbox 3992 4275 4136 4344; x_wconf 70' lang='grc' dir='ltr'><strong>ὑμᾶς</strong></span> 
     </span>
    </p>
   </div>
   <div class='ocr_carea' id='block_1_91' title="bbox 2560 4359 4137 4438">
    <p class='ocr_par' dir='ltr' id='par_1_91' title="bbox 2560 4359 4137 4438">
     <span class='ocr_line' id='line_1_91' title="bbox 2560 4359 4137 4438; baseline 0.004 -27"><span class='ocrx_word' id='word_1_629' title='bbox 2560 4359 2892 4431; x_wconf 81' lang='grc' dir='ltr'><strong>προσέταξα,</strong></span> <span class='ocrx_word' id='word_1_630' title='bbox 2919 4361 3006 4414; x_wconf 87' lang='grc' dir='ltr'><strong>ἴνα</strong></span> <span class='ocrx_word' id='word_1_631' title='bbox 3031 4362 3230 4426; x_wconf 83' lang='grc' dir='ltr'><strong>πάντες</strong></span> <span class='ocrx_word' id='word_1_632' title='bbox 3261 4363 3376 4416; x_wconf 85' lang='grc' dir='ltr'><strong>ὅσοι</strong></span> <span class='ocrx_word' id='word_1_633' title='bbox 3400 4365 3497 4434; x_wconf 78' lang='grc' dir='ltr'><strong>τὴν</strong></span> <span class='ocrx_word' id='word_1_634' title='bbox 3533 4365 3750 4418; x_wconf 81' lang='grc' dir='ltr'><strong>σύνοδον</strong></span> <span class='ocrx_word' id='word_1_635' title='bbox 3778 4367 3876 4438; x_wconf 78' lang='grc' dir='ltr'><strong>τὴν</strong></span> <span class='ocrx_word' id='word_1_636' title='bbox 3899 4369 3956 4419; x_wconf 87' lang='grc' dir='ltr'><strong>ἐν</strong></span> <span class='ocrx_word' id='word_1_637' title='bbox 3975 4368 4137 4437; x_wconf 78' lang='grc' dir='ltr'><strong>Τύρῳ</strong></span> 
     </span>
    </p>
   </div>
   <div class='ocr_carea' id='block_1_92' title="bbox 2559 4451 4137 4531">
    <p class='ocr_par' dir='ltr' id='par_1_92' title="bbox 2559 4451 4137 4531">
     <span class='ocr_line' id='line_1_92' title="bbox 2559 4451 4137 4531; baseline 0.007 -29"><span class='ocrx_word' id='word_1_638' title='bbox 2559 4451 2856 4522; x_wconf 78' lang='grc' dir='ltr'><strong>γενομένην</strong></span> <span class='ocrx_word' id='word_1_639' title='bbox 2896 4453 3347 4523; x_wconf 87' lang='grc' dir='ltr'><strong>ἀνεπληρώσατε,</strong></span> <span class='ocrx_word' id='word_1_640' title='bbox 3382 4455 3765 4526; x_wconf 82' lang='grc' dir='ltr'><strong>ἀνυπερθέτως</strong></span> <span class='ocrx_word' id='word_1_641' title='bbox 3789 4460 3869 4522; x_wconf 85' lang='grc' dir='ltr'><strong>εἰς</strong></span> <span class='ocrx_word' id='word_1_642' title='bbox 3894 4459 3954 4512; x_wconf 80' lang='grc' dir='ltr'><strong>τὸ</strong></span> <span class='ocrx_word' id='word_1_643' title='bbox 3982 4479 4137 4531; x_wconf 85' lang='grc' dir='ltr'><strong>στρα-</strong></span> 
     </span>
    </p>
   </div>
   <div class='ocr_carea' id='block_1_93' title="bbox 2561 4542 4136 4622">
    <p class='ocr_par' dir='ltr' id='par_1_93' title="bbox 2561 4542 4136 4622">
     <span class='ocr_line' id='line_1_93' title="bbox 2561 4542 4136 4622; baseline 0.007 -29"><span class='ocrx_word' id='word_1_644' title='bbox 2561 4542 2782 4594; x_wconf 84' lang='grc' dir='ltr'><strong>τόπεδον</strong></span> <span class='ocrx_word' id='word_1_645' title='bbox 2798 4543 3182 4616; x_wconf 80' lang='grc' dir='ltr'><strong>τῆςὴμετέρας</strong></span> <span class='ocrx_word' id='word_1_646' title='bbox 3200 4546 3482 4610; x_wconf 75' lang='grc' dir='ltr'><strong>εὐσεϐείας</strong></span> <span class='ocrx_word' id='word_1_647' title='bbox 3501 4548 3812 4619; x_wconf 82' lang='grc' dir='ltr'><strong>ἐπειχθῆτε,</strong></span> <span class='ocrx_word' id='word_1_648' title='bbox 3825 4553 3936 4614; x_wconf 88' lang='grc' dir='ltr'><strong>τοῖς</strong></span> <span class='ocrx_word' id='word_1_649' title='bbox 3954 4552 4136 4622; x_wconf 84' lang='grc' dir='ltr'><strong>ἔργοις</strong></span> 
     </span>
    </p>
   </div>
   <div class='ocr_carea' id='block_1_94' title="bbox 877 4608 2663 4715">
    <p class='ocr_par' dir='ltr' id='par_1_94' title="bbox 877 4608 2663 4690">
     <span class='ocr_line' id='line_1_94' title="bbox 877 4608 2663 4690; baseline 0.011 -24"><span class='ocrx_word' id='word_1_650' title='bbox 877 4614 1250 4668; x_wconf 76' lang='lat' dir='ltr'><strong>sinceritatem</strong></span> <span class='ocrx_word' id='word_1_651' title='bbox 1313 4616 1508 4686; x_wconf 86' lang='lat' dir='ltr'><strong>judieii</strong></span> <span class='ocrx_word' id='word_1_652' title='bbox 1548 4619 1716 4672; x_wconf 86' lang='lat' dir='ltr'><strong>vestri</strong></span> <span class='ocrx_word' id='word_1_653' title='bbox 1769 4619 1936 4674; x_wconf 90' lang='lat' dir='ltr'><strong>rebus</strong></span> <span class='ocrx_word' id='word_1_654' title='bbox 1982 4620 2115 4690; x_wconf 90' lang='lat' dir='ltr'><strong>ipsis</strong></span> <span class='ocrx_word' id='word_1_655' title='bbox 2157 4625 2456 4690; x_wconf 90' lang='lat' dir='ltr'><strong>ostensuri,</strong></span> <span class='ocrx_word' id='word_1_656' title='bbox 2493 4608 2533 4662; x_wconf 76' lang='grc' dir='ltr'>ο</span> <span class='ocrx_word' id='word_1_657' title='bbox 2562 4633 2663 4686; x_wconf 78' lang='grc' dir='ltr'><strong>αὐτ</strong></span> 
     </span>
    </p>
   </div>
   <div class='ocr_carea' id='block_1_95' title="bbox 2348 4608 4134 4715">
    <p class='ocr_par' dir='ltr' id='par_1_95' title="bbox 2349 4608 4134 4715">
     <span class='ocr_line' id='line_1_95' title="bbox 2349 4608 4134 4715; baseline 0.012 -38"><span class='ocrx_word' id='word_1_658' title='bbox 2349 4625 2456 4690; x_wconf 88' lang='lat' dir='ltr'><strong>uri,</strong></span> <span class='ocrx_word' id='word_1_659' title='bbox 2493 4608 2533 4662; x_wconf 74' lang='grc' dir='ltr'>ο</span> <span class='ocrx_word' id='word_1_660' title='bbox 2562 4633 2744 4696; x_wconf 78' lang='grc' dir='ltr'><strong>αὐτοῖς</strong></span> <span class='ocrx_word' id='word_1_661' title='bbox 2766 4608 3123 4700; x_wconf 67' lang='grc' dir='ltr'><strong>ἐπιδείξοντες</strong></span> <span class='ocrx_word' id='word_1_662' title='bbox 3138 4608 3200 4689; x_wconf 75' lang='grc' dir='ltr'><strong>τδ</strong></span> <span class='ocrx_word' id='word_1_663' title='bbox 3226 4639 3324 4708; x_wconf 84' lang='grc' dir='ltr'><strong>τῆς</strong></span> <span class='ocrx_word' id='word_1_664' title='bbox 3351 4608 3872 4711; x_wconf 48' lang='grc' dir='ltr'><strong>ὑμετέρας-’κρίσεως</strong></span> 
     </span>
    </p>
   </div>
   <div class='ocr_carea' id='block_1_96' title="bbox 881 4707 2454 4782">
    <p class='ocr_par' dir='ltr' id='par_1_96' title="bbox 881 4707 2454 4782">
     <span class='ocr_line' id='line_1_96' title="bbox 881 4707 2454 4782; baseline 0.008 -24"><span class='ocrx_word' id='word_1_665' title='bbox 881 4707 1044 4775; x_wconf 86' lang='lat' dir='ltr'><strong>idque</strong></span> <span class='ocrx_word' id='word_1_666' title='bbox 1068 4724 1252 4760; x_wconf 88' lang='lat' dir='ltr'><strong>coram</strong></span> <span class='ocrx_word' id='word_1_667' title='bbox 1280 4724 1386 4772; x_wconf 90' lang='lat' dir='ltr'><strong>me,</strong></span> <span class='ocrx_word' id='word_1_668' title='bbox 1410 4725 1573 4778; x_wconf 86' lang='lat' dir='ltr'><strong>quem</strong></span> <span class='ocrx_word' id='word_1_669' title='bbox 1600 4711 1878 4766; x_wconf 85' lang='lat' dir='ltr'><strong>sincerum</strong></span> <span class='ocrx_word' id='word_1_670' title='bbox 1907 4728 2027 4768; x_wconf 90' lang='lat' dir='ltr'><strong>esse</strong></span> <span class='ocrx_word' id='word_1_671' title='bbox 2051 4714 2311 4770; x_wconf 84' lang='lat' dir='ltr'><strong>famulum</strong></span> <span class='ocrx_word' id='word_1_672' title='bbox 2337 4718 2454 4782; x_wconf 88' lang='lat' dir='ltr'><strong>Dei,</strong></span> 
     </span>
    </p>
   </div>
   <div class='ocr_carea' id='block_1_97' title="bbox 877 4797 2455 4874">
    <p class='ocr_par' dir='ltr' id='par_1_97' title="bbox 877 4797 2455 4874">
     <span class='ocr_line' id='line_1_97' title="bbox 877 4797 2455 4874; baseline 0.008 -26"><span class='ocrx_word' id='word_1_673' title='bbox 877 4811 943 4848; x_wconf 91' lang='lat' dir='ltr'><strong>ne</strong></span> <span class='ocrx_word' id='word_1_674' title='bbox 967 4811 1064 4850; x_wconf 82' lang='lat' dir='ltr'><strong>vos</strong></span> <span class='ocrx_word' id='word_1_675' title='bbox 1078 4797 1303 4865; x_wconf 90' lang='lat' dir='ltr'><strong>quidem</strong></span> <span class='ocrx_word' id='word_1_676' title='bbox 1331 4797 1434 4867; x_wconf 87' lang='lat' dir='ltr'><strong>ipsi</strong></span> <span class='ocrx_word' id='word_1_677' title='bbox 1453 4799 1682 4856; x_wconf 80' lang='lat' dir='ltr'><strong>inliciari</strong></span> <span class='ocrx_word' id='word_1_678' title='bbox 1705 4801 1952 4870; x_wconf 86' lang='lat' dir='ltr'><strong>potestis.</strong></span> <span class='ocrx_word' id='word_1_679' title='bbox 1970 4801 2131 4857; x_wconf 89' lang='lat' dir='ltr'><strong>Certe</strong></span> <span class='ocrx_word' id='word_1_680' title='bbox 2151 4820 2248 4874; x_wconf 90' lang='lat' dir='ltr'><strong>per</strong></span> <span class='ocrx_word' id='word_1_681' title='bbox 2272 4822 2455 4861; x_wconf 89' lang='lat' dir='ltr'><strong>meum</strong></span> 
     </span>
    </p>
   </div>
   <div class='ocr_carea' id='block_1_98' title="bbox 877 4887 2452 4968">
    <p class='ocr_par' dir='ltr' id='par_1_98' title="bbox 877 4887 2452 4968">
     <span class='ocr_line' id='line_1_98' title="bbox 877 4887 2452 4968; baseline 0.011 -29"><span class='ocrx_word' id='word_1_682' title='bbox 877 4903 1006 4956; x_wconf 85' lang='lat' dir='ltr'><strong>erga</strong></span> <span class='ocrx_word' id='word_1_683' title='bbox 1047 4887 1294 4942; x_wconf 78' lang='lat' dir='ltr'><strong>divinum</strong></span> <span class='ocrx_word' id='word_1_684' title='bbox 1343 4905 1549 4946; x_wconf 91' lang='lat' dir='ltr'><strong>numen</strong></span> <span class='ocrx_word' id='word_1_685' title='bbox 1588 4892 1915 4964; x_wconf 89' lang='lat' dir='ltr'><strong>obsequium</strong></span> <span class='ocrx_word' id='word_1_686' title='bbox 1954 4912 2017 4950; x_wconf 92' lang='lat' dir='ltr'><strong>ac</strong></span> <span class='ocrx_word' id='word_1_687' title='bbox 2050 4898 2452 4968; x_wconf 88' lang='lat' dir='ltr'><strong>ministerium,</strong></span> 
     </span>
    </p>
   </div>
   <div class='ocr_carea' id='block_1_99' title="bbox 877 4979 2456 5056">
    <p class='ocr_par' dir='ltr' id='par_1_99' title="bbox 877 4979 2456 5056">
     <span class='ocr_line' id='line_1_99' title="bbox 877 4979 2456 5056; baseline 0.013 -27"><span class='ocrx_word' id='word_1_688' title='bbox 877 4979 1080 5047; x_wconf 90' lang='lat' dir='ltr'><strong>ubique</strong></span> <span class='ocrx_word' id='word_1_689' title='bbox 1125 4989 1400 5035; x_wconf 87' lang='lat' dir='ltr'><strong>terrarum</strong></span> <span class='ocrx_word' id='word_1_690' title='bbox 1436 4998 1539 5051; x_wconf 86' lang='lat' dir='ltr'><strong>pax</strong></span> <span class='ocrx_word' id='word_1_691' title='bbox 1572 4984 1721 5056; x_wconf 86' lang='lat' dir='ltr'><strong>viget</strong></span> <span class='ocrx_word' id='word_1_692' title='bbox 1766 5003 1778 5039; x_wconf 88' lang='lat'>:</span> <span class='ocrx_word' id='word_1_693' title='bbox 1823 4986 1957 5056; x_wconf 89' lang='lat' dir='ltr'><strong>ipsis</strong></span> <span class='ocrx_word' id='word_1_694' title='bbox 1993 4991 2159 5044; x_wconf 92' lang='lat' dir='ltr'><strong>ctiam</strong></span> <span class='ocrx_word' id='word_1_695' title='bbox 2204 4992 2456 5050; x_wconf 85' lang='lat' dir='ltr'><strong>barbaris</strong></span> 
     </span>
    </p>
   </div>
   <div class='ocr_carea' id='block_1_100' title="bbox 2561 4724 4135 4804">
    <p class='ocr_par' dir='ltr' id='par_1_100' title="bbox 2561 4724 4135 4804">
     <span class='ocr_line' id='line_1_100' title="bbox 2561 4724 4135 4804; baseline 0.01 -31"><span class='ocrx_word' id='word_1_696' title='bbox 2561 4738 2621 4773; x_wconf 83' lang='grc' dir='ltr'><strong>τε</strong></span> <span class='ocrx_word' id='word_1_697' title='bbox 2655 4725 2748 4776; x_wconf 78' lang='grc' dir='ltr'><strong>καὶ</strong></span> <span class='ocrx_word' id='word_1_698' title='bbox 2787 4724 3170 4796; x_wconf 79' lang='grc' dir='ltr'><strong>ἀδιάστροφον,</strong></span> <span class='ocrx_word' id='word_1_699' title='bbox 3212 4728 3300 4780; x_wconf 77' lang='grc' dir='ltr'><strong>ἐπ’</strong></span> <span class='ocrx_word' id='word_1_700' title='bbox 3324 4727 3460 4798; x_wconf 74' lang='grc' dir='ltr'><strong>ἐμοῦ</strong></span> <span class='ocrx_word' id='word_1_701' title='bbox 3499 4729 3698 4801; x_wconf 86' lang='grc' dir='ltr'><strong>δηλαδὴ</strong></span> <span class='ocrx_word' id='word_1_702' title='bbox 3747 4732 3882 4804; x_wconf 83' lang='grc'>(56),</span> <span class='ocrx_word' id='word_1_703' title='bbox 3931 4735 3990 4787; x_wconf 81' lang='grc' dir='ltr'><strong>ὃν</strong></span> <span class='ocrx_word' id='word_1_704' title='bbox 4041 4736 4135 4787; x_wconf 77' lang='grc' dir='ltr'><strong>τοῦ</strong></span> 
     </span>
    </p>
   </div>
   <div class='ocr_carea' id='block_1_101' title="bbox 2561 4813 4134 4897">
    <p class='ocr_par' dir='ltr' id='par_1_101' title="bbox 2561 4813 4134 4897">
     <span class='ocr_line' id='line_1_101' title="bbox 2561 4813 4134 4897; baseline 0.006 -29"><span class='ocrx_word' id='word_1_705' title='bbox 2561 4813 2696 4868; x_wconf 86' lang='grc' dir='ltr'><strong>Θεοῦ</strong></span> <span class='ocrx_word' id='word_1_706' title='bbox 2723 4817 2945 4884; x_wconf 81' lang='grc' dir='ltr'><strong>γνήσιον</strong></span> <span class='ocrx_word' id='word_1_707' title='bbox 3001 4813 3142 4869; x_wconf 77' lang='grc' dir='ltr'><strong>εἶναι</strong></span> <span class='ocrx_word' id='word_1_708' title='bbox 3189 4819 3496 4890; x_wconf 83' lang='grc' dir='ltr'><strong>θεράποντα</strong></span> <span class='ocrx_word' id='word_1_709' title='bbox 3529 4822 3638 4874; x_wconf 82' lang='grc' dir='ltr'><strong>οὐδ’</strong></span> <span class='ocrx_word' id='word_1_710' title='bbox 3687 4822 3752 4875; x_wconf 84' lang='grc' dir='ltr'>ἂν</span> <span class='ocrx_word' id='word_1_711' title='bbox 3784 4825 3940 4894; x_wconf 80' lang='grc' dir='ltr'><strong>ὑμεῖς</strong></span> <span class='ocrx_word' id='word_1_712' title='bbox 3969 4828 4134 4897; x_wconf 77' lang='grc' dir='ltr'><strong>ἀρνη-</strong></span> 
     </span>
    </p>
   </div>
   <div class='ocr_carea' id='block_1_102' title="bbox 2562 4905 4134 4987">
    <p class='ocr_par' dir='ltr' id='par_1_102' title="bbox 2562 4905 4134 4987">
     <span class='ocr_line' id='line_1_102' title="bbox 2562 4905 4134 4987; baseline 0.008 -29"><span class='ocrx_word' id='word_1_713' title='bbox 2562 4905 2761 4976; x_wconf 77' lang='grc' dir='ltr'><strong>θείητε.</strong></span> <span class='ocrx_word' id='word_1_714' title='bbox 2801 4907 3104 4979; x_wconf 85' lang='grc' dir='ltr'><strong>Τοιγαροῦν</strong></span> <span class='ocrx_word' id='word_1_715' title='bbox 3148 4909 3236 4962; x_wconf 89' lang='grc' dir='ltr'><strong>διά</strong></span> <span class='ocrx_word' id='word_1_716' title='bbox 3266 4911 3362 4981; x_wconf 83' lang='grc' dir='ltr'><strong>τῆς</strong></span> <span class='ocrx_word' id='word_1_717' title='bbox 3393 4915 3532 4985; x_wconf 85' lang='grc' dir='ltr'><strong>ἐμῆς</strong></span> <span class='ocrx_word' id='word_1_718' title='bbox 3564 4917 3700 4987; x_wconf 77' lang='grc' dir='ltr'><strong>πρὸς</strong></span> <span class='ocrx_word' id='word_1_719' title='bbox 3743 4917 3835 4969; x_wconf 85' lang='grc' dir='ltr'><strong>τὸν</strong></span> <span class='ocrx_word' id='word_1_720' title='bbox 3872 4917 4006 4970; x_wconf 82' lang='grc' dir='ltr'><strong>Θεὸν</strong></span> <span class='ocrx_word' id='word_1_721' title='bbox 4041 4919 4134 4970; x_wconf 87' lang='grc' dir='ltr'><strong>λα-</strong></span> 
     </span>
    </p>
   </div>
   <div class='ocr_carea' id='block_1_103' title="bbox 2559 4999 4135 5086">
    <p class='ocr_par' dir='ltr' id='par_1_103' title="bbox 2559 4999 4135 5086">
     <span class='ocr_line' id='line_1_103' title="bbox 2559 4999 4135 5086; baseline 0.011 -36"><span class='ocrx_word' id='word_1_722' title='bbox 2559 4999 2744 5068; x_wconf 86' lang='grc' dir='ltr'><strong>τρείας</strong></span> <span class='ocrx_word' id='word_1_723' title='bbox 2770 5011 2798 5038; x_wconf 84' lang='grc' dir='ltr'><strong>ιι</strong></span> <span class='ocrx_word' id='word_1_724' title='bbox 2832 5000 2902 5054; x_wconf 76' lang='grc' dir='ltr'><strong>τὰ</strong></span> <span class='ocrx_word' id='word_1_725' title='bbox 2925 5004 3202 5073; x_wconf 81' lang='grc' dir='ltr'><strong>πανταχοῦ</strong></span> <span class='ocrx_word' id='word_1_726' title='bbox 3230 5005 3589 5077; x_wconf 83' lang='grc' dir='ltr'><strong>εἰρηνεύεται,</strong></span> <span class='ocrx_word' id='word_1_727' title='bbox 3620 5013 3714 5064; x_wconf 78' lang='grc' dir='ltr'><strong>καὶ</strong></span> <span class='ocrx_word' id='word_1_728' title='bbox 3737 5012 3842 5066; x_wconf 74' lang='grc' dir='ltr'><strong>ὑπὸ</strong></span> <span class='ocrx_word' id='word_1_729' title='bbox 3861 5013 3968 5066; x_wconf 77' lang='grc' dir='ltr'><strong>τῶν</strong></span> <span class='ocrx_word' id='word_1_730' title='bbox 3995 5015 4135 5086; x_wconf 55' lang='lat' dir='ltr'><strong>Bap.</strong></span> 
     </span>
    </p>
   </div>
   <div class='ocr_carea' id='block_1_104' title="bbox 2078 5123 2936 5192">
    <p class='ocr_par' dir='ltr' id='par_1_104' title="bbox 2078 5123 2936 5192">
     <span class='ocr_line' id='line_1_104' title="bbox 2078 5123 2936 5192; baseline 0.017 -15"><span class='ocrx_word' id='word_1_731' title='bbox 2078 5123 2348 5181; x_wconf 80' lang='lat' dir='ltr'><strong>VALESII</strong></span> <span class='ocrx_word' id='word_1_732' title='bbox 2386 5125 2936 5192; x_wconf 79' lang='lat' dir='ltr'><strong>ANNOTATIONES.</strong></span> 
     </span>
    </p>
   </div>
   <div class='ocr_carea' id='block_1_105' title="bbox 946 5205 2450 5295">
    <p class='ocr_par' dir='ltr' id='par_1_105' title="bbox 946 5205 2450 5295">
     <span class='ocr_line' id='line_1_105' title="bbox 946 5205 2450 5295; baseline 0.009 -35"><span class='ocrx_word' id='word_1_733' title='bbox 946 5205 1058 5295; x_wconf 49' lang='lat'><strong>(5.5)</strong></span> <span class='ocrx_word' id='word_1_734' title='bbox 1088 5209 1278 5295; x_wconf 73' lang='grc' dir='ltr'><strong>⁸Μετὰ</strong></span> <span class='ocrx_word' id='word_1_735' title='bbox 1319 5211 1735 5295; x_wconf 41' lang='lat' dir='ltr'><strong>tepebit-farier.</strong></span> <span class='ocrx_word' id='word_1_736' title='bbox 1775 5213 1951 5295; x_wconf 36' lang='lat' dir='ltr'><strong>‘Apud</strong></span> <span class='ocrx_word' id='word_1_737' title='bbox 1990 5214 2346 5295; x_wconf 56' lang='lat' dir='ltr'><strong>Athanasium</strong></span> <span class='ocrx_word' id='word_1_738' title='bbox 2392 5220 2450 5274; x_wconf 89' lang='lat' dir='ltr'><strong>in</strong></span> 
     </span>
    </p>
   </div>
   <div class='ocr_carea' id='block_1_106' title="bbox 875 5277 2450 5348">
    <p class='ocr_par' dir='ltr' id='par_1_106' title="bbox 875 5277 2450 5348">
     <span class='ocr_line' id='line_1_106' title="bbox 875 5277 2450 5348; baseline 0.01 -18"><span class='ocrx_word' id='word_1_739' title='bbox 875 5277 1137 5346; x_wconf 80' lang='lat' dir='ltr'><strong>Apologia</strong></span> <span class='ocrx_word' id='word_1_740' title='bbox 1180 5277 1418 5336; x_wconf 86' lang='lat' dir='ltr'><strong>secunda</strong></span> <span class='ocrx_word' id='word_1_741' title='bbox 1454 5283 1720 5339; x_wconf 88' lang='lat' dir='ltr'><strong>adversus</strong></span> <span class='ocrx_word' id='word_1_742' title='bbox 1761 5277 2013 5348; x_wconf 82' lang='lat' dir='ltr'><strong>Arianos,</strong></span> <span class='ocrx_word' id='word_1_743' title='bbox 2051 5288 2144 5340; x_wconf 88' lang='lat' dir='ltr'><strong>ubi</strong></span> <span class='ocrx_word' id='word_1_744' title='bbox 2179 5290 2450 5345; x_wconf 87' lang='lat' dir='ltr'><strong>Constan-</strong></span> 
     </span>
    </p>
   </div>
   <div class='ocr_carea' id='block_1_107' title="bbox 876 5349 2450 5429">
    <p class='ocr_par' dir='ltr' id='par_1_107' title="bbox 876 5349 2450 5429">
     <span class='ocr_line' id='line_1_107' title="bbox 876 5349 2450 5429; baseline 0.01 -29"><span class='ocrx_word' id='word_1_745' title='bbox 876 5349 974 5426; x_wconf 72' lang='lat' dir='ltr'><strong>tini</strong></span> <span class='ocrx_word' id='word_1_746' title='bbox 1003 5351 1246 5429; x_wconf 69' lang='lat' dir='ltr'><strong>refertur</strong></span> <span class='ocrx_word' id='word_1_747' title='bbox 1271 5353 1524 5429; x_wconf 76' lang='lat' dir='ltr'><strong>epistola,</strong></span> <span class='ocrx_word' id='word_1_748' title='bbox 1566 5356 1831 5429; x_wconf 80' lang='lat' dir='ltr'><strong>scriptum</strong></span> <span class='ocrx_word' id='word_1_749' title='bbox 1861 5366 1947 5410; x_wconf 90' lang='lat' dir='ltr'><strong>est</strong></span> <span class='ocrx_word' id='word_1_750' title='bbox 1983 5357 2334 5429; x_wconf 17' lang='lat' dir='ltr'><strong>peO‘ié-cépmv</strong></span> <span class='ocrx_word' id='word_1_751' title='bbox 2371 5381 2450 5416; x_wconf 84' lang='grc' dir='ltr'><strong>τι-</strong></span> 
     </span>
    </p>
   </div>
   <div class='ocr_carea' id='block_1_108' title="bbox 875 5419 2452 5498">
    <p class='ocr_par' dir='ltr' id='par_1_108' title="bbox 875 5419 2452 5498">
     <span class='ocr_line' id='line_1_108' title="bbox 875 5419 2452 5498; baseline 0.012 -31"><span class='ocrx_word' id='word_1_752' title='bbox 875 5419 1000 5498; x_wconf 62' lang='grc' dir='ltr'><strong>νῶν.</strong></span> <span class='ocrx_word' id='word_1_753' title='bbox 1024 5489 1035 5498; x_wconf 79' lang='lat'><em>_</em></span> <span class='ocrx_word' id='word_1_754' title='bbox 1211 5419 1481 5498; x_wconf 64' lang='lat' dir='ltr'><strong>vulgatam</strong></span> <span class='ocrx_word' id='word_1_755' title='bbox 1520 5419 1859 5498; x_wconf 70' lang='lat' dir='ltr'><strong>scripturam</strong></span> <span class='ocrx_word' id='word_1_756' title='bbox 1878 5419 2082 5498; x_wconf 45' lang='lat' dir='ltr'><strong>Jtue&#39;tur</strong></span> <span class='ocrx_word' id='word_1_757' title='bbox 2112 5419 2452 5498; x_wconf 76' lang='lat' dir='ltr'><strong>Epiphanius</strong></span> 
     </span>
    </p>
   </div>
   <div class='ocr_carea' id='block_1_109' title="bbox 875 5485 2451 5568">
    <p class='ocr_par' dir='ltr' id='par_1_109' title="bbox 875 5485 2451 5568">
     <span class='ocr_line' id='line_1_109' title="bbox 875 5485 2451 5568; baseline 0.011 -27"><span class='ocrx_word' id='word_1_758' title='bbox 875 5487 1262 5546; x_wconf 85' lang='lat' dir='ltr'><strong>Scholasticus.</strong></span> <span class='ocrx_word' id='word_1_759' title='bbox 1307 5485 1400 5547; x_wconf 74' lang='lat' dir='ltr'><strong>Sic</strong></span> <span class='ocrx_word' id='word_1_760' title='bbox 1444 5494 1590 5548; x_wconf 86' lang='lat' dir='ltr'><strong>enim</strong></span> <span class='ocrx_word' id='word_1_761' title='bbox 1634 5485 1799 5550; x_wconf 69' lang='lat' dir='ltr'><strong>vcrtit</strong></span> <span class='ocrx_word' id='word_1_762' title='bbox 1828 5514 1841 5548; x_wconf 89' lang='lat'>:</span> <span class='ocrx_word' id='word_1_763' title='bbox 1871 5485 2099 5568; x_wconf 74' lang='lat' dir='ltr'><strong>Repente</strong></span> <span class='ocrx_word' id='word_1_764' title='bbox 2129 5485 2451 5558; x_wconf 42' lang='lat' dir='ltr'><strong>Altlianasias</strong></span> 
     </span>
    </p>
   </div>
   <div class='ocr_carea' id='block_1_110' title="bbox 2557 5227 4130 5306">
    <p class='ocr_par' dir='ltr' id='par_1_110' title="bbox 2557 5227 4130 5306">
     <span class='ocr_line' id='line_1_110' title="bbox 2557 5227 4130 5306; baseline 0.014 -29"><span class='ocrx_word' id='word_1_765' title='bbox 2557 5227 2826 5306; x_wconf 75' lang='lat' dir='ltr'><strong>episcopus</strong></span> <span class='ocrx_word' id='word_1_766' title='bbox 2861 5229 2919 5282; x_wconf 81' lang='lat' dir='ltr'><strong>in</strong></span> <span class='ocrx_word' id='word_1_767' title='bbox 2949 5230 3123 5306; x_wconf 70' lang='lat' dir='ltr'><strong>media</strong></span> <span class='ocrx_word' id='word_1_768' title='bbox 3149 5232 3331 5306; x_wconf 84' lang='lat' dir='ltr'><strong>platea</strong></span> <span class='ocrx_word' id='word_1_769' title='bbox 3353 5251 3471 5288; x_wconf 83' lang='lat' dir='ltr'><strong>cum</strong></span> <span class='ocrx_word' id='word_1_770' title='bbox 3507 5237 3820 5306; x_wconf 79' lang='lat' dir='ltr'><strong>quibusdam</strong></span> <span class='ocrx_word' id='word_1_771' title='bbox 3844 5245 4130 5298; x_wconf 73' lang='lat' dir='ltr'><strong>sacerdoti-</strong></span> 
     </span>
    </p>
   </div>
   <div class='ocr_carea' id='block_1_111' title="bbox 2557 5295 4132 5423">
    <p class='ocr_par' dir='ltr' id='par_1_111' title="bbox 2557 5295 4132 5423">
     <span class='ocr_line' id='line_1_111' title="bbox 2557 5295 4132 5418; baseline 0.015 -71"><span class='ocrx_word' id='word_1_772' title='bbox 2557 5295 2686 5418; x_wconf 37' lang='lat' dir='ltr'><strong>bals)</strong></span> <span class='ocrx_word' id='word_1_773' title='bbox 2731 5295 2873 5368; x_wconf 70' lang='lat' dir='ltr'><strong>quos</strong></span> <span class='ocrx_word' id='word_1_774' title='bbox 2918 5302 3060 5355; x_wconf 80' lang='lat' dir='ltr'><strong>circa</strong></span> <span class='ocrx_word' id='word_1_775' title='bbox 3115 5295 3174 5356; x_wconf 74' lang='grc' dir='ltr'><strong>δὲ</strong></span> <span class='ocrx_word' id='word_1_776' title='bbox 3238 5305 3461 5360; x_wconf 81' lang='lat' dir='ltr'><strong>habebat</strong></span> <span class='ocrx_word' id='word_1_777' title='bbox 3487 5295 3531 5372; x_wconf 87' lang='grc'><strong>,’</strong></span> <span class='ocrx_word' id='word_1_778' title='bbox 3567 5310 3640 5361; x_wconf 84' lang='lat' dir='ltr'><strong>sic</strong></span> <span class='ocrx_word' id='word_1_779' title='bbox 3696 5295 4132 5380; x_wconf 22' lang='lat' dir='ltr'><strong>inapinatemnos</strong></span> 
     </span>
     <span class='ocr_line' id='line_1_112' title="bbox 2557 5377 2854 5423; baseline 0.01 -3"><span class='ocrx_word' id='word_1_780' title='bbox 2557 5384 2590 5420; x_wconf 84' lang='grc' dir='ltr'><strong>α</strong></span> <span class='ocrx_word' id='word_1_781' title='bbox 2632 5377 2711 5423; x_wconf 82' lang='lat' dir='ltr'><strong>nt.</strong></span> <span class='ocrx_word' id='word_1_782' title='bbox 2747 5379 2854 5423; x_wconf 84' lang='lat' dir='ltr'><strong>etc.</strong></span> 
     </span>
    </p>
   </div>
   <div class='ocr_carea' id='block_1_112' title="bbox 2557 5384 4129 5525">
    <p class='ocr_par' dir='ltr' id='par_1_112' title="bbox 2557 5384 4129 5525">
     <span class='ocr_line' id='line_1_113' title="bbox 2557 5384 4129 5525; baseline 0.008 -30"><span class='ocrx_word' id='word_1_783' title='bbox 2925 5441 3077 5525; x_wconf 53' lang='lat' dir='ltr'><strong>eam?</strong></span> <span class='ocrx_word' id='word_1_784' title='bbox 3101 5443 3355 5525; x_wconf 50' lang='lat' dir='ltr'><strong>angam.</strong></span> <span class='ocrx_word' id='word_1_785' title='bbox 3376 5446 3738 5525; x_wconf 77' lang='lat' dir='ltr'><strong>Scrihendum</strong></span> <span class='ocrx_word' id='word_1_786' title='bbox 3757 5461 3840 5505; x_wconf 81' lang='lat' dir='ltr'><strong>est</strong></span> <span class='ocrx_word' id='word_1_787' title='bbox 3863 5455 3946 5505; x_wconf 84' lang='grc' dir='ltr'><strong>ἐπ’</strong></span> <span class='ocrx_word' id='word_1_788' title='bbox 3971 5455 4129 5525; x_wconf 81' lang='grc' dir='ltr'><strong>ἐμοῦ,</strong></span> 
     </span>
    </p>
   </div>
   <div class='ocr_carea' id='block_1_113' title="bbox 2558 5508 4022 5590">
    <p class='ocr_par' dir='ltr' id='par_1_113' title="bbox 2558 5508 4022 5590">
     <span class='ocr_line' id='line_1_114' title="bbox 2558 5508 4022 5590; baseline 0.013 -30"><span class='ocrx_word' id='word_1_789' title='bbox 2558 5516 2620 5560; x_wconf 85' lang='grc' dir='ltr'><strong>ιιι</strong></span> <span class='ocrx_word' id='word_1_790' title='bbox 2653 5508 2849 5579; x_wconf 83' lang='lat' dir='ltr'><strong>legitur</strong></span> <span class='ocrx_word' id='word_1_791' title='bbox 2881 5511 2933 5564; x_wconf 90' lang='lat' dir='ltr'><strong>in</strong></span> <span class='ocrx_word' id='word_1_792' title='bbox 2959 5513 3148 5567; x_wconf 83' lang='lat' dir='ltr'><strong>codice</strong></span> <span class='ocrx_word' id='word_1_793' title='bbox 3177 5508 3360 5571; x_wconf 85' lang='lat' dir='ltr'><strong>Allatii</strong></span> <span class='ocrx_word' id='word_1_794' title='bbox 3387 5526 3444 5573; x_wconf 90' lang='lat' dir='ltr'><strong>et</strong></span> <span class='ocrx_word' id='word_1_795' title='bbox 3475 5523 3619 5590; x_wconf 90' lang='lat' dir='ltr'><strong>apud</strong></span> <span class='ocrx_word' id='word_1_796' title='bbox 3643 5508 4022 5579; x_wconf 49' lang='lat' dir='ltr'><strong>Athanasium:</strong></span> 
     </span>
    </p>
   </div>
   <div class='ocr_carea' id='block_1_114' title="bbox 2302 5665 2683 5722">
    <p class='ocr_par' dir='ltr' id='par_1_114' title="bbox 2302 5665 2683 5722">
     <span class='ocr_line' id='line_1_115' title="bbox 2302 5665 2683 5722; baseline 0.005 -2"><span class='ocrx_word' id='word_1_797' title='bbox 2302 5665 2683 5722; x_wconf 79' lang='lat' dir='ltr'><strong>VARiORUM.</strong></span> 
     </span>
    </p>
   </div>
   <div class='ocr_carea' id='block_1_115' title="bbox 947 5743 2449 5828">
    <p class='ocr_par' dir='ltr' id='par_1_115' title="bbox 947 5743 2449 5828">
     <span class='ocr_line' id='line_1_116' title="bbox 947 5743 2449 5828; baseline 0.014 -34"><span class='ocrx_word' id='word_1_798' title='bbox 947 5743 965 5778; x_wconf 73' lang='grc' dir='ltr'>ί</span> <span class='ocrx_word' id='word_1_799' title='bbox 1004 5744 1285 5828; x_wconf 31' lang='grc' dir='ltr'><strong>ἐγω-μὲν</strong></span> <span class='ocrx_word' id='word_1_800' title='bbox 1307 5747 1522 5828; x_wconf 68' lang='grc' dir='ltr'><strong>ἀγνοῷ.</strong></span> <span class='ocrx_word' id='word_1_801' title='bbox 1559 5751 1709 5828; x_wconf 72' lang='lat' dir='ltr'><strong>lianc</strong></span> <span class='ocrx_word' id='word_1_802' title='bbox 1740 5766 2027 5824; x_wconf 74' lang='lat' dir='ltr'><strong>epistomm</strong></span> <span class='ocrx_word' id='word_1_803' title='bbox 2069 5757 2332 5828; x_wconf 85' lang='lat' dir='ltr'><strong>integram</strong></span> <span class='ocrx_word' id='word_1_804' title='bbox 2363 5779 2449 5814; x_wconf 83' lang='lat' dir='ltr'><strong>re-</strong></span> 
     </span>
    </p>
   </div>
   <div class='ocr_carea' id='block_1_116' title="bbox 870 5812 2440 5900">
    <p class='ocr_par' dir='ltr' id='par_1_116' title="bbox 870 5812 2440 5900">
     <span class='ocr_line' id='line_1_117' title="bbox 870 5812 2440 5900; baseline 0.013 -35"><span class='ocrx_word' id='word_1_805' title='bbox 870 5812 1058 5900; x_wconf 70' lang='lat' dir='ltr'><strong>ferunt</strong></span> <span class='ocrx_word' id='word_1_806' title='bbox 1103 5812 1432 5900; x_wconf 57' lang='lat' dir='ltr'><strong>Athanasius</strong></span> <span class='ocrx_word' id='word_1_807' title='bbox 1474 5812 2440 5900; x_wconf 41' lang='grc' dir='ltr'><strong>Ληοίοθωίοόηιηιᾼνίαηοὲῗῂίέθί;</strong></span> 
     </span>
    </p>
   </div>
   <div class='ocr_carea' id='block_1_117' title="bbox 872 5884 2442 5971">
    <p class='ocr_par' dir='ltr' id='par_1_117' title="bbox 872 5884 2442 5971">
     <span class='ocr_line' id='line_1_118' title="bbox 872 5884 2442 5971; baseline 0.01 -32"><span class='ocrx_word' id='word_1_808' title='bbox 872 5884 1111 5954; x_wconf 75' lang='lat' dir='ltr'><strong>Sozonl.,</strong></span> <span class='ocrx_word' id='word_1_809' title='bbox 1139 5886 1234 5941; x_wconf 89' lang='lat' dir='ltr'><strong>lib.</strong></span> <span class='ocrx_word' id='word_1_810' title='bbox 1269 5905 1326 5954; x_wconf 87' lang='grc' dir='ltr'><strong>ιι,</strong></span> <span class='ocrx_word' id='word_1_811' title='bbox 1378 5906 1498 5961; x_wconf 88' lang='lat' dir='ltr'><strong>cap,</strong></span> <span class='ocrx_word' id='word_1_812' title='bbox 1521 5884 1599 5946; x_wconf 51' lang='lat'><strong>&#39;28</strong></span> <span class='ocrx_word' id='word_1_813' title='bbox 1622 5884 1892 5967; x_wconf 44' lang='lat' dir='ltr'><strong>{Nicepln</strong></span> <span class='ocrx_word' id='word_1_814' title='bbox 1926 5897 2021 5952; x_wconf 90' lang='lat' dir='ltr'><strong>lib.</strong></span> <span class='ocrx_word' id='word_1_815' title='bbox 2053 5916 2163 5966; x_wconf 77' lang='lat' dir='ltr'><strong>vni,</strong></span> <span class='ocrx_word' id='word_1_816' title='bbox 2188 5884 2306 5971; x_wconf 73' lang='lat' dir='ltr'><strong>cap.</strong></span> <span class='ocrx_word' id='word_1_817' title='bbox 2342 5884 2442 5971; x_wconf 76' lang='grc' dir='ltr'><strong>5οξ</strong></span> 
     </span>
    </p>
   </div>
   <div class='ocr_carea' id='block_1_118' title="bbox 2547 5764 3595 5845">
    <p class='ocr_par' dir='ltr' id='par_1_118' title="bbox 2547 5764 3595 5845">
     <span class='ocr_line' id='line_1_119' title="bbox 2547 5764 3595 5845; baseline 0.013 -28"><span class='ocrx_word' id='word_1_818' title='bbox 2547 5764 2782 5845; x_wconf 50' lang='lat' dir='ltr'><strong>Historia</strong></span> <span class='ocrx_word' id='word_1_819' title='bbox 2821 5766 3138 5845; x_wconf 70' lang='lat' dir='ltr'><strong>Tripartita,</strong></span> <span class='ocrx_word' id='word_1_820' title='bbox 3165 5772 3260 5845; x_wconf 73' lang='lat' dir='ltr'><strong>lib.</strong></span> <span class='ocrx_word' id='word_1_821' title='bbox 3291 5790 3369 5838; x_wconf 88' lang='grc' dir='ltr'><strong>ιιι,</strong></span> <span class='ocrx_word' id='word_1_822' title='bbox 3397 5790 3516 5845; x_wconf 88' lang='lat' dir='ltr'><strong>cap.</strong></span> <span class='ocrx_word' id='word_1_823' title='bbox 3545 5779 3595 5831; x_wconf 89' lang='lat'><strong>7.</strong></span> 
     </span>
    </p>
   </div>
   <div class='ocr_carea' id='block_1_119' title="bbox 2620 5839 4127 5918">
    <p class='ocr_par' dir='ltr' id='par_1_119' title="bbox 2620 5839 4127 5918">
     <span class='ocr_line' id='line_1_120' title="bbox 2620 5839 4127 5918; baseline 0.013 -33"><span class='ocrx_word' id='word_1_824' title='bbox 2620 5839 3010 5918; x_wconf 40' lang='lat' dir='ltr'><strong>&quot;&#39;1&#39;01.7.&#39;1‘t{.-01_3r</strong></span> <span class='ocrx_word' id='word_1_825' title='bbox 3055 5843 3152 5918; x_wconf 65' lang='grc' dir='ltr'><strong>διὰ</strong></span> <span class='ocrx_word' id='word_1_826' title='bbox 3176 5844 3300 5918; x_wconf 31' lang='grc' dir='ltr'><strong>*τῆς</strong></span> <span class='ocrx_word' id='word_1_827' title='bbox 3336 5839 3486 5912; x_wconf 66' lang='grc' dir='ltr'><strong>ἐμῆᾷ·</strong></span> <span class='ocrx_word' id='word_1_828' title='bbox 3516 5853 3666 5918; x_wconf 78' lang='grc' dir='ltr'><strong>πρὸς</strong></span> <span class='ocrx_word' id='word_1_829' title='bbox 3699 5851 3805 5906; x_wconf 74' lang='grc' dir='ltr'><strong>τὸν</strong></span> <span class='ocrx_word' id='word_1_830' title='bbox 3831 5851 3979 5905; x_wconf 81' lang='grc' dir='ltr'><strong>Θεὸν</strong></span> <span class='ocrx_word' id='word_1_831' title='bbox 4024 5855 4127 5905; x_wconf 80' lang='grc' dir='ltr'><strong>λα-</strong></span> 
     </span>
    </p>
   </div>
   <div class='ocr_carea' id='block_1_120' title="bbox 2546 5907 4129 5980">
    <p class='ocr_par' dir='ltr' id='par_1_120' title="bbox 2546 5907 4129 5980">
     <span class='ocr_line' id='line_1_121' title="bbox 2546 5907 4129 5980; baseline 0.011 -22"><span class='ocrx_word' id='word_1_832' title='bbox 2546 5907 2759 5974; x_wconf 78' lang='grc' dir='ltr'><strong>τρείας.</strong></span> <span class='ocrx_word' id='word_1_833' title='bbox 2803 5908 3139 5979; x_wconf 67' lang='lat' dir='ltr'><strong>l&#39;lpiphanius</strong></span> <span class='ocrx_word' id='word_1_834' title='bbox 3171 5907 3746 5979; x_wconf 35' lang='lat' dir='ltr'><strong>Scltblasti‘cus-lol’um</strong></span> <span class='ocrx_word' id='word_1_835' title='bbox 3775 5923 3923 5979; x_wconf 91' lang='lat' dir='ltr'><strong>hunc</strong></span> <span class='ocrx_word' id='word_1_836' title='bbox 3948 5923 4129 5980; x_wconf 81' lang='lat' dir='ltr'><strong>locum</strong></span> 
     </span>
    </p>
   </div>
  </div>
