4524 6582
393 481 495 538 169

1377 474 1711 532 HISTORIA
1750 470 2305 531 ECCI.ESIASTICA.
2346 505 2414 515 —
2455 473 2581 529 LIB.
2623 475 2664 529 I.

3548 480 3651 538 170

391 601 577 674 ϐάρων
604 599 788 656 αὐτῶν
817 598 932 670 (57)
959 597 1020 653 τὺ
1052 596 1146 652 τοῦ
1171 596 1309 652 Θεοῦ
1332 596 1503 670 δνομα
1541 598 1779 669 γνησίως
1816 598 1972 653 εὐλο·
2003 603 2046 660 Α
2075 614 2177 652 non

1863 598 1972 653 ilo-
2003 603 2046 660 Α
2075 614 2274 653 nomen
2299 598 2394 653 Dei
2417 613 2482 653 ex
2505 597 2689 653 animo
2709 598 3121 667 venerantibus,
3144 599 3240 672 qui
3262 600 3331 656 ad
3354 600 3459 658 hoc
3477 618 3649 674 usque

391 691 678 764 γούμενον,
703 691 752 746 οἳ
787 691 950 764 μέχρι
978 691 1075 746 νῦν
1101 690 1201 763 τὴν
1229 691 1493 762 ἀλήθειαν
1519 691 1770 762 ἠγνόουν.
1804 692 1973 763 Δῆλον

392 785 449 839 δὲ
489 786 571 839 ὃτι
599 785 627 838 ὁ
670 785 774 855 τὴν
801 783 1062 857 ἀλήθειαν
1092 782 1324 852 ἀγνοῶν,
1353 784 1475 838 οὐδὲ
1512 783 1606 837 τὸν
1628 783 1761 838 Θεὸν
1793 785 1974 854 ἐπιγι-

394 877 612 933 νώσκει.
636 877 786 950 Πλὴν
806 878 977 948 ὅμως,
996 875 1140 931 καθὰ
1160 875 1504 950 προείρηται,
1525 877 1618 949 καὶ
1633 878 1683 931 οἱ
1710 877 1974 950 βάρϐαροι

395 971 461 1025 δι’
495 971 596 1043 ἐμὲ
637 970 731 1026 τὸν
764 971 860 1026 τοῦ
885 972 1022 1027 Θεοῦ
1051 971 1364 1044 θεράποντα
1391 973 1633 1045 γνήσιον,
1657 972 1976 1041 ’ἐπέγνωσαν

396 1065 486 1120 τὸν
529 1064 683 1130 Θεδν,
719 1066 815 1119 καὶ
847 1065 1196 1120 εὐλαϐεῖσθαι
1242 1065 1660 1138 μεμαθήκασιν,
1691 1066 1752 1120 ὃν
1803 1067 1976 1138 ὐπερο

397 1155 653 1221 ασπίζειν
686 1174 788 1228 μου
817 1157 1096 1228 πανταχοῦ
1127 1157 1222 1211 καὶ
1255 1157 1625 1230 προνοεῖσθαι,
1651 1160 1760 1222 τοῖς
1798 1157 1979 1228 ἔργοις

397 1250 581 1315 αὐτοῖς
607 1250 872 1322 ᾔσθοντο·
899 1250 1023 1304 ὅθεν
1053 1251 1288 1322 μάλιστα
1319 1251 1412 1305 καὶ
1444 1251 1590 1304 ἴσασι
1613 1250 1706 1304 τὸν
1739 1250 1892 1314 Θεὸν,
1920 1251 1982 1305 ὃν

397 1344 596 1398 ἐκεῖνοι
634 1344 733 1415 μὲν
772 1344 860 1399 διά
908 1344 999 1398 τὸν
1039 1343 1178 1416 πρὸς
1215 1344 1362 1415 ἡμᾶς
1394 1343 1559 1412 φόϐον
1604 1342 1978 1396 εὐλαϐοῦνται.

409 1435 600 1507 Ἡμεῖς
621 1435 679 1490 δὲ
706 1437 756 1490 οἱ
802 1436 869 1491 τά
897 1437 1028 1505 am
1066 1438 1340 1508 μυστήρια
1375 1436 1476 1506 τῆς
1520 1435 1844 1507 Ἐκκλησίας
1871 1436 1982 1508 (58)

400 1529 566 1583 αὐτοῦ
601 1530 883 1595 δοκοῦντες
915 1529 1324 1602 προϐάλλεσθαι
1345 1545 1358 1559 ⁸
1399 1531 1460 1582 οὐ
1491 1530 1599 1601 γὰρ
1643 1530 1854 1600 εἴποιμι
1885 1545 1985 1597 φυ-

400 1621 614 1678 λάττειν
638 1641 652 1655 ο
689 1625 872 1695 ἡμεῖς,
910 1626 1074 1695 φημὶ,
1102 1623 1253 1678 οὐδὲν
1289 1623 1622 1695 πράττομεν,
1667 1623 1700 1693 ἢ
1730 1623 1798 1676 τά
1849 1621 1984 1692 πρὸς

401 1713 672 1785 διχόνοιαν
710 1715 806 1770 καὶ
847 1717 1002 1786 μῖσος
1045 1714 1414 1776 συντείνοντα,
1445 1716 1539 1768 καὶ
1565 1713 1755 1776 ἁπλῶς
1786 1715 1982 1778 εἰπεῖν,

403 1807 470 1860 τὰ
495 1807 630 1879 πρὸς
663 1807 885 1880 ὀλεθρον
913 1807 1009 1862 τοῦ
1037 1807 1383 1879 ἀνθρωπίνου
1405 1809 1598 1877 γένους
1620 1806 1983 1861 συντείνοντα.

417 1897 555 1952 Ἀλλ’
585 1900 897 1972 ἐπείχθητε,
915 1900 1059 1955 καθά
1085 1903 1368 1973 προεῖπον,
1399 1899 1535 1971 πρὸς
1552 1901 1699 1972 ἡμᾶς
1721 1899 1922 1964 πάντες

405 1991 602 2062 τάχος·
645 1993 1022 2064 πεπεισμένοι,
1076 1993 1153 2057 ὡς
1197 1993 1363 2046 παντὶ
1413 1993 1591 2047 σθένει
1641 1991 1986 2062 κατορθῶσαι

409 2087 808 2158 πειρασόμεθα,
854 2089 1004 2150 ὅπως
1054 2087 1110 2140 ὲν
1159 2085 1239 2157 τῷ
1291 2087 1443 2159 νόμῳ
1485 2085 1580 2140 τοῦ
1629 2085 1764 2140 Θεοῦ
1813 2085 1987 2140 ταῦτα

409 2178 708 2250 ἐξαιρέτως
753 2179 1073 2234 ἀδιάπτωτα
1123 2180 1480 2251 φυλάττηται,
1509 2175 1592 2244 οἷς
1633 2178 1755 2233 οὐτε
1796 2179 1986 2250 ψόγος,

409 2269 536 2324 οὐτε
572 2271 862 2339 κακοδοξία
889 2289 974 2336 τις
1006 2271 1293 2342 δυνήσεται
1313 2271 1752 2344 προσπλακῆναι,
1777 2271 1991 2325 διασκε-

411 2361 723 2416 δασθέντων
741 2363 942 2436 δηλαδὴ
971 2365 1069 2418 καὶ
1091 2364 1488 2436 συντριϐέντων
1514 2363 1706 2436 ἄρδην,
1739 2365 1831 2418 καὶ
1858 2380 1994 2418 παν-

413 2455 581 2520 τελῶς
607 2456 1016 2527 ἀφανισθέντων
1053 2458 1163 2512 τῶν
1203 2457 1415 2529 ἐχθρῶν
1455 2455 1550 2511 τοῦ
1583 2457 1770 2528 νόμου,
1801 2457 1994 2521 οἵτινες

415 2545 510 2598 ἐπὶ
545 2547 898 2619 προσχήματι
941 2547 1037 2604 τοῦ
1089 2549 1248 2621 ἁγίου
1281 2549 1565 2621 ὀνόματος,
1610 2548 1861 2614 ποικίλας
1902 2550 1994 2604 καὶ

415 2637 704 2711 διαφόρους
739 2640 1089 2714 βλασφημίας
1125 2642 1511 2715 ἐμϐάλλουσιν.

1002 2757 1256 2811 ΚΕΦΑΛ.
1296 2757 1418 2811 AE'.

420 2839 555 2916 ’Ότι
573 2842 683 2911 τῆς
717 2845 986 2900 συνόδου
1020 2847 1104 2916 μὴ
1144 2848 1443 2914 ἐλθούσης
1473 2846 1632 2915 παρὰ
1681 2847 1786 2900 τὸν
1809 2848 1996 2912 ,βασι-

489 2915 618 2976 λέα,
650 2917 704 2969 οἱ
748 2917 882 2984 περὶ
915 2915 1208 2972 Εὐσέϐιον
1251 2918 1577 2972 διέϐαλλον
1632 2920 1996 2985 Ἀθανιὲσιον,

489 2985 570 3059 ὡς
596 2987 1016 3059 ἀπειλήσαντα
1035 2989 1450 3059 ἀποστρέφειν
1473 2989 1581 3042 τὸν
1601 2989 1774 3043 σῖτον
1793 2993 1861 3045 ἐκ
1888 2990 2000 3058 τῆς

504 3057 948 3131 Ἀλεξανδρείας
979 3058 1054 3131 τῇ
1101 3057 1562 3116 Κωνοντοντίνου
1609 3062 1782 3114 πόλει
1820 3057 2001 3131 χορη-

490 3129 816 3200 γούμενον
847 3129 942 3199 ἐφ’
971 3129 1062 3196 οἷς
1085 3131 1346 3198 κινηθείς
1373 3134 1405 3184 ὁ
1432 3131 1752 3196 βασιλεὺς,
1783 3129 1872 3198 εἰς
1894 3129 2000 3196 ἐξ·

490 3199 990 3288 φίαιςοέεέτεμψε
1017 3203 1126 3257 τὸν
1167 3201 1534 3288 ἀρανάσιοικ
1570 3203 1869 3268 κελεύσας
1895 3205 2002 3270 τὰς

490 3271 760 3338 Γαλλίας
787 3273 991 3328 οἰκεῖν.

491 3356 676 3415 Ταῦτα
706 3362 777 3416 τὰ
802 3363 1106 3436 γράμματα
1130 3373 1159 3404 ν
1201 3364 1282 3428 είς
1315 3365 1502 3435 ἀγῶνα
1528 3365 1653 3429 τούς
1683 3365 1740 3418 ὲν
1771 3366 1836 3435 τῇ
1877 3381 2000 3418 συν-

420 3453 525 3527 όδῳ
557 3455 879 3528 κατέστησε.
908 3459 1060 3512 Καθδ
1092 3459 1140 3512 οί
1172 3459 1271 3528 μὲν
1301 3459 1520 3524 πλείους
1547 3459 1638 3512 ἐπὶ
1670 3457 1769 3522 τὰς
1791 3458 2000 3512 ἑαυτῶν

421 3546 709 3620 ἐχώρησαν
741 3550 943 3616 πόλεις.
977 3553 1041 3607 Ol
1079 3553 1136 3606 δὲ
1179 3554 1308 3625 περὶ
1346 3552 1607 3607 Εὐσέϐιον
1635 3552 1729 3606 καὶ
1774 3550 1998 3620 Θέογνιν

421 3638 518 3692 καὶ
554 3639 756 3711 Μάριν,
789 3641 1126 3713 Πατρόφιλόν
1154 3659 1214 3696 τε
1255 3644 1350 3696 καὶ
1384 3641 1688 3713 οὐρσάκιον
1735 3640 1830 3694 καὶ
1857 3636 1998 3694 Οὐάο

421 3731 602 3794 λεντα,
632 3732 713 3795 είς
733 3731 832 3804 τὴν
865 3734 1272 3788 Κωνσταντίνου
1309 3733 1465 3788 πόλιν
1507 3731 1776 3797 ἐλθόντες,
1811 3731 1996 3787 οὐκέτι

421 3825 549 3897 περὶ
581 3826 842 3898 ποτηρίου
877 3827 1204 3896 κατεαγότος
1249 3826 1282 3899 ἢ
1327 3826 1607 3900 τραπέζης
1643 3826 1676 3898 ἢ
1720 3823 1996 3898 Ἀρσενίου

419 3915 796 3988 ἀναιρεθέντος
847 3915 1073 3987 ζήτησιν
1116 3916 1371 3986 γενέσθαι
1420 3915 1832 3988 συνεχώρησανο
1879 3914 1998 3969 ἀλλ’

419 4009 514 4061 ἐπὶ
533 4009 728 4083 έτὲραν
759 4009 996 4081 χωροῦσι
1018 4009 1292 4082 διαϐολὴν,
1310 4010 1619 4078 διδάξαντες
1641 4009 1734 4062 τὸν
1750 4007 2000 4080 βασιλέα,

414 4101 492 4166 ὡς
536 4101 622 4171 εἴη
673 4100 986 4166 Ἀθανάσιος
1037 4101 1340 4172 ἀπειλήσας
1381 4101 1646 4157 κωλύσειν
1683 4088 2002 4174 πεμφθῆναι

415 4195 507 4248 τὸν
538 4195 706 4261 σῖτον,
735 4194 827 4248 τὸν
854 4194 915 4259 ἐξ
945 4194 1096 4258 ἔθους
1133 4197 1198 4250 ἐκ
1225 4195 1328 4266 τῆς
1360 4194 1769 4266 Ἀλεξανδρείας
1800 4196 1882 4259 είς
1901 4195 2002 4265 τὴν

418 4288 830 4343 Κωνσταντίνου
859 4289 1012 4343 πόλιν
1044 4289 1408 4363 κομιζόμενον
1429 4306 1446 4322 θ
1474 4288 1568 4344 καὶ⁵
1605 4288 1812 4343 τούτων
1847 4288 2002 4358 λεγο-

421 4380 597 4454 μένων
646 4379 800 4453 παρὰ
847 4381 1168 4438 Ἀθανασίου
1211 4382 1508 4455 ἀκηκοέναι
1569 4379 1925 4452 Ἀδαμάντιον
1948 4387 1997 4445 ι,

432 4471 777 4538 ’Δνουϐίωνα,
824 4474 1162 4546 ’Δρϐαθίωνα
1183 4476 1298 4550 (59)
1336 4475 1434 4532 xui.
1472 4474 1680 4546 Πέτρον
1716 4473 1846 4536 τοὺς
1873 4471 2000 4529 ἑπι-

2078 701 2294 763 tcmpus
2316 691 2599 746 veritatem
2625 692 3028 763 ignoraverant.
3053 695 3225 750 Porro
3248 697 3342 766 qui
3365 698 3651 754 veritatem

2079 785 2313 858 ignorat,
2335 785 2379 839 is
2392 786 2562 841 Deum
2587 803 2806 858 quoque
2831 787 3280 859 ignoretnecesse
3301 797 3402 845 est.
3422 790 3651 846 Verum-

2079 887 2284 944 tamen,
2333 879 2476 934 sicut
2521 888 2680 935 antea
2727 880 2861 944 dixi,
2910 880 3012 952 ipsi
3055 882 3220 936 etiam
3267 882 3485 939 barbari
3533 900 3654 940 mea

2079 985 2276 1040 opera,
2305 970 2397 1041 qui
2424 970 2694 1044 ingenuus
2729 986 2850 1025 sum
2891 972 2985 1026 Dei
3027 970 3296 1038 famulus,
3335 973 3504 1028 Deum
3542 976 3654 1044 jam

2080 1070 2456 1132 agnoverunt,
2500 1043 2736 1134 eumque
2781 1064 3035 1118 venerari
3081 1064 3396 1121 didicerunt
3440 1081 3452 1119 :
3499 1067 3679 1137 cujus.

2081 1154 2426 1225 providentia
2471 1170 2560 1209 me
2602 1156 2807 1227 ubique
2849 1158 3062 1229 protegi
3107 1173 3171 1214 ac
3209 1159 3452 1225 servari,
3489 1160 3658 1215 rebus

2084 1246 2217 1317 ipsis
2241 1248 2454 1318 experti
2493 1258 2640 1303 sunt.
2685 1249 2816 1316 Quae
2859 1265 2949 1306 res
2984 1251 3259 1322 praecipue
3294 1251 3362 1306 ad
3403 1252 3657 1308 notitiam

2083 1341 2179 1395 Dei
2202 1357 2297 1397 eos
2319 1341 2554 1397 induxit.
2581 1342 2649 1397 Et
2671 1344 2746 1397 illi
2767 1344 2988 1414 quidem
3017 1353 3167 1400 metu
3190 1343 3366 1400 nostri
3395 1361 3662 1400 veneran-

2088 1443 2175 1488 tur
2201 1435 2394 1489 Dcum.
2415 1435 2526 1490 Nos
2552 1452 2686 1490 vero
2708 1437 2802 1507 qui
2827 1448 3173 1494 sacrosancta
3197 1439 3454 1511 mysteria
3478 1439 3662 1494 Eccle-

2085 1527 2180 1582 sirc
2223 1527 2370 1582 illius
2425 1529 2686 1599 prmferre
2732 1529 3022 1595 videmur,
3070 1546 3180 1586 non
3237 1532 3383 1586 enim
3430 1531 3662 1587 dixerim

2088 1621 2230 1675 tueri
2268 1636 2430 1685 :nos,
2459 1621 2703 1693 inquam,
2729 1623 2863 1679 nihil
2901 1606 3048 1680 aliud
3082 1627 3316 1696 agimus,
3342 1642 3504 1696 quam
3543 1642 3664 1696 quae

2084 1712 2153 1767 ad
2188 1712 2521 1767 discordiam
2563 1714 2830 1769 etodium
2855 1716 3166 1786 pertinent,
3194 1726 3272 1782 et,
3314 1726 3375 1772 ut
3413 1719 3664 1774 absolute

2086 1803 2287 1869 dicam,
2315 1820 2435 1874 qua:
2473 1804 2543 1860 ad
2581 1805 2806 1861 humani
2838 1809 3056 1876 generis
3085 1811 3384 1880 perniciem
3418 1811 3664 1866 tendant.

2085 1893 2313 1960 Verum,
2339 1902 2400 1950 ut
2427 1896 2538 1966 jam
2562 1895 2696 1962 dixi,
2721 1912 2913 1953 omnes
2947 1915 3110 1969 quam
3152 1900 3438 1956 celerrime
3462 1903 3529 1957 ad
3569 1918 3669 1956 nos

2088 1987 2359 2042 accurrite
2386 2005 2400 2041 :
2436 2002 2539 2058 pro
2565 1997 2719 2043 certo
2758 1989 3025 2046 habentes
3048 2007 3135 2047 me
3158 1992 3305 2046 omni
3333 2007 3437 2064 ope
3459 2009 3524 2053 ac
3550 2003 3667 2048 stu-

2088 2080 2180 2135 dio
2205 2081 2470 2152 perlicere
2507 2093 2854 2149 conaturum,
2884 2095 2946 2139 ut
2979 2100 3044 2140 ea
3080 2102 3202 2156 quae
3225 2095 3351 2141 sunt
3388 2088 3523 2157 legis
3547 2087 3668 2149 Dei,

2090 2173 2304 2246 integra
2341 2184 2398 2230 et
2435 2175 2758 2232 inconcussa
2798 2177 3072 2248 prmeipue
3111 2186 3432 2244 serventur,
3469 2179 3674 2250 quibus

2089 2283 2192 2322 nec
2213 2267 2500 2339 probrum,
2528 2269 2893 2326 nec'inl‘amiac
2917 2271 3066 2330 labes
3092 2271 3198 2326 ulla
3225 2272 3398 2342 possit
3419 2271 3670 2343 aspergi:

2091 2360 2394 2432 proﬂigatis
2414 2361 2672 2417 videlicet
2693 2370 2748 2417 et
2769 2362 3104 2418 conculcatis
3126 2365 3454 2434 penitusque
3474 2364 3674 2420 deletis

2092 2453 2230 2522 legis
2246 2453 2504 2520 mimicis,
2526 2455 2618 2524 qui
2639 2455 2740 2526 71
2765 2456 2868 2511 sub
2889 2457 3119 2512 obtentu
3143 2459 3474 2514 sacrosancti
3499 2459 3675 2514 nomi-

2093 2547 2181 2602 nis
2203 2547 2386 2604 varias
2406 2563 2470 2605 ac
2496 2549 2830 2621 multiplices
2857 2550 3225 2622 blasphemias
3245 2551 3522 2623 ingerunt.
3597 2585 3602 2590 -

2678 2755 2828 2812 CAP.
2877 2755 3090 2812 XXXV.

2100 2848 2248 2916 Quod
2273 2865 2392 2904 cum
2425 2849 2655 2918 synodus
2698 2851 2767 2903 ad
2807 2849 2931 2921 imp'.
2980 2867 3082 2904 non
3121 2853 3365 2917 venisset,
3392 2850 3677 2905 Euscbiani

2167 2921 2521 2974 Athanasium
2559 2922 2827 2975 criminati
2872 2931 3026 2985 sunt,
3075 2923 3228 2992 quasi
3272 2924 3504 2976 minatus
3545 2933 3677 2992 esset

2169 3007 2478 3064 aversurum
2520 3009 2598 3064 se_
2614 3009 2881 3046 annonam
2923 3008 3040 3064 qua:
3085 2991 3148 3064 at:
3185 2994 3311 3050 urbe
3354 2991 3677 3047 Alexandria

2169 3063 2498 3131 prwbebatur
2559 3061 3031 3132 Constantiiwpoli.
3103 3063 3222 3130 Qua
3287 3081 3344 3120 re
3392 3071 3679 3119 conmotus

2170 3134 2298 3204 imp.
2326 3133 2675 3189 Athanasium
2701 3135 2754 3188 in
2785 3133 2989 3191 Gallias
3014 3135 3285 3211 relegavit.

2177 3353 2272 3409 Hze
2296 3352 2497 3409 litterae
2531 3367 2627 3408 eos
2665 3353 2758 3423 qui
2794 3353 2848 3408 in
2883 3355 3116 3411 concilio
3146 3354 3588 3412 aderantanxios
3627 3367 3678 3412 et

2104 3445 2372 3501 sollicitos
2409 3444 2789 3500 reddiderunt.
2814 3445 3084 3513 Quocirca
3115 3448 3427 3519 complures
3460 3447 3681 3518 quidem

2103 3553 2169 3592 ex
2194 3537 2303 3594 illis
2329 3537 2394 3592 ad
2437 3537 2689 3609 proprias
2715 3538 2966 3595 civitates
2992 3541 3194 3596 reversi
3230 3551 3375 3596 sunt.
3412 3542 3681 3597 Eusebius

2101 3647 2236 3687 vero
2261 3640 2317 3688 et
2342 3631 2619 3702 Theognis
2653 3646 2717 3688 ac
2757 3632 2923 3688 Maris
2963 3642 3129 3704 atque
3166 3635 3516 3705 Patrophilus
3557 3651 3682 3690 eum

2101 3723 2329 3780 Ursacio
2369 3733 2426 3779 et
2446 3725 2694 3791 Valente,
2717 3723 3250 3797 Constantinopolim
3291 3729 3544 3800 profecti,
3572 3745 3680 3784 non

2103 3820 2338 3892 amplius
2359 3819 2427 3875 de
2448 3820 2618 3876 calice
2642 3821 2941 3884 contracto,
2967 3837 3069 3876 nec
3092 3821 3161 3876 de
3186 3838 3372 3877 mensa
3395 3823 3681 3887 subversa,

2103 3929 2209 3969 nec
2244 3915 2313 3969 dc
2352 3914 2500 3970 unde
2539 3913 2754 3969 Arscnii
2800 3914 3214 3983 inquisitionem
3259 3914 3376 3970 ﬁeri
3415 3916 3682 3985 permisc-

2107 4010 2274 4059 runt:
2311 4003 2404 4060 scd
2444 4003 2513 4058 ad
2548 4003 2710 4058 aliam
2748 4005 2999 4061 conversi
3036 4014 3166 4060 sunt
3201 4006 3551 4071 calumniam,
3579 4006 3684 4060 im—

2105 4098 2349 4168 peratori
2411 4106 2769 4169 suggerentes
2822 4099 3216 4155 comminatum
3273 4115 3393 4155 esse
3441 4099 3681 4154 Athana-

2091 4189 2264 4253 sium,
2289 4189 2700 4260 prohibiturum
2737 4206 2795 4247 se
2835 4207 2906 4246 ne
2945 4206 3159 4247 annona
3201 4192 3537 4257 mitteretur,
3561 4207 3683 4262 qua!

2097 4281 2394 4354 quotannis
2451 4297 2519 4337 ex
2566 4284 2704 4339 urbe
2762 4283 3094 4339 Alexandria
3147 4271 3681 4354 constantinopolim

2096 4375 2223 4430 vehi
2247 4384 2611 4431 consueverat
2636 4393 2649 4428 :
2675 4384 2730 4431 et
2753 4376 3161 4442 Adamantium,
3188 4377 3557 4442 Anubionem,
3582 4377 3684 4434 Ar-

2095 4467 2426 4524 baatbionem
2461 4481 2525 4522 ac
2560 4468 2785 4523 Petrum
2822 4470 3136 4542 episcopos,
3171 4471 3529 4527 Athanasium
3577 4470 3680 4524 ista

1625 4639 1898 4695 VALESII
1933 4634 2483 4695 ANNOTATIONES.

487 4757 597 4828 (57)
651 4759 763 4814 Kal
825 4758 942 4814 ὑπὸ
984 4759 1103 4813 τῶν
1161 4758 1481 4827 βαρϐάρων
1533 4760 1752 4817 αὐτῶν.
1805 4762 1992 4816 Iberos
2023 4762 2066 4816 D
2097 4761 2182 4822 tis,
2211 4767 2273 4812 ett

1890 4775 1992 4815 eros
2023 4762 2066 4816 D
2097 4761 2182 4822 tis,
2211 4767 2319 4813 etc.
2342 4758 2423 4814 Ex
2451 4756 2654 4827 quibus
2672 4757 2858 4821 etiam,
2883 4764 2954 4828 ut
2992 4755 3170 4828 obiter
3204 4770 3477 4828 moneam,
3513 4771 3676 4826 appa-

415 4831 554 4903 l'orte
591 4830 869 4901 intelligit,
913 4830 981 4903 de
1023 4845 1260 4900 quorum
1297 4832 1659 4895 conversione
1693 4834 1859 4903 paulo
1894 4847 1990 4886 an-

414 4914 500 4957 tea
541 4901 758 4958 locutus
781 4899 870 4955 est
907 4899 1179 4955 Socrates.

507 4970 594 5040 58)
645 4975 709 5025 Ol
763 4970 833 5024 τὰ
857 4970 994 5037 ἅγια
1026 4971 1332 5038 μυστήρια
1369 4969 1478 5040 τῆς
1511 4973 1895 5040 Ἐκπλησίαᾳ
1929 4973 1989 5030 In

2096 4839 2182 4884 ret
2205 4826 2574 4900 Epiphaniam
2626 4828 2822 4900 legisse
2862 4827 3025 4900 ὐμεϊς
3071 4827 3148 4892 δέ,
3186 4842 3297 4896 quo
3320 4826 3483 4882 modo
3508 4830 3673 4882 etiam

2092 4899 2294 4972 legitur
2319 4903 2376 4956 in
2404 4900 2595 4955 codice
2635 4899 2969 4972 Florentino.

2165 4968 2278 5042 (59)
2330 4972 2704 5042 ’Apo'aat'wm.
2753 4969 2920 5042 Apud
2959 4967 3425 5042 Athanasiumin
3470 4968 3674 5042 Delen-

414 5039 602 5099 codice
633 5041 835 5097 Leonis
871 5040 1054 5095 Allatii
1078 5049 1134 5095 et
1160 5041 1304 5111 apud
1334 5041 1692 5100 Athanasium
1723 5039 1994 5101 'scribitur
2094 5039 2267 5097 sione
2291 5041 2532 5097 secunda
2589 5041 2854 5095 adversus
2895 5039 3132 5095 Arianos
3185 5039 3450 5094 scribitur
3487 5040 3675 5111 ’Λρϐε-

413 5115 512 5187 τῆς
540 5111 1058 5187 εὐμενείαςζμΑῑαυλθ
1103 5111 1178 5165 ita
1214 5128 1433 5187 quoque
1482 5115 1613 5186 legit
1650 5116 1992 5187 Epiphanius
2095 5113 2199 5187 τίω

1886 5117 1992 5172 tius
2095 5113 2284 5187 τίωνα.
2309 5112 2422 5187 §ed
2458 5113 2747 5187 legendum
2777 5121 2874 5187 est
2901 5126 3025 5166 cum
3058 5111 3403 5187 diphthongo
3450 5111 3672 5187 ’ᾼρϐαι-

414 5181 806 5239 SCbolasticus.
829 5181 921 5238 Sic
945 5182 1091 5237 enim
1120 5181 1289 5238 vertit
1325 5181 1474 5239 hunc
1499 5181 1683 5242 lo'cum
1701 5181 1731 5239 ἐ

417 5264 522 5307 tem
554 5255 644 5324 qui
667 5262 864 5324 sancta
884 5255 1139 5324 mysteria
1167 5269 1194 5324 ς

420 5272 522 5307 rem
554 5272 643 5324 qui
667 5272 855 5308 saneta
884 5272 1139 5324 mysteria
1167 5272 1194 5305 ε

420 5324 636 5390 domini,
677 5340 784 5379 non
813 5323 984 5380 dicam
1012 5272 1215 5379 custodi

1805 5205 1860 5242 08
1891 5206 1994 5242 au-

1221 5272 1279 5308 us
1307 5255 1597 5340 clementia!
1628 5257 1883 5341 praeferre
1911 5259 1993 5340 ui:-

2095 5183 2281 5238 τίωνα.
2309 5184 2405 5238 Est
2427 5180 2575 5256 eniin
2612 5198 2808 5237 nomen
2836 5180 3325 5256 Graecumianbsoﬁ
3361 5180 3669 5256 Ἀρϐαίτου,

2092 5269 2270 5324 eoque
2299 5253 2522 5309 nomine
2549 5263 2775 5309 vocatus
2801 5263 2886 5309 est
2921 5255 3112 5308 consul
3145 5252 3368 5324 quidam
3408 5252 3673 5323 regnante

1216 5343 1272 5380 re
1281 5343 1427 5394 ;cos,
1459 5324 1700 5400 inquain,
1737 5324 1867 5384 nihil
1885 5329 2000 5400 agi-
2095 5324 2440 5392 Constantio,
2470 5335 2532 5381 ut
2546 5325 2733 5380 notavi
2757 5325 2826 5380 ad
2854 5324 3203 5380 Ammianum
3228 5324 3621 5380 Marcellinum.

1842 5446 2231 5545 van-tonum.

417 5606 498 5684 sic
539 5605 708 5684 habet
741 5625 753 5660 :
789 5605 964 5684 Igitur
993 5610 1183 5681 ubique
1213 5610 1529 5684 paciﬁcgtur
1565 5609 1662 5684 Dei
1697 5627 1907 5684 nomen,
1944 5620 1994 5665 et

416 5679 615 5751 integre
639 5676 956 5751 benedieitur
990 5697 1082 5751 per
1097 5676 1278 5736 'mea'm
1307 5676 1360 5736 in
1397 5682 1505 5735 Deo
1526 5681 1812 5746 culturam,
1836 5683 1995 5736 etiam

417 5749 559 5872 αρῖιί
591 5749 733 5870 ἕρδοι
764 5749 1036 5816 barbaros,
1093 5755 1182 5822 qui
1220 5755 1497 5807 veritatem
1541 5756 1794 5808 hactenus
1841 5754 1994 5822 igno-

419 5834 480 5871 ra
517 5836 583 5872 an
617 5860 628 5871 .

419 5834 743 5960 Inaml'liﬁta
780 5888 852 5943 τὰ
894 5891 1220 5960 γράμματα.
1248 5895 1416 5949 Paulo
1457 5895 1617 5950 aliter
1660 5892 1997 5950 Athanasius

417 5956 638 6034 Apolog.
685 5970 868 6016 contra
902 5956 1131 6021 Ariditas
1159 5982 1177 6018 :
1216 5965 1403 6020 Ταῦτα
1445 5965 1705 6037 μαθόντες
1765 5967 1814 6018 οἱ
1869 5965 1998 6036 περὶ

652 6059 925 6123 Pnaon.
960 6059 1077 6123 Gn.
1123 6063 1353 6123 LXVII.
1379 6137 1382 6143 λ

2105 5610 2386 5672 Εὐσέϐιον,
2435 5611 2526 5665 καὶ
2575 5610 2771 5671 εἰδότες
2802 5609 2839 5664 ἃ.
2875 5611 3204 5680 πεποιήκασι
3225 5651 3240 5674 ,
3269 5609 3423 5674 τούς,
3436 5608 3533 5680 μὲν
3580 5608 3678 5661 ἄλ-

2103 5682 2228 5744 λους
2258 5684 2586 5745 ἐπισκόπους
2620 5681 2896 5734 ἐκώλυσαν
2926 5681 3184 5740 ἀνελθεῖν,
3224 5682 3377 5734 αὐτοὶ
3407 5681 3464 5734 δὲ
3503 5681 3676 5750 μόνοι,

2105 5754 2382 5816 Εὐσέϐιος,
2421 5752 2692 5821 Θεόγνιος,
2749 5752 3105 5822 Πατρόφιλος,
3155 5752 3338 5822 ἕτερος
3396 5750 3676 5822 Εὐσέϐιος,

2105 5823 2199 5876 καὶ
2223 5823 2547 5908 Οὐρσάκιος,
2577 5822 2672 5876 καὶ
2705 5821 2918 5894 Οὐάλης
2958 5821 3290 5886 ἀνελθόντες,
3320 5823 3502 5875 οὐκέτι
3549 5821 3680 5892 περὶ

2113 5905 2662 6037 ὠξηῼρίτὲἇιῖέξτιον,
2689 5974 2796 6023 etc.
2823 5965 2985 6022 Errat
3009 5965 3288 6029 Socrates,
3312 5965 3406 6035 qui
3441 5964 3543 6021 hos
3563 5962 3682 6033 epi-

3196 6060 3230 6124 6
