4524 6582
486 441 590 499 1⁸13

1472 440 1796 498 HISTORIA
1833 437 2389 499 ECCLESIASTICA.
2430 473 2499 483 -—-
2538 442 2665 498 LIB.
2710 442 2751 496 Ι.

3635 442 3739 501 ηε

483 553 608 609 ἐπεὶ
646 552 783 625 μηδὲ
815 554 898 619 εἰς
935 554 1028 610 τὸν
1052 553 1354 626 κατάλογον
1399 554 1509 611 τῶν
1546 555 1735 629 ἱερέων
1774 554 2050 609 ἐτέτακτο.
2083 558 2129 614 Α
2155 568 2269 612 esse

1950 571 2050 609 ιτο.
2083 558 2129 614 Α
2155 568 2278 612 esse
2313 570 2425 612 non
2456 554 2730 610 dubitavit
2771 569 3039 611 asserere.
3080 552 3236 621 Quod
3274 566 3400 612 eum
3437 551 3736 610 intellexis-

480 645 799 717 Μάρκελλον
845 647 904 700 δὲ
953 646 1031 711 ὡς
1084 646 1377 719 ἱερωμένον
1409 687 1424 711 ,
1476 647 1633 717 λόγον
1685 646 1924 719 ἀπῄτουν
1962 646 2055 701 τοῦ

482 736 889 808 συγγραφέντος
935 737 1085 810 αὑτῷ
1118 738 1323 809 βιϐλίου
1368 737 1503 809 (65).
1558 739 1643 803 Ὡς
1692 738 1750 793 δὲ
1797 737 2057 810 ηὕρισκον

480 828 643 883 αὑτὸν
666 830 737 883 τὰ
765 828 861 883 τοῦ
896 830 1258 901 Σαμοσατέως
1285 828 1606 905 φρονοῦντα,
1625 831 1873 885 ἐκέλευον
1896 831 2057 885 αὐτὸν

482 916 812 987 μεταθέσθαι
865 918 964 988 τῆς
989 918 1169 991 δόξης.
1204 920 1264 976 '0
1304 921 1363 975 δὲ
1402 921 1846 992 καταισχυνθεὶς,
1886 923 2059 990 ἐπηγ-

476 1007 697 1078 γέλλετο
744 1008 1116 1065 κατακαύσειν
1147 1011 1207 1065 τὸ
1257 1012 1481 1083 βιϐλίον.
1527 1014 1615 1076 Ὠς
1648 1012 1706 1065 δὲ
1750 1014 1953 1085 σπουδῇ
1988 1013 2058 1066 δι-

475 1105 640 1178 ελύθη
674 1108 703 1161 ὁ
737 1106 846 1161 τῶν
878 1107 1193 1161 ἐπισκόπων
1227 1107 1501 1177 σύλλογος,
1545 1106 1639 1162 τοῦ
1687 1107 1949 1177 βασιλέως
1978 1106 2057 1169 εἰς

475 1200 577 1273 τὴν
616 1199 1193 1254 Κωνσταντινούπολιν
1242 1198 1533 1261 καλοῦντος
1580 1200 1804 1263 αὐτοὺς.
1843 1199 1965 1251 τότε
1994 1197 2056 1269 δὴ

476 1286 585 1345 τῶν
616 1291 746 1361 περὶ
790 1288 1053 1343 Εὑσέϐιον
1102 1292 1161 1343 ὲν
1190 1292 1257 1361 τῇ
1294 1291 1704 1344 Κωνσταντίνου
1740 1290 1889 1343 πόλει
1919 1308 2057 1360 παρ-

475 1384 665 1447 όντων,
691 1377 848 1446 αὗθις
873 1382 943 1435 τὰ
971 1381 1109 1436 κατὰ
1160 1382 1480 1453 Μάρκελλον
1509 1383 1843 1453 ἀνεζητεῖτο.
1883 1382 1970 1446 Ὠς
2000 1381 2056 1436 δὲ

475 1476 505 1529 ὁ
526 1472 848 1546 Μάρκελλος
880 1474 978 1544 οὐχ
1006 1475 1191 1545 ᾑρεῖτο
1223 1473 1572 1528 κατακαῦσαι
1618 1473 1759 1527 καθὰ
1793 1472 2057 1543 ὑπέσχετο

476 1566 577 1638 τὴν
609 1566 840 1637 ἄκαιρον
883 1565 1223 1637 συγγραφὴν,
1263 1567 1315 1621 ot
1357 1567 1623 1639 παρόντες
1659 1567 1751 1619 τὸν
1789 1566 1886 1636 μὲν
1921 1565 2056 1621 καθ-

483 1656 647 1722 εῖλον,
663 1656 942 1711 Βασίλειον
962 1657 1019 1710 δὲ
1042 1658 1154 1710 ἀντ’
1180 1657 1345 1710 αὑτοῦ
1376 1659 1456 1720 είς
1474 1656 1573 1728 τὴν
1591 1658 1869 1726 ’Ἄγκυραν
1895 1655 2058 1726 ἔπεμ-

474 1749 603 1819 ψαν.
656 1750 818 1803 Ἀλλὰ
865 1748 1023 1802 τοῦτο
1071 1751 1171 1820 μὲν
1209 1750 1270 1802 τὸ
1320 1748 1659 1821 σύγγραμμα
1694 1748 1951 1811 Εὐσέϐιος
1999 1750 2057 1802 ἐν

472 1842 622 1914 τρισὶ
668 1841 889 1912 βιϐλίοις
930 1840 1246 1913 ἀνέτρεψεν,
1280 1840 1565 1909 ἐξελέγξας
1600 1840 1698 1912 τὴν
1742 1838 2056 1905 κακοδοξίαν

472 1931 661 1987 αὐτοῦ.
689 1930 1008 2003 Μάρκελλος
1058 1930 1116 1984 δὲ
1153 1928 1380 2000 ὕστερον
1419 1931 1478 1983 ὲν
1519 1931 1586 2000 τῇ
1614 1929 1753 1984 κατὰ
1787 1928 2056 2000 Σαρδικὴν

476 2025 681 2096 συνόδῳ
701 2024 799 2097 τὴν
819 2022 1126 2096 ἐπισκοπὴν
1154 2023 1431 2089 ἀνέλαϐεν,
1462 2022 1632 2077 εἰπὼν
1663 2023 1739 2094 μὴ
1770 2021 2052 2093 νενοῆσθαι

471 2115 638 2170 αὐτοῦ
672 2115 733 2169 τὸ
761 2114 1122 2187 σύγγραμμα,
1151 2115 1247 2168 κα)⁵
1276 2112 1365 2167 διὰ
1393 2112 1549 2167 τοῦτο
1570 2113 1664 2168 τοῦ
1690 2114 2053 2185 Σαμοσατέως

470 2207 634 2273 δόξαν
690 2207 898 2263 λαϐεῖν.
952 2208 1091 2281 Περὶ
1142 2206 1244 2279 μὲν
1289 2205 1383 2261 οὖν
1427 2205 1615 2261 τούτου
1668 2205 1809 2261 κατὰ
1867 2206 2051 2277 χώραν

469 2297 729 2369 ἐροῦμεν.

2155 656 2280 701 sent
2301 646 2543 717 episcopi
2566 647 2660 717 qui
2686 654 2800 701 tum
2820 645 3208 718 Hierosolymis
3223 653 3382 701 erant
3402 649 3736 716 congregati.

2157 733 2360 789 Asterii
2386 734 2606 804 quidem
2642 734 2849 788 nullam
2877 734 3145 788 rationem
3175 732 3508 797 habuerunt,
3537 732 3739 803 quipp:

2158 828 2251 897 qui
2299 827 2354 881 in
2393 826 2644 881 ordinem
2699 826 3049 882 sacerdotum
3101 823 3375 895 ascriptus
3424 839 3534 879 non
3572 831 3737 880 esset.

2156 919 2202 973 A
2244 917 2501 973 Marcello
2540 932 2706 981 vero,
2754 926 2943 989 utpote
2983 916 3301 981 sacerdote,
3341 926 3644 987 exegerunt
3679 926 3741 973 ut

2156 1009 2284 1064 libri
2308 1025 2339 1063 a
2366 1025 2422 1065 se
2446 1008 2742 1080 conscripti
2772 1009 3041 1064 rationem
3072 1008 3349 1063 redderet.
3376 1008 3623 1079 Cumque
3645 1008 3741 1065 dc-

2157 1103 2580 1183 prehendissent
2615 1103 2765 1158 illum
2790 1103 2943 1159 Pauli
2969 1102 3370 1157 Samosatensis
3405 1117 3595 1157 errore
3632 1102 3737 1157 im-

2157 1196 2417 1267 plicatum
2444 1212 2588 1260 esse,
2610 1196 2897 1267 jusserunt
2925 1203 2985 1249 ut
3010 1202 3249 1249 mutaret
3273 1192 3620 1248 sententiam.
3644 1192 3737 1249 Ille

2158 1286 2367 1357 pudore
2391 1286 2653 1352 suffusus,
2678 1287 2881 1341 librum
2906 1302 3063 1340 suum
3089 1300 3145 1339 se
3168 1285 3582 1340 combusturum
3605 1299 3737 1355 pro-

2158 1379 2327 1434 misit.
2357 1381 2560 1435 Verum
2598 1379 2833 1434 concilio
2873 1394 2992 1433 cum
3028 1377 3374 1433 festinatione
3399 1376 3645 1441 dimisso,
3672 1392 3739 1431 eo

2156 1469 2305 1540 quod
2342 1470 2639 1539 imperator
2675 1469 2964 1539 episcopos
2988 1466 3517 1536 Constantinopolim
3547 1481 3740 1522 evoca-

2157 1561 2356 1627 visset,
2386 1577 2511 1616 cum
2551 1560 2848 1616 Eusebiani
2876 1558 3405 1628 Constantinopolim
3436 1557 3734 1620 venissent,

2157 1653 2394 1708 Marcelli
2430 1669 2595 1708 causa
2636 1652 2836 1707 iterum
2861 1652 3107 1707 discussa
3132 1660 3233 1705 est.
3261 1650 3328 1704 Et
3352 1649 3456 1720 73
3482 1664 3608 1705 cum
3646 1648 3737 1705 ille

2158 1746 2467 1816 improbum
2494 1746 2719 1811 librum,
2747 1745 2893 1800 sicut
2931 1752 3089 1799 antea
3128 1743 3478 1814 promiserat,
3506 1741 3736 1797 combu-

2158 1854 2281 1893 rere
2308 1847 2609 1903 recusaret,
2648 1838 2890 1909 episcopi
2918 1838 3011 1909 qui
3044 1836 3276 1891 aderant
3300 1835 3476 1905 ipsum
3512 1833 3732 1905 quidem

2157 1929 2553 2001 deposuerunt,
2581 1930 2840 1985 Basiliam
2868 1945 3000 1983 vero
3039 1929 3158 1998 ejus
3181 1926 3300 1981 loco
3324 1928 3591 1996 Ancyram
3630 1924 3734 1978 mi~

2158 2029 2367 2077 serunt.
2394 2022 2564 2077 Porro
2587 2021 2735 2075 hunc
2757 2019 2996 2075 Marcelli
3021 2019 3225 2073 librum
3250 2015 3523 2071 Eusebius
3559 2014 3737 2068 tribus

2152 2118 2525 2173 voluminibus
2571 2115 2899 2179 confutavit,
2944 2128 3169 2185 pravam
3219 2111 3365 2166 illius
3419 2108 3733 2179 opinionem

2151 2206 2473 2278 coarg’uens.
2525 2206 2813 2260 Marcellus
2855 2219 2988 2259 vero
3031 2202 3378 2272 postmodum
3424 2200 3477 2255 in
3526 2199 3735 2271 synodo

2152 2296 2465 2352 Sardiccnsi
2510 2296 2898 2367 episcopatum,
2932 2293 3307 2365 recuperavit,
3352 2307 3476 2347 cum
3522 2290 3734 2345 diceret

469 2387 675 2442 librum
720 2402 880 2443 suum
924 2402 1035 2443 non
1079 2395 1229 2443 recte
1268 2386 1607 2443 intellectum
1645 2386 1835 2453 fuisse,
1875 2395 2038 2457 atque
2079 2386 2284 2441 idcirco
2336 2402 2394 2442 se
2432 2388 2486 2443 in
2524 2387 2890 2458 suspicionem
2932 2384 3180 2450 venisse,
3221 2383 3377 2454 quasi
3421 2382 3566 2440 idem
3606 2396 3731 2437 cum

470 2482 641 2541 Paulo
679 2482 1035 2539 Samosateno
1054 2484 1304 2540 sentiret.
1334 2484 1537 2540 Verum
1573 2481 1675 2539 hac
1702 2483 1768 2539 de
1803 2500 1862 2540 re
1888 2482 2137 2540 dicemus
2158 2498 2258 2540 suo
2284 2483 2422 2539 loco.

1047 2621 1298 2675 ΚΕΦΑΛ.
1339 2621 1462 2676 ΛΖ⁹.

471 2711 663 2783 ὀπως
693 2711 919 2783 Ἄρειος
954 2713 1108 2783 μετὰ
1150 2712 1266 2779 τὴν
1308 2714 1657 2769 Ἀθανασίου
1685 2714 1928 2783 ἐξορὶιιν
1973 2717 2042 2769 ἐκ

538 2781 651 2850 τῆς
694 2781 1139 2856 Ἀλεξανδρείας
1187 2782 1310 2856 ὑ.πρ
1359 2784 1465 2838 τοῦ
1526 2781 1830 2856 βασιλέως
1866 2803 2043 2856 μετατ

536 2851 847 2925 πεμφθεὶς,
892 2852 1157 2925 ταραχὰς
1217 2854 1505 2925 ἐκίνησεν
1546 2851 1907 2925 Ἀλεξάνδρῷ
1961 2855 2042 2923 τῷ

537 2922 846 2987 ἐπισκόπῳ
883 2924 1338 2979 Κωνσταντίνου
1369 2924 1620 2992 πόλεως.

535 3014 871 3085 Τριακοστὸν
904 3013 961 3067 δὲ
1004 3012 1124 3078 ἔτος
1163 3017 1263 3086 τῆς
1302 3014 1580 3086 βασιλείας
1628 3017 2039 3073 Κωνσταντίνου

464 3106 671 3161 τούτων
700 3107 1003 3177 γινομένων
1036 3107 1357 3179 ἐπληροῦτο.
1394 3110 1505 3162 Καὶ
1549 3110 1768 3181 ’Δρειος
1800 3112 1897 3165 σὺν
1929 3113 2039 3174 τοῖς

465 3199 597 3271 περὶ
622 3198 783 3252 αὑτὸν
812 3198 922 3270 (64)
945 3198 1267 3253 καταλαϐὼν
1293 3199 1393 3272 τὴν
1426 3200 1855 3273 Ἀλεξάνδρειαν,
1883 3199 2038 3267 αὖθις

462 3290 593 3363 ὅλην
618 3291 902 3361 ἐτάραττε,
921 3290 1016 3345 τοῦ
1044 3292 1441 3365 Ἀλεξανδρέων
1460 3293 1590 3347 λαοῦ
1620 3294 2037 3366 δυσφοροῦντος,

463 3381 555 3434 ini
606 3397 667 3434 τε
710 3383 778 3452 τῇ
838 3380 1047 3451 Ἀρείου
1100 3381 1311 3453 καθόδῳ
1368 3383 1460 3435 καὶ
1507 3384 1615 3439 τῶν
1665 3385 1800 3456 ἀμφ’
1834 3387 2036 3453 αὑτὸν,

2705 2623 2855 2681 CAP.
2901 2610 3161 2678 XXXVII.

2148 2716 2419 2784 Quomodo
2464 2725 2580 2787 post
2638 2716 2886 2787 exsilium
2933 2716 3213 2787 Athanasii
3273 2715 3432 2770 Arius
3592 2714 3723 2787 imp.

2217 2785 2729 2858 Constantinopolim
2784 2797 3032 2858 euocatus
3088 2786 3270 2840 turbas
3320 2785 3563 2841 excitavit
3623 2785 3722 2838 ed—

2220 2876 2399 2914 versus
2425 2856 2790 2913 Alexandrum
2812 2856 2919 2914 CP.
2951 2856 3267 2929 episcopum.

2215 3018 2353 3072 Dum
2385 3017 2501 3072 hare
2542 3023 2829 3087 geruntur,
2871 3016 3179 3072 tricesimus
3221 3015 3596 3085 complebatur
3628 3030 3723 3070 an-

2142 3125 2247 3164 nus
2288 3108 2504 3179 imperii
2528 3108 2893 3163 Constantini.
2922 3109 2991 3162 Et
3020 3108 3183 3163 Arius
3208 3107 3430 3178 quidem
3459 3122 3566 3161 una
3596 3122 3719 3161 cum

2138 3200 2503 3255 sectatoribus
2529 3199 2735 3254 erroris
2768 3198 2851 3254 sui
2881 3198 3266 3254 Alexandriam
3312 3213 3602 3264 reversus,
3634 3206 3720 3252 to—

2139 3301 2249 3346 tam
2278 3293 2459 3347 denuo
2504 3291 2782 3346 civitatem
2814 3292 3181 3361 perturbavit,
3215 3307 3339 3347 cum
3391 3290 3718 3346 Alexandri-

2135 3401 2333 3439 norum
2358 3385 2594 3455 populus
2627 3392 2682 3439 et
2719 3384 2833 3439 Arii
2873 3384 3111 3439 reditum
3138 3400 3263 3439 eum
3302 3384 3486 3449 sociis,
3510 3392 3567 3437 et
3599 3386 3718 3453 epi-

463 3470 559 3526 καὶ
594 3473 677 3526 ὅτι
725 3474 755 3526 δ
796 3473 1091 3536 ἐπίσκοπος
1137 3473 1314 3527 αὐτῶν
1349 3475 1791 3541 Ἀθανάσιος,είς
1820 3478 2034 3549 ἐξορίαν
2062 3478 2104 3535 C
2138 3492 2249 3547 $00]

1932 3480 2034 3533 ›ίαν
2062 3478 2104 3535 C
2138 3479 2287 3547 scopi
2332 3478 2418 3532 sui
2465 3478 2750 3532 Athanasii
2808 3478 3063 3533 exsilium
3108 3477 3336 3531 moleste
3373 3475 3559 3531 ferret.
3610 3476 3718 3530 lm-

462 3564 788 3620 ἀπέσταλτο.
835 3565 924 3627 Ὧς
969 3565 1025 3618 δὲ
1064 3565 1095 3617 δ
1140 3556 1389 3635 βασιλεὺς
1434 3567 1762 3621 ἐπυνθάνετο
1792 3568 2037 3642 διεστρά-

456 3654 593 3723 φθαι
630 3654 729 3726 τὴν
772 3655 981 3725 ’Δρείου
1025 3654 1286 3727 γνώμην,
1326 3659 1716 3730 μετάπεμπτον
1762 3657 1917 3725 αὖθις
1957 3664 2037 3728 είς

458 3746 559 3817 τὴν
594 3745 1009 3801 Κωνσταντίνου
1030 3747 1183 3824 πόλιν
1211 3748 1366 3817 ἥκειν
1386 3749 1548 3803 αὑτὸν
1580 3750 1854 3815 ἐκέλευσε,
1878 3754 2035 3823 λόγον

455 3835 700 3890 δώσοντα
731 3829 807 3890 ὧν
834 3832 990 3901 αὖθις
1024 3828 1300 3890 ἀνακινεῖν
1331 3838 1626 3908 ἐπεχείρει.
1663 3840 1956 3912 Ἐτύγχανε
1979 3842 2035 3896 δὲ

458 3928 580 3983 τότε
604 3929 703 3999 τῆς
743 3930 801 3982 ὲν
830 3930 1242 3984 Κωνσταντίνου
1278 3930 1430 4004 πόλει
1468 3931 1749 4004 προεστὼς
1782 3933 2032 3999 Ἀλέξανο

455 4020 582 4091 δρος
626 4020 972 4091 Ἐκκλησίας,
1015 4003 1600 4094 Μητροφάνηντπάλαι
1628 4024 2025 4096 διαδεξάμενος.

454 4108 658 4166 Τοῦτον
685 4112 777 4167 τὸν
807 4112 975 4186 ἄνδρα
1003 4112 1226 4187 θεοφιλῆ
1255 4114 1407 4180 ὄντα,
1438 4115 1473 4186 ἡ
1503 4115 1640 4188 πρὸς
1669 4117 1887 4187 Ἀρειον
1909 4119 2029 4171 τότε

2132 3577 2353 3638 perator
2398 3585 2532 3624 vero
2590 3585 2712 3624 cum
2755 3585 3069 3640 perversam
3130 3585 3251 3625 esse
3309 3569 3424 3624 Arii
3478 3576 3720 3623 mentem

2131 3661 2453 3731 accepisset,
2482 3676 2608 3715 eum
2652 3677 2846 3715 rursus
2884 3660 3416 3732 Constantinopolim
3447 3662 3716 3724 evocavit,

2131 3755 2399 3809 rationem
2427 3752 2771 3807 redditurum
2802 3754 3088 3808 turbarum
3120 3769 3184 3808 ac
3215 3753 3547 3808 seditionum
3581 3768 3720 3823 quas

2134 3846 2319 3901 denuo
2360 3846 2641 3901 concitare
2665 3861 2955 3917 aggressus
2999 3854 3162 3902 esset.
3217 3846 3551 3902 Prmsidebat
3590 3856 3720 3904 tunc

2130 3937 2750 4008 Constantinopolitanm
2787 3939 3045 4007 Ecclesiae
3079 3938 3410 4003 Alexander,
3453 3939 3547 4008 qui
3578 3940 3718 4009 jam-

2135 4028 2349 4099 pridem
2388 4029 2737 4101 Metrophani
2779 4038 3139 4087 successerat.
3186 4031 3342 4087 Hunc
3382 4032 3564 4088 virum
3603 4033 3717 4087 Deo

2134 4129 2420 4191 acceptum
2457 4121 2649 4189 fuisse,
2681 4137 2750 4178 ex
2786 4125 3087 4180 certamine
3131 4123 3277 4194 quod
3317 4125 3393 4179 illi
3436 4125 3540 4179 fuit
3585 4140 3711 4180 eum

1664 4274 1929 4331 VALESII
1967 4276 2511 4339 ANNOTATIONES.

527 4406 640 4479 (65)
694 4406 806 4479 Τοῦ
853 4408 1305 4477 συγγραφὲν-τος
1343 4408 1505 4476 αὑτῷ
1548 4409 1818 4473 βιϐλίου.
1865 4409 2035 4465 Liber

455 4478 546 4561 ille
564 4478 815 4561 hlarcelii‘
847 4479 1144 4561 inscriptus
1180 4490 1319 4544 erat,
1350 4480 1785 4561 De_s_ubje£tiorre
1815 4480 2031 4561 Christi,

456 4556 515 4602 ut
537 4549 707 4620 docet
732 4548 971 4603 Hilarius
1001 4550 1054 4602 in
1092 4548 1399 4620 fragmento
1444 4548 1573 4605 libri
1610 4552 1684 4604 De
1715 4551 1960 4620 synodis.

525 4617 636 4689 (64)
663 4620 769 4673 Καὶ
805 4620 1033 4689 Ἀρειος
1058 4617 1327 4685 σὺνίτοῖς
1359 4622 1491 4687 περὶ
1533 4617 1887 4681 athon-etc.
1934 4621 2034 4676 llic

455 4686 710 4743 Socrates
736 4688 992 4760 Rufinum
1024 4698 1306 4745 auctorem
1332 4686 1555 4746 secutus
1574 4698 1678 4755 est,
1712 4692 1807 4760 qui
1836 4691 2031 4746 Arium

452 4767 574 4828 post
615 4758 883 4830 synodum
946 4759 1497 4831 llierosolymitanam
1570 4758 1854 4817 reversum
1911 4778 2035 4817 esse

2131 4417 2756 4495 scribitAlexandriam,
2796 4436 2859 4475 ae
2876 4421 3049 4495 paulo
3073 4430 3217 4495 post,
3248 4437 3373 4495 cum
3399 4433 3545 4478 artos
3590 4426 3707 4495 ejus

2130 4488 2269 4562 nihil
2315 4490 2426 4544 illic
2465 4491 2818 4559 proﬁcerent,
2863 4488 3397 4562 Constantinopolim
3434 4495 3505 4548 ab
3538 4488 3708 4548 Eusc-

2132 4557 2225 4612 bio
2265 4575 2384 4614 esse
2413 4557 2748 4615 revocatum.
2787 4562 2893 4617 Sed
2923 4563 3038 4617 haec
3080 4557 3264 4618 omnia
3308 4564 3441 4619 falsa
3471 4574 3618 4628 sunt,
3648 4576 3708 4623 ut

2131 4644 2297 4705 supra
2311 4633 2537 4705 monui,
2566 4647 2689 4705 eum
2716 4632 2880 4705 Arius
2904 4633 2997 4705 diu
3039 4643 3164 4689 ante
3212 4635 3481 4705 synodum
3516 4635 3706 4693 Hiero-

2131 4701 2512 4772 solymitanam
2546 4702 2730 4758 vivere
2766 4702 3012 4758 desierit.

1869 4916 2253 4974 VARIORUM.

449 5033 770 5158 metrogiolis
795 5044 902 5115 est,
929 5034 1242 5116 episcopus,
1294 5036 1531 5091 concilio
1578 5038 1887 5109 Ancyrano,
1920 5055 2018 5092 an-
2050 5043 2093 5097 D
2121 5056 2251 5094 num
2298 5042 2525 5097 verbum
2571 5058 2741 5097 unum
2783 5053 2946 5113 atque
2992 5045 3134 5100 idem
3184 5058 3269 5103 est
3305 5064 3428 5103 eum
3456 5050 3697 5118 homine,

449 5119 521 5158 no
548 5101 609 5158 31
681 5105 891 5158 habito.
919 5104 1157 5158 nrmfutt.
1183 5122 1228 5158 ει
1251 5122 1357 5158 qua
1384 5105 1517 5158 ﬁdes
1545 5107 1735 5158 libello
1757 5109 2020 5158 svnodieo
2122 5126 2229 5158 mm
2260 5123 2548 5158 mmmam-
2575 5123 2670 5158 mu
2697 5115 2988 5158 hvnngmei.
3025 5132 3123 5158 ηρρ
3170 5120 3328 5158 αιίιριι
3353 5121 3578 5158 ηηιηίηη
3609 5139 3695 5158 ρο-

448 5119 521 5161 no
548 5101 665 5179 315_
681 5105 891 5170 habito,
919 5101 1157 5179 priefuit,
1183 5105 1228 5179 si
1245 5122 1357 5179 qua
1378 5105 1517 5179 fides
1545 5101 1735 5162 libello
1757 5109 2020 5179 synodico

446 5190 609 5247 quem
633 5175 850 5247 Pappus
870 5175 1072 5239 edidit;
1122 5175 1353 5247 cuiﬁfere
1376 5177 1429 5230 in
1453 5178 1555 5232 hac
1591 5188 1745 5247 parte
1778 5175 2019 5233 subscri-

446 5246 663 5314 ptiones
698 5246 862 5316 hujus
886 5247 1090 5318 synodi
1126 5246 1493 5318 suffragantur
1520 5266 1533 5301 :
1564 5246 1867 5318 utcunque,
1892 5264 2015 5303 eer-

446 5325 563 5369 tum
587 5325 672 5371 est
701 5315 902 5387 sanctae
920 5315 1131 5387 Synodo
1157 5315 1387 5372 Nicaente
1412 5318 1565 5372 illum
1596 5315 1932 5383 interfuisse,
1961 5320 2014 5373 in

445 5400 553 5507 gua
598 5401 698 5456 pro
746 5386 852 5441 fide
898 5386 1169 5441 catholica
1203 5386 1469 5442 adversus
1510 5389 1742 5443 Arianos
1792 5399 2016 5443 strenue

484 5456 764 5507 isnutavit.
801 5457 995 5507 Postea
1020 5471 1173 5507 vero.
1203 5457 1332 5507 dum
1375 5458 1540 5507 imnia
1586 5459 1787 5507 Asterii
1824 5461 2015 5507 snnhi-

484 5456 764 5530 isputavit.
801 5457 995 5530 Postea
1020 5471 1173 5530 vero,
1203 5457 1332 5530 dum
1369 5458 1542 5530 impia
1583 5459 1788 5515 Asterii
1824 5461 2015 5530 sophi-

444 5534 541 5597 sta;
596 5527 799 5597 scripta
837 5528 1217 5583 vehementius
1252 5527 1544 5593 refelleret,
1580 5531 1636 5584 in
1683 5527 2014 5585 contrariam

445 5594 782 5661 Sabelliifac
835 5598 1067 5667 perinde
1099 5600 1250 5652 Pauli
1284 5598 1621 5655 Samosateni
1663 5601 1897 5655 haeresin
1928 5602 2014 5655 in-

442 5674 636 5743 cautus
660 5669 924 5743 impegit;
956 5669 1162 5743 docens
1185 5670 1382 5724 Filium
1408 5686 1530 5743 esse
1552 5672 1705 5738 λόγον
1750 5689 2013 5743 προφορι-

442 5737 561 5800 κὸν,
612 5737 829 5794 υετὺὶιηί
873 5739 1224 5810 prolatitium,
1266 5757 1367 5796 nec
1396 5742 1571 5810 ‘aliam
1620 5737 1741 5797 esse
1786 5737 1817 5797 ἐι
1856 5737 2014 5796 Patre

444 5822 757 5881 personam,
792 5810 849 5861 ἓν
873 5806 928 5863 δὲ
976 5811 1068 5863 καὶ
1121 5811 1315 5864 ταύτὸν
1369 5806 1505 5865 εἶναι
1558 5813 1634 5881 τῷ
1671 5811 1808 5880 Θεῷ,
1848 5829 2015 5865 unum

444 5885 604 5952 atque
631 5880 768 5936 idem
795 5897 911 5935 cum
944 5881 1053 5937 Deo
1072 5897 1202 5949 esse,
1232 5880 1692 5954 quemadmodum
1724 5892 1781 5939 et
1819 5881 2015 5938 huma—

2122 5126 2229 5164 non
2256 5123 2549 5192 potestate,
2575 5123 2670 5167 aut
2697 5115 2995 5192 bypostasi,
3025 5132 3148 5192 nee
3169 5120 3328 5192 aliter
3353 5121 3578 5176 omnino
3609 5115 3695 5177 se;

2121 5183 2364 5253 parabile
2386 5224 2400 5247 ,
2441 5198 2601 5253 quam
2639 5183 2811 5238 solius
2849 5188 3183 5253 operationis
3211 5191 3433 5252 effectu,
3464 5202 3568 5247 etc.
3598 5192 3699 5248 Hic

2120 5251 2215 5331 diu
2256 5253 2401 5307 inter
2429 5251 2742 5331 Catholicos
2771 5251 3009 5331 delituit,
3039 5268 3096 5331 et
3129 5259 3425 5315 Sabelliani
3468 5262 3695 5331 dogma-

2122 5326 2192 5400 ti_s
2229 5335 2543 5400 accusatus,
2589 5326 2699 5400 hoc
2727 5342 2785 5400 se
2811 5327 2940 5400 __telo
2969 5327 3234 5400 defendit,
3267 5333 3410 5400 quod
3446 5326 3694 5387 commu-

2120 5393 2285 5470 nione
2324 5394 2759 5470 Jti_lii_,__cpiscopi
2810 5396 3061 5470 Romani,
3093 5400 3158 5454 ad
3188 5393 3353 5470 quem
3384 5405 3537 5457 exsul
3566 5419 3697 5458 con-

2120 5463 2355 5536 fugerat,
2378 5463 2785 5536 fefelle‘ratque,
2815 5469 3061 5523 munitus
3078 5463 3243 5526 esset.
3274 5471 3514 5527 Tandem
3545 5474 3695 5531 larva

2114 5533 2392 5598 detracta,
2459 5533 2700 5591 haeretici
2746 5547 2929 5591 notam
2983 5540 3053 5593 ab
3102 5542 3357 5596 omnibus
3397 5542 3695 5599 Catholicis

2113 5604 2165 5657 ei
2226 5605 2461 5659 inustam
2536 5608 2677 5661 tulit.
2754 5607 2889 5661 Vide
2965 5608 3263 5666 Eusebium
3333 5613 3429 5666 lib.
3500 5624 3689 5669 contra

2114 5674 2464 5748 Marcellum,
2516 5688 2571 5732 et
2616 5680 2690 5732 De
2740 5678 3109 5736 ecclesiastica
3141 5682 3469 5748 Theologia,
3518 5684 3615 5739 lib.
3649 5702 3685 5746 ι,

2114 5746 2598 5887 2ει(ὶί›ἰ(μιιε
2634 5749 2855 5819 passim.
2908 5749 3070 5820 (Guil.
3105 5751 3277 5821 Cave,
3315 5746 3381 5809 ad
3410 5746 3538 5810 ann.
3561 5753 3689 5825 350,

2114 5831 2234 5887 pag.
2267 5831 2386 5873 132.
