4524 6582
521 482 620 541 189

1106 605 1334 658 ΚΕΦΑΛ
1345 646 1357 659 .
1416 605 1488 662 Γ⁹.

515 697 706 782 Ὅπως
742 693 1101 783 Ἀθανιξσιρις.
1139 699 1629 783 Κωνστςιντζνου-
1645 699 1754 783 γορ
1786 701 2090 769 Νεωτέρου

580 766 883 889 Ξςὲἓιένασι
919 765 1249 834 θαρῤήσας,
1303 766 1418 834 τὴν
1464 768 1912 837 Ἀλεξάνδρειαν
1951 765 2090 826 θιατ-

511 925 963 998 Κωνσταντῖνος
1005 925 1244 998 ΔΚαῖσαρ
1278 925 1365 998 τῷ
1410 926 1536 992 λαῷ
1592 927 1704 993 τῆς
1754 930 2091 998 Καθολικῆς

863 995 1297 1064 Ἀλεξανδρέων
1358 997 1744 1064 Ἐκκλησίας.

582 1087 714 1141 Ούδὲ
759 1087 858 1157 τῆς
906 1087 1180 1158 ὑμετέρας
1226 1088 1376 1158 ἱερᾶς
1412 1088 1618 1152 ἐννοίας
1650 1089 2092 1160 ἀποπεφευγέναι

510 1179 590 1242 εἰς
623 1177 823 1246 γνῶσιν
849 1177 963 1249 (79)
989 1171 1168 1247 οἶμαι,
1217 1175 1464 1231 διατοῦτο
1508 1177 1823 1231 Ἀθανάσιον
1865 1179 1958 1232 τὸν
1996 1180 2090 1232 τοὺ

513 1267 887 1340 προσκυνητοῦ
938 1267 1102 1337 νόμου
1149 1267 1435 1338 ὑποφήτην
1480 1266 1618 1338 πρὸς
1664 1267 1852 1340 καιρὸν
1885 1270 1964 1333 εἰς
1993 1270 2092 1334 τὰς

512 1354 740 1420 Γαλλίας
795 1356 1158 1418 ἀπεστάλθαι,
1216 1358 1303 1411 ἴνα
1357 1358 1545 1429 ἐπειδὴ
1587 1360 1620 1428 ἡ
1674 1359 1934 1430 ἀγριότης
1979 1361 2092 1414 τῶν

515 1447 822 1520 αίμοδόρων
854 1447 950 1502 καὶ
985 1447 1258 1520 πολεμίων
1288 1447 1450 1502 αὑτοῦ
1481 1449 1711 1521 ἐχθρῶν,
1741 1453 1818 1514 είς
1851 1452 2092 1505 κίνδυνον

512 1540 609 1610 τῆς
641 1541 792 1611 ἱερᾶς
830 1539 996 1594 αὑτοῦ
1036 1540 1282 1612 κεφαλῆς
1329 1541 1581 1611 ἐπέμενε,
1617 1540 1690 1615 μὴ
1724 1541 1832 1613 ἄρα
1875 1543 1961 1596 διά
1995 1543 2094 1613 τῆς

513 1631 621 1682 τῶν
659 1629 879 1698 φαύλων
911 1631 1242 1701 διαστροφῆς
1271 1631 1546 1699 ἀνήκεστα
1579 1631 1810 1704 ὑποστῇ.
1853 1633 1997 1705 Πρὸς
2033 1633 2094 1686 τὸ

513 1719 790 1785 διαπαῖξαι
846 1721 1024 1774 τοίνυν
1059 1721 1283 1790 ταύτην,
1335 1721 1586 1794 ἀφῃρέθη
1635 1723 1742 1776 τῶν
1797 1722 2093 1794 φαρύγγων

513 1812 621 1864 τῶν
649 1812 1014 1882 ὶπικειμένων
1042 1810 1190 1882 αὑτῷ
1218 1811 1448 1882 ἀνδρῶν,
1478 1813 1570 1865 ὑπ’
1615 1814 1739 1884 ἐμοὶ
1766 1815 1972 1882 διάγειν
2003 1833 2094 1867 κε-

1508 488 1825 544 HISTORIA
1863 481 2419 549 ECCLESIASTICA.
2460 525 2530 533 —
2567 493 2694 549 LIB.
2738 495 2801 549 ll.

3667 495 3766 554 ιθο

2846 610 2994 667 CAP.
3025 610 3110 665 Ill.

2240 702 2512 768 Quomodo
2546 704 2868 758 Athanasius
2892 701 3230 758 Constantini
3257 700 3496 755 Junioris
3525 701 3712 756 litteris

2561 773 2750 843 fretus,
2775 773 3160 828 Alexandriam
3197 773 3372 825 rediit.

2297 932 2672 990 Constantinus
2697 932 2874 1006 Ctesar
2897 934 3085 1006 p0pulo
3111 933 3355 988 Ecclesia:
3381 931 3662 988 Catholica:

2733 1005 3236 1058 Alexandrinorum.

2261 1096 2373 1150 Nec
2407 1094 2763 1149 sanctissima:
2796 1095 2996 1150 mentis
3017 1102 3210 1149 vestrae
3244 1094 3493 1148 notitiam
3529 1094 3767 1148 arbitror

2191 1187 2495 1256 praaterire,
2510 1186 2870 1240 Athanasium
2892 1186 3216 1240 veneranda:
3239 1186 3371 1255 legis
3389 1186 3764 1255 interpretem,

2192 1280 2259 1332 ad
2291 1287 2506 1348 tempus
2532 1277 2738 1332 idcirco
2760 1278 2985 1331 tnissum
3018 1293 3137 1331 esse
3170 1277 3224 1330 in
3251 1276 3474 1340 Callias,
3502 1292 3595 1337 nc,
3626 1292 3766 1344 quo-

2192 1371 2338 1424 niam
2379 1379 2733 1423 cruentorum
2767 1371 2885 1438 ejus
2906 1369 3144 1422 hostium
3179 1368 3368 1422 feritas
3401 1367 3771 1421 sacratissimo

2195 1461 2339 1515 illius
2373 1461 2535 1530 capiti
2579 1470 2884 1514 extremum
2931 1460 3236 1529 perieulum
3279 1460 3608 1522 minabatur,
3654 1458 3770 1527 ipse

2194 1567 2290 1620 per
2322 1550 2585 1605 nefariam
2627 1551 3004 1620 improborum
3037 1550 3320 1604 hominum
3357 1550 3768 1619 perversitatem

2194 1643 2333 1695 mala
2381 1642 2702 1696 insanabilia
2757 1643 3072 1696 sustineret.
3111 1640 3500 1707 Quamobrem,
3534 1648 3594 1693 ut
3628 1641 3770 1694 hanc

2195 1733 2467 1788 feritatem
2497 1733 2748 1796 evitarct,
2782 1742 3004 1802 ereptus
3037 1743 3120 1788 est
3155 1733 3405 1786 faucibus
3441 1746 3631 1784 eorum
3675 1730 3770 1798 qui

2194 1825 2365 1894 ipsius
2385 1825 2549 1894 capiti
2579 1824 2955 1888 imminebant,
2973 1825 3266 1894 jussusque
3292 1823 3392 1876 sub
3419 1836 3540 1876 mea
3564 1821 3770 1875 ditione

513 1901 756 1966 λευσθεὶς
792 1901 983 1968 οὑτως,
1011 1902 1086 1965 ὡς
1127 1905 1184 1954 ὲν
1234 1901 1402 1973 ταύτῃ
1435 1906 1500 1974 τῇ
1543 1903 1695 1957 πόλει
1744 1909 1800 1959 ἐν
1895 1906 2091 1977 διέτριο
2125 1953 2166 2010 Β
2197 1917 2299 1986 dog

1982 1924 2091 1977 τριο
2125 1953 2166 2010 Β
2197 1917 2414 1986 degere,
2448 1915 2521 1968 ita
2545 1923 2606 1969 ut
2631 1915 2682 1969 in
2724 1931 2786 1969 ea
2815 1915 2951 1968 urbe
2977 1929 3140 1982 quam
3170 1913 3407 1967 incolere
3438 1921 3768 1981 prmceptum

514 1995 628 2059 ὗεν,
669 1995 803 2048 πᾶσι
833 1997 947 2058 τοῖς
993 1995 1310 2063 ἀναγκαίοις
1352 1997 1754 2062 ὲκπλεονάξειν,
1792 2000 1838 2050 εἰ
1874 1999 1967 2050 καὶ
1996 2016 2090 2051 τα-

519 2086 749 2157 μάλιστα
794 2084 960 2140 αὑτοῦ
995 2087 1028 2156 ἡ
1070 2086 1310 2157 ἀοίδιμος
1355 2088 1525 2159 ἀρετὴ
1551 2089 1670 2151 ταῖς
1701 2088 1874 2152 θείαις
1905 2107 2093 2142 πεποι-

516 2179 639 2232 θυῖα
681 2178 978 2248 βοηθείαις,
1008 2180 1104 2231 καὶ
1152 2179 1218 2232 τὰ
1257 2179 1354 2248 τῆς
1383 2179 1720 2250 τραχυτέρας
1758 2179 1925 2250 τύχης
1954 2181 2090 2252 ἄχθη

513 2267 798 2334 ἐξουθενεῖ.
846 2269 1146 2339 Τοιγαροῦν
1198 2271 1247 2322 εἰ
1302 2271 1395 2322 καὶ
1438 2270 1744 2338 ταμά).ιστα
1800 2271 1935 2342 πρὸς
1994 2271 2092 2342 τὴν

513 2358 986 2431 προσφιλεστάτην
1032 2359 1187 2430 ὑμῶν
1217 2359 1545 2422 θεοσέϐειαν,
1589 2363 1617 2413 6
1653 2361 1913 2430 δεσπότης
1939 2361 2093 2431 ἡμῶν

511 2452 541 2502 6
581 2449 682 2519 τῆς
713 2449 987 2520 μακαρίας
1018 2449 1238 2519 μνήμης
1283 2450 1690 2513 Κωνστανττνος
1732 2451 1760 2502 ὀ
1803 2449 2090 2513 Σεσαστδς,

511 2539 542 2592 6
589 2541 718 2610 ἐμὸς
747 2540 953 2611 πατὴρ,
993 2540 1084 2591 τὸν
1129 2538 1290 2592 αὑτὸν
1335 2539 1632 2592 ἐπίσκοπον
1673 2539 1754 2610 τῷ
1785 2539 1900 2610 ἰδίῳ
1945 2541 2095 2612 τόπῳ

515 2632 820 2700 παρασχεῖν
848 2628 1151 2704 προῄρητο,
1173 2631 1321 2701 ὅμως
1343 2629 1529 2700 ἐπειδὴ
1553 2629 1879 2702 ἀνθρωπίνῳ
1910 2632 2095 2704 κλήρῳ

516 2719 872 2791 προληφθεὶς,
923 2721 1028 2792 πρὸ
1065 2720 1162 2774 τοῦ
1210 2720 1308 2791 τὴν
1338 2722 1503 2792 εὐχὴν
1534 2721 1821 2792 πληρῶσαι
1853 2724 2092 2777 ἀνεπαύ-

518 2830 668 2873 σατο,
704 2811 998 2865 ἀκόλουθον
1043 2813 1361 2884 ἡγησάμην,
1389 2814 1489 2882 τὴν
1518 2813 1838 2883 προαίρεσιν
1868 2813 1964 2866 τοῦ
1995 2813 2095 2883 τῆς

517 2903 666 2966 θείας
721 2903 945 2974 μνήμης
1013 2903 1276 2973 βασιλέως
1337 2902 1720 2974 διαδεξάμενος
1785 2903 2092 2974 πληρῶσαι.

517 2994 705 3058 ὐστις
733 2995 958 3049 ἐπειδὰν
991 2995 1090 3065 τῆς
1117 2995 1389 3065 ὑμετέρας
1422 2995 1560 3067 τύχῃ
1594 2995 1934 3067 προσόψεως,
1965 2998 2096 3068 ὅσης

515 3089 644 3157 παρ’
685 3086 820 3159 ἐμοῦ
866 3088 1043 3152 αἰδοῦς
1073 3086 1338 3158 τετύχηκε
1383 3087 1654 3156 γνώσεσθε
1688 3106 1702 3119 ’
1735 3089 1795 3142 οὑ
1831 3089 1940 3160 γὰρ
1975 3088 2098 3141 θαυ-

517 3180 741 3251 μαστὸν,
783 3179 838 3232 εἴ
856 3196 907 3232 τι
946 3179 990 3232 δ’
1034 3180 1100 3233 ἀν
1129 3179 1266 3251 ὑπὲρ
1294 3179 1457 3232 αὑτοῦ
1499 3181 1797 3248 πεποίηκα.
1833 3181 1943 3234 Καὶ
1989 3180 2098 3253 γὰρ

2197 2008 2245 2060 ei
2289 2007 2484 2070 fuerat,
2513 2007 2770 2060 omnibus
2805 2006 3131 2061 necessariis
3168 2005 3511 2059 abundaret:
3553 2002 3768 2056 tametsi

2193 2099 2309 2166 ejus
2327 2098 2525 2152 eximia
2556 2097 2731 2151 virtus
2755 2097 2940 2150 divino
2960 2095 3098 2151 freta
3121 2095 3396 2166 prmsidio,
3424 2095 3587 2149 etiam
3618 2110 3774 2162 aspe-

2196 2189 2357 2242 rioris
2382 2188 2614 2242 fortuna:
2645 2204 2917 2241 aerumnas
2939 2188 3092 2257 parvi
3134 2187 3355 2256 pendat.
3386 2184 3622 2240 Proinde
3666 2184 3771 2237 etsi

2194 2280 2446 2333 dominus
2468 2295 2530 2333 ac
2555 2295 2752 2348 parcns
2780 2288 2966 2334 noster
2989 2279 3126 2332 diva:
3156 2278 3433 2331 memoriae
3459 2276 3773 2332 Constanti-

2194 2388 2298 2424 nus
2322 2370 2618 2441 Augustus,
2644 2371 2900 2437 eumdem
2926 2370 3241 2440 episcopum
3279 2369 3333 2422 in
3359 2369 3646 2438 pristinum
3687 2365 3770 2420 lo-

2194 2478 2317 2516 cum
2358 2461 2673 2525 restituere,
2713 2477 2776 2514 ac
2803 2469 2999 2514 vestra:
3033 2457 3415 2513 sacratissima:
3446 2457 3635 2526 pietati
3661 2456 3771 2525 82

2196 2549 2422 2603 reddere
2443 2558 2825 2619 proposuerat,
2853 2548 3112 2618 quoniam
3147 2558 3326 2600 tamen
3361 2547 3599 2600 humana
3625 2555 3772 2598 sorte

2197 2650 2532 2710 praeventus,
2572 2642 2891 2710 priusquam
2930 2649 3119 2694 votum
3161 2655 3320 2692 suum
3362 2638 3660 2707 implesset,
3707 2652 3774 2689 ex

2196 2732 2298 2785 hac
2321 2733 2442 2786 luce
2472 2733 2746 2803 migravit,
2765 2739 3192 2786 consentaneum
3216 2746 3336 2785 esse
3361 2729 3689 2792 existimavi,
3716 2737 3776 2781 ut

2196 2825 2335 2880 diva:
2382 2825 2658 2879 memoria:
2703 2823 2970 2894 principis
3012 2823 3389 2894 propositum,
3439 2836 3540 2891 ego
3586 2828 3776 2889 utpote

2199 2914 2395 2978 hmres,
2429 2914 2764 2968 exsecutioni
2797 2912 3132 2966 mandarem.
3162 2910 3371 2978 Quanta
3408 2925 3578 2981 porro
3619 2925 3777 2964 reve—

2199 3003 2374 3057 rentia
2402 3001 2477 3056 illi
2503 3017 2533 3055 a
2564 3001 2725 3056 nobis
2765 3001 3011 3056 exhibita
3046 3000 3233 3064 fuerit,
3258 3016 3326 3055 ex
3348 3015 3414 3054 eo
3449 2999 3588 3069 ipso,
3613 2998 3776 3053 simul

2199 3095 2441 3164 atquein
2480 3105 2832 3163 conspectum
2856 3103 3099 3148 vestrum
3138 3092 3375 3156 venerit,
3413 3090 3774 3162 cognoscetis.

2199 3185 2309 3238 Nec
2332 3185 2551 3248 mirum,
2577 3185 2697 3254 ejus
2720 3183 2892 3254 gratia
2934 3182 3140 3252 aliquid
3179 3198 3209 3236 a
3235 3197 3321 3236 me
3348 3181 3550 3236 factum
3586 3179 3772 3234 fuisse.

515 3272 614 3343 τὴν
642 3272 784 3343 ἐμὴν
803 3270 1004 3342 ψυχὴν,
1029 3273 1062 3341 ἡ
1085 3269 1183 3324 τοῦ
1210 3271 1476 3342 ὑμετέρου
1505 3270 1674 3325 πόθου
1704 3273 1888 3338 εἰκὼν,
1921 3276 2016 3327 καὶ
2041 3274 2100 3328 τὸ
2127 3288 2168 3344 c
2201 3275 2280 3329 Ad

1994 3274 2100 3328 ὶτὸ
2127 3288 2168 3344 c
2201 3275 2280 3329 Ad
2317 3275 2422 3328 hoc
2459 3275 2606 3329 enim
2646 3283 2703 3328 et
2743 3275 2920 3344 imago
2963 3272 3212 3344 quaedam
3255 3271 3459 3326 amoris
3499 3269 3689 3333 vestri,
3723 3279 3779 3323 et

513 3363 834 3434 τηλικούτου
878 3363 1069 3432 ἀνδρὸς
1114 3363 1300 3432 σχῆμα
1337 3364 1416 3425 εἰς
1441 3361 1601 3416 τοῦτο
1641 3364 1812 3416 ἐκίνει
1849 3365 1945 3417 καὶ
1971 3382 2100 3438 προ-

514 3458 764 3528 έτρεπεν.
799 3456 865 3508 Ἥ
903 3454 1023 3508 θεία
1050 3453 1284 3526 Πρόνοια
1316 3455 1460 3524 ὑμᾶς
1494 3454 1832 3523 διαφυλάξοι,
1877 3456 2099 3526 ἀδελφοὶ

514 3549 806 3621 ἀγαπητοί.
848 3547 1071 3611 Τούτοις
1119 3546 1337 3618 θαρρῶν
1369 3549 1483 3610 τοῖς
1531 3551 1856 3620 γράμμασιν
1887 3550 1915 3602 ὁ
1949 3549 2100 3602 Ἀθα-

518 3639 718 3702 νάσιος,
746 3635 1153 3706 καταλαμϐάνει
1181 3637 1280 3707 τὴν
1314 3636 1740 3709 Ἀλεξάνδρειαν·
1770 3639 1866 3692 καὶ
1908 3639 2100 3708 ἥδιστα

522 3728 619 3798 μὲν
648 3727 810 3780 αὑτὸν
835 3724 1120 3789 ἀνεδέξατο
1149 3727 1177 3777 6
1210 3725 1318 3779 τῶν
1355 3725 1747 3797 Ἀλεξανδρέων
1771 3727 1917 3791 λαός.
1945 3728 2100 3782 Ὅσοι

517 3821 573 3875 δὲ
623 3819 914 3890 ἐτύγχανον
947 3819 1344 3892 ἀρειανίζοντες
1390 3820 1447 3871 ἐν
1494 3819 1653 3890 αὑτῇ,
1703 3819 1938 3890 φατρίας
1985 3837 2101 3874 συν-

521 3913 733 3966 ίσταντο
755 3917 872 3967 κατ’
898 3914 1086 3968 αὑτοῦ.
1112 3915 1189 3966 Δι’
1220 3908 1295 3966 ὧν
1319 3917 1564 3984 συνεχεῖς
1594 3915 1810 3978 στάσεις
1836 3915 2095 3984 ἁγίνοντο·

517 4004 722 4068 αἵτινες
761 4005 1018 4059 ὑπόθεσιν
1061 4009 1324 4076 παρεῖχον
1363 4008 1476 4069 τοῖς
1520 4006 1648 4076 περὶ
1696 4007 1957 4059 Εὑσέόιον
2004 4007 2097 4059 τοῦ

519 4095 831 4151 διαϐάλλειν
859 4097 1022 4151 αὑτὸν
1057 4097 1287 4168 βασιλεῖ,
1320 4098 1400 4150 ὅτι
1433 4097 1507 4168 μὴ
1549 4097 1830 4168 κρίναντος
1856 4098 1949 4152 τοῦ
1989 4116 2102 4152 κοι-

2202 3365 2340 3419 tanti
2361 3365 2466 3418 viri
2490 3365 2700 3434 species
2725 3363 2968 3418 animum
2993 3378 3175 3417 meum
3199 3362 3370 3417 movit
3394 3369 3557 3431 atque
3582 3360 3777 3414 incita-

2203 3457 2299 3511 vit.
2337 3455 2530 3510 Divina
2570 3455 2922 3510 Providentia
2956 3470 3055 3510 vos
3096 3463 3299 3520 servet,
3339 3453 3538 3508 fratres
3570 3452 3779 3507 charis-

2205 3547 2347 3603 simi.
2404 3546 2500 3601 llis
2546 3545 2746 3600 litteris
2790 3545 2965 3601 fretus
3012 3546 3344 3601 Athanasius
3396 3543 3780 3600 Alexandriam

2205 3637 2388 3702 venit;
2415 3645 2470 3690 et
2492 3637 2726 3706 populus
2750 3637 2973 3706 quidem
3012 3636 3416 3691 Alexandrinus
3437 3651 3564 3690 eum
3601 3635 3781 3689 liben-

2209 3730 2413 3786 tissime
2439 3729 2697 3798 suscepit.
2722 3728 3000 3800 Quotquot
3027 3745 3157 3784 vero
3194 3729 3250 3782 in
3285 3728 3376 3783 illa
3402 3729 3538 3782 urbe
3571 3727 3786 3797 opinio-

2205 3843 2331 3881 nem
2352 3823 2467 3878 Arii
2494 3822 2886 3891 sequebantur,
2909 3822 3169 3876 societate
3191 3821 3347 3886 inita,
3369 3821 3634 3876 adversus
3655 3835 3783 3874 eum

2206 3915 2613 3984 conspirabant.
2639 3915 2793 3970 Unde
2833 3915 3042 3969 crebra:
3068 3923 3272 3968 exortae
3307 3922 3435 3968 sunt
3461 3913 3782 3978 seditiones,

2206 4023 2328 4076 quae
2361 4022 2549 4061 ansam
2584 4006 2939 4076 praebuerunt
2981 4005 3308 4060 Eusebianis
3355 4011 3416 4059 ut
3452 4005 3602 4059 illum
3641 4005 3784 4075 apud

2208 4099 2595 4168 imperatorem
2617 4105 2957 4162 accusarent,
2983 4097 3130 4167 quod
3153 4097 3270 4151 sine
3293 4097 3513 4152 decreto
3537 4112 3783 4151 commu-

1673 4255 1946 4311 VALESll
1985 4255 2538 4312 ANNOTATIONES.

589 4371 700 4443 (79)
750 4367 1252 4443 'Adronsgevrérat
1293 4371 1378 4432 εὶς
1412 4367 1849 4443 rubenti-ego
1884 4369 2091 4443 ἀποπε-

519 4438 776 4508 φευγέναι
805 4441 1029 4507 γνῶσιν,
1056 4450 1116 4493 ιιι
1139 4439 1402 4508 scriptum
1437 4449 1520 4492 est
1545 4438 1689 4506 apud
1724 4438 2084 4508 Athanasium

519 4505 574 4565 in
605 4505 926 4566 Defensione
967 4508 1205 4563 secunda
1247 4505 1511 4561 adversus
1559 4505 1810 4568 Arianos,
1848 4507 1941 4559 ubi
1975 4507 2090 4560 hme

518 4581 861 4638 Constantini
889 4579 1136 4635 Juuioris
1175 4577 1409 4646 epistola
1445 4577 1708 4640 refertur,
1742 4576 1868 4630 data
1903 4576 1993 4630 die
2024 4592 2092 4629 xv

2195 4369 2462 4422 Kalendas
2504 4367 2998 4438 JuliasTreviris.
3051 4367 3141 4422 Sic
3199 4369 3346 4421 enim
3389 4378 3650 4438 concepta
3700 4377 3786 4422 est

2199 4439 2538 4508 subscriptio
2576 4437 2721 4507 apud
2778 4438 3157 4492 Athanasium.
3212 4439 3401 4492 Datam
3446 4437 3628 4493 autem
3665 4455 3784 4492 esse

2200 4509 2479 4562 Feliciano
2526 4517 2585 4563 et
2638 4509 2856 4563 Titiano
2889 4524 3032 4563 coss.
3083 4508 3215 4562 alibi
3248 4508 3559 4575 observavi,
3607 4510 3660 4563 id
3701 4519 3786 4564 est

2201 4594 2348 4634 anno
2381 4577 2590 4634 Christi
2625 4578 2727 4632 557
2756 4589 2795 4631 ⁸.

1961 4733 2324 4790 VARIORUM
2334 4780 2343 4790 .

591 4866 614 4893 ο
662 4852 869 4920 Ἐδόθη

523 4916 1083 4990 Τρισέροις.”υὶιειιηι
1139 4922 1362 4976 Treviris
1419 4935 1484 4972 xv
1527 4917 1811 4990 Kalendas
1875 4916 2088 4990 Iulias,

517 4995 572 5050 id
595 4988 699 5053 est.
730 4993 794 5046 l‘l
818 4991 989 5047 Junii.
1017 4993 1092 5047 De
1129 5006 1274 5046 anno
1297 4997 1482 5044 autem
1508 4988 1791 5056 disputant
1815 4989 2093 5043 recentio-

517 5080 624 5118 res.
674 5063 924 5118 Valesius
957 5063 1089 5124 557,
1135 5061 1224 5115 alii
1250 5075 1383 5114 vero
1425 5065 1750 5126 sequentem
1793 5059 2093 5120 assignant.

517 5135 691 5188 Litem
715 5133 1002 5187 resolvunt
1025 5133 1357 5187 Athanasius
1391 5137 1446 5184 et
1475 5127 1867 5182 Theodoritus.
1895 5127 1991 5182 llle
2039 5129 2094 5182 in

517 5203 762 5274 Epistola
789 5203 858 5257 ad
898 5202 1194 5264 solitarios,
1229 5201 1392 5274 paulo
1437 5205 1564 5274 post
1597 5197 1814 5274 initium
1845 5215 1856 5250 :
1910 5197 2097 5274 Ταῷτα

517 5267 872 5342 σύνορῶντες,
908 5273 1004 5334 ait,
1028 5275 1076 5325 oi
1103 5267 1249 5340 τρεῖς
1273 5267 1510 5342 ἀδελφοί.
1546 5299 1616 5342 -ς-
1636 5267 1766 5342 Παθς
1783 5283 1899 5320 cum
1924 5268 2100 5342 anim-

519 5337 854 5398 aduerterent
901 5353 1005 5396 tres
1038 5337 1253 5411 fratres,
1297 5339 1696 5401 Constantinus,
1717 5337 2092 5411 Constantius,

519 5423 568 5468 et
599 5413 882 5477 Constans,
920 5409 1044 5483 post
1068 5413 1237 5483 patris
1261 5411 1477 5483 obitum.
1510 5425 1688 5461 omnes
1708 5410 1774 5483 in
1794 5409 2025 5476 patriam
2051 5417 2098 5483 et

517 5485 811 5538 Ecclesium
865 5479 1020 5537 suam
1057 5479 1248 5535 reverti
1283 5481 1605 5550 jusserunt:
1650 5479 1934 5550 scribentes
1977 5481 2097 5548 qui-

516 5555 635 5607 dem
667 5555 732 5606 de
753 5553 975 5624 singulis
1003 5553 1072 5606 ad
1095 5547 1338 5624 proprias
1384 5549 1694 5624 Ecclesias,__
1716 5547 1780 5624 de
1806 5547 2098 5624 Athanasio

518 5632 695 5678 autem
717 5625 788 5677 ad
814 5617 949 5678 h'nnc
976 5617 1206 5677 modum:
1269 5621 1396 5674 Post
1417 5620 1530 5673 haec
1555 5617 1848 5688 subjicitur
1875 5618 2095 5672 initium

516 5694 760 5762 epistolae
791 5693 1131 5749 Constantini
1161 5690 1424 5748 Junioris.
1455 5689 1772 5762 _lline.sane
1814 5688 1989 5756 liquet
2029 5705 2095 5742 ex

516 5759 680 5818 ιιῖὶιιηι
725 5763 956 5818 fratrum
1001 5779 1270 5817 CODSCIISU
1317 5759 1533 5814 BXSUICS
1580 5773 1770 5813 omnes
1814 5769 2099 5814 revocatos

517 5833 721 5905 fuisse;
769 5843 934 5905 atque
985 5834 1123 5888 adeo
1156 5848 1267 5888 non
1302 5846 1454 5905 anno
1493 5830 1616 5905 557,
1659 5829 1754 5905 sed
1803 5837 2092 5905 sequente,

525 5905 580 5958 l':
605 5901 756 5962 Junii
799 5899 1057 5976 scriptam
1085 5905 1250 5958 fuisse
1302 5901 1438 5954 hanc
1497 5900 1802 5970 epistolam.
1854 5899 2094 5955 Athana-

891 4852 1002 4931 ξρὸ
1030 4851 1356 4931 δεκαπέντε
1382 4845 1712 4931 Καλαχδῷν
1735 4847 2009 4931 ιἰουλίίωγ
2027 4848 2098 4902 ἐν
2129 4853 2174 4909 ι)
2199 4851 2453 4931 simulque.
2482 4865 2550 4931 ex
2587 4851 2677 4905 Gal

1995 4848 2098 4902 ’ἐν
2129 4853 2174 4909 ι)
2199 4851 2453 4931 simulque.
2482 4865 2550 4931 ex
2587 4851 2776 4905 Galliis
2819 4851 3070 4931 rediisse.
3097 4851 3424 4931 CutnOCnim
3458 4866 3612 4931 anno
3655 4852 3781 4931 357,

2199 4920 2323 4974 Maii
2352 4921 2612 4975 vicesima
2665 4922 2926 4986 secunda,
2976 4921 3369 4977 Constantinus
3421 4920 3644 4983 abierit,
3695 4923 3786 4976 vix

2201 4990 2265 5043 l7
2291 4991 2439 5046 Junii
2481 4992 2728 5061 ejusdem
2773 4993 2902 5046 anni
2942 4993 3197 5046 nuntium
3245 4991 3431 5046 obitus
3469 4991 3787 5045 Constanti-

2198 5061 2385 5132 nopoli
2413 5061 2674 5115 Treviros
2717 5063 3033 5132 pervenisse
3069 5063 3344 5116 credatur.
3380 5061 3489 5114 Nec
3525 5069 3629 5114 tam
3666 5077 3787 5132 mo-

2197 5131 2322 5185 dico
2364 5133 2627 5200 temporis
2651 5131 2960 5196 intervallo,
3004 5134 3202 5186 fratres
3233 5132 3474 5186 Ctesares
3515 5131 3783 5184 tantoiti—

2199 5217 2332 5273 nere
2385 5202 2674 5272 disjuncti.
2731 5218 2793 5256 ac
2852 5212 2959 5257 uim
3029 5203 3288 5273 gravibus
3349 5203 3483 5254 alias
3553 5202 3789 5271 negotiis

2201 5271 2486 5340 implicati.
2535 5274 2811 5327 communi
2844 5271 3114 5329 colisetisu
3162 5273 3381 5326 exsules
3411 5287 3688 5332 revocare,
3722 5287 3787 5326 ac

2202 5343 2414 5396 litteras
2451 5344 2736 5397 exsulibus
2768 5345 2982 5398 tradere
3031 5351 3351 5414 potuerunt.
3393 5340 3523 5414 Qum
3559 5349 3786 5414 sentem

2199 5413 2271 5465 tia
2307 5414 2643 5469 validissime
2676 5414 2924 5467 firmatur
2953 5411 3274 5468 Theodoriti
3305 5411 3640 5473 testimonio,
3688 5412 3785 5480 qui

2197 5483 2292 5536 lib.
2327 5499 2383 5545 ιι,
2411 5500 2529 5553 cap.
2577 5485 2628 5545 l,
2681 5485 2758 5537 ait
2796 5485 3156 5538 Athanasium
3191 5483 3414 5553 biennio
3453 5489 3509 5534 et
3546 5489 3785 5553 quatuor

2195 5550 2752 5609 mensibus—Treviris
2783 5566 3206 5609 commoratum.
3253 5552 3387 5606 Cum
3423 5554 3569 5604 enim
3619 5550 3788 5604 Atha-

2195 5625 2385 5677 nasius
2407 5624 2565 5678 initio
2593 5625 2719 5678 anni
2749 5624 2852 5678 556
2898 5625 3155 5678 Treviros
3203 5621 3508 5683 advenerit,
3542 5636 3649 5674 non
3679 5637 3783 5690 po-

2196 5694 2301 5746 tuit
2326 5694 2431 5748 nisi
2456 5710 2601 5749 anno
2647 5694 2772 5759 558,
2808 5695 2948 5750 duos
2994 5711 3167 5749 annos
3201 5703 3256 5747 et
3306 5699 3542 5761 quatuor
3567 5704 3789 5745 menses

2209 5763 2412 5838 ibidem
2450 5764 2774 5838 confecisse.
2820 5764 2924 5838 (Cl.
2958 5765 3212 5822 monachi
3267 5761 3631 5827 Benetlictini,
3667 5767 3783 5816 not.

2207 5833 2260 5888 in
2295 5833 2701 5900 Athanasium.)
