4524 6582
779 489 875 543 191

2263 480 2598 536 δυαὶεὶΐιὲ

3952 480 4055 533 192

780 609 868 661 nis
890 605 1272 675 episcoporum
1302 603 1539 666 concilii,
1562 611 1756 672 suopte
1785 610 1918 654 nutu
1949 609 2111 668 atque
2130 599 2363 654 arbitrio
2392 607 2440 662 Α
2466 597 2558 652 νοῦ

2269 600 2363 654 .i‘io
2392 607 2440 662 Α
2466 597 2558 652 νοῦ
2591 597 2866 669 συνεδρίου
2897 597 3003 650 τῶν
3030 597 3365 660 ἐπισκόπων,
3398 594 3577 664 ἐαυτῷ
3621 593 3918 666 ἐπιτρέψας
3956 596 4055 666 τὴν

782 699 1204 755 Alexandrinam
1266 699 1564 752 Ecclesium
1619 708 1960 766 occupasset.
2019 694 2367 762 Tantumque

782 792 1259 847 criminationibus
1280 791 1392 844 suis
1414 791 1713 860 perfecero,
1731 797 1790 843 ut
1813 789 1891 842 ira
1921 787 2166 857 percitus
2193 786 2366 855 impc-

785 894 936 938 rator
959 884 1284 938 Alexandria
1311 885 1461 936 illum
1485 883 1776 953 expulerit.
1807 881 1913 935 Sed
1941 896 2047 950 qua
2076 879 2286 932 ratione
2314 877 2367 932 id

785 978 985 1028 tactum
1012 975 1102 1037 sit,
1129 976 1290 1043 paulo
1312 983 1499 1043 postea
1523 974 1720 1028 dicam.

1438 1082 1587 1144 CAP.
1618 1090 1704 1144 IV.

789 1189 940 1254 Quod
967 1190 1189 1243 Eusebio
1227 1189 1489 1256 Pamphili
1512 1198 1738 1250 mortuo,
1767 1187 1988 1241 Aeacius
2014 1188 2368 1257 cpiscOputum

1324 1260 1580 1314 (Itys-orca:
1617 1260 1861 1327 suscepit.

855 1417 1005 1472 Inter
1030 1419 1144 1472 lucc
1163 1426 1377 1472 mortuo
1401 1418 1639 1470 Eusebio
1663 1417 1924 1471 Ciesarerc
1948 1413 2250 1468 Pala‘stina:
2275 1431 2369 1466 ur-

790 1511 876 1565 bis
900 1512 1178 1580 episcopo,
1206 1511 1291 1562 cui
1321 1518 1743 1577 cognomentum
1767 1516 1888 1562 erat
1913 1507 2204 1576 Pamphili,
2233 1506 2372 1559 Aca-

791 1601 910 1654 cius
933 1602 1051 1668 ejus
1077 1600 1378 1668 discipulus
1401 1600 1774 1668 episcopatum
1813 1599 2072 1666 suscepit.
2103 1598 2206 1662 Qui
2246 1597 2369 1665 qui—

792 1693 915 1745 dem
962 1703 1017 1745 ct
1063 1692 1200 1743 alios
1243 1692 1554 1759 complures
1602 1691 1774 1746 edidit
1820 1691 2025 1750 libros,
2061 1699 2116 1741 et
2154 1691 2221 1742 de.
2263 1689 2370 1740 \ita

794 1784 1145 1852 pz-zcceptoris
1175 1784 1259 1836 sui
1287 1783 1506 1837 Eusebii
1535 1783 1844 1852 specialiter
1880 1781 2117 1850 scripsit.

1459 1981 1607 2034 CAP.
1633 1977 1688 2036 V.

1136 2075 1207 2126 De
1234 2085 1398 2126 morte
1423 2073 1756 2127 Constantini
1776 2069 2032 2124 Juuioris.

863 2171 973 2224 Nec
1018 2169 1190 2222 multo
1223 2176 1344 2236 post
1381 2165 1687 2220 Constantii
1732 2163 1862 2232 imp.
1899 2161 2068 2217 frater
2101 2163 2244 2232 patri
2282 2177 2374 2216 co-

792 2261 1082 2331 gnominis,
1105 2259 1298 2312 Juuior
1329 2257 1744 2321 Constantinus,
1773 2257 1902 2308 dum
1932 2255 1986 2307 in
2009 2261 2194 2322 partes
2227 2255 2371 2307 Con--

792 2354 987 2408 stantis
1033 2353 1216 2404 I'ratris
1255 2351 1338 2402 sui
1368 2359 1497 2403 natu
1551 2349 1780 2402 minoris
1822 2354 2052 2400 conatur
2091 2346 2368 2405 invadere,

791 2455 1046 2501 conserto
1073 2460 1196 2497 cum
1228 2442 1495 2495 militibus
1517 2443 1638 2510 ejus
1663 2440 1849 2510 prwlio
1873 2438 2219 2502 iiitcrlicitur,
2245 2455 2373 2491 cou-

793 2541 971 2593 sulatu
997 2536 1262 2605 Aciiidyni
1287 2543 1341 2588 et
1368 2532 1602 2586 Proculi.

1439 2647 1547 2716 33
1574 2645 1726 2698 CAP.
1749 2644 1838 2698 Vl.

793 2745 1064 2810 Quomodo
1102 2742 1402 2796 Aliarumler
1465 2739 1864 2810 Constant-inim.
1919 2738 2186 2810 cpiscopus
2226 2736 2372 2790 Pau-

917 2815 1025 2867 lum
1070 2823 1117 2864 ct
1176 2812 1536 2865 Macedoniam
1588 2809 1855 2878 proposuit
1894 2807 2237 2860 ordinandas.

870 2968 983 3019 Sub
1023 2967 1162 3018 idem
1209 2974 1424 3033 tempus
1456 2962 1926 3031 Constantinopoli
1974 2971 2098 3032 post
2135 2963 2256 3016 illos
2292 2970 2377 3016 tu-

792 3054 997 3106 miilius
1022 3070 1159 3120 quos
1195 3068 1358 3121 supra
1386 3051 1690 3112 retulimus,
1718 3049 1860 3103 alius
1886 3050 2147 3104 continuo
2169 3051 2374 3104 excita-

795 3155 884 3198 tus
924 3155 1007 3197 est
1057 3144 1368 3213 hujusmodi
1415 3144 1482 3197 de
1527 3159 1732 3196 causa:
1783 3142 2092 3196 Alexander
2119 3145 2376 3197 Ecclesia:

794 3238 942 3291 illius
965 3239 1116 3289 urbis
1139 3238 1450 3306 episcopus,
1480 3235 1573 3304 qui
1603 3244 1793 3288 contra
1816 3234 2006 3288 Arium
2032 3244 2253 3289 strenue
2289 3237 2375 3289 di-

2484 689 2811 760 Ἐκκλησίαν
2837 689 3251 760 κατελάμϐανεν
3281 705 3294 718 ·
3331 687 3680 740 ἐπι-τοσοῦτον
3714 685 3771 739 δέ
3816 687 3914 748 τας
3940 685 4057 737 δια-

2470 780 2632 845 ϐολὰς
2689 781 2976 847 ὲξέτεινον,
3035 781 3110 844 ὡς
3153 779 3477 850 ὀργισθέντα
3516 779 3610 831 τὸν
3655 777 3900 848 βασιλέα,
3956 776 4058 846 τῆς

2482 873 2888 946 ’Λλεξανδρείας
2921 874 3192 928 ἐκϐαλεῖν.
3226 874 3351 938 Πῶς
3383 874 3480 944 μὲν
3505 869 3597 926 οὖν
3630 872 3788 926 τοῦτο
3817 872 4055 941 ἐγένετο,

2473 962 2669 1032 μικρὸν
2695 962 2922 1034 ὕστερον
2946 963 3109 1029 λέξω.

3075 1077 3325 1130 ΚΕΦΛᾹ.
3383 1079 3419 1129 Δ
3442 1118 3454 1130 .

2485 1167 2577 1229 Ὡς
2651 1167 3129 1237 τελευτήσαντος
3185 1170 3482 1222 Εἰνσεϐἰοιν
3550 1169 3656 1220 τοῦ
3718 1168 4060 1237 Παμφίλου,

2559 1236 2824 1302 ’Λπιὶιειος
2879 1239 2994 1304 τὴν
3047 1241 3394 1308 ἐπισκοπὴν·
3453 1236 3816 1307 Καισαρείας
3879 1237 4065 1291 διεδέ-

2545 1308 2710 1368 ξατο.

2560 1390 2648 1442 Ἰἰν
2677 1391 2734 1444 δὲ
2768 1393 2902 1462 τῷδε
2931 1393 3011 1465 τῷ
3051 1395 3227 1466 χρόνῳ
3253 1397 3678 1468 τελευτήσαντος
3714 1395 3977 1450 Εὑσεϐίου
4017 1395 4062 1459 τ,

2473 1481 2532 1544 ὃς
2563 1485 2662 1553 τῆς
2693 1487 2748 1538 ἐν
2782 1487 3113 1558 Παλαιστίνῃ
3154 1490 3494 1558 Καισαρείας
3523 1491 3824 1553 ἐπίσκοπος
3853 1485 3942 1561 ἦν,
3973 1491 4066 1543 καὶ

2485 1578 2583 1648 τὴν
2611 1577 2895 1645 Παμφίλου
2928 1580 3317 1649 προσωνυμίαν
3346 1582 3628 1652 ἐκέκτητο,
3672 1582 3926 1645 Ἀκακιος
3963 1599 4066 1651 μα-

2476 1667 2642 1738 Οητὴς
2664 1667 2830 1722 αὐτοῦ
2858 1671 2958 1739 τὴν
2992 1671 3297 1739 ἐπισκοπὴν
3328 1673 3631 1744 διαδέχεται
3658 1692 3670 1704 ·
3709 1675 3768 1737 ὃς
3800 1673 3936 1728 ἄλλα
3967 1674 4067 1742 μὲν

2479 1761 2657 1830 βιϐλία
2690 1762 2862 1816 πολλὰ
2906 1763 3140 1827 ἐξέθετο,
3179 1766 3273 1817 καὶ
3303 1767 3381 1828 εἰς
3410 1765 3502 1818 τὸν
3550 1766 3661 1834 βίον
3703 1767 3757 1818 δέ
3800 1766 3891 1819 τοῦ
3921 1767 4065 1820 διδα-

2480 1853 2680 1906 σκάλου
2712 1854 2877 1908 αὑτοῦ
2913 1857 3272 1926 συνέγραψεν.

3091 1971 3318 2024 ΚΕΦΛΛ
3332 2009 3344 2022 .
3387 1974 3460 2024 E'.

2479 2061 2616 2127 Περὶ
2655 2061 2766 2130 τῆς
2794 2063 3255 2117 Κωνσταντίνου
3291 2063 3395 2118 τοῦ
3427 2067 3728 2135 Νεωτέρου
3757 2065 4065 2132 τελευτῆς.

2548 2155 2681 2208 Μετ’
2702 2155 2762 2207 οὐ
2790 2154 2923 2209 πολὺ
2950 2155 3006 2208 δὲ
3030 2157 3058 2207 ὁ
3083 2154 3176 2208 τοῦ
3209 2155 3473 2224 βασιλέως
3502 2158 3885 2211 Κωνσταντίου
3913 2159 4068 2212 ἁδελ-

2483 2241 2580 2310 φὸς
2613 2241 2672 2306 ὃς
2693 2239 2759 2314 ἦν
2782 2244 3072 2314 ὁμώνυμος
3103 2244 3181 2315 τῷ
3206 2247 3398 2316 πατρὶ,
3424 2249 3452 2299 ὁ
3484 2248 3621 2310 Νὲος
3643 2248 4066 2316 Κωνσταντῖνος,

2482 2332 2650 2385 ἐπιὼν
2701 2336 2814 2394 τοῖς
2864 2335 3056 2404 μέρεσι
3106 2337 3201 2389 τοῦ
3251 2337 3372 2390 νέου
3407 2337 3637 2407 ἁδελφοῦ
3694 2339 4066 2405 Κώνσταντος,

2484 2425 2774 2495 συμϐαλών
2817 2444 2875 2478 τε
2911 2431 3025 2491 τοῖς
3069 2428 3429 2499 στρατιώταις
3461 2432 3650 2494 αὑτοῦ,
3697 2434 4000 2504 ἀναιρεῖται
4041 2440 4064 2476 ε

2483 2518 2575 2569 ὑπ’
2605 2517 2805 2580 αὐτῶν,
2833 2519 2890 2569 ἐν
2915 2519 3154 2591 ὑπατείᾳ
3187 2521 3495 2576 ’Λκινδὺνου
3535 2526 3628 2576 καὶ
3659 2525 3925 2596 Πρόκλου.

3068 2633 3322 2687 ΚΕΦΔᾹ.
3369 2634 3458 2702 τ’.

2494 2729 2587 2793 Ὡς
2629 2727 3083 2806 Ἀλέξανδροςῤ
3141 2731 3602 2806 Ιςωιςσττητίιιιιιι
3657 2734 3888 2806 mitem:
3931 2734 4068 2806 fixi-

2553 2814 2787 2863 σκοπος
2810 2800 3124 2861 τελευτῶν,
3150 2800 3270 2852 ὑπό
3279 2803 3311 2867 if,“
3330 2817 3486 2868 imor
3510 2805 3801 2868 πεποίηκε
3829 2804 4072 2857 Παῦλον

2554 2869 2653 2922 καὶ
2687 2868 3084 2922 Μακεδόνων.

2565 2961 2699 3014 Ὑπὸ
2728 2961 2785 3013 δέ
2833 2960 2923 3013 τὸν
2953 2961 3115 3012 αὑτὸν
3140 2958 3328 3012 τοῦτον
3380 2961 3570 3032 χρόνον
3600 2964 3742 3017 κατα
3789 2964 3886 3035 τὴν
3917 2967 4073 3018 Κων-

2487 3056 2764 3110 σταντίνου
2804 3056 2977 3117 πόλιν,
3002 3055 3163 3126 ἑτέρα
3192 3057 3313 3119 ταῖς
3347 3058 3642 3128 προτέραις
3668 3061 4074 3132 ἐπισυμπὶέκε-

2486 3167 2577 3202 ται
2610 3148 2846 3218 ταραχὴ,
2896 3147 2954 3211 ἐξ
2998 3147 3178 3210 αἰτίας
3217 3148 3491 3217 τοιαύτηςε
3536 3150 3880 3222 Ἀλέξανδρος
3909 3153 4017 3219 (80)
4046 3155 4074 3205 ὁ

2487 3238 2630 3292 κατὰ
2673 3239 2827 3308 τήνδε
2880 3237 2979 3307 τὴν
3030 3237 3182 3290 πόλιν
3214 3238 3324 3291 τῶν
3360 3239 3666 3310 ἐκκλησιῶν
3696 3243 3996 3312 προεστὼς,
4045 3246 4074 3294 ὁ

794 3328 1112 3387 micaverat,
1166 3345 1290 3380 cum
1339 3338 1448 3381 tres
1493 3327 1717 3396 quidem
1761 3342 1824 3380 ac
1865 3326 2056 3392 viginti
2103 3343 2276 3380 annos
2327 3329 2381 3382 in
2411 3339 2453 3398 ο
2484 3331 2580 3400 τὴν

2327 3329 2381 3382 in
2411 3339 2453 3398 ο
2484 3331 2582 3400 τὴν
2620 3330 2754 3400 πρὸς
2790 3331 3007 3399 ’Ἄρειον
3050 3331 3229 3400 μάχην
3269 3331 3696 3401 ἀγωνισάμενος,
3749 3335 3839 3387 τὸν
3888 3335 4071 3388 ἐνθάδε

797 3421 1110 3488 episcopatu
1137 3421 1365 3488 egisset,
1391 3428 1516 3473 octo
1548 3434 1677 3472 vero
1704 3433 1768 3472 ac
1803 3419 2098 3485 nonaginta
2132 3420 2376 3484 vixisset,

2496 3423 2608 3494 βίον
2639 3420 2930 3474 ἀπέλειπεν
2961 3421 3012 3486 ιι,
3043 3420 3344 3493 εἰκοσιτρία
3393 3421 3491 3491 μὲν
3517 3422 3611 3492 ἐτη
3649 3423 3790 3476 κατὰ
3820 3423 3918 3494 τὴν
3955 3424 4075 3475 ἐπι-

1972 3573 2244 3629 VALESII
2283 3573 2833 3634 ANNOTATIONES.

875 3690 986 3758 (80)
1034 3689 1450 3758 Ἀλέξανδρος.
1480 3692 1640 3746 Errat
1677 3691 1768 3744 hic
1801 3689 2075 3750 Socrates,
2118 3699 2174 3744 et
2215 3698 2380 3758 quot-

798 3770 932 3829 quot
957 3777 1080 3812 eum
1100 3762 1271 3814 seculi
1304 3772 1450 3822 sunt,
1479 3762 1570 3831 qui
1594 3760 1884 3814 Alexandri
1909 3760 2378 3831 (ἷειιιδιιιιιῐὶιιιψυ-

799 3831 953 3884 litani
983 3831 1192 3882 obitum
1225 3832 1475 3885 referunt.
1498 3829 1796 3885 consulatu
1844 3830 2110 3898 Aciudyni
2154 3841 2208 3883 ct.
2241 3829 2377 3882 Pro-

799 3901 932 3959 culi,
969 3916 1113 3953 anno
1142 3901 1344 3954 Christi
1380 3898 1499 3956 3m.
1532 3903 1644 3969 Ego
1667 3917 1798 3954 vero
1829 3901 1884 3953 in
1935 3900 2076 3952 libro
2108 3916 2142 3952 ιι
2177 3900 2379 3952 Obser-

798 3971 1078 4024 vationum
1109 3972 1625 4034 ecclesiasticamm,
1668 3970 1992 4025 certissimis
2042 3970 2379 4038 argumentis

798 4041 1170 4094 demonstravi
1229 4042 1599 4095 Alexandrum
1645 4042 1962 4109 episcopum
2023 4041 2126 4093 CP.
2178 4040 2381 4093 obiissc

799 4111 1107 4180 principatu
1159 4110 1528 4173 Constantini,
1565 4112 1724 4179 eique
1758 4111 1985 4164 Paulum
2013 4111 2378 4180 successisse,

799 4179 992 4234 eodem
1039 4181 1400 4234 Constantino
1435 4183 1614 4236 adhuc
1669 4190 1949 4247 regnante.
1995 4179 2158 4233 Certe
2209 4181 2380 4232 Baro-

801 4253 948 4311 iiiiis,
976 4251 1068 4319 qui
1116 4251 1409 4305 Alexandri
1443 4254 1654 4306 oli'i'iiim
1689 4250 1968 4316 cousigiial
2006 4265 2149 4301 anno
2175 4249 2378 4303 Christi

799 4321 921 4382 510,
954 4322 1393 4376 iiiaiiil‘estissime
1439 4339 1625 4375 secum
1671 4321 1788 4389 ipse
1823 4328 2046 4389 pugnat.
2098 4319 2377 4388 Synodnii'i

799 4392 944 4445 enim
982 4392 1364 4460 episcoporum
1387 4393 1623 4464 Aigypti,
1656 4388 1779 4461 qua:
1819 4391 1885 4444 ad
1920 4388 2239 4443 refutandus
2273 4390 2380 4442 Eii-

2490 3693 2845 3747 sebianorum
2871 3694 2926 3746 in
2975 3693 3334 3746 Athanasium
3387 3691 3690 3744 calumnias
3719 3692 3945 3746 collecta
3969 3703 4071 3754 est,

2490 3763 2686 3816 factam
2722 3780 2842 3816 esse
2878 3764 3013 3816 dicit
3042 3780 3187 3816 anno
3218 3763 3320 3814 559
3350 3762 3556 3815 Natalis
3581 3761 3870 3832 Dominici.
3909 3765 4071 3832 Atqui

2488 3834 2733 3902 episcopi
2769 3835 2848 3887 illi
2883 3834 2936 3886 iu
2964 3833 3204 3902 Epistula
3230 3848 3325 3885 sua
3349 3832 3607 3901 synodica
3637 3831 3842 3902 diserte
3865 3831 4071 3887 testan—

2492 3913 2598 3962 tur,
2635 3901 2933 3958 Eusebium
2958 3901 3068 3973 jam
3101 3915 3215 3956 tum
3249 3903 3438 3956 relicta
3476 3901 3790 3973 Mei’iiiiedia
3832 3904 3898 3954 ad
3923 3904 4071 3956 Coi:—

2487 3971 3030 4043 stantiiiopolilanam
3076 3973 3262 4026 sedem
3290 3972 3633 4043 transiliisse.
3691 3971 3863 4025 Verba
3902 3974 4075 4042 ipsius

2485 4041 2748 4112 epistolio
2776 4046 2908 4098 nihil
2955 4044 3152 4098 attinet
3194 4044 3283 4095 hic
3319 4041 3546 4098 referre.
3590 4057 3714 4112 cuni
3757 4058 3787 4094 a
3834 4041 4070 4096 Baconii»

2488 4111 2606 4184 ipso
2633 4116 2843 4184 prolata
2880 4115 2992 4168 sint
3019 4113 3097 4184 ad
3151 4129 3354 4166 annum
3403 4112 3608 4184 Christi
3666 4111 3790 4184 ΜΟ.
3839 4113 3994 4177 Quod
4027 4117 4069 4167 si

2487 4181 2761 4239 Eusebius
2794 4202 2938 4238 anno
2997 4183 3201 4237 Christi
3249 4184 3353 4235 559
3401 4181 4070 4249 Constantinopolitanaiu

2487 4255 2673 4308 sedem
2700 4257 2810 4325 jam
2833 4255 3136 4316 obtinebat,
3167 4263 3293 4307 ante
3341 4253 3490 4307 hunc
3523 4268 3728 4306 annum
3762 4251 4072 4306 Alexander

2485 4325 2690 4379 ubicrit
2719 4343 2939 4379 necesse
2970 4335 3072 4377 cst.

2231 4551 2612 4606 VARIOleTd.

877 4677 896 4716 ί
931 4678 1411 4744 Τε.-ἰευτήσαντος
1453 4678 1764 4731 Ειῖισεείου.
1816 4677 2099 4730 Annorum
2145 4684 2200 4729 et
2231 4676 2385 4730 fama:
2421 4680 2460 4733 D
2490 4694 2599 4729 non
2626 4693 2658 4726 o

2287 4692 2385 4730 ma:
2421 4680 2460 4733 D
2490 4694 2599 4729 non
2626 4677 2852 4728 omnino
2889 4677 3100 4744 placide
3141 4687 3444 4739 transacta;
3495 4677 3796 4745 composita
3825 4684 4003 4726 tamen
4041 4692 4067 4727 ,λι

801 4759 972 4810 satur,
1008 4750 1185 4817 inquit
1231 4749 1375 4802 Guil.
1429 4749 1592 4809 (lare,
1643 4749 1789 4800 diem
1825 4748 2023 4800 clausit
2069 4756 2376 4800 extremum

804 4819 1072 4872 Eusebius
1092 4820 1236 4871 circa
1263 4835 1391 4871 ann.
1439 4819 1560 4870 5H).
1596 4819 1725 4871 Erat
1772 4827 1953 4870 autem
1983 4818 2233 4878 Aeacius,
2259 4818 2380 4884 ejus

801 4889 1104 4958 discipulus
1129 4899 1184 4942 et
1207 4904 1512 4951 successor,
1557 4890 1720 4941 homo
1759 4887 1813 4940 in
1854 4889 1957 4941 lide
1987 4889 2191 4949 varius,
2214 4897 2268 4940 ct
2293 4889 2377 4941 iii-

803 4961 959 5022 grenio
999 4960 1172 5022 vafer,
1198 4959 1293 5027 qui
1343 4959 1673 5012 sententiam
1698 4974 1851 5011 suam
1886 4973 1986 5027 pro
2013 4973 2069 5010 re
2107 4967 2235 5011 nata
2279 4975 2378 5012 xa-

804 5032 942 5083 riare
979 5031 1147 5098 probe
1179 5030 1369 5093 novit;
1406 5046 1583 5097 neque
1619 5045 1742 5082 cum
1773 5028 1990 5082 Arianis
2030 5028 2226 5081 Filium
2258 5029 2376 5080 κτί-

805 5117 913 5167 σμα
939 5099 996 5151 ἐν
1026 5101 1132 5151 τῶν
1153 5100 1467 5168 κτισμάτων
1491 5099 1814 5160 ίιιῐὶιιιιιιιιξιι,
1840 5115 2019 5167 neque
2051 5115 2172 5150 cum
2199 5098 2375 5151 Semi-

804 5171 1017 5224 Arianis
1042 5170 1366 5237 ὁμοιούσιον,
1391 5171 1484 5222 sed
1510 5169 1834 5238 simpliciter
1858 5170 2060 5238 ὅμοιον,
2084 5169 2165 5221 \'cl
2192 5171 2378 5236 ὅμοιον

805 5241 942 5292 κατὰ
973 5242 1071 5307 τὴν
1105 5240 1355 5308 βούλησιν
1390 5241 1568 5305 μόνον,
1599 5239 1715 5292 sola
1757 5239 2029 5293 voluntate
2055 5239 2203 5292 Patri
2229 5239 2379 5293 simi-

805 5311 909 5363 if‘ln
945 5326 1065 5363 esse
1105 5312 1298 5362 voluit.
1342 5310 1507 5368 (Idem
1532 5313 1585 5364 in
1613 5309 1848 5380 Acacio.)

877 5385 900 5419 ε
941 5381 1306 5447 Ἀναιρεῖται.
1363 5382 1633 5434 llixiserat
1677 5379 1967 5449 imperium
2026 5397 2184 5434 suum
2237 5379 2378 5434 Con-

804 5451 1080 5504 s‘antinus
1126 5451 1194 5503 Al.
1245 5449 1297 5502 in
1332 5459 1441 5504 tres
1475 5451 1633 5503 ﬁlios.
1681 5452 2040 5504 Constantino
2090 5461 2215 5504 natu
2260 5469 2375 5504 ma-

806 5522 950 5572 ximo
994 5522 1156 5573 cessit
1203 5519 1394 5579 Callia,
1445 5521 1732 5588 Hispania,
1775 5522 2052 5575 Britannia
2095 5531 2147 5575 ct
2195 5522 2376 5575 Africa

804 5592 1212 5658 proconsularis
1235 5608 1300 5643 ex
1332 5601 1503 5659 parte.
1529 5593 1810 5645 Constanti
1851 5603 1979 5644 ratu
2009 5593 2233 5644 iiiiiiimo
2271 5593 2375 5644 Ita-

808 5664 896 5732 lia,
927 5662 1122 5732 Africar
1160 5662 1391 5729 reliqua,
1434 5663 1730 5732 Illyricum,
1780 5663 2114 5722 Macedonia,
2143 5663 2371 5722 Graecia,

804 5731 1088 5800 Poiitoquc
1114 5731 1326 5785 Euxino
1350 5731 1598 5785 linitiiiia.
1627 5732 1947 5786 Constantio
1980 5733 2166 5795 Mvsia,
2205 5732 2377 5785 Thra-

803 5802 907 5873 cia,
939 5803 1466 5870 Constaiitiuopolis,
1500 5803 1645 5861 Asia,
1688 5803 1972 5873 A‘Igyptus,
2023 5802 2374 5870 Orientisque

806 5872 1094 5940 imperium
1120 5873 1187 5924 ah
1213 5873 1424 5925 lllvi‘ico
1451 5874 1515 5925 ad
1544 5872 1803 5925 Nisiliim.’
1831 5874 2133 5941 (Eiinapiiis
2159 5875 2210 5924 iu
2234 5874 2372 5925 Ede-

801 5943 898 6009 sio,
929 5961 1046 6015 pag.
1085 5945 1161 6007 15,
1191 5954 1238 5997 cl
1270 5944 1518 5998 Zosiiuus
1559 5944 1648 5995 lih.
1687 5955 1763 6011 ii.)
1798 5945 1918 5997 Ι1;ι“‹·
1969 5952 2148 5996 tamen
2180 5943 2373 5996 divisio

2488 4748 2816 4799 Constantio
2850 4747 2902 4799 in
2929 4747 3232 4805 Pannonia,
3265 4756 3322 4798 ut
3372 4749 3632 4815 praulicat
3661 4747 3911 4799 Julianus
3943 4761 4067 4797 ora-

2485 4819 2633 4869 tione.
2666 4817 2754 4878 lil,
2789 4817 3024 4883 indeque
3067 4825 3254 4885 postea
3291 4818 3404 4884 ipse
3445 4819 3499 4870 iii
3535 4818 3746 4883 Syriam
3791 4815 4070 4882 profectus

2481 4896 2586 4950 est,
2624 4897 2682 4940 iit
2713 4887 2877 4939 habet
2909 4887 3160 4939 Julianus
3184 4888 3432 4940 oratione
3465 4889 3504 4941 1.
3546 4889 3748 4941 Verum
3781 4885 3835 4937 hi
3861 4885 4067 4937 tumul-

2483 4967 2571 5010 tus
2621 4958 2745 5010 anni
2780 4958 3062 5024 sequentis
3110 4957 3267 5010 initio
3303 4959 3582 5021 accidere;
3628 4956 3956 5023 tandemque
4001 4954 4068 5006 de

2482 5029 2792 5096 pertinente
2825 5029 2890 5080 :id
2926 5026 3311 5093 Carthaginem
3347 5029 3549 5086 Africa,
3591 5027 3852 5095 Italiaque
3902 5025 4064 5077 dissi-

2482 5099 2633 5151 dium
2659 5098 3078 5151 Constantinum
3107 5098 3249 5150 inter
3271 5106 3328 5151 et
3371 5099 3727 5152 Constantem
3767 5106 4022 5150 exortum
4050 5115 4059 5146 :

2481 5169 2626 5233 quod
2663 5183 2786 5220 eum
2820 5169 3116 5220 triennium
3148 5177 3322 5221 totum
3351 5168 3632 5227 fovissent,
3664 5184 3809 5222 anno
3844 5166 4063 5220 demum

2481 5239 2583 5310 5ἰο
2627 5238 2988 5310 Constantino
3023 5239 3183 5292 l'atalc
3239 5239 3361 5293 fuit.
3427 5241 3575 5310 (Ant.
3627 5239 3753 5308 Pagi
3805 5237 3871 5291 ad
3925 5254 4061 5290 ann.

2480 5309 2680 5371 557,11.
2716 5309 2794 5377 7.)

2551 5379 2578 5414 ¹³
2615 5378 2726 5431 Τὸν·
2753 5378 2968 5429 ἐνθάδε
2996 5379 3138 5441 ,ϐίον
3167 5380 3513 5432 ἀπέλειπεν.
3540 5379 3596 5431 9ο.
3643 5377 3935 5431 Alexandri
3971 5377 4040 5428 oh

2482 5449 2594 5502 itus
2621 5460 2876 5501 accurate
2905 5465 2933 5500 a
2962 5450 3356 5502 Baronioaiiiio
3386 5450 3877 5516 Slttcoiisigiiatur.
3911 5448 4063 5501 Sedit

2479 5520 2628 5572 enim
2654 5520 2700 5572 is
2725 5535 2898 5572 annos
2914 5520 3002 5578 25,
3030 5530 3089 5572 ut
3118 5529 3388 5573 testantur
3401 5520 3678 5579 Socrates,
3703 5520 4059 5578 Sozonieiuis,

2481 5590 2881 5658 Theophanes,
2951 5599 3181 5658 uterque
3235 5590 3601 5658 Nici-plioriis,
3671 5599 3727 5643 et
3789 5589 4056 5658 Zonaras.

2480 5660 2618 5713 Eum
2641 5657 2952 5728 principatu
2982 5657 3287 5714 Constantii
3322 5657 3550 5727 Augusti
3586 5660 3785 5714 Paulus
3821 5657 4056 5728 excepit,

2481 5727 2661 5798 inquit
2688 5731 2816 5783 Aut.
2841 5731 2967 5801 Pagi
2997 5731 3064 5782 ad
3098 5730 3306 5783 dictum
3342 5747 3569 5788 annum,
3603 5747 3656 5782 ii.
3688 5730 3741 5788 9,
3765 5728 3855 5801 qui
3897 5727 4060 5780 Vale~

2481 5802 2547 5854 sii
2587 5799 2931 5867 argumentis
2979 5802 3031 5855 iii
3089 5803 3426 5857 contrarium
3484 5801 3666 5853 allatis
3714 5799 3916 5852 ibidem
3971 5813 4058 5850 re-

2481 5873 2728 5940 spondet.
