4524 6582
492 492 594 549 193

1490 486 1815 545 IIISTORIA
1853 475 2409 546 ECCI.ESIASTICA.
2450 519 2517 529 —-
2552 489 2686 545 Lm.
2729 489 2791 544 II.

3636 496 3737 555 £95

494 606 699 678 σκοπὴν
743 605 1054 678 διατρίψας,
1093 608 1414 679 ἐνενήκοντα
1444 605 1540 659 καὶ
1590 604 1732 659 ὀκτὼ
1776 606 1833 659 δέ
1870 603 1967 675 ,ἐτη
1999 602 2064 656 τὰ
2097 614 2135 667 Α
2168 602 2275 657 ex]

1949 623 1967 675 η
1999 602 2064 656 τὰ
2097 614 2135 667 Α
2168 617 2235 656 ex
2260 602 2362 659 hac
2387 604 2507 658 luce
2534 603 2805 674 migravit,
2830 603 3049 659 nemine
3072 603 3125 658 in
3149 619 3307 660 suum
3332 606 3511 661 locum
3542 607 3735 667 subro-

494 700 671 753 πάντα
702 697 871 769 βιοὺς,
899 698 1092 754 οὐδένα
1138 702 1218 765 είς
1245 699 1338 753 τὸν
1363 697 1528 752 αὑτοῦ
1564 679 1732 751 τόπον
1762 697 2070 769 χειροτονή-

497 808 615 854 σας.
640 790 970 845 Ἑνετ⁶είλατο
998 791 1054 845 δὲ
1079 795 1192 856 τοῖς
1220 790 1552 864 καθήκουσιν
1578 789 1792 844 ἑλέσθαι
1818 789 1960 842 δυοῖν
1981 787 2071 842 τὸν

494 882 698 953 ἕτερον,
727 874 803 936 ὧν
835 882 1001 946 αὐτὸς
1046 881 1380 954 ὀνομάσειεν.
1417 883 1525 937 Καὶ
1576 883 1624 935 εί
1676 884 1773 953 μὲν
1803 880 2073 952 βούλοιντο

494 973 865 1030 διδασκαλικὸν
902 976 959 1029 ἐν
992 974 1176 1046 ταὺτῷ
1207 975 1302 1029 καὶ
1347 974 1463 1046 βίου
1502 973 1737 1047 χρηστοῦ
1771 973 2073 1046 μαρτυρού-

499 1083 681 1138 μενον,
706 1065 919 1120 Παῦλον
944 1065 1035 1121 τδν
1055 1065 1147 1120 ὑπ’
1172 1065 1337 1120 αὑτοῦ
1367 1063 1817 1137 χειροτονηθέντα
1846 1064 2073 1135 πρεσϐύ-

497 1172 673 1227 τερον,
712 1156 881 1226 ἄνδρα
914 1154 1036 1209 νέον
1083 1155 1183 1227 μὲν
1218 1155 1317 1228 τὴν
1344 1155 1583 1227 ἡλικίαν,
1612 1153 1991 1225 προϐεϐηκότα
2016 1154 2073 1207 δέ

494 1250 616 1311 ταῖς
647 1247 857 1317 φρεσίν.
911 1247 975 1300 Et
1019 1246 1075 1300 δὲ
1109 1246 1267 1318 μόνον
1313 1248 1378 1301 ἐκ
1404 1247 1497 1301 τοῦ
1543 1246 1931 1318 προσχήματος
1976 1246 2074 1317 τῆς

498 1336 780 1401 εὐλαϐείας
808 1333 1177 1407 δεικνύμενον,
1207 1336 1479 1408 αἱρεῖσθαι
1512 1336 1863 1401 Μακεδόνιον,
1893 1335 2074 1390 διάκοε

498 1446 587 1482 νον
609 1427 719 1501 (81)
747 1429 1082 1499 τυγχάνοντα
1117 1428 1216 1498 μὲν
1255 1427 1354 1501 ἤδη
1399 1427 1566 1483 πάλαι
1612 1428 1711 1499 τῆς
1754 1427 2070 1499 ἐκκλησίας,

496 1521 562 1590 τῇ
599 1519 786 1591 ἡλικίᾳ
820 1519 877 1572 δέ
911 1518 1161 1590 γέροντα.
1202 1516 1297 1572 Ἐκ
1323 1518 1512 1572 τούτου
1541 1518 1741 1590 μείζων
1774 1518 2075 1588 φιλονεικία

500 1610 628 1682 περ)⁵
657 1611 984 1684 χειροτονίας
1014 1611 1223 1681 γίνεται
1250 1610 1571 1676 ἐπισκόπου,
1601 1612 1696 1665 καὶ
1716 1609 1814 1683 τὴν
1849 1611 2075 1681 Ἐκκλη-

500 1701 620 1754 σίαν
647 1702 1016 1773 διετάραττεν.
1052 1703 1205 1757 Ἐπεὶ
1234 1703 1342 1775 γὰρ
1362 1703 1392 1756 6
1414 1701 1542 1768 λαὸς
1571 1705 1651 1766 είς
1679 1702 1770 1756 δύο
1799 1702 2075 1772 διετέτμη-

498 1808 559 1845 το
590 1793 751 1863 μέρηο
793 1792 902 1846 τῶν
936 1793 1035 1864 μὲν
1073 1795 1483 1866 προσκειμένων
1526 1793 1604 1865 τῷ
1642 1793 1904 1864 Ἀρειανῷ
1949 1793 2071 1862 δόγ-

504 1900 656 1953 ματι,
689 1882 797 1936 τῶν
828 1883 885 1938 δέ
911 1884 1251 1956 φρονούντων
1280 1885 1424 1940 καθὰ
1460 1887 1493 1957 ἡ
1535 1888 1593 1939 ἐν
1620 1886 1826 1959 Νικαίᾳ
1859 1884 2072 1950 σύνοδος

2169 704 2312 766 gato.
2360 696 2637 750 Mandavit
2670 703 2849 750 tamen
2887 696 2955 752 iis
2992 712 3163 767 penes
3204 712 3342 767 quos
3375 699 3464 769 jus
3504 699 3739 772 eligendi

2168 795 2308 852 erat,
2347 795 2408 842 ut
2448 788 2681 842 alterum
2725 802 2793 842 ex
2827 787 3040 843 duobus
3081 804 3220 859 quos
3255 789 3368 859 ipse
3408 791 3738 857 nominaret,

2170 882 2453 952 eligerent.
2481 880 2559 936 Ac
2594 881 2639 936 si
2677 880 2897 952 quidem
2937 897 3061 936 eum
3083 882 3287 938 vellent
3308 884 3401 952 qui
3439 890 3496 936 et
3531 882 3600 937 ad
3637 881 3739 937 do-

2171 974 2405 1031 cendum
2434 973 2683 1039 idoneus,
2707 980 2764 1029 et
2790 973 2917 1029 vitae
2939 988 3002 1028 ac
3025 988 3237 1029 morum
3278 974 3587 1046 integritate
3612 989 3742 1031 con-

2172 1067 2394 1137 spieuus
2428 1074 2594 1132 esset,
2619 1066 2870 1133 Paulum,
2905 1081 3067 1138 quem
3096 1066 3211 1136 ipse
3244 1066 3622 1139 presbyterum
3648 1081 3741 1123 or-

2170 1160 2404 1222 dinarat,
2427 1166 2769 1214 assumerent
2792 1176 2805 1214 :
2840 1168 2998 1215 mtate
3021 1159 3243 1230 quidem
3265 1159 3442 1215 adhuc
3462 1160 3738 1230 juvenem,

2172 1250 2265 1307 sed
2289 1250 2579 1321 prudentia
2607 1264 2812 1305 senem.
2842 1250 2937 1305 Sin
2976 1267 3102 1307 eum
3137 1250 3241 1307 sibi
3268 1252 3491 1307 mallent
3512 1251 3607 1322 qui
3641 1268 3739 1306 ex-

2172 1353 2326 1398 terna
2386 1351 2595 1397 tantum
2670 1342 2851 1412 specie
2910 1343 3191 1413 gravitatis
3241 1344 3739 1409 commendaretur,

2170 1434 2544 1489 Maeedonium
2563 1433 2847 1503 eligerent,
2866 1433 2959 1503 qui
2984 1433 3229 1487 ecclesia:
3255 1433 3399 1488 illius
3417 1434 3740 1504 jampridem

2169 1531 2289 1578 erat
2314 1522 2596 1586 diaconus,
2625 1529 2683 1575 et
2714 1521 2782 1577 ad
2818 1521 3046 1575 senilem
3079 1521 3189 1592 jam
3213 1521 3471 1592 vergebat
3506 1522 3740 1576 aetatem.

2170 1613 2309 1668 Ilinc
2329 1628 2464 1667 vero
2505 1612 2562 1666 in
2588 1610 2876 1683 deligendo
2899 1609 3159 1682 episcopo
3185 1612 3360 1683 major
3394 1620 3585 1666 exorta
3611 1624 3744 1665 con-

2171 1704 2341 1761 tentio
2363 1702 2661 1758 Eeclesiam
2695 1702 3060 1758 conturbavit.
3087 1703 3220 1756 Nam
3258 1702 3492 1773 populus
3522 1702 3658 1757 duas
3690 1700 3745 1754 in

2170 1805 2356 1868 partes
2378 1794 2585 1849 divisus
2607 1804 2758 1859 erat,
2790 1795 2875 1849 his
2897 1794 3099 1850 Ariano
3142 1794 3451 1849 faventibus
3476 1794 3744 1864 dogmati,

2172 1886 2279 1940 illis
2322 1885 2523 1940 Nieami
2562 1884 2778 1939 concilii
2822 1884 3044 1939 decreta
3080 1883 3517 1939 defendentibus.
3554 1884 3621 1938 Et
3658 1899 3749 1938 su-

501 1971 686 2043 ὥρισε.
735 1973 846 2027 Καὶ
890 1974 996 2038 ἕως
1042 1976 1140 2046 μὲν
1176 1975 1520 2049 Ἀλέξανδρος
1566 1980 1781 2049 περιῆν,
1808 1977 2077 2047 κατεκρά-
2107 2000 2146 2055 Β
2176 1992 2287 2047 ρει-ε

1963 1977 2077 2047 ιρά-
2107 2000 2146 2055 Β
2176 1977 2401 2047 perstite
2426 1976 2648 2045 quidem
2686 1976 3014 2041 Alexandro,
3040 1976 3395 2033 llomousiani
3436 1976 3749 2046 superiores

501 2080 624 2115 τουν
649 2064 696 2116 oi
730 2064 1053 2134 φρονοῦντες
1079 2065 1141 2118 τὸ
1177 2065 1481 2136 ὁμοούσιον,
1514 2065 1623 2119 τῶν
1662 2067 2075 2137 ἁρειανιζόντων

500 2150 956 2226 διακρινομένων,
1035 2156 1128 2210 καὶ
1195 2157 1466 2229 ὁσημέραι
1544 2158 2076 2229 διαπληκτιζομέιων

501 2242 627 2311 περὶ
658 2242 750 2295 τοῦ
787 2242 1070 2318 δόγματος.
1113 2245 1266 2299 Ἐπεὶ
1314 2246 1369 2299 δὲ
1420 2247 1628 2310 ἐκεῖνος
1677 2248 2073 2318 τετελευτήκει,

499 2332 844 2403 ἀμφήριστος
882 2315 928 2406 η’
948 2335 1039 2388 τοῦ
1075 2334 1205 2390 λαοῦ
1235 2338 1381 2409 μάχη
1414 2339 1729 2392 καθίστατο.
1768 2339 1858 2393 Διὸ
1890 2315 2075 2409 οἱίμὲν

497 2425 593 2477 τοῦ
629 2427 914 2496 ὁμοουσίου
955 2429 1055 2499 τὴν
1099 2428 1282 2483 πίστιν
1324 2431 1703 2501 φυλάττοντες,
1752 2431 1963 2485 Παῦλον
1996 2434 2075 2496 εἰς

498 2514 599 2585 τὴν
643 2516 942 2589 ἐπισκοπὴν
977 2518 1432 2590 προχειρίζονται·
1466 2522 1511 2575 οἱ
1554 2520 1609 2575 δὲ
1654 2523 2073 2593 ἀρειανίζοντες,

499 2608 830 2662 Μακεδόνιον
874 2610 1153 2665 ἔσπευδον.
1207 2611 1317 2666 Καὶ
1362 2613 1420 2665 ἐν
1456 2612 1555 2683 μὲν
1594 2616 1658 2683 τῇ
1707 2613 1804 2683 τῆς
1840 2613 2078 2684 Είρήνης

2171 2069 2355 2133 fuere,
2383 2068 2779 2122 dissidentibus
2800 2067 3037 2131 Arianis,
3062 2078 3118 2123 et
3153 2068 3219 2123 de
3250 2068 3476 2139 proprio
3498 2068 3748 2138 dogmate
3781 2136 3783 2139 τ

2172 2159 2317 2213 inter
2341 2173 2399 2212 se
2426 2157 2871 2227 digladiantibus.
2898 2158 3003 2212 Sed
3044 2166 3330 2228 postquam
3366 2158 3457 2212 ille
3483 2158 3593 2211 fato
3620 2156 3748 2210 fun-

2170 2261 2292 2307 ctus
2312 2259 2415 2315 est,
2443 2265 2643 2319 anceps
2683 2250 2939 2320 utrinque
2977 2249 3079 2304 fuit
3114 2249 3468 2304 concertatio.
3513 2248 3748 2304 Proinde

2172 2343 2526 2399 llomousiani
2546 2343 2765 2413 quidem
2790 2343 3017 2397 Paulum
3036 2343 3390 2411 designarunt
3409 2342 3745 2411 episcopum,

2171 2435 2359 2490 Ariani
2388 2450 2519 2489 vero
2558 2434 2737 2488 studia
2766 2449 2862 2489 sua
2891 2420 2944 2487 iu
2971 2433 3346 2488 Macedonium
3370 2432 3744 2489 conferebant.

2173 2530 2241 2584 Et
2266 2529 2319 2582 in
2345 2526 2577 2583 ecclesia
2601 2529 2821 2598 quidem
2846 2544 2966 2597 quae
2991 2527 3193 2582 dicitur
3216 2526 3391 2591 Irene,
3416 2534 3473 2581 et
3494 2527 3746 2598 contigua

2173 2629 2257 2675 est
2277 2618 2388 2691 84
2407 2620 2456 2674 ei
2485 2636 2606 2689 qua:
2631 2635 2779 2674 nunc
2802 2620 2988 2691 Magna
3006 2628 3062 2674 et
3080 2618 3296 2689 Sophize
3318 2627 3545 2674 vocatur
3576 2620 3751 2674 eccle-

500 2698 772 2771 ἒπωνύμῳ
792 2702 1057 2774 ἐκκλησίᾳ
1074 2704 1210 2774 (82),
1238 2705 1333 2758 καὶ
1353 2704 1584 2776 ἐχομένῃ
1599 2705 1697 2774 τῆς
1714 2704 1807 2758 νῦν
1821 2705 2080 2775 Μεγάλης
2177 2711 2277 2775 sia,

1958 2705 2080 2775 ίλης
2177 2711 2277 2775 sia,
2302 2712 2501 2766 Paulus
2539 2712 2831 2781 episcopus
2856 2711 3163 2776 ordinatur,
3194 2709 3247 2763 in
3287 2724 3397 2780 quo
3433 2724 3563 2765 sane
3592 2708 3744 2764 vide-

501 2791 594 2845 καὶ
615 2792 813 2861 Σοφίας
829 2794 1253 2866 ὀνομαζομένης,
1274 2799 1655 2867 χειροτονεῖται
1674 2787 1900 2861 Παῦλος,
1920 2798 2002 2865 ἐφ’
2019 2791 2080 2850 οὗ
2179 2798 2287 2855 butt

1708 2796 1900 2861 [αῦλος,
1920 2798 2002 2865 ἐφ’
2019 2791 2080 2850 οὗ
2179 2798 2340 2855 batur
2355 2800 2559 2855 mortui
2581 2799 2875 2854 Alexandri
2900 2800 3130 2855 valuisse
3154 2798 3494 2871 suffragium.

502 2884 594 2938 καὶ
626 2884 877 2956 μᾶλλονή
905 2883 1001 2939 τοῦ
1034 2885 1359 2950 ἀπελθόντος
1386 2886 1565 2963 ψῆφος
1591 2888 1765 2941 ἐδόκει
1796 2889 2040 2959 κρατεῖν.

1112 2997 1363 3051 ΚΕΦᾹΛ.
1408 3000 1482 3051 Z'.

513 3090 605 3156 Ὠς
638 3092 671 3145 ὁ
692 3089 994 3155 ,ϐασιλεὺς
1047 3090 1463 3156 Κωστάντιος
1506 3090 1752 3145 Παῦλον
1784 3091 1891 3144 τὰν
1925 3105 2067 3159 προ-

570 3160 862 3228 ϐληθέντα
910 3161 1249 3214 ἐπίσκοπον
1292 3160 1602 3226 ἐκϐάλλει,
1671 3162 1938 3228 Εὐσεϐίῳ
2003 3160 2072 3213 δὲ
2154 3188 2158 3203 ι

569 3232 636 3284 ἐκ
685 3228 793 3301 τῆς
839 3231 1230 3300 Νικομηδείας
1272 3231 1769 3301 μεταπεμφθέντι,
1804 3230 1919 3298 τὴν
1950 3231 2069 3285 ἐπι-

570 3300 816 3368 σκοπὴν
845 3302 1304 3355 Κωνσταντίνου
1333 3300 1561 3366 πόλεως
1586 3303 1973 3369 ἐνεχείρισεν.

573 3392 703 3447 Μετ’
733 3392 794 3444 ού
824 3392 958 3443 πολὺ
990 3391 1047 3454 δὲ
1074 3392 1300 3456 ἐπιστὰς
1331 3394 1359 3445 6
1395 3392 1644 3464 βασιλεὺς
1676 3394 1742 3465 τῇ
1784 3394 2075 3446 Κωνσταν·

501 3485 646 3538 τίνου
683 3483 855 3550 πόλει,
888 3484 1023 3555 πρὸς
1050 3483 1220 3555 ὀργὴν
1262 3485 1519 3538 ἐκκάεται
1562 3485 1652 3537 ἐπὶ
1701 3488 1765 3555 τῇ
1806 3485 2073 3554 γενομένῃ

501 3574 840 3647 χειροτονίᾳ·
890 3577 984 3629 καὶ
1036 3576 1297 3639 καθιστὰς
1346 3576 1617 3648 συνέδριον
1664 3577 1793 3646 (8ε).’)
1846 3577 1953 3628 τῶν
2008 3577 2076 3630 τὰ

511 3668 720 3739 Ἀρείου
786 3667 1124 3738 φρονούντων
1176 3669 1511 3734 ἐπισκόπων,
1570 3668 1661 3722 τὸν
1710 3668 1807 3738 μὲν
1866 3667 2074 3720 Παῦλον

502 3760 782 3830 σχολάζειν
811 3761 1084 3833 ἐποίησεν·
1117 3761 1372 3816 Εύσέδιον
1400 3762 1455 3814 δέ
1491 3762 1556 3815 ἐκ
1580 3761 1678 3831 τῆς
1708 3758 2073 3831 Νικομηδείας

503 3854 845 3923 μεταστήσας
882 3853 1017 3922 (85),
1047 3855 1146 3924 τῆς
1182 3855 1588 3908 Κωνσταντίνου
1618 3853 1823 3917 πόλεως
1849 3853 2072 3905 ἐπίσκο-

500 3961 598 3997 πον
623 3945 981 4016 ἀναδείκνυσι.
1011 3947 1121 4001 Καὶ
1155 3948 1183 4000 6
1220 3947 1315 4019 μὲν
1355 3946 1607 4019 βασιλεὺς
1634 3946 1806 4002 ταῦτα
1837 3944 2068 4019 πράξας,

500 4038 592 4090 ἐπὶ
627 4036 728 4108 τὴν
770 4036 1095 4111 Ἀντιόχειαν
1129 4037 1407 4111 ὥρμησεν.

2814 3005 2965 3062 CAP.
2992 3005 3103 3060 VII.

2173 3093 2419 3161 Qualiter
2445 3095 2788 3152 Constantius
2811 3095 3207 3168 impLPauluin
3243 3097 3547 3168 episcopatu
3574 3095 3745 3167 ejccea-

2245 3169 2335 3230 rit,
2356 3168 2653 3239 etgljlusebio
2678 3168 2740 3239 ub
2766 3168 2891 3221 urbe
2912 3166 3215 3222 Nicomedia
3240 3166 3448 3222 evocato
3475 3166 3746 3239 episcopa-

2246 3248 2357 3291 tum
2386 3237 2492 3294 CP.
2537 3238 2833 3293 tradiderit.

2241 3395 2543 3465 Imperator
2578 3409 2711 3448 vero
2736 3408 2844 3447 non
2873 3393 3044 3446 multo
3070 3401 3191 3460 post
3219 3391 3746 3465 Constantinopolim

2172 3483 2468 3553 ingressus,
2497 3482 2567 3535 ob
2590 3480 2735 3535 illam
2770 3481 3172 3537 ordinationem
3199 3483 3517 3553 gravissima
3544 3486 3749 3541 exarsit

2173 3575 2273 3628 ira.
2323 3573 2675 3642 Colleetoque
2721 3572 3050 3627 Arianorum
3113 3576 3417 3631 antistitum
3475 3577 3744 3641 concilio,

2171 3664 2340 3719 Paulo
2365 3664 2588 3734 quidem
2621 3664 2995 3734 episcopatum
3025 3664 3263 3731 ademit,
3294 3667 3589 3722 Eusebium
3614 3685 3747 3722 vero

2176 3758 2244 3811 ab
2280 3758 2418 3812 urbe
2453 3758 2770 3815 Nicomedia
2812 3761 3159 3827 translatum,
3200 3760 3747 3832 Constantinopoleos

2174 3851 2494 3923 episcopum
2544 3853 2869 3924 designavit.
2908 3855 3005 3911 Ilis
3046 3855 3119 3910 ita
3169 3855 3337 3926 gestis
3379 3855 3510 3926 imp.
3552 3857 3744 3912 Antio-

2174 3944 2357 4000 chiam
2382 3946 2662 4018 profectus
2682 3955 2787 4002 est.

1695 4182 1964 4250 VALESII
2001 4166 2547 4251 ANNOTATIONES.

570 4307 682 4381 (8|)
715 4308 1108 4381 Μακεδόνων,
1129 4309 1436 4367 διάκονον.
1460 4310 1561 4365 Hic
1592 4321 1779 4381 postea
1812 4311 1915 4365 sub
1936 4311 2076 4365 Pau-

498 4379 552 4434 lo
580 4380 1189 4450 Constantinopolitano
1210 4383 1471 4452 episcopo
1501 4382 1567 4436 ad
1592 4379 1919 4452 presbyterii
1949 4398 2072 4451 gra-

497 4452 627 4504 dum
666 4458 972 4521 promotus,
1020 4452 1339 4521 episcopum
1403 4468 1563 4507 suum
1623 4454 1899 4505 accusavit
1937 4455 1979 4518 i,
2014 4462 2074 4507 ut

497 4520 690 4591 scribit
717 4520 1134 4591 Athanasiusin
1164 4520 1405 4591 Epistola
1444 4523 1511 4577 ad
1545 4522 1842 4577 solitarios.

750 4590 986 4662 Ἔιςμὲν
1011 4590 1083 4658 τῇ
1111 4590 1225 4659 τῆς(
1240 4594 1498 4659 Εἰρήνης
1525 4593 1815 4659 ἐπωνύμῳ
1851 4592 2070 4659 ἐκκλη-

496 4658 622 4732 qia.
666 4658 793 4732 Dum
830 4658 1055 4732 fuerunt
1090 4658 1254 4732 hujus
1302 4658 1540 4716 nominis
1565 4658 1809 4717 eccleSia:
1839 4663 1893 4715 in
1928 4664 2065 4717 urbe

2171 4309 2349 4365 veteri
2397 4306 2767 4377 descriptione
2807 4304 3314 4377 Constantinopolis
3344 4320 3490 4377 quae
3521 4305 3743 4362 Notitiae

2173 4380 2389 4449 imperii
2427 4375 2652 4433 Romani
2684 4376 2903 4447 praeﬁxa
2945 4387 3048 4449 est,
3081 4378 3197 4432 haec
3243 4375 3475 4449 ecclesia
3518 4386 3745 4431 vocatur

2170 4447 2416 4519 antiqua,
2444 4452 2585 4504 etin
2625 4448 2864 4503 secunda
2915 4448 3139 4518 regione
3191 4447 3417 4519 ponitur
3473 4462 3580 4500 una
3615 4463 3741 4502 eum

2168 4518 2401 4575 ecclesia
2436 4534 2647 4590 magna.
2684 4520 2743 4575 In
2792 4520 3023 4590 septima
3051 4527 3233 4590 autem
3285 4518 3507 4590 regione
3548 4533 3743 4590 recen-

2168 4600 2321 4645 setur
2352 4588 2546 4655 Irene;
2562 4606 2701 4643 nova
2732 4590 2959 4643 scilicet.
3002 4589 3254 4658 Antiquae
3285 4588 3472 4642 lrenes
3493 4589 3745 4644 meminit

2170 4661 2424 4717 Socrates
2472 4660 2706 4730 in_libro
2745 4660 2942 4730 primo,
2980 4659 3073 4712 ubi
3103 4668 3333 4713 mortem
3368 4658 3481 4730 Arii
3532 4659 3743 4713 descri—

493 4721 1114 4802 Consmntinopolitana,
1148 4721 1319 4786 altera
1367 4742 1544 4797 vetus,
1586 4734 1755 4786 altera
1804 4749 1962 4797 nova,
2006 4744 2066 4788 ut
2101 4724 2139 4778 [δ
2170 4730 2271 4785 bit.
2309 4733 2517 4787 Dicitur
2543 4721 2761 4786 'auteuf
2816 4721 2978 4797 ἁγίας
3011 4730 3283 4802 -Εἰρήνης,
3335 4729 3527 4783 eodem
3580 4731 3745 4802 modo

497 4801 772 4874 scribitur_
789 4800 843 4853 in
875 4801 997 4874 Yita
1023 4803 1176 4874 Pauli
1201 4802 1793 4874 Constaittinopoliutni
1813 4805 2076 4874 episcopi,

493 4882 656 4945 quam
661 4869 856 4945 _ret_'ert
884 4871 1114 4945 Photius
1135 4873 1188 4926 in
1212 4869 1598 4945 Bibliotheca}
1630 4874 1737 4927 Καὶ
1758 4869 2077 4945 χειροτονεῖ-

492 4940 582 5025 ται
613 4944 641 4994 6
660 4940 871 5026 Παῦλος
886 4943 1186 5026 ἐπίσκοπος
1201 4946 1256 5026 ἐν
1273 4948 1339 5015 τῇ
1360 4944 1667 5026 ,τῆς-ἁγίας.
1937 4947 2080 5026 ἐπωο

493 5010 645 5085 μῳ
669 5010 936 5085 ἐκκλησίᾳ.
956 5028 969 5042 ο
1002 5014 1067 5084 ἢν
1092 5015 1119 5085 6
1138 5010 1442 5085 χρόνοξάντ
1452 5010 1790 5067 ιδιαστέλλών
1805 5010 1913 5084 ’τῆς
1928 5016 2073 5079 νέας,

492 5081 658 5134 ἔδωκε
692 5081 971 5135 καλεῖσθαι
1011 5081 1266 5138 παλαιάν.
1286 5084 1458 5139 Porro
1485 5094 1644 5140 vetus
1671 5081 1897 5139 ecclesia
1920 5085 2075 5141 Irene

494 5151 749 5225 contigua
786 5162 908 5206 erat
946 5168 1156 5223 magna:
1202 5155 1449 5209 ecclesiae
1478 5171 1600 5224 qua:
1641 5154 1844 5225 Sophia
1885 5167 2074 5225 postea

494 5168 749 5275 contigua
786 5168 908 5206 erat
946 5168 1156 5223 magna:
1202 5168 1449 5209 ecclesue
1478 5171 1600 5224 quae
1641 5168 1844 5225 Sophia
1885 5168 2057 5225 poste:

491 5223 646 5291 appel
673 5232 758 5277 ata
783 5232 895 5288 est;
934 5238 1036 5279 nec
1080 5233 1360 5293 separatos
1389 5226 1627 5280 habebat
1654 5225 1885 5280 clericos
1914 5244 1926 5279 :
1964 5227 2057 5280 sed

492 5293 676 5364 clerici
711 5308 917 5363 magna:
949 5294 1193 5349 ecclesiae
1221 5311 1318 5364 per
1342 5296 1490 5350 vices
1518 5296 1573 5349 in
1602 5311 1666 5350 ea
1697 5297 1927 5350 ecclesia
1954 5297 2057 5349 mi-

493 5363 815 5435 nistrabant.
852 5364 1023 5435 Docet
1052 5364 1105 5418 id
1143 5363 1439 5435 imperator
1480 5366 1822 5432 Iustinianus
1855 5367 1911 5419 in
1947 5367 2057 5421 No-

491 5434 630 5507 vella
661 5434 859 5507 tertia:
895 5430 1003 5487 Ἦν
1026 5434 1087 5507 δὲ
1108 5435 1138 5488 6
1176 5430 1550 5507 προσκυνητδς
1573 5435 1716 5499 οἶκος
1757 5437 1856 5507 τῆς
1897 5438 2057 5505 ἁγίας

2178 4817 2289 4871 quo
2318 4804 2479 4871 ἁγίας
2506 4802 2722 4869 Σοφίας,
2750 4815 2857 4873 non
2881 4800 3028 4870 quod
3056 4800 3339 4873 virgo'aut
3373 4809 3579 4872 martyr
3626 4800 3745 4856 fue-

2180 4872 2256 4928 rit
2281 4888 2348 4928 eo
2377 4873 2599 4927 nomine
2622 4871 2912 4942 appellata.

2252 4942 2385 5014 (82‘)
2420 4944 2523 4997 Καὶ
2555 4940 2855 5014 ,καθίστὰς
2900 4940 3242 5014 συνέδριον,
3271 4952 3378 4998 etc.
3432 4942 3491 4997 In
3552 4943 3743 4997 codice

2175 5012 2379 5069 Lectiis
2405 5013 2587 5068 Allatii
2622 5012 2889 5080 scriptum
2916 5019 3001 5066 est
3032 5014 3126 5066 καὶ
3152 5012 3399 5077 καθίσας,
3441 5014 3587 5083 quod
3631 5030 3742 5069 non

2175 5084 2445 5154 displicet.
2505 5084 2581 5139 Ita
2632 5093 2782 5138 certe
2834 5083 3035 5155 legitur
3081 5083 3223 5154 apud
3276 5083 3639 5139 Sozomenum
3686 5085 3743 5139 in

2174 5154 2316 5209 libro
2338 5171 2413 5209 ιιι.
2449 5170 2565 5209 ean.
2601 5155 2652 5208 4.

2197 5170 2316 5209 iuro
2338 5171 2413 5219 ιιι,
2449 5170 2565 5219 cap.
2601 5170 2652 5208 4.

2239 5171 3055 5297 Iggiin‘biagij:Nmoundslac
3101 5226 3511 5297 μεταστήσας.
3555 5224 3741 5282 Codex

2164 5295 2348 5351 Allatii
2376 5296 2622 5367 quaedam
2651 5296 2741 5351 hic
2763 5297 2931 5352 verba
2961 5296 3241 5351 interserit
3265 5296 3372 5351 hoc
3398 5297 3561 5351 modo
3590 5316 3601 5350 :
3650 5298 3744 5349 Ἐκ

2164 5367 2263 5438 τῆς
2298 5367 2661 5452 Νικομηδείας
2688 5369 2829 5452 καὶτὰ
2876 5368 3210 5452 περιδρομὴν
3263 5367 3426 5452 αὐτοῦ
3448 5370 3745 5452 [perant-‘-

2166 5454 2285 5502 σας,
2336 5438 2434 5509 τῆς
2476 5437 2884 5508 μεγαλοπόλεως
2928 5437 3235 5509 ἐπίσκοπον
3278 5437 3638 5493 ἀναδείκνυσι.
3683 5438 3743 5494 Id

491 5501 727 5576 Εἰρήνης
755 5505 784 5558 6
809 5507 875 5577 τῇ
902 5504 1114 5578 μεγάλῃ
1145 5501 1412 5579 ἐκκλησίᾳ
1442 5501 1824 5579 συνημμένος,
1848 5501 1959 5563 etc.
1996 5508 2056 5561 In
2161 5517 2247 5562 est
2272 5501 2277 5559 ὲ

1360 5507 1412 5579 ta
1442 5501 1824 5579 συνημμένος,
1848 5501 1959 5563 etc.
1996 5508 2056 5561 ln
2161 5501 2286 5562 est:
2326 5501 2422 5580 per
2447 5501 2704 5564 ambitum
2728 5510 2890 5583 ipsius
2916 5507 3146 5567 Eusebii.

1926 5658 2305 5718 VARIORUM.

564 5776 975 5834 iMacedonius
992 5774 1221 5831 Paulum
1238 5776 1350 5847 jam
1399 5773 1715 5847 episcopum
1750 5774 2061 5829 ordinatum

489 5847 558 5903 de
589 5850 819 5905 crimine
857 5847 1045 5904 nescio
1070 5863 1179 5918 quo
1210 5846 1524 5902 accusavit:
1566 5846 1709 5916 quod
1744 5857 1892 5918 certe
1943 5847 2062 5900 leve

490 5920 659 5976 fuisse
701 5928 937 5991 oportet,
997 5917 1145 5987 eum,
1196 5918 1468 5992 pendente
1519 5917 1887 5982 accusatione,
1939 5932 2062 5973 cum

2169 5780 3088 5921 gigmmrinaupieaveritaccusator.
3130 5780 3275 5853 (Ant.
3327 5780 3453 5855 Pagi
3503 5781 3572 5839 ad
3610 5796 3740 5836 ann.

2278 5892 2291 5915 ,
2316 5866 2369 5902 ιι.
2485 5891 2495 5902 .

2278 5892 2291 5915 ,
2316 5866 2369 5902 n.
2412 5866 2495 5903 az.
