4524 6582
459 459 560 514 197

461 574 554 629 οὖν
615 574 753 646 αὕτη
804 579 837 648 ἡ
899 577 1110 640 σύνοδος

463 670 843 723 Κωνσταντίου
897 671 990 724 τοῦ
1038 670 1323 739 βασιλέως,
1355 671 1412 722 ἐν
1444 670 1683 741 ὑπατείᾳ
1729 669 2044 740 Μαρκέλλου

463 761 556 814 καὶ
586 761 851 831 Προϐίνου
889 763 1022 833 (86)’
1055 759 1124 833 ἦν
1173 763 1229 815 δὲ
1279 761 1528 831 πέμπτον
1571 761 1691 822 ἔτος
1743 762 1855 831 (87)
1890 762 2047 814 τοῦτο

460 852 559 918 τῆς
587 853 846 922 τελευτῆς
877 853 972 906 τοῦ
1007 853 1116 904 τῶν
1146 851 1470 919 Αύγούστων
1500 850 1708 922 πατρὸς
1751 852 2047 904 Κωνσταν-

460 943 626 997 τίνου.
659 945 1019 1013 Προειστήκει
1044 943 1099 995 δὲ
1132 943 1251 994 τότε
1278 941 1376 1010 τῆς
1404 941 1461 991 ὲν
1499 941 1799 1010 Ἀντιοχείᾳ
1822 939 2048 1007 Ἐκκληο

464 1035 581 1100 σίας
615 1035 882 1098 Πλάκιτος
914 1034 1047 1102 (88).
1075 1032 1454 1102 διαδεξάμενος
1482 1032 1796 1102 Εὐφρόνιον.
1827 1031 1889 1083 Ut
1921 1031 2050 1097 περὶ

461 1127 719 1184 Εὑσέδιον
746 1124 858 1189 οὖν,
887 1127 1049 1195 ἔργον
1084 1125 1323 1179 τίθενται
1358 1123 1787 1194 προηγουμένως
1822 1122 2048 1175 Ἀθανά-

463 1238 577 1275 σιον
612 1221 940 1282 διαϐάλλειν,
978 1219 1196 1291 πρῶτον
1231 1219 1329 1290 μὲν
1363 1217 1438 1279 ὡς
1468 1216 1621 1287 παρὰ
1665 1215 1866 1269 κανόνα
1906 1214 2049 1284 πρά-

463 1313 650 1377 ξαντα,
678 1312 737 1364 ὃν
783 1312 938 1364 αὐτοὶ
984 1311 1195 1381 ὥρισαν
1223 1309 1366 1370 τότε.
1414 1311 1495 1363 ὅτι
1539 1310 1614 1380 μὴ
1644 1307 1837 1379 γνώμῃ
1869 1305 2048 1360 κοινοῦ

463 1403 740 1473 συνεδρίου
771 1403 879 1455 τῶν
916 1405 1252 1466 ἐπισκόπων,
1290 1402 1388 1471 τὴν
1421 1400 1574 1464 τάξιν
1605 1401 1701 1468 τῆς
1751 1398 2051 1468 ἱερωσύνης

462 1497 748 1551 ἀνέλαϐεν.
790 1495 1132 1549 Ἐπανελθὼν
1180 1496 1287 1564 γὰρ
1322 1495 1431 1548 ἀπὸ
1463 1495 1561 1564 τῆς
1605 1493 1838 1563 ὲξορίας,
1876 1491 2051 1560 ἐαυτῷ

465 1588 760 1660 ἐπιτρέψας
808 1590 887 1651 είς
933 1589 1030 1658 τὴν
1067 1587 1395 1658 Ἐκκλησίαν
1433 1586 1782 1656 εἰσεπήδησε.
1827 1584 1936 1636 Καὶ
1969 1585 2051 1636 ὅτι

463 1684 522 1733 ἐν
550 1683 615 1750 τῇ
647 1679 836 1748 εἰσόδῳ
865 1679 1028 1732 αὑτοῦ
1059 1679 1304 1748 ταραχῆς
1331 1679 1649 1747 γενομένης,
1685 1676 1867 1727 πολλοὶ
1899 1676 1956 1726 ὲν
1984 1677 2050 1744 τῇ

465 1773 651 1826 στάσει
688 1769 960 1823 ἀπέθανον
1011 1768 1145 1840 (89)·
1210 1772 1302 1821 καὶ
1353 1768 1427 1831 ὣς
1475 1785 1639 1820 τινων
1694 1767 2052 1820 αίκισθέντων

456 1862 568 1916 ὑπὸ
601 1861 942 1922 Ἀθανασίου,
990 1861 1152 1913 τινῶν
1198 1859 1254 1913 δὲ
1307 1860 1679 1930 δικαστηρίοις
1726 1858 2053 1928 παραδοθέν-

1461 460 1784 515 HISTORIA
1827 443 2382 515 ECCIESIASTICA.
2424 491 2492 500 ——-
2532 461 2658 515 LIB.
2702 461 2765 515 II.

1177 578 1230 628 iv
1283 578 1350 647 τῇ
1399 577 1716 648 Ἀντιοχείᾳ,
1777 575 2045 646 παρουσίᾳ
2079 582 2116 635 Α
2149 569 2525 646 Congrcgatur
2569 575 2753 644 itaque
2806 589 2962 645 syno(

1957 575 2045 646 σῖᾳ
2079 582 2116 635 Α
2149 569 2525 646 Congrcgatnr
2569 575 2753 644 itaque
2806 572 3050 645 synodus
3085 573 3424 637 Antiochiae,
3471 582 3740 642 prmsente

3636 459 3740 516 I98

2149 666 2270 736 ipso
2313 669 2444 736 imp.
2483 667 2826 730 Constantio,
2853 666 3141 721 consulatu
3181 665 3485 720 Marcellini
3515 673 3573 719 et
3607 665 3735 719 Pro-

2149 759 2288 823 bini,
2335 775 2480 812 anno
2525 759 2718 828 quinto
2769 767 2893 828 post
2919 758 3142 835 gobitum
3178 757 3526 811 Constantini
3565 757 3740 826 patris

2150 851 2544 920 Augustorum.
2595 850 2932 904 Przcsidebat
2977 866 3044 903 eo
3092 857 3338 918 tempore
3383 848 3740 903 Antiochcnze

2154 941 2419 995 Ecclesia:
2444 939 2754 1002 Flaccillus,
2781 941 2872 1008 qui
2899 938 3220 1008 Euphronio
3252 945 3610 990 successerat.
3639 935 3744 1005 Igi-

2154 1043 2243 1086 tur
2276 1033 2575 1087 Eusebiani
2622 1041 2747 1085 ante
2785 1032 2971 1085 omnia
3014 1030 3373 1084 Athanasium
3415 1028 3738 1082 calumniari

2151 1124 2515 1178 studuerunt:
2556 1123 2793 1192 primum
2823 1123 3069 1192 quidem,
3100 1120 3246 1190 quod
3281 1127 3470 1174 contra
3497 1119 3738 1189 regulam

2151 1231 2314 1285 quam
2351 1216 2456 1285 ipsi
2497 1223 2610 1269 tum
2644 1215 2884 1284 primum
2923 1213 3364 1277 constituerunt,
3391 1211 3742 1281 episcopatus

2153 1308 2238 1362 sui
2277 1309 2460 1361 locum
2498 1308 2706 1377 absque
2743 1307 2968 1362 decreto
3011 1305 3319 1360 communis
3353 1304 3740 1373 episcoporum

2152 1401 2371 1454 concilii
2417 1407 2821 1468 recuperasset.
2864 1398 3075 1468 Quippe
3117 1398 3186 1451 ab
3226 1396 3421 1451 exsilio
3459 1410 3738 1458 reversus,

2154 1500 2346 1560 suopte
2375 1499 2510 1544 nutu
2548 1499 2711 1559 atque
2749 1489 2981 1543 arbitrio
3014 1488 3314 1543 Ecclesiam
3351 1498 3737 1555 occupaverat.

2152 1583 2360 1636 Deinde
2386 1583 2528 1651 quod
2560 1583 2661 1635 sub
2685 1583 2992 1651 ingressum
3018 1581 3137 1649 ejus
3154 1586 3278 1633 orto
3302 1579 3562 1642 tumultu,
3581 1577 3740 1631 multi

2155 1673 2210 1727 in
2236 1673 2510 1727 seditione
2545 1674 2967 1736 occubuissent;
2993 1679 3049 1724 et
3071 1669 3217 1740 quod
3247 1669 3585 1737 aliiquidem
3609 1683 3741 1723 ver—

2155 1762 2384 1816 beribus
2412 1764 2480 1816 ab
2506 1763 2596 1816 illo
2621 1763 2802 1816 allecti
2826 1761 3099 1824 fuissent,
3126 1760 3217 1813 alii
3247 1759 3302 1812 in
3329 1759 3598 1829 judicium
3639 1758 3739 1812 ad-

2155 1851 2328 1906 ducti.
2357 1852 2465 1906 Sed
2492 1861 2548 1906 et
2578 1853 2667 1905 illa
2694 1868 2815 1920 qua:
2842 1852 2896 1905 in
2930 1851 3067 1905 urbe
3095 1851 3238 1920 Tyro
3280 1849 3548 1903 adversus
3573 1850 3743 1903 Atha-

463 1971 593 2007 των.
632 1954 706 2006 Οὐ
744 1953 850 2024 μὴν
894 1952 1030 2005 ἀλλὰ
1075 1951 1264 2004 καὶτὰ
1292 1953 1349 2002 ὲν
1378 1953 1444 2020 τῇ
1487 1949 1649 2021 Τύρῳ
1685 1948 2050 2018 πεπραγμένα
2081 1931 2124 1990 Β
2152 1957 2249 1996 ttas

1708 1948 2050 2018 τεπραγμένα
2081 1931 2124 1990 Β
2152 1943 2366 1996 κθείυιῐι
2391 1951 2541 2013 gesta
2565 1942 2804 2006 fuerant,
2829 1943 2884 1994 in
2923 1942 3165 1996 medium
3190 1941 3494 2019 protulere.

463 2045 606 2100 κατὰ
645 2043 965 2098 ’Δθανασίου
1001 2046 1080 2106 εἰς
1108 2041 1272 2111 μέσον
1306 2038 1462 2114 ἦγον.

1056 2153 1322 2206 ’ΚΕΦΑΛ.
1362 2151 1440 2205 ϐ’.

745 2244 886 2312 Περὶ
916 2245 959 2296 Ε
969 2244 1213 2298 ὺσεϐίου
1232 2242 1343 2296 τοῦ
1386 2241 1722 2310 Ἐμνσηνοῦ.

547 2336 671 2390 Ἐπὶ
690 2339 904 2400 τούτοις
931 2338 1050 2390 τότε
1081 2337 1180 2406 τῆς
1201 2335 1450 2405 διαϐολῆς
1475 2336 1794 2406 γενομένης,
1821 2353 2047 2406 προχει-

474 2428 715 2497 ρίζονται
746 2430 848 2498 τῆς
899 2429 1305 2502 Ἀλεξανδρείας
1342 2429 1660 2489 ἐπίσκοπον,
1697 2428 1910 2499 πρῶτον
1951 2429 2048 2498 μὲν

462 2519 721 2574 Εὑσέὸιον
755 2521 844 2574 τὸν
890 2519 1256 2592 ἐπικληθέντα
1297 2520 1603 2590 Ἐμισηνόν.
1655 2520 1750 2582 Τίς
1790 2520 1848 2572 δὲ
1892 2513 2045 2584 οὗτος

461 2608 550 2683 ἦν,
585 2613 824 2666 διδάσκει
859 2611 1130 2685 Γεώργιος
1160 2614 1187 2666 ὁ
1230 2612 1574 2674 Λαοδικείας,
1615 2611 1674 2674 ὃς
1707 2612 1825 2664 τότε
1867 2613 2047 2682 παρῆν

463 2707 521 2757 ἐν
547 2706 611 2773 τῇ
640 2704 862 2774 συνόδῳ.
897 2705 1035 2774 Φησὶ
1066 2704 1176 2774 γὰρ
1197 2705 1252 2757 ἐν
1279 2703 1356 2774 τῷ
1389 2706 1469 2767 εἰς
1501 2704 1662 2756 αὐτὸν
1687 2705 2048 2773 πεπονημένῳ

465 2796 674 2868 βιϐλίῳ,
709 2797 781 2860 ὡς
817 2795 901 2865 εἴη
941 2796 1200 2860 Εὐσέϐιος
1231 2799 1295 2848 ἐκ
1327 2796 1438 2848 τῶν
1483 2797 1825 2868 εὐπατριδῶν
1860 2797 1960 2864 τῆς
1990 2795 2048 2848 ὲν

464 2889 862 2958 Μεσοποταμίᾳ
901 2889 1122 2958 Ἐδέσης
1152 2889 1556 2957 καταγόμενος·
1589 2891 1652 2941 ὲκ
1689 2888 1814 2950 νέας
1843 2905 1902 2940 τε
1931 2887 2048 2958 ἠλι-

464 2981 588 3045 κίας
615 2981 681 3034 τὰ
704 2981 824 3050 ἱερὰ
851 2979 1038 3050 μαθὼν
1055 2980 1362 3050 Γράμματα
1387 2979 1521 3047 (90)’
1543 2973 1662 3032 εἶτα
1683 2979 1748 3032 τὰ
1781 2979 2048 3050 Ἑλλήνων

470 3072 783 3134 παιδευθεὶς
814 3070 969 3142 παρὰ
995 3070 1072 3141 τῷ
1110 3070 1411 3140 τηνικαῦτα
1455 3074 1521 3141 τῇ
1563 3071 1751 3140 Ἐδέσῃ
1781 3071 2049 3140 ἐπιδημήο

467 3181 620 3216 σαντι
651 3163 934 3232 παιδευτῇ’
963 3161 1117 3224 τέλος
1147 3161 1254 3213 ὑπὸ
1281 3161 1621 3230 Πατροφίλου
1650 3163 1746 3214 καὶ
1783 3160 2046 3214 Εὑσεὸίου

2726 2145 2838 2215 se
2872 2143 3021 2199 CAP.
3065 2144 3155 2198 tx.
3293 2145 3651 2215 suam»
3704 2102 3776 2164 3'

2631 2235 2710 2289 De
2727 2236 2962 2289 Eusebio
2988 2236 3257 2290 Emiseno.

2220 2327 2544 2398 Ilujusmodi
2595 2336 2711 2382 tum
2761 2327 3104 2382 concinnatis
3149 2329 3459 2394 calumniis,
3502 2331 3735 2386 Alexan-

2149 2427 2322 2481 drinm
2351 2428 2608 2484 Ecclesiae
2634 2429 2953 2496 episcopum
2982 2425 3287 2495 designant,
3319 2428 3498 2497 primo
3514 2429 3734 2498 quidem

2149 2522 2448 2577 Eusebium
2483 2528 2847 2591 cognomento
2891 2518 3230 2573 Emiscnum.
3273 2519 3531 2586 Quisnam
3571 2537 3736 2592 porro

2151 2614 2252 2669 iste
2279 2615 2464 2678 fuerit,
2494 2613 2656 2668 docet
2679 2612 2946 2681 Georgius
2975 2611 3262 2667 Laodicea:
3290 2614 3602 2698 epiiopus,
3641 2617 3736 2685 qui

2148 2707 2383 2761 concilio
2422 2707 2552 2760 huic
2582 2707 2748 2759 etiam
2781 2707 3048 2761 interfuit.
3089 2705 3224 2761 Nam
3269 2707 3323 2761 in
3369 2708 3512 2761 libro
3571 2725 3735 2778 quem

2150 2797 2217 2850 de
2252 2798 2372 2867 ejus
2405 2798 2518 2850 vita
2550 2799 2897 2867 conscripsit,
2933 2802 3009 2853 ait
3044 2802 3196 2856 illum
3224 2817 3292 2854 ex
3331 2802 3465 2856 viris
3507 2801 3735 2856 nobilis-

2151 2889 2304 2941 simis
2328 2888 2618 2943 Edessazin
2641 2889 3031 2958 Mesopotamia
3075 2892 3291 2961 generis
3329 2893 3413 2946 sui
3470 2891 3736 2962 originem

2151 2981 2393 3043 duxisse,
2431 2987 2486 3034 et
2510 2996 2539 3034 a
2571 2997 2748 3050 puero
2776 2985 2946 3038 sacris
2978 2984 3202 3038 Litteris
3224 2984 3556 3049 institutum,
3585 2983 3736 3040 Cra:-

2151 3088 2242 3127 cas
2266 3080 2456 3141 postea
2490 3073 2810 3142 disciplinas
2848 3090 2877 3128 a
2907 3076 3144 3145 quodam
3183 3075 3446 3144 magistro
3473 3075 3565 3143 qui
3608 3083 3738 3127 tunc

2151 3165 2413 3234 temporis
2437 3165 2654 3219 Edessa:
2689 3165 2942 3237 degebat,
2974 3168 3287 3237 percepisse
3313 3185 3326 3220 :
3355 3167 3576 3221 tandem
3604 3181 3738 3221 vero

3292 2145 3651 2233 Sozam!"

462 3257 685 3326 tdispdt
721 3253 1040 3325 ήρμηνεύθη
1071 3253 1260 3307 Βιϐλία
1287 3269 1299 3281 ·
1335 3248 1410 3305 ὧν
1433 3255 1461 3305 ὁ
1492 3255 1590 3323 μὲν
1612 3254 1720 3306 τῶν
1753 3253 1811 3306 ὲν
1835 3255 2046 3305 Καισα-
2075 3279 2120 3339 C
2152 3272 2245 3311 sac

1951 3270 2046 3305 σα-
2075 3279 2120 3339 C
2152 3271 2435 3311 sacrorum
2465 3257 2820 3311 Voluminum
2862 3259 3260 3327 expositionem
3301 3273 3370 3313 ex
3421 3258 3737 3328 Patrophilo

467 3349 608 3419 ρείᾳ.
640 3351 668 3400 ὁ
688 3347 743 3399 δὲ
775 3347 874 3416 τῆς
907 3347 964 3398 ἐν
995 3345 1324 3398 Σκυθοπόλει
1364 3346 1658 3417 προῖστατο
1700 3345 2044 3414 Ἐκκλησίας.

463 3440 619 3494 Μετὰ
646 3438 819 3491 ταῦτα
851 3439 905 3490 δὲ
937 3437 1376 3507 ἐπιδημήσαντος
1417 3435 1584 3489 αὐτοῦ
1615 3440 1681 3507 τῇ
1725 3436 2046 3505 Ἀντιοχείᾳ,

467 3532 665 3601 συνέϐη
722 3531 1020 3584 Εὑστάθιον
1083 3531 1189 3583 ὑπὸ
1244 3531 1430 3602 Κύρου
1461 3531 1907 3602 κατηγορηθέντα
1954 3530 2048 3583 τοῦ

464 3621 729 3693 Βεροιέως
751 3619 1146 3690 καθαιρεθῆναι
1178 3620 1254 3684 ὡς
1289 3620 1697 3684 Σαδελλίζοντα.
1732 3615 1865 3672 Εἶτα
1895 3617 2049 3684 αὖθις

464 3715 556 3767 τὸν
609 3713 869 3767 Εὐσέϐιον
923 3715 1163 3767 συνεῖναι
1217 3712 1502 3783 Εὑφρονίῳ
1551 3711 1629 3781 τῷ
1679 3711 2048 3783 διαδεξαμένῳ

465 3806 760 3862 Εὐστάθιον
779 3822 793 3839 ·
826 3805 1097 3874 φεύγοντὰ
1124 3822 1182 3858 τε
1210 3805 1309 3875 τὴν
1346 3803 1666 3874 ἱερωσύνην,
1717 3804 2045 3858 καταλαϐεῖν

2156 3347 2407 3403 hausisse
2441 3357 2605 3418 atque
2627 3350 2899 3404 Eusebio:
2939 3367 3172 3420 quorum
3201 3351 3292 3405 hic
3321 3350 3734 3414 Caesariensem,

2158 3441 2249 3494 ille
2280 3439 2785 3511 Scythopolitanam
2817 3442 3040 3511 regebat
3077 3443 3398 3496 Eeclesiam.
3443 3443 3571 3497 Post
3622 3442 3739 3497 hmc

2158 3547 2283 3586 cum
2321 3531 2670 3586 Antiochiam
2699 3533 2967 3597 venisset,
2999 3533 3228 3603 contigit
3256 3543 3317 3588 ut
3341 3533 3662 3589 Eustathius
3707 3549 3738 3588 a

2156 3623 2296 3694 Cyro
2330 3623 2607 3677 Berceensi
2652 3631 2941 3677 accusatus
2995 3633 3253 3693 tauquam
3305 3625 3598 3680 Sahelliani
3635 3625 3736 3679 do-

2155 3714 2354 3784 gmatis
2385 3722 2646 3777 assertor,
2683 3716 3073 3784 deponeretur.
3105 3715 3282 3780 Quare
3316 3717 3586 3771 Eusebius
3612 3732 3738 3772 cun:

2156 3805 2497 3875 Euphronio,
2532 3808 2624 3877 qui
2661 3807 2950 3863 Eustathio
2972 3816 3332 3874 successerat,
3361 3808 3621 3879 deinceps
3657 3809 3738 3864 vi-

1677 3961 1943 4015 \'AI.ESII
1981 3961 2539 4018 ANNOTATIONES.

537 4102 648 4174 (86)
690 4101 792 4156 Ἐν
833 4104 1104 4174 ettanta
1168 4107 1529 4174 Μαρκέλλου
1575 4105 1672 4158 καὶ
1722 4105 2038 4171 Προϐίνου.

466 4172 799 4247 Athanasius
827 4172 885 4247 in
911 4173 1052 4247 libro
1077 4175 1152 4228 De
1175 4172 1417 4247 synodis,
1448 4179 1612 4247 hujus
1637 4175 1853 4247 concilii
1905 4182 2043 4247 tcm-

467 4260 572 4314 pus
606 4244 694 4297 his
724 4243 870 4296 notis
907 4242 1156 4312 designat
1177 4242 1408 4299 :"lloav
1453 4242 1582 4299 δὲοὶ
1610 4245 1954 4306 συνελθόντες
1985 4246 2042 4295 ἐν

466 4317 578 4376 τοῖς
637 4314 952 4383 ἐγκαινίοις
1008 4315 1299 4368 ἐπίσκοποι
1376 4318 1728 4383 ἐνενήκοντα,
1809 4314 2044 4381 ὑπατεία

466 4383 838 4455 Μαρκελλίνου
873 4382 968 4455 καὶ
1000 4383 1284 4452 Προῢίνου.
1335 4382 1673 4446 ίνδικτιῶνος
1707 4383 1786 4445 ιδ’,
1823 4385 1937 4435 ἐκεῖ
1959 4384 2046 4455 avg

467 4453 576 4517 τος
611 4453 991 4505 Κωνσταντίου
1046 4456 1430 4508 ἀσεϐεστάτου.
1484 4455 1652 4508 Fuere
1705 4462 1903 4517 autem,
1955 4454 2042 4522 qui

469 4535 701 4594 tempore
733 4522 1105 4595 Encwniorum
1141 4533 1516 4595 convenerant,
1559 4525 1782 4595 episcopi
1824 4539 2042 4595 numero

468 4592 1111 4664 nonaginta,consulibus
1159 4594 1473 4648 Marcellino
1507 4603 1555 4646 et
1589 4592 1847 4654 'Probino,
1904 4594 2041 4646 indi-

467 4662 635 4716 rtioné
689 4662 892 4715 decima
931 4671 1148 4732 quarta,
1199 4673 1458 4735 premente
1500 4664 1691 4717 ibidem
1731 4664 2042 4734 impiissimo

467 4735 800 4787 Constantio.

2148 4102 2297 4174 Idem
2335 4111 2494 4174 antea
2524 4103 2759 4157 concilio
2785 4103 2915 4174 Tyri
2954 4103 3298 4168 interfuerat,
3326 4117 3381 4160 et
3417 4121 3541 4160 cum
3572 4106 3732 4160 Aria-

2147 4173 2235 4225 nis
2275 4173 2548 4244 adyersus
2607 4173 2971 4228 AthanaSium
3023 4177 3464 4244 conspiraret-at,
3523 4186 3584 4231 ut
3629 4178 3732 4230 do-

2147 4252 2234 4295 cet
2274 4242 2519 4316 Epistola
2571 4245 2982 4316 episcoporumg
3019 4242 3236 4313 [Egypti
3287 4247 3353 4299 ad
3412 4247 3728 4316 Dionysium

2148 4313 2427 4372 comitem,
2479 4330 2640 4382 quam
2684 4317 2852 4366 refert
2898 4313 3230 4367 Athanasius
3292 4317 3345 4370 iu
3404 4313 3731 4372 Defensione

2145 4382 2384 4436 secunda
2413 4384 2678 4438 adversus
2706 4384 2958 4438 Ariauos.
3005 4384 3195 4438 Eidem
3260 4386 3515 4442 Flaccillo
3555 4387 3730 4440 Euse-

2151 4451 2275 4505 bius
2296 4451 2650 4522 Caesariensis
2681 4455 2853 4508 libros
2876 4470 3005 4509 suos
3033 4465 3223 4509 contra
3242 4455 3557 4510 Marcellum
3587 4472 3700 4510 nun
3718 4488 3730 4498 -

2151 4523 2389 4596 cupayit.
2421 4524 2529 4596 Pro
2558 4524 2813 4596 Flaccillo
2841 4534 3022 4578 tamen
3066 4524 3181 4596 fere
3224 4526 3428 4596 ubique
3486 4527 3730 4580 Placitus

2151 4593 2433 4664 scribitur.
2469 4594 2580 4647 Nisi
2611 4595 2755 4663 quod
2789 4594 2841 4647 in
2869 4595 3121 4664 sequenti
3175 4610 3293 4664 cap.
3335 4593 3509 4651 codex
3543 4596 3727 4651 Allatii

2151 4662 2415 4732 scriptum
2447 4662 2640 4726 habet,
2665 4665 2768 4716 ὑπὸ
2796 4662 3109 4717 Φλακίλλου.

2226 4732 2336 4802 (89)
2373 4736 2595 4787 Πολλοὶ
2617 4736 2685 4786 ἐν
2732 4733 2807 4799 τῇ
2853 4735 3068 4788 στάσει
3111 4735 3431 4791 ἀπέθανον.
3470 4736 3578 4790 Has
3612 4737 3726 4790 Eu-

540 4803 650 4877 (87)
683 4799 792 4855 Ἦν·
817 4801 886 4855 δὲ
935 4801 1206 4877 πέμπτον
1233 4803 1408 4877 ,ἔτ-ος,
1446 4811 1568 4877 etc.
1622 4802 1936 4877 Marcellino
1988 4811 2044 4857 et
2081 4823 2120 4877 ο
2151 4799 2326 4877 s_e_biai

1988 4811 2044 4857 et
2081 4823 2120 4877 ο
2151 4799 2850 4877 sebianorunLcalumnias
2918 4807 3133 4877 egregie
3182 4805 3423 4877 refutant
3481 4807 3723 4876 episcopi

467 4873 707 4927 Probino
734 4887 899 4934 coss.,
931 4873 1020 4927 die
1049 4873 1339 4927 undecimo
1369 4873 1634 4926 Kalendas
1658 4873 1868 4934 Junias.
1894 4889 2046 4928 com-

466 4945 648 5013 pletus
669 4950 756 4995 est
785 4957 966 5013 annus
993 4953 1225 5012 quartus
1245 4944 1313 4997 ab
1342 4943 1497 4996 obitu
1525 4942 1888 5013 Constantini.
1917 4943 2046 4997 Post

468 5011 616 5068 hunc
642 5013 811 5083 igitur
842 5012 986 5067 diem
1011 5011 1241 5083 collecta
1269 5022 1353 5067 est
1392 5012 1634 5083 synodus
1678 5011 2040 5077 Antiochena,

467 5084 512 5136 si
535 5082 732 5155 verum
753 5083 1005 5155 estquod,
1025 5084 1100 5155 ait
1124 5082 1396 5155 socrates,
1423 5082 1541 5155 eam
1565 5083 1848 5136 collectam
1877 5083 2044 5138 fuisse

465 5170 611 5207 anno
641 5153 839 5223 quinto
866 5155 935 5207 ab
960 5154 1112 5206 obitu
1150 5153 1515 5207 Constantini.

539 5225 649 5294 (88)
683 5223 998 5289 ΙΙλάκιτος.
1034 5225 1260 5278 Rectius
1292 5224 1552 5278 scribitur
1593 5225 1699 5279 hoc
1735 5238 1934 5277 nomen
1989 5223 2042 5277 in

464 5293 719 5349 versione
775 5293 1065 5363 Epiphanii
1122 5294 1469 5348 Scholastici.
1534 5294 1862 5349 Prwsidebat
1919 5301 2044 5346 tunc

465 5365 714 5446 Ecclesiae
741 5364 1384 5446 Antiocheuwanaecillas
1400 5382 1704 5446 ‘successon
1724 5365 2037 5446 Euphront'i.

466 5435 576 5490 Nec
591 5438 751 5490 aliter
766 5435 970 5489 dicitur
989 5436 1042 5488 in
1068 5436 1311 5504 Epistola
1326 5434 1452 5488 Julii
1474 5452 1623 5504 papa:
1641 5436 1705 5488 ad
1732 5434 2038 5504 episcopos,

467 5508 560 5588 qui
604 5506 908 5588 Antiochiae
955 5507 1010 5587 in
1048 5507 1150 5587 hac
1182 5505 1390 5588 synodo
1442 5505 2033 5588 coligregati"fuerant.

468 5575 557 5629 Sic
602 5578 750 5631 enim
799 5575 1306 5646 habetinscriptio:
1345 5578 1540 5645 Δανίῳ,
1581 5575 1880 5645 Φλακίλλῳ,
1927 5585 2032 5628 etc.

2152 4871 2368 4945 [Egypti
2404 4873 2466 4945 in
2492 4875 2733 4945 Epistola
2767 4871 3235 4945 synodicafquam
3279 4876 3447 4930 refert
3477 4871 3723 4931 Athana-

2153 4942 2270 4996 sius
2294 4943 2348 4996 iu
2383 4959 2418 4996 tt
2443 4942 2771 4998 Defensione
2798 4942 3068 4999 adversus
3091 4942 3371 4999 _Ariauos.

2225 5013 2335 5082 (90)
2383 5014 2457 5065 Τὰ
2494 5016 2620 5084 ἱερὰ
2667 5015 2873 5079 μαθὼν
2893 5015 3235 5084 Γρὰμμτιτα.
3287 5017 3440 5070 Hunc
3481 5017 3725 5072 Socratis

2149 5081 2596 5156 I_ocutnrexplicat
2636 5084 2981 5156 Sozomenus
3007 5081 3229 5138 invlibro
3272 5102 3350 5149 tu,
3383 5103 3502 5156 cap.
3565 5087 3618 5149 6,
3653 5087 3724 5143 de

2149 5152 2389 5207 Eusebio
2433 5152 2700 5209 Emiseuo
2732 5155 2807 5210 ita
2858 5155 3126 5219 scribens,
3171 5158 3262 5207 Ἐκ
3324 5152 3464 5208 νέου’
3489 5158 3543 5209 δὲ
3583 5158 3724 5210 κατὰ

2149 5223 2376 5293 πάτριον
2427 5224 2548 5287 ἔθος
2606 5227 2732 5288 τοὺς
2795 5228 2971 5293 ἱεροὺς
3019 5225 3277 5293 ἐκμαθὼν
3323 5226 3549 5293 λόγους,
3610 5238 3720 5282 etc.

2147 5292 2312 5347 Pueri
2345 5293 2512 5364 igitur
2545 5292 2947 5366 Edessenor'um
2981 5292 3167 5366 sacrre
3210 5292 3502 5366 ScriptuIm
3555 5297 3726 5352 libros

2147 5366 2469 5438 memoriter
2499 5365 2834 5438 gliscebant
2876 5382 2942 5438 es
2973 5382 3125 5438 more
3160 5365 3519 5438 institutoque
3549 5370 3723 5438 majo-

2146 5449 2291 5488 rum.
2325 5434 2466 5489 Sane
2499 5435 2806 5490 Edessenos
2835 5435 3247 5490 ardentissimos
3275 5434 3443 5490 fuisse.
3484 5434 3726 5491 cultores

2144 5503 2473 5586 Christiana:
2536 5506 2821 5576 religionis
2883 5505 3152 5560 testantur
3198 5507 3495 5577 scriptores
3544 5509 3722 5563 eccle-

2147 5585 2349 5630 Slasttct
2363 5618 2372 5628 .

1896 5709 2276 5767 VARIORUM.

471 5831 675 5900 telligat
700 5831 969 5891 Socrates,
993 5830 1087 5900 qui
1116 5837 1319 5883 tantam
1342 5828 1759 5899 praerogativam
1784 5830 2044 5900 episeopo

473 5905 715 5958 ltomano
760 5903 1121 5966 concesserit;
1163 5915 1472 5968 quanquam
1498 5901 1554 5954 P.
1591 5900 1659 5954 de
1696 5901 1870 5955 Marca
1919 5917 2042 5954 sex-

2153 5838 2286 5905 t_9_m_
2319 5830 2510 5900 synodi
2559 5832 2784 5888 Nicarnae
2831 5832 3104 5905 indigitari
3155 5832 3307 5896 vult,
3367 5831 3488 5887 loco
3535 5831 3722 5889 citato.

2151 5901 2237 5954 W.
2264 5899 2480 5954 Low“.
