4524 6582
766 452 928 512 ’195

1436 558 1588 617 CAP.
1623 558 1760 616 VIII.

819 652 1088 725 Quomodo
1111 654 1368 710 Eusebius
1399 654 1616 709 collecta
1637 656 1830 725 iterum
1853 651 2134 725 Antiochiae
2161 652 2379 724 synodo,

1061 726 1287 782 alteram
1313 725 1438 796 ﬁdei
1463 724 1750 797 formulam
1784 723 2173 797 promulgavit..

887 880 1158 936 Eusebius
1172 889 1354 936 autem
1375 880 1527 936 nullo
1544 887 1704 951 pacto
1728 877 2120 950 conquiescere
2141 883 2379 949 poterat,

817 971 913 1028 sed
936 987 1174 1037 omnem,
1201 981 1261 1027 ut
1281 981 1367 1028 est
1401 973 1455 1027 in
1482 972 1798 1043 proverbio,
1836 971 2090 1026 movebat
2121 970 2379 1041 lapidem,

817 1072 881 1118 ut
905 1064 969 1120 id
1011 1064 1157 1136 quod
1196 1074 1560 1136 proposuerat
1602 1064 1861 1120 eﬁiceret.
1885 1063 2190 1120 Concilium
2215 1063 2381 1135 igitur

815 1156 1118 1212 Antiochiae
1140 1157 1196 1212 in
1223 1156 1377 1229 Syria
1403 1165 1561 1212 curat
1581 1157 1897 1229 congregari
1914 1199 1930 1224 ,
1954 1164 2223 1229 praetextu
2260 1158 2384 1228 qui-

816 1249 941 1305 dem
974 1249 1290 1305 dedicanda:
1323 1248 1589 1314 ecclesia},
1626 1264 1788 1318 quam
1819 1249 2187 1321 Augustorum
2225 1257 2382 1319 pater

815 1337 1209 1393 Constantinus
1249 1337 1526 1393 aediﬁcare
1572 1347 1834 1409 cmperat,
1878 1347 2003 1410 post
2039 1340 2159 1412 ejus
2195 1349 2378 1394 autem

815 1430 1026 1487 obitum
1061 1431 1411 1488 Constantius
1444 1430 1606 1498 ﬁlius,
1641 1431 1854 1487 decimo
1885 1439 2008 1502 post
2036 1447 2180 1486 anno
2214 1446 2380 1502 quam

809 1525 954 1596 jacta
989 1523 1207 1579 fuerant
1240 1523 1616 1588 fundamenta,
1641 1523 1989 1590 absolverat;
2015 1523 2197 1593 reipsa
2218 1537 2375 1589 vero,

815 1627 878 1673 ut
915 1617 1395 1674 consubstantialis
1438 1616 1598 1672 ﬁdem
1634 1623 1908 1672 everteret
1941 1632 2006 1674 ac
2039 1615 2375 1688 proﬁigaret.

814 1710 876 1766 In
904 1710 1009 1766 hoc
1041 1710 1278 1766 concilio
1308 1725 1376 1766 ex
1399 1708 1634 1764 diversis
1655 1709 1970 1764 civitatibus
2004 1717 2378 1765 convenerunt

813 1802 1053 1874 episcopi
1076 1816 1306 1858 numero
1338 1801 1654 1873 nonaginta.
1678 1801 1941 1857 Maximus
1975 1809 2155 1858 tamen
2182 1803 2376 1859 Hiero-

2258 444 2592 504 SOCRATIS

2415 566 2463 624 Λ

3952 443 4057 502 196

3083 554 3336 614 ΚΕΦΔΔ.
3376 549 3460 612 II’.

2495 651 2593 718 Ὠς
2649 649 2941 718 Εὐσέϐιος
2989 649 3200 718 ἑτέραν
3542 645 3951 719 ποιησάμενος
3984 646 4055 703 ἐν

2567 722 2886 792 Ἀντιοχείᾳ
2908 719 3017 792 si";
3041 721 3281 792 Συρίας,
3303 718 3514 788 ἑτέραν
3530 718 3778 773 ἔκθεσιν-⁷
3797 720 4056 787 πίστεως

2551 791 3032 860 ὑπαγορευθῆναι
3057 791 3329 858 ἐποίησε.

2553 880 2813 944 Εὐσὲόιος
2861 880 2919 934 δέ
2971 879 3146 935 οὐδενὶ
3191 880 3380 954 τρόπῳ
3428 879 3722 951 ἡσυχάζειν
3783 877 4054 947 ἐϐούλετο,

2481 970 2639 1037 ἀλλὰ,
2673 971 2735 1026 τὸ
2779 970 2875 1026 τοῦ
2904 971 3087 1042 λόγου,
3127 970 3308 1026 πάντα
3344 970 3488 1024 λίθον
3525 970 3714 1036 ἐκίνει,
3747 970 3898 1034 ὅπως
3932 968 3999 1023 ἂν
4023 968 4056 1024 δ

2481 1064 2743 1136 προέθετο
2788 1064 3220 1137 κατεργάσηταιο
3271 1062 3672 1128 κατασκευάζει
3704 1058 3800 1116 οὖν
3838 1060 4055 1117 σύνοδον

2480 1157 2541 1212 ἐν
2578 1156 2876 1229 Ἀντιοχείᾳ
2917 1157 3019 1228 τῆς
3049 1156 3248 1228 Συρίας
3283 1167 3299 1207 ι
3341 1155 3613 1226 γενέσθαι,
3652 1153 3920 1228 προφάσει
3954 1153 4055 1225 μὲν

2479 1249 2588 1304 τῶν
2618 1250 2914 1320 ἐγκαινίων
2941 1250 3042 1322 τῆς
3083 1248 3399 1322 ἐκκλησίας,
3424 1249 3492 1322 ην
3535 1248 3564 1302 ὁ
3613 1248 3790 1321 πατὴρ
3819 1246 3917 1318 μὲν
3943 1245 4054 1300 τῶν

2479 1343 2807 1412 Αὑγούστων
2847 1342 3277 1409 κατασκευάζειν
3325 1340 3550 1415 ἦρξατο,
3609 1340 3746 1413 μετά
3797 1340 4054 1412 τελευτὴν

2475 1435 2535 1488 δὲ
2570 1433 2758 1499 αὐτοῦ,
2786 1434 2816 1488 ὁ
2854 1434 2968 1498 υἱὸς
3001 1432 3380 1496 Κωνστάντιος
3415 1431 3625 1503 δεκάτῳ
3655 1430 3766 1486 ἐτει
3814 1430 3923 1485 ἀπὸ
3954 1431 4054 1502 τῆς

2480 1523 2850 1597 θεμελιώσεως
2879 1524 3241 1580 συνετέλεσεν.
3277 1523 3351 1578 Τὸ
3368 1523 3426 1576 δέ
3458 1522 3678 1595 ἀληθὲς,
3706 1521 3799 1578 ἐπὶ
3823 1525 3890 1594 τῇ
3919 1522 4052 1577 άνα-

2478 1619 2652 1689 τροπῇ
2691 1618 2788 1672 καὶ
2833 1617 3152 1690 καθαιρέσει
3187 1616 3298 1689 (84)
3341 1615 3439 1688 τῆς
3469 1615 3756 1687 όμοουσίου
3793 1615 4051 1680 πίστεως.

2471 1708 2581 1762 ’Ἔν
2608 1707 2782 1781 ταύτῃ
2825 1707 2882 1762 δέ
2913 1711 2982 1781 τῇ
3025 1707 3229 1780 συνόδῳ
3263 1705 3524 1780 συνῆλθον
3560 1708 3626 1761 ἐκ
3654 1705 3925 1778 διαφόρων
3953 1706 4053 1759 πόο

2477 1799 2616 1856 λεων
2649 1799 2936 1855 ἐπίσκοποι
2968 1801 3314 1872 ἐνενήκοντα.
3365 1799 3618 1871 Μάξιμος
3656 1799 3841 1870 μέντοι
3882 1799 3912 1852 ό
3943 1797 4054 1852 τῶν

813 1891 1142 1964 solymorum
1164 1887 1478 1964 episcopus,
1511 1892 1605 1963 qui
1627 1892 1863 1948 Macario
1883 1900 2242 1959 successerat,
2265 1910 2376 1950 non
2411 1920 2451 1979 Β
2489 1895 2597 1964 Ἱερ

2265 1910 2376 1950 non
2411 1920 2451 1979 Β
2489 1893 2878 1964 Ἱεροσολύμων
2905 1894 3224 1958 ἐπίσκοπος,
3254 1892 3312 1958 ὃς
3344 1893 3631 1964 Μακάριον
3661 1892 3954 1959 διεδέξατο,
3987 1891 4050 1946 οὑ

814 1983 1065 2040 interfuit
1091 2001 1105 2037 :
1136 1984 1190 2039 id
1225 1985 1437 2040 scilicet
1469 1984 1652 2040 animo
1685 1992 1966 2055 reputans,
1993 1983 2278 2055 deceptum
2315 2001 2375 2041 se

811 2072 967 2144 prius
999 2072 1189 2138 fuisse,
1214 2081 1271 2128 et
1305 2088 1403 2144 per
1439 2071 1689 2128 fraudem
1734 2071 2019 2126 inductum
2058 2081 2120 2126 ut
2161 2071 2376 2142 deposi-

813 2162 951 2216 tioni
973 2163 1254 2218 Athanasii
1277 2163 1670 2218 subscriberet.
1695 2161 1801 2218 Sed
1819 2177 1996 2234 neque
2015 2161 2193 2218 Iulius
2207 2163 2377 2220 inter-

810 2252 917 2310 fuit
959 2255 1215 2311 Romanas
1251 2255 1406 2312 urbis
1441 2255 1764 2326 episcopus;
1793 2269 1897 2309 nec
1942 2270 2268 2325 quemquam
2308 2272 2376 2311 eo

811 2347 964 2402 misit
987 2346 1081 2417 qui
1107 2347 1288 2403 locum
1310 2363 1470 2403 suum
1497 2347 1783 2419 impleret:
1806 2347 1915 2418 85
1937 2363 2064 2403 cum
2087 2355 2265 2405 tamen
2287 2365 2378 2406 ec-

811 2437 1120 2495 clesiastica
1167 2440 1354 2511 regula
1394 2446 1565 2505 vetet,
1607 2455 1676 2495 ne
1712 2438 1918 2508 absque
1959 2454 2230 2497 consensu
2270 2443 2380 2498 Ro-

811 2531 962 2592 mani
1004 2531 1282 2605 pontiﬁcis
1315 2532 1617 2606 quidquam
1648 2531 1706 2588 in
1750 2531 1995 2590 Ecclesia
2025 2532 2374 2591 decernatur.

2480 1985 2810 2057 παρεγένετο
2843 1987 2901 2040 ἐν
2944 1986 3104 2058 αὐτῇ,
3138 1984 3588 2057 ἐπιλογισάμενος
3624 1985 3701 2049 ὡς
3741 1985 3824 2056 εῐη
3857 2001 4055 2058 συναρ-

2482 2079 2698 2146 παγεὶς,
2752 2079 2847 2132 καὶ
2881 2080 2948 2151 τῇ
2995 2077 3313 2151 καθαιρέσει
3342 2077 3668 2150 ὑπογράψας
3708 2076 4050 2132 ’ΔΘανασίου.

2493 2170 2652 2225 Ἀλλὰ
2683 2170 2790 2242 μὴν
2813 2170 2934 2224 οὐδὲ
2967 2170 3185 2235 Ἰούλιος
3209 2171 3414 2242 παρῆν,
3439 2170 3469 2222 ό
3498 2171 3596 2240 τῆς
3622 2169 3883 2241 μεγίστης
3920 2167 4055 2223 Ῥώ-

2485 2279 2592 2333 μης
2621 2261 2916 2326 ἐπίσκοπος
2941 2277 2957 2293 ·
2997 2261 3121 2315 οὐδέ
3167 2261 3275 2332 μὴν
3303 2263 3383 2326 είς
3414 2261 3505 2315 τὸν
3532 2261 3700 2314 τόπον
3732 2259 3896 2315 αὐτοῦ
3948 2259 4054 2314 ὰπ-

2482 2353 2730 2408 εστάλκει
2746 2355 2888 2408 τινά·
2907 2354 3083 2408 καίτοι
3097 2354 3318 2416 κανόνος
3331 2353 3784 2427 ἐκκλησιαστικοῦ
3805 2353 4052 2408 κελεύον-

2481 2461 2572 2508 τος
2605 2444 2738 2515 (85),
2777 2445 2851 2517 μὴ
2877 2444 2987 2499 δεῖν
3029 2445 3178 2518 παρὰ
3204 2444 3304 2519 τὴν
3344 2445 3570 2518 γνώμην
3617 2445 3712 2500 τοῦ
3750 2445 4052 2515 ἐπισκόπου

2493 2536 2733 2609 Ῥώμης,
2769 2535 2866 2602 τάς
2908 2536 3234 2609 Ἐκκλησίας
3265 2537 3564 2604 κανονίζειν
3587 2537 3637 2592 Ιι.
3663 2538 4050 2612 Συγκροτείται

2002 2670 2268 2772 VALESII
2303 2715 2853 2774 ANNOTATIONES.

884 2827 996 2901 (84)
1021 2825 1130 2901 Kal
1161 2825 1238 2895 τῇ
1262 2825 1619 2901 καθαιρέσει.
1662 2825 1904 2882 Delenda
1943 2825 2163 2901 videtur
2197 2829 2372 2901 parti-

812 2897 936 2955 cula
966 2897 1083 2963 καὶ,
1125 2905 1381 2967 totusque
1409 2897 1563 2968 locus
1595 2912 1705 2951 uno
1748 2905 1936 2951 tenore
1974 2898 2050 2951 ita
2089 2898 2371 2968 legendus,

813 2970 1268 3039 ἐπιλογισάμενος
1294 2966 1384 3030 θὼς
1409 2966 1494 3039 εἴη
1535 2968 2019 3039 σνναρπαγεξςίτῇ
2057 2966 2375 3037 καθαιρέσει

812 3036 1160 3120 ὑπογράψας,
1190 3036 1525 3120 ᾎθανασίον,
1578 3037 1637 3091 Id
1675 3036 1800 3120 est;
1841 3036 2107 3120 Reputans
2153 3036 2378 3120 circum-

810 3106 1025 3165 sentum
1042 3106 1100 3163 se
1141 3108 1299 3178 fuisse
1326 3116 1387 3161 ut
1428 3106 1707 3178 Athanasii
1745 3106 2057 3178 dcpositioni
2086 3108 2376 3162 subscribe-

813 3188 914 3234 ret.
941 3177 1206 3248 Maximus
1244 3179 1389 3232 enim
1437 3177 1938 3248 Hierosolymorum
1979 3179 2287 3248 episcopus,
2321 3179 2374 3232 in

813 3250 1048 3304 concilio
1092 3247 1241 3319 Tyri,
1278 3264 1384 3302 una
1432 3263 1556 3301 cum
1600 3247 1769 3319 Paula
1797 3253 1854 3302 et
1897 3247 2126 3319 reliquis
2157 3249 2376 3318 deposi-

815 3320 950 3375 tioui
978 3316 1257 3374 Athanasii
1285 3319 1701 3387 subscripserat.
1719 3316 1887 3388 Cujus
1907 3316 2033 3372 facti
2055 3334 2178 3372 cum
2197 3316 2374 3388 ipsum

813 3392 1137 3461 pwiiteret,
1193 3387 1536 3461 Antiochenq
1579 3387 1815 3461 concilio
1875 3387 2136 3461 interesse
2185 3387 2376 3461 postea

816 3458 1106 3523 recusavit,
1151 3467 1210 3513 ut
1258 3458 1452 3513 scribit
1505 3458 1843 3512 Sozomenu's
1895 3458 1952 3511 in
1991 3459 2134 3513 libro
2187 3458 2374 3523 tertio,

812 3545 932 3601 cap.
953 3530 1038 3601 νϐ,
1055 3528 1382 3601 ειὼλίὶιιθιιι.
1427 3528 1498 3601 _At
1527 3528 1806 3601 ﬂosculus
1820 3536 1896 3601 ret
1923 3529 2376 3599 Christophorso-

813 3596 918 3656 ιιιιέ
949 3600 1003 3653 in
1028 3600 1134 3654 hoc
1161 3596 1402 3654 Socratis
1427 3599 1549 3654 loco
1573 3598 1719 3655 nihil
1747 3597 2022 3653 viderunt.
2069 3651 2072 3655 ,

885 3669 994 3740 (85)
1042 3670 1240 3722 Καίτοι
1258 3671 1517 3740 κανόνος,
1556 3668 2054 3740 ἐκκλησιαστικοῦ
2098 3669 2374 3740 adeder-

762 3799 764 3801 ,
811 3738 932 3805 τος.
973 3738 1191 3808 Regula:
1223 3739 1604 3794 ecclesiastica:
1633 3739 1690 3792 in
1727 3738 1931 3808 duplici
1954 3747 2082 3792 sunt
2114 3739 2370 3794 diﬁ‘eren-

814 3811 909 3865 tia.
937 3811 1069 3864 Aliae
1089 3808 1234 3864 enim
1265 3809 1356 3862 uni
1385 3809 1650 3863 duntaxat
1682 3809 1940 3863 Ecclesiae
1965 3816 2059 3862 aut
2080 3810 2378 3879 provinciae

811 3881 1049 3935 conditae
1074 3890 1220 3934 sunt.
1245 3880 1378 3934 Aliae
1406 3879 1474 3933 ad
1503 3879 1867 3933 universalem
1908 3879 2205 3933 Ecclesiam
2249 3895 2376 3935 sne-

811 3959 981 4006 ctant.
1017 3949 1226 4021 Prioris
1249 3950 1466 4021 generis
1498 3949 2074 4021 regula3,cu_jusmodi
2113 3956 2241 4021 sunt
2271 3949 2375 4021 Ca-

811 4037 985 4092 nones
1037 4019 1738 4092 ptenﬁitentialesDionysii
1789 4019 2164 4092 Alexandrini,
2204 4019 2372 4092 Petri,

812 4091 998 4146 Basilii
1039 4089 1103 4145 et
1128 4091 1381 4154 aliorum,
1423 4089 1942 4159 absqueconsen'su
1987 4089 2229 4159 episcopi
2264 4091 2377 4144 Ro-

813 4163 958 4216 mani
983 4161 1315 4232 promulgari
1345 4158 1671 4232 possuntab
1699 4159 1957 4232 episcopo
1990 4158 2255 4232 cujusque
2285 4176 2375 4232 re-

811 4228 1010 4302 gionis,
1044 4228 1362 4302 praesertim
1379 4230 1502 4302 siis
1519 4230 1808 4302 episcopus
1850 4228 2009 4302 alteri
2049 4228 2377 4302 patriarcha:

811 4299 1091 4372 subjectus
1123 4301 1212 4372 sit.
1242 4300 1572 4372 Posterioris
1591 4314 1723 4352 vero
1755 4299 1973 4368 generis
2002 4300 2217 4372 regulae
2248 4302 2376 4355 nul-

811 4370 925 4427 lam
943 4372 1051 4426 vim
1080 4371 1305 4436 habent,
1335 4370 1442 4426 nisi
1481 4384 1780 4424 consensus
1813 4372 2108 4426 accesserit
2133 4370 2376 4442 episcopi

2481 2830 2733 2903 Ijomani.
2770 2829 2872 2886 Hic
2899 2830 3046 2903 enim
3099 2832 3400 2903 primatum
3459 2831 3675 2888 obtinet
3719 2831 4050 2890 universalis

2480 2901 2760 2972 Ecclesiae,
2811 2909 2877 2972 ut
2911 2901 3157 2972 loquitur
3193 2903 3506 2972 Ferrandus
3563 2903 3620 2956 in
3678 2903 3920 2972 Epistola
3977 2905 4048 2960 ad

2479 2971 2812 3043 Anatolium.
2835 2970 2934 3043 _Ad
2961 2969 3123 3043 quem
3141 2973 3208 3028 de
3229 2969 3486 3028 omnibus
3528 2969 3755 3043 majoris
3784 2976 4048 3029 momenti

2479 3042 2734 3114 negotiis,
2771 3041 2985 3114 reliqui
3019 3043 3265 3114 episcopi
3317 3043 3523 3098 referre
3572 3041 3796 3114 debent.
3857 3043 4047 3114 Itaque

2479 3111 2793 3184 P‘errandus
2816 3111 2870 3165 in
2890 3111 3454 3184 supradicta—epistola
3483 3129 3592 3168 non
3608 3113 3881 3168 dubitavit
3896 3111 4048 3170 asse-

2480 3196 2604 3236 rere
2649 3182 2984 3254 universalia
3039 3182 3275 3238 concilia
3331 3184 3572 3254 episc0pi
3620 3184 3850 3254 Romani
3909 3200 4046 3239 con-

2478 3266 2642 3306 sensu
2681 3252 2889 3306 ﬁrmari
2927 3263 3202 3322 Oportere.
3239 3254 3330 3309 Sic
3354 3252 3608 3308 enim—ait
3651 3271 3664 3306 :
3706 3252 4043 3309 Unioersalia

2476 3322 2700 3376 concilia
2738 3362 2754 3387 ,
2805 3324 3067 3394 prazcipue
3120 3323 3221 3378 illa
3274 3325 3459 3394 quibus
3513 3323 3762 3379 Ecclesia
3792 3324 4047 3379 Romana:

2477 3408 2767 3448 consensus
2799 3395 3036 3464 accessit,
3082 3394 3324 3448 secunda:
3356 3395 3691 3464 auctoritatis
3738 3394 3909 3464 locum
3930 3403 4048 3464 post

2476 3465 2755 3517 canonicos
2792 3461 2948 3517 libros
2982 3472 3177 3518 tenent.
3219 3464 3286 3519 Et
3324 3463 3603 3534 aliquanto
3630 3473 3773 3534 post,
3801 3463 3870 3519 de
3917 3461 4047 3519 uni--

2476 3534 2786 3606 versalibus
2812 3535 3062 3588 conciliis
3101 3535 3351 3606 loquens,
3380 3535 3656 3606 neminem
3686 3536 3763 3589 ait
3791 3535 3910 3606 _cogi
3939 3536 4048 3589 illis

2476 3602 2846 3674 subscribere,
2876 3613 3074 3671 praeter
3110 3602 3206 3659 eos
3232 3605 3326 3674 qui
3347 3604 3585 3660 concilio
3637 3602 4043 3674 interfuerunt:

2476 3671 2720 3745 Suﬁicere
2748 3673 2888 3745 enim
2908 3675 3185 3744 judicatur
3213 3671 3282 3728 ad
3320 3674 3533 3745 plenam
3562 3673 4043 3743 conﬁrmationem,

2475 3744 2520 3797 si
2550 3741 2800 3814 perducta
2832 3741 2888 3795 in
2909 3741 3159 3798 notitiam
3211 3741 3371 3799 totius
3405 3741 3674 3808 Ecclesiaz,
3721 3745 3929 3798 nullum
3960 3745 4044 3814 of-

2477 3814 2801 3883 fendiculum
2857 3823 3099 3869 moveant
3143 3815 3225 3868 vel
3271 3815 3587 3870 scandalum
3622 3815 3904 3884 fratribus:
3956 3816 4046 3869 sed

2478 3884 2779 3956 apostolica:
2801 3887 2923 3956 ﬁdei
2947 3886 3223 3956 conuenire
3258 3884 3558 3956 ﬁrmentur,
3590 3884 3888 3956 apostolicae
3903 3885 4046 3956 sedis

2477 3955 2728 4009 roborata
2773 3954 3041 4011 consensu.
3067 3954 3215 4009 Idem
3250 3955 3537 4011 conﬁrmat
3568 3954 3887 4010 Ammianus
3902 3955 4046 4009 Mar-

2477 4025 2711 4080 cellinus
2739 4027 2795 4081 in
2831 4027 2972 4082 lihro
3002 4041 3092 4088 xv,
3123 4026 3217 4079 ubi
3241 4025 3308 4080 de
3335 4025 3633 4080 Athanasio
3665 4026 3915 4095 loquens,
3949 4025 4045 4094 qui

2478 4096 2723 4178 synodali
2754 4096 3028 4152 sententia
3041 4095 3324 4178 depositus
3345 4095 3542 4178 fuerat,
3567 4095 3645 4150 ait
3661 4095 4046 4178 Constantium

2480 4165 2882 4248 imperatorem,
2917 4165 3167 4236 quamvis
3195 4182 3260 4220 ea
3280 4165 3549 4248 sententia
3579 4165 3914 4248 exsecutioni
3934 4166 4047 4248 jam

2479 4234 2735 4292 mandata
2767 4234 2982 4300 fuisset,
3018 4245 3202 4290 tamen
3241 4236 3499 4291 omnibus
3540 4235 3721 4290 modis
3766 4234 4048 4290 studuisse

2480 4315 2543 4360 ut
2565 4305 2846 4362 decretum
2879 4305 3016 4378 illud
3047 4306 3375 4378 auctoritate
3412 4320 3633 4376 quoque
3662 4305 3878 4378 potiore
3935 4306 4048 4361 Ro-

2480 4390 2654 4431 manae
2685 4378 2840 4454 prbis
2860 4377 3104 4449 episcopi
3127 4375 3571 4433 conﬁrmaretur.

2233 4510 2612 4569 VARIORUM.
2689 4500 2702 4511 '

882 4647 897 4700 i
935 4647 1206 4720 Σύιέοδον
1224 4646 1657 4720 ἐνῌᾋντιοχείςι
1690 4645 1800 4714 τῆς
1840 4646 2086 4720 Συρίας.Δ
2113 4645 2372 4703 Occasio-
2407 4651 2449 4706 D
2476 4647 2668 4703 Consta

1449 4646 1657 4720 ξιοχείςι
1690 4645 1800 4714 τῆς
1840 4646 2086 4720 Συρίας..
2113 4645 2372 4703 Occasio-
2407 4651 2449 4706 D
2476 4647 2789 4703 Constantis
2817 4650 2868 4704 5.
2907 4648 3052 4720 (Ant.
3087 4648 3235 4704 PAGI.

809 4735 932 4774 nem
959 4719 1122 4788 hujus
1142 4717 1331 4788 synodi
1358 4717 1746 4788 desumendam
1770 4733 1837 4770 ex
1853 4717 2198 4772 dedicatione
2233 4727 2370 4772 tem-

809 4791 883 4860 pli
937 4789 1260 4860 Antiocheni

807 4857 973 4928 dicti)
1019 4857 1260 4915 ostendit
1309 4857 1639 4912 Athanasius
1692 4858 1748 4911 in
1795 4857 1939 4912 libro
1993 4859 2068 4912 De
2117 4859 2366 4929 synodis,

849 4931 1027 4984 nando
1058 4932 1170 4987 ait:
1203 4929 1489 4983 Antiochia:
1521 4945 1709 5000 novam
1739 4930 1995 5000 synodum
2028 4945 2122 4999 per
2151 4946 2370 5000 causam

849 4947 1027 4984 uanao
1058 4947 1170 4987 ait:
1203 4947 1489 4983 ammenta:
1521 4947 1709 4983 novam
1739 4947 1995 5000 synoaum
2028 4947 2122 4999 per
2151 4947 2364 4983 causam

807 4947 1179 5056 2:11t‘wttt'0rttm
1215 5007 1512 5070 coegerunt.
1543 4999 1689 5053 Idem
1739 4998 1903 5054 habet
1929 5000 2144 5070 Sorom.
2178 4999 2277 5053 lib.
2314 5017 2364 5054 v.

810 5072 935 5126 Haec
972 5073 1240 5142 synodus,
1280 5069 1340 5124 ut
1397 5070 1724 5142 Arianorum
1772 5069 2216 5142 conciliabulum,
2247 5079 2367 5142 itam

811 5157 841 5195 a
892 5141 1170 5198 veteribus
1218 5156 1382 5212 quam
1431 5157 1461 5195 a
1503 5141 1824 5212 recentibus
1860 5141 2192 5212 impugnata.
2245 5141 2365 5194 Pri-

812 5229 934 5267 mus
959 5213 1201 5268 omnium
1229 5209 1347 5282 ejus
1377 5212 1758 5282 auctoritatem
1797 5209 2040 5266 defendit
2067 5209 2373 5282 schelstra-

811 5283 940 5347 tius,
983 5280 1328 5353 ostenditque
1375 5281 1721 5353 quadruplici
1766 5282 1926 5336 titulo
1962 5280 2226 5353 synodum
2265 5280 2374 5335 An-

811 5354 1118 5410 tiochenam
1159 5351 1461 5424 impetitam
1511 5351 1678 5407 fuisse
1703 5353 1819 5424 zil°r
1851 5351 2002 5422 quod
2043 5351 2372 5424 Arianorum

809 5422 1459 5490 conciliabulumluerit;
1503 5424 1560 5478 2°
1597 5423 1744 5493 quod
1796 5422 2369 5493 Athanasiumﬂdcpo-

811 5497 1013 5562 suerit;
1045 5496 1101 5549 5⁸³
1142 5497 1284 5567 quod
1331 5494 1501 5567 ﬁdem
1531 5491 1893 5567 pervertet-it;
1925 5491 2369 5567 4f_quoddisci-

810 5568 1011 5638 plinam
1041 5565 1465 5622 ecclesiasticam
1493 5565 1840 5638 impugnarit.
1868 5565 1973 5620 Sed
1994 5565 2108 5618 haec
2133 5575 2370 5638 quatuor

811 5634 916 5692 non
947 5639 1241 5693 convenire
1269 5635 1585 5707 primordiis
1604 5635 1957 5690 Antiochense
1985 5634 2174 5706 synodi
2215 5650 2371 5707 ano-

809 5711 1026 5790 naginta
1057 5705 1325 5790 _I’atribus
1377 5708 1684 5790 celebratae,
1717 5707 1813 5760 sed
1845 5706 1959 5790 ﬁni,
1995 5705 2091 5787 aut
2135 5705 2372 5786 novissi-
2399 5736 2401 5739 ι

811 5775 915 5834 ιηἰέ
945 5780 1269 5836 Antiocheni
1311 5776 1658 5833 conciliabuli
1690 5791 1719 5830 a
1755 5776 2111 5846 quadraginta
2153 5775 2373 5830 circiter

812 5851 1134 5905 Eusebianis
1173 5850 1431 5905 celebrati
1480 5848 1644 5909 actis,
1695 5859 1922 5902 certum.
1970 5847 2226 5903 Inchoata
2288 5855 2372 5899 est

811 5922 1051 5993 synodus
1081 5938 1206 5978 ann.
1233 5921 1360 5977 Chr.
1393 5920 1517 5989 541,
1546 5919 1675 5977 Julii
1701 5920 1857 5991 Papa:
1896 5919 1948 5986 5,
1979 5916 2286 5974 Constantii
2315 5928 2371 5971 et

2549 4720 2574 4759 Ιι
2596 4720 2865 4786 Κανόνος
2885 4718 3256 4789 ἐκκλησιαστ
3269 4718 3399 4773 (κοῦ
3418 4718 3794 4789 κελεύοντος.
3817 4719 3903 4789 μὴ
3920 4721 4048 4775 δεῖν

1345 4789 1507 4841 Aurei
1555 4787 1813 4840 Dominici
1842 4789 1940 4858 pob
1989 4788 2369 4843 excellentiam
2459 4789 2633 4856 ’παρὰ
2658 4789 2773 4856 τὴν
2815 4788 3057 4858 γνώμην
3096 4805 3127 4840 τ

2259 4790 2369 4843 iam
2459 4789 2633 4856 ’παρὰ
2658 4789 2773 4856 τὴν
2815 4788 3057 4858 ’γνώμην
3096 4787 3227 4858 τοῦ,
3266 4789 3605 4842 ἐπισκόπου
3661 4787 3897 4857 Ῥώμὴς,
3942 4793 4045 4857 τὰς

2473 4860 2808 4924 ἐκκλησίας
2824 4857 3186 4918 κανονιζειν.
3223 4857 3426 4913 Eadem
3446 4858 3560 4911 fere
3583 4859 3854 4914 habentur
3882 4862 4043 4926 Infra,

2473 4944 2594 4998 cap.
2631 4931 2717 4984 l7.
2749 4929 2906 4984 Hunc
2940 4930 3119 4983 locum
3147 4927 3519 4984 Gothofredus
3545 4929 3618 4983 ita
3652 4931 3914 4998 exponit:
3946 4931 4047 4986 Ni-

2472 4999 2547 5053 hil
2577 5017 2672 5070 pro
2708 5009 2826 5053 rato
2844 4999 3177 5070 ihabendum,
3199 5001 3515 5070 _priusauam
3546 5016 3702 5070 super
3747 5016 3807 5054 eo
3834 5011 4046 5054 senten-

2473 5072 2548 5123 tia
2579 5068 2804 5141 episcopi
2835 5069 3062 5141 Romani
3086 5068 3371 5141 explorata
3395 5069 3569 5141 fuerit.
3611 5068 3777 5141 Plane
3808 5081 3868 5124 ut
3907 5071 4046 5126 dici-

2475 5150 2566 5210 tur
2600 5139 2664 5195 l6
2699 5139 2835 5210 Ced.
2873 5139 3172 5210 Theodos.,
3221 5139 3306 5194 tit.
3346 5139 3402 5202 2,
3431 5139 3468 5192 l.
3505 5141 3591 5194 45.
3624 5139 3696 5210 In
3749 5141 4047 5210 provinciis

2474 5209 2670 5283 Illyrici
2707 5209 2838 5283 nihil
2881 5209 3319 5283 absque'scientia
3348 5211 3572 5280 episcopi
3602 5209 4044 5283 constantinopo-

2473 5279 2628 5336 litani
2673 5280 2916 5350 synodali
2963 5279 3164 5350 judicio
3208 5296 3317 5333 esse
3348 5279 3784 5350 reservandum;
3826 5279 4048 5338 additur

2469 5359 2676 5417 autem,
2704 5349 2976 5424 honorem
3021 5351 3186 5424 istum
3203 5349 3389 5424 _urbis
3433 5350 4049 5424 Constantinopolitanae

2467 5424 2747 5494 episcopo,
2777 5420 3017 5494 deferri,
3047 5422 3174 5494 quia
3203 5421 3387 5494 Romae
3412 5423 3638 5494 _veteris
3692 5420 4046 5494 prze'rogativa

2468 5490 2701 5547 laetatur.
2725 5492 2897 5547 Aliam
2929 5492 3090 5561 hujus
3113 5492 3216 5544 loci
3238 5490 3632 5560 expositionem
3657 5490 3957 5561 profert'P;
3979 5495 4048 5548 de

2469 5562 2668 5626 Marco,
2707 5564 2804 5617 lib.
2853 5579 2909 5616 ιιι
2936 5559 3015 5617 De
3037 5559 3322 5625 concord,
3355 5577 3474 5631 cap.
3513 5562 3596 5622 l2.
3633 5559 3841 5618 scilicet
3872 5582 3883 5615 :
3919 5559 4045 5630 Epi-

2469 5649 2683 5705 scopum
2716 5633 3264 5705 Romanumrhabere
3294 5634 3698 5702 prtcrogativam
3729 5634 3967 5705 suﬂ‘ragii
3997 5641 4046 5686 et

2469 5702 2526 5775 in
2555 5701 2870 5775 unaquaque
2905 5720 2961 5757 re
3004 5701 3301 5771 deﬁnienda
3349 5701 3538 5773 prazirc
3589 5701 4045 5773 caeterisdebere;

2471 5773 2630 5843 plane
2662 5773 2716 5828 ut
2754 5773 3146 5846 metropolitani
3179 5775 3438 5828 sententia
3480 5776 3777 5846 necessaria
3828 5784 3944 5828 erat
3976 5775 4046 5828 ad

2467 5846 2653 5913 synodi
2703 5844 3037 5915 provincialis
3086 5844 3290 5898 decreta
3342 5844 3678 5900 stabilienda.
3718 5845 3916 5900 Verum
3942 5860 4041 5899 ne-

2470 5915 2609 5971 scire
2641 5931 2724 5971 me
2771 5916 2941 5971 fateor
2967 5932 3128 5986 quem
3164 5931 3429 5971 canonem
3484 5916 3914 5974 ecclesiasticum
3952 5916 4037 5972 in-
