4524 6582
452 423 553 480 197

1453 425 1777 481 ιηετοῑιιλ
1821 425 2370 482 ΕΩΩΙΕΞΙΛΞΤΙΟΛ.
2413 456 2482 465 --
2522 427 2648 481 ΜΒ.
2691 427 2756 481 Il.

3626 425 3729 482 198

453 539 546 594 οὖν
607 540 745 611 αὕτη
797 544 829 614 ἡ
889 543 1102 605 σύνοδος
1168 544 1222 594 ἰν
1274 543 1340 612 τῇ
1389 543 1707 614 Ἀντιοχείᾳ,
1769 542 2038 613 παρουσίᾳ
2071 551 2108 602 Α
2141 540 2239 595 Col

1949 542 2038 613 σίᾳ
2071 551 2108 602 Α
2141 540 2516 612 Congregatur
2559 541 2744 610 itaque
2797 537 3041 612 synodus
3075 539 3413 603 "Antiochiae,
3460 548 3729 608 prmsente

455 635 834 689 Κωνσταντίου
887 637 982 689 τοῦ
1029 635 1314 704 βασιλέως,
1346 636 1403 687 ἐν
1435 636 1674 707 ὑπατείᾳ
1721 635 2035 706 Μαρκέλλου

455 727 548 780 καὶ
577 727 842 797 Προϐίνου
879 729 1013 798 (86)·
1046 724 1114 798 ἦν
1164 728 1220 780 δὲ
1269 726 1520 796 πέμπτον
1562 727 1682 787 ἔτος
1735 727 1846 797 (87)
1881 728 2038 780 τοῦτο

451 817 551 883 τῆς
579 818 838 888 τελευτῆς
869 817 963 871 τοῦ
998 817 1107 870 τῶν
1137 817 1461 884 Λύγούστων
1491 816 1699 887 πατρὸς
1742 817 2037 869 Κωνσταν-

452 909 618 962 τίνου.
651 910 1010 979 Προειστήκει
1035 909 1091 960 δὲ
1122 908 1242 959 τότε
1268 906 1366 976 τῆς
1395 907 1452 956 ἐν
1490 906 1790 975 Ἀντιοχείᾳ
1813 905 2038 973 Ἐκκληο

456 1000 572 1064 σίας
606 1001 873 1063 Πλάκιτος
905 999 1038 1067 (88).
1066 997 1444 1067 διαδεξάμενος
1472 997 1787 1067 Εύιρρόνιον.
1817 997 1880 1048 υἱ
1912 996 2040 1063 περὶ

453 1092 710 1148 Εὑσέϐιον
737 1088 850 1155 οὖν,
878 1091 1040 1160 ἔργον
1074 1091 1314 1144 τίθενται
1349 1089 1778 1160 προηγουμένως
1812 1088 2038 1141 Ἀθανά-

455 1203 569 1240 σιον
604 1186 930 1247 διαϐάλλειν,
969 1185 1187 1256 πρῶτον
1222 1185 1320 1255 μὲν
1354 1182 1429 1245 ὡς
1459 1181 1612 1253 παρὰ
1656 1181 1858 1234 κανόνα
1897 1179 2039 1250 πρόι-

455 1277 642 1341 ξαντα,
670 1277 728 1330 ὃν
775 1277 929 1330 αὐτοὶ
974 1276 1185 1346 ὥρισαν
1213 1275 1358 1335 τότε.
1405 1277 1486 1328 ὅτι
1531 1275 1605 1345 μὴ
1635 1272 1828 1345 γνώμῃ
1859 1270 2038 1325 κοινοῦ

455 1368 732 1438 συνεδρίου
762 1368 870 1420 τῶν
907 1370 1242 1432 ἐπισκόπων,
1281 1367 1379 1435 τὴν
1412 1366 1564 1430 τάξιν
1595 1367 1691 1434 τῆς
1741 1364 2042 1434 ἱερωσύνης

453 1462 738 1516 ἀνέλαϐεν.
781 1459 1122 1514 Ἐπανελθὼν
1170 1461 1278 1530 γὰρ
1313 1461 1422 1512 ἀπὸ
1454 1461 1551 1528 τῆς
1597 1457 1828 1529 ἐξορίας,
1867 1456 2041 1525 ἑαυτῷ

455 1553 752 1625 ἐπιτρέψας
799 1555 878 1617 εἰς
924 1554 1022 1623 τὴν
1059 1552 1385 1623 Ἐκκλησίαν
1423 1551 1772 1621 εἰσεπήδησε.
1818 1549 1926 1601 Καὶ
1959 1549 2042 1602 ὅτι

455 1649 513 1699 ἐν
542 1648 606 1716 τῇ
638 1643 827 1713 εἰσόδῳ
855 1644 1019 1697 αὑτοῦ
1050 1644 1293 1712 ταραχῆς
1322 1643 1639 1712 γενομένης,
1676 1641 1857 1692 πολλοὶ
1890 1641 1946 1692 ἐν
1974 1643 2040 1709 τῇ

456 1737 642 1791 στάσει
679 1734 951 1788 ἀπέθανον
1001 1733 1135 1805 (89)·
1201 1736 1292 1786 καὶ
1343 1733 1417 1796 ὥς
1466 1751 1629 1786 τινων
1685 1732 2042 1784 αἰκισθέν-των

448 1827 560 1881 ὑπὸ
592 1825 932 1887 Ἀθανασίου,
980 1826 1142 1878 τινῶν
1187 1825 1244 1878 δὲ
1298 1825 1669 1895 δικαστηρίοις
1717 1823 2043 1893 παραδοθέν-

2141 635 2260 703 ipso
2303 634 2435 702 imp.
2473 634 2817 696 Constantio,
2843 633 3131 687 consulatu
3171 631 3474 686 Marcellini
3505 639 3562 685 et
3597 631 3724 686 Pro-

2139 725 2279 790 bini,
2325 741 2471 778 anno
2515 725 2709 794 quinto
2760 732 2883 794 post
2909 724 3133 802 ebitum
3168 723 3514 777 Constantini
3556 723 3729 792 patris

2141 817 2536 886 Augustorum.
2586 817 2922 870 Prmsidcbat
2967 831 3034 870 eo
3082 821 3327 884 tempore
3373 813 3730 868 Antiochenre

2144 907 2409 961 Ecclesia:
2435 906 2745 967 Flaceillus,
2771 907 2862 974 qui
2889 903 3210 974 Euphronio
3242 911 3600 956 successerat.
3628 902 3733 971 lgi-

2144 1008 2233 1052 tur
2267 999 2565 1053 Eusebiani
2613 1008 2738 1050 ante
2775 998 2961 1051 omnia
3004 996 3363 1050 Athanasium
3405 994 3729 1048 calumniari

2142 1091 2506 1144 studuerunt:
2546 1089 2784 1158 primum
2813 1088 3059 1157 quidem,
3090 1086 3236 1156 quod
3270 1094 3460 1140 contra
3486 1085 3728 1155 regulam

2142 1197 2304 1251 quam
2341 1182 2446 1251 ipsi
2487 1189 2600 1234 tum
2634 1181 2874 1250 primum
2914 1179 3354 1243 constituerunt,
3381 1177 3732 1247 episcopatus

2143 1273 2227 1327 sui
2267 1275 2450 1327 locum
2488 1273 2696 1343 absque
2733 1273 2958 1327 decreto
3001 1271 3310 1326 communis
3343 1270 3730 1339 episcoporum

2143 1365 2360 1419 concilii
2408 1373 2812 1434 recuperasset.
2854 1363 3066 1434 Quippe
3107 1364 3176 1417 ab
3216 1362 3411 1417 exsilio
3450 1376 3728 1424 reversus,

2144 1465 2336 1525 suopte
2364 1465 2500 1509 nutu
2539 1465 2702 1524 atque
2740 1455 2971 1508 arbitrio
3004 1454 3304 1508 Ecclesiam
3342 1465 3727 1521 occupaverat.

2143 1549 2351 1601 Deinde
2375 1548 2518 1617 quod
2550 1548 2652 1600 sub
2675 1547 2982 1617 ingressum
3009 1546 3128 1614 ejus
3145 1551 3268 1598 orto
3292 1545 3552 1608 tumultu,
3571 1543 3729 1597 multi

2145 1639 2199 1692 in
2226 1639 2500 1693 seditione
2535 1639 2957 1702 occubuissent;
2983 1635 3206 1706 etquod
3237 1635 3330 1689 alii
3353 1635 3576 1704 quidem
3599 1649 3731 1689 ver-

2145 1728 2374 1782 beribus
2402 1729 2470 1781 ab
2495 1729 2587 1782 illo
2611 1728 2792 1781 atl‘ecti
2817 1727 3089 1790 fuissent,
3117 1725 3207 1779 alii
3237 1724 3292 1778 in
3319 1725 3588 1794 judicium
3629 1724 3728 1778 ad-

2145 1817 2318 1872 ducti.
2347 1818 2455 1872 Sed
2482 1826 2539 1871 et
2568 1818 2656 1870 illa
2684 1833 2805 1887 qua:
2833 1819 2887 1870 in
2920 1817 3058 1870 urbe
3085 1816 3229 1886 Tyro
3271 1815 3538 1868 adversus
3562 1815 3733 1869 Atha-

454 1936 585 1973 των.
623 1919 698 1971 Οὐ
735 1918 840 1988 μὴν
884 1917 1021 1970 ἀλλὰ
1066 1916 1254 1969 καὶτὰ
1282 1917 1339 1967 ἐν
1368 1919 1435 1985 τῇ
1477 1914 1640 1986 Τύρῳ
1676 1913 2041 1984 πεπραγμένα
2071 1897 2114 1955 Β
2141 1923 2240 1962 nas

1698 1913 2041 1984 τεπραγμένα
2071 1897 2114 1955 Β
2141 1909 2356 1962 Iasium
2381 1917 2532 1978 gesta
2555 1907 2794 1972 fuerant,
2819 1909 2874 1960 in
2913 1907 3156 1962 medium
3181 1907 3484 1976 protulere.

455 2010 597 2064 κατὰ
635 2008 955 2063 ’Δθανασίου
986 2010 1070 2070 εἰς
1098 2007 1262 2077 μέσον
1297 2003 1452 2078 ἦγον.

1047 2117 1311 2170 ΚΕΦΑΛ.
1352 2116 1431 2170 Θ¹.

736 2210 877 2277 Περὶ
905 2209 1203 2262 Εὑσεσιόυ
1223 2208 1333 2260 τοῦ
1376 2206 1712 2276 Ἐ’μισηνοῦ.

538 2302 662 2356 Ἐπὶ
681 2303 893 2364 τούτοις
921 2303 1039 2354 τότε
1071 2302 1171 2371 τῆς
1191 2301 1440 2370 διαϐολῆς
1466 2301 1784 2372 γενομένης,
1811 2318 2037 2372 προχει-

464 2393 706 2462 ρίζονται
736 2395 838 2463 τῆς
891 2394 1295 2466 Ἀλεξανδρείας
1331 2394 1650 2453 ἐπίσκοπον,
1687 2393 1900 2465 πρῶτον
1941 2394 2037 2463 μὲν

452 2484 712 2538 Εὑσέϐιον
745 2487 834 2539 τὸν
879 2485 1246 2557 ἐπικληθέντα
1286 2485 1592 2555 Ἐμισηνόν.
1645 2485 1740 2547 Τίς
1781 2485 1838 2536 δὲ
1882 2478 2035 2548 οὗτος

451 2573 541 2647 ἦν,
576 2577 814 2631 διδάσκει
849 2577 1120 2650 Γεώργιος
1150 2579 1177 2630 ὁ
1220 2576 1564 2639 Λαοδικείας.
1605 2576 1664 2639 ὃς
1697 2577 1816 2629 τότε
1857 2579 2038 2647 παρῆν

453 2671 512 2721 ἐν
537 2671 602 2738 τῇ
631 2669 852 2739 συνόδῳ.
887 2669 1025 2739 Φησὶ
1056 2669 1165 2740 γὰρ
1186 2671 1242 2722 ἐν
1269 2667 1346 2739 τῷ
1379 2671 1458 2732 εἰς
1490 2669 1652 2721 αὑτὸν
1676 2670 2038 2738 πεπονημένῳ

455 2761 665 2832 βιϐλίῳ,
699 2762 771 2824 ὡς
807 2761 891 2830 εἴη
931 2761 1190 2824 Εὐσέϐιος
1220 2763 1284 2813 ὲκ
1316 2761 1427 2812 τῶν
1472 2761 1814 2832 εὐπατριδῶν
1850 2761 1950 2828 τῆς
1980 2761 2038 2813 ἐν

454 2853 852 2923 Μεσοποταμία
891 2853 1111 2922 Ἐδέσης
1142 2855 1545 2922 καταγόμενος·
1578 2856 1642 2906 ὲκ
1679 2853 1804 2916 νέας
1832 2870 1891 2905 τε
1921 2852 2039 2923 ήλιο

454 2945 578 3010 κίας
605 2946 672 2999 τὰ
694 2945 814 3014 ἱερὰ
842 2944 1028 3014 μαθὼν
1044 2945 1351 3015 Γράμματα
1376 2944 1510 3012 (90)·
1533 2939 1652 2996 εἶτα
1672 2944 1738 2996 τὰ
1770 2944 2038 3016 Ἑλλήνων

460 3037 772 3098 παιδευθεὶς
804 3035 958 3106 παρὰ
985 3035 1062 3106 τῷ
1100 3035 1400 3105 τηνικαῦτα
1444 3039 1510 3106 τῇ
1552 3035 1741 3106 Ἐδέσῃ
1771 3036 2039 3105 ἐπιδημήο

457 3145 610 3182 σαντι
641 3128 924 3197 παιδευτῇ·
953 3126 1106 3188 τέλος
1137 3126 1242 3178 ὑπὸ
1270 3126 1610 3196 Πατροφίλου
1641 3128 1736 3179 καὶ
1773 3126 2035 3179 Εὑσεϐίου

453 3221 523 3274 τὰ
542 3223 674 3290 ἱερὰ
710 3218 1030 3290 ἡρμηνεύθη
1061 3217 1250 3272 Βιϐλία
1275 3234 1288 3246 ·
1325 3213 1398 3270 ὧν
1422 3220 1450 3270 ὁ
1482 3219 1580 3288 μὲν
1602 3219 1710 3271 τῶν
1743 3219 1801 3271 ἐν
1825 3221 2036 3271 Καισα-
2065 3245 2110 3306 C

457 3314 597 3384 ρεία,
629 3315 657 3365 ὁ
677 3311 733 3364 δὲ
764 3311 864 3381 τῆς
897 3313 954 3362 ὲν
984 3309 1313 3363 Σκυθοπόλει
1354 3311 1646 3382 προῖστατο
1690 3310 2034 3380 Ἐκκλησίας.

453 3405 609 3459 Μετὰ
635 3403 809 3456 ταῦτα
841 3403 894 3455 δὲ
927 3402 1366 3472 ἐπιδημήσαντος
1407 3401 1574 3454 αὐτοῦ
1604 3405 1670 3472 τῇ
1715 3402 2036 3471 Ἀντιοχείᾳ,

456 3497 655 3565 συνέϐη
711 3495 1010 3549 Eua-toiva
1073 3496 1179 3548 ὑπὸ
1234 3496 1420 3566 Κύρου
1450 3496 1896 3567 κατηγορηθέντα
1943 3496 2037 3549 τοῦ

454 3586 719 3657 Βεροιέως
741 3584 1136 3655 καθαιρεθῆναι
1168 3585 1244 3648 ὡς
1278 3585 1686 3649 Σαϐελλίζοντα.
1722 3581 1855 3638 Εἶτα
1885 3582 2038 3650 αὖθις

453 3679 546 3732 τὸν
599 3678 858 3731 Εὑσέϐιον
913 3680 1152 3732 συνεῖναι
1206 3677 1491 3748 Εὐφρονίῳ
1541 3677 1619 3746 τῷ
1668 3676 2038 3748 διαδεξαμένη)

454 3771 749 3827 Εὑστάθιον
768 3787 782 3803 ·
815 3769 1086 3839 φεύγοντά
1113 3787 1172 3823 τε
1199 3770 1298 3840 τὴν
1335 3769 1656 3840 ἱερωσύνην,
1707 3770 2034 3824 καταλαϐεῖν

2717 2111 2829 2181 εδ
2863 2109 3012 2164 car.
3055 2110 3145 2164 1x.
3283 2111 3640 2181 suam»
3693 2068 3766 2130 3‘

2621 2201 2700 2255 De
2718 2202 2952 2255 Eusebio
2977 2202 3248 2256 Emiseno.

2210 2292 2534 2364 llujusmodi
2585 2302 2701 2348 tum
2751 2292 3095 2347 concinnatis
3139 2294 3449 2360 calumniis,
3491 2295 3725 2351 Alexan-

2139 2391 2312 2446 drinae
2341 2393 2598 2450 Ecclesia:
2624 2394 2944 2462 episc0pum
2972 2391 3277 2461 designant,
3310 2395 3488 2462 primo
3504 2394 3724 2463 quidem

2139 2487 2438 2542 Eusebium
2473 2493 2838 2556 cognomento
2881 2484 3220 2539 Emiscnum.
3263 2485 3521 2552 Quisnam
3560 2503 3726 2558 porro

2140 2579 2241 2634 iste
2269 2579 2454 2643 fuerit,
2484 2579 2647 2634 docet
2668 2577 2936 2647 Georgius
2965 2576 3251 2632 Laodicea
3280 2580 3592 2664 ethcopus,
3631 2583 3725 2651 qui

2138 2673 2373 2726 concilio
2411 2672 2541 2726 huic
2572 2673 2738 2725 etiam
2771 2672 3038 2726 interfuit.
3079 2670 3214 2726 Nam
3258 2673 3314 2726 in
3359 2674 3502 2727 libro
3560 2690 3724 2743 quem

2139 2762 2208 2816 de
2241 2764 2362 2832 ejus
2395 2763 2508 2815 vita
2540 2764 2888 2832 conscripsit,
2923 2767 2999 2818 ait
3033 2768 3186 2821 illum
3214 2783 3282 2820 ex
3321 2767 3455 2821 viris
3496 2767 3724 2822 nobilis-

2141 2853 2295 2906 simis
2318 2853 2607 2908 Edessaain
2632 2854 3021 2923 Mesopotamia
3064 2857 3281 2927 generis
3319 2859 3403 2912 sui
3460 2857 3726 2928 originem

2141 2945 2383 3009 duxisse,
2421 2953 2476 2999 et
2500 2962 2529 2999 a
2560 2962 2737 3015 puero
2765 2951 2936 3003 sacris
2967 2950 3192 3004 Litteris
3214 2950 3546 3014 institutmn,
3575 2949 3726 3005 (ΞΛ-αξ-

2140 3053 2232 3092 cas
2255 3047 2446 3107 postea
2480 3038 2799 3107 disciplinas
2837 3056 2867 3094 a
2897 3041 3134 3110 quodam
3173 3040 3436 3110 magistro
3462 3041 3553 3109 qui
3598 3049 3726 3093 tunc

2141 3131 2403 3200 temporis
2426 3130 2644 3185 Edessa:
2678 3131 2931 3202 degebat,
2963 3134 3276 3203 percepisse
3303 3150 3316 3186 :
3346 3133 3566 3187 tandem
3593 3147 3727 3188 vero

2142 3237 2425 3276 sacrorum
2454 3222 2808 3277 Voluminum
2851 3224 3250 3293 expositionem
3290 3239 3359 3278 ex
3410 3223 3728 3294 Patrophilo

2146 3313 2396 3368 hausisse
2431 3322 2595 3384 atque
2617 3315 2889 3370 Eusebio:
2929 3333 3162 3385 quorum
3190 3316 3282 3371 hic
3310 3316 3723 3380 Catsariensem,

2147 3406 2238 3459 ille
2270 3405 2774 3476 Scythopolitanam
2806 3407 3030 3477 regebat
3067 3408 3388 3462 Ecelesiam.
3432 3409 3560 3463 Post
3611 3408 3728 3463 luce

2147 3513 2271 3552 cum
2310 3497 2661 3552 Antiochiam
2688 3498 2957 3563 venisset,
2989 3499 3218 3569 contigit
3245 3509 3307 3554 ut
3330 3500 3652 3555 Eustathius
3697 3515 3727 3553 τι

2145 3589 2286 3660 Cyro
2319 3588 2597 3643 Bermensi
2641 3598 2931 3643 accusatus
2985 3599 3242 3659 tauquam
3295 3590 3587 3646 Sabeliiani
3624 3591 3726 3645 do-

2144 3680 2344 3749 gmatis
2375 3687 2635 3743 assertor,
2672 3681 3062 3750 deponeretur.
3095 3681 3271 3747 Quare
3305 3683 3576 3737 Eusebius
3601 3698 3726 3738 cun:

2146 3771 2486 3841 Euphronio,
2522 3774 2614 3842 qui
2649 3773 2939 3829 Eustathio
2961 3782 3321 3839 successerat,
3351 3775 3610 3845 deinceps
3646 3775 3727 3830 vi-

3283 2111 3640 2199 βοτάναι)

1666 3925 1932 3981 VALESII
1971 3926 2528 3984 ANNOTATIONES.

527 4067 638 4139 (86)
679 4067 781 4122 Ἐν
822 4069 1094 4139 -ὐτζατείᾳ
1158 4073 1518 4138 Μαρκέλλου
1564 4070 1662 4124 καὶ
1711 4070 2028 4135 Προὸίνου.

455 4137 788 4212 Athanasius
815 4137 873 4212 in
899 4137 1041 4212 l_ibr_o
1067 4141 1140 4193 De
1164 4137 1407 4212 synodis,
1437 4144 1601 4212 hujus
1625 4140 1843 4212 concilii
1894 4148 2032 4212 tem-

456 4225 561 4278 pus
596 4209 683 4261 his
713 4208 858 4260 notis
895 4207 1398 4278 designati'iiaw
1441 4207 1572 4264 δὲοὶ
1599 4210 1942 4272 συνελθόντες
1974 4211 2031 4260 ἐν

455 4281 568 4341 τοῖς
626 4278 941 4348 ὲγκαινίοιςί
997 4279 1288 4334 ἐπίσκοποι
1365 4283 1718 4348 ἐνενήκοντα.
1798 4279 2033 4347 ὑπατείᾳ

2138 4068 2286 4140 Idem
2324 4076 2484 4140 antea
2514 4069 2748 4123 concilio
2775 4069 2903 4140 Tyri
2943 4069 3287 4135 interfuerat,
3315 4083 3370 4126 et
3405 4088 3530 4125 cum
3561 4072 3720 4126 Aria-

2137 4138 2224 4191 nis
2265 4138 2537 4210 adversus
2597 4138 2960 4194 Athanasium
3012 4142 3453 4210 conspiraret-at,
3512 4153 3573 4197 ut
3618 4143 3720 4196 do-

2137 4218 2224 4261 cet
2264 4208 2508 4283 Epistola
2560 4211 2972 4283 episcoporum_
3008 4208 3226 4283 Egypti
3277 4213 3342 4265 ad
3400 4212 3717 4283 Dionysium

2137 4278 2416 4338 comitem,
2468 4295 2629 4347 quam
2673 4278 2841 4332 refert
2887 4278 3218 4334 Athanasius
3281 4283 3334 4335 in
3393 4278 3719 4338 Defensione

455 4335 827 4419 Μαρκελλίνου
861 4335 956 4419 καὶ
989 4349 1274 4417 Προῢίνου.
1325 4335 1661 4411 ἱνδικτίῶνος
1696 4348 1776 4410 ιδ’,
1813 4350 1926 4400 ἐκεῖ
1949 4335 2036 4400 ὅνζ
2134 4362 2241 4419 sect

1949 4335 2036 4400 ὅνζ
2134 4348 2374 4419 secunda
2403 4335 2667 4404 adversus
2695 4350 2946 4403 Ariauos.
2993 4350 3184 4404 Eidem
3249 4335 3508 4407 Flaccillo
3543 4335 3717 4406 Ense;

456 4418 564 4482 τος
601 4418 979 4488 Κωνσταντίου
1034 4421 1419 4474 ἁσεϐεστόιτου.
1474 4420 1641 4473 Fuere
1694 4428 1892 4481 autem,
1943 4419 2033 4488 qui

458 4499 690 4558 tempore
723 4487 1094 4559 Encwuiorum
1131 4498 1504 4553 convenerant,
1547 4490 1772 4559 episcopi
1813 4505 2030 4541 numero

457 4557 769 4628 nonaginta,
803 4557 1100 4611 consulibus
1147 4559 1462 4613 Marcellino
1495 4569 1543 4612 et
1577 4557 1836 4618 iProbino,
1894 4559 2031 4610 indi—

457 4627 624 4700 rtione
678 4627 880 4700 decima
919 4636 1136 4697 quarta,
1188 4639 1446 4700 prazsente
1489 4630 1681 4683 ibidem
1721 4629 2031 4699 impiissimo

456 4699 788 4750 Constantio.

2141 4417 2264 4470 hius
2286 4417 2639 4487 Caesariensis
2671 4421 2842 4473 libros
2865 4435 2994 4474 suos
3022 4431 3212 4475 contra
3231 4421 3545 4476 Marcellum
3576 4439 3689 4476 nun
3706 4454 3720 4464 -

2139 4489 2379 4561 eupavit.
2411 4489 2516 4561 Pro
2547 4489 2802 4561 Flaccillo
2829 4499 3011 4544 tamen
3055 4490 3170 4545 fere
3212 4492 3417 4561 ubique
3475 4494 3718 4546 Plaeilus

2141 4558 2570 4630 scribitur.i\'isi
2600 4560 2744 4628 quod
2778 4560 2830 4612 in
2858 4561 3110 4630 sequenti
3164 4576 3281 4630 cap.
3324 4558 3497 4616 codex
3531 4563 3715 4617 Allatii

2140 4627 2404 4698 scriptum
2436 4627 2630 4693 habet,
2654 4631 2757 4682 ὑπὸ
2785 4627 3098 4683 Φλακίλλου.

2215 4697 2325 4767 (89)
2361 4701 2584 4752 Πολλοὶ
2607 4701 2675 4750 ἑν
2722 4698 2796 4765 τῇ
2841 4701 3057 4754 στάσει
3099 4701 3420 4756 ἀπέθανον.
3459 4702 3566 4756 Has
3601 4703 3716 4756 Eu-

529 4767 639 4842 (87)
673 4763 781 4819 Ἦν
806 4766 874 4818 δὲ
923 4766 1195 4842 πέμπτον
1221 4768 1398 4842 ,ἕτοςέ
1435 4775 1556 4842 etc.
1611 4767 1925 4842 Marcellino
1977 4776 2034 4822 et
2071 4789 2110 4842 ι)
2141 4763 2315 4842 εει)ὶοί

1977 4776 2034 4822 et
2071 4789 2110 4842 ι)
2141 4763 2839 4842 sebianorunLcalumnias
2907 4773 3122 4842 egregie
3171 4771 3411 4826 refutant
3470 4773 3711 4842 episcopi

456 4838 696 4891 Probino
723 4852 888 4899 coss.,
920 4837 1008 4891 die
1038 4838 1328 4892 undecimo
1357 4838 1623 4892 Kalendas
1646 4838 1857 4900 Junias,
1883 4854 2035 4892 com-

455 4909 636 4978 pletus
659 4914 744 4960 est
774 4922 955 4978 annus
981 4918 1214 4977 quartus
1233 4908 1302 4962 ab
1331 4908 1485 4961 obitu
1514 4908 1876 4962 Constantini.
1907 4909 2035 4963 Post

457 4977 605 5032 hunc
630 4978 799 5047 igitur
831 4977 975 5031 diem
999 4979 1231 5048 collecta
1257 4987 1342 5032 est
1381 4977 1623 5048 synodus
1667 4978 2030 5042 Antiochena,

456 5048 501 5101 si
523 5063 721 5120 verum
742 5057 826 5101 est
842 5048 993 5120 quod,
1013 5049 1089 5120 ait
1113 5047 1385 5120 Socrates,
1412 5047 1530 5120 eam
1554 5049 1837 5101 collectam
1866 5049 2032 5104 fuisse

455 5135 600 5171 anno
631 5118 827 5188 quinto
854 5120 923 5172 ab
948 5119 1100 5172 obitu
1139 5118 1504 5172 Constantini.

528 5190 638 5258 (88)
671 5188 986 5254 ΙΙλάλιιτος.
1022 5190 1249 5243 Rectius
1281 5189 1540 5243 scribitur
1582 5190 1687 5244 hoc
1723 5204 1924 5242 nomen
1976 5188 2030 5242 in

454 5261 708 5314 versione
763 5259 1053 5328 Epiphanii
1110 5259 1457 5313 Scholastici.
1523 5260 1850 5314 Prwsidebat
1907 5267 2033 5312 tunc

455 5330 703 5411 Ecclesia:
730 5329 1372 5411 AptiochepwﬁFluccillus
1388 5347 1693 5411 “succeaseo
1713 5330 2026 5411 Euphronii.

455 5401 564 5455 Nec
580 5403 740 5455 aliter
755 5400 960 5455 dicitur
979 5401 1031 5454 in
1057 5401 1299 5469 Epistola
1315 5399 1441 5454 Julii
1462 5417 1611 5469 papa:
1629 5401 1694 5454 ad
1721 5399 2026 5469 episcopos.

456 5473 548 5541 qui
593 5471 897 5526 Antiochia:
944 5472 998 5524 in
1037 5473 1138 5524 hac
1170 5471 1378 5541 synodo
1431 5472 1742 5541 congregati
1785 5470 2022 5524 fuerant.

457 5539 545 5593 Sic
590 5543 739 5596 enim
787 5539 1294 5610 habetinseript‘io:
1333 5539 1868 5610 Δανίῳίσὶιλὰκίλλιρ,
1915 5551 2020 5594 etc.

2142 4836 2358 4910 {Egypti
2393 4838 2456 4910 in
2481 4839 2722 4910 Epistula
2755 4836 3222 4910 synodicafquam
3268 4842 3435 4896 refert
3467 4836 3711 4896 Athana-

2142 4907 2259 4961 sius
2283 4909 2337 4960 in
2372 4924 2407 4961 ιι
2432 4907 2760 4963 Defensione
2787 4907 3057 4964 adversus
3080 4907 3359 4965 _Ariauos.

2214 4978 2323 5048 (90)
2372 4979 2445 5030 Τὰ
2484 4981 2610 5043 ἱερὰ
2655 4981 2862 5044 μαθὼν
2883 4981 3223 5049 Γράμματα.
3274 4983 3428 5035 Hunc
3469 4982 3713 5038 Socratis

2137 5047 2585 5122 locumexplicat
2625 5049 2970 5122 Sortomenus
2995 5047 3217 5104 inlibro
3260 5067 3338 5115 Ill,
3371 5068 3490 5122 cap.
3554 5053 3606 5114 6,
3642 5052 3712 5108 de

2138 5117 2379 5172 Eusebio
2420 5117 2689 5174 Emiseno
2721 5120 2795 5174 ita
2847 5120 3114 5183 scribens,
3159 5123 3250 5172 Ἐκ
3313 5117 3452 5174 νέου’
3477 5123 3531 5174 δὲ
3572 5125 3712 5176 κατὰ

2138 5187 2365 5258 πάτριον
2415 5189 2537 5253 ἔθος
2594 5192 2720 5253 τοὺς
2783 5193 2960 5258 ἱεροὺς
3008 5190 3265 5258 ἐκμαθὼν
3312 5191 3537 5258 λόγους,
3598 5203 3708 5248 etc.

2136 5257 2301 5313 Pueri
2334 5259 2501 5329 igitur
2533 5257 2935 5314 Edessenorum
2969 5257 3138 5315 saera:
3198 5257 3491 5331 Scripturm
3542 5263 3715 5318 libros

2135 5332 2458 5403 memoriter
2487 5331 2822 5403 gliscebant
2864 5346 2930 5403 es
2961 5347 3114 5403 more
3148 5331 3507 5403 institutoque
3538 5335 3710 5403 majo-

2135 5415 2280 5455 rum.
2314 5399 2454 5454 Sanc
2486 5400 2794 5455 Edessenos
2823 5401 3235 5455 ardentissimus
3263 5399 3432 5456 fuisse
3472 5399 3713 5456 cultores

2133 5468 2462 5552 Christiana}
2524 5471 2809 5541 religionis
2871 5479 3141 5525 testantur
3186 5473 3483 5542 scriptores
3533 5474 3710 5528 eccle-

2135 5543 2360 5596 siastiei.

1884 5674 2265 5733 VARIORUM.

459 5795 663 5864 telligat
689 5795 958 5856 Socrates,
982 5795 1075 5866 qui
1105 5802 1306 5848 tantam
1330 5793 1747 5866 praerogativam
1772 5795 2032 5866 episcopo

460 5869 704 5922 liomano
749 5865 1110 5931 concesserit;
1151 5880 1461 5932 quanquam
1487 5866 1543 5920 Ρ.
1579 5865 1647 5919 de
1685 5865 1858 5921 Marca
1907 5883 2030 5920 sex-

2141 5803 2274 5870 tu_m_
2307 5796 2498 5866 synodi
2547 5797 2772 5854 Nicmnze
2819 5798 3092 5870 indigitari
3142 5797 3294 5861 vult,
3354 5797 3475 5852 loco
3522 5797 3709 5854 citato.

2139 5867 2226 5919 W.
2252 5865 2468 5920 Low'rn.
