4524 6582
474 434 576 492 195

1472 429 1799 489 HISTORIA
1837 431 2389 489 ECCI.ESIASTICA.
2430 463 2497 472 —
2533 433 2666 488 LIB.
2710 433 2773 487 II.

3618 440 3719 498 IN

476 549 682 621 σκοπὴν
727 548 1036 621 διατρίψας,
1075 550 1396 622 ἐνενήκοντα
1427 548 1522 602 καὶ
1572 547 1715 602 ὀκτὼ
1758 549 1815 602 δὲ
1858 546 1951 618 ἔτη
1983 546 2048 601 τὰ
2081 561 2118 613 Α
2151 546 2257 601 exl

1931 566 1951 618 η
1983 546 2048 601 τά
2081 561 2118 613 Α
2151 563 2217 601 ex
2241 546 2343 602 bac
2368 546 2489 602 luce
2515 547 2787 617 migravit,
2812 546 3030 603 nemine
3053 547 3107 601 in
3131 562 3289 603 suum
3315 550 3492 605 locum
3524 551 3717 610 subro-

475 642 654 697 πάντα
685 640 854 712 βιοὺς,
882 641 1073 696 οὐδένα
1120 644 1201 707 είς
1228 642 1320 696 τὸν
1345 640 1511 695 αὑτοῦ
1546 622 1714 694 τόπον
1743 640 2053 712 χειροτονή-

479 750 597 797 σας.
622 733 952 788 Ἐνετ⁶είλατο
979 733 1036 787 δὲ
1062 737 1174 798 τοῖς
1202 732 1534 807 καθήκουσιν
1560 732 1773 787 ἑλέσθαι
1800 732 1942 785 δυοῖν
1964 731 2054 785 τὸν

475 825 680 895 ἓτερον,
710 818 786 879 ὧν
817 824 983 888 αὐτὸς
1027 824 1362 897 ὀνομάσειεν.
1399 826 1508 879 Kal
1558 826 1606 878 εί
1658 827 1755 896 μὲν
1785 823 2055 896 βούλοιντο

476 916 847 973 διδασκαλικὸν
883 918 941 972 ὲν
974 916 1157 989 ταύτῷ
1189 918 1285 971 καὶ
1330 917 1444 989 βίου
1485 916 1718 989 χρηστοῦ
1753 916 2055 989 μαρτυρού-

479 1026 662 1081 μενον,
688 1008 900 1063 Παῦλον
926 1008 1017 1063 τδν
1036 1008 1129 1063 ὑπ’
1154 1008 1319 1063 αὑτοῦ
1349 1006 1799 1080 χειροτονηθέντα
1828 1006 2056 1078 πρεσϐύ-

477 1114 655 1169 τερον,
694 1099 863 1169 ἄνδρα
895 1096 1017 1153 νέον
1065 1098 1165 1169 μὲν
1199 1098 1299 1171 τὴν
1326 1098 1565 1170 ἡλικίαν,
1594 1096 1972 1168 προϐεϐηκότα
1998 1096 2055 1150 δὲ

476 1193 597 1253 ταῖς
628 1189 839 1260 φρεσίν.
893 1190 955 1243 Εἰ
1000 1188 1056 1243 δὲ
1091 1189 1249 1261 μόνον
1295 1191 1359 1244 ἐκ
1386 1191 1479 1244 τοῦ
1525 1189 1913 1261 προσχήματος
1958 1188 2056 1260 τῆς

480 1278 761 1343 εὐλαϐείας
789 1276 1159 1351 δεικνύμενον,
1188 1278 1461 1351 αἱρεῖσθαι
1495 1280 1844 1345 Μακεδόνων,
1875 1278 2056 1332 διάκου-

479 1389 567 1425 νον
590 1370 701 1444 (81)
729 1372 1064 1442 τυγχάνοντα
1098 1370 1198 1441 μὲν
1236 1371 1336 1443 ἤδη
1382 1370 1547 1426 πάλαι
1594 1372 1692 1442 τῆς
1736 1370 2052 1442 ἐκκλησίας,

477 1464 544 1533 τῇ
580 1462 767 1534 ἡλικία
802 1462 859 1516 δὲ
893 1461 1142 1533 γέροντα.
1184 1460 1279 1515 Ἐκ
1306 1461 1494 1515 τούτου
1522 1461 1722 1533 μείζων
1755 1461 2056 1532 φιλονεικία

481 1553 609 1625 περὶ
638 1554 966 1626 χειροτονίας
996 1554 1205 1623 γίνεται
1231 1553 1552 1619 ἐπισκόπου,
1582 1554 1677 1607 καὶ
1698 1552 1795 1626 τὴν
1831 1554 2056 1624 Ἐκκλη-

482 1644 601 1697 σίαν
628 1645 998 1717 διετάραττεν.
1033 1645 1187 1700 Ἐπεὶ
1216 1646 1324 1717 γὰρ
1345 1646 1373 1699 6
1397 1644 1524 1710 λαὸς
1553 1648 1632 1709 είς
1660 1645 1751 1698 δύο
1780 1645 2057 1716 διετέτμη-

480 1751 540 1788 το
571 1736 733 1807 μέρη·
774 1735 883 1789 τῶν
917 1736 1017 1808 μὲν
1054 1738 1464 1809 προσκειμένων
1508 1736 1585 1807 τῷ
1624 1736 1886 1808 Ἀρειανῷ
1931 1737 2053 1806 δὸγ·

485 1843 637 1896 ματι,
670 1826 779 1879 τῶν
810 1826 867 1882 δὲ
893 1827 1233 1898 φρονούντων
1262 1828 1406 1883 καθὰ
1441 1830 1475 1900 ἡ
1517 1831 1574 1882 ὲν
1602 1830 1647 1883 Ν
1656 1830 1807 1902 ικαίᾳ
1840 1828 2054 1893 σύνοδος

2152 648 2294 710 gato.
2342 639 2618 694 Mandavit
2652 647 2831 693 tamen
2868 640 2937 695 iis
2973 656 3145 710 penes
3186 656 3323 711 quos
3356 642 3446 713 jus
3485 642 3720 714 eligendi

2150 739 2290 795 erat,
2330 738 2390 785 ut
2431 731 2663 785 alterum
2706 744 2775 785 ex
2808 730 3021 787 duobus
3062 747 3201 802 quos
3236 733 3349 802 ipse
3390 734 3720 800 nominaret,

2152 825 2435 895 eligerent.
2464 823 2541 880 Ac
2576 824 2621 879 si
2659 823 2878 895 quidem
2918 840 3043 879 eum
3065 826 3268 881 vellent
3289 827 3382 895 qui
3421 833 3477 879 et
3512 824 3581 880 ad
3618 823 3721 880 do—

2154 916 2386 974 cendum
2416 916 2664 983 idoneus,
2689 923 2746 971 et
2772 916 2899 972 vita:
2920 932 2983 971 ac
3006 932 3218 972 morum
3259 917 3568 989 integritate
3594 932 3723 974 con-

2154 1009 2377 1081 spicuus
2410 1018 2576 1075 esset,
2600 1009 2851 1076 Paulum,
2886 1024 3049 1081 quem
3077 1009 3192 1079 ipse
3225 1010 3603 1082 presbyterum
3630 1024 3722 1066 or-

2152 1102 2386 1166 dinarat,
2409 1110 2750 1157 aSSumerent
2773 1119 2786 1157 :
2822 1111 2979 1159 aetate
3002 1102 3223 1173 quidem
3246 1103 3423 1157 adhuc
3443 1102 3719 1174 juvenem,

2154 1193 2247 1249 sed
2272 1193 2562 1264 prudentia
2589 1208 2794 1247 senem.
2824 1194 2919 1249 Sin
2958 1210 3083 1250 eum
3118 1193 3222 1250 sibi
3249 1195 3471 1250 mallent
3493 1194 3589 1266 qui
3622 1210 3721 1250 ex-

2154 1296 2308 1341 terna
2369 1294 2577 1340 tantum
2652 1286 2832 1355 specie
2892 1286 3172 1356 gravitatis
3222 1286 3720 1351 commendaretur,

2152 1377 2526 1432 Macedonium
2545 1376 2829 1447 eligerent,
2848 1377 2940 1446 qui
2965 1376 3211 1432 ecclesia:
3236 1376 3380 1432 illius
3398 1377 3722 1448 jampridem

2152 1474 2271 1521 erat
2297 1466 2578 1529 diaconus,
2607 1471 2664 1518 et
2696 1464 2763 1520 ad
2800 1465 3027 1520 senilem
3059 1465 3171 1535 jam
3193 1464 3452 1535 vergebat
3487 1466 3721 1519 aetatem.

2153 1556 2291 1611 llinc
2311 1572 2446 1611 vero
2487 1556 2544 1610 in
2570 1554 2858 1627 deligendo
2880 1553 3139 1626 episcopo
3166 1556 3342 1625 major
3375 1562 3567 1609 exorta
3593 1568 3726 1607 con-

2152 1648 2323 1705 tentio
2345 1646 2643 1702 Ecclesiam
2677 1646 3041 1701 conturbavit.
3067 1646 3202 1699 Nam
3240 1645 3474 1716 populus
3504 1645 3640 1699 duas
3672 1643 3727 1697 in

2153 1748 2338 1811 partes
2359 1738 2567 1793 divisus
2588 1748 2707 1793 erat
2726 1778 2740 1802 ,
2771 1738 2856 1792 his
2878 1737 3080 1793 Ariano
3122 1736 3433 1791 faventibus
3457 1736 3727 1807 dogmati,

2155 1830 2262 1884 illis
2303 1827 2505 1883 Nicmni
2544 1827 2759 1882 concilii
2804 1826 3024 1882 decreta
3061 1825 3499 1882 defendentibus.
3536 1826 3604 1881 Et
3640 1841 3731 1880 su-

482 1914 667 1987 ὥρισε.
716 1917 828 1970 Kal
871 1918 978 1981 ἕως
1024 1918 1122 1989 μὲν
1158 1918 1501 1991 Ἀλέξανδρος
1548 1923 1762 1991 περιῆν,
1789 1920 2059 1990 κατεκρά-
2088 1944 2127 1998 Β
2157 1936 2268 1991 per:

1944 1920 2059 1990 ιρά-
2088 1944 2127 1998 Β
2157 1920 2383 1991 perstite
2407 1918 2630 1989 quidem
2667 1918 2995 1983 Alexandro,
3021 1918 3376 1975 Homousiani
3418 1919 3730 1989 superiores

482 2022 606 2058 τουν
631 2007 678 2059 oi
711 2006 1034 2077 φρονοῦντες
1061 2008 1122 2061 τὸ
1158 2008 1462 2078 ὀμοούσιον,
1496 2008 1605 2062 τῶν
1643 2010 2057 2080 ἀρειανιζόντων

481 2093 938 2168 διακρινομένων,
1016 2099 1109 2153 καὶ
1177 2100 1447 2172 ὁσημέραι
1526 2101 2057 2172 διαπληκτιζομέκων

482 2184 732 2254 περὶτοῦ
768 2185 1053 2261 δόγματος.
1095 2188 1248 2242 Ἐπεὶ
1295 2188 1351 2242 δὲ
1400 2190 1610 2253 ἐκεῖνος
1659 2191 2055 2261 τετελευτήκει,

480 2275 826 2346 ἀμφήριστος
864 2258 909 2349 η’
929 2278 1021 2331 τοῦ
1056 2277 1187 2333 λαοῦ
1217 2280 1363 2352 μάχη
1395 2282 1710 2335 καθίστατο.
1750 2282 1840 2335 Διὸ
1872 2258 2056 2352 οἱ-μὲν

478 2368 573 2420 τοῦ
609 2370 895 2438 ὀμοουσίου
937 2371 1036 2441 τὴν
1080 2372 1264 2426 πίστιν
1305 2374 1685 2443 φυλάττοντες,
1734 2374 1945 2428 Παῦλον
1978 2378 2056 2439 εἰς

479 2457 579 2527 τὴν
624 2459 924 2532 ἐπισκοπὴν
959 2462 1414 2533 προχειρίζονται·
1447 2466 1493 2518 οί
1535 2464 1590 2518 δὲ
1636 2466 2054 2536 ἁρειανίζοντες,

481 2550 812 2605 Μακεδόνιον
856 2553 1135 2608 ἔσπευδον.
1188 2554 1299 2609 Kal
1344 2556 1402 2608 ὲν
1437 2555 1536 2626 μὲν
1574 2559 1639 2626 τῇ
1689 2556 1785 2625 τῆς
1822 2557 2059 2627 Εἰρήνης

2153 2012 2306 2066 fuere
2323 2053 2336 2077 ,
2365 2011 2760 2065 dissidentibus
2781 2009 3017 2074 Arianis,
3042 2020 3098 2065 et
3133 2010 3200 2065 de
3232 2010 3458 2082 proprio
3480 2010 3730 2080 dogmate

2153 2102 2298 2156 inter
2323 2116 2380 2155 se
2408 2099 2852 2170 digladiantibus.
2879 2100 2984 2155 Sed
3025 2109 3311 2170 postquam
3347 2100 3438 2154 ille
3464 2099 3575 2153 fato
3602 2098 3729 2152 fun-

2151 2204 2272 2249 ctus
2294 2202 2397 2257 est,
2424 2208 2624 2262 anceps
2663 2192 2920 2262 utrinque
2958 2192 3059 2246 fuit
3095 2191 3450 2247 concertatio.
3494 2191 3731 2247 Proinde

2153 2286 2507 2342 llomousiani
2527 2286 2747 2356 quidem
2771 2285 2998 2340 Paulum
3016 2285 3371 2355 designarunt
3390 2284 3727 2354 episcopum,

2152 2378 2341 2433 Ariani
2369 2393 2500 2433 vero
2539 2376 2719 2431 studia
2748 2392 2843 2432 sua
2872 2362 2925 2430 in
2952 2376 3327 2431 Macedonium
3351 2375 3725 2431 conferebant.

2155 2474 2222 2528 Et
2246 2472 2300 2526 in
2326 2469 2559 2526 ecclesia
2582 2472 2802 2541 quidem
2828 2486 2947 2541 qua:
2972 2470 3174 2525 dicitur
3197 2469 3373 2534 Irene,
3398 2477 3453 2525 et
3476 2470 3728 2541 contigua

2154 2573 2238 2618 est
2258 2561 2369 2634 84
2388 2564 2437 2618 ei
2466 2579 2587 2633 qua:
2612 2578 2759 2617 nunc
2782 2562 2969 2633 Magna
2988 2571 3043 2617 et
3061 2561 3277 2632 Sophia:
3299 2569 3526 2617 vocatur
3558 2562 3732 2617 eccle-

482 2641 754 2714 ὶπωνύμῳ
774 2645 1039 2717 ἐκκλησίᾳ
1056 2647 1191 2717 (82),
1220 2648 1315 2701 καὶ
1334 2647 1565 2719 ἐχομένῃ
1580 2649 1678 2717 τῆς
1696 2647 1789 2701 νῦν
1802 2648 2062 2718 Μεγάλης
2159 2654 2258 2719 sia,

1940 2648 2062 2718 ίιλης
2159 2654 2258 2719 sia,
2283 2656 2481 2709 Paulus
2520 2655 2812 2724 episcopus
2836 2654 3144 2719 ordinatur,
3176 2652 3228 2707 in
3268 2668 3378 2723 quo
3414 2667 3543 2707 sane
3574 2651 3726 2707 vide-

482 2734 575 2787 καὶ
595 2735 795 2804 Σοφίας
811 2736 1235 2809 ὀνομαζομένης,
1255 2743 1637 2811 χειροτονεῖται
1655 2730 1881 2803 Παῦλος,
1901 2741 1984 2808 ἐφ’
2001 2734 2062 2793 οὗ
2161 2741 2268 2797 batt

1688 2740 1881 2803 [αὖλο;,
1901 2741 1984 2808 ἐφ’
2001 2734 2062 2793 οὗ
2161 2741 2321 2797 batur
2336 2743 2540 2798 mortui
2562 2742 2856 2798 Alexandri
2880 2743 3111 2799 valuisse
3136 2742 3474 2814 suﬂ'ragium.

483 2827 575 2880 καὶ
607 2827 859 2899 μᾶλλονή
887 2826 983 2881 τοῦ
1016 2828 1341 2893 ἀπελθόντος
1367 2829 1547 2906 ψῆφος
1572 2830 1747 2885 ἐδόκει
1778 2832 2021 2902 κρατεῖν.

1094 2940 1344 2995 ΚΕΦΑΛ.
1390 2943 1463 2994 Ζ’.

493 3034 586 3099 Ὡς
619 3035 651 3087 δ
674 3032 975 3098 ,ϐασιλεὺς
1029 3033 1445 3099 Κωνστάντιος
1488 3033 1733 3087 Παῦλον
1766 3033 1873 3087 τὸν
1906 3048 2049 3102 προ·

550 3103 843 3171 ϐληθέντα
891 3104 1231 3157 ἐπίσκοπον
1274 3102 1584 3170 ἐκϐάλλει,
1653 3106 1919 3171 Εὐσεϐίῳ
1984 3103 2053 3157 δὲ
2134 3132 2139 3146 ι

549 3175 617 3226 ἐκ
666 3170 774 3238 τῆς
821 3174 1212 3242 Νικομηδείας
1254 3174 1751 3243 μεταπεμφθέντι,
1786 3170 1901 3241 τὴν
1931 3174 2050 3228 ἐπι-

551 3243 798 3310 σκοπὴν
826 3244 1285 3297 Κωνσταντίνου
1315 3245 1543 3310 πόλεως
1567 3246 1954 3313 ἐνεχείρισεν.

554 3334 685 3389 Μετ’
714 3335 775 3387 ού
805 3334 939 3387 πολὺ
971 3334 1028 3397 δὲ
1055 3335 1281 3399 ἐπιστὰς
1312 3337 1340 3388 6
1376 3335 1626 3407 βασιλεὺς
1657 3338 1724 3408 τῇ
1765 3337 2055 3389 Κωνσταν-

482 3427 627 3480 τίνου
664 3425 837 3492 πόλει,
869 3426 1005 3497 πρὸς
1031 3426 1201 3497 ὀργὴν
1243 3428 1501 3481 ἐκκάεται
1543 3428 1634 3480 ἐπὶ
1682 3430 1747 3499 τῇ
1787 3427 2053 3497 γενομένῃ

482 3517 821 3589 χειροτονίᾳο
872 3520 965 3572 καὶ
1017 3518 1279 3582 καθιστὰς
1327 3518 1599 3590 συνέδριον
1646 3520 1775 3589 (82‘)
1827 3519 1934 3571 τῶν
1988 3520 2056 3573 τὰ

492 3611 701 3682 Ἀρείου
767 3610 1105 3681 φρονούντων
1157 3612 1492 3677 ἐπισκόπων,
1553 3611 1643 3665 τὸν
1692 3611 1789 3681 μὲν
1847 3610 2055 3663 Παῦλον

481 3702 763 3772 σχολάζειν
792 3703 1066 3776 ἐποίησενο
1098 3704 1354 3758 Εὑσέϐιον
1382 3705 1437 3757 δὲ
1473 3705 1538 3757 ὲκ
1562 3704 1661 3773 τῆς
1691 3702 2053 3774 Νικομηδείας

483 3797 826 3865 μεταστήσας
863 3795 997 3865 (85),
1029 3798 1128 3867 τῆς
1163 3798 1570 3851 Κωνσταντίνου
1600 3796 1805 3860 πόλεως
1830 3796 2052 3848 ἐπίσκο-

481 3904 579 3939 πον
604 3888 963 3959 ἀναδείκνυσι.
994 3890 1103 3944 Kal
1136 3890 1164 3942 6
1200 3890 1297 3961 μὲν
1338 3889 1589 3961 βασιλεὺς
1616 3890 1788 3945 ταῦτα
1818 3886 2049 3962 πράξας,

480 3980 573 4033 ἰπὶ
608 3979 708 4052 τὴν
749 3979 1077 4053 Ἀντιόχειαν
1111 3980 1388 4054 ὥρμησεν.

2795 2948 2946 3005 CAP.
2972 2948 3083 3003 VII.

2154 3036 2399 3104 Qualiter
2426 3037 2769 3094 Constantius
2792 3038 3188 3111 impLPaulum
3224 3040 3527 3111 epist-aputu
3554 3039 3726 3110 ejcccs

2226 3111 2316 3173 rit,
2337 3111 2633 3182 etla‘usebio
2659 3111 2721 3163 ab
2746 3111 2871 3164 urbe
2894 3110 3197 3165 Nicomedia
3221 3110 3429 3165 evocato
3457 3112 3727 3182 episcopa-

2227 3191 2338 3234 tum
2367 3180 2473 3237 CP.
2517 3182 2814 3235 tradiderit.

2221 3338 2523 3408 Imperator
2559 3351 2692 3391 vero
2715 3350 2825 3389 non
2854 3336 3025 3389 multo
3051 3344 3172 3402 post
3200 3334 3727 3408 Constantinopolim

2152 3425 2449 3497 ingressus,
2477 3424 2547 3478 ob
2570 3423 2715 3477 illam
2751 3423 3153 3479 ordinationem
3179 3426 3498 3495 gravissima
3525 3429 3730 3483 exarsit

2153 3518 2254 3571 ira.
2304 3516 2656 3585 Collectoque
2702 3515 3032 3569 Arianorum
3094 3518 3398 3573 antistitum
3456 3520 3724 3583 concilio,

2152 3607 2320 3662 Paulo
2346 3606 2569 3676 quidem
2602 3606 2977 3676 episcopatum
3006 3607 3244 3673 ademit,
3274 3610 3569 3665 Eusebium
3595 3628 3727 3665 vero

2156 3700 2225 3754 ab
2260 3701 2398 3755 urbe
2433 3701 2752 3757 Nicomedia
2792 3704 3140 3769 translatum,
3181 3702 3727 3775 Constantinopoleos

2154 3793 2475 3865 episcopum
2525 3796 2850 3867 designavit.
2890 3797 2986 3853 llis
3026 3797 3099 3853 ita
3150 3798 3318 3869 gestis
3359 3798 3491 3869 imp.
3533 3799 3725 3854 Antio-

2154 3888 2337 3942 chiam
2363 3888 2642 3960 profectus
2662 3897 2767 3945 est.

1677 4124 1945 4192 VALESII
1982 4108 2527 4193 ANNOTATIONES.

552 4250 663 4323 (8|)
694 4252 1088 4319 Μακεδόνων,
1110 4251 1417 4309 διάκονον.
1442 4252 1543 4308 Hic
1573 4263 1761 4323 postea
1794 4253 1896 4307 sub
1917 4253 2056 4307 Pau-

480 4323 534 4377 lo
560 4323 1170 4393 ConstantinOpolitano
1191 4326 1451 4395 episcopo
1482 4324 1548 4378 ad
1575 4324 1900 4395 presbyterii
1929 4340 2052 4394 gra-

479 4395 608 4447 dum
646 4402 951 4464 promotus,
1001 4395 1319 4464 episcopum
1384 4410 1544 4448 suum
1604 4396 1880 4448 accusavit
1919 4397 1960 4460 i,
1994 4405 2054 4449 ut

478 4464 671 4535 scribit
698 4463 1114 4535 Athanasiusin
1144 4463 1386 4535 Epistula
1426 4466 1492 4519 ad
1527 4464 1823 4519 solitarios.

550 4533 690 4656 (8⁵23
730 4533 830 4586 Ἑν
849 4533 965 4600 μὲν
990 4533 1064 4601 τῇ
1091 4533 1205 4602 τῆς(
1221 4536 1479 4601 Εἰρήνης
1506 4535 1796 4601 ἐπωνύμῳ
1832 4534 2050 4602 ἐκκλη-

550 4620 603 4656 α.
692 4617 773 4656 uae
811 4601 1035 4656 fuerunt
1070 4605 1235 4656 huius
1282 4605 1521 4656 nominis
1546 4605 1791 4656 ecclesias
1821 4605 1874 4656 in
1909 4606 2046 4656 urbe

478 4601 603 4675 ςτίᾀ.
646 4601 773 4675 Dum
811 4601 1035 4675 fuerunt
1070 4601 1235 4675 hujus
1282 4605 1521 4659 nominis
1546 4605 1791 4660 ecclesiae.
1821 4605 1874 4658 in
1909 4606 2046 4660 urbe

2151 4253 2329 4307 veteri
2377 4250 2747 4319 descriptione
2787 4247 3294 4318 Constantinopolis
3326 4263 3470 4319 qum
3502 4248 3723 4305 Notitia:

2153 4323 2371 4391 imperii
2408 4318 2632 4375 Romani
2665 4319 2884 4391 prmﬁxa
2926 4329 3029 4384 est,
3062 4320 3179 4375 brec
3224 4318 3455 4391 ecclesia
3498 4330 3725 4374 vocatur

2150 4390 2397 4461 antiqua,
2425 4402 2479 4447 et
2511 4395 2565 4445 in
2605 4390 2844 4446 secunda
2896 4391 3120 4461 regione
3172 4390 3398 4459 ponitur
3454 4405 3561 4443 una
3596 4407 3721 4445 cum

2148 4464 2381 4517 ecclesia
2416 4478 2626 4532 magna.
2664 4463 2723 4518 In
2773 4462 3003 4531 septima
3032 4471 3214 4515 autem
3266 4461 3488 4532 regione
3528 4476 3723 4515 recen-

2149 4543 2301 4588 setur
2332 4531 2525 4597 Irene,
2542 4548 2681 4586 nova
2712 4532 2939 4586 scilicet.
2982 4532 3235 4601 Antiqua:
3265 4531 3453 4585 Irenes
3474 4532 3725 4587 meminit

2151 4604 2404 4659 Socrates
2453 4603 2686 4672 in_libro
2725 4602 2923 4672 primo,
2960 4602 3054 4656 ubi
3083 4611 3314 4657 mortem
3349 4601 3463 4655 Arii
3512 4602 3723 4656 descri-

474 4665 1094 4745 Constantinopolitana,
1129 4665 1300 4729 altera
1348 4684 1525 4738 vetus,
1567 4677 1736 4729 altera
1785 4692 1943 4739 nova,
1987 4686 2047 4731 ut
2082 4667 2119 4720 D
2150 4673 2251 4727 bit.
2288 4675 2497 4729 Dicitur
2522 4665 2741 4729 'auteni
2797 4674 2959 4740 ἁγίας
2991 4673 3264 4745 ΔΕἰρήνης,
3316 4672 3507 4727 eodem
3560 4674 3724 4745 modo

479 4743 751 4816 scribitur
769 4743 823 4795 in
856 4744 977 4816 Yita
1004 4746 1156 4799 Pauli
1181 4744 1774 4816 Constantinopolitani
1794 4747 2056 4816 episcopi,

475 4812 836 4887 quamq-ciem
864 4814 1094 4887 Photius
1115 4816 1168 4868 in
1193 4812 1578 4871 Bibliotheca}
1611 4817 1717 4869 Kal
1740 4812 2057 4887 χειροτονεῖ-

474 4882 564 4957 ται
595 4886 623 4936 6
643 4882 851 4957 Badio;
868 4885 1167 4957 ἐπίσκοπος
1181 4889 1237 4957 ἐν
1254 4890 1319 4957 τῇ
1352 4886 1447 4956 τῆς
1477 4888 1636 4954 ἁγίας
1662 4882 1898 4957 Εἰρήνης
1918 4889 2060 4940 ὲπω-

475 4953 627 5026 νύμῳ
650 4952 916 5026 ἐκκλησία
936 4970 950 4984 °
983 4957 1048 5026 ἢν
1072 4957 1099 5008 6
1118 4952 1771 5026 χρόνοξάντιδιαστέλλιιὶν
1786 4952 1894 5025 ⁷τῆς
1909 4958 2054 5021 νέας,

474 5023 639 5076 ἔδωκε
672 5023 951 5077 καλεῖσθαι
992 5023 1247 5079 παλαιάν.
1266 5026 1439 5081 Porro
1466 5036 1624 5082 vetus
1652 5023 1878 5081 ecclesia
1902 5027 2056 5082 lrene

475 5093 729 5167 contigua
766 5104 889 5149 erat
927 5110 1136 5165 magna:
1183 5097 1429 5151 ecclesiae
1460 5113 1580 5166 quae
1622 5096 1825 5167 Sophia
1866 5109 2055 5167 postea

475 5110 729 5217 contigua
766 5110 889 5149 erat
927 5110 1136 5165 magna:
1183 5110 1429 5151 ecctesne
1460 5113 1580 5166 quae
1622 5110 1825 5167 Sopma
1866 5110 2038 5167 poste:

473 5164 738 5243 appelata
763 5174 875 5229 est;
913 5168 1608 5243 nce_se_paratos_habebat
1634 5168 1907 5243 clericos:
1944 5169 2038 5243 sed

472 5236 658 5306 clerici
692 5250 898 5306 magnai
930 5236 1174 5291 ecclesiae
1202 5253 1299 5306 per
1323 5238 1472 5293 vices
1499 5238 1553 5291 in
1583 5254 1647 5293 ea
1678 5238 1908 5293 ecclesia
1935 5240 2038 5292 mi-

474 5304 795 5377 nistrabant.
832 5305 1003 5377 Docet
1034 5306 1086 5360 id
1123 5304 1419 5377 imperator
1461 5309 1802 5375 Iustinianus
1836 5310 1891 5362 in
1927 5310 2038 5363 No-

472 5374 610 5450 vella
641 5375 802 5450 tertia
826 5392 850 5450 3
876 5370 984 5429 Ἦν
1006 5377 1068 5450 δὲ
1089 5370 1531 5450 6A1tpoaxuvq16;
1554 5377 1697 5441 οἶκος
1738 5379 1836 5449 τῆς
1877 5381 2037 5447 ἁγίας

2159 4760 2269 4813 quo
2299 4746 2459 4814 ἁγίας
2486 4745 2703 4812 Σοφίας,
2731 4759 2838 4798 non
2862 4742 3009 4813 quod
3037 4742 3320 4815 virgo'aut
3354 4752 3560 4815 martyr
3606 4744 3725 4799 fue-

2160 4815 2236 4870 rit
2261 4816 2579 4885 eonomine
2602 4815 2893 4885 appellata.

2232 4884 2366 4957 (82‘)
2400 4886 2505 4939 Καὶ
2536 4883 2836 4957 καθιστὰς
2881 4883 3222 4957 συνέδριον,
3252 4895 3359 4941 etc.
3414 4885 3472 4940 In
3533 4886 3723 4941 codice

2156 4954 2359 5011 Leanis
2386 4956 2568 5010 Allatii
2604 4955 2870 5024 scriptum
2898 4962 2982 5010 est
3013 4958 3107 5009 καὶ
3133 4956 3380 5021 καθίσας,
3422 4957 3568 5026 quod
3612 4973 3722 5011 non

2155 5026 2426 5096 displicet.
2486 5027 2563 5081 Ita
2613 5036 2763 5081 certe
2816 5026 3015 5098 legitur
3062 5026 3204 5097 apud
3257 5026 3618 5082 Sozomeuum
3667 5028 3724 5082 in

2153 5097 2297 5151 libro
2318 5114 2393 5151 ιιι.
2430 5113 2547 5151 can.
2582 5098 2633 5151 4.

2177 5113 2297 5151 mro
2318 5114 2393 5162 ιιι,
2430 5113 2547 5162 cap.
2582 5113 2633 5151 ιι.

2219 5114 3036 5239 ῗέέίηῒξιὲξῆἔ’Νικομηδείας
3082 5168 3491 5237 μεταστήσας.
3535 5167 3721 5225 Codex

2144 5237 2329 5293 All‘atii
2357 5238 2603 5309 quaedam
2632 5239 2722 5294 hic
2744 5240 2912 5295 verba
2941 5239 3221 5294 interserit
3247 5240 3352 5294 hoc
3378 5240 3541 5294 modo
3570 5258 3582 5294 :
3631 5241 3724 5293 Ἐκ

2144 5309 2243 5380 τῆς
2279 5309 2642 5382 Νικομηδεὶας
2669 5312 2810 5363 κατὰ
2857 5310 3191 5382 περιδρομὴν
3243 5310 3407 5382 αὐτοῦ
3450 5313 3724 5382 μεταστήέ

2146 5396 2266 5445 σας,
2317 5381 2415 5451 τῆς
2456 5380 2866 5451 μεγαλοπόλεως
2910 5380 3217 5451 ἐπίσκοπον
3258 5380 3619 5436 ἀναδείκνυσι.
3664 5381 3723 5436 Id

472 5442 707 5517 Είρήνης
735 5447 764 5500 6
790 5448 856 5518 τῇ
883 5446 1096 5520 μεγάλῃ
1126 5442 1393 5521 ἐκκλησίᾳ
1424 5442 1805 5522 συνημμένος(
1828 5442 1939 5506 etc;
1976 5451 2037 5504 In
2142 5442 2258 5505 est}

1342 5450 1393 5521 ίᾳ
1424 5442 1805 5522 συνημμένος(
1828 5442 1939 5506 etc;
1976 5451 2037 5504 In
2142 5442 2267 5505 est":
2306 5442 2407 5522 per
2428 5442 2685 5506 ambitum
2708 5442 2871 5524 ipsius
2897 5450 3128 5510 Eusebii.

1906 5601 2285 5660 VARIORUM.

545 5717 956 5775 iMacedonius
974 5716 1202 5773 Paulum
1220 5718 1331 5789 jam
1380 5715 1695 5787 episcopum
1731 5716 2042 5772 ordinatum

470 5789 539 5844 de
570 5792 799 5847 crimine
839 5789 1026 5846 nescio
1051 5804 1161 5859 quo
1192 5791 1505 5844 accusavit:
1547 5789 1689 5857 quod
1724 5799 1872 5844 certe
1924 5790 2043 5843 leve

471 5861 639 5918 fuisse
682 5870 918 5933 oportet,
978 5876 1126 5928 eum,
1177 5860 1449 5933 pendente
1501 5859 1867 5925 accusatione,
1920 5876 2042 5916 cum

2150 5722 3069 5864 Eirémmr‘naugiicaveritaccusator.
3111 5723 3256 5796 (Ant.
3308 5722 3434 5797 Pagi
3484 5724 3552 5781 ad
3591 5738 3720 5778 ann.

2259 5834 2273 5858 ,
2298 5808 2350 5845 n.
2466 5833 2476 5844 .

2259 5834 2273 5858 ,
2298 5808 2350 5845 n.
2394 5808 2476 5845 η.
