4524 6582
445 417 546 473 197

446 532 539 587 οὖν
601 533 738 604 αὕτη
789 537 822 607 ἡ
883 535 1096 598 σύνοδος

448 628 828 681 Κωνσταντίου
881 629 975 682 τοῦ
1023 627 1307 697 βασιλέως,
1339 629 1397 680 ἐν
1429 629 1667 700 ὑπατείᾳ
1714 628 2029 699 Μαρκέλλου

447 719 541 772 καὶ
570 719 836 790 Προϐίνου
873 721 1007 791 (86)·
1040 717 1108 790 ῆν
1158 721 1214 773 δὲ
1263 719 1514 789 πέμπτον
1556 719 1676 780 ἔτος
1728 721 1840 790 (87)
1874 721 2032 773 τοῦτο

445 810 544 876 τῆς
572 811 831 881 τελευτῆς
863 810 957 863 τοῦ
992 810 1101 862 τῶν
1130 809 1455 877 Λύγούστων
1485 809 1693 880 πατρὸς
1736 810 2030 862 Κωνσταν-

445 901 612 955 τίνου.
644 903 1004 972 Προειστήκει
1029 901 1084 952 δὲ
1117 901 1236 952 τότε
1262 899 1361 968 τῆς
1389 899 1446 949 ἐν
1485 899 1784 968 Ἀντιοχείᾳ
1808 897 2032 965 Ἐκκλη-

450 993 566 1057 σίας
601 994 868 1056 Πλακιτος
899 992 1032 1060 (88),
1060 990 1438 1060 διαδεξάμενος
1467 989 1781 1059 Εὐφρόνιον.
1812 990 1873 1040 Οί
1905 989 2033 1055 περὶ

447 1085 705 1141 Εὑσέϐιον
731 1081 844 1147 οὖν,
872 1084 1034 1153 ἔργον
1069 1083 1308 1136 τίθενται
1343 1081 1772 1152 προηγουμένως
1807 1080 2032 1133 Ἀθανά-

449 1196 562 1233 σιον
597 1179 925 1240 διαϐάλλειν,
963 1177 1181 1249 πρῶτον
1217 1177 1314 1247 μὲν
1348 1175 1423 1237 ὼς
1454 1174 1606 1245 παρὰ
1650 1173 1851 1227 κανόνα
1891 1172 2033 1242 πρά·

449 1270 636 1334 ξαντα,
664 1271 722 1322 ὃν
770 1269 924 1322 αὐτοὶ
969 1269 1180 1339 ὥρισαν
1207 1267 1352 1329 τότε,
1399 1269 1480 1320 ὅτι
1525 1268 1600 1337 μὴ
1629 1265 1822 1337 γνώμῃ
1853 1263 2032 1317 κοινοῦ

449 1361 726 1432 συνεδρίου
757 1362 865 1412 τῶν
901 1363 1237 1424 ἐπισκόπων,
1275 1360 1373 1428 τὴν
1407 1359 1559 1422 τάξιν
1590 1359 1685 1426 τῆς
1736 1356 2035 1426 ἱερωσύνης

447 1455 732 1510 ἀνέλαϐεν.
775 1453 1117 1508 Ἐπανελθὼν
1164 1454 1272 1522 γὰρ
1307 1453 1416 1506 ἀπὸ
1449 1453 1546 1521 τῆς
1591 1450 1823 1521 ἐξορίας,
1861 1449 2036 1518 ἐαυτῷ

450 1546 746 1619 ἐπιτρέψας
793 1548 872 1610 εἰς
918 1548 1016 1616 τὴν
1053 1545 1379 1616 Ἐκκλησίαν
1418 1544 1766 1613 εἰσεπήδησε.
1811 1542 1920 1594 Καὶ
1953 1542 2036 1594 ὅτι

449 1642 507 1692 ἐν
535 1641 600 1709 τῇ
632 1637 822 1706 εἰσόδῳ
850 1637 1014 1690 αὐτοῦ
1044 1638 1288 1706 ταραχῆς
1317 1637 1633 1705 γενομένης,
1669 1633 1851 1684 πολλοὶ
1884 1634 1940 1684 ὲν
1969 1635 2035 1702 τῇ

451 1731 636 1784 στάσει
673 1727 945 1781 ἀπέθανον
996 1727 1130 1798 (89)’
1195 1730 1286 1779 καὶ
1337 1726 1412 1789 ὥς
1460 1743 1623 1778 τινων
1679 1725 2037 1777 αἰκισθέντων

441 1820 553 1874 οὐπδ
586 1819 927 1880 Ἀθανασίου,
975 1819 1136 1872 τινῶν
1183 1817 1239 1871 δὲ
1292 1818 1663 1888 δικαστηρίοις
1711 1816 2038 1886 παραδοθέν-

1446 419 1771 474 HISTORIA
1813 418 2364 475 ECCIESIASTICA.
2407 449 2475 458 -—~
2515 419 2641 473 LIB.
2685 419 2749 474 ll.

1161 536 1215 586 iv
1268 537 1334 605 τῇ
1383 536 1700 606 Ἀντιοχείᾳ,
1762 535 2031 606 παρουσίᾳ
2065 544 2101 596 Α
2134 533 2509 604 Congrcgatur
2553 534 2738 603 itaque
2790 531 2947 604 synot

1943 535 2031 606 σίᾳ
2065 544 2101 596 Α
2134 533 2509 604 Congrcgatur
2553 534 2738 603 itaque
2790 529 3034 604 synodus
3068 531 3407 594 Antiochiae,
3454 540 3722 600 prmsente

3619 417 3723 474 I98

2133 629 2253 696 ipso
2297 627 2428 695 imp.
2466 625 2810 688 Constantio,
2836 624 3125 679 consulatu
3164 623 3468 677 Marcellini
3499 631 3555 676 et
3590 623 3718 677 Pro-

2134 719 2272 781 bini,
2319 733 2464 771 anno
2508 718 2701 786 quinto
2752 725 2875 786 post
2902 716 3126 794 lobitum
3161 714 3508 769 Constantini
3549 713 3723 784 patris

2135 810 2528 879 Augustorum.
2579 809 2914 862 Przcsidcbat
2960 824 3027 861 eo
3074 814 3321 876 tempore
3366 806 3724 860 Antiochenaa

2138 899 2403 952 Ecclesia
2428 898 2738 961 Flaccillus,
2764 899 2855 966 qui
2881 896 3203 966 Euphronio
3235 902 3594 948 successerat.
3622 893 3728 962 lgi-

2138 1000 2227 1045 tur
2261 991 2560 1045 Eusebiani
2607 1000 2730 1043 ante
2768 990 2954 1043 omnia
2997 988 3357 1042 Athanasium
3398 985 3722 1040 calumniari

2136 1082 2500 1136 studuerunt:
2540 1081 2777 1150 primum
2806 1081 3052 1150 quidem,
3083 1079 3229 1148 quod
3264 1086 3453 1132 contra
3479 1077 3722 1147 regulam

2136 1189 2298 1242 quam
2335 1174 2440 1243 ipsi
2481 1180 2594 1227 tum
2629 1173 2867 1242 primum
2907 1172 3347 1235 constituerunt,
3374 1170 3726 1239 episcopatus

2137 1266 2221 1320 sui
2262 1267 2444 1319 locum
2482 1266 2690 1335 absque
2727 1265 2951 1319 decreto
2995 1263 3303 1318 communis
3337 1263 3724 1331 episcoporum

2136 1358 2354 1411 concilii
2403 1365 2804 1426 recuperasset.
2847 1355 3059 1426 Quippe
3100 1355 3169 1409 ab
3210 1353 3404 1409 exsilio
3444 1367 3722 1415 reversus,

2138 1457 2331 1517 suopte
2358 1457 2495 1502 nutu
2533 1457 2695 1516 atque
2733 1447 2965 1501 arbitrio
2998 1445 3298 1500 Ecclesiam
3335 1456 3721 1513 occupaverat.

2137 1540 2345 1594 Deinde
2370 1540 2512 1609 quod
2543 1541 2646 1593 sub
2669 1540 2976 1609 ingressum
3002 1538 3122 1607 ejus
3139 1543 3262 1590 orto
3286 1536 3545 1600 tumultu,
3565 1535 3723 1589 multi

2139 1632 2194 1684 in
2221 1631 2493 1685 seditione
2529 1631 2951 1694 occubuissent;
2977 1637 3034 1681 et
3055 1627 3201 1698 quod
3231 1627 3568 1695 alii-quidem
3593 1641 3724 1680 ver—

2139 1719 2368 1774 beribus
2397 1721 2464 1773 ab
2489 1721 2581 1774 illo
2605 1720 2785 1773 affecti
2810 1719 3083 1782 fuissent,
3110 1717 3201 1771 alii
3231 1716 3286 1770 in
3313 1717 3581 1786 judicium
3623 1715 3723 1769 ad-

2139 1809 2313 1864 ducti.
2341 1809 2449 1863 Sed
2476 1819 2532 1863 et
2561 1810 2651 1862 illa
2678 1825 2799 1878 qua:
2826 1809 2881 1862 in
2915 1808 3052 1862 urbe
3079 1808 3223 1878 Tyro
3264 1807 3532 1860 adversus
3557 1807 3726 1861 Atha-

448 1929 579 1966 των.
617 1912 692 1964 Οὐ
729 1911 835 1982 μὴν
879 1910 1016 1963 ἀλλὰ
1060 1909 1249 1962 καὶτὰ
1276 1911 1334 1960 ὲν
1363 1912 1430 1978 τῇ
1472 1907 1634 1978 Τύρῳ
1670 1905 2035 1976 πεπραγμένα
2067 1889 2108 1947 Β
2135 1915 2234 1954 nas

1691 1905 2035 1976 τεπραγμένα
2067 1889 2108 1947 Β
2135 1901 2350 1954 Iasium
2375 1909 2526 1970 gesta
2549 1899 2788 1963 fuerant,
2813 1901 2868 1953 in
2906 1899 3150 1953 medium
3174 1899 3477 1968 protulere.

448 2005 591 2058 κατὰ
630 2001 950 2056 ’Δθανασίου
986 2003 1066 2063 εἰς
1093 1999 1257 2070 μέσον
1291 1996 1446 2071 ῆγον.

1041 2111 1306 2164 ’ΚΕΦᾹᾹ.
1346 2109 1425 2162 ϐ’.

731 2202 870 2271 Περί
900 2203 1198 2256 Εὐσεΰίου
1217 2201 1327 2253 τοῦ
1371 2199 1708 2268 Ἐμισηνοῦ.

533 2295 656 2349 Ἐπὶ
675 2296 888 2357 τούτοις
916 2297 1034 2348 τότε
1066 2295 1166 2364 τῆς
1186 2293 1435 2363 διαϐολῆς
1460 2294 1779 2364 γενομένης,
1805 2310 2031 2364 προχει-

460 2386 700 2456 ρίξονται
731 2389 832 2457 τῆς
885 2386 1289 2459 Ἀλεξανδρείας
1326 2387 1644 2446 ἐπίσκοπον,
1682 2385 1895 2457 πρῶτον
1935 2386 2032 2455 μὲν

448 2477 706 2532 Εὑσέϐιον
740 2479 830 2532 τὸν
875 2478 1241 2550 ἐπικληθέντα
1281 2478 1588 2548 Ἐμισηνόν.
1640 2477 1735 2540 Τίς
1775 2478 1833 2529 δὲ
1877 2470 2030 2541 οὗτος

446 2566 536 2641 ἦν,
571 2571 809 2624 διδάσκει
844 2570 1115 2642 Γεώργιος
1144 2572 1172 2624 ὁ
1215 2569 1559 2633 Λαοδικείας,
1600 2569 1659 2631 ὃς
1691 2569 1810 2622 τότε
1852 2571 2032 2640 παρῆν

448 2665 507 2715 ὲν
532 2665 597 2732 τῇ
626 2662 846 2732 συνόδῳ.
882 2663 1020 2733 Φησὶ
1051 2662 1160 2732 γὰρ
1181 2663 1237 2714 ἐν
1263 2661 1341 2732 τῷ
1373 2664 1453 2724 εἰς
1485 2661 1647 2714 αὐτὸν
1671 2662 2033 2730 πεπονημένῳ

450 2755 660 2825 βιϐλίῳ,
694 2755 766 2817 ὡς
802 2753 886 2823 εἴη
926 2753 1185 2818 Εὐσέϐιος
1215 2757 1279 2806 ὲκ
1312 2754 1422 2806 τῶν
1467 2754 1809 2825 εὐπατριδῶν
1845 2753 1945 2822 τῆς
1975 2753 2032 2805 ὲν

449 2847 847 2917 Μεσοποταμία
887 2847 1106 2916 Ἐδέσης
1137 2847 1540 2915 καταγόμενοςο
1573 2848 1637 2898 ὲκ
1674 2846 1799 2908 νέας
1828 2863 1886 2898 τε
1916 2845 2034 2915 ήλι-

450 2939 574 3003 κίας
600 2940 666 2992 τὰ
689 2939 809 3008 ἱερὰ
836 2937 1023 3008 μαθὼν
1039 2938 1346 3008 Γράμματα
1371 2937 1506 3006 (90)⁹
1528 2931 1647 2989 εἶτα
1668 2937 1733 2988 τὰ
1765 2937 2033 3008 Ἑλλήνων

456 3031 767 3092 παιδευθεὶς
799 3028 954 3100 παρὰ
980 3029 1056 3099 τῷ
1095 3028 1395 3098 τηνικαῦτα
1439 3031 1505 3099 τῇ
1547 3028 1736 3099 Ἐδέσῃ
1765 3029 2034 3098 ἐπιδημήο

453 3139 606 3176 σαντι
636 3121 919 3190 παιδευτῇ·
949 3119 1101 3182 τέλος
1132 3119 1238 3170 ὑπὸ
1265 3119 1606 3188 Πατροφίλου
1636 3121 1732 3172 καὶ
1769 3118 2030 3172 Εὑσεϐἱου

449 3215 518 3268 τὰ
549 3216 670 3284 ἱερὰ
705 3212 1025 3283 ὴρμηνεύθη
1056 3211 1245 3265 Βιϐλία
1272 3228 1284 3239 ·
1320 3206 1394 3263 ὧν
1418 3213 1445 3263 ὁ
1477 3213 1575 3281 μὲν
1597 3212 1706 3263 τῶν
1739 3212 1796 3264 ὲν
1819 3213 2031 3263 Καισα-
2060 3237 2106 3298 C

453 3308 592 3378 ρεία,
624 3309 652 3358 ὁ
673 3305 728 3358 δὲ
759 3305 859 3374 τῆς
893 3305 949 3355 ὲν
980 3303 1308 3356 Σκυθοπόλει
1349 3304 1643 3374 προΐστατο
1686 3303 2029 3372 Ἑκκλησίας.

449 3398 604 3453 Μετὰ
631 3397 804 3450 ταῦτα
836 3397 890 3448 δὲ
922 3395 1360 3466 ἐπιδημήσαντος
1401 3393 1569 3447 αὐτοῦ
1599 3397 1665 3464 τῇ
1710 3394 2031 3462 Ἀντιοχείᾳ,

452 3491 650 3558 συνέϐη
707 3489 1004 3542 Εὐστάθιον
1069 3489 1174 3541 ὑπὸ
1230 3489 1415 3560 Κύρου
1445 3488 1892 3560 κατηγορηθέντα
1939 3488 2033 3540 τοῦ

449 3580 714 3650 Βεροιέως
735 3577 1131 3648 καθαιρεθῆναι
1163 3578 1239 3642 ὡς
1273 3578 1682 3642 Σαϐελλίζοντα.
1717 3573 1851 3630 Εἶτα
1880 3574 2033 3642 αὖθις

449 3673 541 3726 τὸν
594 3671 854 3725 Εὑσέϐιον
909 3673 1147 3725 συνεῖναι
1201 3670 1486 3740 Εὑφρονίῳ
1536 3669 1614 3738 τῷ
1663 3668 2033 3741 διαδεξαμένῳ

451 3764 778 3820 Εὑστάθιονο
811 3763 1082 3832 φεύγοντά
1109 3780 1167 3816 τε
1195 3763 1294 3833 τὴν
1331 3762 1651 3832 ἱερωσύνην,
1701 3763 2030 3816 καταλαϐεῖν

2705 2102 2823 2173 se
2857 2101 3006 2156 car.
3049 2101 3140 2156 1x.
3277 2103 3634 2173 ,ςοιρμιρ
3688 2031 3813 2122 θ’(

2616 2193 2694 2247 De
2711 2194 2946 2247 Eusebio
2971 2193 3241 2247 Emiseno.

2205 2283 2529 2356 llujnsmodi
2579 2295 2696 2340 tum
2745 2284 3089 2340 concinnatis
3133 2286 3444 2351 calumniis,
3486 2288 3720 2343 Alexan-

2133 2384 2307 2439 drina:
2335 2385 2592 2442 Ecclesiae
2618 2386 2938 2454 epise0pum
2966 2383 3271 2453 designant,
3303 2386 3482 2454 primo
3499 2387 3719 2455 quidem

2134 2480 2433 2534 Eusebium
2468 2485 2831 2548 cognomento
2875 2476 3214 2530 Emiscnum.
3257 2477 3516 2543 Quisnam
3555 2495 3721 2550 porro

2135 2572 2236 2626 iste
2264 2572 2448 2636 fuerit,
2479 2571 2641 2626 docet
2663 2569 2931 2639 Georgius
2960 2568 3246 2624 Laodicea:
3274 2571 3587 2656 emimus,
3625 2575 3719 2643 qui

2133 2666 2368 2718 concilio
2407 2664 2536 2718 huic
2567 2665 2732 2718 etiam
2766 2664 3032 2718 interfuit.
3073 2663 3209 2718 Nam
3253 2665 3308 2718 in
3353 2666 3496 2719 libro
3554 2682 3719 2735 quem

2135 2755 2202 2808 de
2236 2756 2356 2825 ejus
2390 2755 2504 2808 vita
2535 2757 2882 2824 conscripsit,
2917 2759 2994 2811 ait
3029 2759 3180 2813 illum
3208 2775 3276 2812 ex
3315 2759 3450 2814 viris
3491 2759 3718 2813 nobilis-

2136 2846 2290 2899 simis
2313 2845 2603 2900 Edcssaein
2627 2847 3016 2916 Mesopotamia
3059 2849 3276 2919 generis
3314 2851 3397 2904 sui
3455 2849 3720 2920 originem

2136 2938 2378 3002 duxisse,
2416 2945 2472 2992 et
2495 2954 2524 2992 a
2556 2955 2732 3008 puero
2760 2943 2930 2996 sacris
2962 2942 3186 2996 Litteris
3209 2943 3541 3007 institutum,
3569 2941 3721 2997 Gne-

2135 3046 2228 3084 cas
2251 3039 2441 3099 postea
2475 3030 2794 3100 disciplinas
2832 3048 2863 3086 a
2892 3033 3129 3103 quodam
3167 3033 3431 3102 magistro
3457 3033 3548 3101 qui
3592 3040 3721 3085 tunc

2135 3123 2399 3192 temporis
2422 3123 2639 3177 Edessa:
2674 3123 2926 3193 degebat,
2959 3127 3272 3194 percepisse
3299 3143 3311 3177 :
3340 3125 3561 3178 tandem
3588 3139 3722 3179 vero

2137 3229 2420 3269 sacrorum
2450 3215 2804 3269 Voluminum
2847 3216 3246 3285 expositionem
3285 3231 3353 3270 ex
3405 3215 3723 3284 Patrophilo

2141 3305 2391 3361 hausisse
2426 3315 2590 3375 atque
2613 3308 2884 3361 Eusebio:
2924 3324 3158 3377 quorum
3185 3308 3277 3362 hic
3305 3308 3718 3372 Casariensem,

2143 3399 2234 3452 ille
2265 3397 2770 3468 Scythopolitanam
2802 3399 3026 3469 regebat
3063 3400 3383 3454 Ecclesiam.
3427 3400 3556 3454 Post
3607 3400 3723 3454 hzec

2143 3506 2267 3544 cum
2305 3489 2656 3544 Antiochiam
2684 3491 2952 3556 venisset,
2985 3491 3213 3561 contigit
3241 3500 3302 3545 ut
3326 3491 3647 3546 Eustathius
3691 3506 3722 3545 ει

2141 3581 2282 3652 Cyro
2315 3580 2592 3636 Bcrceensi
2637 3589 2926 3636 accusatus
2980 3590 3237 3650 tanquam
3290 3582 3583 3638 Sabelliani
3619 3582 3722 3637 do-

2140 3672 2339 3742 gmatis
2371 3679 2630 3735 assertor,
2668 3673 3058 3742 deponeretur.
3090 3673 3267 3738 Quare
3301 3675 3571 3729 Eusebius
3596 3689 3722 3729 cum

2141 3763 2482 3833 Euphronio,
2517 3765 2609 3834 qui
2645 3765 2934 3821 Eustathio
2957 3773 3317 3832 successerat,
3346 3766 3606 3836 deinceps
3642 3767 3723 3821 vi-

3277 2103 3634 2191 Κολῶναι)

1662 3918 1928 3974 VALESII
1966 3919 2524 3976 ANNOTATIONES.

523 4061 634 4132 (86)
674 4060 777 4115 Ἐν
818 4062 1089 4132 ὑπατείᾳ
1154 4065 1514 4132 Μαρκέλλου
1560 4063 1657 4116 καί
1707 4063 2024 4128 Προϐίνου.

452 4131 784 4205 Athanasius
811 4131 869 4205 in
894 4131 1036 4205 libro
1061 4134 1136 4186 De
1159 4131 1402 4205 sy_nodis,
1433 4137 1597 4205 hujus
1622 4133 1838 4205 concilii
1891 4140 2028 4205 tcm-

453 4218 557 4272 pus
591 4203 678 4255 his
709 4201 854 4254 notis
891 4200 1393 4271 designatzwﬂoav
1437 4200 1568 4257 δὲόἱ
1595 4203 1938 4264 συνελθόντες
1970 4204 2027 4272 ἐν

451 4271 564 4335 τοῖς
622 4272 916 4336 ἐγκαινίοις
993 4273 1284 4327 ἐπίσκοποι
1361 4277 1713 4341 ἐνενήκοντα,
1794 4271 2029 4339 ὑπατείᾳ

2134 4060 2282 4132 idem
2321 4069 2479 4132 antea
2510 4061 2744 4115 concilio
2771 4061 2899 4132 Tyri
2939 4061 3283 4126 interfuerat,
3311 4074 3367 4118 et
3402 4079 3526 4118 cum
3558 4063 3717 4117 Aria-

2132 4131 2221 4183 nis
2265 4131 2533 4201 adversus
2593 4131 2956 4185 Athanasium
3007 4133 3449 4201 conspiravcrat,
3509 4144 3570 4188 ut
3614 4135 3716 4188 do—

2133 4210 2221 4252 cet
2260 4200 2504 4274 Epistola
2556 4203 2968 4274 episcoporum_
3005 4200 3222 4270 Egypti
3273 4205 3338 4257 ad
3397 4205 3713 4274 Dionysium

2133 4271 2412 4332 comitem,
2464 4287 2625 4339 quam
2669 4274 2838 4324 refert
2884 4271 3215 4326 Athanasius
3277 4274 3331 4327 in
3390 4271 3715 4329 Defensione

452 4327 823 4413 Μαρκελλίνου
858 4341 952 4413 καὶ
985 4342 1270 4410 Προϐίνου.
1321 4327 1658 4404 ἰνδικτίὼνος
1692 4341 1771 4403 ιδ’,
1809 4342 1923 4392 ἐκεῖ
1945 4327 2032 4413 δνὲ
2130 4354 2238 4413 seet

1945 4327 2032 4413 6v;
2130 4341 2370 4413 secunfla
2398 4327 2662 4413 adyersus
2691 4342 2943 4396 Ariauos.
2990 4342 3181 4395 Eidem
3245 4343 3500 4398 l-‘laeeillo
3541 4327 3713 4397 Ense;-

452 4411 562 4476 τος
595 4411 975 4463 Κωνσταντίου
1030 4414 1415 4466 ἁσεϐεστάτου.
1469 4413 1637 4466 Fuere
1691 4421 1889 4473 autem,
1939 4412 2028 4480 qui

455 4493 685 4552 tempore
719 4481 1090 4552 Encwniornm
1127 4491 1500 4546 convenerant,
1543 4483 1768 4552 episcopi
1809 4497 2027 4552 numero

454 4550 766 4622 nonaginta,
799 4550 1096 4604 consulibus
1144 4552 1457 4606 Marcellino
1492 4562 1540 4605 et
1574 4550 1832 4612 'Probino,
1889 4551 2028 4603 indi-

453 4621 619 4674 ctione
673 4621 877 4673 decima
915 4628 1133 4690 quarta,
1184 4631 1443 4692 prwsente
1485 4622 1677 4676 ibidem
1717 4622 2028 4691 impiissimo

453 4693 784 4744 Constantio.

2137 4409 2260 4461 hius
2282 4409 2636 4480 Cresariensis
2667 4413 2838 4466 libros
2861 4427 2990 4466 suos
3019 4422 3208 4466 contra
3227 4413 3542 4468 Marcellum
3573 4429 3685 4466 nun
3703 4445 3716 4454 -

2136 4481 2375 4552 cilpayit.
2407 4482 2512 4534 Pro
2543 4482 2798 4536 Flaccilla
2826 4492 3007 4536 tamen
3051 4482 3166 4536 fere
3209 4483 3414 4552 ubique
3471 4485 3714 4537 Placitus

2137 4551 2566 4622 scribitur.7Nisi
2597 4553 2741 4620 quod
2775 4552 2826 4605 in
2855 4552 3106 4622 sequenti
3161 4567 3278 4622 cap.
3320 4551 3493 4608 codex
3528 4553 3711 4608 Allatii

2136 4620 2401 4689 scriptum
2433 4621 2617 4685 habet,
2650 4623 2753 4674 ὑπὸ
2781 4620 3095 4675 Φλακίλλου.

2211 4689 2321 4760 (89)
2357 4693 2580 4744 Πολλοὶ
2603 4693 2671 4743 ἑν
2717 4690 2792 4757 τῇ
2837 4693 3054 4746 στάσει
3096 4693 3416 4747 ἀπέθανον.
3456 4693 3563 4747 Has
3598 4695 3712 4748 Eu-

669 4757 777 4814 τΗν·
802 4760 870 4813 δὲ
919 4760 1191 4835 πέμπτον
1217 4761 1393 4835 Δἔτος2
1432 4768 1553 4835 etc.
1608 4760 1922 4835 Marcellino
1973 4769 2030 4815 et
2067 4781 2106 4835 ο
2137 4757 2312 4835 sghiar

1921 4795 1922 4798 η
1973 4769 2030 4815 et
2067 4781 2106 4835 υ
2137 4757 2835 4835 sebianorunLcalumnias
2903 4764 3119 4835 egregie
3168 4762 3408 4835 refutant
3466 4764 3707 4833 episcopi

452 4832 692 4885 Probino
719 4846 884 4894 coss.,
916 4831 1005 4885 die
1034 4831 1324 4885 undecimo
1352 4831 1620 4884 Kalendas
1643 4831 1854 4893 Junias,
1879 4847 2032 4885 com-

452 4903 632 4970 pletus
655 4908 741 4954 est
770 4916 951 4954 annus
977 4911 1210 4970 quartus
1229 4902 1298 4955 ab
1327 4901 1480 4955 obitu
1510 4900 1873 4955 Constantini.
1902 4901 2032 4955 Post

454 4973 601 5026 hunc
627 4972 795 5041 igitur
827 4971 971 5025 diem
995 4972 1226 5041 collecta
1253 4980 1337 5025 est
1377 4971 1620 5041 synodus
1664 4970 2026 5034 Antiochena,

453 5042 497 5095 si
521 5040 718 5114 verum
739 5041 991 5114 estquod
1009 5042 1085 5114 ait
1110 5040 1382 5114 Socrates,
1408 5040 1525 5114 eam
1550 5041 1833 5094 collectam
1862 5041 2029 5095 fuisse

452 5128 596 5165 anno
627 5111 824 5182 quinto
851 5113 920 5165 ab
944 5112 1097 5164 obitu
1135 5111 1500 5165 Constantini.

525 5180 983 5252 (88)Ἠλὰκιτος.
1019 5183 1245 5235 Rectius
1277 5182 1536 5252 scribitur
1579 5183 1683 5236 hoc
1719 5196 1920 5235 nomen
1973 5180 2027 5234 in

450 5255 705 5307 versione
759 5252 1049 5321 Epiphanii
1106 5251 1454 5306 Scholastici.
1519 5253 1846 5307 Praesidebat
1904 5259 2030 5304 tunc

451 5323 699 5404 Ecclesia:
727 5321 1369 5404 AntiochencenFlaccillns
1385 5340 1690 5404 succession
1709 5323 2022 5404 Euphronii.

451 5394 562 5449 Nec
577 5395 736 5448 aliter
752 5393 956 5447 dicitur
975 5395 1028 5446 in
1053 5394 1296 5462 Epistola
1311 5392 1438 5446 Julii
1459 5409 1608 5462 papa:
1626 5394 1690 5446 ad
1717 5392 2023 5462 episcopos.

453 5466 545 5586 gui
590 5464 894 5519 Antiochia:
940 5465 995 5516 in
1034 5465 1135 5517 hac
1167 5464 1376 5534 synodo
1427 5465 1738 5534 congregati
1781 5463 2018 5517 fuerant.

496 5534 542 5586 ie
587 5537 736 5586 enim
783 5534 1292 5586 habetinscrintio:
1330 5536 1526 5586 Δανίω.
1566 5534 1866 5586 Φλακίλλω.
1912 5544 2017 5586 etc.

496 5534 542 5586 ie
587 5537 736 5589 enim
783 5534 1292 5604 habetinscriptio:
1330 5536 1526 5603 Δανίῳ,
1566 5534 1866 5604 Φλακίλλῳ,
1912 5544 2017 5586 etc.

2138 4829 2354 4902 Egypti
2390 4831 2444 4902 in
2478 4832 2719 4902 Epistola
2752 4829 3220 4902 synodi’cafquam
3265 4833 3432 4888 refert
3462 4829 3708 4888 Athana-

2139 4899 2255 4954 sius
2281 4899 2334 4953 iu
2369 4917 2404 4953 n
2429 4899 2756 4956 Defensione
2783 4899 3054 4956 adversus
3077 4899 3356 4958 'Arianos.

2211 4971 2321 5040 (90)
2369 4972 2442 5023 Τὰ
2479 4973 2606 5042 ἱερὰ
2635 4973 2858 5042 ,μαθὼν
2879 4972 3220 5042 Γράμμιιτα.
3271 4975 3426 5028 Hunc
3467 4973 3710 5030 Socratis

2134 5039 2582 5114 l_ocumgexplicat
2621 5041 2966 5114 Semincnus
2992 5039 3214 5096 in'libro
3257 5059 3335 5107 Ill,
3368 5060 3487 5114 cap.
3551 5045 3603 5106 6,
3639 5044 3709 5100 de

2135 5110 2376 5165 Eusebio
2428 5113 2685 5166 Emiseno
2717 5112 2792 5168 ita
2844 5113 3111 5176 scribens,
3157 5115 3247 5164 Ἐκ
3309 5110 3528 5166 νέου-δὲ
3569 5115 3709 5167 κατὰ

2135 5181 2362 5251 πάτριον
2413 5181 2534 5245 ἔθος
2591 5184 2717 5245 τοὺς
2780 5185 2956 5250 ἱεροὺς
3005 5183 3263 5250 ἐκμαθὼν
3310 5183 3534 5250 λόγους,
3595 5195 3705 5240 etc.

2133 5250 2297 5305 Pueri
2330 5251 2498 5322 igitur
2530 5253 2932 5307 Edessenorum
2967 5268 3134 5308 sacra:
3195 5253 3488 5323 Scriptura:
3541 5255 3711 5308 libros

2132 5324 2454 5395 memoriter
2483 5323 2820 5395 gediscebant
2861 5339 2928 5395 es
2959 5339 3111 5395 more
3146 5323 3504 5395 institutoque
3534 5327 3708 5395 majo-

2131 5407 2277 5447 rum.
2311 5392 2451 5447 Sane
2483 5392 2792 5447 Edessenos
2821 5393 3232 5447 ardentissimos
3261 5394 3428 5447 fuisse
3469 5392 3711 5448 cultores

2130 5461 2458 5544 Qhristianm
2520 5463 2806 5534 religionis
2868 5470 3138 5517 testantur
3183 5465 3481 5533 scriptores
3530 5465 3707 5520 eccle-

2133 5534 2357 5588 siastici.

1881 5667 2241 5725 VARIORUM
2251 5712 2261 5723 .

457 5790 661 5858 telligat
686 5788 954 5850 Socrates,
979 5787 1072 5859 qui
1101 5795 1304 5842 tantam
1327 5786 1744 5859 praerogativam
1769 5787 2029 5858 episcopo

458 5863 701 5916 ltomano
745 5858 1106 5926 concesserit;
1149 5873 1458 5926 quanquam
1484 5859 1539 5912 P.
1577 5858 1644 5912 de
1682 5859 1855 5914 Marca
1904 5875 2028 5912 sex-

2137 5788 2495 5913 tVi‘i’mLsynodi
2545 5790 2770 5845 Nicoma-
2816 5789 3089 5862 indigitari
3141 5789 3292 5853 vult,
3352 5789 3474 5844 loco
3520 5788 3707 5846 citato.

2213 5899 2223 5910 .
2293 5873 2466 5912 ow'rn.

2213 5899 2223 5910 .
2249 5873 2466 5912 LOWTII.
