4524 6582
408 472 506 526 201

1402 454 1727 511 HISTORIA
1770 451 2322 508 ECCLESIASTICA.
2363 478 2430 487 —
2471 448 2598 500 LIB.
2644 445 2708 498 ll.

3558 429 3663 482 96?.

408 581 874 655 ἡκολοοθήσαμεν.
925 575 1034 629 Καὶ
1066 569 1338 627 γνώσεσθε
1376 567 1482 621 ἀπὸ
1509 567 1618 618 τῶν
1656 565 1982 633 λεγομένων.
2016 571 2057 626 Α
2089 579 2194 617 sun'

1874 583 1982 617 ρων.
2016 571 2057 626 Α
2089 559 2412 617 sumus.Sed
2431 557 2497 612 ad
2534 557 2693 609 ﬁdem
2718 553 2864 607 illius
2893 547 3229 620 probandam
3266 553 3428 612 atque
3453 541 3660 594 exami-

2217 653 2227 655 -
2349 653 2359 655 -
2423 650 2456 655 -.
2752 646 2784 655 ,Α
2840 644 2872 655 ,.
3301 636 3449 655 ,ηηῂ
3476 631 3647 655 “dm

411 654 821 745 Μεμαθηκαμεν
849 668 956 738 γὰρ
993 674 1011 705 ι
1043 667 1102 731 ἐς
1126 665 1320 734 αρχῆς,
1357 661 1436 722 εἰς
1465 659 1561 711 ’ἐνα
1588 657 1680 709 τὸν
1717 654 1818 708 si?»
1847 656 1985 708 ὅλων

410 767 544 820 θεὸν
569 761 866 824 πιστεύειν,
884 758 992 810 τῶν
1020 756 1236 810 πάντων
1254 751 1461 822 νοητῶν
1488 766 1549 802 τε
1589 745 1684 801 καὶ
1714 745 1987 816 αἰσθητῶν

411 853 738 928 δημιουργόν
771 868 831 906 τε
867 851 960 904 καὶ
987 846 1291 919 προνοητήν
1315 859 1331 875 ο
1364 845 1456 896 καὶ
1482 843 1562 902 εἰς
1587 841 1683 892 ⁶ἐνα
1724 838 1853 891 Υἰὸν
1893 835 1987 889 τοῦ

413 949 547 1001 6εοῦ
579 945 866 1017 μονογενῆ,
906 941 1011 1012 πρὸ
1036 939 1256 992 πάντων
1287 934 1396 988 τῶν
1419 931 1629 986 αἰώνων
1650 930 1987 999 ὑπάρχοντα,

413 1042 506 1095 καὶ
535 1038 760 1092 συνόντα
790 1033 869 1104 τῷ
901 1029 1254 1102 γεγεννηκότι
1298 1026 1462 1079 αὑτὸν
1489 1023 1684 1094 Πατρὶ,
1721 1021 1788 1075 δι’
1811 1015 1870 1074 οὗ
1898 1021 1991 1072 καὶ

415 1133 484 1186 ei
519 1131 698 1183 πάντα
745 1125 962 1194 ἐγένετο
987 1121 1058 1174 τά
1085 1119 1256 1190 ὁρατὰ
1285 1121 1378 1171 καὶ
1409 1117 1478 1169 τά
1506 1117 1738 1186 ἀόρατα⁹
1780 1113 1873 1165 τὸν
1898 1112 1993 1165 καὶ

415 1223 500 1274 ἐπ’
538 1219 782 1289 ἐσχάτων
820 1214 928 1267 τῶν
962 1211 1184 1283 ἡμερῶν
1210 1210 1330 1263 κατ’
1365 1208 1612 1261 εὐδοκίαν
1650 1205 1746 1258 τοῦ
1781 1203 1992 1273 Πατρὸς

417 1310 765 1367 κατελθόντα,
791 1306 884 1358 καὶ
913 1305 1092 1368 σάρκα
1123 1302 1188 1353 ὲκ
1216 1301 1313 1368 τῆς
1343 1300 1502 1366 ἁγίας
1528 1296 1806 1366 Παρθένου
1845 1295 1992 1346 ἀνει-

419 1403 646 1474 his/na,
683 1401 776 1452 καὶ
813 1399 1002 1450 πᾶσαν
1029 1394 1126 1466 τὴν
1151 1392 1422 1463 πατρικὴν
1456 1389 1619 1442 αὑτοῦ
1653 1387 1844 1457 βουλὴν
1872 1403 1994 1436 συν-

419 1491 888 1562 εκπεπληρωκότα
925 1485 1269 1539 πεπονθέναι.
1307 1485 1397 1535 καὶ
1423 1480 1737 1550 ἐγηγέρθαι,
1785 1478 1880 1530 καὶ
1918 1478 1996 1538 εἰς

421 1585 479 1636 ού
491 1584 680 1651 ρανοὶας
706 1577 1112 1646 ἀνεληλυθέναι,
1143 1575 1234 1627 καὶ
1261 1575 1318 1625 ἐν
1338 1572 1486 1640 ὂεξιᾷ
1507 1569 1598 1622 τοῦ
1633 1568 1840 1638 Πατρὸς
1870 1567 1998 1619 καθα

425 1668 662 1727 ἕζεσθαι.
692 1667 804 1718 Καὶ
852 1664 1150 1735 ἐρχόμενον
1177 1663 1356 1733 κρῖναι
1388 1659 1595 1722 ζῶντας
1623 1659 1716 1709 καὶ
1743 1657 1996 1726 νεκροὺς,

425 1761 515 1810 καὶ
557 1757 876 1827 διαμένοντα
923 1754 1145 1824 βασιλέα
1197 1755 1291 1806 καὶ
1330 1751 1461 1803 Θεὸν
1491 1752 1569 1813 εἰς
1615 1750 1742 1812 τοὺς
1775 1748 1995 1809 αἰῶνας.

425 1849 760 1918 Πιστεύομεν
782 1848 876 1900 καὶ
906 1849 987 1909 εἰς
1010 1845 1070 1898 τδ
1099 1846 1250 1913 ἆγιον
1271 1843 1514 1912 Πνεῦμα.
1551 1841 1612 1894 ΕΞ
1636 1842 1692 1894 δὲ
1717 1841 1800 1893 δεῖ
1829 1857 1999 1911 προσο

425 1940 632 2002 θεῖναι,
670 1935 1002 2006 πιστεύομεν
1040 1936 1136 1988 καὶ
1200 1935 1328 2003 περὶ
1368 1933 1572 2002 σαρκὸς
1618 1929 1997 1993 ἀναστάσεως,

432 2033 526 2084 καὶ
557 2029 700 2099 ζωῆς
729 2027 970 2082 αἰωνίου.
1001 2025 1186 2079 Ταῦτα
1215 2026 1313 2096 μὲν
1347 2026 1404 2076 ὲν
1431 2026 1496 2093 τῇ
1525 2020 1717 2093 πρώτῃ
1746 2021 2001 2091 ἐπιστολῇ

428 2121 754 2193 γράψαντες,
780 2121 890 2182 τοῖς
925 2119 1064 2171 κατὰ
1091 2117 1246 2169 πόλιν
1276 2114 1546 2184 ἔπεμπον.
1595 2113 2006 2183 Ἑπιμείναντες

430 2214 485 2266 δὲ
523 2212 717 2283 μικρὸν
747 2211 804 2262 ὲν
835 2212 901 2280 τῇ
942 2207 1260 2279 Ἀντιοχείᾳ,
1297 2209 1391 2260 καὶ
1426 2205 1615 2276 ὥσπερ
1644 2205 2007 2272 καταγνόντες

430 2302 651 2370 ταύτης,
687 2295 839 2362 αὖθις
870 2299 1062 2368 ἑτέραν
1110 2295 1539 2368 ύπαγορεύουσιν
1569 2296 1628 2347 ὲν
1674 2294 1850 2347 τοῖσδε
1895 2296 2007 2356 τοῖς

435 2396 640 2464 aiam
666 2409 681 2422 '

986 2699 1180 2764 ’Ἄλλη
1214 2697 1472 2763 ἐκθεσις.

510 2787 844 2857 Πιστεύομεν
868 2787 1176 2851 ἀκολούθως
1209 2798 1249 2825 ιι·
1302 2792 1368 2858 τῇ
1402 2789 1729 2859 εύαγγελικῇ
1759 2799 1851 2841 και
1878 2790 2004 2842 ἀποη

444 2879 658 2948 στολικῇ
695 2878 1013 2949 παραδόσει,
1041 2880 1120 2940 εἰς
1163 2879 1257 2931 ἕνα
1285 2879 1417 2930 Θεδν
1462 2879 1682 2947 Πατέρα
1715 2878 2015 2950 τιαντοκρά⁹

441 2987 597 3042 τορα,
633 2970 724 3021 τὸν
754 2969 862 3022 τῶν
891 2970 1030 3022 ὅλων
1057 2969 1392 3039 δημιουργόν
1417 2986 1474 3021 τε
1507 2971 1598 3021 καὶ
1629 2971 1858 3039 ποιητήν
1882 2986 1894 2997 ·
1920 2971 2014 3022 καὶ

446 3064 526 3124 εἰς
558 3061 654 3113 ἕνα
690 3060 892 3128 Κύριον
935 3061 1138 3128 Ἰησοῦν
1171 3060 1422 3131 Χριστὸν,
1453 3062 1542 3114 τὸν
1575 3061 1702 3113 Υἰὸν
1733 3061 1895 3114 αὑτοῦ
1924 3062 2016 3115 τὸν

451 3152 715 3223 μονογενῆ
744 3152 897 3214 Θεὸν,
919 3152 986 3205 δι’
1011 3147 1072 3204 οὗ
1103 3152 1171 3206 τὰ
1210 3154 1386 3207 πάντα
1415 3153 1632 3220 ἐγένετο
1658 3169 1670 3182 ’
1701 3154 1792 3206 τὸν
1817 3171 2015 3223 γεννη-

2087 653 2321 707 nandum
2343 650 2557 720 judices
2588 644 2898 706 constituti,
2927 639 3270 708 suscepimus
3301 636 3454 688 illum
3476 631 3664 702 potius

2087 759 2250 812 quam
2277 741 2450 795 secuti
2471 754 2660 793 sumus
2727 735 2898 804 quue
2937 749 3004 787 ex
3037 731 3104 784 iis
3133 744 3253 798 qua:
3285 727 3538 780 dicentur
3581 722 3666 776 fa-

2089 836 2191 889 cile
2223 831 2584 903 cognoscetis.
2626 829 2924 883 Didicimus
2946 824 3089 877 enim
3138 821 3206 874 ab
3240 817 3398 874 initio
3439 815 3668 870 credere

2090 928 2145 981 in
2187 941 2354 979 unmn
2380 925 2573 985 Deum,
2604 921 2845 975 omnium
2888 928 2996 972 tam
3033 912 3453 983 intelligibilium
3503 921 3667 978 quam

2091 1017 2435 1072 sensibilium
2454 1014 2706 1085 opiﬁcem
2734 1022 2791 1066 et
2817 1019 3294 1072 conservatorem;
3330 1013 3386 1059 et
3410 1005 3464 1057 in
3497 1017 3665 1056 unum

2093 1109 2291 1162 Filium
2314 1108 2410 1161 Dei
2451 1105 2794 1176 unigenitum
2852 1110 2976 1155 ante
3017 1100 3198 1154 omnia
3247 1096 3444 1151 secula
3493 1092 3663 1146 subsi-

2094 1210 2349 1262 stentem,
2377 1209 2793 1265 manentemque
2812 1213 2932 1248 eum
2951 1195 3108 1247 Patre
3135 1192 3228 1260 qui
3250 1191 3426 1260 ipsum
3448 1185 3669 1256 genuit.

2096 1310 2194 1363 per
2226 1309 2387 1363 quem
2423 1292 2603 1344 oninia
2638 1290 2777 1343 facta
2816 1298 2961 1347 sunt,
2995 1285 3229 1338 visihilia
3254 1293 3309 1337 et
3333 1279 3668 1335 invisibilia:

2095 1387 2188 1455 qui
2231 1384 2544 1437 novissimis
2568 1382 2768 1435 diebus
2801 1383 2954 1450 juxta
2988 1379 3322 1430 voluntatem
3356 1373 3536 1427 Patris
3573 1371 3670 1424 dc-

2097 1476 2331 1537 scendit,
2356 1483 2652 1527 etcarncm
2698 1489 2766 1524 ex
2817 1478 3002 1523 saneta
3054 1467 3272 1536 Virgine
3316 1463 3583 1531 suscepit:
3619 1468 3670 1512 et

2099 1577 2450 1637 posteaquam
2482 1565 2658 1618 Patris
2685 1564 2766 1615 sui
2800 1563 3136 1615 voluntatem
3188 1557 3336 1610 omni
3396 1572 3463 1609 ex
3520 1562 3676 1624 parte

2099 1658 2456 1728 implevisset.
2491 1671 2682 1724 passus
2713 1662 2816 1715 est,
2852 1661 2908 1704 et
2940 1650 3260 1710 resurrexit,
3288 1657 3343 1701 ct
3374 1647 3440 1701 ad
3478 1647 3674 1699 cadum

2102 1765 2380 1809 reversus,
2417 1749 2569 1801 sedet
2610 1746 2676 1799 ad
2709 1746 2988 1799 dexteram
3029 1742 3224 1796 Patris.
3265 1740 3367 1806 Qui
3415 1747 3677 1792 venturus

2101 1852 2185 1895 est
2213 1841 2501 1912 utjudicct
2525 1839 2677 1892 vivos
2714 1854 2777 1892 ac
2816 1845 3098 1890 mortuos:
3144 1842 3198 1888 et
3253 1834 3365 1887 Rex
3421 1847 3483 1885 ac
3533 1831 3679 1884 Deus

2103 1932 2479 2002 permanet-in
2503 1939 2790 1985 retentum.
2823 1927 3114 1982 Credimus
3137 1925 3302 1978 etiam
3329 1925 3382 1977 in
3411 1922 3675 1992 Spiritum

2105 2033 2378 2077 sanctum.
2413 2025 2479 2078 Et
2504 2023 2549 2077 si
2581 2023 2684 2075 hoc
2706 2035 2923 2090 quoque
2949 2017 3319 2088 adjiciendum
3363 2024 3468 2079 est,
3502 2012 3680 2067 credi-

2106 2132 2228 2170 mus
2257 2117 2439 2170 carnis
2472 2113 2930 2168 resurrectionem
2957 2119 3013 2164 et
3049 2110 3214 2163 vitam
3235 2115 3514 2162 azternam.
3553 2103 3679 2158 Haec

2106 2227 2230 2264 eum
2272 2209 2521 2279 inprima
2552 2205 2899 2275 scripsissent
2942 2201 3194 2273 cpistola,
3230 2200 3297 2252 ad
3339 2212 3528 2252 omnes
3565 2195 3680 2249 sin-

2106 2305 2354 2372 gularum
2394 2301 2615 2354 urbium
2651 2298 2938 2367 episcopos
2985 2291 3427 2347 transmiserunt.
3479 2286 3680 2340 Verum

2109 2405 2231 2464 post
2264 2395 2377 2447 haec
2401 2407 2525 2446 cum
2577 2387 2896 2458 aliquandiu
2945 2383 3247 2441 Antiochia:
3288 2379 3681 2440 substitissent,

2108 2487 2262 2556 quasi
2298 2485 2539 2554 priorem
2579 2483 2902 2536 damnantes
2935 2476 3246 2549 epistolam,
3289 2474 3451 2529 aliam
3501 2471 3684 2526 denuo

2109 2577 2556 2646 conscripserunt
2578 2574 2665 2628 his
2694 2572 2880 2626 verbis
2917 2589 2930 2625 :

2612 2699 2732 2753 Alia
2759 2697 2882 2766 ﬁdei
2906 2698 3176 2766 expositio.

2180 2792 2641 2861 Credimusjuxta
2671 2788 3040 2858 evangelicam
3083 2794 3140 2841 et
3176 2785 3530 2856 apostolicam
3571 2793 3685 2837 tra-

2113 2885 2398 2947 ditionem,
2448 2884 2500 2936 in
2547 2898 2715 2936 unum
2757 2881 2929 2934 Deum
2975 2880 3188 2934 Patrem
3233 2878 3686 2947 omnipotentem,

2113 2976 2358 3028 omnium
2407 2990 2592 3026 rerum
2646 2971 2900 3042 opiﬁcem
2942 2979 2997 3024 et
3048 2970 3469 3033 fabricatorem;
3532 2978 3587 3022 et
3634 2968 3689 3021 in

2115 3083 2283 3120 unum
2306 3066 2596 3119 Dominum
2630 3065 2743 3135 88
2769 3065 2954 3119 Jesum
2981 3062 3284 3123 Christum,
3325 3059 3524 3115 Filium
3571 3061 3692 3130 ejus

2116 3158 2455 3227 unigenitum
2479 3159 2671 3218 Deum,
2709 3171 2807 3225 per
2836 3171 2998 3224 quem
3023 3154 3206 3207 omnia
3235 3143 3374 3207 facta
3409 3161 3537 3206 sunt
3561 3169 3572 3204 :
3602 3168 3693 3221 ge-

447 3245 607 3297 θὲντα
634 3245 742 3314 πρὸ
775 3244 992 3297 πάντων
1014 3244 1122 3297 τῶν
1153 3245 1364 3298 αἰώνων
1393 3247 1458 3298 ἐκ
1503 3245 1598 3297 τοῦ
1627 3245 1855 3315 Πατρὸς,
1881 3246 2014 3299 Θεὸν
2041 3256 2083 3312 c
2115 3251 2230 3303 nitu

1903 3246 2014 3299 Ξεὸν
2041 3256 2083 3312 c
2115 3251 2289 3303 nitum
2317 3266 2382 3302 ex
2412 3250 2572 3302 Patre
2604 3256 2727 3301 ante
2755 3247 2939 3301 omnia
2978 3247 3196 3307 satcula,
3239 3246 3409 3299 Deum
3448 3260 3514 3298 ex
3561 3245 3689 3307 Deo,

445 3337 508 3387 ὲκ
535 3335 694 3398 Θεοῦ,
729 3335 848 3388 ὅλον
886 3335 945 3397 ἐξ
974 3335 1120 3397 ὅλου,
1171 3336 1330 3405 μόνον
1377 3339 1442 3390 ὲκ
1471 3337 1636 3406 μόνου
1656 3376 1672 3399 ,
1711 3337 1922 3391 τέλειον
1951 3340 2015 3390 ὲκ

445 3428 651 3480 τελείου
688 3435 750 3484 ιι,
792 3426 1014 3496 βασιλέα
1059 3428 1122 3478 ἐκ
1155 3425 1448 3495 βασιλέως,
1495 3427 1698 3496 Κύριον
1749 3429 1857 3480 ἀπὸ
1903 3430 2016 3481 Κυ-

455 3517 571 3588 ρίου
597 3556 612 3579 ,
647 3517 817 3585 Λόγον
864 3517 1041 3581 ζῶντα
1068 3557 1083 3580 ,
1142 3517 1355 3585 σοφίαν,
1390 3518 1556 3588 ζωὴν,
1593 3519 1708 3587 φῶς
1745 3519 2016 3589 ἀληθινὸν,

445 3609 562 3661 ὁδὸν
593 3608 852 3678 ἀληθείας
886 3647 901 3670 ,
932 3609 1250 3669 ἀνάστασιν,
1284 3610 1537 3678 ποιμένα,
1591 3610 1761 3678 θύραν
1793 3628 1806 3641 ο
1863 3612 2018 3681 ἄτρε-

450 3699 590 3750 πτόν
617 3716 678 3750 τε
719 3698 811 3750 καὶ
835 3698 1188 3751 ἀναλλοίωτον
1214 3714 1228 3728 ·
1264 3700 1364 3768 τὴν
1390 3700 1487 3769 τῆς
1517 3701 1789 3771 θεότητος,
1834 3702 2020 3765 οὐσίας

447 3808 508 3842 τε
553 3791 648 3842 καὶ
691 3789 977 3860 δυνάμεως
1005 3790 1100 3842 καὶ
1132 3789 1332 3860 βουλῆς
1365 3792 1460 3844 καὶ
1492 3790 1650 3862 δόξης
1687 3792 1782 3844 τοῦ
1808 3793 2022 3863 Πατρὸς

449 3880 868 3951 ἀπαράλλακτον
899 3879 1082 3932 εἰκόνα
1108 3897 1121 3910 ο
1169 3879 1261 3932 τὸν
1294 3881 1635 3949 πρωτότοκον
1671 3882 1851 3949 πάσης
1903 3882 2021 3934 κτί-

453 3987 630 4035 σεως*
678 3970 770 4023 τὸν
816 3971 948 4024 όντα
995 3971 1053 4022 ἐν
1095 3971 1238 4041 ἀρχῇ
1295 3971 1430 4040 πρὸς
1496 3972 1588 4024 τὸν
1645 3972 1800 4038 Θεὸν,
1852 3973 2022 4040 Λόγον

452 4061 606 4124 ϐιὸν,
665 4062 810 4116 κατὰ
841 4063 903 4115 τὸ
947 4062 1234 4131 εἰρημένον
1291 4065 1350 4115 ὲν
1404 4063 1481 4134 τῷ
1527 4064 1876 4134 Εὑαγγελίῳ·
1917 4065 2024 4117 Καὶ

452 4152 583 4214 θεὸς
611 4147 680 4222 ἦν
716 4154 744 4204 ό
773 4151 944 4218 Λόγος
967 4190 983 4214 ,
1037 4151 1104 4204 δι’
1137 4147 1198 4205 οὗ
1225 4154 1294 4204 τὰ
1329 4154 1505 4206 πάντα
1550 4154 1767 4222 ἐγένετο
1845 4155 1937 4208 καὶ
1967 4157 2026 4207 ἐν

455 4237 496 4312 ᾇ
521 4244 596 4318 ’τὰ
625 4244 802 4296 πάντα
829 4243 1122 4314 συνέστηκε
1140 4261 1154 4275 °
1185 4245 1275 4297 τὸν
1295 4244 1383 4299 ἐπ’
1403 4246 1648 4315 ἐσχάτων
1674 4246 1784 4299 τῶν
1802 4247 2026 4318 ἡμερῶν

461 4333 788 4388 κατελθόντα
836 4331 1040 4386 ἀνωθεν
1063 4373 1079 4398 ,
1129 4335 1223 4387 καὶ
1255 4336 1581 4406 γεννηθέντα
1627 4337 1694 4389 ὲκ
1745 4337 2024 4408 Παρθένου

460 4424 598 4478 λατά
628 4423 727 4487 τὰς
750 4423 968 4494 Γραφάς
992 4441 1006 4454 ο
1039 4426 1133 4478 καὶ
1162 4425 1442 4496 ἄνθρωπον
1462 4427 1770 4497 γενόμενον,
1803 4429 2027 4500 μεσίτην

457 4513 592 4567 6εοῦ
639 4513 733 4566 καὶ
780 4511 1114 4582 ἀνθρώπων,
1168 4516 1463 4568 ἀπόστολόν
1517 4535 1576 4570 τε
1643 4519 1740 4588 τῆς
1789 4519 2027 4583 πίστεως

2120 3347 2293 3392 totum
2347 3355 2414 3392 ex
2467 3346 2600 3401 toto,
2639 3337 2815 3391 solum
2859 3352 2925 3390 ex
2955 3336 3092 3399 solo,
3126 3335 3428 3404 perfectum
3461 3349 3525 3387 ex
3566 3351 3691 3403 per—

2119 3434 2282 3496 fecto,
2315 3450 2498 3502 regem
2526 3449 2593 3487 ex
2619 3448 2764 3501 rege,
2788 3430 3078 3484 Dominum
3095 3444 3159 3481 ex
3181 3427 3432 3490 Domino,
3455 3425 3692 3480 Verbum

2119 3525 2327 3587 vivum,
2360 3524 2705 3593 sapientiam,
2731 3522 2922 3584 vitam,
2947 3521 3126 3573 lucem
3181 3535 3388 3582 veram,
3414 3519 3558 3572 viam
3609 3533 3698 3572 ve-

2121 3617 2321 3679 ritatis,
2386 3614 2867 3674 resurrectionem,
2926 3620 3222 3681 pastorem,
3281 3611 3536 3678 ianuam:
3595 3624 3698 3662 nec

2123 3707 2412 3762 mutationi
2437 3706 2736 3760 obnoxium
2765 3719 2867 3758 nec
2902 3701 3280 3756 conversioni:
3324 3709 3565 3770 paterna:
3609 3700 3696 3753 di-

2121 3799 2386 3861 vinitatis,
2414 3795 2754 3857 substantiae,
2786 3793 3098 3864 potestatis,
3141 3793 3357 3846 consilii
3415 3800 3471 3846 et
3514 3792 3700 3862 gloria:

2123 3907 2432 3960 expressam
2484 3888 2846 3958 undequaque
2888 3887 3220 3956 imaginem:
3275 3884 3699 3954 primogenitum

2125 3983 2304 4038 omnis
2326 3990 2590 4036 creatura:
2621 3999 2634 4034 :
2680 3981 2773 4050 qui
2795 3987 2916 4034 erat
2941 3980 2996 4033 in
3026 3977 3297 4048 principio
3322 3976 3465 4046 apud
3505 3976 3698 4037 Deum,

2124 4072 2270 4125 Deus
2323 4070 2587 4132 Verbum,
2641 4071 2786 4124 sicut
2833 4069 3038 4123 dicitur
3080 4069 3137 4122 in
3184 4065 3481 4135 Evangelio
3513 4065 3592 4116 "z
3623 4065 3698 4118 Et

2126 4162 2270 4215 Deus
2299 4169 2417 4214 erat
2447 4161 2708 4224 Verbum,
2742 4177 2842 4230 per
2864 4176 3026 4231 quem
3055 4159 3238 4214 omnia
3271 4159 3409 4213 facta
3437 4166 3598 4218 sunt,
3645 4164 3702 4211 et

2128 4250 2182 4302 in
2222 4265 2332 4318 quo
2373 4250 2553 4303 omnia
2608 4251 2949 4315 subsistunt;
2993 4249 3086 4318 qui
3132 4248 3445 4303 novissimis
3492 4257 3702 4317 tempo-

2128 4338 2285 4391 ribus
2314 4338 2599 4392 descendit
2619 4356 2649 4393 e
2680 4341 2841 4403 cmlo,
2867 4349 2924 4392 et
2948 4348 3112 4394 natus
3134 4346 3218 4392 est
3246 4353 3312 4392 ex
3351 4337 3573 4408 Virgine
3615 4352 3700 4391 se-

2127 4429 2364 4482 cundmn
2391 4429 2730 4499 Scripturas:
2769 4437 2825 4484 et
2862 4430 3026 4483 homo
3071 4428 3266 4493 factus,
3297 4428 3565 4482 mediator
3603 4426 3697 4482 Dei

2126 4529 2181 4574 et
2212 4521 2516 4582 hominum,
2541 4531 2596 4574 et
2639 4521 2919 4591 apostolus
2948 4519 3073 4574 ﬁdei
3105 4528 3325 4581 nostra},
3364 4526 3420 4573 ct
3446 4519 3702 4589 princeps

463 4605 637 4676 ημῶν,
666 4607 759 4657 καὶ
791 4604 1034 4672 ἀρχηγὸν
1061 4606 1159 4667 τῖες
1189 4605 1354 4676 ζωῆς,
1401 4607 1476 4670 ὥς
1508 4625 1642 4677 φησι
1662 4651 1677 4673 ,
1717 4611 1798 4662 ὅτι
1841 4613 2028 4664 Κατα·
2061 4605 2102 4660 D
2132 4612 2249 4664 viue

1914 4627 2028 4664 ιτα·
2061 4605 2102 4660 D
2132 4612 2275 4673 viue,
2304 4612 2762 4680 quemadmodum
2805 4613 2920 4682 ipse
2959 4610 3120 4666 dicit:
3177 4611 3427 4665 Descendi
3471 4612 3534 4667 de
3574 4613 3700 4666 cado

530 4760 576 4792 “
611 4761 769 4814 Jaan.
807 4778 844 4825 ι,
872 4761 922 4815 1.

1663 4915 1930 4970 VALESII
1969 4915 2517 4974 ANNOTATIONES.

461 5045 570 5102 non
618 5031 1164 5102 llierosolymitanam
1237 5031 1504 5102 synodum
1553 5031 1778 5102 intelligi
1825 5031 2026 5102 dicam,

463 5101 557 5154 sed
589 5101 750 5155 aliam
805 5101 1161 5182 vetustioreni
1199 5117 1321 5182 qua:
1363 5101 1555 5156 Arium
1597 5101 2027 5182 in_comm_unio-

463 5186 589 5223 nem
615 5171 960 5226 susceperit:
991 5173 1104 5242 jam
1136 5168 1285 5225 enim
1328 5181 1456 5226 ante
1503 5171 1776 5241 synodum
1828 5168 2027 5224 Iliero—

2135 5033 2514 5104 solymitanam
2561 5035 2614 5090 id
2642 5035 2895 5092 fecerunt
2929 5039 3247 5101 Eusebiani.
3280 5050 3419 5095 teste
3459 5040 3700 5095 Athana-

2135 5104 2217 5157 sio
2241 5105 2294 5157 in
2329 5106 2470 5160 libro
2491 5107 2566 5160 De
2597 5107 2839 5177 synodis,
2869 5109 3016 5164 haud
3043 5111 3232 5179 procul
3255 5111 3324 5164 ab
3359 5110 3536 5164 initio.

1905 5326 2209 5384 VARIORU
2217 5329 2264 5382 Μ
2275 5370 2286 5379 .

541 5437 558 5476 ι
588 5438 1024 5508 Πεμαθήκαμεν
1049 5435 1178 5508 γάρ.
1216 5434 1342 5508 [hec
1393 5434 1568 5508 prima
1606 5432 1729 5488 ﬁdei
1764 5433 2030 5508 professio

465 5518 641 5564 exstat
667 5504 810 5580 apud
832 5505 1291 5580 Athanasium_De
1314 5505 1556 5580 synodis,
1591 5511 1648 5557 et
1686 5504 1863 5574 quoad
1875 5519 2030 5580 __sen-

468 5573 951 5639 tentiam—tantum,
977 5577 1118 5646 apud
1142 5573 1597 5646 TheodoretJib.
1625 5573 1711 5637 In,
1723 5589 1842 5646 cap.
1872 5573 1924 5646 5.

537 5657 576 5686 ’³
603 5651 966 5716 Πιστεύομεν
1011 5643 1392 5716 ἢκολοιξθως.
1443 5645 1570 5716 Haac
1619 5644 1857 5716 secunda
1907 5643 2032 5698 ﬁdei

469 5717 699 5772 formula
731 5714 906 5773 exstat
921 5717 1082 5770 etiam
1116 5715 1258 5777 apud
1283 5715 1656 5777 Athanasium,
1692 5714 1884 5769 eodem
1909 5730 2032 5768 cum

469 5731 699 5772 tor-muta
731 5731 906 5773 exstat
921 5731 1082 5770 etiam
1116 5731 1257 5838 apud
1283 5731 1656 5777 Atnanasmm,
1692 5731 1884 5769 eooem
1909 5731 2024 5768 cum

469 5789 754 5856 S'iperiore
781 5790 930 5842 loco:
962 5785 1141 5855 apudl
1174 5785 1388 5838 ilarium
1403 5787 1476 5839 De
1491 5785 2024 5856 synodis,pag.i~lt58,

470 5855 653 5928 quam,
693 5866 828 5913 teste
847 5856 1266 5910 Sozomenolib.
1292 5872 1370 5916 ur,
1396 5871 1516 5925 cap.
1543 5856 1595 5920 5,
1638 5855 2024 5910 aiebantAria-

790 5949 1057 6008 mmor.
1097 5946 1209 6006 (in.
1257 5946 1488 6009 LXVII,

2127 5435 2184 5559 pi
2221 5449 2278 5516 se
2309 5434 2578 5505 reperisse
2615 5438 2876 5509 scriptam
2902 5454 3064 5493 manu
3111 5438 3280 5508 ipsius
3304 5439 3528 5494 Luciani
3559 5457 3708 5496 mar-

2156 5521 2284 5559 vns.

2190 5521 2284 5560 TIS.

2190 5522 2284 5560 ns.

2155 5522 2496 5656 ἶξ-Τέλειον
2521 5578 2589 5656 ἐνί
2617 5577 3146 5656 rs.tslov._'_l‘otidem
3177 5578 3360 5656 verbis
3384 5579 3710 5656 exprimitur

2131 5647 2254 5700 Filii
2318 5648 2600 5715 generatio
2670 5648 2815 5717 apud
2863 5647 3201 5703 Clementem
3254 5647 3708 5712 Alexandrinum,

2133 5717 2413 5786 Paulagog.
2445 5717 2542 5771 lib.
2571 5735 2606 5776 ι,
2628 5733 2746 5786 cap.
2771 5718 2824 5783 6,
2865 5718 3067 5772 τέλειον
3101 5721 3164 5771 ἐκ
3187 5719 3392 5773 τελείου
3418 5721 3589 5787 φύντα
3617 5719 3711 5774 τοῦ

2139 5787 2367 5859 Πατρός.
2407 5788 2490 5840 \V.
2526 5788 2741 5842 Lowrn.

3287 5940 3319 5992 7
