4524 6582
793 473 900 530 2ύῦ

2197 475 2529 531 SUCliz‘i'l'lia

3959 483 4060 538 Sili

796 595 985 644 nonut
1031 587 1253 657 [acerem
1303 584 1629 639 uoluntatem
1681 601 1874 650 meum,
1918 587 2009 639 sed
2051 588 2374 644 voluntatem
2407 602 2446 654 Α
2481 591 2582 644 ﬁli-6‘

2275 599 2374 644 tem
2407 602 2446 654 Α
2481 591 2696 656 ϐέϐηκα
2731 594 2796 645 ἐκ
2829 593 2932 646 τοῦ
2959 594 3241 663 ου’φανοῦ,
3273 593 3387 664 οὐχ
3430 596 3528 650 ἵνα
3561 595 3708 650 ποιῶ
3742 596 3805 650 τὸ
3831 597 4061 666 θέλημα

796 681 908 750 ejus
931 680 1020 750 qui
1044 678 1182 732 misit
1209 677 1368 730 me".
1401 676 1502 743 Qui
1530 692 1726 746 passus
1746 684 1830 731 est
1861 693 1962 747 pro
1990 679 2168 742 nobis,
2205 689 2260 733 et
2285 697 2374 733 re-

795 771 1038 827 surrexit
1064 771 1226 825 tertio
1249 777 1372 840 post
1405 769 1514 832 die,
1539 778 1595 822 ct
1634 770 1884 824 ascendit
1926 771 1982 826 in
2040 773 2259 836 coelum,
2293 788 2380 828 se-

797 865 998 934 detque
1022 863 1089 918 ad
1129 863 1372 918 dextram
1401 861 1600 916 Patris.
1629 863 1698 916 Et
1741 863 1942 917 iterum
1979 871 2247 919 venturus
2293 872 2377 919 est

796 973 920 1013 cum
947 957 1118 1028 gloria
1147 971 1209 1010 ac
1235 966 1526 1027 potestate,
1557 963 1618 1010 ut
1656 956 1867 1026 judicet
1914 958 2068 1011 vivos
2110 973 2174 1012 ac
2226 973 2376 1013 mor-

796 1059 945 1103 tuos.
981 1049 1048 1102 Et
1091 1048 1146 1100 in
1177 1046 1444 1117 Spiritum
1473 1053 1743 1110 sanctum,
1777 1046 1871 1116 qui
1903 1047 2258 1102 credentibus
2283 1047 2381 1103 do-

797 1147 961 1192 natur
980 1137 1044 1192 ad
1081 1138 1511 1193 consolationem
1551 1145 1608 1192 et
1644 1136 2155 1204 sanctiﬁcationem,
2209 1147 2264 1193 et
2309 1140 2377 1194 ad

797 1232 1352 1297 consummationem,
1403 1233 1546 1286 sicut
1593 1240 1645 1285 et
1679 1231 1939 1286 Dominus
1983 1241 2169 1286 noster
2220 1234 2380 1289 Jesus

795 1321 1052 1376 Christus
1074 1320 1339 1391 praecepit
1366 1320 1652 1391 discipulis
1679 1320 1812 1384 suis,
1844 1320 2066 1374 dicens:
2095 1320 2176 1374 Ite
2203 1330 2251 1375 et
2283 1323 2378 1376 do-

797 1423 906 1467 cete
931 1429 1108 1467 omnes
1136 1422 1334 1483 gentes,
1361 1412 1688 1484 baptizantes
1712 1419 1920 1466 cunctos
1947 1413 2000 1465 in
2025 1413 2232 1466 nomine
2268 1412 2378 1468 Pa-

799 1509 915 1572 tris,
945 1516 993 1560 et
1039 1506 1182 1572 Filii,
1220 1515 1270 1560 et
1305 1505 1535 1576 Spiritus
1569 1507 1739 1560 sancti
1767 1506 1848 1559 "z
1899 1506 2093 1570 Patris,
2135 1506 2377 1576 inquam,

798 1617 928 1656 vere
949 1601 1164 1666 Patris;
1197 1607 1255 1655 et
1296 1599 1419 1654 Filii
1445 1614 1575 1655 vere
1626 1599 1790 1664 Filii;
1825 1606 1882 1653 et
1922 1597 2160 1668 Spiritus
2202 1600 2378 1656 sancti

798 1705 992 1746 revera
1040 1689 1278 1759 Spiritus
1319 1687 1525 1743 sancti:
1574 1686 1649 1741 ita
1687 1694 1749 1741 ut
1799 1686 1915 1742 haec
1958 1688 2224 1744 vocabula
2271 1704 2381 1744 non

798 1781 911 1836 sint
933 1779 1081 1837 nuda
1102 1786 1159 1835 et
1183 1780 1300 1834 sine
1326 1793 1385 1833 re
1412 1777 1702 1842 vocabula,
1739 1777 1837 1832 sed
1862 1793 1985 1849 quae
2003 1786 2256 1834 accurate
2284 1794 2379 1834 ex—

797 1872 1042 1942 primant
1081 1871 1361 1942 propriam
1400 1869 1833 1941 uniuscujusque
1882 1885 2193 1940 personam,
2234 1871 2382 1927 ordi-

2484 683 2546 736 rd
2578 685 2742 753 ἐμὶν,
2767 685 2924 740 ἀλλὰ
2955 685 3021 738 τό
3049 686 3277 756 θέλημα
3305 685 3412 741 τοῦ
3440 688 3790 758 πέμψαντός
3824 706 3916 758 με.
3955 691 4059 742 Τὸν

2486 777 2722 828 παθόντα
2754 776 2894 848 ὑπὲρ
2931 777 3106 848 ἡμῶν,
3141 779 3234 831 καὶ
3265 779 3574 834 ἀναστάντα
3618 781 3760 852 ὑπὲρ
3791 782 3946 853 ημῶν
3991 785 4059 854 τῇ

2482 867 2644 940 τρίτῃ
2669 867 2873 940 ἡμέρᾳ,
2908 869 3002 921 καὶ
3037 869 3327 922 ἀνελθόντα
3357 873 3438 934 εἰς
3465 872 3746 942 οὐρανοὺς,
3780 875 3875 926 καὶ
3925 874 4060 926 καθ-

2485 960 2711 1014 εσθέντα
2737 962 2794 1013 ἐν
2835 960 2986 1033 δεξιᾷ
3027 961 3122 1015 τοῦ
3169 963 3382 1035 Πατρός
3403 979 3418 996 ο
3449 966 3545 1018 καὶ
3586 963 3746 1018 πάλιν
3769 949 4062 1037 ἐρχόμενον

2487 1052 2624 1120 μετά
2643 1051 2802 1123 δόξης
2823 1053 3233 1125 καὶδυνάμεως,
3257 1057 3439 1126 κρῖναι
3463 1054 3670 1120 ζῶντας
3691 1056 3786 1109 καὶ
3809 1056 4056 1128 νεκρούς.

2485 1145 2593 1197 Kal.
2617 1146 2696 1208 εἰς
2725 1144 2784 1198 τὸ
2821 1145 3040 1214 Πνεῦμα
3071 1145 3131 1198 τὸ
3163 1146 3335 1214 ἅγιον,
3368 1147 3428 1200 τὸ
3475 1149 3555 1211 είς
3593 1149 3936 1220 παράκλησιν
3967 1149 4060 1202 καὶ

2484 1237 2772 1306 ἁγιασμδν,
2807 1238 2902 1290 καὶ
2933 1239 3010 1301 είς
3049 1237 3329 1291 τελείωσιν
3363 1241 3475 1302 τοῖς
3524 1239 3858 1294 ’πιστεύουσι
3916 1241 4057 1295 διδό-

2488 1341 2666 1395 μενονο
2687 1327 2870 1393 καθὼς
2894 1329 2988 1380 καὶ
3010 1331 3037 1381 ό
3063 1329 3267 1400 Κύριος
3297 1330 3454 1400 ἡμῶν
3496 1328 3700 1402 Ἰησοῦς
3728 1333 3961 1404 Χριστὸς
3981 1333 4058 1386 δι-

2485 1418 2710 1484 ετάξατο
2729 1423 2843 1483 τοῖς
2866 1420 3132 1492 μαθηταῖς
3148 1423 3340 1492 λέγων·
3355 1425 3749 1492 Πορευθέντες
3759 1447 3763 1451 ί
3765 1430 4059 1496 μαθητεύ-

2484 1524 2632 1565 σατε
2668 1509 2864 1564 πάντα
2887 1513 2960 1566 τὰ
3001 1513 3168 1582 ἔθνη,
3201 1515 3593 1584 ,βαπτίζοντες
3625 1519 3846 1586 αὐτοὺς
3881 1522 3969 1585 εἰς
3993 1523 4058 1574 τὸ

2487 1603 2674 1672 ὄνομα
2734 1602 2843 1657 τοῦ
2885 1604 3142 1704 Πατρός,
3185 1607 3284 1659 καὶ
3318 1609 3421 1663 τοῦ
3449 1609 3602 1674 me,
3631 1599 3858 1665 καὶτοῦ
3885 1613 4056 1682 ἁγίου

2485 1695 2830 1764 Πνεύματος
2857 1711 2872 1727 ο
2901 1695 3060 1765 δῆλον
3092 1697 3175 1750 ὅτι
3205 1695 3419 1768 Πατρδς
3447 1701 3715 1773 ἀληθινῶς
3749 1702 3901 1767 ὄντος
3947 1705 4058 1756 Πα-

2487 1783 2645 1855 τρὸς,
2669 1787 2763 1838 καὶ
2787 1785 2919 1839 Υίοῦ
2947 1786 3217 1858 ἀληθινῶς
3257 1790 3387 1844 Υίοῦ
3417 1791 3588 1858 ὄντος,
3620 1794 3715 1846 καὶ
3741 1795 3879 1847 Πνεύ
3890 1812 4058 1864 ματος

2489 1875 2643 1944 άγίου
2677 1877 2892 1950 ἀληθῶς
2912 1880 3064 1944 ὄντος
3092 1881 3408 1953 Πνεύματος
3439 1884 3593 1954 ἀγίου
3615 1901 3628 1915 '
3660 1885 3766 1942 τῶν
3786 1887 4058 1957 ὀνομάτων

799 1981 926 2019 nem
981 1980 1045 2019 ac
1102 1963 1372 2033 gloriam:
1428 1963 1567 2018 adeo
1608 1971 1670 2018 ut
1710 1964 1962 2034 personis
2004 1963 2225 2033 quidem
2279 1972 2387 2019 tres
2420 1965 2461 2025 Β
2487 1967 2585 2038 οὐχ

2279 1972 2387 2019 tres
2420 1965 2461 2025 Β
2487 1967 2585 2038 οὐχ
2613 1967 2820 2034 ἁπλῶς,
2847 1969 2968 2022 οὐδὲ
2989 1971 3176 2040 ἀργῶν
3200 1973 3490 2042 κειμένων,
3517 1975 3651 2029 ἀλλὰ
3685 1979 4056 2047 σημαινόντων

807 2058 956 2123 sint,
993 2071 1263 2112 consensu
1294 2062 1476 2110 autem
1517 2070 1679 2109 unus.
1732 2055 1885 2109 llanc
1922 2054 2088 2125 igitur
2139 2062 2389 2110 tenentes

798 2148 964 2203 ﬁdem
987 2162 1169 2204 coram
1184 2147 1296 2201 Deo
1325 2153 1382 2202 et
1401 2159 1583 2201 coram
1600 2145 1840 2211 Christo,
1865 2159 2082 2200 onmem
2105 2145 2388 2201 haeretico-

803 2261 928 2301 rum
955 2244 1270 2315 dogmatum
1315 2243 1733 2314 perversitatem
1782 2241 2129 2297 anathemate
2165 2241 2389 2297 damna-

801 2353 944 2392 mus.
986 2337 1055 2391 Et
1093 2335 1140 2391 si
1167 2334 1292 2406 quis
1321 2341 1512 2392 contra
1559 2350 1748 2390 sanam
1788 2342 2106 2406 rcctamque
2141 2335 2389 2408 Scriptu-

801 2444 988 2485 rarum
1035 2427 1197 2482 ﬁdem
1231 2426 1499 2493 docuerit,
1539 2436 1754 2498 tempus
1794 2433 1890 2483 aut
1954 2427 2214 2483 saeculum
2266 2443 2388 2484 esse

799 2523 888 2578 vel
941 2521 1108 2576 fuisse
1138 2519 1456 2591 priusquam
1499 2519 1671 2575 Filius
1707 2519 2042 2592 gigneretur,
2092 2521 2386 2576 anathema

803 2623 943 2670 esto.
991 2613 1047 2670 Si
1083 2614 1208 2684 quis
1250 2613 1452 2669 dixerit
1505 2612 1703 2667 Filium
1751 2620 2064 2668 creaturam
2126 2621 2385 2684 tanquam

803 2723 968 2761 unam
995 2723 1062 2761 ex
1091 2707 1382 2772 creaturis,
1413 2705 1498 2761 vel
1539 2721 1761 2776 germen
1789 2713 2050 2776 tanquam
2099 2722 2268 2761 unum
2319 2722 2386 2762 ex

804 2799 1162 2870 germinihus,
1193 2806 1249 2852 et
1276 2812 1385 2852 non
1429 2796 1641 2867 singula
1686 2795 1979 2866 protulerit
2025 2795 2170 2851 sicut
2215 2810 2385 2852 sacra:

806 2892 1105 2962 Scriptura:
1136 2889 1516 2954 tradiderunt;
1553 2895 1650 2944 aut
1686 2889 1732 2944 si
1771 2888 1895 2960 quis
1942 2887 2094 2944 aliud
2136 2888 2386 2944 docuerit

807 2986 891 3040 vel
920 2983 1398 3055 evangelizaverit,
1424 2990 1624 3054 praeter
1649 2982 1704 3039 id
1733 2981 1880 3054 quod
1908 2981 2238 3052 accepimus,
2257 2997 2386 3037 ana-

813 3077 992 3130 thema
1022 3083 1162 3130 esto.
1182 3075 1296 3130 Nos
1327 3074 1473 3129 enim
1494 3074 1708 3128 cunctis
1741 3088 1863 3143 quae
1902 3072 1957 3126 in
1999 3071 2200 3128 divinis
2238 3072 2386 3128 Scri-

810 3168 987 3239 pturis
1002 3175 1114 3222 tum
1143 3182 1174 3221 a
1200 3165 1482 3238 prophetis
1512 3174 1627 3220 tum
1648 3165 1716 3221 ab
1732 3164 1994 3235 apostolis
2014 3164 2212 3220 tradita
2234 3171 2382 3231 sunt,

810 3261 923 3331 39
968 3275 1096 3314 vere
1139 3266 1196 3314 et
1239 3258 1491 3330 religiose
1528 3257 1806 3313 credimus
1845 3263 2008 3326 atque
2059 3255 2378 3311 insistimus.

813 3318 1137 3421 lvlu'jusmodi
1164 3356 1293 3404 sunt
1316 3318 1444 3404 fidei
1465 3347 1834 3418 expositiones
1868 3318 1938 3400 ab
1969 3344 2243 3416 episcopis
2287 3343 2380 3415 qui
2409 3318 2451 3376 θ

814 3442 1117 3498 Antiochia:
1143 3445 1534 3503 convenerant,
1565 3437 1922 3508 promulgatae
1947 3453 1958 3488 :
1992 3435 2195 3506 quibus
2216 3435 2382 3490 etiam

813 3533 1106 3604 Gregorius
1129 3532 1258 3587 licet
1286 3530 1669 3586 Alexandriam
1698 3528 1941 3582 nondum
1971 3526 2250 3598 ingressus
2295 3542 2384 3582 es-

817 3636 920 3691 set,
969 3633 1152 3680 tamen
1195 3634 1261 3680 ut
1302 3625 1593 3695 episcopus
1643 3619 2003 3684 Alexandriae,
2040 3619 2382 3694 subscripsit.

819 3723 884 3774 iit
911 3721 1154 3792 synodus
1186 3719 1408 3789 quidem
1445 3717 1559 3772 illic
1595 3723 1723 3770 tunc
1757 3713 2016 3783 temporis
2041 3721 2386 3784 congregata,

820 3814 904 3868 his
954 3814 1117 3868 rebus
1163 3811 1348 3883 gestis,
1398 3818 1453 3863 et
1496 3807 1824 3879 quibusdam
1870 3814 2134 3876 praeterea
2183 3805 2387 3875 regulis

818 3907 1154 3970 constitutis,
1189 3904 1460 3959 discessit.
1494 3901 1697 3957 Eodem
1729 3916 1860 3954 vero
1891 3907 2133 3968 tempore
2155 3896 2388 3967 contigit

823 4011 880 4055 ut
924 4015 1060 4069 resp.
1094 3999 1258 4053 etiam
1293 3996 1624 4050 turbaretur.
1654 3993 1786 4048 Nam
1816 3990 2147 4046 Francorum
2176 4003 2307 4059 gens
2334 3988 2389 4042 in

818 4093 1016 4146 tiallias
1046 4091 1351 4162 irruptione
1396 4087 1555 4152 facta,
1592 4087 1962 4140 Romanorum
2001 4096 2160 4152 agros
2213 4087 2392 4135 vasta-

821 4187 914 4239 vit.
950 4186 1006 4239 in
1036 4183 1274 4240 Orientis
1297 4197 1427 4237 vero
1458 4179 1708 4252 partibus
1729 4192 1828 4248 per
1856 4175 1999 4230 idem
2028 4182 2242 4244 tempus
2268 4189 2390 4244 gra-

821 4278 1026 4332 \is;imi
1060 4286 1219 4333 terrae
1242 4286 1422 4331 motus
1457 4275 1642 4339 fuere;
1675 4287 1740 4326 ac
1759 4269 2033 4341 praecipue
2062 4267 2386 4332 Antiochiae,

821 4388 938 4440 qtlzL‘
962 4386 1103 4425 anno
1126 4370 1336 4440 integro
1365 4365 1641 4422 continuis
1671 4371 1827 4420 terrae
1855 4359 2097 4416 motibus
2125 4375 2389 4414 concussa

821 4472 922 4516 “si.

894 4623 934 4651 "'
965 4621 1118 4674 Joan.
1148 4638 1216 4682 vr,
1248 4618 1333 4671 58.
1412 4618 1458 4648 "
1495 4616 1684 4672 Matth.
1712 4631 1893 4680 xxvm,
1922 4614 2007 4669 19.

2491 2059 2732 2127 ἀκριϐῶς
2771 2060 2869 2132 τὴν
2902 2061 3042 2116 ίδίαν
3073 2064 3303 2118 ἑκάστου
3334 2065 3442 2120 τῶν
3474 2068 3888 2139 ὀνομαζομένων
3925 2071 4056 2122 67:?-

2492 2150 2681 2204 στασίν
2714 2168 2772 2204 τε
2791 2153 2900 2206 καὶ
2925 2152 3081 2218 δόξαν
3109 2155 3208 2210 καὶ
3230 2155 3402 2222 τάξιν,
3424 2153 3507 2222 ’ὡς
3536 2155 3672 2212 εἶναι
3697 2164 3760 2231 τῇ
3790 2161 3889 2230 μὲν
3919 2161 4049 2214 ὑπο-

2490 2241 2677 2295 στάσει
2706 2243 2850 2314 τρία·
2885 2247 2950 2315 τῇ
2981 2246 3037 2299 δὲ
3073 2248 3359 2320 συμφωνία
3383 2249 3460 2302 ἓν.
3487 2249 3700 2322 Ταύτην
3729 2249 3820 2305 οὖν
3850 2253 4057 2323 ἔχοντες

2485 2332 2584 2405 τὴν
2615 2333 2794 2386 πίστιν
2815 2334 2969 2404 (Μ’),
3000 2337 3228 2392 ἐνώπιον
3262 2338 3353 2392 τοῦ
3385 2340 3517 2394 Θεοῦ
3553 2343 3647 2395 καὶ
3679 2343 3770 2395 τοῦ
3799 2344 4055 2415 Χριστοῦ,

2487 2425 2667 2477 πᾶσαν
2704 2425 2987 2497 αἱρετικὴν
3038 2427 3510 2499 ἀναθεματίζομεν
3563 2432 3900 2499 κακοδοξίαν.
3952 2435 4055 2488 Καὶ

2469 2515 2540 2568 ἐἷ
2564 2533 2647 2580 τις
2676 2515 2824 2587 παρὰ
2851 2517 2948 2586 τὴν
2976 2519 3104 2588 ὑγιῆ
3150 2520 3257 2574 τῶν
3286 2521 3517 2594 Γραφῶν
3549 2524 3714 2597 ὀρθὴν
3759 2526 3940 2581 πίστιν
3979 2527 4052 2581 δι-

2485 2606 2673 2662 δάσκει
2706 2609 2900 2679 λέγων,
2945 2612 2977 2684 ἦ
3010 2612 3257 2684 καιρδνῆ
3287 2614 3457 2669 αἰῶνα
3507 2612 3704 2690 εἶναιῆ
3740 2620 4054 2687 γεγονέναι⁹

2491 2699 2598 2772 πρὸ
2624 2699 2719 2753 τοῦ
2748 2701 2840 2754 τὸν
2883 2701 3009 2756 Υἰὺν
3042 2703 3134 2757 τοῦ
3166 2704 3298 2758 Θεοῦ
3331 2707 3464 2777 (95),
3483 2708 3737 2780 ἀνάθημα
3763 2711 3922 2766 ἔστω.
3951 2713 4057 2766 Καὶ

2487 2796 2644 2860 εἴτις
2669 2794 2817 2865 λέγει
2848 2795 2940 2850 τὸν
2965 2796 3094 2850 Υίδν
3127 2799 3334 2870 κτίσμα
3371 2799 3447 2863 ὼς
3487 2799 3546 2852 ἓν
3574 2801 3683 2854 τῶν
3715 2803 4054 2873 κτισμάτων,

2488 2886 2522 2957 ἢ
2555 2887 2800 2958 γέννημα
2819 2889 2893 2953 ὡς
2918 2888 2976 2942 ἓν
3001 2888 3109 2943 τῶν
3128 2891 3500 2962 γεννημάτων,
3525 2892 3617 2946 καὶ
3637 2893 3716 2963 μὴ
3740 2892 3813 2956 ὡς
3839 2896 3894 2947 al
3917 2893 4054 2949 θεῖαι

2466 2977 2697 3050 Τραφαὶ
2713 2979 3122 3052 παραδεδώκασι
3137 2981 3244 3034 τῶν
3261 2984 3672 3054 προειρημένων
3690 2984 3894 3037 ἕκαστα
3921 2983 4051 3056 (96)·

2487 3075 2522 3144 ἢ
2555 3074 2609 3128 εί
2628 3091 2714 3139 τις
2744 3074 2872 3130 ἄλλο
2921 3075 3164 3130 διδάσκει
3193 3075 3227 3147 ἢ
3257 3077 3668 3145 εὐαγγελίζεται
3702 3077 3831 3148 παρ’
3863 3079 3890 3131 ὃ
3919 3097 4059 3149 παρ-

2481 3164 2768 3238 ελάϐομεν,
2811 3166 3058 3238 ἀνάθεμα
3089 3167 3248 3221 ἔστω.
3300 3168 3492 3238 Ἡμεῖς
3517 3169 3625 3238 γάρ
3659 3171 3792 3223 πᾶσι
3839 3173 3953 3234 τοῖς
3987 3174 4050 3223 ἐκ

2487 3256 2594 3311 τῶν
2616 3256 2775 3312 θείων
2797 3258 3029 3330 Γραφῶν
3060 3258 3533 3331 παραδεδομένοις,
3566 3260 3669 3314 ὑπό
3694 3277 3753 3314 τε
3785 3262 3891 3314 τῶν
3923 3279 4054 3327 προ-

2484 3349 2668 3420 φητῶν
2689 3352 2782 3403 καὶ
2807 3350 3138 3416 ἀποστόλων,
3160 3350 3425 3422 ἀληθινῶς
3439 3358 3498 3404 τε
3527 3353 3619 3404 καὶ
3640 3353 3894 3423 ἐμφανῶς
3921 3353 4055 3424 (97),

2486 3443 2581 3497 καὶ
2619 3442 2946 3514 πιστεύομεν
2973 3444 3068 3496 καὶ
3115 3444 3535 3514 ἀκολουθοῦμεν.
3578 3445 3836 3499 Τοιαῦται
3872 3446 3969 3516 μὲν
4001 3449 4053 3500 αἱ

2484 3533 2592 3587 τῶν
2609 3535 2665 3586 ἐν
2695 3533 2993 3605 Ἀντιοχείᾳ
3010 3534 3132 3588 τότε
3162 3534 3524 3588 συνελθόντων
3551 3534 3676 3606 περὶ
3700 3536 3796 3606 τῆς
3823 3537 4054 3599 πίστεως

2488 3625 2734 3690 ἐκθέσεις
2781 3626 3058 3695 ἐγένοντο·
3113 3623 3200 3691 αἶς
3250 3628 3344 3681 καὶ
3399 3629 3700 3701 Γρηγόριος
3739 3631 3905 3700 μήπω
3956 3631 4055 3700 τῆς

2500 3716 2906 3789 Ἀλεξανδρείας
2937 3718 3152 3786 ἐπιϐὰς,
3195 3720 3270 3784 ὡς
3301 3720 3598 3784 ἐπίσκοπος
3625 3720 3794 3790 αὐτῆς
3848 3720 4052 3774 καθυπ-

2483 3809 2708 3880 έγραψε.
2734 3810 2846 3864 Καὶ
2869 3811 2902 3882 ἡ
2937 3811 3034 3881 μὲν
3065 3812 3182 3864 ἐκεῖ
3203 3811 3324 3864 τότε
3351 3812 3617 3882 γενομένη
3641 3813 3854 3876 σύνοδος
3883 3813 4053 3868 ταῦτα

2489 3901 2742 3974 πράξασα
2763 3943 2778 3968 ,
2813 3903 2908 3957 καὶ
2938 3903 3071 3958 ἄλλα
3101 3905 3222 3957 τινὰ
3246 3905 3656 3976 νομοθετήσασα
3688 3905 3926 3976 διελύθη.
3968 3907 4053 3958 Ἐν

2483 3993 2540 4048 δὲ
2562 3994 2696 4064 τῷδε
2725 3993 2803 4064 τῷ
2823 3997 2998 4066 χρόνῳ
3025 3995 3120 4049 καὶ
3155 3995 3225 4049 τὰ
3260 3997 3493 4068 δημόσια
3524 3997 3818 4068 πράγματα
3860 3997 4052 4068 συνέϐη

2485 4087 3080 4158 ταράσσεσθαι.”Εθνος
3099 4088 3148 4141 οἳ
3165 4089 3405 4160 Φράγκοι
3425 4097 3451 4127 ο
3475 4089 3783 4154 καλοῦνται,
3803 4091 4052 4160 τοῖςπερὶ

2494 4179 2724 4234 Γαλλίαν
2759 4180 3083 4254 κατέτρεχον
3133 4182 3445 4252 Ῥωμαίοις.
3497 4181 3583 4236 Ἐν
3611 4182 3791 4252 ταύτῷ
3843 4182 3929 4243 δὲ,
3963 4181 4051 4234 καὶ

2496 4271 2711 4340 σεισμοὶ
2735 4271 2980 4342 μέγιστοι
3009 4273 3069 4326 ἐν
3095 4276 3162 4344 τῇ
3203 4271 3343 4344 Ἐᾠᾳ
3362 4273 3605 4340 ἐγένοντο
3625 4289 3638 4303 ·
3670 4272 3898 4343 μάλιστα
3933 4271 3988 4325 δὲ
4020 4273 4053 4340 ἡ

2507 4362 2798 4433 Ἀντιόχεια
2843 4363 2954 4436 (98)
2986 4364 3077 4418 ἐπὶ
3109 4363 3353 4420 ἐνιαυτὸν
3380 4363 3496 4419 ὅλον
3527 4364 3748 4418 ἐσείετο.

1564 4806 1568 4809 ι
2027 4729 2296 4787 VALESII
2335 4729 2882 4790 ANNOTATIONES.

895 4826 1023 4902 (tl-1‘)
1062 4820 1418 4902 Ταιξτιπῂοὗν
1442 4825 1685 4902 ἔχοντες
1707 4823 1820 4902 ei}?
1851 4825 2078 4902 πίστιν.
2117 4822 2246 4902 Post
2286 4820 2401 4902 haec
2431 4825 2479 4885 D
2505 4821 2611 4878 Sed
2633 4839 2681 4902 ηε

2286 4820 2401 4902 haec
2431 4825 2479 4885 D
2505 4821 2611 4878 Sed
2633 4833 2822 4902 nostra
2853 4824 3015 4879 lectio
3039 4821 3209 4902 magis
3226 4820 3419 4891 placet,
3443 4822 3809 4902 quippini-[ure
3832 4824 4057 4902 pnrepiiis

824 4891 990 4949 verba
1029 4895 1171 4965 apud
1204 4896 1563 4948 Athanasium
1623 4893 1678 4946 in
1734 4893 1876 4965 libro
1900 4895 1975 4949 De
2032 4891 2274 4965 synodis,
2303 4892 2400 4965 ubi

827 4968 940 5020 lucc
965 4961 1196 5020 formula
1223 4965 1346 5019 ﬁdei
1383 4966 1637 5028 refertur,
1659 4964 1938 5018 adduntur
1964 4961 2087 5028 ista,
2115 4962 2205 5015 καὶ
2225 4961 2282 5032 ἐξ
2314 4962 2404 5032 ἀρε

829 5039 931 5107 χής
956 5039 1048 5090 καὶ
1074 5038 1232 5106 μέχρι
1265 5036 1454 5107 τέλους
1475 5035 1708 5107 ἔχοντες,
1738 5050 1859 5107 qua:
1891 5044 2042 5090 certe
2080 5031 2258 5107 omitti
2287 5047 2398 5107 non

827 5102 1326 5163 debueranthanc
1376 5102 1619 5160 Hilarius
1670 5104 1725 5159 in
1757 5102 1899 5160 libro
1923 5107 1999 5160 De
2037 5102 2281 5175 synodis,
2307 5102 2400 5175 ubi

2503 4893 2726 4949 accedat
2758 4894 2824 4948 ad
2853 4909 3074 4949 sensum
3098 4893 3446 4958 Arianorum,
3500 4894 3593 4963 qui
3622 4893 3812 4946 Filium
3856 4895 3949 4947 Dei
3977 4896 4053 4948 l'a-

2500 4971 2648 5018 ctum
2673 4979 2796 5018 esse
2819 4963 3092 5018 dicebant.

2571 5032 2681 5104 (96)
2713 5033 2834 5088 Τῶν
2876 5032 3314 5104 προειρημένων
3344 5033 3589 5088 ἕκαστα.
3630 5033 3814 5089 Codex
3853 5033 4056 5088 Leonis

2497 5101 2682 5158 All‘atii
2718 5104 2981 5173 scriptum
3009 5103 3174 5156 habet
3205 5102 3451 5157 ἕκαστον.
3477 5104 3808 5159 Athanasius
3849 5121 3978 5157 vero
4005 5106 4056 5156 in

829 5181 968 5233 hanc
1003 5177 1290 5232 formulam
1317 5176 1509 5231 Latine
1557 5175 1977 5246 interpretatur,
2012 5171 2203 5230 eadem
2233 5171 2400 5227 habet
2498 5173 2594 5227 lib.

2272 5171 2400 5227 abet
2498 5173 2594 5227 lib.
2622 5171 2947 5246 Desynodis
2995 5174 3163 5228 habet
3198 5173 3424 5228 ἕκαστον
3455 5175 3544 5243 ἀφ’
3605 5176 3853 5238 ἑκάστου,
3913 5176 4055 5243 quod

828 5251 1016 5303 verba.

903 5321 1010 5382 (92$)
1049 5316 1164 5385 Πρὸ
1215 5319 1424 5370 τούτου
1474 5317 1608 5371 υἱὸν
1646 5317 1750 5370 τοῦ
1795 5316 1969 5370 Θεοῦ.
1999 5314 2154 5369 llunc
2204 5313 2386 5366 locum

831 5391 1044 5444 correxi
1075 5405 1141 5444 ex
1164 5387 1350 5443 codice
1379 5388 1714 5449 Florentino,
1738 5387 1792 5440 in
1829 5402 1937 5456 quo
1959 5386 2222 5455 scriptum
2253 5391 2336 5436 est
2369 5401 2382 5436 :

834 5461 938 5522 πρὸ
965 5460 1057 5512 τοῦ
1083 5459 1171 5512 τὸν
1205 5459 1328 5511 Υίὸν
1353 5489 1356 5492 ~
1381 5461 1472 5512 τοῦ
1492 5458 1644 5512 Θεοῦ.
1700 5456 2147 5515 Subaudiendum
2199 5461 2381 5508 autem

834 5541 916 5585 est
962 5530 1188 5584 verbum
1249 5529 1546 5597 γεγονέναι,
1607 5528 1750 5598 quod
1804 5527 2096 5596 przeccssit.
2127 5523 2382 5598 ln_libro

835 5601 1114 5656 Athanasii
1139 5601 1215 5655 De
1241 5594 1460 5672 Sy'nodis
1497 5594 1699 5671 legit-ur
1725 5618 1735 5651 :
1774 5594 1877 5668 πρὸ
1911 5598 2002 5649 τοῦ
2030 5594 2378 5666 γεννηθῆναι.

2497 5258 2607 5298 non
2635 5231 2902 5313 intelligo.

2565 5313 2676 5383 (97)
2723 5314 3030 5378 Ἀληθινῶς
3059 5313 3154 5367 καὶ
3184 5314 3476 5382 ἐμφανῶς.
3507 5314 3564 5368 1η
3594 5314 3779 5368 codice
3800 5314 3982 5368 Allatii
4007 5324 4056 5368 et

2493 5384 2637 5455 apud
2667 5384 3021 5438 Athanasium
3063 5385 3262 5454 legitur
3292 5385 3384 5436 καὶ
3421 5385 3690 5452 ἐμφόὸως.
3733 5385 3808 5439 Ita
3845 5401 4059 5455 quoque

2490 5453 2623 5524 legit
2649 5455 2909 5524 Hilarius.
2935 5453 3286 5510 Vertit’enim
3312 5470 3432 5507 vere
3463 5464 3511 5507 et
3543 5473 3658 5509 cum.
3682 5457 3889 5508 timore.

2563 5524 2674 5595 (98)
2703 5523 2979 5578 Μάλιστα
3028 5526 3095 5576 δὲ
3128 5525 3166 5589 ἡ
3207 5526 3549 5595 Ἀντιόχεια.
3613 5527 3725 5579 lmo
3773 5525 4059 5579 Antiorln'l

2487 5594 2708 5664 speciali
2770 5595 3005 5664 quodam
3053 5594 3338 5665 privilegio
3392 5595 3652 5651 immunis
3705 5595 3809 5649 fuit
3857 5595 3926 5648 ab
3961 5596 4062 5648 lim:

2264 5749 2621 5807 V'ARIORUM
2631 5792 2642 5804 .

907 5894 934 5918 ι
976 5883 1042 5933 02'
1079 5877 1346 5947 (Ιιοίὶγκοι.
1385 5876 1574 5931 Franci
1605 5895 1636 5930 (ι
1690 5875 1970 5929 Constante
2005 5873 2304 5944 pertimuit-5;
2342 5879 2388 5922 τ’(

846 5975 887 6006 τι
918 5971 932 5998 ι
970 5970 1082 6003 rum
1120 5952 1186 6002 eis
1218 5950 1374 6018 facta.
1405 5948 1582 6004 Multa:
1603 5948 1825 6002 Ori-vrli-e
1865 5947 2001 5996 ιιι-ἔνης
2057 5957 2208 5996 t'rm'
2241 5952 2378 5994 εηυθξί

2495 5869 3131 5964 horribili,remittet-unt.
3173 5869 3534 5941 Hieronymus
3586 5870 3637 5924 in
3665 5870 3961 5936 Chronico,
3998 5871 4060 5924 esi

2491 5958 2660 5991 manus
2699 5941 2759 5992 Μ
2781 5941 2820 5993 ἱ.
2851 5941 2971 5990 ῧῖῗι.
