4524 6582
414 479 518 534 90Ῑὶ

988 562 1237 616 ΚΕΦΑΛ.
1264 561 1375 615 .lA'.

420 665 516 727 Ὠς
572 659 903 727 Γωηοριόυ
966 658 1113 725 μετὰ
1173 653 1370 723 χειρὸς
1429 646 1973 727 οςτρατιῳτικῆς-εῖς

491 720 947 807 Ἃλέξᾶὂῦρειαν
966 720 1375 788 ’κατελθόντος
1395 762 1408 787 ,
1460 720 1810 783 Ἀθανάσιος
1849 720 1989 784 ἐρυ-

500 820 602 856 Ἕν.

478 824 703 945 2|?)an
758 887 1085 959 γινομένων,
1118 885 1212 939 καὶ
1250 883 1551 955 Γρηγόριον
1583 881 1898 951 κατήγαγον
1932 880 1989 931 ὲν

1387 449 1709 503 ιιιδιυῑιιλ
1752 439 2297 493 ιτιζίᾴιήιθᾷὶἒιῆἶΗΛ.
2343 468 2408 475 -—
2449 436 2573 488 LII}.
2625 433 2682 488 ll.

2010 561 2049 612 A

3553 427 3659 482 206

2727 545 2874 600 CAP.
2919 545 3007 599 XI.

2130 644 2397 708 Quomodo
2439 661 2555 696 rum
2606 642 2881 711 Cregdrins
2932 639 3152 694 militari
3204 656 3363 691 manu
3408 638 3633 709 stipatus

2252 715 2635 770 Alexandriam
2659 713 2900 774 venisset,
2938 711 3259 765 Athanasius
3286 711 3495 780 fugerit.

2161 877 2291 931 Post
2315 876 2430 929 haec
2460 874 2723 945 Syrianus
2746 871 2853 927 dux
2876 886 2999 926 cum
3026 885 3269 940 qumque
3293 866 3540 923 millibus
3562 866 3667 920 mi-

426 957 801 1055 Ἀλεξανδρεία
851 957 1108 1052 Συριανός
1138 995 1195 1030 τε
1228 979 1255 1031 ὁ
1297 974 1601 1049 στρατηγὸς
1632 973 1769 1043 (9³)),
1820 971 1914 1024 καὶ
1941 972 1990 1023 οἱ
2092 970 2212 1023 litui

1877 971 1914 1023 ιὶ
1941 972 1990 1023 οἱ
2092 970 2250 1023 litum
2267 975 2622 1032 armatorum,
2665 964 2987 1036 Gregorium
3010 962 3235 1017 deduxit
3260 957 3663 1017 Alexandriam.

421 1081 513 1133 τὺν
546 1074 696 1147 αύτῷ
726 1074 942 1129 ὁπλῖται
968 1070 1318 1143 στρατιῶται,
1354 1066 1588 1140 ἀριθμὸς
1614 1066 1767 1129 ὄντες
1802 1080 1993 1116 πεντα-

423 1172 691 1242 ιιισχίλιοι.
717 1166 1196 1237 Συνελαμϐάνοντο
1230 1162 1285 1216 δὲ
1318 1161 1532 1225 αὐτοῖς,
1556 1160 1648 1211 καὶ
1687 1160 1735 1210 οἱ
1779 1158 1896 1209 ἐκεῖ
1928 1155 1993 1208 τὰ

431 1264 639 1333 Ἀρείου
670 1248 1012 1330 φρονοῦντες.
1049 1257 1236 1319 Ὅπως
1270 1255 1328 1309 δὲ
1370 1252 1686 1314 ’Λθανάσιος
1726 1250 1826 1319 τῆς
1870 1248 1993 1302 Ἐκ-

421 1356 647 1426 κλησίας
666 1350 867 1418 ὲξωθού
876 1368 1055 1421 μενος,
1076 1348 1171 1402 τοῦ
1186 1346 1554 1417 συλληφθῆναι
1570 1342 1731 1397 αὑτὸν
1751 1341 1992 1411 διέφυγε,

420 1447 655 1500 λεκτέον.
703 1442 941 1513 Ἐσπέρα
973 1441 1071 1511 μὲν
1096 1435 1163 1511 ἦν
1217 1439 1316 1509 (1)·
1352 1437 1381 1489 ὁ
1407 1437 1464 1491 δὲ
1489 1435 1616 1499 λαὸς
1648 1434 1994 1504 ὲπαννύχιζε,

421 1536 873 1610 προσδοκωμένης
927 1532 1220 1598 συνάξεως.
1270 1531 1436 1585 Ἥκει
1492 1529 1549 1582 δὲ
1594 1530 1624 1582 ὁ
1668 1526 1995 1599 στρατηγὸς,

422 1631 563 1689 κατὰ
609 1628 864 1701 φάλαγγα
898 1627 1025 1690 τοὺς
1071 1623 1411 1697 στρατιώτας
1459 1620 1627 1689 τάξας
1660 1616 1999 1689 πανταχὸθεν

420 1728 519 1796 τῆς
558 1723 877 1793 ἐκκλησίας.
913 1719 1229 1781 Ἀθανάσιος
1247 1716 1304 1771 δὲ
1334 1715 1595 1788 ἑωρακὼς
1621 1712 1691 1766 τὰ
1715 1712 1997 1783 γινόμενα,

424 1815 679 1887 φροντίδα
707 1813 861 1868 ἔθετο
883 1812 1031 1875 ὅπως
1057 1810 1124 1865 ἂν
1151 1807 1230 1879 τῷ
1258 1806 1374 1878 λαῷ
1408 1805 1671 1878 μηδαμῶς
1692 1804 1865 1876 βλάϐη
1904 1802 1999 1872 γέ-

2092 1064 2371 1132 Quotquot
2420 1070 2604 1116 autem
2659 1059 2864 1116 Ariano
2913 1054 3154 1127 dogmati
3214 1055 3327 1109 illic
3382 1052 3664 1115 favebant,

2095 1153 2365 1208 militibus
2406 1166 2526 1205 sese
2564 1150 2879 1220 adjunxere.
2914 1148 3084 1201 Porro
3112 1161 3220 1216 qua
3259 1145 3468 1199 ratione
3497 1143 3668 1199 Atha-

2097 1244 2308 1307 nasius,
2347 1257 2473 1296 cum
2522 1240 2752 1296 ecclesia
2795 1238 3185 1309 expelleretur,
3235 1251 3433 1290 manus
3474 1250 3669 1290 eorum

2097 1334 2190 1405 qui
2217 1330 2683 1403 comprehendere
2735 1331 2912 1400 ipsum
2954 1328 3229 1390 volebant,
3272 1325 3547 1396 eﬂ‘ugerit,
3582 1325 3667 1380 di-

2099 1424 2331 1480 cendum
2372 1422 2630 1476 arbitror.
2673 1420 2790 1474 Jam
2833 1420 2953 1474 dies
2986 1417 3248 1489 vergebat
3276 1417 3332 1471 in
3359 1432 3665 1487 vesperam,

2099 1524 2156 1570 ct
2192 1515 2425 1585 p0pulus
2452 1512 2507 1566 in
2530 1512 2760 1567 ecclesia
2790 1510 3168 1581 pernoctabat,
3191 1523 3259 1564 eo
3283 1509 3429 1579 quod
3442 1508 3672 1565 collecta
3712 1566 3715 1569 _

2100 1613 2526 1677 exspectaretur.
2565 1603 2724 1659 Venit
2750 1610 2976 1673 repente
3008 1601 3138 1665 dux,
3172 1608 3228 1655 et
3259 1600 3522 1655 instructa
3573 1600 3674 1654 mi-

2101 1700 2263 1755 litum
2295 1698 2418 1753 acie
2468 1697 2758 1753 ecclesiam
2803 1694 3040 1750 obsidet.
3092 1692 3221 1760 Qum
3273 1707 3399 1747 cum
3445 1690 3697 1777 vidisset.

2103 1792 2453 1857 Athanasius,
2481 1804 2702 1860 operam
2747 1788 2899 1843 dedit
2935 1803 3005 1843 ne
3033 1786 3271 1858 populus
3300 1785 3473 1856 ipsius
3512 1798 3677 1862 causa

424 1880 582 1978 νηται
619 1905 685 1960 δι’
728 1904 915 1959 αὐτόν.
964 1901 1075 1955 Καὶ
1123 1899 1435 1971 προστάξας
1478 1897 1714 1969 διακόνῳ
1764 1894 2001 1968 κηρύξαι
2035 1918 2074 1972 Β
2104 1888 2210 1943 dan

1894 1894 2001 1963 ἱεαι
2035 1918 2074 1972 Β
2104 1888 2363 1943 damnum
2388 1886 2560 1941 ullum
2589 1890 2888 1954 pateretur.
2912 1881 3131 1938 Mandat
3158 1882 3324 1953 igitur
3346 1880 3577 1935 diacono
3610 1886 3680 1950 ¹ιιι

426 1997 611 2068 εὐχὴν,
637 1991 791 2058 αὖθις
818 1992 1031 2063 ψαλμὸν
1057 1990 1311 2060 λέγεσθαι
1336 1987 1736 2059 παρεσκεύασε.
1766 1988 2002 2058 Συμφω-

426 2090 547 2152 νίας
579 2088 636 2142 δὲ
672 2090 737 2141 ὲκ
763 2088 863 2154 τῆς
887 2084 1208 2156 ψαλμῳδίας
1237 2081 1538 2153 γενομένης
1564 2122 1579 2147 ,
1616 2081 1703 2136 διὰ
1736 2082 1863 2153 μιᾶς
1891 2080 2002 2134 τῶν

431 2184 617 2239 πυλῶν
643 2186 743 2255 τῇς
784 2179 1080 2252 ἐκκλησίας
1119 2180 1319 2243 πάντες
1349 2176 1596 2249 ἐξῄεσαν.
1630 2176 1831 2230 Τούτου
1858 2192 2004 2243 γινο-

439 2276 605 2347 μένου
634 2317 649 2338 ,
675 2278 724 2329 οἱ
759 2272 1089 2346 στρατιῶται
1122 2271 1393 2342 ἀπόμαχοι
1438 2268 1631 2340 έμενον
1653 2285 1667 2299 ⁸
1697 2270 1726 2322 ὁ
1752 2267 1809 2321 δὲ
1854 2266 2005 2322 Ἀθα-

429 2368 613 2432 νάσιος
640 2369 697 2420 ὲν
733 2366 917 2438 μέσοις
956 2365 1070 2428 τοῖς
1114 2361 1493 2434 ψαλμῳδοῦσιν
1535 2360 1778 2431 ἀϐλαϐὴς
1814 2358 2004 2413 διεσώ-

431 2460 576 2525 ζετο.
606 2459 808 2514 Τοῦτον
837 2458 894 2510 δὲ
929 2456 1021 2510 τὸν
1050 2455 1251 2529 τρόπον
1265 2452 1592 2525 διεκφυγὼν,
1618 2452 1710 2508 ἐπὶ
1735 2453 1835 2523 τὴν
1868 2450 2003 2505 Ῥώ-

435 2569 543 2624 μην
572 2551 863 2623 ἀνέδραμε.
888 2549 999 2604 Καὶ
1030 2546 1331 2620 Γρηγόριος
1366 2546 1465 2618 μὲν
1493 2545 1615 2600 τότε
1644 2544 1745 2615 τῆς
1783 2543 2006 2615 Ἐκκλη-

432 2646 556 2709 nia;
584 2646 908 2718 ἐκράτησεν.
944 2640 1003 2697 ’0
1034 2641 1092 2695 δὲ
1140 2639 1534 2712 Ἀλεξανδρέων
1568 2638 1696 2702 λαὸς
1722 2637 1823 2691 οὐκ
1848 2638 2004 2704 ἐνεγ-

435 2738 621 2802 κόντες
669 2738 733 2790 τὸ
780 2734 1042 2806 γεγονὸς,
1076 2733 1175 2805 τὴν
1224 2731 1565 2802 καλουμένην
1602 2728 1877 2782 Διονυσίου
1918 2728 2010 2780 ἐκ·

437 2830 666 2903 ἠησὶαν
705 2829 1033 2899 ἐνέπρησαν.
1067 2823 1316 2878 Τοσαῦτα
1353 2822 1452 2893 μὲν
1489 2817 1584 2876 οὖν
1628 2820 1758 2889 περὶ
1804 2817 2010 2873 τούτων

436 2919 691 2992 εἰρήσθω.
727 2918 989 2981 Εὐσέϐιος
1008 2917 1069 2971 δὲ
1095 2917 1195 2970 ὅσα
1220 2914 1472 2967 ἐϐούλετο
1501 2911 2008 2983 κατεργασάμενος,

435 3008 851 3082 διεπρεσϐεύετο
881 3017 908 3058 Ρ
935 3006 1074 3080 πρὸς
1133 3004 1352 3059 Ἰούλιον
1385 3006 1460 3074 (‘2)
1487 3003 1579 3056 τὸν
1636 3001 1854 3072 Ῥώμης
1888 3000 2009 3053 ἐπί-

2106 1978 2411 2036 orationem
2438 1976 2641 2048 populo
2676 1975 2959 2039 indiceret,
2986 1974 3282 2045 statimque
3316 1972 3576 2045 praecepit
3612 1979 3674 2027 ut

2108 2071 2349 2142 psalmus
2363 2070 2707 2124 recitaretur.
2724 2067 2861 2123 Cum
2879 2074 3060 2122 autem
3074 2067 3131 2121 in
3146 2066 3467 2121 recitatione
3486 2064 3675 2136 psalmi

2109 2164 2293 2219 suavis
2352 2170 2652 2217 concentus
2713 2161 2882 2216 totius
2939 2158 3312 2217 multitudinis
3355 2158 3677 2222 exstitisset,

2109 2272 2208 2327 per
2248 2270 2415 2311 unam
2449 2271 2517 2310 ex
2548 2254 2795 2309 ecclesiae
2839 2254 3022 2324 jauuis
3056 2266 3246 2306 omnes
3286 2251 3489 2323 egressi
3532 2259 3680 2306 sunt.

2108 2348 2267 2417 Quod
2297 2363 2439 2404 cum.
2478 2346 2655 2411 fieret,
2695 2346 2902 2401 milites
2955 2344 3178 2416 quidem
3226 2344 3397 2414 quieti
3445 2351 3680 2408 stetere;

2110 2442 2440 2500 Athanasius
2462 2457 2595 2497 vero
2640 2442 2695 2496 in
2735 2440 2915 2496 media
2940 2438 3289 2511 psallentium
3324 2438 3481 2494 turba
3510 2438 3685 2495 evasit

2112 2535 2422 2591 incolumis.
2458 2533 2637 2603 Atque
2661 2533 2735 2588 ita
2772 2533 3095 2589 imminente
3119 2533 3368 2605 periculo
3396 2532 3682 2605 liberatus,

2111 2626 2339 2683 Romam
2389 2642 2447 2681 sc
2506 2625 2756 2682 contulit.
2818 2626 2895 2681 Ac
2946 2634 3063 2681 tum
3115 2624 3339 2696 quidem
3390 2624 3685 2703 Gregorius

2110 2720 2528 2776 Alexandrinam
2552 2719 2837 2775 ecclesiam
2865 2718 3171 2789 occupavit.
3213 2716 3456 2789 Populus
3496 2724 3682 2773 autem

2110 2812 2537 2877 Alexandrinus,
2582 2811 2637 2867 id
2684 2810 2832 2882 quod
2878 2814 3090 2881 gestum
3132 2809 3311 2865 fuerat
3354 2809 3687 2880 permoleste

2109 2906 2313 2972 ferens,
2345 2905 2630 2961 ecclesiam
2663 2905 2809 2959 illam
2837 2920 2957 2975 qua:
2984 2903 3227 2976 Dionysii
3249 2902 3471 2969 dicitur,
3496 2902 3687 2959 incen—

2113 2999 2205 3055 dio
2227 2998 2585 3070 consumpsit.
2619 2996 2726 3053 Sed
2756 2996 2824 3052 de
2846 2996 2932 3053 his
2953 2996 3239 3052 hactenus.
3259 2995 3533 3053 Eusebius
3557 3009 3688 3051 vero

1639 3156 1909 3213 VALESII
1946 3153 2497 3213 ANNOTATIONES.

443 3299 603 3345 terra:
657 3292 838 3359 motu.
889 3280 983 3359 Sic
1028 3283 1177 3338 enim
1230 3281 1599 3359 scribitur__in
1646 3280 1869 3359 optimis
1906 3280 2015 3359 illis
2040 3284 2083 3343 (ζ
2115 3278 2478 3359 irruptionem
2513 3276 2913 3359 noctu_falctam
2947 3293 3089 3345 esse,
3123 3292 3236 3359 non
3265 3286 3450 3336 autem
3473 3295 3695 3352 vespere

445 3360 617 3417 l-‘astis
651 3354 1038 3411 consularibus
1068 3368 1207 3421 quos
1236 3352 1340 3407 sub
1373 3352 1529 3407 ldatii
1559 3353 1781 3406 nomine
1829 3352 2014 3421 publi-

446 3432 586 3486 cavit
636 3424 964 3481 Sirmondus
999 3441 1012 3476 :
1044 3422 1357 3478 Marcellino
1385 3433 1432 3476 et
1464 3423 1693 3476 Probino
1740 3439 1869 3475 coss.
1920 3421 2015 3476 His

446 3499 735 3555 consulibus
768 3512 945 3568 pugna
989 3494 1129 3568 facta
1168 3502 1391 3568 ealcum
1429 3503 1582 3568 gente
1624 3492 1952 3546 Francorum
1984 3510 2015 3546 a

446 3572 729 3628 Constante
769 3564 1011 3637 Augusto
1062 3566 1117 3619 in
1161 3564 1369 3620 Galliis.
1420 3564 1500 3619 Eo
1545 3565 1659 3635 ipso
1692 3580 1833 3617 anno
1860 3571 2017 3637 terra

448 3650 615 3696 motus
647 3639 745 3709 fuit
759 3637 842 3709 _ad
866 3636 1251 3709 Orientemper
1275 3642 1441 3709 totum
1454 3652 1669 3709 _annum
1698 3636 2017 3706 prazterAn-

445 3705 710 3767 tiae/aiant.
752 3706 1030 3778 Suspicari
1062 3706 1186 3776 quis
1220 3706 1395 3778 possit
1448 3705 1728 3778 socratem
1769 3714 2018 3778 nostrum

450 3784 549 3838 hos
583 3782 773 3836 Fastos
812 3775 1028 3849 legisse,
1068 3775 1171 3849 nec
1201 3776 1335 3831 satis
1382 3777 1715 3831 intellexisse
1742 3775 1874 3846 quid
1913 3776 2019 3831 sibi

450 3855 652 3909 vellent
688 3848 964 3919 postrema
994 3848 1181 3902 verba.

520 3921 632 3995 (99)
662 3916 951 3995 Συριαγός
994 3934 1059 3971 τε
1110 3922 1143 3972 ό
1181 3917 1531 3995 ιζτρᾳτηγός.
1561 3916 1699 3995 ῌοε.
1719 3917 1841 3995 loco
1872 3925 2022 3995 erra_t

450 3986 870 4061 Socratemqui
910 4005 973 4043 ea
1021 4003 1143 4058 qua:
1194 3986 1337 4061 facta
1394 3996 1524 4042 sunt
1571 3988 1627 4042 in
1684 3986 2023 4061 ὲνθρονισμῷ

451 4063 697 4133 Georgii,
714 4059 1314 4133 confunditAcumillis
1348 4074 1478 4133 quae
1509 4066 1628 4114 acta
1649 4068 1794 4133 sunt
1834 4060 1889 4133 in
1916 4060 2020 4133 ad-

452 4128 622 4189 ventu
672 4131 942 4205 Gregorii.
990 4128 1286 4200 Georgium
1349 4128 1573 4205 quidem
1632 4130 2021 4205 Alexandriam

450 4204 691 4275 deduxit,
735 4200 1016 4275 Sit-ianus,
1070 4210 1132 4255 ut
1165 4208 1411 4275 testatur
1450 4200 1780 4275 Athanasius
1820 4201 1874 4254 in
1902 4201 2024 4271 epi-

454 4276 591 4331 stola
629 4274 696 4329 ad
735 4271 1032 4335 solitarios,
1070 4280 1128 4326 et
1163 4272 1218 4325 in
1254 4271 1602 4342 Apologetico
1634 4271 1700 4325 ad
1728 4272 2023 4341 imperato-

455 4362 568 4401 rcm
594 4343 975 4400 Constantium
1025 4358 1148 4412 pag.
1204 4342 1326 4404 690,
1378 4353 1436 4398 et
1474 4344 1529 4396 in
1572 4342 1926 4411 Apologetico
1956 4342 2024 4397 de

454 4417 579 4487 fuga
610 4431 728 4478 sua,
754 4412 1172 4487 cumUSyrianus
1214 4412 1324 4466 dux
1355 4412 1534 4487 ipsum
1578 4422 2020 4487 persequeretur.

454 4483 657 4541 verum
696 4487 812 4540 haec
856 4484 947 4537 diu
999 4491 1188 4553 postea
1222 4484 1591 4553 contigerunt,
1624 4498 1769 4537 anno
1815 4483 2028 4539 scilicet

455 4556 656 4611 Christi
690 4556 814 4610 “556.
839 4554 1137 4622 Gregorius
1158 4569 1288 4607 vero
1312 4554 1379 4608 de
1405 4570 1513 4623 quo
1536 4555 1625 4608 hic
1644 4553 1890 4623 loquitur
1922 4554 2026 4609 So-

2118 3346 2526 3419 tinotempore,
2570 3358 2630 3403 ut
2654 3350 2731 3404 ait
2762 3346 3034 3405 Socrates.

2191 3421 2265 3493 (Ξ)
2298 3423 2755 3493 (διεπρεσϐεύετο
2805 3420 2956 3488 πρὸς
3003 3420 3276 3493 ’ζούλιοιπ
3332 3420 3435 3493 Hic
3475 3437 3696 3493 quoque

2118 3491 2486 3563 hallucinatur
2518 3491 2770 3563 Socrates
2794 3499 3001 3563 noster.
3032 3491 3402 3563 Nequeenim
3426 3491 3550 3563 post
3582 3491 3697 3548 An-

2120 3562 2401 3617 tiochense
2442 3562 2761 3627 concilium,
2788 3565 2884 3622 sed
2909 3562 3005 3617 diu
3046 3571 3206 3617 antea
3228 3562 3502 3619 Eusebius
3532 3565 3698 3620 Nico-

2119 3633 2662 3704 mediensislegatos
2698 3638 2848 3691 misit
2888 3633 2955 3689 ad
2977 3633 3183 3704 Julium
3216 3648 3433 3704 papam,
3478 3643 3540 3689 ut
3568 3651 3696 3691 eum

2119 3703 2384 3759 adversus
2416 3702 2773 3762 Athanasium
2815 3705 3088 3762 incitaret.
3137 3702 3244 3758 Sed
3276 3702 3400 3758 cum
3433 3705 3585 3761 missi
3629 3707 3699 3761 ab

2118 3774 2416 3847 Athanasio
2466 3776 2772 3847 presbyteri
2830 3778 3038 3847 legatos
3083 3774 3308 3847 Eusebii
3336 3790 3521 3831 coram
3552 3776 3700 3833 Julio

2120 3861 2260 3970 papa
2286 3846 2340 3927 in
2382 3844 3300 3931 omnibus:convicissentttandem
3332 3847 3492 3931 legati
3531 3848 3702 3931 Euse-

2163 3933 2199 3969 ιι
2238 3923 2409 3970 totius
2445 3926 2652 3970 negotii
2686 3920 2948 3970 llldlClllm
2973 3913 3120 3970 Juho
3152 3915 3490 3970 detulerunt.
3520 3918 3702 3970 Julius

2163 3913 2209 3969 ii
2238 3916 2409 3988 totius
2445 3918 2652 3987 negotii
2678 3919 2948 3988 judicium
2973 3913 3120 3971 Julio
3152 3913 3490 3985 detulerunt.
3520 3918 3702 3975 Julius

2124 3986 2479 4061 itaquejnxta
2504 3986 2825 4061 petitionem
2854 3990 3187 4061 legatorum,
3213 3988 3424 4061 litteras
3454 3990 3696 4061 scripsit,

2124 4068 2240 4113 tum
2266 4058 2332 4112 ad
2353 4058 2733 4124 Athanasium,
2763 4069 2880 4115 tum
2920 4058 2993 4113 ad
3029 4058 3328 4112 Eusebium
3359 4067 3416 4114 et
3456 4058 3700 4129 relidnos

2123 4129 2403 4201 Athanasii
2426 4130 2790 4201 adversarios,
2819 4130 3022 4201 quibus
3049 4145 3145 4201 eos
3174 4130 3401 4185 Romam
3422 4131 3491 4186 ad
3521 4137 3699 4187 eccle-

2125 4200 2407 4254 siasticum
2443 4200 2714 4269 judicium
2739 4201 3023 4257 evocabat.
3050 4200 3253 4255 Verum
3271 4202 3388 4255 haec
3410 4210 3539 4257 ante
3564 4218 3701 4257 con-

2125 4270 2311 4344 cilium
2356 4271 2761 4344 Antiochenum
2800 4282 2951 4344 gesta
2981 4280 3223 4344 sunt,_ut
3266 4272 3428 4327 docet
3454 4272 3700 4327 Athana-

2126 4341 2241 4395 sius
2295 4342 2349 4396 iu
2391 4341 2747 4411 Apologetico
2799 4341 3043 4398 secundo
3098 4342 3363 4397 adversus
3421 4344 3656 4398 Arianos
3683 4384 3697 4407 ,

2126 4426 2249 4481 pag.
2279 4412 2382 4467 759
2405 4422 2463 4468 et
2490 4412 2615 4477 74f,
2656 4424 2714 4469 et
2738 4415 2921 4469 Julius
2954 4413 3183 4484 papain
3227 4413 3460 4484 epistola
3485 4414 3553 4470 ad
3580 4415 3701 4484 epi-

2127 4484 2444 4567 scopoanui
2476 4484 2533 4539 in
2569 4483 3215 4567 Antiochen.si_’concilion
3228 4483 3447 4567 fuerant
3472 4483 3703 4567 congre-

2128 4552 2257 4625 gati.
2307 4552 2481 4625 Quam
2526 4556 2813 4625 epistolam
2870 4554 3090 4625 ibidem
3128 4553 3299 4609 refert
3350 4552 3701 4610 Athanasius.

456 4636 659 4709 cra-tes,
689 4626 1071 4709 deductus’cst
1106 4624 1487 4709 Alexandriam
1532 4624 1827 4709 a'llalacio
1864 4624 2024 4709 duce,
2060 4636 2104 4691 ι)
2130 4623 2400 4709 Caeterum
2428 4623 2699 4709 Socratis
2751 4626 2993 4709 narratio
3040 4623 3125 4709 his
3156 4625 3323 4680 etiam
3370 4626 3707 4709 argumentis

457 4706 515 4752 et
545 4697 816 4767 Philagrio
844 4694 1100 4767 praefecto
1114 4693 1353 4767 Aigypti,
1378 4707 1449 4767 ut
1465 4695 1657 4751 scribit
1673 4695 1831 4767 idem
1862 4697 2028 4750 Atha-
2132 4694 2308 4749 refelli
2348 4706 2529 4766 potest
2557 4715 2569 4750 :
2594 4697 2651 4752 Si
2682 4705 2807 4767 post
2846 4696 3216 4751 Antiochense
3264 4693 3557 4767 concilium
3592 4697 3710 4751 haec

460 4769 644 4823 nasius
688 4765 741 4821 iii
780 4766 1010 4837 cpistola
1063 4765 1130 4819 ad
1180 4766 1471 4837 solitarios
1497 4781 1617 4836 pag.
1663 4765 1768 4837 A8175
1814 4777 1871 4821 et
1899 4766 2021 4821 8l6.

461 4838 567 4891 Sed
632 4834 833 4893 corum'
888 4836 1182 4889 adventum
1242 4834 1590 4904 praeveniens
1646 4834 2023 4901 Athanasius,

460 4908 787 4962 Alexandria
815 4906 1083 4978 discessit,
1118 4915 1174 4960 et
1199 4906 1425 4961 Romam
1462 4906 1739 4977 profectus
1778 4915 1883 4972 est,
1917 4923 2026 4978 quo

460 4979 587 5033 Julii
629 4980 785 5047 Papae
819 4977 1016 5047 litteris
1044 4977 1221 5047 fuerat
1249 4988 1527 5031 evocatus.

533 5048 607 5118 (Ι)
664 5043 922 5118 Ἐσπέρα
941 5045 1057 5114 μὲν
1087 5043 1189 5118 ἦν.
1222 5047 1531 5117 Desumpsit
1556 5048 1672 5103 hzec
1694 5048 1945 5103 Socrates
1967 5064 2033 5103 ex

461 5116 741 5172 Athanasii
778 5116 1034 5186 Apologia
1068 5117 1135 5171 de
1169 5116 1292 5185 fuga
1328 5116 1445 5182 sua,
1483 5134 1603 5187 pag.
1647 5119 1769 5181 7l6,
1795 5120 1940 5174 circa
1970 5118 2034 5172 ii—

466 5198 611 5259 tiem.
665 5189 943 5259 Athanasii
985 5188 1153 5241 verba
1184 5197 1313 5242 sunt
1344 5188 1467 5259 haec
1499 5206 1510 5240 :
1543 5187 1654 5252 Νὺξ
1684 5190 1781 5259 μὲν
1802 5191 1909 5258 γὰρ
1935 5190 2033 5259 ἥδη

464 5255 551 5328 ἦν,
601 5260 692 5330 καὶ
728 5258 819 5312 τοῦ
856 5259 983 5330 λαοῦ
1018 5275 1161 5330 τινες
1181 5258 1545 5330 ξὲπαννύχιζον
1575 5255 2036 5330 προσδοκωμένης

469 5329 758 5393 συνάξεως,
799 5339 905 5383 etc.
948 5328 1052 5383 Sed
1096 5338 1152 5383 et
1179 5328 1231 5382 in
1271 5328 1715 5398 ApolOgetico‘ad
1740 5328 2036 5398 imperato-

468 5415 581 5454 rem
614 5401 1015 5465 Constantium,
1064 5399 1350 5455 manifeste
1406 5401 1610 5456 indicat
1656 5401 1795 5456 hanc
1824 5399 2037 5473 Syriani

2131 4775 2281 4834 gesta
2332 4779 2547 4830 essent,
2609 4766 2720 4822 non
2772 4768 2926 4821 solus
2969 4766 3274 4831 Eusebius,
3314 4766 3411 4821 sed
3450 4767 3707 4821 universa

2133 4835 2375 4905 synodus
2414 4837 2739 4907 legationem
2778 4847 2833 4892 ct
2873 4839 3086 4893 litteras
3132 4838 3371 4893 misisset
3400 4838 3468 4893 ad
3503 4838 3710 4893 Juliun;

2131 4921 2346 4975 papam.
2371 4908 2577 4980 Deinde
2610 4909 2906 4963 ridiculum
2949 4924 3176 4978 prorsus
3205 4908 3398 4980 fuisset
3432 4919 3595 4980 atque
3624 4910 3701 4962 in-

2131 4978 2526 5042 verecundum,
2552 4988 2674 5048 post
2706 4995 2822 5034 rem
2844 4980 2896 5032 in
2924 4980 3157 5033 concilio
3181 4979 3477 5046 iudicatam
3510 4978 3578 5033 et
3613 4994 3711 5032 ex—

2130 5049 2399 5128 secutioni
2443 5050 2772 5128 mandatam,
2811 5050 2967 5128 pulso
2990 5051 3099 5120 jam
3130 5049 3545 5128 Athanasio,_e_t
3573 5049 3710 5128 Gre-

2133 5120 2288 5185 gorio
2326 5120 2379 5173 in
2425 5120 2544 5185 ejus
2569 5121 2750 5175 locum
2785 5121 3103 5179 substituto.
3130 5122 3369 5175 scribere
3405 5121 3473 5175 ad
3504 5121 3709 5175 Julium

2134 5196 2197 5241 ut
2237 5190 2563 5262 judexiipse
2612 5206 2737 5246 esse
2774 5192 2957 5262 vellet,
2994 5206 3324 5262 causamque
3351 5188 3419 5246 ad
3443 5190 3733 5262 judicium.

2134 5273 2294 5313 suum
2332 5261 2597 5333 traheret,
2622 5260 2851 5333 perinde
2880 5276 2943 5314 ac
2979 5261 3023 5313 si
3065 5276 3155 5315 res
3189 5260 3251 5315 in
3274 5260 3487 5333 integro
3531 5261 3712 5333 adhuc

2134 5338 2279 5454 iesbsct
2328 5332 2583 5455 Errorelp
2631 5331 2871 5387 Socratis
2918 5340 3140 5385 secutus
3177 5340 3262 5387 est
3294 5331 3635 5389 Sozomenus
3656 5331 3711 5385 in

2160 5417 2173 5452 ι
2222 5443 2233 5454 .
2284 5418 2360 5455 ιιι.
2388 5417 2507 5455 can.
2580 5443 2591 5455 .

2160 5417 2233 5454 ID.
2284 5418 2360 5465 ιιι,
2388 5417 2507 5473 cap.
2550 5417 2591 5457 ι.

1914 5554 2293 5614 VARIORUH.

539 5663 569 5705 ιι
611 5652 897 5717 Εὐσέϐιος
959 5649 1026 5704 δὲ
1078 5650 1547 5719 διεπρεσϐεύετο.
1616 5651 1929 5707 Consonant
1978 5668 2040 5707 ea

470 5742 591 5796 quae
614 5724 777 5796 habet
803 5723 1131 5796 Athanasius
1166 5723 1220 5776 in
1248 5722 1505 5793 Apologia
1528 5723 1591 5777 ll.
1618 5722 1753 5788 Quin
1788 5733 1836 5776 et
1873 5724 2039 5777 Euse-

472 5794 615 5852 liiani
652 5795 721 5850 ad
744 5794 946 5850 Iulium
990 5795 1193 5847 litteras
1228 5796 1433 5858 misere,
1469 5803 1537 5855 ct,
1560 5804 1616 5847 ut
1642 5811 1733 5848 nos
1764 5803 2039 5855 terrerrnt,

471 5866 724 5939 synodum
746 5866 1018 5937 jusserunt
1057 5867 1421 5939 convocarift,
1463 5866 1559 5931 ipsi
1595 5865 1757 5939 Iulio.
1790 5870 1833 5921 si
1867 5868 2039 5924 υεημι,

474 5936 755 5991 (ίῐὸἱῐνὶιιηι
778 5954 948 5991 t'uusu'
979 5937 1293 5989 drta‘lt‘rtmt.
1329 5936 1456 5989 Cum
1485 5938 1641 6007 igitur
1676 5937 1889 5990 Romam

2146 5654 2496 5717 venissemus,
2541 5652 2715 5707 Julius
2756 5655 3000 5709 continuo
3046 5656 3115 5711 ad
3153 5653 3472 5712 Eusebianos
3513 5657 3714 5715 litteras

2146 5725 2585 5801 srripsitlntissis
2618 5741 2676 5777 eo
2697 5794 2713 5801 μ
2730 5724 2930 5801 duobus
2956 5743 3022 5801 cr.
3048 5728 3155 5801 suis
3194 5728 3524 5801 presbyteris,
3561 5730 3715 5801 Elpi-

2148 5795 2232 5845 (lio
2272 5803 2318 5873 et
2350 5795 2655 5873 Philagrio.
2689 5794 2778 5849 Illi
2801 5813 2942 5873 uero,
2968 5799 3054 5852 ubi
3081 5794 3315 5873 nostrain
3348 5794 3534 5855 Romo!
3576 5794 3717 5873 prere

2150 5868 2372 5919 sentiunt
2415 5867 2746 5933 audivissent,
2776 5868 3060 5938 plurimum
3090 5870 3383 5925 rontnrbati
3410 5881 3548 5931 sunt.
3576 5867 3719 5938 quod

2153 5946 2332 5989 (mitra
2392 5955 2530 6008 spent
2584 5955 2761 5991 eorum
2813 5956 2890 5991 me
2921 5939 3139 6005 Romam
3175 5942 3525 5997 contulissem.
3568 5939 3714 6000 llaizr
