4524 6582
773 453 777 456 ’
800 466 906 521 207

2224 458 2557 514 SOCRATIS

3940 451 4046 508 208

802 591 929 629 eum
958 585 1295 642 quacunque
1340 571 1591 625 voluerat
1633 571 1973 640 perfecisset,
2008 569 2119 639 90
2149 569 2376 639 legatio—
2407 579 2449 634 Α
2481 588 2588 624 σκοέ

2259 571 2376 623 ιῑίο-
2407 579 2449 634 Α
2481 588 2700 628 σκοπον.
2728 571 2890 624 αὑτὸν
2916 569 3106 641 κριτὴν
3134 568 3247 621 τῶν
3281 567 3418 620 κατὰ
3458 569 3766 622 Ἀθανέισιον
3795 568 4045 637 γενέσθαι

798 680 926 720 nem
954 663 1104 717 misit
1149 664 1216 716 ad
1262 663 1469 717 Julium
1518 664 1775 716 Humana:
1827 662 1981 715 urbis
2028 661 2368 729 episcopum,

801 771 996 825 rogans
1031 766 1090 809 ut
1111 769 1290 809 causa:
1321 754 1601 807 Athanasii
1624 754 1791 823 judex
1815 753 1928 822 ipse
1953 768 2074 807 esse
2102 752 2285 815 vellet,
2318 759 2374 805 et

799 848 1163 919 cognitionem
1192 846 1398 916 negotii
1425 846 1491 898 ad
1518 861 1573 899 se
1600 845 1861 899 traheret.

1431 956 1580 1011 CAP.
1620 955 1734 1009 XII.

805 1048 1073 1113 Quomodo
1095 1057 1208 1118 post
1233 1056 1452 1101 mortem
1479 1047 1690 1102 Eusebii
1717 1044 1938 1118 populus
1969 1043 2370 1118 Constantinop.

878 1113 1106 1172 Paulum
1143 1120 1197 1171 in
1230 1118 1405 1170 sedem
1432 1134 1587 1170 suam
1612 1113 1920 1177 restituerit,
1955 1124 2003 1166 et
2041 1114 2229 1168 Ariani
2254 1113 2373 1167 Ma-

871 1191 1145 1241 cedoniam
1167 1187 1474 1258 delegerint.

876 1280 1074 1333 Verum
1117 1278 1357 1332 Eusebio
1400 1292 1509 1330 non
1560 1275 1715 1330 licuit
1750 1290 1813 1329 ea
1862 1290 1984 1343 qua:
2032 1289 2063 1328 a
2117 1273 2265 1328 Julio
2318 1272 2372 1325 in

801 1386 964 1425 causa
993 1368 1272 1424 Athanasii
1300 1368 1519 1423 decreta
1552 1376 1735 1422 essent
1777 1380 2125 1435 cognoscere.
2160 1364 2374 1419 Etenim

804 1464 965 1532 paulo
1014 1469 1137 1531 post
1183 1461 1325 1515 hanc
1368 1460 1637 1529 synodum
1685 1457 1925 1513 decessit
1964 1472 1996 1511 e
2042 1456 2175 1511 vita.
2228 1455 2377 1522 Qua-

805 1562 1030 1624 propter
1088 1554 1321 1622 populus
1358 1550 1772 1617 Constantinop.
1817 1549 2044 1601 Paulum
2083 1546 2265 1601 denuo
2321 1547 2377 1600 in

806 1643 1092 1698 ecclesiam
1121 1642 1443 1695 introduxit.
1463 1641 1652 1695 Ariani
1681 1655 1812 1694 vero
1833 1639 2025 1693 eodem
2049 1645 2292 1705 tempore
2320 1637 2376 1690 in

807 1734 1037 1789 ecclesia
1064 1748 1186 1802 qua:
1219 1732 1285 1786 ad
1320 1732 1548 1786 Paulum
1572 1731 1798 1794 dicitur,
1827 1728 2205 1783 Macedonium
2232 1727 2379 1781 ordi-

807 1832 1012 1878 narunt
1036 1824 1377 1893 episcopum.
1422 1820 1603 1890 Atque
1648 1820 1702 1874 id
1730 1820 1935 1873 factum
1972 1827 2056 1872 est
2088 1819 2158 1872 ab
2184 1818 2253 1873 iis
2283 1818 2378 1887 qui

808 1925 968 1970 antea
1001 1914 1225 1983 quidem
1255 1912 1493 1967 Eusebio
1521 1919 1718 1966 cuncta
1754 1909 1997 1963 turbanti
2030 1924 2253 1978 operam
2285 1923 2383 1962 na—
2414 1932 2453 1987 Β

807 2007 1044 2061 vabant:
1085 2014 1217 2059 tunc
1262 2002 1526 2073 temporis
1567 2017 1702 2057 vero
1742 2000 2125 2055 auctoritatem
2163 2013 2381 2053 omnem

777 2098 961 2167 τικιῄ
996 2096 1337 2151 successorio
1355 2096 1480 2166 jure
1509 2093 1831 2148 obtinebant
1856 2111 1869 2146 :
1898 2091 2144 2162 Thcogni
2174 2090 2386 2145 scilicet

807 2190 1045 2252 Niceno,
1086 2189 1217 2242 Mari
1249 2186 1647 2249 Chalcedonio,
1692 2179 1981 2239 Theodoro
2021 2183 2295 2237 Heracleae
2327 2181 2384 2236 in

808 2280 1040 2334 'l‘hracia
1093 2279 1371 2349 episcopo,
1421 2278 1648 2333 Ursacio
1691 2274 1980 2344 Singiduni
2023 2274 2077 2327 in
2101 2273 2387 2343 superiore

811 2371 1013 2430 Maesia,
1045 2369 1271 2424 Valente
1302 2368 1496 2421 Mersa:
1523 2366 1580 2419 in
1623 2365 1907 2435 superiore
1942 2362 2240 2417 Pannonia.
2277 2359 2385 2414 Sed

808 2463 1068 2517 llrsacius
1117 2468 1174 2515 et
1204 2460 1404 2514 Valens
1447 2456 1793 2527 postmodum
1840 2452 2165 2524 pmnitentia
2210 2451 2382 2515 ducti,

810 2554 1053 2607 libellum
1090 2540 1479 2607 satisfactionis
1502 2549 1646 2603 Julio
1665 2546 1988 2600 obtulerunt
2010 2544 2270 2613 episcopo
2294 2559 2309 2605 ;
2332 2548 2388 2595 et

809 2644 1073 2698 doctrinae
1113 2639 1604 2696 consubstantialis
1652 2636 2098 2697 subscribentes,
2143 2633 2199 2686 in
2239 2647 2388 2686 com-

811 2733 1128 2787 munionem
1160 2730 1366 2800 recepti
1391 2737 1536 2783 sunt.
1571 2728 1727 2781 'l‘unc
1750 2742 1883 2781 vero
1917 2741 2016 2796 pro
2034 2723 2235 2778 Ariana
2259 2738 2388 2792 per-

813 2825 937 2878 titlia
973 2823 1175 2877 acriter
1202 2823 1569 2884 decertantes,
1595 2818 1946 2890 gravissimos
1975 2816 2243 2870 bellorum
2273 2829 2389 2866 mo-

814 2924 901 2969 tus
934 2914 1197 2968 adversus
1221 2911 1487 2966 ecclesias
1515 2910 1915 2963 excitaverunt.
1945 2907 2026 2960 Ex
2049 2904 2250 2974 quibus
2270 2903 2388 2957 bel-

813 3004 879 3057 lis
907 3019 1074 3057 unum
1118 3002 1220 3055 fuit
1260 3001 1392 3055 illud
1431 2999 1579 3069 quod
1622 3015 1652 3053 a
1694 2997 2013 3052 Macedonio
2051 2996 2256 3050 factum
2302 3003 2390 3049 est

810 3096 1301 3165 Constantinopoli.
1328 3096 1407 3150 Ex
1436 3096 1541 3148 hoc
1567 3094 1716 3148 enim
1751 3092 2011 3146 intestino
2044 3088 2385 3145 Christiano-

2478 661 2836 733 παρακαλῶν,
2862 663 2958 715 καὶ
2988 662 3123 732 πρὸς
3154 659 3347 714 ἐαυτὸν
3384 661 3566 714 καλεῖν
3603 662 3703 731 τὴν
3727 659 3903 732 δίκην.

3080 930 3329 985 ΚΕΦΑΛ.
3362 930 3459 983 1Β’.

2492 1024 2587 1088 Ὡς
2616 1023 2913 1076 Εὐσεϐιου
2941 1020 3420 1088 τελευτήσαντος
3446 1058 3463 1084 ,
3500 1023 3533 1074 ό
3559 1019 3630 1073 ἐν
3670 1022 4043 1074 Kcin-oraru-

2552 1087 2836 1146 νουπόλει
2865 1091 3016 1156 λαός
3042 1090 3287 1143 Παῦλον
3322 1087 3496 1153 αὖθις
3536 1090 3884 1154 ἑνεθρόνισε
3904 1108 3918 1120 ·
3948 1089 4045 1143 καί

2549 1163 2704 1228 ὠςοὶ
2746 1162 3027 1230 ’Λρειανοὶ
3061 1160 3427 1214 Μακεδών-ιον
3460 1161 3922 1228 προεϐάλλοντο.

2564 1253 2704 1305 Ἀλλ’
2733 1253 2833 1306 οὐκ
2866 1252 3068 1322 ἔφθασε
3103 1250 3293 1321 μαθεῖν
3329 1249 3585 1313 Εὐσέϐιος
3615 1251 3685 1303 τὰ
3719 1251 3871 1321 παρὰ
3914 1251 4049 1304 Ἰου-

2481 1343 2595 1397 λίου
2644 1344 2773 1414 περὶ
2817 1342 3137 1395 Ἀθανασίου
3177 1340 3458 1411 κριθέντα.
3509 1340 3723 1412 Μικρὸν
3767 1340 3876 1411 γὰρ
3913 1341 4051 1411 μετά

2481 1436 2580 1505 τὴν
2607 1435 2822 1488 σύνοδον
2850 1434 3117 1497 ἐπιϐιοὺς,
3144 1433 3466 1503 ἐτελεύτησε
3503 1443 3554 1486 ιι.
3582 1433 3781 1502 Διόπερ
3810 1435 3905 1486 καὶ
3935 1435 3963 1486 ό
3993 1437 4050 1486 ὲν

2483 1527 2889 1580 Κωνσταντίνου
2914 1526 3068 1579 πόλει
3094 1527 3219 1588 λαὸς
3235 1567 3250 1589 ,
3279 1524 3436 1589 αὖθις
3485 1528 3565 1590 είς
3589 1526 3689 1597 τὴν
3720 1526 4044 1596 Ἐκκλησίαν

2481 1618 2573 1670 τὸν
2597 1616 2806 1671 Παῦλον
2834 1618 3133 1686 εἰσάγουσι.
3161 1618 3318 1671 Κατὰ
3341 1618 3536 1672 ταύτὸν
3573 1619 3632 1672 δέ
3661 1619 3754 1673 καὶ
3780 1621 3829 1672 oi
3859 1620 4051 1689 ἄρεια-

2482 1708 2741 1773 νίςοντες,
2772 1711 2830 1762 ἐν
2866 1712 2932 1779 τῇ
2964 1709 3229 1780 λεγομένῃ
3263 1711 3358 1762 ἐπὶ
3403 1709 3617 1763 Παῦλον
3679 1709 3945 1781 ἐκκλησίᾳ
3972 1711 4047 1780 (5)

2483 1797 2846 1868 χειροτονοῦσι
2867 1798 2961 1851 τὸν
2989 1798 3343 1852 Μακεδόνιον.
3376 1800 3487 1852 Καὶ
3509 1798 3669 1851 τοῦτο
3690 1798 3750 1852 δέ
3788 1799 4051 1869 ἐποίησαν

2482 1891 2530 1943 oi
2555 1889 2742 1961 πρώην
2768 1889 3016 1960 Εὐσεὸίῳ
3036 1888 3114 1959 τῷ
3133 1890 3312 1943 πάντα
3330 1889 3567 1943 κυκῶντι
3586 1889 4049 1960 συμπράττοντες,

2482 1980 2601 2033 τότε
2651 1979 2850 2054 δὴιτὴν
2893 1979 3181 2032 αὑθεντίαν
3206 1979 3580 2050 διαδεξάμενοι
3605 1995 3621 2011 ’
3656 1980 3764 2033 εἰσὶ
3794 1980 3850 2032 δὲ
3884 1974 4050 2044 οὗτοι,

2482 2070 2704 2139 Θέογνις
2725 2071 2977 2136 Νικαίας,
2995 2070 3175 2141 Μάρις
3198 2070 3559 2141 Χαλκηδόνος,
3581 2071 3861 2141 Θεόδωρος
3896 2072 4055 2144 Ἦρα-

2485 2163 2669 2217 κλείας
2691 2164 2790 2235 τῆς
2822 2164 2880 2216 ἐν
2909 2165 3121 2237 θρᾴκῃ,
3145 2164 3448 2235 Οὐρσάκιος
3478 2165 3787 2234 Σιγγιδόνος
3812 2167 3912 2237 τῆς
3941 2166 4054 2220 ἄνω

2483 2254 2720 2317 Μυσίας,
2761 2254 2973 2324 Οὐάλης
3000 2254 3268 2325 Μουρσῶν
3292 2253 3392 2322 τῆς
3418 2256 3531 2308 ἄνω
3567 2254 3881 2318 Παννονίας.
3915 2257 4055 2326 Οὐρ-

2486 2346 2672 2408 σάκιος
2704 2343 2804 2414 μὲν
2840 2340 2931 2398 οὖν
2984 2344 3079 2397 καὶ
3120 2345 3333 2416 Οὐάλης
3380 2345 3606 2417 ὕστερον
3656 2348 4051 2417 μεταγνόντες,

2488 2436 2689 2506 βιϐλίον
2725 2437 3014 2507 μετανοίας
3047 2435 3128 2506 τῷ
3173 2438 3456 2507 ἐπισκόπῳ
3506 2437 3713 2508 Ἰουλίῳ
3744 2438 4051 2503 ἐπιδόντες,

2484 2531 2550 2600 τῇ
2572 2530 2841 2600 ὁμοουσίῳ
2860 2548 2920 2583 τε
2945 2530 3071 2601 δόξῃ
3095 2529 3486 2600 συντιθέμενοι,
3511 2529 3896 2601 ἐκοινώνησαν.
3919 2530 4055 2583 Τότε

2484 2620 2539 2674 δὲ
2557 2623 2831 2695 διαπύρως
2854 2625 2955 2694 τὴν
2987 2623 3271 2693 Ἀρειανὴν
3293 2622 3717 2693 συγκροτοῦντες
3736 2623 4055 2695 θρησκείαν,

2485 2715 2546 2766 ού
2600 2715 2726 2777 τοὺς
2766 2715 3031 2784 τυχόντας
3076 2713 3216 2766 κατὰ
3265 2714 3370 2766 τῶν
3430 2713 3764 2785 Ἐκκλησιῶν
3786 2712 4056 2785 πολέμους

2486 2806 2805 2879 ἐτύρευσαν,
2854 2800 2928 2861 ὧν
2971 2802 3051 2870 εἷς
3094 2802 3162 2877 ἦν
3209 2806 3239 2857 ό
3269 2807 3358 2860 διὰ
3406 2806 3743 2860 Μακεδονίου
3781 2806 3859 2873 (4)
3900 2807 3959 2860 ἐν
3988 2807 4055 2875 τῇ

2488 2898 2895 2952 Κωνσταντίνου
2929 2898 3080 2951 πόλει
3116 2898 3428 2968 γενόμενος.
3469 2896 3606 2950 Ὑπὸ
3634 2896 3745 2967 γὰρ
3766 2895 3923 2950 τοῦδε
3959 2896 4055 2949 τοῦ

2487 2988 2751 3059 ἐμφυλίου
2780 2987 2889 3040 τῶν
2908 2987 3244 3058 Χριστιανῶν
3267 2987 3529 3057 πολέμου,
3556 2989 3799 3056 συνεχεῖς
3821 2984 4057 3055 ἐγίνοντο

2490 3076 2631 3130 κατὰ
2655 3074 2754 3145 τὴν
2784 3076 2932 3129 πόλιν
2955 3075 3194 3141 στάσεις,
3227 3075 3412 3130 πολλοί
3437 3091 3498 3130 τε
3535 3077 3600 3130 ἐκ
3624 3075 3732 3132 τῶν
3752 3075 4056 3151 γινομένων

813 3204 933 3242 rum
971 3188 1134 3251 beilo,
1165 3163 1373 3241 ercbrzc
1409 3186 1462 3240 in
1485 3184 1709 3240 civitate
1749 3190 1882 3239 ortae
1910 3190 2037 3237 sunt
2070 3179 2369 3236 seditiones
2415 3179 2460 3238 C
2493 3182 2599 3223 συν⁴

1412 3186 1462 3240 in
1485 3184 1709 3240 civitate
1749 3190 1882 3239 ortae
1910 3190 2037 3237 sunt
2070 3179 2369 3236 seditiones
2415 3179 2460 3238 C
2493 3166 2867 3239 συντριδέντες
2900 3163 3198 3221 ἀπώλοντο.

815 3278 1079 3348 multique
1108 3293 1296 3332 earum
1325 3276 1583 3330 violentia
1610 3275 1857 3345 oppressi
1888 3275 2119 3342 periere.

1358 3397 1463 3468 91
1503 3396 1653 3452 CAP.
1695 3394 1835 3448 xm.

813 3491 890 3545 De
930 3489 1269 3559 Hermogenis
1310 3489 1548 3557 magistri
1590 3485 1817 3559 militum
1848 3501 1989 3549 nece,
2019 3492 2087 3559 _et
2129 3483 2386 3557 quomodo

883 3559 1086 3614 Paulus
1125 3552 1191 3610 ob
1235 3573 1353 3611 eam
1399 3552 1618 3610 causam
1686 3558 1879 3610 iterum
1936 3552 2243 3625 pulsus—sit
2279 3552 2384 3608 Lc-

882 3630 1058 3682 cies-ia.

884 3715 1008 3775 Hice
1033 3734 1157 3773 cum
1176 3717 1419 3773 audisset
1446 3716 1578 3785 imp.
1604 3715 1979 3780 Constantius,
2005 3716 2098 3784 qui
2132 3723 2246 3769 tum
2276 3713 2359 3768 An

816 3814 1033 3869 tiochiae
1070 3811 1411 3874 morabatur,
1448 3807 1727 3862 mandavit
1757 3805 2086 3876 llcrmogeni
2125 3805 2387 3874 magistro

816 3905 1077 3969 militum,
1110 3917 1275 3973 quem
1322 3902 1377 3954 in
1414 3899 1661 3954 Thraciae
1697 3906 1880 3968 partes
1918 3897 2161 3956 miserat,
2197 3904 2258 3949 ut
2290 3910 2388 3964 per

815 3993 1339 4063 Constantinopolim
1366 3992 1658 4054 transiens,
1689 3990 1868 4044 obiter
1886 3989 2115 4044 Paulum
2144 3987 2386 4041 Ecclesia

818 4086 1158 4142 exturbaret.
1184 4084 1277 4139 lllc
1302 4081 1829 4152 Constantinopolim
1878 4081 2176 4151 ingressus,
2220 4087 2387 4132 totam

818 4177 1095 4233 civitatem
1127 4176 1446 4238 commovit,
1496 4174 1628 4228 dum
1660 4173 1978 4243 episcopum
2008 4187 2107 4241 per
2135 4170 2246 4224 vim
2290 4169 2389 4237 eji-

818 4284 943 4324 cere
971 4275 1222 4321 conatur.
1250 4266 1447 4320 Statim
1475 4265 1621 4319 enim
1647 4262 1836 4334 populi
1872 4260 2071 4315 seditio
2096 4259 2387 4314 subsecuta

819 4359 1247 4429 est;cunctiquc
1297 4356 1475 4427 parati
1513 4364 1670 4412 erant
1708 4355 2027 4425 episcopum
2070 4350 2384 4405 defendere.

818 4454 955 4506 Cum
986 4457 1170 4504 autem
1197 4448 1427 4503 instaret
1458 4447 1832 4515 Hermogenes
1863 4454 1924 4498 ut
1959 4443 2184 4497 militari
2222 4456 2387 4495 manu

3077 3381 3327 3435 ΚΕΦΑΛ.
3367 3380 3467 3434 ll".

2489 3472 2630 3540 nep!
2661 3471 2771 3540 τῆς
2802 3473 3187 3542 Ἐρμογενους
3224 3472 3338 3542 ,τοῦ
3382 3471 3797 3542 στρατηλάτου
3830 3472 4057 3542 ἀναιρέ-

2560 3559 2737 3622 genie,
2789 3540 2901 3622 καλ
2942 3540 3102 3622 (iniec
3137 3541 3335 3622 fratr
3376 3540 3477 3595 διὰ
3521 3542 3699 3597 τοῦτο
3753 3540 3976 3613 ἐξεώθή
4028 3549 4058 3598 d

2562 3612 2803 3677 Παῦλος
2823 3612 2936 3680 τῆς
2976 3612 3361 3679 Ἐκκλησίας.

2562 3700 2734 3758 Ἦλθε
2765 3704 2820 3757 δὲ
2849 3705 2916 3758 τὰ
2941 3704 3201 3775 γινόμενα
3241 3704 3321 3767 είς
3348 3703 3517 3767 ἀκοὰς
3561 3705 3939 3761 Κωνσταντίου
3965 3705 4058 3760 τοῦ

2493 3796 2777 3868 βασιλέως,
2806 3796 2950 3849 κατὰ
2994 3796 3096 3865 τὴν
3149 3795 3477 3867 Ἀντιόχειαν
3530 3796 3913 3870 διατρίϐοντος.
3945 3798 4058 3852 Ἐν-

2491 3888 2735 3944 τέλλεται
2784 3883 2877 3941 οὖν
2937 3887 3257 3959 Ἑρμογένει
3323 3886 3403 3958 τῷ
3457 3887 3801 3963 στρατηλάτῃ
3851 3888 3945 3943 ἐπὶ
3995 3890 4061 3944 τὰ

2492 3979 2706 4050 Θρᾴκια
2752 3977 3089 4049 πεμπομένῳ
3123 3977 3289 4049 μέρη,
3334 3976 3455 4031 ὁδοῦ
3502 3978 3778 4049 πάρεργον
3815 3978 4059 4049 ποιῆσαι,

2492 4069 2588 4122 καὶ
2617 4066 2888 4137 ἐξωθῆσαι
2911 4068 3010 4138 τῆς
3044 4066 3366 4137 Ἐκκλησίας
3386 4067 3481 4121 τὸν
3505 4066 3741 4128 Παῦλον.
3777 4068 3872 4131 Ὃς
3896 4085 4060 4122 κατα-

2493 4158 2671 4212 λαϐὼν
2698 4158 2795 4229 τὴν
2825 4157 3413 4223 Κωνσταντινούπολιν,
3449 4157 3577 4230 ὃλην
3602 4158 3906 4231 διετάραξε,
3942 4159 4062 4232 βια-

2494 4251 2716 4322 ζόμενος
2746 4249 2992 4303 ἐκϐαλεῖν
3029 4248 3121 4303 τὸν
3162 4250 3480 4305 ἐπίσκοπον.
3517 4250 3714 4315 Στάσις
3757 4251 3867 4322 γὰρ
3900 4252 4063 4316 εὐθὺς

2493 4344 2559 4396 ἐκ
2580 4343 2674 4397 τοῦ
2700 4342 2874 4413 δήμου
2905 4339 3321 4412 παρηκολούθει,
3351 4340 3445 4394 καὶ
3471 4340 3676 4412 ἕτοιμοι
3698 4337 3837 4413 ἦσαν
3859 4342 4062 4410 ἀμύνε-

2496 4434 2640 4487 σθαι.
2682 4433 2770 4495 Ὠς
2825 4430 2882 4483 δὲ
2937 4431 3185 4484 ἐπέκειτο
3215 4432 3244 4484 ὁ
3288 4429 3620 4502 Ἑρμογένης
3659 4430 3747 4484 διὰ
3796 4447 4064 4502 στρατιω-

820 4542 1049 4596 Paulum
1077 4540 1395 4609 expelleret,
1420 4537 1742 4593 exacerbata
1773 4534 1959 4606 populi
1996 4532 2309 4594 multitudo,
2335 4538 2397 4584 ut
2425 4529 2470 4584 D
2496 4526 2606 4577 τι.κὶ

2276 4548 2309 4594 ι,
2335 4538 2397 4584 ιιι
2425 4529 2470 4584 D
2496 4525 2652 4593 τικῆς
2671 4522 2850 4592 χειρὸς
2878 4520 3145 4609 άπελάσαι
3192 4520 3283 4573 τὸν
3310 4518 3545 4587 Παῦλον,
3583 4518 3913 4592 παροξυνθὲν
3941 4521 4062 4575 τότε

824 4631 879 4684 in
904 4629 1107 4685 talibus
1128 4629 1247 4683 ﬁeri
1277 4629 1435 4694 solet,
1471 4628 1713 4683 violento
1738 4627 1945 4696 impetu
1979 4625 2033 4678 in
2062 4623 2212 4676 illum
2236 4621 2348 4675 ruit
2378 4639 2390 4674 :

2497 4614 2558 4667 τὸ
2590 4612 2812 4683 πλῆθος,
2851 4604 2940 4664 οἷα
2968 4610 3025 4664 ἐν
3050 4611 3165 4673 τοῖς
3198 4608 3459 4672 τοιούτοις
3479 4608 3625 4679 φιλεῖ
3646 4608 3910 4679 γίνεσθαι,
3938 4610 4062 4664 ἀλο-

824 4722 1096 4791 domoque
1125 4722 1245 4791 ejus
1281 4719 1524 4783 incensa,
1556 4718 1791 4788 pedibus
1819 4716 1973 4770 illum
2002 4714 2284 4768 trahentes
2311 4711 2398 4764 in-
2487 4722 2610 4773 γωτε

2278 4730 2284 4763 ι
2311 4711 2398 4764 in-
2487 4704 2730 4774 γωτέρας
2748 4704 2980 4757 ἐποιεῖτο
2994 4701 3115 4755 κατ’
3138 4700 3303 4756 αὐτοῦ
3318 4701 3416 4764 τὰς
3434 4701 3629 4772 ὁρμάςο
3648 4703 3741 4755 καὶ
3755 4701 4064 4773 ἐμπίπρησι

828 4820 1180 4867 teremerunt.
1218 4812 1380 4865 Gesta
1419 4818 1547 4864 sunt
1581 4808 1694 4863 hzee
1726 4806 1941 4861 duobus
1968 4803 2226 4875 Augustis
2270 4816 2401 4855 eon-

2494 4796 2592 4866 μὲν
2615 4794 2779 4848 αὑτοῦ
2802 4794 2901 4865 τὴν
2924 4792 3119 4847 οἰκίαν·
3148 4791 3309 4848 αὑτὸν
3333 4791 3391 4847 δέ
3411 4791 3672 4865 σύραντες
3699 4792 3776 4865 (5)
3787 4792 4064 4859 ,ἀπέκτει-

2026 4971 2295 5031 VALESll
2334 4966 2880 5025 ANNOTATIONES.

894 5099 969 5167 (3)
1027 5097 1123 5151 Ἐν
1176 5096 1248 5164 τῇ
1294 5093 1716 5167 λεγομένῃλὲπί
1768 5093 2015 5167 Παῦλον
2044 5090 2386 5167 ,ἐκκᾼηᾳίφ

826 5160 1284 5239 llojusAecclesia;
1329 5160 1534 5239 mentio
1561 5160 1649 5218 Vlit
1703 5164 1761 5239 in
1808 5164 1991 5239 veteri
2025 5160 2391 5239 descriptione

827 5228 979 5294 urbis
998 5236 1630 5306 Constantinopolitanm,
1663 5233 1757 5306 ubi
1799 5234 2029 5287 ecclesia
2062 5231 2212 5285 Pauli
2254 5228 2392 5282 diei-

825 5319 937 5373 tur,
964 5317 1020 5363 et
1054 5307 1110 5361 in
1145 5304 1374 5376 septima
1397 5305 1615 5375 regione
1638 5304 1955 5359 collocatur.

2572 5084 2648 5154 (ί)
2671 5077 2785 5154 "pr
2829 5077 2917 5154 εἷς
2946 5078 3075 5154 ἧιρό
3108 5081 3206 5154 διὰ
3241 5081 3635 5154 Mazacam-(0v.
3682 5080 3843 5154 Hune
3883 5083 4063 5139 locum

2497 5152 2787 5207 ex'cOdice
2844 5152 3044 5206 Leonis
3092 5152 3275 5207 Allalii
3335 5153 3702 5218 restituimus,
3755 5153 3851 5223 qui
3904 5164 4063 5210 antea

2499 5223 2910 5292 corruptissime
2958 5223 3256 5291 legebatur.

2571 5294 2645 5363 (5)
2678 5294 2875 5347 Αὐτὸν
2907 5292 2975 5345 δὲ
3019 5294 3333 5360 σύραντες.
3363 5292 3513 5348 Hanc
3562 5292 3891 5348 seditionem
3924 5293 4065 5348 Con-

2261 5452 2639 5509 V’ARIORUM.

827 5558 1261 5615 Eusebianorum
1306 5556 1631 5625 legationem
1672 5568 1816 5625 anno
1835 5550 1961 5625 359
1977 5619 1994 5625 Α
2007 5549 2393 5625 verosimiliter

2497 5545 2730 5600 tendunt
2760 5543 2905 5597 Cuil.
2928 5542 3070 5614 Cave
3099 5552 3155 5614 et
3172 5544 3299 5598 Ant.
3325 5543 3453 5614 Pagi
3492 5560 3505 5596 :
3532 5558 3768 5613 quorum
3793 5545 4065 5613 posterior

826 5612 1110 5699 consignat
1148 5612 1415 5699 Baroniu's
1445 5642 1457 5677 :
1497 5622 1748 5699 proinde
1774 5619 2078 5699 missamit
2101 5629 2390 5699 ante_syn-
2493 5613 2902 5699 amrmat‘eum,
2940 5613 3069 5667 licet
3096 5612 3646 5699 Arianorum'partes
3672 5612 3891 5684 semper
3916 5616 4068 5699 foyc-

1450 5676 1589 5764 οἶιῶ
1631 5693 1797 5764 initio
1831 5692 1959 5764 anui
1984 5690 2082 5764 ὅθί
2102 5676 2389 5764 celebrata

828 5778 930 5828 est.
953 5764 1090 5826 Vide
1122 5770 1247 5822 Ant.
1291 5766 1419 5836 Pagi
1443 5761 1509 5836 ad
1536 5778 1667 5836 ann.
1704 5761 1826 5836 δξιι,
1854 5777 1910 5815 ιι.
1932 5763 1986 5825 4,
2013 5761 2140 5836 5,_6_.

896 5848 923 5890 ιι
968 5829 1393 5905 Ἐτελεύτησεῗ
1422 5835 1574 5890 Obiit
1603 5832 1876 5888 Eusebius
1902 5847 2046 5887 anno
2069 5829 2190 5885 51‘).
2213 5837 2274 5883 ut
2294 5843 2385 5884 os-

2494 5686 2587 5747 rit,
2616 5683 2975 5739 nihilominus
3015 5697 3203 5751 pacem
3249 5698 3375 5737 cum
3419 5684 3566 5739 Julio
3607 5684 3866 5741 Romana:
3911 5685 4064 5740 urbis

2494 5756 2773 5823 episcopo,
2808 5762 2863 5807 et
2889 5754 3329 5807 communionem
3362 5769 3485 5809 cum
3508 5754 3750 5809 Ecclesia
3773 5755 4061 5818 catholica,

2491 5827 2559 5879 ad
2593 5824 2802 5880 obitum
2838 5838 3009 5893 usque
3040 5824 3354 5878 retinuisse.
