4524 6582
456 447 567 501 225

1496 449 1816 504 HISTORIA
1862 447 2417 503 ECCLESIASTICA.
2462 480 2529 486 —
2572 450 2698 503 LIB.
2746 450 2807 502 ll.

3621 449 3725 507 226

455 562 607 631 παρά
628 558 695 613 τά
727 557 1068 629 προλαϐόντα
1103 558 1454 629 περιέχουσα,
1486 561 1543 611 ὲν
1574 559 1785 620 τούτοις
1812 558 2029 629 ἐξετέθη
2060 567 2102 620 Α
2136 573 2235 625 pos

1940 558 2029 629 ἐθη
2060 567 2102 620 Α
2136 559 2314 625 posita
2354 570 2456 613 est.
2486 560 2776 615 Credimus
2811 562 2865 615 in
2897 576 3066 614 unum
3098 560 3272 614 Deum
3306 561 3520 615 Patrem
3549 565 3726 617 omni-

452 656 565 715 τοῖς
593 654 821 721 ῥήμασιο
856 650 1190 719 Πιστεὺομεν
1221 653 1299 710 εἰς
1321 650 1416 702 ’ἐνα
1450 650 1604 715 Θείιν,
1636 651 1857 721 Πατέρα
1895 668 2033 703 παν-

452 744 781 813 τοκράτορα,
811 742 1038 813 κτίστην
1074 744 1166 795 καί
1218 742 1447 813 ποιητὴν
1476 743 1586 797 τῶν
1622 745 1859 805 πάντων,
1887 744 1947 808 ἐξ
1973 740 2034 799 οὑ

452 836 603 886 πᾶσα
631 832 841 903 πατριά
896 835 954 885 ἐν
985 834 1230 903 οὐρανοῖς
1273 834 1368 885 καὶ
1416 834 1508 885 ἐπὶ
1542 833 1646 902 γῆς
1686 834 2029 903 ὀνομάζεται·

453 928 547 978 καὶ
576 928 656 990 εἰς
681 926 771 978 τὸν
798 926 1058 995 μονογενῆ
1087 925 1249 977 αὑτοῦ
1276 926 1403 977 Υἰον
1448 925 1653 994 Ἰησοῦν
1674 926 2034 995 Χριστὸν,τδν

452 1016 657 1087 Κύριον
692 1017 868 1086 ἡμῶν,
896 1017 988 1068 τὸν
1024 1016 1129 1086 πρὸ
1178 1016 1397 1068 πάντων
1434 1016 1545 1068 τῶν
1587 1016 1799 1069 αἰώνων
1842 1033 2035 1086 γεννη-

450 1108 609 1160 θέντα
634 1110 698 1161 ὲκ
728 1107 821 1160 τοῦ
852 1107 1085 1179 Πατρός·
1114 1107 1246 1160 Θεὸν
1280 1108 1343 1159 ὲκ
1376 1106 1533 1159 Θεοῦο
1568 1106 1681 1175 φῶς
1740 1108 1803 1159 ὲκ
1830 1107 2029 1175 φωτός·

446 1197 513 1249 δι’
547 1192 608 1251 οὑ
632 1198 850 1265 ἐγένετο
876 1197 947 1249 τά
985 1198 1165 1249 πάντα
1212 1196 1281 1249 τά
1322 1198 1379 1249 ἐν
1416 1200 1527 1260 τοῖς
1556 1198 1803 1268 οὐρανοῖς
1844 1199 1937 1250 καὶ
1966 1197 2035 1251 τά

446 1291 542 1342 ἐπὶ
594 1291 695 1358 τῆς
754 1290 877 1359 γῆς,
931 1290 996 1341 τά
1054 1288 1225 1359 ὁρατά
1276 1288 1372 1341 καὶ
1429 1288 1498 1341 τά
1553 1289 1799 1359 ἀόρατα’
1862 1288 2033 1356 Λόγον

445 1383 594 1445 ὄντα,
647 1383 741 1435 καὶ
799 1382 1013 1451 σοςοίαν,
1069 1382 1161 1435 καὶ
1222 1380 1454 1451 δύναμιν
1520 1382 1615 1434 καὶ
1684 1381 1875 1451 ζωὴν,
1938 1382 2032 1435 καὶ

448 1473 564 1543 φῶς
594 1473 864 1543 ἀληθινόν.
898 1474 1001 1526 Τὸν
1031 1474 1117 1526 ἐπ’
1144 1473 1373 1543 ἐσχάτου
1404 1472 1513 1525 τῶν
1547 1472 1769 1543 ἡμερῶν
1787 1473 1853 1525 δι’
1884 1474 2033 1543 ἡμᾶς

446 1564 970 1635 ἑνανθρωπήσαντα,
1004 1565 1099 1617 καὶ
1123 1565 1451 1635 γεννηθέντα
1485 1565 1547 1616 ὲκ
1569 1566 1665 1635 τῆς
1694 1563 1853 1631 άγίας
1884 1566 2032 1634 Παρ-

447 1655 600 1708 θένου
629 1674 641 1687 ⁸
674 1656 766 1707 τὸν
824 1655 1227 1724 σταυρωθέντα,
1264 1656 1358 1708 καὶ
1404 1654 1763 1717 ἀποθανόντα,
1800 1655 1893 1706 καὶ
1936 1671 2034 1706 τας

446 1744 637 1810 φέντα,
673 1745 767 1796 καὶ
817 1746 1125 1797 ἀναστάντα
1164 1746 1227 1797 ὲκ
1290 1744 1501 1816 νεκρῶν
1533 1747 1600 1814 τῇ
1635 1745 1793 1817 τρίτῃ
1823 1744 2028 1816 ἡμέρᾳ,

446 1834 541 1884 καὶ
598 1833 979 1903 ἀναληφθέντα
1029 1836 1108 1897 εἰς
1156 1834 1406 1904 οὑρανδν,
1464 1834 1558 1886 καὶ
1603 1833 1937 1887 καθεσθέντα
1966 1836 2031 1887 ὲκ

2136 658 2451 717 potentem,
2509 666 2819 706 creatorem
2856 653 3103 706 omnium
3143 663 3199 706 et
3254 652 3628 718 conditorem;
3657 670 3727 709 ex

2133 757 2242 810 quo
2274 745 2455 796 omnis
2490 745 2793 813 paternitas
2822 744 2877 797 in
2903 745 3045 799 emlo
3073 754 3130 799 et
3163 745 3220 799 in
3268 746 3430 799 terris
3477 746 3727 800 nomina-

2135 835 2321 885 tur":
2360 843 2417 887 et
2447 835 2504 887 in
2552 836 2898 904 unigenitum
2942 836 3142 889 Filium
3186 837 3307 905 ejus
3348 837 3533 891 Jesum
3561 835 3724 891 Chri-

2133 934 2297 987 stum,
2346 925 2636 979 Dominum
2668 935 2938 989 nostrum,
2975 935 3100 980 ante
3131 926 3314 979 omnia
3349 926 3546 979 saecula
3576 926 3728 995 geni-

2136 1020 2250 1066 tum
2283 1030 2352 1068 ex
2385 1016 2567 1080 Patre,
2594 1017 2766 1070 Deum
2788 1034 2853 1070 ex
2883 1018 3015 1080 Deo,
3047 1019 3232 1070 lumen
3253 1032 3320 1069 ex
3349 1017 3591 1081 lumine;
3628 1031 3727 1085 per

2133 1120 2296 1171 quem
2324 1108 2507 1160 omnia
2534 1107 2677 1161 facta
2710 1116 2839 1160 sunt
2868 1100 2925 1160 in
2960 1110 3100 1161 emlo
3128 1117 3184 1161 et
3227 1108 3283 1160 in
3320 1108 3503 1170 terris,
3532 1108 3725 1161 visibi—

2132 1194 2203 1249 lia
2231 1206 2286 1249 et
2312 1198 2646 1265 invisibilia;
2670 1201 2764 1268 qui
2791 1200 3034 1254 Verbum
3068 1210 3153 1253 est
3186 1207 3243 1252 et
3271 1199 3541 1268 sapientia
3561 1208 3727 1269 atque

2133 1290 2415 1353 potentia,
2452 1290 2563 1359 99
2590 1290 2702 1344 vita
2752 1298 2804 1344 et
2847 1290 2941 1344 lux
2984 1307 3149 1355 vera;
3187 1290 3280 1359 qui
3314 1290 3369 1343 in
3412 1290 3728 1343 novissimis

2134 1383 2333 1437 diebus
2379 1390 2605 1451 propter
2650 1398 2752 1437 nos
2785 1383 2949 1437 homo
2999 1381 3176 1434 factus
3213 1388 3320 1441 est,
3351 1390 3622 1449 natusque
3658 1396 3725 1434 ex

2132 1473 2477 1526 sanctissima
2511 1472 2737 1541 Virgine
2766 1490 2778 1525 :
2815 1472 2909 1541 qui
2943 1471 3238 1525 cruciﬁxus
3267 1480 3351 1523 est
3389 1478 3444 1523 et
3476 1479 3726 1524 mortuus

2131 1578 2195 1616 ac
2232 1563 2500 1631 sepultus.
2533 1563 2717 1616 Tertia
2760 1572 2943 1617 autem
2983 1563 3070 1615 die
3112 1563 3351 1615 surrexit
3398 1577 3429 1614 a
3469 1562 3723 1624 mortuis,

2131 1663 2187 1708 et
2217 1654 2468 1707 ascendit
2499 1654 2554 1706 in
2583 1655 2803 1716 caelum,
2838 1654 3099 1721 sedetque
3127 1654 3193 1707 ad
3212 1653 3492 1705 dexteram
3525 1652 3723 1717 Patris,

2131 1752 2400 1797 venturus
2454 1744 2509 1796 in
2566 1742 2673 1796 ﬁne
2722 1743 3046 1795 saeculorum
3096 1750 3156 1794 ut
3188 1741 3399 1811 judicet
3454 1740 3608 1793 vivos
3661 1755 3727 1794 ac

2132 1842 2401 1898 mortuos,
2435 1842 2492 1887 et
2514 1833 2809 1901 unicuique
2840 1832 3149 1886 mercedem
3177 1831 3359 1900 operis
3384 1831 3466 1885 sui
3491 1830 3721 1885 reddat:

444 1924 635 1990 δεξιῶν
678 1924 772 1977 τοῦ
816 1925 1061 1995 Πατρός·
1112 1926 1406 1996 ἐρχόμενον
1446 1927 1539 1978 ἐπὶ
1597 1925 1877 1996 συντελείᾳ
1922 1926 2031 1978 τῶν
2062 1922 2103 1975 Β
2132 1925 2230 1994 CUjl

1939 1926 2031 1978 τῶν
2062 1922 2103 1975 Β
2132 1925 2287 1994 cujus
2320 1940 2549 1995 regnum
2604 1924 3036 1987 iuterminabile,
3064 1924 3122 1976 in
3169 1923 3384 1975 inlinita
3433 1931 3725 1990 permanet

444 2015 655 2067 αἰώνων
678 2018 861 2085 κρῖναι
899 2015 1111 2079 ζῶντας
1166 2016 1259 2069 καί
1290 2015 1539 2085 νεκροὺς,
1594 2015 1689 2068 καὶ
1738 2014 2031 2069 ἀποδοῦναι

443 2107 660 2176 ἑκάστῳ
695 2108 837 2159 κατά
866 2108 934 2160 τὰ
974 2108 1111 2180 ἔργα
1148 2106 1336 2160 αὑτοῦο
1368 2103 1427 2161 οὑ
1484 2109 1518 2178 ἡ
1548 2106 1789 2176 βασιλεία
1825 2108 2032 2161 ἀκατά-

446 2215 685 2260 παυστος
705 2194 867 2261 οὖσα,
898 2199 1143 2269 διαμένει
1167 2202 1245 2261 εἰς
1271 2199 1528 2269 ἀπείρους
1546 2198 1745 2262 αἰώνας
1765 2213 1779 2226 ⁸
1807 2199 2034 2262 καθέζε-

444 2309 532 2344 ται
557 2292 667 2362 γάρ
697 2294 755 2343 ἐν
789 2292 936 2362 δεξιᾷ
974 2293 1066 2343 τοῦ
1106 2293 1339 2362 Πατρὸς,
1395 2293 1456 2344 οὑ
1506 2292 1667 2361 μόνον
1688 2293 1745 2343 ἐν
1765 2292 1842 2361 τῷ
1876 2292 2031 2346 αἰῶνι

442 2384 633 2451 τούτῳ,
674 2382 809 2435 ἀλλά
835 2385 929 2435 καὶ
960 2385 1017 2434 ἐν
1048 2383 1127 2452 τῷ
1167 2383 1437 2453 μέλλοντι.
1468 2383 1802 2454 Πιστεὺομεν
1844 2384 1901 2437 δὲ
1939 2388 2032 2441 καὶ

439 2476 519 2535 εἰς
555 2474 613 2525 τὸ
637 2473 860 2543 Πνεῦμα
890 2474 951 2526 τὸ
986 2476 1161 2541 ἆγιον,
1188 2476 1466 2527 τουτέστιν
1491 2472 1585 2538 εἰς
1610 2477 1698 2528 τὸν
1734 2478 2032 2549 Παρακλη-

440 2578 549 2614 τον·
581 2561 719 2632 ὅπερ
745 2563 1212 2633 ἐπαγγειλάμενος
1260 2568 1371 2627 τοῖς
1408 2566 1743 2631 ἀποστόλοις,
1771 2570 1910 2638 μετὰ
1934 2570 2032 2641 τὴν

443 2656 522 2715 εἰς
552 2654 780 2725 οὑρανὸν
806 2655 993 2707 ἄνοδον
1036 2656 1321 2707 ἀπέστειλε
1362 2656 1568 2721 διδάξαι
1597 2658 1687 2711 καὶ
1723 2661 2033 2729 ὑπομνῆσαι

443 2745 640 2807 αὐτοὺς
697 2746 908 2799 πάντα·
953 2746 1019 2800 δι’
1065 2743 1126 2800 οῦ
1182 2748 1275 2799 καὶ
1323 2748 1715 2814 ἁγιάζονταιαί
1753 2752 1859 2803 τῶν
1904 2752 2036 2803 εἱλι-

446 2836 645 2906 κρινῶς
670 2838 749 2899 εἰς
783 2839 944 2891 αὑτὸν
972 2842 1336 2892 πιστευόντων
1369 2841 1557 2911 ψυχαί.
1592 2843 1729 2905 Τοὺς
1772 2842 1826 2895 δὲ
1853 2844 2036 2912 λέγον-

445 2945 542 2988 τας
572 2927 632 2991 ἐξ
669 2930 769 2981 οὑκ
796 2930 965 2981 ὄντων
994 2932 1085 2984 τὸν
1116 2931 1260 2995 Υἱδν,
1288 2932 1320 3002 ἢ
1344 2932 1403 2997 ἐξ
1440 2934 1630 3003 ἑτέρας
1661 2935 2032 3002 ὑποστάσεως,

444 3019 539 3071 καὶ
571 3020 645 3089 μὴ
679 3020 741 3071 ὲκ
761 3019 854 3071 τοῦ
886 3020 1045 3087 Θεοῦ,
1081 3021 1175 3074 καὶ
1218 3024 1299 3075 ὃτι
1345 3020 1413 3093 ἦν
1438 3041 1567 3076 ποτε
1616 3026 1803 3095 χρόνος
1832 3028 1863 3097 ἧ
1901 3028 2035 3079 αἰὼν

443 3112 532 3164 ὅτε
563 3110 638 3182 μὴ
681 3109 772 3183 ἦν,
800 3111 1112 3183 ἀλλοτρίους
1158 3110 1297 3168 οἶδεν
1326 3118 1359 3185 ἡ
1412 3116 1543 3184 άγία
1589 3118 1865 3189 Καθολικὴ
1910 3120 2033 3174 Ἰἱκ-

447 3199 644 3270 κλησία
729 3203 933 3273 ὁμοίως
963 3204 1057 3257 καὶ
1085 3205 1210 3268 τοὺς
1236 3205 1494 3274 λέγοντας
1513 3211 1660 3279 τρεῖς
1682 3204 1821 3262 εἶναι
1844 3210 2031 3275 (θεοὺς,

2134 2017 2352 2070 smcula.
2380 2016 2547 2070 Sedet
2590 2016 2737 2069 enim
2769 2015 2835 2068 ad
2864 2014 3147 2068 dexteram
3190 2014 3367 2067 Patris
3400 2029 3509 2066 non
3548 2012 3723 2067 solum

2133 2108 2192 2161 in
2238 2108 2341 2161 hoc
2380 2108 2603 2171 saeculo,
2654 2122 2847 2159 verum
2888 2106 3054 2159 etiam
3089 2106 3144 2158 in
3184 2106 3390 2159 futuro.
3433 2104 3727 2160 Credimus

2132 2197 2298 2250 etiam
2332 2198 2387 2250 in
2412 2197 2677 2266 Spiritum
2710 2206 2983 2257 sanctum,
3017 2196 3121 2248 hoc
3144 2204 3229 2249 est
3268 2196 3325 2249 in
3355 2197 3721 2259 Paracletum,

2133 2303 2296 2356 quem
2330 2287 2586 2342 Christus
2618 2287 2897 2356 pollicitus
2934 2288 3231 2355 apostolis,
3266 2296 3389 2356 post
3435 2304 3723 2341 ascensum

2134 2380 2188 2433 in
2211 2380 2431 2443 callum,
2468 2380 2617 2433 misit
2653 2388 2712 2432 ut
2744 2379 2967 2432 doceret
3007 2380 3128 2431 illos
3158 2395 3220 2431 ac
3260 2379 3617 2432 submoncret
3655 2379 3723 2432 de

2133 2472 2437 2525 omnibus:
2471 2488 2569 2540 per
2623 2488 2787 2541 quem
2838 2473 3004 2525 etiam
3060 2472 3474 2525 sanetilicantur
3529 2472 3725 2527 anima:

2134 2579 2326 2615 eorum
2349 2564 2441 2632 qui
2474 2564 2685 2617 sincere
2712 2565 2765 2616 in
2794 2563 2946 2616 illum
2981 2562 3230 2615 credunt.
3268 2563 3396 2616 lllos
3424 2571 3606 2616 autem
3630 2563 3724 2632 qui

2136 2654 2329 2707 dicunt
2356 2655 2557 2708 Filium
2592 2670 2659 2708 ex
2694 2670 2761 2708 eo
2796 2656 2941 2723 quod
2970 2669 3079 2705 non
3104 2662 3223 2705 erat
3254 2652 3588 2716 substitisse,
3626 2661 3725 2706 aut

2135 2764 2200 2803 ev
2241 2748 2347 2801 alia
2374 2749 2703 2812 substantia,
2735 2764 2843 2801 non
2875 2757 3058 2801 autem
3098 2763 3163 2800 ex
3192 2748 3330 2808 Deo,
3369 2754 3463 2800 aut
3513 2756 3728 2815 tempus

2137 2839 2433 2907 aliquando
2486 2841 2573 2893 vel
2613 2840 2871 2893 smeulum
2922 2839 3092 2891 fuisse
3132 2854 3256 2891 cum
3310 2854 3419 2890 non
3462 2845 3725 2899 exstaret,

2138 2948 2237 3000 pro
2267 2932 2459 2985 alienis
2481 2932 2646 2985 habet
2682 2939 2865 2985 sancta
2891 2942 2947 2984 et
2980 2930 3262 2984 Catholica
3314 2929 3577 2982 Ecclesia.
3621 2928 3730 2983 Eos

2138 3024 2269 3077 item
2311 3024 2403 3092 qui
2458 3022 2649 3076 dicunt
2682 3032 2795 3077 tres
2833 3038 2953 3077 esse
2997 3022 3149 3083 deos,
3184 3029 3278 3075 aut
3307 3020 3586 3075 Christum
3618 3036 3727 3074 non

2136 3129 2255 3167 esse
2283 3114 2452 3167 Deum
2478 3123 2604 3167 ante
2624 3114 2841 3175 saecula,
2865 3128 3045 3181 neque
3078 3112 3379 3173 Christum,
3417 3127 3594 3180 neque
3637 3112 3728 3165 Fi-

2137 3205 2271 3258 lium
2300 3205 2395 3258 Dei
2438 3206 2591 3258 illum
2634 3221 2753 3258 esse
2787 3223 2797 3256 :
2830 3213 2927 3257 aut
2954 3203 3209 3256 eumdem
3227 3218 3347 3257 esse
3379 3202 3617 3265 Patrem,
3674 3210 3731 3255 et

444 3290 476 3361 ῆ
507 3292 597 3345 τὸν
632 3294 867 3363 Χριστὸν
899 3296 973 3366 μὴ
1003 3292 1141 3350 εἷναι
1169 3299 1302 3350 Θεὸν
1351 3300 1458 3367 πρὸ
1493 3301 1603 3353 τῶν
1632 3302 1862 3366 αἰώνων,
1898 3305 2033 3375 μήτε
2063 3290 2107 3351 C
2138 3299 2230 3352 Fili

1942 3305 2033 3375 ήτε
2063 3290 2107 3351 C
2138 3299 2361 3363 Filium,
2395 3307 2451 3351 et
2480 3298 2744 3367 Spiritum
2762 3306 3011 3351 sanctum
3042 3314 3052 3348 :
3080 3305 3174 3349 aut
3201 3296 3398 3349 Filium
3429 3310 3549 3349 esse
3574 3295 3728 3363 inge-

445 3384 698 3453 Χριστὸν,
731 3388 867 3457 μήτε
894 3388 1020 3441 Υἱὸν
1067 3389 1202 3441 Θεοῦ
1232 3387 1373 3444 εἶναι
1406 3393 1569 3445 αὑτὸν
1607 3406 1655 3457 ιι,
1686 3394 1718 3464 ἢ
1746 3396 1838 3449 τὸν
1866 3397 2028 3450 αὑτὸν

448 3474 588 3530 εἶναι
624 3481 842 3550 Πατέρα
871 3482 965 3533 καὶ
998 3482 1122 3534 Υἰὸν
1148 3484 1243 3536 καὶ
1292 3484 1444 3552 ἅγιον
1476 3486 1723 3557 Πνεῦμα,
1755 3490 1848 3542 καὶ
1879 3490 2039 3558 ἀγέν-

445 3588 605 3640 νητον
639 3573 729 3625 τὸν
751 3572 898 3637 Υἰὸν,
928 3574 960 3643 ἢ
1006 3574 1086 3626 ὅτι
1114 3576 1173 3627 οὑ
1211 3576 1485 3647 βουλήσει,
1521 3580 1641 3631 οὑδὲ
1672 3580 1887 3651 θελήσει
1922 3583 2035 3651 (50)

445 3658 790 3729 ἐγέννησενὸ
832 3663 1021 3732 Πατὴρ
1066 3664 1157 3715 τὸν
1204 3665 1353 3729 Υἰὺν,
1402 3668 1858 3740 ἀναθεματίζειή
1907 3672 2039 3739 ἁγία

447 3753 543 3804 καὶ
590 3754 868 3826 Καθολικὴ
921 3757 1241 3827 Ἐκκλησία.
1291 3758 1429 3812 Οὔτε
1480 3762 1589 3831 γὰρ
1636 3762 1697 3826 ἐξ
1733 3764 1835 3816 οὑκ
1869 3764 2037 3817 ὄντων

445 3845 627 3913 λέγειν
659 3846 751 3899 τὸν
774 3846 903 3900 Υἰὸν
933 3850 1195 3917 ἀσφαλές
1240 3852 1363 3903 ἐπεὶ
1415 3853 1667 3923 μηδαμοῦ
1729 3854 1889 3907 τοῦτο
1928 3854 2037 3908 τῶν

449 3936 825 3991 θεοπνεύστων
876 3940 915 3991 Γ
923 3941 1111 4011 ραφῶν
1166 3942 1467 4012 ἐμφέρεται
1518 3945 1645 4015 περί
1680 3945 1867 3999 αὑτοῦ.
1899 3946 2035 4000 Οὑτε

453 4030 597 4100 μὴν,
649 4032 707 4098 ἐξ
768 4032 963 4103 ἑτέρας
1030 4035 1383 4098 ὑποστάσεως
1442 4036 1593 4107 παρά
1662 4037 1753 4091 τὸν
1818 4040 2037 4109 Πατέρα

452 4124 963 4194 προϋποκειμένης,
1015 4124 1129 4177 ἀλλ’
1177 4127 1242 4177 ὲκ
1296 4126 1459 4195 μόνου
1498 4127 1592 4179 τοῦ
1623 4128 1759 4181 Θεοῦ
1798 4130 2036 4199 γνησίως

449 4212 608 4263 αὑτὸν
632 4214 992 4283 γεγεννῆσθαι
1014 4216 1400 4286 διδασκόμεθα.
1425 4218 1523 4270 Ἓν
1544 4219 1652 4287 γὰρ
1668 4218 1726 4270 τὸ
1743 4219 2035 4289 ἀγέννητον

450 4303 545 4355 καὶ
579 4303 834 4375 ἄναρχον,
857 4306 949 4358 τὸν
979 4307 1219 4377 Χριστοῦ
1276 4308 1497 4379 Πατέρα
1551 4311 1578 4361 ὁ
1617 4309 1758 4372 θεῖος
1795 4310 2034 4364 διδάσκει

449 4394 626 4460 λόγος.
671 4398 807 4449 ’Δλλ’
843 4398 963 4451 οὑδὲ
994 4399 1054 4451 τὸ
1096 4394 1164 4469 ἦν
1195 4415 1326 4451 ποτε
1354 4400 1443 4452 ὅτε
1474 4396 1573 4453 οὑκ
1594 4396 1662 4471 ἦν
1695 4401 2035 4473 ὲξάγράφων

448 4489 765 4558 ἐπισφαλῶς
790 4476 1070 4559 λέγοντας,
1118 4492 1368 4564 χρονικὸν
1388 4491 1662 4562 διάστημα
1694 4494 2029 4565 προενθυμη-

448 4582 568 4633 τέον
596 4582 785 4649 αὑτοῦ,
820 4582 993 4654 ἀλλ’ἢ
1025 4588 1183 4655 μόνον
1216 4585 1307 4638 τὸν
1350 4587 1593 4657 ἀχρόνως
1641 4588 1804 4641 αὑτὸν
1844 4604 2033 4656 γεγεν-

448 4672 649 4741 νηκότα
677 4673 811 4725 Θεόν
835 4690 849 4704 ο
880 4675 975 4726 καί
995 4674 1178 4744 χρόνοι
1206 4675 1315 4745 γὰρ
1340 4676 1434 4726 καὶ
1456 4675 1648 4739 αἰῶνες
1677 4676 1935 4745 γεγόνασι
1960 4676 2027 4729 δι’

448 4764 633 4817 αὑτοῦ.
670 4764 810 4818 Οὔτε
840 4767 949 4837 μὴν
977 4768 1332 4839 συνάναρχον,
1364 4767 1487 4820 οὔτε
1517 4767 1911 4839 συναγέννητον
1937 4769 2026 4821 τὸν

450 4857 577 4909 Υἰὺν
595 4856 674 4928 τῷ
704 4858 881 4928 Πατρί
908 4856 1067 4925 εἶναι,
1096 4860 1400 4931 νομιστέον.
1433 4860 1773 4931 Συνανάρχου
1795 4860 1903 4930 γὰρ
1934 4862 2028 4913 καὶ

450 4952 845 5022 συναγεννήτου
872 4952 1047 5016 οὐδεὶς
1085 4953 1290 5025 κυρίως
1324 4952 1590 5023 Πατὴρ,ῆ
1622 4953 1749 5016 Υἱὸς
1774 4952 2029 5023 λεχθήσε-

519 5108 560 5137 ²⁷
625 5107 826 5177 Ephes.
885 5125 964 5171 ιιι,
1029 5111 1110 5163 IS.

2138 3392 2315 3444 nilum
2339 3431 2352 3455 ,
2391 3399 2485 3443 aut
2520 3390 2738 3443 Patrem
2770 3404 2878 3441 non
2920 3388 3147 3441 arbitrio
3194 3404 3294 3441 suo
3335 3403 3397 3441 ac
3444 3387 3729 3441 voluntate

2138 3484 2388 3552 genuisse
2422 3483 2642 3545 Filium,
2668 3498 2782 3544 eos,
2821 3482 3065 3549 inquam,
3097 3478 3521 3532 anathematizat
3544 3488 3730 3530 sancta

2137 3585 2192 3629 et
2218 3574 2549 3629 universalis
2575 3574 2841 3628 Ecclesia.
2879 3574 3014 3627 Nam
3053 3588 3231 3640 neque
3256 3572 3391 3625 citra
3421 3571 3728 3640 periculum

2136 3668 2341 3721 erroris
2367 3667 2474 3721 diei
2510 3674 2691 3735 potest
2721 3666 2920 3719 Filium
2951 3680 3018 3717 ex
3046 3664 3112 3717 iis
3132 3680 3253 3732 qua:
3289 3678 3400 3717 non
3442 3672 3603 3717 erant
3632 3678 3728 3716 ex-

2137 3759 2362 3821 stitisse,
2392 3774 2516 3812 cum
2553 3773 2825 3826 nusquam
2871 3757 2926 3810 in
2972 3756 3174 3811 divinis
3223 3755 3406 3810 Libris
3451 3755 3505 3809 id
3536 3755 3603 3808 de
3635 3756 3729 3809 illo

2137 3850 2415 3919 proditum
2442 3848 2820 3918 reperiamus;
2847 3862 3025 3916 neque
3057 3862 3123 3900 ex
3153 3846 3256 3900 alia
3286 3855 3487 3916 praeter
3510 3847 3729 3900 Patrem

2139 3944 2293 4013 prius
2319 3943 2617 3997 exsistente
2652 3941 2953 4012 hypostasi,
2996 3940 3091 3994 sed
3116 3956 3181 3994 ex
3199 3940 3316 3993 solo
3340 3940 3451 3993 Deo
3470 3954 3599 3993 vere
3638 3954 3729 4008 ge-

2138 4040 2315 4094 nitum
2367 4056 2488 4094 esse
2527 4038 2821 4092 didicimus
2860 4055 2871 4089 :
2905 4053 3074 4091 unum
3121 4037 3266 4090 enim
3304 4036 3607 4105 ingenitum
3666 4052 3730 4089 ac

2138 4132 2393 4201 principii
2451 4142 2730 4200 expertem
2776 4146 2917 4193 esse,
2958 4128 3163 4183 Christi
3206 4127 3420 4181 scilicet
3470 4127 3725 4189 Patrem,

2137 4219 2355 4273 divinus
2395 4236 2576 4273 sermo
2617 4219 2953 4288 pronuntiat.
2994 4217 3098 4271 Sed
3134 4232 3309 4285 neque
3339 4232 3435 4269 eos
3483 4217 3575 4285 qui
3609 4216 3729 4270 sine

2137 4324 2306 4363 saera:
2353 4308 2650 4379 Scriptura:
2696 4309 3023 4363 auctoritate
3084 4319 3290 4362 temere
3330 4308 3558 4370 dicunt,
3625 4307 3729 4361 fuit

2136 4401 2434 4470 aliquando
2494 4411 2710 4471 tempus
2775 4417 2900 4455 cum
2961 4416 3072 4453 non
3129 4410 3313 4463 esset,
3373 4400 3727 4470 praecogitare

2136 4501 2355 4561 oportet
2392 4493 2575 4547 animo
2621 4492 2844 4561 aliquod
2894 4491 3157 4559 temporis
3207 4490 3444 4559 spatium
3510 4500 3728 4545 antece-

2136 4584 2293 4648 dens,
2339 4584 2435 4638 sed
2469 4584 2647 4637 solum
2680 4584 2850 4637 Deum
2891 4583 2985 4652 qui
3010 4583 3127 4636 sine
3161 4589 3406 4650 tempore
3449 4582 3605 4636 illum
3630 4598 3726 4651 ge-

2134 4678 2319 4730 nuerit
2372 4693 2384 4729 :
2424 4686 2669 4746 tempora
2723 4677 2871 4731 enim
2918 4684 2973 4729 et
3021 4675 3219 4729 saecula
3255 4689 3354 4743 per
3387 4674 3541 4727 illum
3584 4673 3725 4728 facta

2134 4782 2281 4824 sunt.
2315 4768 2502 4838 Neque
2551 4769 2681 4823 item
2714 4768 3140 4823 existimandum
3195 4775 3280 4822 est
3338 4766 3536 4821 Filium
3577 4766 3725 4820 Patri

2135 4862 2527 4932 coingenitum,
2543 4870 2598 4914 et
2614 4860 2865 4931 principii
2880 4860 3040 4915 simul
3058 4876 3181 4913 eum
3196 4874 3262 4913 eo
3284 4867 3562 4927 expertem
3579 4872 3722 4911 esse.

2135 4954 2346 5023 Quippe
2377 4953 2675 5022 coingeniti
2704 4960 2760 5007 et
2793 4951 3066 5022 principio
3107 4950 3271 5005 simul
3300 4950 3569 5012 carentis,
3619 4960 3725 5003 nec

1649 5202 1919 5258 VALESII
1959 5200 2513 5257 ANNOTATIONES.

525 5314 634 5385 (ὅθ)
668 5316 741 5385 "Il_
763 5314 852 5367 ὅτι
904 5315 1296 5380 οὐβουλήσει
1346 5315 1487 5367 οὐδὲ
1536 5316 1802 5382 θελήσει.
1830 5316 2034 5385 Dogma

453 5382 557 5436 hoc.
582 5384 685 5438 fuit
713 5382 1064 5440 Arianorum.
1101 5386 1245 5439 lnl'ra
1289 5393 1469 5439 tamen
1506 5392 1840 5439 sententiam
1877 5382 2031 5439 suam

450 5454 793 5509 mmmodius
810 5456 1085 5524 explicant
1113 5455 1439 5521 Orientales,
1472 5466 1532 5509 ut
1566 5458 1779 5510 scilicet
1836 5456 2036 5510 intelli-

2177 5323 2301 5367 atur
2328 5314 2488 5368 Pater
2522 5326 2629 5365 non
2678 5320 2920 5372 coactus,
2952 5326 3051 5364 nec
3099 5310 3303 5363 invitus
3338 5309 3592 5378 genuisse
3629 5310 3719 5363 Fi-

2167 5400 2299 5437 tum.

1911 5611 2294 5669 VARIORUM.

523 5740 548 5767 ι
578 5726 739 5790 Μήτε
771 5727 1058 5796 Χριστὸν.
1080 5727 1232 5795 μήτε
1274 5728 1408 5779 Υὲὸν
1435 5724 1584 5779 Θεοῦ
1623 5721 1778 5796 εἶναι
1810 5728 2015 5780 αὐτόν.

452 5798 639 5861 Verte,
680 5795 847 5867 neque
890 5797 1129 5851 eumdem
1174 5806 1222 5867 et
1264 5797 1531 5851 Christum
1585 5806 1632 5847 et
1688 5795 1885 5850 Filium
1926 5797 2025 5851 Dei

455 5884 581 5922 esse.
638 5866 1019 5938 PerStringnnt
1050 5870 1165 5924 hac
1202 5866 1534 5927 Marcellum,
1568 5872 1660 5935 qui
1694 5867 1898 5921 Christi
1946 5884 2033 5922 rc—

2132 5741 2298 5795 gnum
2323 5741 2353 5779 a
2384 5728 2671 5781 nativitate
2701 5728 2819 5797 ejus
2853 5726 3169 5796 incipiebat.
3190 5726 3325 5781 Vide
3359 5728 3498 5782 infra
3536 5745 3587 5781 in
3612 5744 3720 5786 nec

2137 5797 2336 5866 capite,
2384 5798 2583 5852 Valesii
2647 5809 2834 5852 annot.
2889 5800 2941 5851 in
2977 5798 3094 5851 haac
3133 5797 3320 5862 verba,
3371 5798 3487 5853 ἀλλ’
3532 5801 3717 5855 ἔκτοτε

2144 5868 2377 5939 Χριστὸν
2407 5869 2570 5922 αὑτὸν
2589 5868 2890 5935 γεγονέναι.
2918 5869 3004 5922 W.
3038 5868 3254 5923 Low'm.
