4524 6582
451 492 559 548 2‘29

1509 485 1827 543 HISTORIA
1866 484 2418 543 ECCLESIASTICA.
2462 518 2527 526 -—
2561 485 2690 542 LIB.
2734 486 2797 542 ll.

3590 490 3694 544 Ξῖ»)

439 596 950 680 Ἀγκυρογαλατῶν·
985 599 1033 651 οἳ
1071 599 1166 670 τὴν
1209 598 1530 671 προαιώνιον
1562 598 1796 671 ῦπαρξίν
1818 615 1895 661 ,τε
1918 598 2011 652 καὶ
2041 605 2082 660 Α
2113 613 2225 652 mur

1918 598 2011 652 καὶ
2041 605 2082 660 Α
2113 598 2301 653 mundi
2317 599 2844 654 consummationem
2889 605 3053 667 atque
3088 597 3377 670 judicium,
3405 599 3566 655 finem
3586 602 3685 657 ha-

437 697 664 766 θεότητα
707 691 800 745 τοῦ
837 691 1103 764 Χριστοῦ,
1146 692 1240 745 καὶ
1289 691 1388 762 τὴν
1443 692 1798 762 ἀτελεύτητον
1841 684 2004 744 αὑτοῦ

439 787 718 862 βασιλείαν
780 786 981 854 ὁμοίως
1050 785 1324 848 Ἰουδαίοις
1380 783 1662 838 ἀθετοῦσιν
1717 784 1858 856 (55),
1916 785 2008 838 ἐπὶ

437 875 708 946 προφάσει
767 874 860 928 τοῦ
901 872 1256 927 συνίστασθαι
1308 873 1485 927 δοκεῖν
1533 874 1634 946 τὴν
1689 874 2004 945 μοναρχίαν.

438 970 630 1038 Ἰσμεν
659 967 765 1039 γὰρ
797 966 961 1019 αὑτὸν
1009 968 1190 1036 ἡμεῖς,
1219 966 1317 1036 οὐχ
1354 965 1540 1030 ἁπλῶς
1594 967 1768 1035 Λόγον
1800 983 2006 1038 προφο-

441 1058 592 1131 ρικὺν
648 1057 681 1128 ἢ
733 1056 1039 1110 ἐνδιάθετον
1091 1055 1186 1109 τοῦ
1245 1055 1419 1122 Θεοῦ,
1475 1055 1610 1109 ἀλλὰ
1653 1056 1832 1122 ζῶντα
1880 1058 2011 1112 Θεὸν

438 1147 646 1214 Λόγον,
699 1148 792 1200 καὶ
863 1146 984 1200 καθ’
1047 1146 1238 1201 ἑαυτὸν
1308 1149 1623 1221 ὑπάρχοντα
1697 1148 1807 1220 (54)
1834 1165 1848 1180 ο
1916 1151 2011 1203 καὶ

435 1237 566 1292 Υἱόν
628 1238 762 1292 Θεοῦ
813 1239 906 1293 καὶ
956 1237 1210 1310 Χριστόν.
1287 1239 1398 1293 Καὶ
1465 1240 1524 1292 ού
1583 1241 2011 1312 προγνωστικῶς

441 1332 666 1385 συνόντα
695 1333 788 1385 καὶ
838 1330 1278 1402 συνδιατρίϐοντα
1323 1330 1431 1401 πρὸ
1469 1329 1679 1386 αἰώνων
1711 1331 1790 1402 τῷ
1820 1331 2010 1386 ἑαυτοῦ

442 1423 635 1495 Πατρὶ,
689 1425 783 1477 καὶ
836 1423 969 1494 πρὸς
1005 1424 1186 1477 πᾶσαν
1211 1423 1670 1496 διακονησάμενον
1716 1425 1865 1496 αύτῷ
1907 1425 2006 1496 τὴν

437 1515 820 1587 δημιουργίαν,
865 1516 976 1569 εἴτε
1012 1514 1121 1568 τῶν
1154 1515 1386 1586 ὁρατῶν,
1418 1517 1528 1569 εἴτε
1573 1515 1684 1569 τῶν
1729 1517 2008 1586 ἀοράτωνο

439 1607 554 1661 ἀλλ’
583 1608 948 1660 ἐνυπόστατον
979 1605 1154 1672 Λόγον
1177 1605 1305 1660 ὅντα
1329 1606 1420 1660 τοῦ
1445 1605 1775 1678 Πατρὸς,καὶ
1795 1606 1925 1659 Θεὸν
1949 1607 2014 1659 ἐκ

439 1698 595 1752 Θεοῦ.
637 1693 806 1762 Οὗτος
837 1699 946 1769 γάρ
999 1698 1116 1750 ὲστι
1161 1696 1300 1769 πρὸς
1345 1697 1405 1751 ὃν
1434 1693 1586 1751 εἶπεν
1617 1701 1646 1752 ό
1677 1696 1887 1769 Πατὴρ,
1931 1698 2012 1751 ὅτι

438 1792 792 1860 Ποιήσωμεν
832 1791 1144 1860 ἄνθρωπον
1182 1791 1310 1844 κατ’
1343 1791 1546 1844 εἰκόνα
1581 1789 1869 1860 ὑμετέραν
1913 1787 2012 1842 καὶ

440 1885 568 1936 καθ’
599 1884 885 1952 ὁμοίωσιν
907 1903 919 1915 ο
940 1885 998 1948 ὃς
1028 1887 1250 1950 καὶτοῖς
1281 1883 1549 1954 πατράσιν
1578 1881 2014 1954 αύτοπροσὼπως

2108 691 2373 746 biturum.
2409 691 2732 762 llujusmodi
2763 700 2892 745 sunt
2930 700 3228 748 sectatores
3260 692 3500 748 Marcelli
3527 702 3692 764 atque

2108 784 2323 839 Photini
2339 783 2765 856 Ancyranorum,
2791 785 2884 854 qui
2909 784 3376 841 mternamChristi
3400 786 3691 842 essentiam

2109 891 2174 930 ac
2197 875 2566 942 divinitatem,
2589 877 2816 947 ejusque
2831 885 3156 946 perpetuum
3183 884 3241 930 et
3266 876 3574 933 immortale
3601 892 3689 932 re-

2109 982 2275 1037 gnum
2309 967 2542 1038 perinde
2589 967 2891 1038 abrogant,
2928 977 2990 1020 ut
3024 968 3405 1023 monarchiam
3437 971 3692 1031 stabilire

2110 1057 2422 1113 videantur.
2460 1058 2570 1113 Nos
2611 1074 2744 1114 vero
2795 1058 3155 1130 intelligimus
3193 1060 3346 1115 illum
3413 1077 3525 1118 non
3571 1081 3691 1122 esse

2111 1148 2379 1204 duntaxat
2431 1149 2672 1206 Verbum
2726 1150 2822 1205 Dei
2860 1150 3134 1221 prolatum
3172 1158 3229 1205 et
3272 1151 3570 1219 internum,
3597 1156 3689 1210 sed

2112 1241 2354 1298 Verbum
2382 1243 2572 1298 vivens
2600 1257 2664 1297 ac
2694 1257 2792 1312 per
2824 1257 2881 1297 se
2903 1241 3238 1301 subsistens.
3277 1250 3476 1312 utpote
3514 1245 3688 1300 Deum

2115 1333 2376 1398 Verbum,
2401 1335 2606 1404 Deique
2631 1334 2830 1388 Filium
2858 1341 2914 1388 et
2937 1332 3238 1389 Christum.
3267 1334 3381 1391 Nec
3405 1352 3504 1406 per
3519 1337 3689 1392 solam

2112 1427 2507 1495 praescicntiam
2563 1427 2715 1481 illum
2751 1441 2876 1480 cum
2929 1425 3089 1480 Patre
3113 1441 3331 1497 semper
3383 1427 3574 1493 fuisse,
3635 1437 3689 1484 et

2119 1519 2273 1590 101
2309 1527 2436 1573 ante
2469 1519 2654 1573 omnia
2699 1519 2895 1574 saecula
2931 1533 3056 1574 cum
3085 1532 3151 1572 eo
3188 1517 3357 1574 fuisse
3388 1529 3688 1586 versatum,

2110 1610 2502 1666 inservientem
2532 1610 2612 1664 illi
2641 1609 2709 1664 ad
2731 1609 3065 1664 creationem
3087 1611 3331 1664 omnium
3354 1627 3562 1678 rerum,
3582 1620 3689 1667 tam

2112 1703 2411 1758 visibilium
2443 1719 2605 1774 quam
2639 1701 3032 1768 invisibilium;
3069 1702 3162 1757 sed
3201 1702 3559 1758 substantiale
3585 1704 3689 1759 Pa-

2115 1797 2217 1852 tris
2239 1796 2501 1860 Verbum,
2523 1803 2574 1849 et
2594 1796 2766 1850 Deum
2791 1810 2856 1849 ex
2878 1794 2992 1849 Deo
3021 1794 3171 1848 illum
3195 1811 3316 1850 esse
3342 1795 3688 1865 proﬁtemur.

2115 1888 2232 1959 Ipse
2265 1889 2410 1944 enim
2433 1896 2518 1943 est
2535 1888 2624 1943 cui
2651 1887 2787 1942 dixit
2809 1888 2969 1942 Pater
2992 1903 3008 1940 ι
3038 1886 3316 1941 Faciamus
3339 1889 3599 1942 hominem
3621 1888 3692 1942 ad

438 1975 594 2046 ὔκρθη
622 1977 870 2041 δεδωκὼς
893 1979 983 2031 τὸν
1009 1981 1194 2050 νόμον,
1231 1978 1324 2032 καὶ
1351 1977 1587 2048 λαλήσας
1617 1977 1706 2030 διὰ
1731 1975 1838 2029 τῶν
1872 1992 2004 2046 προ·
2040 1965 2092 2018 δ’
2111 1981 2224 2044 ἱηια,

1900 1992 2004 2046 τρο·
2040 1965 2396 2051 Πὶηιαοίηειη
2427 1989 2476 2033 et
2511 1979 2910 2034 similitudinem
2952 1988 3187 2033 nostram
3212 1981 3283 2047 ἐς
3316 1981 3409 2050 qui
3449 1980 3686 2050 antiquis

439 2068 647 2138 φητῶν,
674 2070 769 2123 καὶ¹
798 2071 867 2122 τὰ
890 2070 1172 2125 τελευταῖα
1189 2069 1632 2141 ὲνανθρωπήσας,
1661 2069 1754 2123 καὶ
1778 2067 1866 2121 τὸν
1887 2069 2010 2121 ἐαυ-

451 2162 532 2217 τοῦ
563 2163 784 2234 Πατέρα
816 2165 979 2218 πᾶσιν
1005 2163 1312 2236 ἀνθρώποις
1346 2162 1685 2235 φανερώσας,
1719 2163 1814 2216 καὶ
1855 2161 2009 2232 βασι-

439 2254 612 2310 λεύων
661 2257 740 2320 εἰς
792 2256 918 2320 τοὺς
961 2257 1348 2328 ἀτελευτήτους
1402 2257 1624 2319 αἰῶνας.
1681 2255 1846 2308 Ούδὲν
1899 2255 2008 2326 γὰρ

438 2349 755 2420 ’πρόσφατον
797 2351 824 2402 ὁ
871 2351 1103 2422 Χριστὸς
1153 2350 1513 2422 προσείληφεν
1573 2349 1823 2419 ἀξίωμαο
1884 2346 2018 2402 ἀλλά

441 2439 646 2495 ἄνωθεν
690 2440 894 2494 τέλειον
941 2443 1121 2509 αὐτὸν,
1176 2444 1268 2497 καὶ
1298 2443 1376 2513 τῷ
1427 2441 1606 2512 Πατρὶ
1659 2441 1799 2494 κατὰ
1843 2441 2018 2494 πάντα

441 2534 625 2604 ὅμοιον
671 2533 1140 2604 πεπιστεύκαμεν.
1195 2532 1304 2586 Καὶ
1359 2532 1481 2596 τοὺς
1529 2531 1785 2600 λέγοντας
1828 2529 1884 2582 δὲ
1925 2529 2017 2582 τὸν

435 2627 606 2682 αὐτὸν
638 2622 778 2680 εἶναι
811 2627 1027 2698 Πατέρα
1050 2628 1145 2681 καὶ
1176 2626 1302 2680 Υἱὸν
1330 2626 1422 2679 καὶ
1447 2626 1600 2693 ἅγιον
1629 2623 1872 2694 Πνεῦμα,
1893 2623 2014 2676 καθ’

442 2720 562 2785 ἑνὸς
595 2721 687 2774 καὶ
717 2720 812 2774 τοῦ
843 2720 1004 2774 αὐτοῦ
1046 2719 1371 2792 πράγματός
1397 2735 1456 2771 τε
1489 2719 1583 2772 καὶ
1625 2715 1915 2788 προσώπου
1943 2716 2011 2770 τὰ

444 2809 570 2879 τρία
602 2810 840 2880 ὀνόματα
876 2808 1089 2872 ἀσεϐῶς
1128 2808 1586 2880 ὲκλαμὸἀνοντας,
1621 2807 1844 2870 εἰκότως
1879 2807 2014 2860 ἀπο·

441 2901 789 2971 κηρύσσομεν
825 2901 923 2972 τῆς
968 2901 1312 2971 Ἐκκλησιας,
1347 2902 1428 2954 ὅτι
1471 2899 1561 2953 τὸν
1600 2897 1883 2970 ἀχώρητον
1918 2899 2014 2953 καὶ

441 2993 628 3064 ἀπαθῆ
657 2993 898 3067 Πατέρα,
931 2993 1178 3065 χωρητδν
1219 2993 1335 3064 ἅμα
1366 2993 1459 3047 καὶ⁸
1511 2993 1752 3062 παθητὸν
1796 2992 1884 3046 διὰ
1913 2991 2014 3063 τῆς

442 3086 910 3158 ἐνανθρωπήσεως
945 3083 1314 3139 ὑποτίθενται.
1363 3085 1606 3138 Τοιοῦτοι
1643 3085 1752 3156 γάρ
1797 3085 1937 3138 εἰσιν
1964 3085 2012 3138 oi

2114 2072 2363 2142 patribus
2391 2087 2682 2142 personam
2710 2086 2863 2126 suam
2895 2071 3245 2140 spectandam
3277 2071 3548 2137 exhibuit;
3594 2072 3686 2141 qui

2112 2162 2285 2235 legem
2320 2163 2499 2230 dedit;
2527 2164 2619 2234 qui
2649 2165 2865 2219 loculus
2891 2172 2975 2219 est
3005 2180 3102 2235 per
3134 2164 3467 2235 prophetas;
3498 2165 3590 2235 qui
3621 2166 3688 2220 ad

2113 2265 2416 2311 extremum
2441 2257 2606 2310 homo
2629 2255 2823 2320 factus,
2850 2255 3066 2310 Patrem
3091 2271 3250 2310 suum
3276 2258 3488 2311 cunctis
3515 2257 3684 2312 Immi-

2115 2346 2280 2401 nibus
2303 2345 2675 2400 manifestavit
2712 2363 2726 2399 :
2770 2345 2862 2416 qui
2891 2346 3129 2417 denique
3164 2356 3355 2419 regnat
3398 2348 3454 2402 in
3491 2365 3685 2419 perpe-

2116 2447 2208 2494 tua
2232 2440 2448 2495 saecula.
2490 2440 2679 2510 Neque
2713 2440 2862 2495 enim
2912 2439 3078 2494 ullam
3125 2440 3445 2512 dignitatem
3493 2458 3681 2500 recens

2111 2531 2346 2600 adeptus
2387 2539 2470 2585 est
2499 2529 2786 2598 Christus;
2819 2531 2912 2587 sed
2943 2547 3066 2586 eum
3093 2531 3162 2586 ab
3184 2533 3334 2588 omni
3367 2549 3484 2589 aevo
3509 2532 3678 2604 perfe-

2112 2633 2284 2689 ctum,
2315 2624 2573 2694 Patrique
2607 2639 2706 2694 per
2731 2625 2912 2680 omnia
2940 2625 3173 2680 similem
3200 2625 3366 2681 fuisse
3389 2627 3690 2686 credimus.

2120 2717 2244 2771 lvios
2270 2717 2432 2770 etiam
2463 2717 2554 2786 qui
2597 2715 2849 2771 eumdem
2888 2731 3009 2772 esse
3035 2717 3227 2771 dicunt
3250 2718 3465 2773 Patrem
3496 2734 3561 2773 ac
3597 2719 3681 2773 Fi-

2106 2810 2241 2864 lium
2275 2816 2330 2864 et
2357 2808 2620 2878 Spiritum
2663 2816 2932 2874 sanctum,
2970 2809 3075 2863 tria
3100 2809 3215 2864 hzec
3243 2811 3464 2865 nomina
3490 2811 3556 2865 de
3580 2827 3632 2866 ll!
3657 2826 3686 2866 a

2109 2902 2411 2971 eademque.
2437 2917 2495 2955 re
2519 2917 2583 2956 ac
2620 2916 2854 2972 persona
2898 2917 2998 2972 per
3038 2917 3302 2956 summam
3349 2902 3668 2973 impietaten

2111 2994 2461 3064 accipientes,
2490 2993 2686 3047 merito
2719 2993 2787 3047 ab
2812 2993 3054 3053 Ecclesia
3081 2994 3406 3065 relegamus,
3443 3010 3511 3050 eo
3535 2994 3678 3065 quod

2112 3086 2334 3142 Patrem
2359 3088 2451 3157 qui
2476 3102 2579 3142 nec
2606 3086 2999 3157 comprehendi
3035 3101 3138 3142 nec
3167 3088 3278 3157 pati
3320 3095 3523 3158 potest,
3559 3103 3673 3158 pas-

448 3178 882 3250 Ηατροπασιανοὶ
921 3178 947 3218 (1
987 3179 1136 3250 παρά
1173 3179 1461 3250 Ῥωμαίοις
1485 3178 1622 3249 (55),
1672 3177 2016 3232 Σαϐελλιανοὶ
2042 3161 2083 3219 C
2115 3178 2234 3234 sion

1889 3177 2016 3231 .avol.
2042 3161 2083 3219 (ἶ
2115 3178 2257 3234 sioni
2285 3187 2340 3234 et
2366 3178 2845 3248 comprehensioni
2882 3177 3184 3252 subjiciunt
3211 3193 3312 3252 per
3347 3178 3675 3236 incarnatio-

513 3299 557 3331 ²⁹
585 3297 720 3354 Gen.
750 3314 789 3364 ι,
817 3297 908 3353 26.

1635 3364 1902 3422 VALESII
1935 3363 2486 3422 ANNOTATIONES.

516 3463 626 3535 ('53)
664 3463 924 3535 Ὀμοίως
951 3461 1290 3535 ἀθετοῦσιν.
1326 3462 1484 3535 Hunc
1510 3462 1688 3535 locum
1711 3461 1926 3535 restitui
1948 3478 2015 3517 ex

444 3532 724 3590 Athanasii
753 3533 894 3587 libro
922 3535 997 3588 De
1029 3533 1270 3604 synodis,
1302 3533 1395 3587 ubi
1423 3534 1535 3587 hzec
1558 3532 1791 3604 formula
1837 3533 2014 3586 refcr-

446 3613 555 3668 tur,
589 3621 710 3658 meo
741 3604 963 3672 quidem
998 3603 1205 3674 judicio
1251 3604 1566 3674 doctissima
1614 3610 1670 3654 et
1719 3603 2013 3671 elegantis-

445 3676 600 3730 sima.
633 3675 814 3729 Codex
846 3673 1062 3743 quoque
1097 3675 1296 3728 Leonis
1320 3673 1498 3728 Allatii
1534 3673 1714 3743 plane,
1740 3674 2013 3743 consentit

447 3761 571 3800 cum
627 3745 944 3810 Athanasio,
976 3742 1100 3800 nisi
1151 3746 1299 3815 quod
1357 3745 1677 3806 ἀθετοῦντες
1708 3742 1876 3797 habet
1910 3759 2011 3814 pro

445 3815 746 3868 ἀθετοῦσιν.

517 3885 627 3956 (5-4)
690 3885 794 3939 Καὶ
834 3887 964 3938 καθ*
1008 3884 1225 3938 ἑαυτὸν
1266 3884 1632 3956 ὑπάρχοντα.
1671 3884 1766 3956 in
1816 3883 2006 3941 codice

449 3955 760 4011 Florentino
795 3964 850 4010 et
881 3956 1169 4016 Allatiano,
1207 3960 1422 4010 necnon
1454 3955 1599 4025 apud
1653 3955 2013 4010 Athanasium

447 4027 598 4096 deest
629 4027 976 4094 conjunctiva
1006 4026 1291 4096 particula.

519 4095 629 4167 (55)
667 4100 726 4150 Ol
750 4094 1406 4167 Harponcimai-vlaapr‘t
1446 4095 1766 4167 'Ponmlotc.
1801 4094 2007 4167 Ilorum

447 4165 828 4220 hm'reticorum
855 4167 1187 4222 mentionem
1214 4166 1343 4220 facit
1367 4165 1671 4234 Cyprianus
1695 4166 1748 4234 in
1777 4165 2008 4233 epistola

443 4237 509 4306 ad
538 4237 884 4301 Jubaianum,
910 4237 976 4291 de
999 4236 1342 4306 baptizandis
1361 4233 1659 4306 lia-reﬁcis.
1691 4233 1745 4288 Si
1771 4237 2007 4290 eumdem

440 4305 678 4370 Patrem,
708 4306 942 4361 eumdem
974 4305 1187 4366 Filium.
1214 4308 1448 4360 eumdem
1475 4305 1984 4376 Spiritumsanctum

442 4377 678 4430 eanulem
705 4377 998 4432 Ecclesium
1046 4377 1362 4446 conﬁtentur
1407 4377 1672 4430 nobiscum
1716 4376 2000 4446 Patripas-

2120 3464 2281 3524 siani,
2304 3461 2672 3533 Anthmpiuni,
2697 3460 3073 3526 Valentiniani,
3099 3460 3434 3532 Apelletiani,
3464 3459 3680 3585 OKhitte,

2120 3531 2463 3585 Marcionita’.
2491 3542 2690 3585 (ωιτη-αι
2723 3533 3086 3585 Ιιωνριὲεοηιηι
3125 3541 3310 3585 uestes.
3350 3540 3456 3585 etc.
3547 3549 3678 3585 uan-

2119 3531 2463 3593 Mnrcionim’,
2491 3531 2690 3587 ἀνίη-αι
2723 3533 3086 3586 Ιιωνριὲεοηιιη
3125 3531 3310 3601 pestes,
3350 3540 3456 3601 etc.
3499 3531 3678 3600 Augu-

2119 3604 2296 3657 stinus
2328 3603 2380 3656 in
2418 3603 2560 3655 libro
2599 3603 2672 3655 De
2713 3602 3031 3660 baeresibus.
3065 3600 3192 3672 cap.
3227 3603 3315 3665 ιΗ,
3351 3600 3677 3656 Sabellianoe

2117 3674 2310 3726 scribit
2340 3675 2592 3727 crebrius
2633 3673 3067 3741 l’atripassianos
3082 3673 3286 3727 vocari.
3313 3674 3394 3727 ita
3413 3672 3680 3727 etiameos

2116 3756 2275 3799 vocat
2304 3745 2602 3800 Philatrius
2635 3744 2690 3798 in
2732 3744 2874 3798 libro
2897 3745 2973 3798 De
3006 3743 3328 3798 lueresibus.
3353 3743 3681 3812 Corruptum

2115 3824 2198 3868 est
2221 3815 2323 3869 hoc
2350 3832 2548 3869 nomen
2573 3815 2625 3869 in
2669 3814 3078 3869 commentariis
3105 3814 3358 3883 Epistolae
3398 3814 3586 3883 prima:
3617 3813 3685 3867 ad

2116 3883 2484 3948 Timotheum,
2531 3886 2624 3954 qui
2675 3885 2838 3955 vulgo
2876 3885 3194 3938 tribuuntur
3245 3884 3555 3939 Ambrosio.
3594 3884 3687 3938 Sic

2110 3959 2258 4010 enim
2290 3956 2364 4009 ibi
2399 3955 2694 4010 scribitur:
2723 3955 2855 4020 Quae
2877 3972 3014 4008 nunc
3042 3955 3412 4017 Marcionistis,
3448 3956 3685 4024 quamvis

2109 4043 2240 4096 pene
2272 4027 2592 4096 defecerunt,
2623 4035 2670 4079 et
2696 4025 3038 4096 Patricianis,
3069 4042 3130 4079 ac
3170 4027 3398 4096 maxime
3429 4027 3482 4078 in
3507 4025 3684 4096 Mani-

2108 4095 2263 4151 cum
2303 4095 2605 4150 denotatur.
2634 4096 2825 4151 Scribo
2849 4095 3287 4166 Patripassianis.
3325 4095 3470 4166 Idem
3497 4095 3682 4164 Augu-

2105 4167 2282 4221 stinus
2304 4175 2533 4222 tractatu
2561 4167 2626 4221 56
2659 4168 2711 4221 iu
2738 4164 3046 4221 Joannem:
3078 4166 3216 4221 Nam
3242 4164 3529 4220 Snbelliani
3561 4175 3684 4219 sunt

2106 4238 2319 4305 quidam
2362 4239 2612 4308 hmretici,
2653 4239 2741 4308 qui
2780 4247 3035 4290 vocantur
3064 4246 3113 4290 et
3152 4236 3563 4308 Patripassiani,
3593 4237 3685 4308 qui

2101 4307 2280 4433 tdicuiit
2313 4311 2487 4433 ipgulm
2520 4306 2738 4363 Patrem
2786 4324 3002 4378 passum
3041 4308 3220 4378 fuisse.
3270 4308 3339 4362 Et
3384 4307 3579 4362 iterum
3628 4306 3685 4360 in

2129 4393 2216 4433 rac
2245 4388 2335 4433 atu
2442 4421 2454 4432 .

2101 4383 2335 4433 tractatu
2368 4383 2454 4433 37.

1875 4502 2231 4558 VARIORUM
2240 4545 2251 4557 .

442 4601 661 4658 concilii
715 4589 932 4666 diebus,
978 4601 1064 4656 vel
1103 4602 1266 4671 paulo
1313 4612 1522 4670 postea,
1575 4599 2002 4671 limresinmsuam
2039 4601 2078 4653 D
2106 4599 2326 4671 videtur
2350 4600 2519 4655 solam
2558 4598 2775 4654 Domini
2818 4597 3126 4671 passionem
3174 4597 3496 4667 respexisse,
3536 4598 3706 4668 quad'

441 4673 757 4742 dit‘ulgavit,
791 4689 897 4742 qua
942 4668 1194 4732 asseruit,
1248 4668 1328 4742 ad‘
1369 4671 1528 4742 finem
1563 4669 1752 4722 mundi
1798 4668 2003 4722 Christi

447 4741 669 4814 regnmn
698 4750 754 4798 et
808 4741 1219 4797 Subsistentiam
1274 4741 1571 4814 desiturum
1627 4756 1766 4814 e_s_se,
1803 4748 1863 4792 ut
1906 4754 2008 4792 nec

443 4810 784 4868 in'azternum
834 4821 1106 4883 regnaret,
1141 4827 1245 4883 nec
1275 4810 1766 4883 subsisterctslioc
1795 4816 2009 4883 constat

441 4899 509 4955 ex
543 4883 734 4955 Cyrilli
794 4879 1267 4955 Hierosolymitani
1315 4881 1535 4936 Catcch.
1716 4880 1808 4934 ubi
1867 4879 2009 4955 hanc

440 4949 677 5024 hmrcsin
717 4954 845 5024 περὶ
875 4949 1137 5007 Γαλατίαν
1157 4954 1486 5024 ἀναφυείσαν
1553 4951 1719 5024 dicit,_
1752 4966 1818 5005 c0
1857 4949 2006 5024 quod

437 5023 727 5080 Marcellus
748 5021 940 5079 auctor
982 5024 1120 5093 ejus,
1174 5024 1401 5094 Ancyrae
1451 5022 1505 5074 in
1553 5021 1757 5094 Galatia
1795 5021 2007 5094 episeo-

438 5111 541 5166 pus
569 5096 690 5149 fuit.
731 5095 866 5149 Vide
897 5090 1063 5149 etiam
1097 5090 1310 5166 Euseb.‘
1358 5092 1580 5166 Contra
1616 5093 1852 5145 lllarcell.

438 5161 496 5230 ii,
526 5182 642 5236 cap.
674 5167 730 5231 4;
761 5166 1099 5236 Theodoret.
1121 5163 1316 5236 Haeret.
1368 5163 1497 5236 [ab.,
1525 5162 1619 5236 l_i_b.
1658 5177 1731 5236 _n,
1766 5176 1883 5231 cap.
1916 5161 2000 5214 10.

436 5231 618 5292 Basilii
656 5238 721 5291 Μ.
752 5237 911 5306 epist.
940 5236 1007 5290 52
1037 5235 1102 5288 ad
1126 5232 1501 5306 Athanasium.
1535 5233 1601 5306 Et
1621 5231 1690 5285 ob
1720 5233 1858 5306 hanc
1882 5248 2007 5306 pro-

437 5309 521 5362 cul
550 5308 719 5362 dubio
749 5302 1001 5369 hieresin,
1039 5305 1294 5369 Symbolo
1322 5304 1537 5358 Niceno
1572 5302 1687 5355 haec
1712 5303 1878 5356 verba
1923 5302 2006 5356 in-

440 5381 661 5448 terjecta
709 5388 856 5440 sunt,
894 5371 954 5429 οὗ
991 5368 1098 5445 τῆς
1147 5376 1417 5448 βασιλεξας
1476 5375 1572 5426 οὐκ
1622 5373 1770 5448 ἔσται
1815 5373 2000 5448 τέλοςξ

438 5442 542 5502 non
575 5458 753 5504 tamen
783 5451 851 5503 ab
881 5450 998 5517 ipso
1026 5442 1257 5502 cbnéilio
1289 5446 1530 5507 Nicmno,
1560 5443 1652 5498 sed
1683 5459 1710 5496 a
1745 5442 2001 5517 praesenti

439 5520 879 5590 bonstantinmpol
890 5515 1035 5590 itano
1052 5520 1252 5573 inserta
1266 5518 1538 5581 videnlur;
1554 5530 1582 5568 a
1595 5529 1706 5590 quo
1720 5521 1776 5567 et
1791 5515 2003 5590 reliqua

442 5589 500 5643 de
525 5590 728 5658 Spiritu
750 5585 939 5644 sancto
964 5589 1347 5648 additamenta,
1368 5595 1508 5656 post,
1541 5586 1632 5658 καὶ
1657 5587 1743 5658 ἐἰς
1756 5585 1814 5658 τὸ
1832 5586 2003 5658 Πνεῦ-

439 5676 511 5730 μα
537 5655 598 5713 τε
622 5663 791 5728 ἆγιον.
828 5661 1096 5716 Photinus
1119 5675 1248 5711 vero
1271 5655 1572 5730 discipulus
1594 5655 1706 5730 fuit
1729 5655 1995 5730 Marcelli,

432 5724 692 5786 etSirmii
734 5733 1043 5802 episcopus.
1073 5730 1236 5799 (Guil.
1288 5724 1882 5802 13evcr_egius_,_Annot.
1941 5724 1996 5778 in

433 5817 551 5857 catt.
583 5803 604 5855 ἐ
648 5797 862 5858 concilii
891 5797 1328 5868 Constantinop.,
1357 5814 1409 5868 p.
1446 5798 1531 5851 9‘2.
1565 5797 1697 5852 Vide
1738 5804 1794 5851 et
1830 5797 1999 5850 Pear—

432 5889 528 5947 sou
559 5875 611 5927 iu
639 5874 822 5944 Symb.
846 5883 1020 5944 apost.
1055 5888 1173 5947 pag.
1205 5871 1363 5947 _28.t._)
1484 5940 1495 5947 _
1778 5940 1788 5947 _
1954 5937 1964 5947 ,

502 5943 526 5980 ἀ
557 5948 618 5998 Ol
661 5940 1158 6013 Πατροῖὲασιαὶυἶ.
1205 5940 1730 6011 l’atripassianorum
1778 5940 1997 5993 haeresis

2107 4670 2340 4724 exvocis
2367 4672 2644 4725 notatione
2671 4665 2927 4722 constat:
2973 4665 3195 4721 fundata
3247 4665 3330 4721 est
3383 4665 3568 4722 autem
3625 4671 3679 4725 in

2107 4755 2294 4793 errore
2328 4740 2395 4794 de
2446 4739 2838 4798 incarnatione,
2878 4751 3002 4790 cum
3030 4752 3141 4790 non
3173 4737 3400 4791 dubium
3433 4739 3503 4792 sit
3547 4740 3678 4807 quin

2108 4810 2198 4864 ille
2227 4812 2318 4879 qui
2357 4811 2519 4864 homo
2545 4811 2719 4863 factus
2743 4817 2845 4866 est.
2879 4822 3072 4879 passus
3099 4808 3290 4879 fuerit.
3309 4807 3400 4862 Ait
3431 4808 3677 4878 Epipha-

2107 4877 2257 4934 nius
2279 4880 2510 4935 Noetum
2534 4880 2773 4950 primum
2809 4879 2950 4950 hanc
2981 4877 3214 4950 haercsjn
3264 4877 3540 4950 docuisse.
3577 4882 3676 4933 At~

2106 4953 2200 5020 qui
2225 4947 2552 5022 Cyprianus,
2583 4951 2756 5022 Nocte
2787 4947 3083 5022 antiquior,
3145 4948 3676 5022 Patripassimiorum

2105 5018 2374 5086 meminit,
2398 5023 2560 5092 epist.
2590 5021 2692 5086 75;
2721 5020 2896 5092 hujus
2931 5026 3112 5092 autem
3164 5018 3676 5092 magistenTertul-

2106 5092 2286 5147 lianus
2310 5088 2568 5147 Praieam
2593 5091 2837 5159 ejusdem
2867 5088 3137 5157 dogmatis
3161 5105 3314 5142 reum
3347 5088 3483 5143 facit
3513 5107 3524 5142 :
3556 5089 3673 5142 Duo

2107 5165 2311 5235 negotia
2353 5163 2548 5217 diaboli
2580 5161 2818 5216 Praxeas
2845 5159 3024 5213 Romae
3060 5161 3405 5281 grocuravit;
3443 5162 3676 5281 fromn:-

2107 5235 2237 5281 tiam
2275 5233 2492 5281 emnulit-
2525 5234 2765 5281 hmresim
2794 5229 3014 5281 intulit:
3110 5230 3403 5281 araclctum
3465 5232 3668 5281 uanvit.

2106 5229 2237 5289 tiam
2275 5233 2493 5305 expulit,
2525 5234 2780 5305 heresim
2794 5229 2972 5305 intulit
2997 5244 3045 5305 :_
3060 5229 3426 5305 Paraclrtum_
3441 5229 3639 5305 fugauit
3655 5270 3668 5294 ,

2104 5312 2152 5356 et
2187 5296 2400 5359 Patrem
2417 5302 2695 5372 cruciﬁxit.
2728 5301 2961 5372 (Adaei-3.
3006 5296 3192 5372 Prom,
3245 5316 3362 5369 cap.
3406 5296 3670 5372 ‘l_'.)'ldetn

2103 5373 2181 5427 De
2234 5368 2792 5447 prazscript._'advers.
2832 5370 3133 5447 Hmreticos,
3171 5368 3373 5447 c._55:_
3408 5368 3532 5447 Post
3581 5372 3672 5447 hos

2104 5441 2279 5500 omnes
2328 5441 2486 5499 etiam
2534 5443 2772 5498 Praxeas
2807 5441 3025 5511 quidam
3066 5441 3303 5494 Iiwresim
3355 5442 3668 5511 introduatit,

2104 5533 2263 5582 quam
2300 5516 2592 5571 Victorinus
2623 5510 2964 5582 corroborare
2983 5514 3202 5582 curauit.
3232 5511 3327 5566 Hic
3353 5510 3519 5565 Deum
3558 5510 3670 5565 Pa-

2104 5580 2233 5640 trem
2260 5588 2662 5657 omnipotentem
2689 5584 2870 5637 Iesum
2896 5580 3161 5657 Christum
3205 5598 3312 5636 esse
3349 5582 3496 5656 dicit,
3533 5583 3672 5635 hunc

2101 5649 2415 5727 cruciﬁxum
2445 5671 2760 5728 pessumque
2787 5649 3071 5728 contendit,
3096 5659 3381 5716 mortuum,
3411 5650 3670 5728 pripterea

2101 5723 2328 5799 seipsum
2350 5723 2455 5783 sibi
2471 5728 2648 5780 serlere
2674 5723 2748 5785 ad
2768 5724 3217 5799 tlextramhsuam,
3241 5740 3356 5778 cum
3374 5723 3601 5799 proﬁyza
3619 5729 3669 5776 et

2102 5789 2361 5871 sacrilega
2388 5799 2677 5871 temeritate
2693 5798 2957 5867 proponit.
2979 5789 3115 5871 Vide
3144 5796 3301 5866 plura
3333 5789 3481 5866 apud
3506 5793 3670 5849 Pear-

2103 5887 2219 5926 son.
2256 5867 2311 5926 in
2344 5869 2657 5942 Symbolum
2693 5876 2892 5938 apost.,
2917 5883 2972 5938 p.
3019 5867 3140 5924 158.
