  <div class='ocr_page' id='page_1' title='image "/cluster/home/n/w/nwhite01/storage/ocr_20150623/67/pst.000009865921/133.png"; bbox 0 0 4524 6582; ppageno 0'>
   <div class='ocr_carea' id='block_1_1' title="bbox 782 438 922 493">
    <p class='ocr_par' dir='ltr' id='par_1_1' title="bbox 782 438 922 493">
     <span class='ocr_line' id='line_1_1' title="bbox 782 438 922 493; baseline 0 -1"><span class='ocrx_word' id='word_1_1' title='bbox 782 465 786 468; x_wconf 50' lang='grc' dir='ltr'><strong>η</strong></span> <span class='ocrx_word' id='word_1_2' title='bbox 822 438 922 493; x_wconf 74' lang='lat'><strong>251</strong></span> 
     </span>
    </p>
   </div>
   <div class='ocr_carea' id='block_1_2' title="bbox 2294 431 2627 489">
    <p class='ocr_par' dir='ltr' id='par_1_2' title="bbox 2294 431 2627 489">
     <span class='ocr_line' id='line_1_2' title="bbox 2294 431 2627 489; baseline 0.003 -1"><span class='ocrx_word' id='word_1_3' title='bbox 2294 431 2627 489; x_wconf 72' lang='lat' dir='ltr'><strong>SOCRATIS</strong></span> 
     </span>
    </p>
   </div>
   <div class='ocr_carea' id='block_1_3' title="bbox 3964 432 4070 487">
    <p class='ocr_par' dir='ltr' id='par_1_3' title="bbox 3964 432 4070 487">
     <span class='ocr_line' id='line_1_3' title="bbox 3964 432 4070 487; baseline 0 -2"><span class='ocrx_word' id='word_1_4' title='bbox 3964 432 4070 487; x_wconf 66' lang='lat'><strong>£5!</strong></span> 
     </span>
    </p>
   </div>
   <div class='ocr_carea' id='block_1_4' title="bbox 824 541 2610 627">
    <p class='ocr_par' dir='ltr' id='par_1_4' title="bbox 824 553 2610 624">
     <span class='ocr_line' id='line_1_4' title="bbox 824 553 2610 624; baseline 0.001 -15"><span class='ocrx_word' id='word_1_5' title='bbox 824 569 970 610; x_wconf 74' lang='lat' dir='ltr'><strong>Lem.</strong></span> <span class='ocrx_word' id='word_1_6' title='bbox 993 553 1306 624; x_wconf 73' lang='lat' dir='ltr'><strong>Cuiusmodi</strong></span> <span class='ocrx_word' id='word_1_7' title='bbox 1332 561 1461 608; x_wconf 86' lang='lat' dir='ltr'><strong>sunt</strong></span> <span class='ocrx_word' id='word_1_8' title='bbox 1488 554 1582 624; x_wconf 88' lang='lat' dir='ltr'><strong>qui</strong></span> <span class='ocrx_word' id='word_1_9' title='bbox 1610 571 1638 609; x_wconf 87' lang='lat' dir='ltr'><strong>a</strong></span> <span class='ocrx_word' id='word_1_10' title='bbox 1672 555 1931 609; x_wconf 77' lang='lat' dir='ltr'><strong>Romanis</strong></span> <span class='ocrx_word' id='word_1_11' title='bbox 1958 554 2179 624; x_wconf 83' lang='lat' dir='ltr'><strong>quidem</strong></span> <span class='ocrx_word' id='word_1_12' title='bbox 2209 555 2401 609; x_wconf 81' lang='lat' dir='ltr'><strong>Patro-</strong></span> <span class='ocrx_word' id='word_1_13' title='bbox 2431 565 2473 617; x_wconf 72' lang='grc' dir='ltr'>Α</span> <span class='ocrx_word' id='word_1_14' title='bbox 2501 556 2558 610; x_wconf 80' lang='grc' dir='ltr'>δὲ</span> <span class='ocrx_word' id='word_1_15' title='bbox 2588 575 2610 609; x_wconf 81' lang='grc' dir='ltr'><strong>τ</strong></span> 
     </span>
    </p>
   </div>
   <div class='ocr_carea' id='block_1_5' title="bbox 2285 541 4071 627">
    <p class='ocr_par' dir='ltr' id='par_1_5' title="bbox 2286 541 4071 627">
     <span class='ocr_line' id='line_1_5' title="bbox 2286 541 4071 627; baseline -0.001 -20"><span class='ocrx_word' id='word_1_16' title='bbox 2286 563 2401 608; x_wconf 88' lang='lat' dir='ltr'><strong>tro-</strong></span> <span class='ocrx_word' id='word_1_17' title='bbox 2431 565 2473 617; x_wconf 73' lang='grc' dir='ltr'>Α</span> <span class='ocrx_word' id='word_1_18' title='bbox 2501 556 2558 610; x_wconf 80' lang='grc' dir='ltr'>δὲ</span> <span class='ocrx_word' id='word_1_19' title='bbox 2588 558 2719 627; x_wconf 76' lang='grc' dir='ltr'>παρ’</span> <span class='ocrx_word' id='word_1_20' title='bbox 2751 557 2880 625; x_wconf 77' lang='grc' dir='ltr'>ημῖν</span> <span class='ocrx_word' id='word_1_21' title='bbox 2910 554 3220 624; x_wconf 76' lang='grc' dir='ltr'><strong>λεγόμενοι.</strong></span> <span class='ocrx_word' id='word_1_22' title='bbox 3256 541 3486 623; x_wconf 68' lang='grc' dir='ltr'>Οἴδαμεν</span> <span class='ocrx_word' id='word_1_23' title='bbox 3513 552 3618 625; x_wconf 79' lang='grc' dir='ltr'><strong>γὰρ</strong></span> <span class='ocrx_word' id='word_1_24' title='bbox 3646 553 3825 624; x_wconf 70' lang='grc' dir='ltr'>ἡμεῖς,</span> <span class='ocrx_word' id='word_1_25' title='bbox 3859 552 3948 606; x_wconf 78' lang='grc' dir='ltr'>τὸν</span> <span class='ocrx_word' id='word_1_26' title='bbox 3974 556 4071 624; x_wconf 72' lang='grc' dir='ltr'>μιν</span> 
     </span>
    </p>
   </div>
   <div class='ocr_carea' id='block_1_6' title="bbox 822 645 2404 716">
    <p class='ocr_par' dir='ltr' id='par_1_6' title="bbox 822 645 2404 716">
     <span class='ocr_line' id='line_1_6' title="bbox 822 645 2404 716; baseline 0.003 -16"><span class='ocrx_word' id='word_1_27' title='bbox 822 645 1083 716; x_wconf 80' lang='lat' dir='ltr'><strong>passiani,</strong></span> <span class='ocrx_word' id='word_1_28' title='bbox 1140 661 1170 700; x_wconf 84' lang='lat' dir='ltr'><strong>a</strong></span> <span class='ocrx_word' id='word_1_29' title='bbox 1223 647 1383 701; x_wconf 88' lang='lat' dir='ltr'><strong>nobis</strong></span> <span class='ocrx_word' id='word_1_30' title='bbox 1435 663 1569 702; x_wconf 82' lang='lat' dir='ltr'><strong>vero</strong></span> <span class='ocrx_word' id='word_1_31' title='bbox 1617 649 1914 702; x_wconf 85' lang='lat' dir='ltr'><strong>Sabelliani</strong></span> <span class='ocrx_word' id='word_1_32' title='bbox 1965 650 2246 702; x_wconf 82' lang='lat' dir='ltr'><strong>dicuntur.</strong></span> <span class='ocrx_word' id='word_1_33' title='bbox 2292 650 2404 704; x_wconf 80' lang='lat' dir='ltr'><strong>Nos</strong></span> 
     </span>
    </p>
   </div>
   <div class='ocr_carea' id='block_1_7' title="bbox 823 736 2403 808">
    <p class='ocr_par' dir='ltr' id='par_1_7' title="bbox 823 736 2403 808">
     <span class='ocr_line' id='line_1_7' title="bbox 823 736 2403 808; baseline 0.002 -19"><span class='ocrx_word' id='word_1_34' title='bbox 823 736 970 789; x_wconf 88' lang='lat' dir='ltr'><strong>enim</strong></span> <span class='ocrx_word' id='word_1_35' title='bbox 1000 738 1204 790; x_wconf 85' lang='lat' dir='ltr'><strong>scimus</strong></span> <span class='ocrx_word' id='word_1_36' title='bbox 1269 737 1484 791; x_wconf 83' lang='lat' dir='ltr'><strong>Patrem</strong></span> <span class='ocrx_word' id='word_1_37' title='bbox 1514 737 1732 807; x_wconf 82' lang='lat' dir='ltr'><strong>quidem</strong></span> <span class='ocrx_word' id='word_1_38' title='bbox 1770 738 1865 808; x_wconf 85' lang='lat' dir='ltr'><strong>qui</strong></span> <span class='ocrx_word' id='word_1_39' title='bbox 1898 739 2068 802; x_wconf 86' lang='lat' dir='ltr'><strong>misit,</strong></span> <span class='ocrx_word' id='word_1_40' title='bbox 2095 739 2148 792; x_wconf 88' lang='lat' dir='ltr'><strong>in</strong></span> <span class='ocrx_word' id='word_1_41' title='bbox 2180 740 2403 808; x_wconf 76' lang='lat' dir='ltr'><strong>prepria</strong></span> 
     </span>
    </p>
   </div>
   <div class='ocr_carea' id='block_1_8' title="bbox 823 827 2401 898">
    <p class='ocr_par' dir='ltr' id='par_1_8' title="bbox 823 827 2401 898">
     <span class='ocr_line' id='line_1_8' title="bbox 823 827 2401 898; baseline 0.004 -18"><span class='ocrx_word' id='word_1_42' title='bbox 823 827 1180 881; x_wconf 83' lang='lat' dir='ltr'><strong>immutabilis</strong></span> <span class='ocrx_word' id='word_1_43' title='bbox 1214 828 1437 883; x_wconf 86' lang='lat' dir='ltr'><strong>deitatis</strong></span> <span class='ocrx_word' id='word_1_44' title='bbox 1458 830 1827 898; x_wconf 87' lang='lat' dir='ltr'><strong>permansisse</strong></span> <span class='ocrx_word' id='word_1_45' title='bbox 1860 839 2087 896; x_wconf 89' lang='lat' dir='ltr'><strong>natura;</strong></span> <span class='ocrx_word' id='word_1_46' title='bbox 2119 830 2401 886; x_wconf 78' lang='lat' dir='ltr'><strong>Christum</strong></span> 
     </span>
    </p>
   </div>
   <div class='ocr_carea' id='block_1_9' title="bbox 821 919 2404 993">
    <p class='ocr_par' dir='ltr' id='par_1_9' title="bbox 821 919 2404 993">
     <span class='ocr_line' id='line_1_9' title="bbox 821 919 2404 993; baseline 0.004 -22"><span class='ocrx_word' id='word_1_47' title='bbox 821 926 1002 972; x_wconf 72' lang='lat' dir='ltr'><strong>autem</strong></span> <span class='ocrx_word' id='word_1_48' title='bbox 1024 919 1117 987; x_wconf 88' lang='lat' dir='ltr'><strong>qui</strong></span> <span class='ocrx_word' id='word_1_49' title='bbox 1149 920 1347 974; x_wconf 89' lang='lat' dir='ltr'><strong>missus</strong></span> <span class='ocrx_word' id='word_1_50' title='bbox 1368 928 1473 984; x_wconf 85' lang='lat' dir='ltr'><strong>est,</strong></span> <span class='ocrx_word' id='word_1_51' title='bbox 1505 923 1690 975; x_wconf 87' lang='lat' dir='ltr'><strong>carnis</strong></span> <span class='ocrx_word' id='word_1_52' title='bbox 1718 930 2012 993; x_wconf 77' lang='lat' dir='ltr'><strong>assumpta:</strong></span> <span class='ocrx_word' id='word_1_53' title='bbox 2039 923 2404 993; x_wconf 87' lang='lat' dir='ltr'><strong>dispensatio-</strong></span> 
     </span>
    </p>
   </div>
   <div class='ocr_carea' id='block_1_10' title="bbox 818 1009 1255 1078">
    <p class='ocr_par' dir='ltr' id='par_1_10' title="bbox 818 1009 1255 1078">
     <span class='ocr_line' id='line_1_10' title="bbox 818 1009 1255 1078; baseline 0.005 -17"><span class='ocrx_word' id='word_1_54' title='bbox 818 1023 946 1061; x_wconf 86' lang='lat' dir='ltr'><strong>nem</strong></span> <span class='ocrx_word' id='word_1_55' title='bbox 978 1009 1255 1078; x_wconf 80' lang='lat' dir='ltr'><strong>implesse.</strong></span> 
     </span>
    </p>
   </div>
   <div class='ocr_carea' id='block_1_11' title="bbox 892 1097 2400 1175">
    <p class='ocr_par' dir='ltr' id='par_1_11' title="bbox 892 1097 2400 1175">
     <span class='ocr_line' id='line_1_11' title="bbox 892 1097 2400 1175; baseline 0.007 -25"><span class='ocrx_word' id='word_1_56' title='bbox 892 1097 1157 1153; x_wconf 81' lang='lat' dir='ltr'><strong>Similiter</strong></span> <span class='ocrx_word' id='word_1_57' title='bbox 1184 1108 1241 1155; x_wconf 88' lang='lat' dir='ltr'><strong>ct</strong></span> <span class='ocrx_word' id='word_1_58' title='bbox 1269 1116 1366 1156; x_wconf 77' lang='lat' dir='ltr'><strong>eos</strong></span> <span class='ocrx_word' id='word_1_59' title='bbox 1393 1102 1485 1171; x_wconf 92' lang='lat' dir='ltr'><strong>qui</strong></span> <span class='ocrx_word' id='word_1_60' title='bbox 1520 1102 1867 1173; x_wconf 90' lang='lat' dir='ltr'><strong>impudenter</strong></span> <span class='ocrx_word' id='word_1_61' title='bbox 1889 1114 2091 1175; x_wconf 83' lang='lat' dir='ltr'><strong>negant</strong></span> <span class='ocrx_word' id='word_1_62' title='bbox 2119 1105 2400 1161; x_wconf 88' lang='lat' dir='ltr'><strong>Christum</strong></span> 
     </span>
    </p>
   </div>
   <div class='ocr_carea' id='block_1_12' title="bbox 819 1189 2400 1260">
    <p class='ocr_par' dir='ltr' id='par_1_12' title="bbox 819 1189 2400 1260">
     <span class='ocr_line' id='line_1_12' title="bbox 819 1189 2400 1260; baseline 0.007 -20"><span class='ocrx_word' id='word_1_63' title='bbox 819 1189 1103 1241; x_wconf 76' lang='lat' dir='ltr'><strong>voluntate</strong></span> <span class='ocrx_word' id='word_1_64' title='bbox 1141 1199 1200 1243; x_wconf 91' lang='lat' dir='ltr'><strong>ct</strong></span> <span class='ocrx_word' id='word_1_65' title='bbox 1239 1191 1473 1246; x_wconf 87' lang='lat' dir='ltr'><strong>arbitrio</strong></span> <span class='ocrx_word' id='word_1_66' title='bbox 1517 1194 1697 1247; x_wconf 87' lang='lat' dir='ltr'><strong>Patris</strong></span> <span class='ocrx_word' id='word_1_67' title='bbox 1728 1196 2041 1260; x_wconf 79' lang='lat' dir='ltr'><strong>exstitisse,</strong></span> <span class='ocrx_word' id='word_1_68' title='bbox 2086 1196 2400 1251; x_wconf 87' lang='lat' dir='ltr'><strong>involunta-</strong></span> 
     </span>
    </p>
   </div>
   <div class='ocr_carea' id='block_1_13' title="bbox 821 1278 2401 1350">
    <p class='ocr_par' dir='ltr' id='par_1_13' title="bbox 821 1278 2401 1350">
     <span class='ocr_line' id='line_1_13' title="bbox 821 1278 2401 1350; baseline 0.005 -19"><span class='ocrx_word' id='word_1_69' title='bbox 821 1278 960 1332; x_wconf 88' lang='lat' dir='ltr'><strong>riam</strong></span> <span class='ocrx_word' id='word_1_70' title='bbox 987 1294 1052 1332; x_wconf 92' lang='lat' dir='ltr'><strong>ac</strong></span> <span class='ocrx_word' id='word_1_71' title='bbox 1072 1280 1365 1335; x_wconf 85' lang='lat' dir='ltr'><strong>violentam</strong></span> <span class='ocrx_word' id='word_1_72' title='bbox 1387 1283 1677 1350; x_wconf 84' lang='lat' dir='ltr'><strong>quamdam</strong></span> <span class='ocrx_word' id='word_1_73' title='bbox 1695 1285 2073 1338; x_wconf 83' lang='lat' dir='ltr'><strong>necessitatem</strong></span> <span class='ocrx_word' id='word_1_74' title='bbox 2092 1286 2401 1339; x_wconf 87' lang='lat' dir='ltr'><strong>attribuen-</strong></span> 
     </span>
    </p>
   </div>
   <div class='ocr_carea' id='block_1_14' title="bbox 824 1373 2400 1445">
    <p class='ocr_par' dir='ltr' id='par_1_14' title="bbox 824 1373 2400 1445">
     <span class='ocr_line' id='line_1_14' title="bbox 824 1373 2400 1445; baseline 0.004 -21"><span class='ocrx_word' id='word_1_75' title='bbox 824 1378 911 1426; x_wconf 90' lang='lat' dir='ltr'><strong>tes</strong></span> <span class='ocrx_word' id='word_1_76' title='bbox 933 1373 1067 1435; x_wconf 89' lang='lat' dir='ltr'><strong>Deo,</strong></span> <span class='ocrx_word' id='word_1_77' title='bbox 1102 1373 1178 1427; x_wconf 93' lang='lat' dir='ltr'><strong>ita</strong></span> <span class='ocrx_word' id='word_1_78' title='bbox 1211 1381 1272 1426; x_wconf 88' lang='lat' dir='ltr'><strong>ut</strong></span> <span class='ocrx_word' id='word_1_79' title='bbox 1300 1374 1507 1428; x_wconf 86' lang='lat' dir='ltr'><strong>invitus</strong></span> <span class='ocrx_word' id='word_1_80' title='bbox 1536 1374 1734 1429; x_wconf 89' lang='lat' dir='ltr'><strong>Filium</strong></span> <span class='ocrx_word' id='word_1_81' title='bbox 1779 1375 1994 1445; x_wconf 83' lang='lat' dir='ltr'><strong>gignat,</strong></span> <span class='ocrx_word' id='word_1_82' title='bbox 2038 1376 2400 1445; x_wconf 91' lang='lat' dir='ltr'><strong>impiissimos</strong></span> 
     </span>
    </p>
   </div>
   <div class='ocr_carea' id='block_1_15' title="bbox 821 1462 2402 1535">
    <p class='ocr_par' dir='ltr' id='par_1_15' title="bbox 821 1462 2402 1535">
     <span class='ocr_line' id='line_1_15' title="bbox 821 1462 2402 1535; baseline 0.003 -21"><span class='ocrx_word' id='word_1_83' title='bbox 821 1469 877 1514; x_wconf 87' lang='lat' dir='ltr'><strong>et</strong></span> <span class='ocrx_word' id='word_1_84' title='bbox 906 1477 937 1515; x_wconf 88' lang='lat' dir='ltr'><strong>a</strong></span> <span class='ocrx_word' id='word_1_85' title='bbox 971 1462 1205 1516; x_wconf 81' lang='lat' dir='ltr'><strong>veritate</strong></span> <span class='ocrx_word' id='word_1_86' title='bbox 1247 1463 1457 1517; x_wconf 88' lang='lat' dir='ltr'><strong>alienos</strong></span> <span class='ocrx_word' id='word_1_87' title='bbox 1496 1479 1617 1518; x_wconf 71' lang='lat' dir='ltr'><strong>esse</strong></span> <span class='ocrx_word' id='word_1_88' title='bbox 1657 1480 1949 1518; x_wconf 83' lang='lat' dir='ltr'><strong>censemus</strong></span> <span class='ocrx_word' id='word_1_89' title='bbox 1980 1482 1994 1517; x_wconf 87' lang='lat'>:</span> <span class='ocrx_word' id='word_1_90' title='bbox 2022 1480 2089 1518; x_wconf 89' lang='lat' dir='ltr'><strong>eo</strong></span> <span class='ocrx_word' id='word_1_91' title='bbox 2113 1466 2259 1535; x_wconf 88' lang='lat' dir='ltr'><strong>quod</strong></span> <span class='ocrx_word' id='word_1_92' title='bbox 2287 1474 2402 1519; x_wconf 90' lang='lat' dir='ltr'><strong>tum</strong></span> 
     </span>
    </p>
   </div>
   <div class='ocr_carea' id='block_1_16' title="bbox 821 1553 2405 1618">
    <p class='ocr_par' dir='ltr' id='par_1_16' title="bbox 821 1553 2405 1618">
     <span class='ocr_line' id='line_1_16' title="bbox 821 1553 2405 1618; baseline 0.004 -14"><span class='ocrx_word' id='word_1_93' title='bbox 821 1566 1141 1606; x_wconf 84' lang='lat' dir='ltr'><strong>communes</strong></span> <span class='ocrx_word' id='word_1_94' title='bbox 1163 1553 1232 1608; x_wconf 92' lang='lat' dir='ltr'><strong>de</strong></span> <span class='ocrx_word' id='word_1_95' title='bbox 1262 1554 1373 1607; x_wconf 87' lang='lat' dir='ltr'><strong>Deo</strong></span> <span class='ocrx_word' id='word_1_96' title='bbox 1406 1556 1678 1618; x_wconf 88' lang='lat' dir='ltr'><strong>notiones,</strong></span> <span class='ocrx_word' id='word_1_97' title='bbox 1707 1563 1821 1609; x_wconf 89' lang='lat' dir='ltr'><strong>tum</strong></span> <span class='ocrx_word' id='word_1_98' title='bbox 1841 1565 2034 1610; x_wconf 90' lang='lat' dir='ltr'><strong>contra</strong></span> <span class='ocrx_word' id='word_1_99' title='bbox 2073 1567 2312 1610; x_wconf 88' lang='lat' dir='ltr'><strong>mentem</strong></span> <span class='ocrx_word' id='word_1_100' title='bbox 2339 1572 2405 1611; x_wconf 90' lang='lat' dir='ltr'><strong>ac</strong></span> 
     </span>
    </p>
   </div>
   <div class='ocr_carea' id='block_1_17' title="bbox 822 1642 2403 1716">
    <p class='ocr_par' dir='ltr' id='par_1_17' title="bbox 822 1642 2403 1716">
     <span class='ocr_line' id='line_1_17' title="bbox 822 1642 2403 1716; baseline 0.003 -21"><span class='ocrx_word' id='word_1_101' title='bbox 822 1644 1150 1696; x_wconf 86' lang='lat' dir='ltr'><strong>sententiam</strong></span> <span class='ocrx_word' id='word_1_102' title='bbox 1190 1642 1492 1714; x_wconf 77' lang='lat' dir='ltr'><strong>Scriptune</strong></span> <span class='ocrx_word' id='word_1_103' title='bbox 1522 1645 1789 1699; x_wconf 85' lang='lat' dir='ltr'><strong>divinitus</strong></span> <span class='ocrx_word' id='word_1_104' title='bbox 1824 1646 2133 1716; x_wconf 64' lang='lat' dir='ltr'><strong>inspirant,</strong></span> <span class='ocrx_word' id='word_1_105' title='bbox 2178 1649 2305 1700; x_wconf 90' lang='lat' dir='ltr'><strong>talia</strong></span> <span class='ocrx_word' id='word_1_106' title='bbox 2334 1648 2403 1701; x_wconf 90' lang='lat' dir='ltr'><strong>de</strong></span> 
     </span>
    </p>
   </div>
   <div class='ocr_carea' id='block_1_18' title="bbox 822 1734 2404 1809">
    <p class='ocr_par' dir='ltr' id='par_1_18' title="bbox 822 1734 2404 1809">
     <span class='ocr_line' id='line_1_18' title="bbox 822 1734 2404 1809; baseline 0.004 -22"><span class='ocrx_word' id='word_1_107' title='bbox 822 1734 918 1788; x_wconf 91' lang='lat' dir='ltr'><strong>illo</strong></span> <span class='ocrx_word' id='word_1_108' title='bbox 945 1735 1185 1788; x_wconf 82' lang='lat' dir='ltr'><strong>audeant</strong></span> <span class='ocrx_word' id='word_1_109' title='bbox 1214 1736 1594 1805; x_wconf 83' lang='lat' dir='ltr'><strong>pronuntiare.</strong></span> <span class='ocrx_word' id='word_1_110' title='bbox 1632 1738 1743 1791; x_wconf 86' lang='lat' dir='ltr'><strong>Nos</strong></span> <span class='ocrx_word' id='word_1_111' title='bbox 1768 1738 1914 1791; x_wconf 91' lang='lat' dir='ltr'><strong>enim</strong></span> <span class='ocrx_word' id='word_1_112' title='bbox 1948 1740 2119 1793; x_wconf 89' lang='lat' dir='ltr'><strong>Deum</strong></span> <span class='ocrx_word' id='word_1_113' title='bbox 2147 1739 2231 1791; x_wconf 92' lang='lat' dir='ltr'><strong>sui</strong></span> <span class='ocrx_word' id='word_1_114' title='bbox 2259 1739 2404 1809; x_wconf 81' lang='lat' dir='ltr'><strong>juris</strong></span> 
     </span>
    </p>
   </div>
   <div class='ocr_carea' id='block_1_19' title="bbox 821 1826 2405 1899">
    <p class='ocr_par' dir='ltr' id='par_1_19' title="bbox 821 1826 2405 1899">
     <span class='ocr_line' id='line_1_19' title="bbox 821 1826 2405 1899; baseline 0.003 -21"><span class='ocrx_word' id='word_1_115' title='bbox 821 1826 1146 1895; x_wconf 89' lang='lat' dir='ltr'><strong>arbitriique</strong></span> <span class='ocrx_word' id='word_1_116' title='bbox 1175 1841 1316 1890; x_wconf 87' lang='lat' dir='ltr'><strong>esse,</strong></span> <span class='ocrx_word' id='word_1_117' title='bbox 1344 1835 1402 1881; x_wconf 88' lang='lat' dir='ltr'><strong>et</strong></span> <span class='ocrx_word' id='word_1_118' title='bbox 1424 1835 1617 1896; x_wconf 84' lang='lat' dir='ltr'><strong>sponte</strong></span> <span class='ocrx_word' id='word_1_119' title='bbox 1648 1844 1714 1882; x_wconf 89' lang='lat' dir='ltr'><strong>ac</strong></span> <span class='ocrx_word' id='word_1_120' title='bbox 1742 1829 2052 1882; x_wconf 83' lang='lat' dir='ltr'><strong>voluntarie</strong></span> <span class='ocrx_word' id='word_1_121' title='bbox 2087 1830 2283 1883; x_wconf 88' lang='lat' dir='ltr'><strong>Filium</strong></span> <span class='ocrx_word' id='word_1_122' title='bbox 2313 1845 2405 1899; x_wconf 78' lang='lat' dir='ltr'><strong>ge-</strong></span> 
     </span>
    </p>
   </div>
   <div class='ocr_carea' id='block_1_20' title="bbox 2505 637 4071 716">
    <p class='ocr_par' dir='ltr' id='par_1_20' title="bbox 2505 637 4071 716">
     <span class='ocr_line' id='line_1_20' title="bbox 2505 637 4071 716; baseline 0 -16"><span class='ocrx_word' id='word_1_123' title='bbox 2505 648 2901 701; x_wconf 77' lang='grc' dir='ltr'>ἀποστείλαντα</span> <span class='ocrx_word' id='word_1_124' title='bbox 2931 646 3169 716; x_wconf 81' lang='grc' dir='ltr'>Πατέρα,</span> <span class='ocrx_word' id='word_1_125' title='bbox 3194 645 3256 696; x_wconf 71' lang='grc' dir='ltr'>ἐν</span> <span class='ocrx_word' id='word_1_126' title='bbox 3286 637 3363 715; x_wconf 83' lang='grc' dir='ltr'><strong>τῷ</strong></span> <span class='ocrx_word' id='word_1_127' title='bbox 3383 645 3567 715; x_wconf 73' lang='grc' dir='ltr'>οἰκείῳ</span> <span class='ocrx_word' id='word_1_128' title='bbox 3588 645 3687 716; x_wconf 82' lang='grc' dir='ltr'>τῆς</span> <span class='ocrx_word' id='word_1_129' title='bbox 3716 644 4071 700; x_wconf 73' lang='grc' dir='ltr'>ἀναλλοιιὲιτου</span> 
     </span>
    </p>
   </div>
   <div class='ocr_carea' id='block_1_21' title="bbox 2505 733 4074 808">
    <p class='ocr_par' dir='ltr' id='par_1_21' title="bbox 2505 733 4074 808">
     <span class='ocr_line' id='line_1_21' title="bbox 2505 733 4074 808; baseline 0 -17"><span class='ocrx_word' id='word_1_130' title='bbox 2505 738 2758 807; x_wconf 55' lang='grc' dir='ltr'>Θεὼητος</span> <span class='ocrx_word' id='word_1_131' title='bbox 2811 737 2931 808; x_wconf 69' lang='grc' dir='ltr'>ἧθει</span> <span class='ocrx_word' id='word_1_132' title='bbox 3001 733 3402 807; x_wconf 73' lang='grc' dir='ltr'><strong>μεμενηκέναι·</strong></span> <span class='ocrx_word' id='word_1_133' title='bbox 3451 736 3545 789; x_wconf 83' lang='grc' dir='ltr'>τὸν</span> <span class='ocrx_word' id='word_1_134' title='bbox 3589 734 3647 789; x_wconf 76' lang='grc' dir='ltr'>δὲ</span> <span class='ocrx_word' id='word_1_135' title='bbox 3699 736 4074 791; x_wconf 72' lang='grc' dir='ltr'><strong>ἀποσταλέντα</strong></span> 
     </span>
    </p>
   </div>
   <div class='ocr_carea' id='block_1_22' title="bbox 2503 826 4075 900">
    <p class='ocr_par' dir='ltr' id='par_1_22' title="bbox 2503 826 4075 900">
     <span class='ocr_line' id='line_1_22' title="bbox 2503 826 4075 900; baseline -0.003 -17"><span class='ocrx_word' id='word_1_136' title='bbox 2503 830 2760 899; x_wconf 76' lang='grc' dir='ltr'>Χριστὸν,</span> <span class='ocrx_word' id='word_1_137' title='bbox 2799 831 2900 900; x_wconf 74' lang='grc' dir='ltr'>τὴν</span> <span class='ocrx_word' id='word_1_138' title='bbox 2923 829 3024 900; x_wconf 74' lang='grc' dir='ltr'>τῆς</span> <span class='ocrx_word' id='word_1_139' title='bbox 3050 826 3514 898; x_wconf 73' lang='grc' dir='ltr'>ὲνανθρωπησεως</span> <span class='ocrx_word' id='word_1_140' title='bbox 3534 827 3848 895; x_wconf 79' lang='grc' dir='ltr'><strong>οἰκονομίαν</strong></span> <span class='ocrx_word' id='word_1_141' title='bbox 3875 826 4075 896; x_wconf 80' lang='grc' dir='ltr'>πεπλη-</span> 
     </span>
    </p>
   </div>
   <div class='ocr_carea' id='block_1_23' title="bbox 2505 920 2756 990">
    <p class='ocr_par' dir='ltr' id='par_1_23' title="bbox 2505 920 2756 990">
     <span class='ocr_line' id='line_1_23' title="bbox 2505 920 2756 990; baseline 0 -17"><span class='ocrx_word' id='word_1_142' title='bbox 2505 920 2756 990; x_wconf 82' lang='grc' dir='ltr'>ρωκέναι.</span> 
     </span>
    </p>
   </div>
   <div class='ocr_carea' id='block_1_24' title="bbox 2584 1073 4073 1145">
    <p class='ocr_par' dir='ltr' id='par_1_24' title="bbox 2584 1073 4073 1145">
     <span class='ocr_line' id='line_1_24' title="bbox 2584 1073 4073 1145; baseline 0.001 -18"><span class='ocrx_word' id='word_1_143' title='bbox 2584 1075 2817 1145; x_wconf 81' lang='grc' dir='ltr'><strong>Ὁμοίως</strong></span> <span class='ocrx_word' id='word_1_144' title='bbox 2847 1075 2905 1128; x_wconf 78' lang='grc' dir='ltr'>δὲ</span> <span class='ocrx_word' id='word_1_145' title='bbox 2942 1076 3036 1128; x_wconf 71' lang='grc' dir='ltr'>καὶ</span> <span class='ocrx_word' id='word_1_146' title='bbox 3076 1075 3202 1137; x_wconf 70' lang='grc' dir='ltr'>τοὺς</span> <span class='ocrx_word' id='word_1_147' title='bbox 3236 1074 3301 1127; x_wconf 72' lang='grc' dir='ltr'>οὐ</span> <span class='ocrx_word' id='word_1_148' title='bbox 3343 1074 3636 1145; x_wconf 74' lang='grc' dir='ltr'>βουλήσει,</span> <span class='ocrx_word' id='word_1_149' title='bbox 3688 1074 3809 1128; x_wconf 71' lang='grc' dir='ltr'>οὐδὲ</span> <span class='ocrx_word' id='word_1_150' title='bbox 3858 1073 4073 1145; x_wconf 77' lang='grc' dir='ltr'>θελήσει</span> 
     </span>
    </p>
   </div>
   <div class='ocr_carea' id='block_1_25' title="bbox 2502 1165 4072 1238">
    <p class='ocr_par' dir='ltr' id='par_1_25' title="bbox 2502 1165 4072 1238">
     <span class='ocr_line' id='line_1_25' title="bbox 2502 1165 4072 1238; baseline 0 -19"><span class='ocrx_word' id='word_1_151' title='bbox 2502 1166 2832 1238; x_wconf 80' lang='grc' dir='ltr'>γεγενῆσθαι</span> <span class='ocrx_word' id='word_1_152' title='bbox 2858 1168 2950 1220; x_wconf 79' lang='grc' dir='ltr'>τὸν</span> <span class='ocrx_word' id='word_1_153' title='bbox 2978 1168 3211 1237; x_wconf 76' lang='grc' dir='ltr'>Χριστὸν</span> <span class='ocrx_word' id='word_1_154' title='bbox 3236 1167 3522 1238; x_wconf 56' lang='grc' dir='ltr'>εἰρηκότος</span> <span class='ocrx_word' id='word_1_155' title='bbox 3555 1165 3885 1229; x_wconf 55' lang='grc' dir='ltr'>εάδλαὸὦς,</span> <span class='ocrx_word' id='word_1_156' title='bbox 3908 1166 4072 1234; x_wconf 68' lang='grc' dir='ltr'>ἀνάγ-</span> 
     </span>
    </p>
   </div>
   <div class='ocr_carea' id='block_1_26' title="bbox 2503 1255 4075 1330">
    <p class='ocr_par' dir='ltr' id='par_1_26' title="bbox 2503 1255 4075 1330">
     <span class='ocr_line' id='line_1_26' title="bbox 2503 1255 4075 1330; baseline 0 -20"><span class='ocrx_word' id='word_1_157' title='bbox 2503 1275 2605 1328; x_wconf 88' lang='grc' dir='ltr'><strong>κην</strong></span> <span class='ocrx_word' id='word_1_158' title='bbox 2651 1258 2708 1312; x_wconf 74' lang='grc' dir='ltr'>δὲ</span> <span class='ocrx_word' id='word_1_159' title='bbox 2758 1257 3000 1329; x_wconf 66' lang='grc' dir='ltr'>ἱ.,λονότι</span> <span class='ocrx_word' id='word_1_160' title='bbox 3044 1258 3340 1327; x_wconf 77' lang='grc' dir='ltr'>ἀϐούλητον</span> <span class='ocrx_word' id='word_1_161' title='bbox 3381 1255 3547 1312; x_wconf 79' lang='grc' dir='ltr'>οὖσαν</span> <span class='ocrx_word' id='word_1_162' title='bbox 3590 1257 3683 1311; x_wconf 76' lang='grc' dir='ltr'>καὶ</span> <span class='ocrx_word' id='word_1_163' title='bbox 3715 1257 4075 1330; x_wconf 74' lang='grc' dir='ltr'>ἀπροαίρετον</span> 
     </span>
    </p>
   </div>
   <div class='ocr_carea' id='block_1_27' title="bbox 2503 1349 4072 1424">
    <p class='ocr_par' dir='ltr' id='par_1_27' title="bbox 2503 1349 4072 1424">
     <span class='ocr_line' id='line_1_27' title="bbox 2503 1349 4072 1424; baseline 0.001 -23"><span class='ocrx_word' id='word_1_164' title='bbox 2503 1351 2946 1421; x_wconf 83' lang='grc' dir='ltr'>περιτεθεικότας</span> <span class='ocrx_word' id='word_1_165' title='bbox 2970 1349 3047 1420; x_wconf 80' lang='grc' dir='ltr'>τῷ</span> <span class='ocrx_word' id='word_1_166' title='bbox 3067 1349 3205 1420; x_wconf 83' lang='grc' dir='ltr'>Θεῷ,</span> <span class='ocrx_word' id='word_1_167' title='bbox 3227 1351 3314 1403; x_wconf 84' lang='grc' dir='ltr'>ἵνα</span> <span class='ocrx_word' id='word_1_168' title='bbox 3330 1351 3478 1404; x_wconf 80' lang='grc' dir='ltr'>ἄκων</span> <span class='ocrx_word' id='word_1_169' title='bbox 3501 1352 3738 1424; x_wconf 77' lang='grc' dir='ltr'><strong>γεννήσῃ</strong></span> <span class='ocrx_word' id='word_1_170' title='bbox 3756 1352 3847 1404; x_wconf 77' lang='grc' dir='ltr'><strong>τὸν</strong></span> <span class='ocrx_word' id='word_1_171' title='bbox 3874 1350 4005 1404; x_wconf 77' lang='grc' dir='ltr'>Υιὺν</span> <span class='ocrx_word' id='word_1_172' title='bbox 4024 1360 4072 1417; x_wconf 77' lang='grc' dir='ltr'>ο,</span> 
     </span>
    </p>
   </div>
   <div class='ocr_carea' id='block_1_28' title="bbox 2501 1442 4074 1515">
    <p class='ocr_par' dir='ltr' id='par_1_28' title="bbox 2501 1442 4074 1515">
     <span class='ocr_line' id='line_1_28' title="bbox 2501 1442 4074 1515; baseline 0.001 -21"><span class='ocrx_word' id='word_1_173' title='bbox 2501 1442 2561 1495; x_wconf 86' lang='grc' dir='ltr'><strong>δυ</strong></span> <span class='ocrx_word' id='word_1_174' title='bbox 2573 1443 2966 1506; x_wconf 79' lang='grc' dir='ltr'>σσεὸεστάτους</span> <span class='ocrx_word' id='word_1_175' title='bbox 2990 1445 3204 1515; x_wconf 78' lang='grc' dir='ltr'>καὶτῆς</span> <span class='ocrx_word' id='word_1_176' title='bbox 3230 1443 3487 1511; x_wconf 75' lang='grc' dir='ltr'><strong>ἀληθείας</strong></span> <span class='ocrx_word' id='word_1_177' title='bbox 3513 1443 3693 1507; x_wconf 79' lang='grc' dir='ltr'>ξένους</span> <span class='ocrx_word' id='word_1_178' title='bbox 3717 1442 4074 1510; x_wconf 82' lang='grc' dir='ltr'>ἐπιγινώσκο-</span> 
     </span>
    </p>
   </div>
   <div class='ocr_carea' id='block_1_29' title="bbox 2505 1534 4074 1606">
    <p class='ocr_par' dir='ltr' id='par_1_29' title="bbox 2505 1534 4074 1606">
     <span class='ocr_line' id='line_1_29' title="bbox 2505 1534 4074 1606; baseline 0.001 -20"><span class='ocrx_word' id='word_1_179' title='bbox 2505 1551 2635 1604; x_wconf 84' lang='grc' dir='ltr'>μεν·</span> <span class='ocrx_word' id='word_1_180' title='bbox 2662 1535 2744 1587; x_wconf 81' lang='grc' dir='ltr'>ὅτι</span> <span class='ocrx_word' id='word_1_181' title='bbox 2783 1552 2844 1587; x_wconf 85' lang='grc' dir='ltr'><strong>τε</strong></span> <span class='ocrx_word' id='word_1_182' title='bbox 2874 1534 3026 1605; x_wconf 82' lang='grc' dir='ltr'><strong>παρά</strong></span> <span class='ocrx_word' id='word_1_183' title='bbox 3055 1536 3155 1598; x_wconf 80' lang='grc' dir='ltr'><strong>τὰς</strong></span> <span class='ocrx_word' id='word_1_184' title='bbox 3189 1534 3375 1597; x_wconf 75' lang='grc' dir='ltr'>κοινὰς</span> <span class='ocrx_word' id='word_1_185' title='bbox 3405 1536 3614 1598; x_wconf 75' lang='grc' dir='ltr'>ἑννοίας</span> <span class='ocrx_word' id='word_1_186' title='bbox 3647 1536 3777 1606; x_wconf 71' lang='grc' dir='ltr'>περὶ</span> <span class='ocrx_word' id='word_1_187' title='bbox 3802 1534 3959 1596; x_wconf 79' lang='grc' dir='ltr'>θεοῦ,</span> <span class='ocrx_word' id='word_1_188' title='bbox 3980 1535 4074 1588; x_wconf 80' lang='grc' dir='ltr'>καὶ</span> 
     </span>
    </p>
   </div>
   <div class='ocr_carea' id='block_1_30' title="bbox 2501 1626 4073 1699">
    <p class='ocr_par' dir='ltr' id='par_1_30' title="bbox 2501 1626 4073 1699">
     <span class='ocr_line' id='line_1_30' title="bbox 2501 1626 4073 1699; baseline -0.001 -19"><span class='ocrx_word' id='word_1_189' title='bbox 2501 1627 2566 1697; x_wconf 80' lang='grc' dir='ltr'>δὴ</span> <span class='ocrx_word' id='word_1_190' title='bbox 2586 1628 2737 1698; x_wconf 88' lang='grc' dir='ltr'><strong>παρά</strong></span> <span class='ocrx_word' id='word_1_191' title='bbox 2751 1628 2813 1680; x_wconf 83' lang='grc' dir='ltr'>τὸ</span> <span class='ocrx_word' id='word_1_192' title='bbox 2831 1628 3075 1699; x_wconf 79' lang='grc' dir='ltr'>βούλημα</span> <span class='ocrx_word' id='word_1_193' title='bbox 3087 1629 3187 1697; x_wconf 77' lang='grc' dir='ltr'>τῆς</span> <span class='ocrx_word' id='word_1_194' title='bbox 3209 1627 3568 1680; x_wconf 78' lang='grc' dir='ltr'>θεοπνεύστου</span> <span class='ocrx_word' id='word_1_195' title='bbox 3590 1627 3834 1698; x_wconf 79' lang='grc' dir='ltr'>Γραφῆς,</span> <span class='ocrx_word' id='word_1_196' title='bbox 3849 1626 4073 1680; x_wconf 84' lang='grc' dir='ltr'>τοιαῦτα</span> 
     </span>
    </p>
   </div>
   <div class='ocr_carea' id='block_1_31' title="bbox 2501 1715 4072 1789">
    <p class='ocr_par' dir='ltr' id='par_1_31' title="bbox 2501 1715 4072 1789">
     <span class='ocr_line' id='line_1_31' title="bbox 2501 1715 4072 1789; baseline -0.001 -19"><span class='ocrx_word' id='word_1_197' title='bbox 2501 1719 2869 1789; x_wconf 82' lang='grc' dir='ltr'>τετολμήκασι</span> <span class='ocrx_word' id='word_1_198' title='bbox 2908 1719 3034 1788; x_wconf 71' lang='grc' dir='ltr'>περὶ</span> <span class='ocrx_word' id='word_1_199' title='bbox 3068 1716 3234 1770; x_wconf 80' lang='grc' dir='ltr'>αὐτοῦ</span> <span class='ocrx_word' id='word_1_200' title='bbox 3284 1716 3646 1786; x_wconf 73' lang='grc' dir='ltr'><strong>διορίσασθαι.</strong></span> <span class='ocrx_word' id='word_1_201' title='bbox 3689 1715 4072 1787; x_wconf 77' lang='grc' dir='ltr'>Δότοκράτορα</span> 
     </span>
    </p>
   </div>
   <div class='ocr_carea' id='block_1_32' title="bbox 2501 1808 4069 1882">
    <p class='ocr_par' dir='ltr' id='par_1_32' title="bbox 2501 1808 4069 1882">
     <span class='ocr_line' id='line_1_32' title="bbox 2501 1808 4069 1882; baseline -0.001 -19"><span class='ocrx_word' id='word_1_202' title='bbox 2501 1811 2608 1882; x_wconf 79' lang='grc' dir='ltr'>γὰρ</span> <span class='ocrx_word' id='word_1_203' title='bbox 2646 1814 2806 1881; x_wconf 74' lang='grc' dir='ltr'>ἡμεῖς</span> <span class='ocrx_word' id='word_1_204' title='bbox 2842 1812 2933 1865; x_wconf 76' lang='grc' dir='ltr'><strong>τὸν</strong></span> <span class='ocrx_word' id='word_1_205' title='bbox 2965 1810 3117 1873; x_wconf 78' lang='grc' dir='ltr'>θεὸν,</span> <span class='ocrx_word' id='word_1_206' title='bbox 3154 1809 3357 1882; x_wconf 76' lang='grc' dir='ltr'>Κύριον</span> <span class='ocrx_word' id='word_1_207' title='bbox 3402 1810 3561 1864; x_wconf 69' lang='grc' dir='ltr'>αὐτὸν</span> <span class='ocrx_word' id='word_1_208' title='bbox 3603 1809 3798 1863; x_wconf 76' lang='grc' dir='ltr'>ἑαυτοῦ</span> <span class='ocrx_word' id='word_1_209' title='bbox 3851 1808 4069 1874; x_wconf 70' lang='grc' dir='ltr'>ειὸἁιες,</span> 
     </span>
    </p>
   </div>
   <div class='ocr_carea' id='block_1_33' title="bbox 822 1903 2608 1989">
    <p class='ocr_par' dir='ltr' id='par_1_33' title="bbox 822 1904 2608 1989">
     <span class='ocr_line' id='line_1_33' title="bbox 822 1904 2608 1989; baseline 0.002 -18"><span class='ocrx_word' id='word_1_210' title='bbox 822 1918 1029 1982; x_wconf 89' lang='lat' dir='ltr'><strong>nuisse,</strong></span> <span class='ocrx_word' id='word_1_211' title='bbox 1073 1919 1160 1988; x_wconf 91' lang='lat' dir='ltr'><strong>pie</strong></span> <span class='ocrx_word' id='word_1_212' title='bbox 1199 1935 1262 1973; x_wconf 94' lang='lat' dir='ltr'><strong>ac</strong></span> <span class='ocrx_word' id='word_1_213' title='bbox 1299 1919 1553 1989; x_wconf 78' lang='lat' dir='ltr'><strong>religiose</strong></span> <span class='ocrx_word' id='word_1_214' title='bbox 1594 1922 1890 1975; x_wconf 87' lang='lat' dir='ltr'><strong>credimus.</strong></span> <span class='ocrx_word' id='word_1_215' title='bbox 1924 1922 2095 1975; x_wconf 86' lang='lat' dir='ltr'><strong>Porro</strong></span> <span class='ocrx_word' id='word_1_216' title='bbox 2132 1922 2236 1974; x_wconf 86' lang='lat' dir='ltr'><strong>etsi</strong></span> <span class='ocrx_word' id='word_1_217' title='bbox 2272 1936 2397 1974; x_wconf 87' lang='lat' dir='ltr'><strong>cum</strong></span> <span class='ocrx_word' id='word_1_218' title='bbox 2430 1921 2472 1974; x_wconf 83' lang='grc' dir='ltr'><strong><em>Β</em></strong></span> <span class='ocrx_word' id='word_1_219' title='bbox 2501 1904 2608 1956; x_wconf 59' lang='grc' dir='ltr'><strong>έκθτ</strong></span> 
     </span>
    </p>
   </div>
   <div class='ocr_carea' id='block_1_34' title="bbox 2281 1903 4067 1989">
    <p class='ocr_par' dir='ltr' id='par_1_34' title="bbox 2281 1903 4067 1974">
     <span class='ocr_line' id='line_1_34' title="bbox 2281 1903 4067 1974; baseline -0.002 -16"><span class='ocrx_word' id='word_1_220' title='bbox 2281 1936 2397 1974; x_wconf 64' lang='lat' dir='ltr'><strong>cum</strong></span> <span class='ocrx_word' id='word_1_221' title='bbox 2430 1921 2472 1974; x_wconf 72' lang='grc' dir='ltr'><strong><em>Β</em></strong></span> <span class='ocrx_word' id='word_1_222' title='bbox 2501 1904 2761 1967; x_wconf 76' lang='grc' dir='ltr'><strong>ἑκουσίως</strong></span> <span class='ocrx_word' id='word_1_223' title='bbox 2783 1903 2946 1957; x_wconf 74' lang='grc' dir='ltr'>αὑτὸν</span> <span class='ocrx_word' id='word_1_224' title='bbox 2985 1903 3080 1957; x_wconf 71' lang='grc' dir='ltr'>καὶ</span> <span class='ocrx_word' id='word_1_225' title='bbox 3119 1903 3344 1956; x_wconf 79' lang='grc' dir='ltr'>θέλοντα</span> <span class='ocrx_word' id='word_1_226' title='bbox 3373 1903 3460 1955; x_wconf 79' lang='grc' dir='ltr'><strong>τὸν</strong></span> <span class='ocrx_word' id='word_1_227' title='bbox 3491 1904 3618 1956; x_wconf 76' lang='grc' dir='ltr'>Υἱδν</span> <span class='ocrx_word' id='word_1_228' title='bbox 3661 1903 4067 1973; x_wconf 74' lang='grc' dir='ltr'>γεγεννηκέναι,</span> 
     </span>
    </p>
   </div>
   <div class='ocr_carea' id='block_1_35' title="bbox 823 2009 2398 2081">
    <p class='ocr_par' dir='ltr' id='par_1_35' title="bbox 823 2009 2398 2081">
     <span class='ocr_line' id='line_1_35' title="bbox 823 2009 2398 2081; baseline 0.001 -18"><span class='ocrx_word' id='word_1_229' title='bbox 823 2009 1020 2063; x_wconf 86' lang='lat' dir='ltr'><strong>timore</strong></span> <span class='ocrx_word' id='word_1_230' title='bbox 1049 2026 1112 2064; x_wconf 89' lang='lat' dir='ltr'><strong>ac</strong></span> <span class='ocrx_word' id='word_1_231' title='bbox 1137 2012 1447 2065; x_wconf 89' lang='lat' dir='ltr'><strong>reverentia</strong></span> <span class='ocrx_word' id='word_1_232' title='bbox 1476 2012 1766 2066; x_wconf 87' lang='lat' dir='ltr'><strong>credamus</strong></span> <span class='ocrx_word' id='word_1_233' title='bbox 1790 2012 1843 2065; x_wconf 87' lang='lat' dir='ltr'><strong>id</strong></span> <span class='ocrx_word' id='word_1_234' title='bbox 1874 2013 2019 2081; x_wconf 81' lang='lat' dir='ltr'><strong>quod</strong></span> <span class='ocrx_word' id='word_1_235' title='bbox 2071 2012 2139 2066; x_wconf 91' lang='lat' dir='ltr'><strong>de</strong></span> <span class='ocrx_word' id='word_1_236' title='bbox 2182 2012 2273 2065; x_wconf 91' lang='lat' dir='ltr'><strong>illo</strong></span> <span class='ocrx_word' id='word_1_237' title='bbox 2312 2012 2398 2065; x_wconf 85' lang='lat' dir='ltr'><strong>di-</strong></span> 
     </span>
    </p>
   </div>
   <div class='ocr_carea' id='block_1_36' title="bbox 821 2101 2400 2172">
    <p class='ocr_par' dir='ltr' id='par_1_36' title="bbox 821 2101 2400 2172">
     <span class='ocr_line' id='line_1_36' title="bbox 821 2101 2400 2172; baseline 0.001 -20"><span class='ocrx_word' id='word_1_238' title='bbox 821 2108 970 2154; x_wconf 82' lang='lat' dir='ltr'><strong>ctum</strong></span> <span class='ocrx_word' id='word_1_239' title='bbox 1000 2108 1085 2155; x_wconf 87' lang='lat' dir='ltr'><strong>est</strong></span> <span class='ocrx_word' id='word_1_240' title='bbox 1121 2118 1133 2153; x_wconf 92' lang='lat'>:</span> <span class='ocrx_word' id='word_1_241' title='bbox 1172 2101 1426 2154; x_wconf 76' lang='lat' dir='ltr'><strong>Dominus</strong></span> <span class='ocrx_word' id='word_1_242' title='bbox 1476 2104 1672 2155; x_wconf 80' lang='lat' dir='ltr'><strong>creavit</strong></span> <span class='ocrx_word' id='word_1_243' title='bbox 1718 2118 1798 2155; x_wconf 88' lang='lat' dir='ltr'><strong>me</strong></span> <span class='ocrx_word' id='word_1_244' title='bbox 1834 2103 2151 2172; x_wconf 78' lang='lat' dir='ltr'><strong>principium</strong></span> <span class='ocrx_word' id='word_1_245' title='bbox 2192 2104 2400 2155; x_wconf 80' lang='lat' dir='ltr'><strong>uiarum</strong></span> 
     </span>
    </p>
   </div>
   <div class='ocr_carea' id='block_1_37' title="bbox 819 2192 2400 2264">
    <p class='ocr_par' dir='ltr' id='par_1_37' title="bbox 819 2192 2400 2264">
     <span class='ocr_line' id='line_1_37' title="bbox 819 2192 2400 2264; baseline 0.003 -20"><span class='ocrx_word' id='word_1_246' title='bbox 819 2209 1041 2246; x_wconf 76' lang='lat' dir='ltr'><strong>suarum</strong></span> <span class='ocrx_word' id='word_1_247' title='bbox 1088 2192 1158 2246; x_wconf 82' lang='lat' dir='ltr'><strong>ad</strong></span> <span class='ocrx_word' id='word_1_248' title='bbox 1202 2210 1363 2264; x_wconf 81' lang='lat' dir='ltr'><strong>Opera</strong></span> <span class='ocrx_word' id='word_1_249' title='bbox 1408 2211 1506 2248; x_wconf 74' lang='lat' dir='ltr'><strong>sua</strong></span> <span class='ocrx_word' id='word_1_250' title='bbox 1533 2194 1610 2259; x_wconf 85' lang='grc'><strong>⁹⁰;</strong></span> <span class='ocrx_word' id='word_1_251' title='bbox 1644 2209 1752 2248; x_wconf 88' lang='lat' dir='ltr'><strong>non</strong></span> <span class='ocrx_word' id='word_1_252' title='bbox 1796 2201 1978 2249; x_wconf 86' lang='lat' dir='ltr'><strong>tamen</strong></span> <span class='ocrx_word' id='word_1_253' title='bbox 2018 2209 2143 2248; x_wconf 88' lang='lat' dir='ltr'><strong>eum</strong></span> <span class='ocrx_word' id='word_1_254' title='bbox 2172 2193 2400 2263; x_wconf 86' lang='lat' dir='ltr'><strong>perinde</strong></span> 
     </span>
    </p>
   </div>
   <div class='ocr_carea' id='block_1_38' title="bbox 820 2280 2402 2354">
    <p class='ocr_par' dir='ltr' id='par_1_38' title="bbox 820 2280 2402 2354">
     <span class='ocr_line' id='line_1_38' title="bbox 820 2280 2402 2354; baseline 0.004 -21"><span class='ocrx_word' id='word_1_255' title='bbox 820 2280 1020 2334; x_wconf 81' lang='lat' dir='ltr'><strong>factum</strong></span> <span class='ocrx_word' id='word_1_256' title='bbox 1056 2296 1176 2336; x_wconf 90' lang='lat' dir='ltr'><strong>esse</strong></span> <span class='ocrx_word' id='word_1_257' title='bbox 1216 2282 1591 2353; x_wconf 87' lang='lat' dir='ltr'><strong>intelligimus,</strong></span> <span class='ocrx_word' id='word_1_258' title='bbox 1620 2300 1683 2337; x_wconf 87' lang='lat' dir='ltr'><strong>ac</strong></span> <span class='ocrx_word' id='word_1_259' title='bbox 1706 2285 1946 2354; x_wconf 87' lang='lat' dir='ltr'><strong>reliquas</strong></span> <span class='ocrx_word' id='word_1_260' title='bbox 1968 2292 2251 2339; x_wconf 90' lang='lat' dir='ltr'><strong>creaturas</strong></span> <span class='ocrx_word' id='word_1_261' title='bbox 2282 2300 2402 2354; x_wconf 73' lang='lat' dir='ltr'><strong>qua:</strong></span> 
     </span>
    </p>
   </div>
   <div class='ocr_carea' id='block_1_39' title="bbox 819 2373 2401 2446">
    <p class='ocr_par' dir='ltr' id='par_1_39' title="bbox 819 2373 2401 2446">
     <span class='ocr_line' id='line_1_39' title="bbox 819 2373 2401 2446; baseline 0.003 -19"><span class='ocrx_word' id='word_1_262' title='bbox 819 2388 920 2442; x_wconf 88' lang='lat' dir='ltr'><strong>per</strong></span> <span class='ocrx_word' id='word_1_263' title='bbox 959 2373 1110 2427; x_wconf 93' lang='lat' dir='ltr'><strong>illum</strong></span> <span class='ocrx_word' id='word_1_264' title='bbox 1163 2373 1318 2428; x_wconf 73' lang='lat' dir='ltr'><strong>facta:</strong></span> <span class='ocrx_word' id='word_1_265' title='bbox 1359 2384 1507 2429; x_wconf 90' lang='lat' dir='ltr'><strong>sunt.</strong></span> <span class='ocrx_word' id='word_1_266' title='bbox 1561 2376 1795 2446; x_wconf 87' lang='lat' dir='ltr'><strong>Impium</strong></span> <span class='ocrx_word' id='word_1_267' title='bbox 1838 2377 1987 2431; x_wconf 89' lang='lat' dir='ltr'><strong>enim</strong></span> <span class='ocrx_word' id='word_1_268' title='bbox 2022 2385 2078 2431; x_wconf 93' lang='lat' dir='ltr'><strong>et</strong></span> <span class='ocrx_word' id='word_1_269' title='bbox 2118 2377 2188 2431; x_wconf 88' lang='lat' dir='ltr'><strong>ab</strong></span> <span class='ocrx_word' id='word_1_270' title='bbox 2221 2378 2401 2431; x_wconf 85' lang='lat' dir='ltr'><strong>eccle-</strong></span> 
     </span>
    </p>
   </div>
   <div class='ocr_carea' id='block_1_40' title="bbox 820 2466 2401 2538">
    <p class='ocr_par' dir='ltr' id='par_1_40' title="bbox 820 2466 2401 2538">
     <span class='ocr_line' id='line_1_40' title="bbox 820 2466 2401 2538; baseline 0.001 -18"><span class='ocrx_word' id='word_1_271' title='bbox 820 2467 1040 2521; x_wconf 87' lang='lat' dir='ltr'><strong>siastica</strong></span> <span class='ocrx_word' id='word_1_272' title='bbox 1087 2466 1192 2522; x_wconf 80' lang='lat' dir='ltr'><strong>fide</strong></span> <span class='ocrx_word' id='word_1_273' title='bbox 1233 2484 1461 2538; x_wconf 89' lang='lat' dir='ltr'><strong>prorsus</strong></span> <span class='ocrx_word' id='word_1_274' title='bbox 1498 2470 1737 2523; x_wconf 86' lang='lat' dir='ltr'><strong>alienum</strong></span> <span class='ocrx_word' id='word_1_275' title='bbox 1770 2477 1873 2533; x_wconf 90' lang='lat' dir='ltr'><strong>est,</strong></span> <span class='ocrx_word' id='word_1_276' title='bbox 1909 2469 2252 2523; x_wconf 85' lang='lat' dir='ltr'><strong>conditorem</strong></span> <span class='ocrx_word' id='word_1_277' title='bbox 2278 2484 2401 2523; x_wconf 89' lang='lat' dir='ltr'><strong>cum</strong></span> 
     </span>
    </p>
   </div>
   <div class='ocr_carea' id='block_1_41' title="bbox 821 2559 2404 2630">
    <p class='ocr_par' dir='ltr' id='par_1_41' title="bbox 821 2559 2404 2630">
     <span class='ocr_line' id='line_1_41' title="bbox 821 2559 2404 2630; baseline 0.002 -20"><span class='ocrx_word' id='word_1_278' title='bbox 821 2559 1085 2627; x_wconf 84' lang='lat' dir='ltr'><strong>Operibus</strong></span> <span class='ocrx_word' id='word_1_279' title='bbox 1135 2559 1203 2613; x_wconf 88' lang='lat' dir='ltr'><strong>ab</strong></span> <span class='ocrx_word' id='word_1_280' title='bbox 1257 2560 1377 2628; x_wconf 90' lang='lat' dir='ltr'><strong>ipso</strong></span> <span class='ocrx_word' id='word_1_281' title='bbox 1429 2560 1670 2614; x_wconf 89' lang='lat' dir='ltr'><strong>conditis</strong></span> <span class='ocrx_word' id='word_1_282' title='bbox 1725 2562 1881 2629; x_wconf 73' lang='lat'><strong>102</strong></span> <span class='ocrx_word' id='word_1_283' title='bbox 1944 2576 2302 2630; x_wconf 82' lang='lat' dir='ltr'><strong>comparare,</strong></span> <span class='ocrx_word' id='word_1_284' title='bbox 2347 2567 2404 2613; x_wconf 91' lang='lat' dir='ltr'><strong>et</strong></span> 
     </span>
    </p>
   </div>
   <div class='ocr_carea' id='block_1_42' title="bbox 821 2652 2405 2723">
    <p class='ocr_par' dir='ltr' id='par_1_42' title="bbox 821 2652 2405 2723">
     <span class='ocr_line' id='line_1_42' title="bbox 821 2652 2405 2723; baseline 0.002 -20"><span class='ocrx_word' id='word_1_285' title='bbox 821 2652 1013 2705; x_wconf 89' lang='lat' dir='ltr'><strong>eodem</strong></span> <span class='ocrx_word' id='word_1_286' title='bbox 1055 2667 1178 2706; x_wconf 89' lang='lat' dir='ltr'><strong>cum</strong></span> <span class='ocrx_word' id='word_1_287' title='bbox 1212 2654 1490 2706; x_wconf 78' lang='lat' dir='ltr'><strong>extraneis</strong></span> <span class='ocrx_word' id='word_1_288' title='bbox 1522 2655 1895 2723; x_wconf 80' lang='lat' dir='ltr'><strong>generationis</strong></span> <span class='ocrx_word' id='word_1_289' title='bbox 1915 2654 2077 2708; x_wconf 85' lang='lat' dir='ltr'><strong>modo</strong></span> <span class='ocrx_word' id='word_1_290' title='bbox 2104 2655 2257 2708; x_wconf 81' lang='lat' dir='ltr'><strong>illum</strong></span> <span class='ocrx_word' id='word_1_291' title='bbox 2286 2653 2405 2708; x_wconf 90' lang='lat' dir='ltr'><strong>edi-</strong></span> 
     </span>
    </p>
   </div>
   <div class='ocr_carea' id='block_1_43' title="bbox 823 2742 2405 2814">
    <p class='ocr_par' dir='ltr' id='par_1_43' title="bbox 823 2742 2405 2814">
     <span class='ocr_line' id='line_1_43' title="bbox 823 2742 2405 2814; baseline 0.003 -20"><span class='ocrx_word' id='word_1_292' title='bbox 823 2749 939 2795; x_wconf 89' lang='lat' dir='ltr'><strong>tum</strong></span> <span class='ocrx_word' id='word_1_293' title='bbox 967 2758 1088 2795; x_wconf 88' lang='lat' dir='ltr'><strong>esse</strong></span> <span class='ocrx_word' id='word_1_294' title='bbox 1121 2742 1401 2796; x_wconf 86' lang='lat' dir='ltr'><strong>arbitrari.</strong></span> <span class='ocrx_word' id='word_1_295' title='bbox 1432 2744 1645 2813; x_wconf 85' lang='lat' dir='ltr'><strong>Quippe</strong></span> <span class='ocrx_word' id='word_1_296' title='bbox 1676 2745 2019 2814; x_wconf 81' lang='lat' dir='ltr'><strong>unigenitum</strong></span> <span class='ocrx_word' id='word_1_297' title='bbox 2052 2746 2281 2809; x_wconf 79' lang='lat' dir='ltr'><strong>Filium,</strong></span> <span class='ocrx_word' id='word_1_298' title='bbox 2312 2760 2405 2799; x_wconf 88' lang='lat' dir='ltr'><strong>so-</strong></span> 
     </span>
    </p>
   </div>
   <div class='ocr_carea' id='block_1_44' title="bbox 819 2833 2405 2906">
    <p class='ocr_par' dir='ltr' id='par_1_44' title="bbox 819 2833 2405 2906">
     <span class='ocr_line' id='line_1_44' title="bbox 819 2833 2405 2906; baseline 0.001 -18"><span class='ocrx_word' id='word_1_299' title='bbox 819 2833 936 2888; x_wconf 81' lang='lat' dir='ltr'><strong>lum</strong></span> <span class='ocrx_word' id='word_1_300' title='bbox 986 2849 1050 2887; x_wconf 90' lang='lat' dir='ltr'><strong>ac</strong></span> <span class='ocrx_word' id='word_1_301' title='bbox 1101 2834 1268 2888; x_wconf 85' lang='lat' dir='ltr'><strong>semel</strong></span> <span class='ocrx_word' id='word_1_302' title='bbox 1315 2841 1525 2888; x_wconf 89' lang='lat' dir='ltr'><strong>tantum</strong></span> <span class='ocrx_word' id='word_1_303' title='bbox 1574 2850 1704 2889; x_wconf 90' lang='lat' dir='ltr'><strong>vere</strong></span> <span class='ocrx_word' id='word_1_304' title='bbox 1747 2851 2113 2906; x_wconf 83' lang='lat' dir='ltr'><strong>germaneque</strong></span> <span class='ocrx_word' id='word_1_305' title='bbox 2161 2837 2405 2906; x_wconf 76' lang='lat' dir='ltr'><strong>genitum</strong></span> 
     </span>
    </p>
   </div>
   <div class='ocr_carea' id='block_1_45' title="bbox 821 2923 2406 2994">
    <p class='ocr_par' dir='ltr' id='par_1_45' title="bbox 821 2923 2406 2994">
     <span class='ocr_line' id='line_1_45' title="bbox 821 2923 2406 2994; baseline 0.001 -18"><span class='ocrx_word' id='word_1_306' title='bbox 821 2937 965 2988; x_wconf 83' lang='lat' dir='ltr'><strong>esse,</strong></span> <span class='ocrx_word' id='word_1_307' title='bbox 1030 2923 1230 2978; x_wconf 71' lang='lat' dir='ltr'><strong>divina:</strong></span> <span class='ocrx_word' id='word_1_308' title='bbox 1278 2940 1381 2977; x_wconf 89' lang='lat' dir='ltr'><strong>nos</strong></span> <span class='ocrx_word' id='word_1_309' title='bbox 1437 2923 1736 2994; x_wconf 70' lang='lat' dir='ltr'><strong>Scriptura:</strong></span> <span class='ocrx_word' id='word_1_310' title='bbox 1782 2926 2004 2979; x_wconf 82' lang='lat' dir='ltr'><strong>docent.</strong></span> <span class='ocrx_word' id='word_1_311' title='bbox 2050 2925 2157 2980; x_wconf 85' lang='lat' dir='ltr'><strong>Sed</strong></span> <span class='ocrx_word' id='word_1_312' title='bbox 2227 2940 2406 2994; x_wconf 69' lang='lat' dir='ltr'><strong>neque</strong></span> 
     </span>
    </p>
   </div>
   <div class='ocr_carea' id='block_1_46' title="bbox 822 3012 2405 3082">
    <p class='ocr_par' dir='ltr' id='par_1_46' title="bbox 822 3012 2405 3082">
     <span class='ocr_line' id='line_1_46' title="bbox 822 3012 2405 3082; baseline 0.002 -17"><span class='ocrx_word' id='word_1_313' title='bbox 822 3012 1040 3065; x_wconf 85' lang='lat' dir='ltr'><strong>tametsi</strong></span> <span class='ocrx_word' id='word_1_314' title='bbox 1075 3012 1321 3066; x_wconf 90' lang='lat' dir='ltr'><strong>dicamus</strong></span> <span class='ocrx_word' id='word_1_315' title='bbox 1350 3012 1544 3065; x_wconf 83' lang='lat' dir='ltr'><strong>Filium</strong></span> <span class='ocrx_word' id='word_1_316' title='bbox 1575 3028 1673 3082; x_wconf 90' lang='lat' dir='ltr'><strong>per</strong></span> <span class='ocrx_word' id='word_1_317' title='bbox 1698 3013 1939 3082; x_wconf 89' lang='lat' dir='ltr'><strong>scipsum</strong></span> <span class='ocrx_word' id='word_1_318' title='bbox 1965 3029 2105 3076; x_wconf 86' lang='lat' dir='ltr'><strong>esse,</strong></span> <span class='ocrx_word' id='word_1_319' title='bbox 2132 3023 2187 3066; x_wconf 90' lang='lat' dir='ltr'><strong>et</strong></span> <span class='ocrx_word' id='word_1_320' title='bbox 2218 3015 2405 3069; x_wconf 74' lang='lat' dir='ltr'><strong>viVere</strong></span> 
     </span>
    </p>
   </div>
   <div class='ocr_carea' id='block_1_47' title="bbox 821 3103 2404 3173">
    <p class='ocr_par' dir='ltr' id='par_1_47' title="bbox 821 3103 2404 3173">
     <span class='ocr_line' id='line_1_47' title="bbox 821 3103 2404 3173; baseline 0.002 -17"><span class='ocrx_word' id='word_1_321' title='bbox 821 3116 887 3156; x_wconf 85' lang='lat' dir='ltr'><strong>ac</strong></span> <span class='ocrx_word' id='word_1_322' title='bbox 908 3103 1208 3157; x_wconf 75' lang='lat' dir='ltr'><strong>subsistere</strong></span> <span class='ocrx_word' id='word_1_323' title='bbox 1232 3103 1460 3173; x_wconf 89' lang='lat' dir='ltr'><strong>perinde</strong></span> <span class='ocrx_word' id='word_1_324' title='bbox 1489 3119 1553 3158; x_wconf 91' lang='lat' dir='ltr'><strong>ac</strong></span> <span class='ocrx_word' id='word_1_325' title='bbox 1582 3104 1818 3167; x_wconf 81' lang='lat' dir='ltr'><strong>Patrem,</strong></span> <span class='ocrx_word' id='word_1_326' title='bbox 1846 3104 1998 3158; x_wconf 90' lang='lat' dir='ltr'><strong>illum</strong></span> <span class='ocrx_word' id='word_1_327' title='bbox 2022 3105 2229 3159; x_wconf 91' lang='lat' dir='ltr'><strong>idcirco</strong></span> <span class='ocrx_word' id='word_1_328' title='bbox 2253 3122 2282 3159; x_wconf 92' lang='lat' dir='ltr'><strong>a</strong></span> <span class='ocrx_word' id='word_1_329' title='bbox 2303 3106 2404 3159; x_wconf 85' lang='lat' dir='ltr'><strong>Pa-</strong></span> 
     </span>
    </p>
   </div>
   <div class='ocr_carea' id='block_1_48' title="bbox 822 3196 2406 3265">
    <p class='ocr_par' dir='ltr' id='par_1_48' title="bbox 822 3196 2406 3265">
     <span class='ocr_line' id='line_1_48' title="bbox 822 3196 2406 3265; baseline 0.002 -17"><span class='ocrx_word' id='word_1_330' title='bbox 822 3203 907 3250; x_wconf 89' lang='lat' dir='ltr'><strong>tre</strong></span> <span class='ocrx_word' id='word_1_331' title='bbox 931 3211 1274 3265; x_wconf 83' lang='lat' dir='ltr'><strong>separamus,</strong></span> <span class='ocrx_word' id='word_1_332' title='bbox 1301 3196 1476 3265; x_wconf 90' lang='lat' dir='ltr'><strong>spatia</strong></span> <span class='ocrx_word' id='word_1_333' title='bbox 1495 3196 1743 3264; x_wconf 64' lang='lat' dir='ltr'><strong>quaedam</strong></span> <span class='ocrx_word' id='word_1_334' title='bbox 1773 3196 2016 3251; x_wconf 91' lang='lat' dir='ltr'><strong>locorum</strong></span> <span class='ocrx_word' id='word_1_335' title='bbox 2038 3206 2095 3252; x_wconf 91' lang='lat' dir='ltr'><strong>et</strong></span> <span class='ocrx_word' id='word_1_336' title='bbox 2124 3198 2406 3252; x_wconf 74' lang='lat' dir='ltr'><strong>intervalla</strong></span> 
     </span>
    </p>
   </div>
   <div class='ocr_carea' id='block_1_49' title="bbox 823 3285 2408 3357">
    <p class='ocr_par' dir='ltr' id='par_1_49' title="bbox 823 3285 2408 3357">
     <span class='ocr_line' id='line_1_49' title="bbox 823 3285 2408 3357; baseline 0.002 -17"><span class='ocrx_word' id='word_1_337' title='bbox 823 3285 971 3340; x_wconf 89' lang='lat' dir='ltr'><strong>inter</strong></span> <span class='ocrx_word' id='word_1_338' title='bbox 1002 3286 1222 3339; x_wconf 88' lang='lat' dir='ltr'><strong>illorum</strong></span> <span class='ocrx_word' id='word_1_339' title='bbox 1252 3287 1698 3356; x_wconf 73' lang='lat' dir='ltr'><strong>coniunctionem</strong></span> <span class='ocrx_word' id='word_1_340' title='bbox 1725 3288 2001 3357; x_wconf 89' lang='lat' dir='ltr'><strong>corporali</strong></span> <span class='ocrx_word' id='word_1_341' title='bbox 2025 3303 2177 3341; x_wconf 91' lang='lat' dir='ltr'><strong>more</strong></span> <span class='ocrx_word' id='word_1_342' title='bbox 2206 3289 2408 3343; x_wconf 91' lang='lat' dir='ltr'><strong>intelli-</strong></span> 
     </span>
    </p>
   </div>
   <div class='ocr_carea' id='block_1_50' title="bbox 2500 1994 4072 2065">
    <p class='ocr_par' dir='ltr' id='par_1_50' title="bbox 2500 1994 4072 2065">
     <span class='ocr_line' id='line_1_50' title="bbox 2500 1994 4072 2065; baseline -0.001 -18"><span class='ocrx_word' id='word_1_343' title='bbox 2500 1994 2739 2057; x_wconf 79' lang='grc' dir='ltr'>εὐσεϐῶς</span> <span class='ocrx_word' id='word_1_344' title='bbox 2765 1994 3167 2065; x_wconf 78' lang='grc' dir='ltr'>ὑπειλήφαμεν.</span> <span class='ocrx_word' id='word_1_345' title='bbox 3220 1994 3573 2058; x_wconf 81' lang='grc' dir='ltr'>Πιστεύοντες</span> <span class='ocrx_word' id='word_1_346' title='bbox 3603 1994 3659 2048; x_wconf 83' lang='grc' dir='ltr'>δὲ</span> <span class='ocrx_word' id='word_1_347' title='bbox 3696 1994 3950 2064; x_wconf 74' lang='grc' dir='ltr'>ἑμφόὸως</span> <span class='ocrx_word' id='word_1_348' title='bbox 3979 1995 4072 2047; x_wconf 76' lang='grc' dir='ltr'>καὶ</span> 
     </span>
    </p>
   </div>
   <div class='ocr_carea' id='block_1_51' title="bbox 2499 2085 4074 2156">
    <p class='ocr_par' dir='ltr' id='par_1_51' title="bbox 2499 2085 4074 2156">
     <span class='ocr_line' id='line_1_51' title="bbox 2499 2085 4074 2156; baseline 0 -18"><span class='ocrx_word' id='word_1_349' title='bbox 2499 2086 2561 2138; x_wconf 80' lang='grc' dir='ltr'>τὸ</span> <span class='ocrx_word' id='word_1_350' title='bbox 2587 2086 2714 2156; x_wconf 74' lang='grc' dir='ltr'>περὶ</span> <span class='ocrx_word' id='word_1_351' title='bbox 2755 2085 2919 2139; x_wconf 83' lang='grc' dir='ltr'>αὑτοῦ</span> <span class='ocrx_word' id='word_1_352' title='bbox 2949 2085 3258 2155; x_wconf 86' lang='grc' dir='ltr'>λεγόμενον.</span> <span class='ocrx_word' id='word_1_353' title='bbox 3300 2088 3513 2154; x_wconf 77' lang='grc' dir='ltr'>Κύριος</span> <span class='ocrx_word' id='word_1_354' title='bbox 3544 2086 3746 2140; x_wconf 77' lang='grc' dir='ltr'>ἐκτισέ</span> <span class='ocrx_word' id='word_1_355' title='bbox 3772 2103 3849 2156; x_wconf 79' lang='grc' dir='ltr'><strong>με</strong></span> <span class='ocrx_word' id='word_1_356' title='bbox 3876 2086 3989 2155; x_wconf 79' lang='grc' dir='ltr'>ἀρχ</span> <span class='ocrx_word' id='word_1_357' title='bbox 4001 2086 4074 2153; x_wconf 71' lang='grc' dir='ltr'><strong>ὴν</strong></span> 
     </span>
    </p>
   </div>
   <div class='ocr_carea' id='block_1_52' title="bbox 2501 2175 4073 2249">
    <p class='ocr_par' dir='ltr' id='par_1_52' title="bbox 2501 2175 4073 2249">
     <span class='ocr_line' id='line_1_52' title="bbox 2501 2175 4073 2249; baseline 0.001 -20"><span class='ocrx_word' id='word_1_358' title='bbox 2501 2175 2658 2230; x_wconf 82' lang='grc' dir='ltr'>ὁδῶν</span> <span class='ocrx_word' id='word_1_359' title='bbox 2677 2177 2863 2231; x_wconf 86' lang='grc' dir='ltr'>αὐτοῦ</span> <span class='ocrx_word' id='word_1_360' title='bbox 2891 2179 2978 2243; x_wconf 82' lang='grc' dir='ltr'>εις</span> <span class='ocrx_word' id='word_1_361' title='bbox 3008 2177 3152 2246; x_wconf 75' lang='grc' dir='ltr'>ἔργα</span> <span class='ocrx_word' id='word_1_362' title='bbox 3179 2178 3388 2242; x_wconf 82' lang='grc' dir='ltr'>αὑτοῦ,</span> <span class='ocrx_word' id='word_1_363' title='bbox 3422 2179 3520 2248; x_wconf 87' lang='grc' dir='ltr'><strong>οὐχ</strong></span> <span class='ocrx_word' id='word_1_364' title='bbox 3550 2178 3751 2249; x_wconf 84' lang='grc' dir='ltr'>ὁμοίως</span> <span class='ocrx_word' id='word_1_365' title='bbox 3777 2177 3937 2232; x_wconf 68' lang='grc' dir='ltr'>αὑτὸν</span> <span class='ocrx_word' id='word_1_366' title='bbox 3957 2180 4073 2242; x_wconf 85' lang='grc' dir='ltr'>τοῖς</span> 
     </span>
    </p>
   </div>
   <div class='ocr_carea' id='block_1_53' title="bbox 2500 2266 4071 2341">
    <p class='ocr_par' dir='ltr' id='par_1_53' title="bbox 2500 2266 4071 2341">
     <span class='ocr_line' id='line_1_53' title="bbox 2500 2266 4071 2341; baseline 0.003 -22"><span class='ocrx_word' id='word_1_367' title='bbox 2500 2266 2566 2320; x_wconf 79' lang='grc' dir='ltr'>δι’</span> <span class='ocrx_word' id='word_1_368' title='bbox 2598 2267 2765 2320; x_wconf 78' lang='grc' dir='ltr'>αὑτοῦ</span> <span class='ocrx_word' id='word_1_369' title='bbox 2806 2268 3118 2338; x_wconf 78' lang='grc' dir='ltr'>γενομένοις</span> <span class='ocrx_word' id='word_1_370' title='bbox 3170 2269 3463 2339; x_wconf 82' lang='grc' dir='ltr'>κτίσμασιν</span> <span class='ocrx_word' id='word_1_371' title='bbox 3501 2270 3534 2341; x_wconf 82' lang='grc' dir='ltr'>ἢ</span> <span class='ocrx_word' id='word_1_372' title='bbox 3572 2270 3842 2341; x_wconf 75' lang='grc' dir='ltr'>ποιήμασι</span> <span class='ocrx_word' id='word_1_373' title='bbox 3873 2286 4071 2338; x_wconf 86' lang='grc' dir='ltr'>γεγεν-</span> 
     </span>
    </p>
   </div>
   <div class='ocr_carea' id='block_1_54' title="bbox 2502 2359 4074 2434">
    <p class='ocr_par' dir='ltr' id='par_1_54' title="bbox 2502 2359 4074 2434">
     <span class='ocr_line' id='line_1_54' title="bbox 2502 2359 4074 2434; baseline 0.003 -23"><span class='ocrx_word' id='word_1_374' title='bbox 2502 2359 2693 2429; x_wconf 78' lang='grc' dir='ltr'>νῆσθαι</span> <span class='ocrx_word' id='word_1_375' title='bbox 2716 2360 2963 2430; x_wconf 80' lang='grc' dir='ltr'>νοοῦμεν.</span> <span class='ocrx_word' id='word_1_376' title='bbox 3008 2362 3229 2425; x_wconf 75' lang='grc' dir='ltr'>’Λσεΰὲς</span> <span class='ocrx_word' id='word_1_377' title='bbox 3261 2363 3391 2434; x_wconf 68' lang='grc' dir='ltr'>γὰρ,</span> <span class='ocrx_word' id='word_1_378' title='bbox 3428 2364 3523 2416; x_wconf 78' lang='grc' dir='ltr'>καὶ</span> <span class='ocrx_word' id='word_1_379' title='bbox 3554 2362 3655 2433; x_wconf 82' lang='grc' dir='ltr'>τῆς</span> <span class='ocrx_word' id='word_1_380' title='bbox 3700 2362 4074 2433; x_wconf 74' lang='grc' dir='ltr'>ἐκκλησιαστιο</span> 
     </span>
    </p>
   </div>
   <div class='ocr_carea' id='block_1_55' title="bbox 2503 2452 4072 2526">
    <p class='ocr_par' dir='ltr' id='par_1_55' title="bbox 2503 2452 4072 2526">
     <span class='ocr_line' id='line_1_55' title="bbox 2503 2452 4072 2526; baseline 0.003 -22"><span class='ocrx_word' id='word_1_381' title='bbox 2503 2454 2603 2521; x_wconf 75' lang='grc' dir='ltr'>κῆς</span> <span class='ocrx_word' id='word_1_382' title='bbox 2633 2452 2865 2516; x_wconf 86' lang='grc' dir='ltr'>πίστεως</span> <span class='ocrx_word' id='word_1_383' title='bbox 2895 2452 3195 2525; x_wconf 84' lang='grc' dir='ltr'>ἀλλότριον,</span> <span class='ocrx_word' id='word_1_384' title='bbox 3221 2455 3283 2507; x_wconf 77' lang='grc' dir='ltr'>τὸ</span> <span class='ocrx_word' id='word_1_385' title='bbox 3301 2456 3390 2509; x_wconf 83' lang='grc' dir='ltr'>τὸν</span> <span class='ocrx_word' id='word_1_386' title='bbox 3410 2455 3633 2526; x_wconf 81' lang='grc' dir='ltr'><strong>κτίστην</strong></span> <span class='ocrx_word' id='word_1_387' title='bbox 3665 2457 3780 2519; x_wconf 83' lang='grc' dir='ltr'>τοῖς</span> <span class='ocrx_word' id='word_1_388' title='bbox 3808 2455 3876 2508; x_wconf 87' lang='grc' dir='ltr'><strong>δι’</strong></span> <span class='ocrx_word' id='word_1_389' title='bbox 3907 2454 4072 2509; x_wconf 74' lang='grc' dir='ltr'>αὑτοῦ</span> 
     </span>
    </p>
   </div>
   <div class='ocr_carea' id='block_1_56' title="bbox 2501 2545 4074 2619">
    <p class='ocr_par' dir='ltr' id='par_1_56' title="bbox 2501 2545 4074 2619">
     <span class='ocr_line' id='line_1_56' title="bbox 2501 2545 4074 2619; baseline 0.003 -22"><span class='ocrx_word' id='word_1_390' title='bbox 2501 2545 2848 2616; x_wconf 76' lang='grc' dir='ltr'>ἐκτισμένοις</span> <span class='ocrx_word' id='word_1_391' title='bbox 2894 2548 3347 2618; x_wconf 69' lang='grc' dir='ltr'>δημιουργήματι</span> <span class='ocrx_word' id='word_1_392' title='bbox 3405 2548 3795 2619; x_wconf 76' lang='grc' dir='ltr'>παραϐάλλειν,</span> <span class='ocrx_word' id='word_1_393' title='bbox 3848 2549 3944 2602; x_wconf 78' lang='grc' dir='ltr'>καὶ</span> <span class='ocrx_word' id='word_1_394' title='bbox 3984 2549 4074 2602; x_wconf 82' lang='grc' dir='ltr'>τὸν</span> 
     </span>
    </p>
   </div>
   <div class='ocr_carea' id='block_1_57' title="bbox 2503 2637 4075 2712">
    <p class='ocr_par' dir='ltr' id='par_1_57' title="bbox 2503 2637 4075 2712">
     <span class='ocr_line' id='line_1_57' title="bbox 2503 2637 4075 2712; baseline 0.001 -21"><span class='ocrx_word' id='word_1_395' title='bbox 2503 2637 2667 2691; x_wconf 76' lang='grc' dir='ltr'>αὐτὸν</span> <span class='ocrx_word' id='word_1_396' title='bbox 2698 2638 2797 2707; x_wconf 81' lang='grc' dir='ltr'>τῆς</span> <span class='ocrx_word' id='word_1_397' title='bbox 2821 2639 3084 2703; x_wconf 64' lang='grc' dir='ltr'>γενέσεω,</span> <span class='ocrx_word' id='word_1_398' title='bbox 3113 2642 3225 2703; x_wconf 80' lang='grc' dir='ltr'>τοῖς</span> <span class='ocrx_word' id='word_1_399' title='bbox 3252 2640 3551 2712; x_wconf 74' lang='grc' dir='ltr'>ἀλλοτρίοις</span> <span class='ocrx_word' id='word_1_400' title='bbox 3572 2641 3771 2712; x_wconf 78' lang='grc' dir='ltr'>τρόπον</span> <span class='ocrx_word' id='word_1_401' title='bbox 3807 2640 3953 2711; x_wconf 76' lang='grc' dir='ltr'>ἔχειν</span> <span class='ocrx_word' id='word_1_402' title='bbox 3980 2640 4075 2695; x_wconf 70' lang='grc' dir='ltr'><strong>καὶ</strong></span> 
     </span>
    </p>
   </div>
   <div class='ocr_carea' id='block_1_58' title="bbox 2503 2729 4072 2805">
    <p class='ocr_par' dir='ltr' id='par_1_58' title="bbox 2503 2729 4072 2805">
     <span class='ocr_line' id='line_1_58' title="bbox 2503 2729 4072 2805; baseline 0.004 -24"><span class='ocrx_word' id='word_1_403' title='bbox 2503 2729 2666 2782; x_wconf 83' lang='grc' dir='ltr'>αὑτὸν</span> <span class='ocrx_word' id='word_1_404' title='bbox 2707 2731 2968 2799; x_wconf 78' lang='grc' dir='ltr'>νομίζειν.</span> <span class='ocrx_word' id='word_1_405' title='bbox 3016 2733 3193 2785; x_wconf 82' lang='grc' dir='ltr'>Μόνον</span> <span class='ocrx_word' id='word_1_406' title='bbox 3222 2732 3331 2803; x_wconf 72' lang='grc' dir='ltr'>γὰρ</span> <span class='ocrx_word' id='word_1_407' title='bbox 3364 2735 3457 2786; x_wconf 83' lang='grc' dir='ltr'>καὶ</span> <span class='ocrx_word' id='word_1_408' title='bbox 3487 2734 3663 2805; x_wconf 84' lang='grc' dir='ltr'>μόνως</span> <span class='ocrx_word' id='word_1_409' title='bbox 3694 2733 3783 2786; x_wconf 85' lang='grc' dir='ltr'>τὸν</span> <span class='ocrx_word' id='word_1_410' title='bbox 3809 2734 4072 2805; x_wconf 83' lang='grc' dir='ltr'>μονογενῆ</span> 
     </span>
    </p>
   </div>
   <div class='ocr_carea' id='block_1_59' title="bbox 2505 2808 4074 2895">
    <p class='ocr_par' dir='ltr' id='par_1_59' title="bbox 2505 2808 4074 2895">
     <span class='ocr_line' id='line_1_59' title="bbox 2505 2808 4074 2895; baseline 0 -21"><span class='ocrx_word' id='word_1_411' title='bbox 2505 2820 2661 2883; x_wconf 83' lang='grc' dir='ltr'>Υἰὺν,</span> <span class='ocrx_word' id='word_1_412' title='bbox 2706 2821 2944 2893; x_wconf 80' lang='grc' dir='ltr'>γνησίως</span> <span class='ocrx_word' id='word_1_413' title='bbox 2971 2838 3030 2875; x_wconf 87' lang='grc' dir='ltr'><strong>τε</strong></span> <span class='ocrx_word' id='word_1_414' title='bbox 3076 2822 3172 2875; x_wconf 75' lang='grc' dir='ltr'>καὶ</span> <span class='ocrx_word' id='word_1_415' title='bbox 3209 2822 3423 2895; x_wconf 85' lang='grc' dir='ltr'>ἀληθῶς</span> <span class='ocrx_word' id='word_1_416' title='bbox 3461 2808 3800 2878; x_wconf 72' lang='grc' dir='ltr'>διδάσκουσιν</span> <span class='ocrx_word' id='word_1_417' title='bbox 3829 2826 3977 2895; x_wconf 73' lang='grc' dir='ltr'>ἡμᾶς</span> <span class='ocrx_word' id='word_1_418' title='bbox 4018 2824 4074 2877; x_wconf 78' lang='lat' dir='ltr'><strong>at</strong></span> 
     </span>
    </p>
   </div>
   <div class='ocr_carea' id='block_1_60' title="bbox 2507 2912 4073 2983">
    <p class='ocr_par' dir='ltr' id='par_1_60' title="bbox 2507 2912 4073 2983">
     <span class='ocr_line' id='line_1_60' title="bbox 2507 2912 4073 2983; baseline 0.004 -20"><span class='ocrx_word' id='word_1_419' title='bbox 2507 2914 2648 2964; x_wconf 83' lang='grc' dir='ltr'>θεῖαι</span> <span class='ocrx_word' id='word_1_420' title='bbox 2688 2912 2903 2983; x_wconf 79' lang='grc' dir='ltr'>Γραφαὶ</span> <span class='ocrx_word' id='word_1_421' title='bbox 2930 2913 3313 2983; x_wconf 77' lang='grc' dir='ltr'>γεγεννῆσθαι.</span> <span class='ocrx_word' id='word_1_422' title='bbox 3355 2914 3494 2967; x_wconf 77' lang='grc' dir='ltr'>Ἀλλ’</span> <span class='ocrx_word' id='word_1_423' title='bbox 3518 2915 3639 2969; x_wconf 70' lang='grc' dir='ltr'>οὐδὲ</span> <span class='ocrx_word' id='word_1_424' title='bbox 3663 2916 3755 2969; x_wconf 84' lang='grc' dir='ltr'>τὸν</span> <span class='ocrx_word' id='word_1_425' title='bbox 3790 2916 3919 2969; x_wconf 80' lang='grc' dir='ltr'>Υἰδν</span> <span class='ocrx_word' id='word_1_426' title='bbox 3952 2915 4073 2969; x_wconf 81' lang='grc' dir='ltr'>καθ’</span> 
     </span>
    </p>
   </div>
   <div class='ocr_carea' id='block_1_61' title="bbox 2506 3000 4071 3077">
    <p class='ocr_par' dir='ltr' id='par_1_61' title="bbox 2506 3000 4071 3077">
     <span class='ocr_line' id='line_1_61' title="bbox 2506 3000 4071 3077; baseline 0.003 -22"><span class='ocrx_word' id='word_1_427' title='bbox 2506 3002 2696 3055; x_wconf 78' lang='grc' dir='ltr'>ἑαυτὸν</span> <span class='ocrx_word' id='word_1_428' title='bbox 2718 3000 2857 3056; x_wconf 77' lang='grc' dir='ltr'>εἶναι</span> <span class='ocrx_word' id='word_1_429' title='bbox 2897 3000 2943 3069; x_wconf 72' lang='grc' dir='ltr'><strong>ί,</strong></span> <span class='ocrx_word' id='word_1_430' title='bbox 2971 3003 3071 3074; x_wconf 75' lang='grc' dir='ltr'><strong>ζῇν</strong></span> <span class='ocrx_word' id='word_1_431' title='bbox 3103 3021 3163 3056; x_wconf 84' lang='grc' dir='ltr'><strong>τε</strong></span> <span class='ocrx_word' id='word_1_432' title='bbox 3207 3004 3302 3057; x_wconf 70' lang='grc' dir='ltr'>καὶ</span> <span class='ocrx_word' id='word_1_433' title='bbox 3328 3005 3591 3076; x_wconf 75' lang='grc' dir='ltr'>ὑπάρχειν</span> <span class='ocrx_word' id='word_1_434' title='bbox 3617 3006 3816 3076; x_wconf 83' lang='grc' dir='ltr'>ὁμοίως</span> <span class='ocrx_word' id='word_1_435' title='bbox 3849 3005 3927 3077; x_wconf 83' lang='grc' dir='ltr'>τῷ</span> <span class='ocrx_word' id='word_1_436' title='bbox 3961 3007 4071 3059; x_wconf 89' lang='grc' dir='ltr'><strong>Πα-</strong></span> 
     </span>
    </p>
   </div>
   <div class='ocr_carea' id='block_1_62' title="bbox 2505 3095 4073 3170">
    <p class='ocr_par' dir='ltr' id='par_1_62' title="bbox 2505 3095 4073 3170">
     <span class='ocr_line' id='line_1_62' title="bbox 2505 3095 4073 3170; baseline 0.001 -21"><span class='ocrx_word' id='word_1_437' title='bbox 2505 3097 2595 3166; x_wconf 75' lang='grc' dir='ltr'>τρὶ</span> <span class='ocrx_word' id='word_1_438' title='bbox 2622 3096 2890 3161; x_wconf 78' lang='grc' dir='ltr'>λέγοντες,</span> <span class='ocrx_word' id='word_1_439' title='bbox 2916 3096 3005 3150; x_wconf 79' lang='grc' dir='ltr'><strong>διὰ</strong></span> <span class='ocrx_word' id='word_1_440' title='bbox 3021 3096 3179 3150; x_wconf 77' lang='grc' dir='ltr'>τοῦτο</span> <span class='ocrx_word' id='word_1_441' title='bbox 3196 3095 3498 3169; x_wconf 76' lang='grc' dir='ltr'>χωρίζομεν</span> <span class='ocrx_word' id='word_1_442' title='bbox 3525 3097 3687 3151; x_wconf 81' lang='grc' dir='ltr'>αὐτὸν</span> <span class='ocrx_word' id='word_1_443' title='bbox 3715 3096 3810 3151; x_wconf 82' lang='grc' dir='ltr'>τοῦ</span> <span class='ocrx_word' id='word_1_444' title='bbox 3840 3098 4073 3170; x_wconf 67' lang='grc' dir='ltr'>Πατρός,</span> 
     </span>
    </p>
   </div>
   <div class='ocr_carea' id='block_1_63' title="bbox 2505 3188 4076 3259">
    <p class='ocr_par' dir='ltr' id='par_1_63' title="bbox 2505 3188 4076 3259">
     <span class='ocr_line' id='line_1_63' title="bbox 2505 3188 4076 3259; baseline 0.002 -20"><span class='ocrx_word' id='word_1_445' title='bbox 2505 3188 2703 3250; x_wconf 80' lang='grc' dir='ltr'>τόπους</span> <span class='ocrx_word' id='word_1_446' title='bbox 2750 3188 2843 3239; x_wconf 75' lang='grc' dir='ltr'>καὶ</span> <span class='ocrx_word' id='word_1_447' title='bbox 2877 3188 3223 3259; x_wconf 78' lang='grc' dir='ltr'>διαστήματά</span> <span class='ocrx_word' id='word_1_448' title='bbox 3255 3204 3376 3242; x_wconf 86' lang='grc' dir='ltr'>τινα</span> <span class='ocrx_word' id='word_1_449' title='bbox 3420 3188 3621 3258; x_wconf 73' lang='grc' dir='ltr'>μεταξὺ</span> <span class='ocrx_word' id='word_1_450' title='bbox 3650 3189 3752 3258; x_wconf 82' lang='grc' dir='ltr'>τῆς</span> <span class='ocrx_word' id='word_1_451' title='bbox 3789 3191 4076 3257; x_wconf 77' lang='grc' dir='ltr'>συναφείας</span> 
     </span>
    </p>
   </div>
   <div class='ocr_carea' id='block_1_64' title="bbox 2507 3280 4077 3355">
    <p class='ocr_par' dir='ltr' id='par_1_64' title="bbox 2507 3280 4077 3355">
     <span class='ocr_line' id='line_1_64' title="bbox 2507 3280 4077 3355; baseline 0.003 -22"><span class='ocrx_word' id='word_1_452' title='bbox 2507 3280 2685 3334; x_wconf 82' lang='grc' dir='ltr'>αὐτῶν</span> <span class='ocrx_word' id='word_1_453' title='bbox 2732 3281 3057 3351; x_wconf 81' lang='grc' dir='ltr'>σωματικῶς</span> <span class='ocrx_word' id='word_1_454' title='bbox 3097 3282 3454 3345; x_wconf 76' lang='grc' dir='ltr'>ἐπινοοῦντες.</span> <span class='ocrx_word' id='word_1_455' title='bbox 3488 3283 3939 3354; x_wconf 84' lang='grc' dir='ltr'>Πεπιστεύκαμεν</span> <span class='ocrx_word' id='word_1_456' title='bbox 3968 3284 4077 3355; x_wconf 78' lang='grc' dir='ltr'><strong>γὰρ</strong></span> 
     </span>
    </p>
   </div>
   <div class='ocr_carea' id='block_1_65' title="bbox 824 3370 2610 3449">
    <p class='ocr_par' dir='ltr' id='par_1_65' title="bbox 824 3374 2610 3449">
     <span class='ocr_line' id='line_1_65' title="bbox 824 3374 2610 3449; baseline 0.001 -17"><span class='ocrx_word' id='word_1_457' title='bbox 824 3386 1032 3449; x_wconf 86' lang='lat' dir='ltr'><strong>gentes.</strong></span> <span class='ocrx_word' id='word_1_458' title='bbox 1071 3378 1362 3432; x_wconf 90' lang='lat' dir='ltr'><strong>Credimus</strong></span> <span class='ocrx_word' id='word_1_459' title='bbox 1407 3378 1553 3431; x_wconf 89' lang='lat' dir='ltr'><strong>enim</strong></span> <span class='ocrx_word' id='word_1_460' title='bbox 1590 3394 1685 3431; x_wconf 91' lang='lat' dir='ltr'><strong>eos</strong></span> <span class='ocrx_word' id='word_1_461' title='bbox 1723 3379 1930 3448; x_wconf 84' lang='lat' dir='ltr'><strong>absque</strong></span> <span class='ocrx_word' id='word_1_462' title='bbox 1970 3380 2082 3433; x_wconf 92' lang='lat' dir='ltr'><strong>ullo</strong></span> <span class='ocrx_word' id='word_1_463' title='bbox 2117 3379 2297 3433; x_wconf 86' lang='lat' dir='ltr'><strong>medio</strong></span> <span class='ocrx_word' id='word_1_464' title='bbox 2323 3388 2409 3434; x_wconf 86' lang='lat' dir='ltr'><strong>at-</strong></span> <span class='ocrx_word' id='word_1_465' title='bbox 2504 3374 2610 3441; x_wconf 82' lang='grc' dir='ltr'><strong>ἀμε</strong></span> 
     </span>
    </p>
   </div>
   <div class='ocr_carea' id='block_1_66' title="bbox 2288 3370 4074 3449">
    <p class='ocr_par' dir='ltr' id='par_1_66' title="bbox 2288 3370 4074 3446">
     <span class='ocr_line' id='line_1_66' title="bbox 2288 3370 4074 3446; baseline 0.002 -22"><span class='ocrx_word' id='word_1_466' title='bbox 2288 3388 2409 3434; x_wconf 61' lang='grc' dir='ltr'>,δι-</span> <span class='ocrx_word' id='word_1_467' title='bbox 2504 3370 2882 3441; x_wconf 84' lang='grc' dir='ltr'>ἀμεσιτεύτως</span> <span class='ocrx_word' id='word_1_468' title='bbox 2932 3371 3128 3435; x_wconf 73' lang='grc' dir='ltr'>αὐτοὺς</span> <span class='ocrx_word' id='word_1_469' title='bbox 3166 3372 3262 3424; x_wconf 79' lang='grc' dir='ltr'>καὶ</span> <span class='ocrx_word' id='word_1_470' title='bbox 3306 3373 3646 3437; x_wconf 81' lang='grc' dir='ltr'>ἀδιαστὰτως</span> <span class='ocrx_word' id='word_1_471' title='bbox 3689 3375 4074 3446; x_wconf 58' lang='grc' dir='ltr'>ὲπισυνῆφθαι,</span> 
     </span>
    </p>
   </div>
   <div class='ocr_carea' id='block_1_67' title="bbox 823 3463 2609 3537">
    <p class='ocr_par' dir='ltr' id='par_1_67' title="bbox 823 3464 2601 3537">
     <span class='ocr_line' id='line_1_67' title="bbox 823 3464 2601 3537; baseline 0.002 -17"><span class='ocrx_word' id='word_1_472' title='bbox 823 3482 931 3536; x_wconf 89' lang='lat' dir='ltr'><strong>que</strong></span> <span class='ocrx_word' id='word_1_473' title='bbox 961 3467 1260 3521; x_wconf 86' lang='lat' dir='ltr'><strong>interstitio</strong></span> <span class='ocrx_word' id='word_1_474' title='bbox 1301 3469 1627 3537; x_wconf 85' lang='lat' dir='ltr'><strong>conjunctos</strong></span> <span class='ocrx_word' id='word_1_475' title='bbox 1668 3483 1812 3529; x_wconf 86' lang='lat' dir='ltr'><strong>esse,</strong></span> <span class='ocrx_word' id='word_1_476' title='bbox 1864 3483 1965 3521; x_wconf 89' lang='lat' dir='ltr'><strong>nec</strong></span> <span class='ocrx_word' id='word_1_477' title='bbox 2003 3485 2034 3522; x_wconf 91' lang='lat' dir='ltr'><strong>a</strong></span> <span class='ocrx_word' id='word_1_478' title='bbox 2076 3484 2133 3523; x_wconf 90' lang='lat' dir='ltr'><strong>se</strong></span> <span class='ocrx_word' id='word_1_479' title='bbox 2172 3470 2408 3524; x_wconf 83' lang='lat' dir='ltr'><strong>invicem</strong></span> <span class='ocrx_word' id='word_1_480' title='bbox 2505 3464 2601 3516; x_wconf 76' lang='grc' dir='ltr'>καὶ</span> 
     </span>
    </p>
   </div>
   <div class='ocr_carea' id='block_1_68' title="bbox 2291 3463 4077 3537">
    <p class='ocr_par' dir='ltr' id='par_1_68' title="bbox 2291 3463 4077 3536">
     <span class='ocr_line' id='line_1_68' title="bbox 2291 3463 4077 3536; baseline 0.001 -20"><span class='ocrx_word' id='word_1_481' title='bbox 2291 3485 2408 3524; x_wconf 83' lang='lat' dir='ltr'><strong>cem</strong></span> <span class='ocrx_word' id='word_1_482' title='bbox 2505 3464 2601 3516; x_wconf 80' lang='grc' dir='ltr'>καὶ</span> <span class='ocrx_word' id='word_1_483' title='bbox 2629 3464 2949 3533; x_wconf 81' lang='grc' dir='ltr'>ἀχωρίστως</span> <span class='ocrx_word' id='word_1_484' title='bbox 2981 3463 3247 3535; x_wconf 80' lang='grc' dir='ltr'>ὑπάρχειν</span> <span class='ocrx_word' id='word_1_485' title='bbox 3276 3464 3515 3517; x_wconf 59' lang='grc' dir='ltr'>ἑαυτῶν</span> <span class='ocrx_word' id='word_1_486' title='bbox 3542 3464 3662 3519; x_wconf 84' lang='grc' dir='ltr'>ὅλον</span> <span class='ocrx_word' id='word_1_487' title='bbox 3693 3466 3790 3536; x_wconf 87' lang='grc' dir='ltr'>μὲν</span> <span class='ocrx_word' id='word_1_488' title='bbox 3839 3465 3934 3519; x_wconf 81' lang='grc' dir='ltr'><strong>τοῦ</strong></span> <span class='ocrx_word' id='word_1_489' title='bbox 3966 3468 4077 3518; x_wconf 82' lang='grc' dir='ltr'>Πα-</span> 
     </span>
    </p>
   </div>
   <div class='ocr_carea' id='block_1_69' title="bbox 823 3553 2609 3628">
    <p class='ocr_par' dir='ltr' id='par_1_69' title="bbox 823 3553 2609 3628">
     <span class='ocr_line' id='line_1_69' title="bbox 823 3553 2609 3628; baseline 0.001 -17"><span class='ocrx_word' id='word_1_490' title='bbox 823 3572 983 3626; x_wconf 86' lang='lat' dir='ltr'><strong>posse</strong></span> <span class='ocrx_word' id='word_1_491' title='bbox 1014 3558 1289 3612; x_wconf 86' lang='lat' dir='ltr'><strong>ullatenus</strong></span> <span class='ocrx_word' id='word_1_492' title='bbox 1313 3558 1557 3627; x_wconf 88' lang='lat' dir='ltr'><strong>separari</strong></span> <span class='ocrx_word' id='word_1_493' title='bbox 1585 3576 1597 3610; x_wconf 93' lang='lat'><strong>:</strong></span> <span class='ocrx_word' id='word_1_494' title='bbox 1628 3558 1830 3627; x_wconf 88' lang='lat' dir='ltr'><strong>quippe</strong></span> <span class='ocrx_word' id='word_1_495' title='bbox 1853 3573 1977 3612; x_wconf 91' lang='lat' dir='ltr'><strong>eum</strong></span> <span class='ocrx_word' id='word_1_496' title='bbox 1998 3558 2160 3612; x_wconf 88' lang='lat' dir='ltr'><strong>Pater</strong></span> <span class='ocrx_word' id='word_1_497' title='bbox 2185 3559 2408 3628; x_wconf 90' lang='lat' dir='ltr'><strong>quidem</strong></span> <span class='ocrx_word' id='word_1_498' title='bbox 2502 3553 2609 3624; x_wconf 66' lang='grc' dir='ltr'><strong>’πρὸς</strong></span> 
     </span>
    </p>
   </div>
   <div class='ocr_carea' id='block_1_70' title="bbox 2291 3553 4077 3628">
    <p class='ocr_par' dir='ltr' id='par_1_70' title="bbox 2291 3553 4077 3627">
     <span class='ocr_line' id='line_1_70' title="bbox 2291 3553 4077 3627; baseline 0.003 -22"><span class='ocrx_word' id='word_1_499' title='bbox 2291 3560 2408 3613; x_wconf 75' lang='lat' dir='ltr'><strong>dem</strong></span> <span class='ocrx_word' id='word_1_500' title='bbox 2502 3553 2628 3624; x_wconf 84' lang='grc' dir='ltr'>τρδς</span> <span class='ocrx_word' id='word_1_501' title='bbox 2655 3553 2765 3623; x_wconf 74' lang='lat'><strong>(36)</strong></span> <span class='ocrx_word' id='word_1_502' title='bbox 2796 3554 3274 3627; x_wconf 73' lang='grc' dir='ltr'>ὲνεοτερνισμένοο</span> <span class='ocrx_word' id='word_1_503' title='bbox 3302 3556 3393 3608; x_wconf 71' lang='grc' dir='ltr'>τὸν</span> <span class='ocrx_word' id='word_1_504' title='bbox 3413 3557 3538 3609; x_wconf 83' lang='grc' dir='ltr'>Υἱόν</span> <span class='ocrx_word' id='word_1_505' title='bbox 3557 3574 3570 3588; x_wconf 89' lang='grc'><strong>·</strong></span> <span class='ocrx_word' id='word_1_506' title='bbox 3607 3556 3729 3610; x_wconf 84' lang='grc' dir='ltr'>ὅλου</span> <span class='ocrx_word' id='word_1_507' title='bbox 3762 3556 3815 3612; x_wconf 63' lang='grc' dir='ltr'>δὲ</span> <span class='ocrx_word' id='word_1_508' title='bbox 3835 3556 3927 3612; x_wconf 78' lang='grc' dir='ltr'><strong>τοῦ</strong></span> <span class='ocrx_word' id='word_1_509' title='bbox 3948 3557 4077 3611; x_wconf 85' lang='grc' dir='ltr'>Υἱοῦ</span> 
     </span>
    </p>
   </div>
   <div class='ocr_carea' id='block_1_71' title="bbox 825 3643 2611 3719">
    <p class='ocr_par' dir='ltr' id='par_1_71' title="bbox 825 3643 2611 3719">
     <span class='ocr_line' id='line_1_71' title="bbox 825 3643 2611 3719; baseline 0.003 -18"><span class='ocrx_word' id='word_1_510' title='bbox 825 3648 950 3702; x_wconf 84' lang='lat' dir='ltr'><strong>sinu</strong></span> <span class='ocrx_word' id='word_1_511' title='bbox 965 3663 1065 3702; x_wconf 91' lang='lat' dir='ltr'><strong>suo</strong></span> <span class='ocrx_word' id='word_1_512' title='bbox 1079 3655 1254 3702; x_wconf 89' lang='lat' dir='ltr'><strong>totum</strong></span> <span class='ocrx_word' id='word_1_513' title='bbox 1272 3650 1669 3719; x_wconf 87' lang='lat' dir='ltr'><strong>complectatur</strong></span> <span class='ocrx_word' id='word_1_514' title='bbox 1681 3649 1899 3703; x_wconf 83' lang='lat' dir='ltr'><strong>Filium:</strong></span> <span class='ocrx_word' id='word_1_515' title='bbox 1921 3649 2094 3703; x_wconf 83' lang='lat' dir='ltr'><strong>Filius</strong></span> <span class='ocrx_word' id='word_1_516' title='bbox 2105 3665 2236 3703; x_wconf 87' lang='lat' dir='ltr'><strong>vero</strong></span> <span class='ocrx_word' id='word_1_517' title='bbox 2250 3652 2407 3718; x_wconf 90' lang='lat' dir='ltr'><strong>quasi</strong></span> <span class='ocrx_word' id='word_1_518' title='bbox 2504 3643 2611 3715; x_wconf 52' lang='lat' dir='ltr'><strong>35m</strong></span> 
     </span>
    </p>
   </div>
   <div class='ocr_carea' id='block_1_72' title="bbox 2295 3643 4081 3719">
    <p class='ocr_par' dir='ltr' id='par_1_72' title="bbox 2295 3643 4081 3719">
     <span class='ocr_line' id='line_1_72' title="bbox 2295 3643 4081 3719; baseline -0.001 -23"><span class='ocrx_word' id='word_1_519' title='bbox 2295 3652 2407 3705; x_wconf 77' lang='lat' dir='ltr'><strong>nasi</strong></span> <span class='ocrx_word' id='word_1_520' title='bbox 2504 3643 2873 3715; x_wconf 77' lang='grc' dir='ltr'>ἐξηρτημένον</span> <span class='ocrx_word' id='word_1_521' title='bbox 2896 3646 2990 3698; x_wconf 73' lang='grc' dir='ltr'><strong>καὶ</strong></span> <span class='ocrx_word' id='word_1_522' title='bbox 3015 3648 3461 3716; x_wconf 73' lang='grc' dir='ltr'>προσπεφυκότος</span> <span class='ocrx_word' id='word_1_523' title='bbox 3480 3646 3558 3717; x_wconf 82' lang='grc' dir='ltr'>τῷ</span> <span class='ocrx_word' id='word_1_524' title='bbox 3579 3647 3774 3718; x_wconf 75' lang='grc' dir='ltr'>Πατρὶ.</span> <span class='ocrx_word' id='word_1_525' title='bbox 3798 3664 3892 3701; x_wconf 66' lang='lat'><strong>3....</strong></span> <span class='ocrx_word' id='word_1_526' title='bbox 3922 3647 4050 3719; x_wconf 89' lang='grc' dir='ltr'>μόνο</span> <span class='ocrx_word' id='word_1_527' title='bbox 4067 3671 4081 3694; x_wconf 72' lang='grc' dir='ltr'><strong>ι</strong></span> 
     </span>
    </p>
   </div>
   <div class='ocr_carea' id='block_1_73' title="bbox 827 3736 2613 3811">
    <p class='ocr_par' dir='ltr' id='par_1_73' title="bbox 827 3738 2613 3811">
     <span class='ocr_line' id='line_1_73' title="bbox 827 3738 2613 3811; baseline 0.002 -16"><span class='ocrx_word' id='word_1_528' title='bbox 827 3755 1104 3810; x_wconf 71' lang='lat' dir='ltr'><strong>eppensus</strong></span> <span class='ocrx_word' id='word_1_529' title='bbox 1138 3741 1235 3794; x_wconf 91' lang='lat' dir='ltr'><strong>toti</strong></span> <span class='ocrx_word' id='word_1_530' title='bbox 1262 3740 1602 3795; x_wconf 79' lang='lat' dir='ltr'><strong>adhaereseat</strong></span> <span class='ocrx_word' id='word_1_531' title='bbox 1641 3742 1813 3805; x_wconf 87' lang='lat' dir='ltr'><strong>Patri,</strong></span> <span class='ocrx_word' id='word_1_532' title='bbox 1852 3742 2109 3811; x_wconf 86' lang='lat' dir='ltr'><strong>solusque</strong></span> <span class='ocrx_word' id='word_1_533' title='bbox 2137 3742 2194 3795; x_wconf 92' lang='lat' dir='ltr'><strong>in</strong></span> <span class='ocrx_word' id='word_1_534' title='bbox 2236 3742 2415 3796; x_wconf 87' lang='lat' dir='ltr'><strong>Patris</strong></span> <span class='ocrx_word' id='word_1_535' title='bbox 2450 3787 2457 3794; x_wconf 92' lang='lat'><strong>.</strong></span> <span class='ocrx_word' id='word_1_536' title='bbox 2511 3738 2613 3799; x_wconf 70' lang='grc' dir='ltr'>τοῖς</span> 
     </span>
    </p>
   </div>
   <div class='ocr_carea' id='block_1_74' title="bbox 2295 3736 4081 3811">
    <p class='ocr_par' dir='ltr' id='par_1_74' title="bbox 2295 3736 4081 3810">
     <span class='ocr_line' id='line_1_74' title="bbox 2295 3736 4081 3810; baseline 0.003 -23"><span class='ocrx_word' id='word_1_537' title='bbox 2295 3742 2415 3796; x_wconf 73' lang='lat' dir='ltr'><strong>mis</strong></span> <span class='ocrx_word' id='word_1_538' title='bbox 2450 3787 2457 3794; x_wconf 74' lang='grc'><strong>,</strong></span> <span class='ocrx_word' id='word_1_539' title='bbox 2511 3738 2624 3799; x_wconf 82' lang='grc' dir='ltr'>τοῖς</span> <span class='ocrx_word' id='word_1_540' title='bbox 2651 3736 2925 3808; x_wconf 82' lang='grc' dir='ltr'>πατρῴοις</span> <span class='ocrx_word' id='word_1_541' title='bbox 2962 3737 3181 3800; x_wconf 79' lang='grc' dir='ltr'>κόλποις</span> <span class='ocrx_word' id='word_1_542' title='bbox 3206 3738 3618 3809; x_wconf 87' lang='grc' dir='ltr'>ἀναπαυόμενον</span> <span class='ocrx_word' id='word_1_543' title='bbox 3673 3739 3954 3810; x_wconf 86' lang='grc' dir='ltr'>διηνεκῶς.</span> <span class='ocrx_word' id='word_1_544' title='bbox 3984 3739 4081 3793; x_wconf 81' lang='lat' dir='ltr'><strong>Ht-</strong></span> 
     </span>
    </p>
   </div>
   <div class='ocr_carea' id='block_1_75' title="bbox 826 3824 2612 3903">
    <p class='ocr_par' dir='ltr' id='par_1_75' title="bbox 826 3830 2612 3901">
     <span class='ocr_line' id='line_1_75' title="bbox 826 3830 2612 3901; baseline -0.001 -16"><span class='ocrx_word' id='word_1_545' title='bbox 826 3830 1038 3901; x_wconf 71' lang='lat' dir='ltr'><strong>gremio</strong></span> <span class='ocrx_word' id='word_1_546' title='bbox 1060 3839 1328 3901; x_wconf 87' lang='lat' dir='ltr'><strong>perpetuo</strong></span> <span class='ocrx_word' id='word_1_547' title='bbox 1358 3831 1733 3900; x_wconf 86' lang='lat' dir='ltr'><strong>conquiescat.</strong></span> <span class='ocrx_word' id='word_1_548' title='bbox 1766 3830 2067 3886; x_wconf 86' lang='lat' dir='ltr'><strong>Credentes</strong></span> <span class='ocrx_word' id='word_1_549' title='bbox 2094 3832 2261 3901; x_wconf 85' lang='lat' dir='ltr'><strong>igitur</strong></span> <span class='ocrx_word' id='word_1_550' title='bbox 2286 3847 2414 3886; x_wconf 90' lang='lat' dir='ltr'><strong>san-</strong></span> <span class='ocrx_word' id='word_1_551' title='bbox 2513 3843 2612 3879; x_wconf 78' lang='grc' dir='ltr'>στε</span> 
     </span>
    </p>
   </div>
   <div class='ocr_carea' id='block_1_76' title="bbox 2295 3824 4081 3903">
    <p class='ocr_par' dir='ltr' id='par_1_76' title="bbox 2295 3824 4081 3903">
     <span class='ocr_line' id='line_1_76' title="bbox 2295 3824 4081 3903; baseline -0.001 -17"><span class='ocrx_word' id='word_1_552' title='bbox 2295 3847 2414 3886; x_wconf 80' lang='lat' dir='ltr'><strong>san-</strong></span> <span class='ocrx_word' id='word_1_553' title='bbox 2513 3826 2794 3890; x_wconf 82' lang='grc' dir='ltr'>στεύοντες</span> <span class='ocrx_word' id='word_1_554' title='bbox 2808 3824 2901 3882; x_wconf 83' lang='grc' dir='ltr'><strong>οὗν</strong></span> <span class='ocrx_word' id='word_1_555' title='bbox 2926 3829 3004 3891; x_wconf 74' lang='grc' dir='ltr'>εἰς</span> <span class='ocrx_word' id='word_1_556' title='bbox 3022 3828 3119 3899; x_wconf 79' lang='grc' dir='ltr'>τὴν</span> <span class='ocrx_word' id='word_1_557' title='bbox 3142 3829 3460 3883; x_wconf 85' lang='grc' dir='ltr'>παντέλειον</span> <span class='ocrx_word' id='word_1_558' title='bbox 3478 3831 3681 3902; x_wconf 80' lang='grc' dir='ltr'>Τριάδσ</span> <span class='ocrx_word' id='word_1_559' title='bbox 3717 3831 3817 3903; x_wconf 79' lang='grc' dir='ltr'>τὴν</span> <span class='ocrx_word' id='word_1_560' title='bbox 3845 3831 4081 3900; x_wconf 88' lang='grc' dir='ltr'>ἀγιωτά-</span> 
     </span>
    </p>
   </div>
   <div class='ocr_carea' id='block_1_77' title="bbox 826 3921 2417 3991">
    <p class='ocr_par' dir='ltr' id='par_1_77' title="bbox 826 3921 2417 3991">
     <span class='ocr_line' id='line_1_77' title="bbox 826 3921 2417 3991; baseline 0.001 -17"><span class='ocrx_word' id='word_1_561' title='bbox 826 3921 1128 3975; x_wconf 80' lang='lat' dir='ltr'><strong>ctissimam</strong></span> <span class='ocrx_word' id='word_1_562' title='bbox 1165 3930 1220 3975; x_wconf 92' lang='lat' dir='ltr'><strong>et</strong></span> <span class='ocrx_word' id='word_1_563' title='bbox 1254 3922 1552 3991; x_wconf 85' lang='lat' dir='ltr'><strong>perfectam</strong></span> <span class='ocrx_word' id='word_1_564' title='bbox 1583 3921 1825 3990; x_wconf 90' lang='lat' dir='ltr'><strong>undique</strong></span> <span class='ocrx_word' id='word_1_565' title='bbox 1841 3922 2197 3987; x_wconf 86' lang='lat' dir='ltr'><strong>Trinitatem;</strong></span> <span class='ocrx_word' id='word_1_566' title='bbox 2227 3930 2283 3976; x_wconf 91' lang='lat' dir='ltr'><strong>et</strong></span> <span class='ocrx_word' id='word_1_567' title='bbox 2312 3922 2417 3975; x_wconf 87' lang='lat' dir='ltr'><strong>Pa-</strong></span> 
     </span>
    </p>
   </div>
   <div class='ocr_carea' id='block_1_78' title="bbox 829 4014 2415 4085">
    <p class='ocr_par' dir='ltr' id='par_1_78' title="bbox 829 4014 2415 4085">
     <span class='ocr_line' id='line_1_78' title="bbox 829 4014 2415 4085; baseline 0.001 -18"><span class='ocrx_word' id='word_1_568' title='bbox 829 4022 968 4068; x_wconf 90' lang='lat' dir='ltr'><strong>trem</strong></span> <span class='ocrx_word' id='word_1_569' title='bbox 998 4014 1193 4079; x_wconf 90' lang='lat' dir='ltr'><strong>Deum,</strong></span> <span class='ocrx_word' id='word_1_570' title='bbox 1224 4030 1289 4069; x_wconf 85' lang='lat' dir='ltr'><strong>ac</strong></span> <span class='ocrx_word' id='word_1_571' title='bbox 1329 4014 1526 4069; x_wconf 86' lang='lat' dir='ltr'><strong>Filium</strong></span> <span class='ocrx_word' id='word_1_572' title='bbox 1557 4030 1776 4085; x_wconf 91' lang='lat' dir='ltr'><strong>quoque</strong></span> <span class='ocrx_word' id='word_1_573' title='bbox 1814 4014 1988 4068; x_wconf 88' lang='lat' dir='ltr'><strong>Deum</strong></span> <span class='ocrx_word' id='word_1_574' title='bbox 2015 4014 2284 4078; x_wconf 86' lang='lat' dir='ltr'><strong>dicentes,</strong></span> <span class='ocrx_word' id='word_1_575' title='bbox 2302 4030 2415 4069; x_wconf 91' lang='lat' dir='ltr'><strong>non</strong></span> 
     </span>
    </p>
   </div>
   <div class='ocr_carea' id='block_1_79' title="bbox 827 4103 2406 4169">
    <p class='ocr_par' dir='ltr' id='par_1_79' title="bbox 827 4103 2406 4169">
     <span class='ocr_line' id='line_1_79' title="bbox 827 4103 2406 4169; baseline 0.001 -11"><span class='ocrx_word' id='word_1_576' title='bbox 827 4112 1012 4158; x_wconf 89' lang='lat' dir='ltr'><strong>tamen</strong></span> <span class='ocrx_word' id='word_1_577' title='bbox 1045 4104 1218 4169; x_wconf 89' lang='lat' dir='ltr'><strong>duos,</strong></span> <span class='ocrx_word' id='word_1_578' title='bbox 1245 4104 1341 4159; x_wconf 92' lang='lat' dir='ltr'><strong>sed</strong></span> <span class='ocrx_word' id='word_1_579' title='bbox 1372 4120 1542 4159; x_wconf 90' lang='lat' dir='ltr'><strong>unum</strong></span> <span class='ocrx_word' id='word_1_580' title='bbox 1585 4120 1706 4159; x_wconf 90' lang='lat' dir='ltr'><strong>esse</strong></span> <span class='ocrx_word' id='word_1_581' title='bbox 1742 4103 2071 4159; x_wconf 83' lang='lat' dir='ltr'><strong>confitemur</strong></span> <span class='ocrx_word' id='word_1_582' title='bbox 2109 4106 2302 4169; x_wconf 89' lang='lat' dir='ltr'><strong>Deum,</strong></span> <span class='ocrx_word' id='word_1_583' title='bbox 2334 4106 2406 4161; x_wconf 93' lang='lat' dir='ltr'><strong>ob</strong></span> 
     </span>
    </p>
   </div>
   <div class='ocr_carea' id='block_1_80' title="bbox 828 4195 2410 4259">
    <p class='ocr_par' dir='ltr' id='par_1_80' title="bbox 828 4195 2410 4259">
     <span class='ocr_line' id='line_1_80' title="bbox 828 4195 2410 4259; baseline 0.002 -11"><span class='ocrx_word' id='word_1_584' title='bbox 828 4209 1001 4248; x_wconf 81' lang='lat' dir='ltr'><strong>unum</strong></span> <span class='ocrx_word' id='word_1_585' title='bbox 1029 4195 1294 4249; x_wconf 87' lang='lat' dir='ltr'><strong>honorem</strong></span> <span class='ocrx_word' id='word_1_586' title='bbox 1324 4196 1649 4259; x_wconf 86' lang='lat' dir='ltr'><strong>divinitatis,</strong></span> <span class='ocrx_word' id='word_1_587' title='bbox 1675 4203 1732 4249; x_wconf 91' lang='lat' dir='ltr'><strong>et</strong></span> <span class='ocrx_word' id='word_1_588' title='bbox 1754 4195 2215 4250; x_wconf 89' lang='lat' dir='ltr'><strong>absolutissimam</strong></span> <span class='ocrx_word' id='word_1_589' title='bbox 2244 4197 2410 4252; x_wconf 88' lang='lat' dir='ltr'><strong>unius</strong></span> 
     </span>
    </p>
   </div>
   <div class='ocr_carea' id='block_1_81' title="bbox 831 4287 2410 4359">
    <p class='ocr_par' dir='ltr' id='par_1_81' title="bbox 831 4287 2410 4359">
     <span class='ocr_line' id='line_1_81' title="bbox 831 4287 2410 4359; baseline 0.001 -18"><span class='ocrx_word' id='word_1_590' title='bbox 831 4288 985 4357; x_wconf 82' lang='lat' dir='ltr'><strong>regni</strong></span> <span class='ocrx_word' id='word_1_591' title='bbox 1016 4288 1369 4343; x_wconf 90' lang='lat' dir='ltr'><strong>concordiam</strong></span> <span class='ocrx_word' id='word_1_592' title='bbox 1399 4305 1413 4342; x_wconf 89' lang='lat'><strong>:</strong></span> <span class='ocrx_word' id='word_1_593' title='bbox 1445 4289 1520 4343; x_wconf 86' lang='lat' dir='ltr'><strong>ita</strong></span> <span class='ocrx_word' id='word_1_594' title='bbox 1548 4298 1611 4342; x_wconf 91' lang='lat' dir='ltr'><strong>ut</strong></span> <span class='ocrx_word' id='word_1_595' title='bbox 1639 4289 1803 4342; x_wconf 84' lang='lat' dir='ltr'><strong>Pater</strong></span> <span class='ocrx_word' id='word_1_596' title='bbox 1832 4287 2057 4357; x_wconf 88' lang='lat' dir='ltr'><strong>quidem</strong></span> <span class='ocrx_word' id='word_1_597' title='bbox 2082 4290 2410 4359; x_wconf 79' lang='lat' dir='ltr'><strong>generaliter</strong></span> 
     </span>
    </p>
   </div>
   <div class='ocr_carea' id='block_1_82' title="bbox 829 4378 2412 4451">
    <p class='ocr_par' dir='ltr' id='par_1_82' title="bbox 829 4378 2412 4451">
     <span class='ocr_line' id='line_1_82' title="bbox 829 4378 2412 4451; baseline 0.001 -17"><span class='ocrx_word' id='word_1_598' title='bbox 829 4380 1116 4444; x_wconf 79' lang='lat' dir='ltr'><strong>omnibus,</strong></span> <span class='ocrx_word' id='word_1_599' title='bbox 1149 4387 1207 4435; x_wconf 91' lang='lat' dir='ltr'><strong>et</strong></span> <span class='ocrx_word' id='word_1_600' title='bbox 1253 4380 1357 4451; x_wconf 91' lang='lat' dir='ltr'><strong>ipsi</strong></span> <span class='ocrx_word' id='word_1_601' title='bbox 1406 4395 1625 4450; x_wconf 90' lang='lat' dir='ltr'><strong>quoque</strong></span> <span class='ocrx_word' id='word_1_602' title='bbox 1672 4380 1809 4433; x_wconf 81' lang='lat' dir='ltr'><strong>Filio</strong></span> <span class='ocrx_word' id='word_1_603' title='bbox 1841 4378 2157 4434; x_wconf 88' lang='lat' dir='ltr'><strong>dominetur</strong></span> <span class='ocrx_word' id='word_1_604' title='bbox 2188 4398 2201 4433; x_wconf 94' lang='lat'>:</span> <span class='ocrx_word' id='word_1_605' title='bbox 2240 4379 2412 4437; x_wconf 83' lang='lat' dir='ltr'><strong>Filius</strong></span> 
     </span>
    </p>
   </div>
   <div class='ocr_carea' id='block_1_83' title="bbox 902 4535 1400 4602">
    <p class='ocr_par' dir='ltr' id='par_1_83' title="bbox 902 4535 1400 4602">
     <span class='ocr_line' id='line_1_83' title="bbox 902 4535 1400 4602; baseline -0.006 -10"><span class='ocrx_word' id='word_1_606' title='bbox 902 4535 1130 4592; x_wconf 70' lang='lat' dir='ltr'><strong>“Prov.</strong></span> <span class='ocrx_word' id='word_1_607' title='bbox 1177 4551 1293 4602; x_wconf 79' lang='lat' dir='ltr'><strong>vni,</strong></span> <span class='ocrx_word' id='word_1_608' title='bbox 1328 4535 1400 4589; x_wconf 71' lang='grc'><strong>22</strong></span> 
     </span>
    </p>
   </div>
   <div class='ocr_carea' id='block_1_84' title="bbox 2510 3919 4082 3993">
    <p class='ocr_par' dir='ltr' id='par_1_84' title="bbox 2510 3919 4082 3993">
     <span class='ocr_line' id='line_1_84' title="bbox 2510 3919 4082 3993; baseline 0.004 -22"><span class='ocrx_word' id='word_1_609' title='bbox 2510 3936 2633 3988; x_wconf 89' lang='grc' dir='ltr'>την,</span> <span class='ocrx_word' id='word_1_610' title='bbox 2660 3919 2752 3973; x_wconf 82' lang='grc' dir='ltr'>τὸν</span> <span class='ocrx_word' id='word_1_611' title='bbox 2780 3920 3002 3993; x_wconf 87' lang='grc' dir='ltr'>Πατέρα</span> <span class='ocrx_word' id='word_1_612' title='bbox 3022 3919 3270 3990; x_wconf 79' lang='grc' dir='ltr'>λέγοντες</span> <span class='ocrx_word' id='word_1_613' title='bbox 3294 3923 3448 3989; x_wconf 80' lang='grc' dir='ltr'>θεὸν,</span> <span class='ocrx_word' id='word_1_614' title='bbox 3474 3924 3570 3978; x_wconf 81' lang='grc' dir='ltr'>καὶ</span> <span class='ocrx_word' id='word_1_615' title='bbox 3598 3925 3690 3978; x_wconf 83' lang='grc' dir='ltr'>τὸν</span> <span class='ocrx_word' id='word_1_616' title='bbox 3713 3925 3862 3990; x_wconf 78' lang='grc' dir='ltr'>Υἱὸν,</span> <span class='ocrx_word' id='word_1_617' title='bbox 3894 3926 3956 3979; x_wconf 77' lang='grc' dir='ltr'>οὐ</span> <span class='ocrx_word' id='word_1_618' title='bbox 3989 3925 4082 3978; x_wconf 71' lang='grc' dir='ltr'>δύο</span> 
     </span>
    </p>
   </div>
   <div class='ocr_carea' id='block_1_85' title="bbox 2510 4013 4080 4087">
    <p class='ocr_par' dir='ltr' id='par_1_85' title="bbox 2510 4013 4080 4087">
     <span class='ocr_line' id='line_1_85' title="bbox 2510 4013 4080 4087; baseline 0.003 -21"><span class='ocrx_word' id='word_1_619' title='bbox 2510 4013 2733 4079; x_wconf 84' lang='grc' dir='ltr'>τούτους</span> <span class='ocrx_word' id='word_1_620' title='bbox 2773 4015 2963 4079; x_wconf 79' lang='grc' dir='ltr'>Θεοὺς,</span> <span class='ocrx_word' id='word_1_621' title='bbox 2997 4014 3113 4068; x_wconf 85' lang='grc' dir='ltr'>ἀλλ’</span> <span class='ocrx_word' id='word_1_622' title='bbox 3158 4016 3256 4069; x_wconf 70' lang='grc' dir='ltr'>ἕνα</span> <span class='ocrx_word' id='word_1_623' title='bbox 3292 4016 3679 4086; x_wconf 82' lang='grc' dir='ltr'>ὁμολογοῦμεν,</span> <span class='ocrx_word' id='word_1_624' title='bbox 3713 4016 3854 4070; x_wconf 85' lang='grc' dir='ltr'>κατὰ</span> <span class='ocrx_word' id='word_1_625' title='bbox 3884 4017 3947 4070; x_wconf 81' lang='grc' dir='ltr'>τὸ</span> <span class='ocrx_word' id='word_1_626' title='bbox 3978 4017 4080 4087; x_wconf 77' lang='grc' dir='ltr'>τῆς</span> 
     </span>
    </p>
   </div>
   <div class='ocr_carea' id='block_1_86' title="bbox 2513 4104 4082 4179">
    <p class='ocr_par' dir='ltr' id='par_1_86' title="bbox 2513 4104 4082 4179">
     <span class='ocr_line' id='line_1_86' title="bbox 2513 4104 4082 4179; baseline 0.003 -21"><span class='ocrx_word' id='word_1_627' title='bbox 2513 4104 2765 4177; x_wconf 82' lang='grc' dir='ltr'>θεότητος</span> <span class='ocrx_word' id='word_1_628' title='bbox 2811 4105 3049 4177; x_wconf 81' lang='grc' dir='ltr'>ἀξίωμα,</span> <span class='ocrx_word' id='word_1_629' title='bbox 3099 4107 3189 4161; x_wconf 61' lang='grc' dir='ltr'><strong>διαὶ</strong></span> <span class='ocrx_word' id='word_1_630' title='bbox 3236 4107 3366 4177; x_wconf 79' lang='grc' dir='ltr'>μίαν</span> <span class='ocrx_word' id='word_1_631' title='bbox 3396 4106 3602 4179; x_wconf 80' lang='grc' dir='ltr'>ἀκριϐῆ</span> <span class='ocrx_word' id='word_1_632' title='bbox 3652 4107 3753 4178; x_wconf 79' lang='grc' dir='ltr'>τῆς</span> <span class='ocrx_word' id='word_1_633' title='bbox 3799 4107 4082 4179; x_wconf 87' lang='grc' dir='ltr'>βασιλείας</span> 
     </span>
    </p>
   </div>
   <div class='ocr_carea' id='block_1_87' title="bbox 2512 4198 4084 4270">
    <p class='ocr_par' dir='ltr' id='par_1_87' title="bbox 2512 4198 4084 4270">
     <span class='ocr_line' id='line_1_87' title="bbox 2512 4198 4084 4270; baseline 0.003 -21"><span class='ocrx_word' id='word_1_634' title='bbox 2512 4198 2612 4268; x_wconf 80' lang='grc' dir='ltr'>τὴν</span> <span class='ocrx_word' id='word_1_635' title='bbox 2649 4198 2973 4267; x_wconf 80' lang='grc' dir='ltr'>συνάφειαν·</span> <span class='ocrx_word' id='word_1_636' title='bbox 3005 4199 3441 4267; x_wconf 68' lang='grc' dir='ltr'>παπαρχοῦντος</span> <span class='ocrx_word' id='word_1_637' title='bbox 3465 4200 3562 4270; x_wconf 81' lang='grc' dir='ltr'>μὲν</span> <span class='ocrx_word' id='word_1_638' title='bbox 3583 4199 3812 4253; x_wconf 86' lang='grc' dir='ltr'>καθόλου</span> <span class='ocrx_word' id='word_1_639' title='bbox 3841 4198 3937 4252; x_wconf 79' lang='grc' dir='ltr'><strong>τοῦ</strong></span> <span class='ocrx_word' id='word_1_640' title='bbox 3971 4202 4084 4254; x_wconf 86' lang='grc' dir='ltr'><strong>Πα-</strong></span> 
     </span>
    </p>
   </div>
   <div class='ocr_carea' id='block_1_88' title="bbox 2514 4288 4086 4359">
    <p class='ocr_par' dir='ltr' id='par_1_88' title="bbox 2514 4288 4086 4359">
     <span class='ocr_line' id='line_1_88' title="bbox 2514 4288 4086 4359; baseline 0.002 -18"><span class='ocrx_word' id='word_1_641' title='bbox 2514 4288 2641 4359; x_wconf 79' lang='grc' dir='ltr'>τρὸς</span> <span class='ocrx_word' id='word_1_642' title='bbox 2663 4288 2905 4354; x_wconf 84' lang='grc' dir='ltr'>πάντων,</span> <span class='ocrx_word' id='word_1_643' title='bbox 2938 4288 3034 4341; x_wconf 81' lang='grc' dir='ltr'>καὶ</span> <span class='ocrx_word' id='word_1_644' title='bbox 3065 4289 3231 4342; x_wconf 79' lang='grc' dir='ltr'>αὑτοῦ</span> <span class='ocrx_word' id='word_1_645' title='bbox 3256 4288 3353 4342; x_wconf 83' lang='grc' dir='ltr'>τοῦ</span> <span class='ocrx_word' id='word_1_646' title='bbox 3381 4288 3544 4343; x_wconf 73' lang='grc' dir='ltr'><strong>Υίοῦ’</strong></span> <span class='ocrx_word' id='word_1_647' title='bbox 3570 4288 3665 4342; x_wconf 79' lang='grc' dir='ltr'>τοῦ</span> <span class='ocrx_word' id='word_1_648' title='bbox 3701 4290 3759 4343; x_wconf 79' lang='grc' dir='ltr'>δὲ</span> <span class='ocrx_word' id='word_1_649' title='bbox 3787 4289 3916 4343; x_wconf 80' lang='grc' dir='ltr'>Υιοῠ</span> <span class='ocrx_word' id='word_1_650' title='bbox 3950 4291 4086 4344; x_wconf 83' lang='grc' dir='ltr'>ὐπο-</span> 
     </span>
    </p>
   </div>
   <div class='ocr_carea' id='block_1_89' title="bbox 2515 4378 4087 4451">
    <p class='ocr_par' dir='ltr' id='par_1_89' title="bbox 2515 4378 4087 4451">
     <span class='ocr_line' id='line_1_89' title="bbox 2515 4378 4087 4451; baseline 0.003 -19"><span class='ocrx_word' id='word_1_651' title='bbox 2515 4381 2851 4450; x_wconf 83' lang='grc' dir='ltr'>τεταγμένου</span> <span class='ocrx_word' id='word_1_652' title='bbox 2880 4378 2960 4450; x_wconf 84' lang='grc' dir='ltr'>τῷ</span> <span class='ocrx_word' id='word_1_653' title='bbox 2990 4380 3186 4451; x_wconf 66' lang='grc' dir='ltr'>Πατρὶ,</span> <span class='ocrx_word' id='word_1_654' title='bbox 3216 4380 3372 4445; x_wconf 74' lang='grc' dir='ltr'>ἐκτὸς</span> <span class='ocrx_word' id='word_1_655' title='bbox 3409 4380 3468 4434; x_wconf 79' lang='grc' dir='ltr'>δὲ</span> <span class='ocrx_word' id='word_1_656' title='bbox 3496 4381 3686 4446; x_wconf 81' lang='grc' dir='ltr'>αὑτοῦ,</span> <span class='ocrx_word' id='word_1_657' title='bbox 3718 4382 3936 4435; x_wconf 84' lang='grc' dir='ltr'>πάντων</span> <span class='ocrx_word' id='word_1_658' title='bbox 3975 4382 4087 4436; x_wconf 80' lang='grc' dir='ltr'><strong>τῶν</strong></span> 
     </span>
    </p>
   </div>
   <div class='ocr_carea' id='block_1_90' title="bbox 2025 4652 2882 4711">
    <p class='ocr_par' dir='ltr' id='par_1_90' title="bbox 2025 4652 2882 4711">
     <span class='ocr_line' id='line_1_90' title="bbox 2025 4652 2882 4711; baseline 0 -1"><span class='ocrx_word' id='word_1_659' title='bbox 2025 4653 2294 4710; x_wconf 76' lang='lat' dir='ltr'><strong>VALESII</strong></span> <span class='ocrx_word' id='word_1_660' title='bbox 2332 4652 2882 4711; x_wconf 75' lang='lat' dir='ltr'><strong>ANNOTATIONES.</strong></span> 
     </span>
    </p>
   </div>
   <div class='ocr_carea' id='block_1_91' title="bbox 907 4765 2693 4842">
    <p class='ocr_par' dir='ltr' id='par_1_91' title="bbox 907 4765 2693 4842">
     <span class='ocr_line' id='line_1_91' title="bbox 907 4765 2693 4842; baseline 0.004 -23"><span class='ocrx_word' id='word_1_661' title='bbox 907 4765 1016 4842; x_wconf 72' lang='lat' dir='ltr'><strong>(3_f_i)</strong></span> <span class='ocrx_word' id='word_1_662' title='bbox 1042 4767 1231 4842; x_wconf 62' lang='grc' dir='ltr'>Ὀλονς</span> <span class='ocrx_word' id='word_1_663' title='bbox 1254 4767 1371 4842; x_wconf 59' lang='grc' dir='ltr'>μὲν</span> <span class='ocrx_word' id='word_1_664' title='bbox 1406 4767 1512 4822; x_wconf 84' lang='grc' dir='ltr'>τοῦ</span> <span class='ocrx_word' id='word_1_665' title='bbox 1531 4768 1778 4842; x_wconf 66' lang='grc' dir='ltr'>ιζατρός.</span> <span class='ocrx_word' id='word_1_666' title='bbox 1804 4769 2169 4842; x_wconf 79' lang='lat' dir='ltr'><strong>scribendum</strong></span> <span class='ocrx_word' id='word_1_667' title='bbox 2195 4769 2424 4825; x_wconf 90' lang='lat' dir='ltr'><strong>omnino</strong></span> <span class='ocrx_word' id='word_1_668' title='bbox 2453 4770 2502 4829; x_wconf 88' lang='lat' dir='ltr'><strong>D</strong></span> <span class='ocrx_word' id='word_1_669' title='bbox 2526 4784 2592 4823; x_wconf 80' lang='lat' dir='ltr'><strong>ex</strong></span> <span class='ocrx_word' id='word_1_670' title='bbox 2637 4786 2693 4826; x_wconf 87' lang='lat' dir='ltr'><strong>ec</strong></span> 
     </span>
    </p>
   </div>
   <div class='ocr_carea' id='block_1_92' title="bbox 2305 4765 4091 4842">
    <p class='ocr_par' dir='ltr' id='par_1_92' title="bbox 2305 4769 4091 4842">
     <span class='ocr_line' id='line_1_92' title="bbox 2305 4769 4091 4842; baseline 0.001 -19"><span class='ocrx_word' id='word_1_671' title='bbox 2305 4769 2424 4825; x_wconf 64' lang='lat' dir='ltr'><strong>mino</strong></span> <span class='ocrx_word' id='word_1_672' title='bbox 2453 4770 2502 4829; x_wconf 88' lang='lat' dir='ltr'><strong>D</strong></span> <span class='ocrx_word' id='word_1_673' title='bbox 2526 4784 2592 4823; x_wconf 80' lang='lat' dir='ltr'><strong>ex</strong></span> <span class='ocrx_word' id='word_1_674' title='bbox 2637 4769 2831 4842; x_wconf 89' lang='lat' dir='ltr'><strong>eodem</strong></span> <span class='ocrx_word' id='word_1_675' title='bbox 2874 4770 3175 4828; x_wconf 80' lang='lat' dir='ltr'><strong>Athanasio</strong></span> <span class='ocrx_word' id='word_1_676' title='bbox 3213 4769 3613 4842; x_wconf 84' lang='lat' dir='ltr'><strong>restituendum</strong></span> <span class='ocrx_word' id='word_1_677' title='bbox 3658 4780 3746 4828; x_wconf 89' lang='lat' dir='ltr'><strong>est</strong></span> <span class='ocrx_word' id='word_1_678' title='bbox 3778 4769 3876 4825; x_wconf 76' lang='grc' dir='ltr'>καὶ</span> <span class='ocrx_word' id='word_1_679' title='bbox 3926 4770 4091 4842; x_wconf 83' lang='grc' dir='ltr'>μόνου</span> 
     </span>
    </p>
   </div>
   <div class='ocr_carea' id='block_1_93' title="bbox 831 4836 2617 4914">
    <p class='ocr_par' dir='ltr' id='par_1_93' title="bbox 831 4836 2615 4912">
     <span class='ocr_line' id='line_1_93' title="bbox 831 4836 2615 4912; baseline 0.002 -22"><span class='ocrx_word' id='word_1_680' title='bbox 831 4846 917 4890; x_wconf 83' lang='lat' dir='ltr'><strong>est</strong></span> <span class='ocrx_word' id='word_1_681' title='bbox 942 4836 1086 4902; x_wconf 85' lang='grc' dir='ltr'>ὅλου,</span> <span class='ocrx_word' id='word_1_682' title='bbox 1116 4846 1177 4891; x_wconf 84' lang='grc' dir='ltr'><strong>ιιι</strong></span> <span class='ocrx_word' id='word_1_683' title='bbox 1213 4838 1415 4908; x_wconf 80' lang='lat' dir='ltr'><strong>legitur</strong></span> <span class='ocrx_word' id='word_1_684' title='bbox 1442 4837 1586 4908; x_wconf 91' lang='lat' dir='ltr'><strong>apud</strong></span> <span class='ocrx_word' id='word_1_685' title='bbox 1617 4837 1974 4894; x_wconf 80' lang='lat' dir='ltr'><strong>Athanasium</strong></span> <span class='ocrx_word' id='word_1_686' title='bbox 2005 4858 2018 4894; x_wconf 90' lang='lat'><strong>:</strong></span> <span class='ocrx_word' id='word_1_687' title='bbox 2064 4843 2229 4911; x_wconf 90' lang='lat' dir='ltr'><strong>paulo</strong></span> <span class='ocrx_word' id='word_1_688' title='bbox 2277 4854 2402 4912; x_wconf 88' lang='lat' dir='ltr'><strong>post</strong></span> <span class='ocrx_word' id='word_1_689' title='bbox 2504 4842 2615 4905; x_wconf 78' lang='grc' dir='ltr'>τοῖς</span> 
     </span>
    </p>
   </div>
   <div class='ocr_carea' id='block_1_94' title="bbox 1826 4836 3612 4914">
    <p class='ocr_par' dir='ltr' id='par_1_94' title="bbox 1826 4840 3612 4914">
     <span class='ocr_line' id='line_1_94' title="bbox 1826 4840 3612 4914; baseline 0.002 -21"><span class='ocrx_word' id='word_1_690' title='bbox 1826 4840 1974 4894; x_wconf 60' lang='grc' dir='ltr'>ιείιιιη</span> <span class='ocrx_word' id='word_1_691' title='bbox 2005 4858 2018 4894; x_wconf 89' lang='lat'><strong>:</strong></span> <span class='ocrx_word' id='word_1_692' title='bbox 2064 4843 2229 4911; x_wconf 90' lang='lat' dir='ltr'><strong>paulo</strong></span> <span class='ocrx_word' id='word_1_693' title='bbox 2277 4854 2402 4912; x_wconf 88' lang='lat' dir='ltr'><strong>post</strong></span> <span class='ocrx_word' id='word_1_694' title='bbox 2504 4842 2615 4905; x_wconf 78' lang='grc' dir='ltr'>τοῖς</span> <span class='ocrx_word' id='word_1_695' title='bbox 2636 4840 2908 4914; x_wconf 79' lang='grc' dir='ltr'>πατρῴοις</span> <span class='ocrx_word' id='word_1_696' title='bbox 2936 4842 3156 4907; x_wconf 81' lang='grc' dir='ltr'>κόλποις</span> <span class='ocrx_word' id='word_1_697' title='bbox 3181 4841 3612 4911; x_wconf 76' lang='grc' dir='ltr'>ἀναπαυομένου.</span> 
     </span>
    </p>
   </div>
   <div class='ocr_carea' id='block_1_95' title="bbox 2281 5001 2663 5058">
    <p class='ocr_par' dir='ltr' id='par_1_95' title="bbox 2281 5001 2663 5058">
     <span class='ocr_line' id='line_1_95' title="bbox 2281 5001 2663 5058; baseline -0.003 -2"><span class='ocrx_word' id='word_1_698' title='bbox 2281 5001 2642 5058; x_wconf 77' lang='lat' dir='ltr'><strong>VARIORUM</strong></span> <span class='ocrx_word' id='word_1_699' title='bbox 2652 5044 2663 5055; x_wconf 94' lang='lat'><strong>.</strong></span> 
     </span>
    </p>
   </div>
   <div class='ocr_carea' id='block_1_96' title="bbox 910 5111 2421 5183">
    <p class='ocr_par' dir='ltr' id='par_1_96' title="bbox 910 5111 2421 5183">
     <span class='ocr_line' id='line_1_96' title="bbox 910 5111 2421 5183; baseline 0.005 -18"><span class='ocrx_word' id='word_1_700' title='bbox 910 5124 933 5151; x_wconf 76' lang='grc' dir='ltr'><strong>ο</strong></span> <span class='ocrx_word' id='word_1_701' title='bbox 978 5111 1276 5181; x_wconf 75' lang='grc' dir='ltr'>’Λνὰγκην</span> <span class='ocrx_word' id='word_1_702' title='bbox 1310 5118 1778 5183; x_wconf 75' lang='grc' dir='ltr'>περιτεθεικότας</span> <span class='ocrx_word' id='word_1_703' title='bbox 1810 5117 1891 5182; x_wconf 81' lang='grc' dir='ltr'>τῷ</span> <span class='ocrx_word' id='word_1_704' title='bbox 1927 5120 2068 5183; x_wconf 81' lang='grc' dir='ltr'>Θεῷ,</span> <span class='ocrx_word' id='word_1_705' title='bbox 2112 5120 2212 5172; x_wconf 72' lang='grc' dir='ltr'><strong>ἵνα</strong></span> <span class='ocrx_word' id='word_1_706' title='bbox 2260 5120 2421 5173; x_wconf 78' lang='grc' dir='ltr'>ἄκων</span> 
     </span>
    </p>
   </div>
   <div class='ocr_carea' id='block_1_97' title="bbox 838 5183 2418 5256">
    <p class='ocr_par' dir='ltr' id='par_1_97' title="bbox 838 5183 2418 5256">
     <span class='ocr_line' id='line_1_97' title="bbox 838 5183 2418 5256; baseline 0.006 -23"><span class='ocrx_word' id='word_1_707' title='bbox 838 5183 1105 5256; x_wconf 60' lang='grc' dir='ltr'>γεννήσῃ</span> <span class='ocrx_word' id='word_1_708' title='bbox 1155 5183 1261 5235; x_wconf 84' lang='grc' dir='ltr'>τὸν</span> <span class='ocrx_word' id='word_1_709' title='bbox 1300 5186 1455 5240; x_wconf 78' lang='grc' dir='ltr'>Υιόν.</span> <span class='ocrx_word' id='word_1_710' title='bbox 1482 5186 1709 5256; x_wconf 75' lang='lat' dir='ltr'><strong>Egregie</strong></span> <span class='ocrx_word' id='word_1_711' title='bbox 1770 5187 1887 5241; x_wconf 61' lang='lat' dir='ltr'><strong>hare</strong></span> <span class='ocrx_word' id='word_1_712' title='bbox 1922 5188 2124 5243; x_wconf 79' lang='lat' dir='ltr'><strong>refutat</strong></span> <span class='ocrx_word' id='word_1_713' title='bbox 2172 5190 2418 5244; x_wconf 78' lang='lat' dir='ltr'><strong>Athana-</strong></span> 
     </span>
    </p>
   </div>
   <div class='ocr_carea' id='block_1_98' title="bbox 839 5253 2414 5373">
    <p class='ocr_par' dir='ltr' id='par_1_98' title="bbox 839 5253 2414 5373">
     <span class='ocr_line' id='line_1_98' title="bbox 839 5253 2414 5373; baseline 0.006 -70"><span class='ocrx_word' id='word_1_714' title='bbox 839 5253 973 5373; x_wconf 55' lang='lat' dir='ltr'><strong>:ius,</strong></span> <span class='ocrx_word' id='word_1_715' title='bbox 1004 5259 1143 5305; x_wconf 89' lang='lat' dir='ltr'><strong>orat.</strong></span> <span class='ocrx_word' id='word_1_716' title='bbox 1173 5267 1225 5308; x_wconf 82' lang='grc' dir='ltr'><strong>ιν</strong></span> <span class='ocrx_word' id='word_1_717' title='bbox 1252 5264 1444 5309; x_wconf 88' lang='lat' dir='ltr'><strong>contra</strong></span> <span class='ocrx_word' id='word_1_718' title='bbox 1482 5253 1743 5319; x_wconf 82' lang='lat' dir='ltr'><strong>Arianos;</strong></span> <span class='ocrx_word' id='word_1_719' title='bbox 1773 5273 1880 5311; x_wconf 92' lang='lat' dir='ltr'><strong>non</strong></span> <span class='ocrx_word' id='word_1_720' title='bbox 1910 5257 2069 5328; x_wconf 91' lang='lat' dir='ltr'><strong>longe</strong></span> <span class='ocrx_word' id='word_1_721' title='bbox 2099 5276 2127 5313; x_wconf 91' lang='lat' dir='ltr'><strong>a</strong></span> <span class='ocrx_word' id='word_1_722' title='bbox 2171 5259 2297 5314; x_wconf 81' lang='lat' dir='ltr'><strong>fine.</strong></span> <span class='ocrx_word' id='word_1_723' title='bbox 2329 5260 2414 5314; x_wconf 84' lang='lat' dir='ltr'><strong>W.</strong></span> 
     </span>
     <span class='ocr_line' id='line_1_99' title="bbox 868 5336 1063 5373; baseline 0.005 -1"><span class='ocrx_word' id='word_1_724' title='bbox 868 5336 1063 5373; x_wconf 71' lang='lat' dir='ltr'><strong>.owru.</strong></span> 
     </span>
    </p>
   </div>
   <div class='ocr_carea' id='block_1_99' title="bbox 868 5336 1063 5373">
    <p class='ocr_par' dir='ltr' id='par_1_99' title="bbox 868 5336 1063 5373">
     <span class='ocr_line' id='line_1_100' title="bbox 868 5336 1063 5373; baseline 0.005 -1"><span class='ocrx_word' id='word_1_725' title='bbox 868 5336 1063 5373; x_wconf 69' lang='lat' dir='ltr'><strong>AlW&#39;ﬂl.</strong></span> 
     </span>
    </p>
   </div>
   <div class='ocr_carea' id='block_1_100' title="bbox 919 5389 2417 5463">
    <p class='ocr_par' dir='ltr' id='par_1_100' title="bbox 919 5389 2417 5463">
     <span class='ocr_line' id='line_1_101' title="bbox 919 5389 2417 5463; baseline 0.007 -21"><span class='ocrx_word' id='word_1_726' title='bbox 919 5389 935 5427; x_wconf 79' lang='grc' dir='ltr'>ῐ</span> <span class='ocrx_word' id='word_1_727' title='bbox 988 5390 1148 5463; x_wconf 44' lang='grc' dir='ltr'>Ἀλλ</span> <span class='ocrx_word' id='word_1_728' title='bbox 1173 5390 1317 5444; x_wconf 79' lang='grc' dir='ltr'>οὐδὲ</span> <span class='ocrx_word' id='word_1_729' title='bbox 1352 5393 1459 5445; x_wconf 79' lang='grc' dir='ltr'><strong>τὸν</strong></span> <span class='ocrx_word' id='word_1_730' title='bbox 1490 5393 1624 5447; x_wconf 78' lang='grc' dir='ltr'>υἱὸν</span> <span class='ocrx_word' id='word_1_731' title='bbox 1670 5396 1796 5448; x_wconf 79' lang='grc' dir='ltr'>καθ’</span> <span class='ocrx_word' id='word_1_732' title='bbox 1827 5396 2047 5452; x_wconf 79' lang='grc' dir='ltr'><strong>ἑαυτὸν</strong></span> <span class='ocrx_word' id='word_1_733' title='bbox 2073 5394 2247 5451; x_wconf 81' lang='grc' dir='ltr'>εἶναι.</span> <span class='ocrx_word' id='word_1_734' title='bbox 2285 5410 2417 5463; x_wconf 88' lang='lat' dir='ltr'><strong>etc.,</strong></span> 
     </span>
    </p>
   </div>
   <div class='ocr_carea' id='block_1_101' title="bbox 842 5460 2420 5533">
    <p class='ocr_par' dir='ltr' id='par_1_101' title="bbox 842 5460 2420 5533">
     <span class='ocr_line' id='line_1_102' title="bbox 842 5460 2420 5533; baseline 0.01 -24"><span class='ocrx_word' id='word_1_735' title='bbox 842 5460 1125 5533; x_wconf 74' lang='lat' dir='ltr'><strong>usquead</strong></span> <span class='ocrx_word' id='word_1_736' title='bbox 1166 5463 1582 5533; x_wconf 82' lang='grc' dir='ltr'>ἀναπαυομένου</span> <span class='ocrx_word' id='word_1_737' title='bbox 1618 5464 1900 5533; x_wconf 84' lang='grc' dir='ltr'>διηνεκῶς.</span> <span class='ocrx_word' id='word_1_738' title='bbox 1930 5466 2055 5521; x_wconf 63' lang='lat' dir='ltr'><strong>Haec</strong></span> <span class='ocrx_word' id='word_1_739' title='bbox 2086 5484 2197 5521; x_wconf 90' lang='lat' dir='ltr'><strong>non</strong></span> <span class='ocrx_word' id='word_1_740' title='bbox 2228 5460 2420 5524; x_wconf 81' lang='lat' dir='ltr'><strong>minus</strong></span> 
     </span>
    </p>
   </div>
   <div class='ocr_carea' id='block_1_102' title="bbox 842 5530 2418 5607">
    <p class='ocr_par' dir='ltr' id='par_1_102' title="bbox 842 5530 2418 5607">
     <span class='ocr_line' id='line_1_103' title="bbox 842 5530 2418 5607; baseline 0.006 -24"><span class='ocrx_word' id='word_1_741' title='bbox 842 5530 1122 5607; x_wconf 79' lang='lat' dir='ltr'><strong>Catholice</strong></span> <span class='ocrx_word' id='word_1_742' title='bbox 1148 5546 1311 5601; x_wconf 90' lang='lat' dir='ltr'><strong>quam</strong></span> <span class='ocrx_word' id='word_1_743' title='bbox 1336 5530 1639 5607; x_wconf 79' lang='lat' dir='ltr'><strong>eleganter.</strong></span> <span class='ocrx_word' id='word_1_744' title='bbox 1674 5530 1863 5590; x_wconf 69' lang='lat' dir='ltr'><strong>Ausim</strong></span> <span class='ocrx_word' id='word_1_745' title='bbox 1892 5535 1946 5590; x_wconf 91' lang='lat' dir='ltr'><strong>id</strong></span> <span class='ocrx_word' id='word_1_746' title='bbox 1988 5537 2199 5607; x_wconf 88' lang='lat' dir='ltr'><strong>dicere,</strong></span> <span class='ocrx_word' id='word_1_747' title='bbox 2238 5553 2418 5607; x_wconf 90' lang='lat' dir='ltr'><strong>quan-</strong></span> 
     </span>
    </p>
   </div>
   <div class='ocr_carea' id='block_1_103' title="bbox 843 5600 2418 5689">
    <p class='ocr_par' dir='ltr' id='par_1_103' title="bbox 843 5600 2418 5689">
     <span class='ocr_line' id='line_1_104' title="bbox 843 5600 2418 5689; baseline 0.006 -36"><span class='ocrx_word' id='word_1_748' title='bbox 843 5600 1647 5689; x_wconf 46' lang='lat' dir='ltr'><strong>qqam&#39;horumjepiscoporum</strong></span> <span class='ocrx_word' id='word_1_749' title='bbox 1679 5620 1811 5689; x_wconf 25' lang='lat' dir='ltr'><strong>non-</strong></span> <span class='ocrx_word' id='word_1_750' title='bbox 1841 5606 1999 5687; x_wconf 74' lang='lat' dir='ltr'><strong>pauci</strong></span> <span class='ocrx_word' id='word_1_751' title='bbox 2044 5600 2418 5689; x_wconf 60' lang='lat' dir='ltr'><strong>Arianze&#39;per—</strong></span> 
     </span>
    </p>
   </div>
   <div class='ocr_carea' id='block_1_104' title="bbox 846 5665 2418 5742">
    <p class='ocr_par' dir='ltr' id='par_1_104' title="bbox 846 5665 2418 5742">
     <span class='ocr_line' id='line_1_105' title="bbox 846 5665 2418 5742; baseline 0.006 -20"><span class='ocrx_word' id='word_1_752' title='bbox 846 5665 987 5725; x_wconf 71' lang='lat' dir='ltr'><strong>fidize</strong></span> <span class='ocrx_word' id='word_1_753' title='bbox 1011 5669 1206 5742; x_wconf 83' lang='lat' dir='ltr'><strong>favisse</strong></span> <span class='ocrx_word' id='word_1_754' title='bbox 1226 5665 1731 5742; x_wconf 74' lang='lat' dir='ltr'><strong>deprehendantur,</strong></span> <span class='ocrx_word' id='word_1_755' title='bbox 1763 5685 1819 5729; x_wconf 90' lang='lat' dir='ltr'><strong>et</strong></span> <span class='ocrx_word' id='word_1_756' title='bbox 1842 5665 1912 5730; x_wconf 63' lang='lat' dir='ltr'><strong>&#39;in</strong></span> <span class='ocrx_word' id='word_1_757' title='bbox 1942 5676 2055 5742; x_wconf 89' lang='lat' dir='ltr'><strong>ipsa</strong></span> <span class='ocrx_word' id='word_1_758' title='bbox 2075 5665 2418 5733; x_wconf 80' lang='lat' dir='ltr'><strong>confessione</strong></span> 
     </span>
    </p>
   </div>
   <div class='ocr_carea' id='block_1_105' title="bbox 848 5739 2416 5815">
    <p class='ocr_par' dir='ltr' id='par_1_105' title="bbox 848 5739 2416 5815">
     <span class='ocr_line' id='line_1_106' title="bbox 848 5739 2416 5815; baseline 0.007 -25"><span class='ocrx_word' id='word_1_759' title='bbox 848 5753 953 5815; x_wconf 58' lang='grc' dir='ltr'><strong>νοτ</strong></span> <span class='ocrx_word' id='word_1_760' title='bbox 979 5739 1257 5815; x_wconf 56' lang='lat' dir='ltr'><strong>beneficio;</strong></span> <span class='ocrx_word' id='word_1_761' title='bbox 1286 5739 1591 5815; x_wconf 69' lang='lat' dir='ltr'><strong>omittatur.</strong></span> <span class='ocrx_word' id='word_1_762' title='bbox 1629 5745 1821 5799; x_wconf 78' lang='lat' dir='ltr'><strong>Mirum</strong></span> <span class='ocrx_word' id='word_1_763' title='bbox 1844 5739 2064 5815; x_wconf 84' lang='lat' dir='ltr'><strong>quidem</strong></span> <span class='ocrx_word' id='word_1_764' title='bbox 2081 5754 2249 5809; x_wconf 85' lang='lat' dir='ltr'><strong>esset,</strong></span> <span class='ocrx_word' id='word_1_765' title='bbox 2283 5748 2416 5802; x_wconf 84' lang='lat' dir='ltr'><strong>sub-</strong></span> 
     </span>
    </p>
   </div>
   <div class='ocr_carea' id='block_1_106' title="bbox 850 5810 2407 5877">
    <p class='ocr_par' dir='ltr' id='par_1_106' title="bbox 850 5810 2407 5877">
     <span class='ocr_line' id='line_1_107' title="bbox 850 5810 2407 5877; baseline 0.007 -17"><span class='ocrx_word' id='word_1_766' title='bbox 850 5810 1132 5877; x_wconf 81' lang='lat' dir='ltr'><strong>scripsisse</strong></span> <span class='ocrx_word' id='word_1_767' title='bbox 1154 5810 1240 5866; x_wconf 85' lang='lat' dir='ltr'><strong>his</strong></span> <span class='ocrx_word' id='word_1_768' title='bbox 1281 5812 1533 5876; x_wconf 74' lang='lat' dir='ltr'><strong>Arianos,</strong></span> <span class='ocrx_word' id='word_1_769' title='bbox 1563 5815 1664 5867; x_wconf 72' lang='lat' dir='ltr'><strong>nisi</strong></span> <span class='ocrx_word' id='word_1_770' title='bbox 1701 5826 1753 5867; x_wconf 81' lang='lat' dir='ltr'><strong>et</strong></span> <span class='ocrx_word' id='word_1_771' title='bbox 1786 5810 1891 5868; x_wconf 75' lang='lat' dir='ltr'><strong>alia</strong></span> <span class='ocrx_word' id='word_1_772' title='bbox 1943 5815 1997 5870; x_wconf 91' lang='lat' dir='ltr'><strong>in</strong></span> <span class='ocrx_word' id='word_1_773' title='bbox 2049 5816 2241 5871; x_wconf 68' lang='lat' dir='ltr'><strong>eadem</strong></span> <span class='ocrx_word' id='word_1_774' title='bbox 2297 5817 2407 5871; x_wconf 85' lang='lat' dir='ltr'><strong>for—</strong></span> 
     </span>
    </p>
   </div>
   <div class='ocr_carea' id='block_1_107' title="bbox 2518 5119 4092 5193">
    <p class='ocr_par' dir='ltr' id='par_1_107' title="bbox 2518 5119 4092 5193">
     <span class='ocr_line' id='line_1_108' title="bbox 2518 5119 4092 5193; baseline -0.003 -17"><span class='ocrx_word' id='word_1_775' title='bbox 2518 5123 2667 5177; x_wconf 89' lang='lat' dir='ltr'><strong>mula</strong></span> <span class='ocrx_word' id='word_1_776' title='bbox 2690 5124 3096 5193; x_wconf 87' lang='lat' dir='ltr'><strong>subscriptione</strong></span> <span class='ocrx_word' id='word_1_777' title='bbox 3124 5138 3222 5179; x_wconf 90' lang='lat' dir='ltr'><strong>sua</strong></span> <span class='ocrx_word' id='word_1_778' title='bbox 3256 5123 3694 5187; x_wconf 81' lang='lat' dir='ltr'><strong>confirmassent,</strong></span> <span class='ocrx_word' id='word_1_779' title='bbox 3742 5139 3865 5193; x_wconf 71' lang='lat' dir='ltr'><strong>quae</strong></span> <span class='ocrx_word' id='word_1_780' title='bbox 3894 5119 4092 5178; x_wconf 61' lang='lat' dir='ltr'><strong>heresi</strong></span> 
     </span>
    </p>
   </div>
   <div class='ocr_carea' id='block_1_108' title="bbox 2517 5193 4091 5264">
    <p class='ocr_par' dir='ltr' id='par_1_108' title="bbox 2517 5193 4091 5264">
     <span class='ocr_line' id='line_1_109' title="bbox 2517 5193 4091 5264; baseline 0.001 -19"><span class='ocrx_word' id='word_1_781' title='bbox 2517 5193 2732 5264; x_wconf 70' lang='lat' dir='ltr'><strong>Arianae</strong></span> <span class='ocrx_word' id='word_1_782' title='bbox 2761 5210 2829 5249; x_wconf 73' lang='lat' dir='ltr'><strong>ex</strong></span> <span class='ocrx_word' id='word_1_783' title='bbox 2854 5194 3123 5248; x_wconf 89' lang='lat' dir='ltr'><strong>diametro</strong></span> <span class='ocrx_word' id='word_1_784' title='bbox 3165 5195 3441 5249; x_wconf 86' lang='lat' dir='ltr'><strong>contraria</strong></span> <span class='ocrx_word' id='word_1_785' title='bbox 3487 5193 3978 5264; x_wconf 74' lang='lat' dir='ltr'><strong>sunt.Cujusmod_i</strong></span> <span class='ocrx_word' id='word_1_786' title='bbox 4009 5201 4091 5247; x_wconf 85' lang='lat' dir='ltr'><strong>est</strong></span> 
     </span>
    </p>
   </div>
   <div class='ocr_carea' id='block_1_109' title="bbox 2519 5262 4092 5403">
    <p class='ocr_par' dir='ltr' id='par_1_109' title="bbox 2519 5262 4092 5403">
     <span class='ocr_line' id='line_1_110' title="bbox 2519 5262 4092 5346; baseline 0 -31"><span class='ocrx_word' id='word_1_787' title='bbox 2519 5262 2793 5333; x_wconf 90' lang='lat' dir='ltr'><strong>imprimis</strong></span> <span class='ocrx_word' id='word_1_788' title='bbox 2820 5264 2981 5346; x_wconf 61' lang='lat' dir='ltr'><strong>illud1</strong></span> <span class='ocrx_word' id='word_1_789' title='bbox 3007 5264 3205 5318; x_wconf 85' lang='lat' dir='ltr'><strong>Filium</strong></span> <span class='ocrx_word' id='word_1_790' title='bbox 3231 5264 3329 5319; x_wconf 84' lang='lat' dir='ltr'><strong>Dei</strong></span> <span class='ocrx_word' id='word_1_791' title='bbox 3360 5264 3493 5317; x_wconf 83' lang='grc' dir='ltr'>Θεδν</span> <span class='ocrx_word' id='word_1_792' title='bbox 3525 5262 3666 5317; x_wconf 82' lang='grc' dir='ltr'><strong>κατά</strong></span> <span class='ocrx_word' id='word_1_793' title='bbox 3712 5262 3874 5333; x_wconf 66' lang='grc' dir='ltr'>φύσιν</span> <span class='ocrx_word' id='word_1_794' title='bbox 3890 5262 4092 5315; x_wconf 81' lang='grc' dir='ltr'>τέλειον</span> 
     </span>
     <span class='ocr_line' id='line_1_111' title="bbox 2519 5328 4089 5403; baseline 0.001 -20"><span class='ocrx_word' id='word_1_795' title='bbox 2519 5328 2655 5387; x_wconf 78' lang='grc' dir='ltr'>εἶναι</span> <span class='ocrx_word' id='word_1_796' title='bbox 2684 5335 2781 5387; x_wconf 71' lang='grc' dir='ltr'>καὶ</span> <span class='ocrx_word' id='word_1_797' title='bbox 2815 5335 3013 5400; x_wconf 83' lang='grc' dir='ltr'>ἁληθη,</span> <span class='ocrx_word' id='word_1_798' title='bbox 3066 5333 3233 5388; x_wconf 75' lang='lat' dir='ltr'><strong>Deum</strong></span> <span class='ocrx_word' id='word_1_799' title='bbox 3259 5343 3454 5388; x_wconf 81' lang='lat' dir='ltr'><strong>natura</strong></span> <span class='ocrx_word' id='word_1_800' title='bbox 3488 5332 3773 5403; x_wconf 70' lang='lat' dir='ltr'><strong>perfectum</strong></span> <span class='ocrx_word' id='word_1_801' title='bbox 3823 5340 3981 5403; x_wconf 73' lang='lat' dir='ltr'><strong>atque</strong></span> <span class='ocrx_word' id='word_1_802' title='bbox 4004 5348 4089 5385; x_wconf 79' lang='lat' dir='ltr'><strong>ue-</strong></span> 
     </span>
    </p>
   </div>
   <div class='ocr_carea' id='block_1_110' title="bbox 2517 5348 4089 5400">
    <p class='ocr_par' dir='ltr' id='par_1_110' title="bbox 2517 5348 4089 5400">
     <span class='ocr_line' id='line_1_112' title="bbox 2517 5348 4089 5400; baseline 0.001 -17"><span class='ocrx_word' id='word_1_803' title='bbox 2517 5348 2655 5387; x_wconf 87' lang='grc' dir='ltr'>ειναι</span> <span class='ocrx_word' id='word_1_804' title='bbox 2684 5348 2781 5387; x_wconf 86' lang='grc' dir='ltr'><strong>και</strong></span> <span class='ocrx_word' id='word_1_805' title='bbox 2815 5348 3013 5400; x_wconf 78' lang='grc' dir='ltr'>αληυη,</span> <span class='ocrx_word' id='word_1_806' title='bbox 3066 5348 3233 5388; x_wconf 75' lang='lat' dir='ltr'><strong>Deum</strong></span> <span class='ocrx_word' id='word_1_807' title='bbox 3259 5348 3454 5388; x_wconf 81' lang='lat' dir='ltr'><strong>natura</strong></span> <span class='ocrx_word' id='word_1_808' title='bbox 3488 5348 3773 5400; x_wconf 67' lang='lat' dir='ltr'><strong>perlectum</strong></span> <span class='ocrx_word' id='word_1_809' title='bbox 3823 5348 3981 5400; x_wconf 76' lang='lat' dir='ltr'><strong>atque</strong></span> <span class='ocrx_word' id='word_1_810' title='bbox 4004 5348 4089 5385; x_wconf 79' lang='lat' dir='ltr'><strong>ue-</strong></span> 
     </span>
    </p>
   </div>
   <div class='ocr_carea' id='block_1_111' title="bbox 2517 5348 4088 5474">
    <p class='ocr_par' dir='ltr' id='par_1_111' title="bbox 2517 5348 4088 5474">
     <span class='ocr_line' id='line_1_113' title="bbox 2517 5348 4088 5404; baseline 0.001 -21"><span class='ocrx_word' id='word_1_811' title='bbox 2517 5348 2655 5387; x_wconf 84' lang='grc' dir='ltr'>ειναι</span> <span class='ocrx_word' id='word_1_812' title='bbox 2684 5348 2781 5387; x_wconf 85' lang='grc' dir='ltr'><strong>και</strong></span> <span class='ocrx_word' id='word_1_813' title='bbox 2815 5348 3013 5400; x_wconf 58' lang='lat' dir='ltr'><strong>arinen,</strong></span> <span class='ocrx_word' id='word_1_814' title='bbox 3066 5348 3233 5388; x_wconf 75' lang='lat' dir='ltr'><strong>mum</strong></span> <span class='ocrx_word' id='word_1_815' title='bbox 3259 5348 3454 5388; x_wconf 81' lang='lat' dir='ltr'><strong>natura</strong></span> <span class='ocrx_word' id='word_1_816' title='bbox 3488 5348 3773 5404; x_wconf 65' lang='lat' dir='ltr'><strong>perlectum</strong></span> <span class='ocrx_word' id='word_1_817' title='bbox 3823 5348 3981 5402; x_wconf 75' lang='lat' dir='ltr'><strong>atque</strong></span> <span class='ocrx_word' id='word_1_818' title='bbox 4004 5348 4088 5385; x_wconf 81' lang='lat' dir='ltr'><strong>ue-</strong></span> 
     </span>
     <span class='ocr_line' id='line_1_114' title="bbox 2517 5402 4088 5474; baseline 0.003 -21"><span class='ocrx_word' id='word_1_819' title='bbox 2517 5418 2637 5457; x_wconf 85' lang='lat' dir='ltr'><strong>rum</strong></span> <span class='ocrx_word' id='word_1_820' title='bbox 2699 5420 2826 5459; x_wconf 73' lang='lat' dir='ltr'><strong>me.</strong></span> <span class='ocrx_word' id='word_1_821' title='bbox 2859 5404 3517 5474; x_wconf 20' lang='lat' dir='ltr'><strong>,Seilieetgtenebriones</strong></span> <span class='ocrx_word' id='word_1_822' title='bbox 3560 5404 3649 5474; x_wconf 83' lang='lat' dir='ltr'><strong>isti</strong></span> <span class='ocrx_word' id='word_1_823' title='bbox 3699 5402 3876 5474; x_wconf 89' lang='lat' dir='ltr'><strong>parati</strong></span> <span class='ocrx_word' id='word_1_824' title='bbox 3935 5413 4088 5457; x_wconf 83' lang='lat' dir='ltr'><strong>erant</strong></span> 
     </span>
    </p>
   </div>
   <div class='ocr_carea' id='block_1_112' title="bbox 2516 5472 4088 5544">
    <p class='ocr_par' dir='ltr' id='par_1_112' title="bbox 2516 5472 4088 5544">
     <span class='ocr_line' id='line_1_115' title="bbox 2516 5472 4088 5544; baseline 0 -17"><span class='ocrx_word' id='word_1_825' title='bbox 2516 5475 2822 5544; x_wconf 82' lang='lat' dir='ltr'><strong>quamlibet</strong></span> <span class='ocrx_word' id='word_1_826' title='bbox 2845 5473 2970 5528; x_wconf 82' lang='lat' dir='ltr'><strong>fidei</strong></span> <span class='ocrx_word' id='word_1_827' title='bbox 3002 5473 3401 5529; x_wconf 89' lang='lat' dir='ltr'><strong>confessionem</strong></span> <span class='ocrx_word' id='word_1_828' title='bbox 3416 5489 3516 5528; x_wconf 91' lang='lat' dir='ltr'><strong>suo</strong></span> <span class='ocrx_word' id='word_1_829' title='bbox 3542 5472 3805 5544; x_wconf 75' lang='lat' dir='ltr'><strong>suffragio</strong></span> <span class='ocrx_word' id='word_1_830' title='bbox 3823 5486 4088 5544; x_wconf 78' lang='lat' dir='ltr'><strong>compro-</strong></span> 
     </span>
    </p>
   </div>
   <div class='ocr_carea' id='block_1_113' title="bbox 2525 5542 4089 5614">
    <p class='ocr_par' dir='ltr' id='par_1_113' title="bbox 2525 5542 4089 5614">
     <span class='ocr_line' id='line_1_116' title="bbox 2525 5542 4089 5614; baseline -0.001 -17"><span class='ocrx_word' id='word_1_831' title='bbox 2525 5543 2676 5608; x_wconf 86' lang='lat' dir='ltr'><strong>bare,</strong></span> <span class='ocrx_word' id='word_1_832' title='bbox 2730 5560 2852 5614; x_wconf 71' lang='lat' dir='ltr'><strong>quze</strong></span> <span class='ocrx_word' id='word_1_833' title='bbox 2902 5544 3066 5599; x_wconf 91' lang='lat' dir='ltr'><strong>modo</strong></span> <span class='ocrx_word' id='word_1_834' title='bbox 3113 5558 3303 5599; x_wconf 86' lang='lat' dir='ltr'><strong>vocem</strong></span> <span class='ocrx_word' id='word_1_835' title='bbox 3350 5544 3635 5611; x_wconf 75' lang='grc' dir='ltr'>ὁμοουσιου</span> <span class='ocrx_word' id='word_1_836' title='bbox 3683 5542 3794 5614; x_wconf 78' lang='lat' dir='ltr'><strong>non</strong></span> <span class='ocrx_word' id='word_1_837' title='bbox 3822 5542 4089 5614; x_wconf 82' lang='lat' dir='ltr'><strong>haberet;</strong></span> 
     </span>
    </p>
   </div>
   <div class='ocr_carea' id='block_1_114' title="bbox 2524 5613 4092 5684">
    <p class='ocr_par' dir='ltr' id='par_1_114' title="bbox 2524 5613 4092 5684">
     <span class='ocr_line' id='line_1_117' title="bbox 2524 5613 4092 5684; baseline 0.001 -19"><span class='ocrx_word' id='word_1_838' title='bbox 2524 5613 2991 5684; x_wconf 31' lang='lat' dir='ltr'><strong>etiamsi’quoque</strong></span> <span class='ocrx_word' id='word_1_839' title='bbox 3031 5614 3087 5668; x_wconf 93' lang='lat' dir='ltr'><strong>in</strong></span> <span class='ocrx_word' id='word_1_840' title='bbox 3108 5628 3187 5684; x_wconf 84' lang='lat' dir='ltr'><strong>ea</strong></span> <span class='ocrx_word' id='word_1_841' title='bbox 3214 5621 3555 5683; x_wconf 84' lang='lat' dir='ltr'><strong>ponerentur</strong></span> <span class='ocrx_word' id='word_1_842' title='bbox 3605 5613 3776 5684; x_wconf 81' lang='lat' dir='ltr'><strong>verba</strong></span> <span class='ocrx_word' id='word_1_843' title='bbox 3809 5613 3939 5676; x_wconf 71' lang='lat' dir='ltr'><strong>alia;</strong></span> <span class='ocrx_word' id='word_1_844' title='bbox 3970 5628 4092 5684; x_wconf 72' lang='lat' dir='ltr'><strong>quze</strong></span> 
     </span>
    </p>
   </div>
   <div class='ocr_carea' id='block_1_115' title="bbox 2524 5681 4090 5824">
    <p class='ocr_par' dir='ltr' id='par_1_115' title="bbox 2524 5681 4090 5824">
     <span class='ocr_line' id='line_1_118' title="bbox 2524 5681 4090 5765; baseline 0.001 -29"><span class='ocrx_word' id='word_1_845' title='bbox 2524 5684 2669 5754; x_wconf 86' lang='lat' dir='ltr'><strong>apud</strong></span> <span class='ocrx_word' id='word_1_846' title='bbox 2689 5681 2853 5739; x_wconf 77' lang='lat' dir='ltr'><strong>sanos</strong></span> <span class='ocrx_word' id='word_1_847' title='bbox 2880 5681 3074 5737; x_wconf 80' lang='lat' dir='ltr'><strong>omnes</strong></span> <span class='ocrx_word' id='word_1_848' title='bbox 3103 5681 3249 5765; x_wconf 72' lang='lat' dir='ltr'><strong>idem</strong></span> <span class='ocrx_word' id='word_1_849' title='bbox 3293 5698 3525 5753; x_wconf 83' lang='lat' dir='ltr'><strong>prorsus</strong></span> <span class='ocrx_word' id='word_1_850' title='bbox 3562 5682 3956 5753; x_wconf 81' lang='lat' dir='ltr'><strong>signiﬁcarent.</strong></span> <span class='ocrx_word' id='word_1_851' title='bbox 3986 5681 4090 5749; x_wconf 88' lang='lat' dir='ltr'><strong>(Cl.</strong></span> 
     </span>
     <span class='ocr_line' id='line_1_119' title="bbox 2525 5751 3948 5824; baseline 0 -17"><span class='ocrx_word' id='word_1_852' title='bbox 2525 5754 2713 5810; x_wconf 74' lang='lat' dir='ltr'><strong>nullus</strong></span> <span class='ocrx_word' id='word_1_853' title='bbox 2758 5755 2967 5823; x_wconf 50' lang='lat' dir='ltr'><strong>Drfcns.</strong></span> <span class='ocrx_word' id='word_1_854' title='bbox 3004 5752 3096 5820; x_wconf 64' lang='grc' dir='ltr'><strong>ῥά.</strong></span> <span class='ocrx_word' id='word_1_855' title='bbox 3130 5753 3274 5819; x_wconf 73' lang='lat' dir='ltr'><strong>Nrc.,</strong></span> <span class='ocrx_word' id='word_1_856' title='bbox 3299 5761 3433 5808; x_wconf 87' lang='lat' dir='ltr'><strong>sect.</strong></span> <span class='ocrx_word' id='word_1_857' title='bbox 3463 5754 3517 5819; x_wconf 73' lang='grc'>4,</span> <span class='ocrx_word' id='word_1_858' title='bbox 3546 5767 3665 5824; x_wconf 87' lang='lat' dir='ltr'><strong>cap.</strong></span> <span class='ocrx_word' id='word_1_859' title='bbox 3699 5754 3753 5820; x_wconf 74' lang='grc'>4,</span> <span class='ocrx_word' id='word_1_860' title='bbox 3793 5751 3948 5824; x_wconf 78' lang='lat' dir='ltr'><strong>n.9.)</strong></span> 
     </span>
    </p>
   </div>
   <div class='ocr_carea' id='block_1_116' title="bbox 2570 5770 3922 5820">
    <p class='ocr_par' dir='ltr' id='par_1_116' title="bbox 2570 5770 3922 5820">
     <span class='ocr_line' id='line_1_120' title="bbox 2570 5770 3922 5820; baseline 0 -13"><span class='ocrx_word' id='word_1_861' title='bbox 2570 5770 2713 5810; x_wconf 82' lang='lat' dir='ltr'><strong>unus</strong></span> <span class='ocrx_word' id='word_1_862' title='bbox 2758 5770 2967 5820; x_wconf 47' lang='lat' dir='ltr'><strong>uirens.</strong></span> <span class='ocrx_word' id='word_1_863' title='bbox 3004 5770 3096 5820; x_wconf 77' lang='grc' dir='ltr'>μα.</span> <span class='ocrx_word' id='word_1_864' title='bbox 3130 5770 3274 5819; x_wconf 81' lang='lat' dir='ltr'><strong>mc.,</strong></span> <span class='ocrx_word' id='word_1_865' title='bbox 3299 5770 3433 5808; x_wconf 85' lang='lat' dir='ltr'><strong>seet.</strong></span> <span class='ocrx_word' id='word_1_866' title='bbox 3463 5770 3517 5819; x_wconf 66' lang='grc' dir='ltr'>ι,</span> <span class='ocrx_word' id='word_1_867' title='bbox 3546 5770 3665 5820; x_wconf 88' lang='lat' dir='ltr'><strong>cap.</strong></span> <span class='ocrx_word' id='word_1_868' title='bbox 3699 5770 3753 5820; x_wconf 75' lang='grc'>4,</span> <span class='ocrx_word' id='word_1_869' title='bbox 3793 5770 3922 5807; x_wconf 79' lang='lat' dir='ltr'><strong>n.u.</strong></span> 
     </span>
    </p>
   </div>
  </div>
