4524 6582
482 486 586 541 257

1387 478 1703 535 msronu
1748 476 2295 533 ecetnsusrim.
2342 444 2569 530 -”ι,ιιι.
2615 477 2655 531 ιι

3604 478 3707 535 9.58

478 599 662 673 μηνῶν
686 597 1101 668 διαγενομένιοιν,
1124 598 1213 665 ἀφ’
1232 590 1340 667 οὗῆ
1365 613 1421 649 τε
1452 596 1664 659 σύνοδος
1678 598 2035 666 ἐκεκήρυκτο,
2069 610 2109 661 Α
2140 596 2264 650 stiar

1918 614 2035 657 κτο,
2069 610 2109 661 Α
2140 596 2299 650 stiam
2332 592 2757 664 prtetenderunt,
2795 593 3011 662 culpam
3038 607 3257 647 onmem
3286 591 3631 649 conferentes
3650 595 3704 650 in

473 693 568 747 καὶ
603 693 652 744 oi
682 692 812 762 περὶ
853 691 1166 744 Ἀθανάσιον
1201 691 1257 741 ἐν
1291 692 1355 759 τῇ
1402 688 1589 759 Ῥώμῃ
1621 689 1908 760 διέτριϐον,
1941 690 2038 758 τὴν

475 784 691 839 σύνοδον
704 784 1108 855 περιμένοντες.
1139 783 1225 845 Ὡς
1244 776 1337 834 οῦν
1354 781 1613 852 συνῆλθον
1632 784 1689 835 ἐν
1701 784 1763 853 τῇ
1782 781 2037 852 Σαρδικῇ,

469 877 519 928 οἱ
574 875 673 945 μὲν
731 874 1034 928 ἁνατολικο“ι
1110 874 1190 936 εἰς
1245 872 1532 945 πρόσωπον
1596 873 1705 926 τῶν
1768 873 2040 943 ἐσπερίων

470 966 645 1020 ἐλθεῖν
675 967 775 1019 οὐκ
805 966 1103 1029 ἐϐούλοντο,
1124 966 1421 1036 φάσκοντες
1445 965 1519 1037 μὴ
1542 965 1716 1029 ἄλλως
1742 967 1819 1029 εἰς
1847 965 2040 1033 λόγους

471 1060 668 1120 ἐλθεῖν,
696 1061 745 1112 εί
774 1060 848 1131 μὴ
870 1061 996 1122 τοὺς
1026 1060 1156 1130 περὶ
1205 1058 1521 1113 ’Λθανάσιον
1548 1059 1643 1111 καὶ
1680 1057 1892 1112 Παῦλον
1927 1058 2037 1129 (Η)

469 1150 762 1217 ἐξελάσωσι
792 1151 882 1204 τοῦ
908 1150 1184 1220 συλλόγου.
1219 1151 1307 1216 Ὡς
1328 1151 1387 1205 δὲ
1415 1150 1768 1223 Πρωτογένης
1796 1151 1824 1202 ό
1851 1150 2039 1220 Σαρδι-

469 1240 571 1310 κῆς
609 1241 926 1306 ἐπίσκοπος,
963 1244 1059 1296 καὶ
1104 1242 1291 1307 Ὃσιος
1331 1245 1360 1297 ό
1392 1242 1758 1315 Κουδρούόης,
1795 1241 1947 1305 πόλις
1984 1240 2041 1293 δὲ

470 1331 611 1402 αὕτη
639 1333 738 1403 τῆς
795 1334 1072 1399 Ἱσπανίας
1107 1334 1183 1400 ὡς
1227 1335 1322 1389 καὶ
1366 1335 1627 1408 πρότερον
1673 1336 1909 1408 είρηται,
1941 1335 2042 1387 οὐκ

465 1427 743 1496 ἠνείχοντο
780 1427 855 1497 μὴ
890 1430 1142 1495 παρεῖναι
1170 1430 1298 1491 τοὺς
1344 1428 1474 1499 περὶ
1502 1427 1711 1480 Παῦλον
1742 1428 1836 1482 καὶ
1886 1426 2041 1479 Ἀθα-

466 1516 669 1579 νάσιον,
704 1515 1026 1588 ἀπεχώρουν
1056 1516 1277 1582 εὐθέως.
1308 1517 1726 1588 Καὶιγενόμενοι
1752 1519 1812 1571 ἐν
1846 1518 1913 1588 τῇ
1948 1518 2040 1570 Φι-

464 1608 665 1662 λίππου
687 1609 839 1663 πόλει
853 1609 949 1677 τῆς
967 1608 1209 1682 Θράκης,
1231 1608 1430 1675 ίδίαζον
1446 1608 1727 1672 ποιοῦντες
1742 1608 2037 1681 συνέδριον

466 1700 561 1754 καὶ
577 1699 826 1772 φανερῶς
853 1699 1038 1753 λοιπὸν
1059 1699 1121 1753 τὸ
1143 1701 1240 1772 μὲν
1256 1700 1543 1772 όμοούσιον
1559 1699 2037 1771 άναθεματίζουσιο

469 1792 571 1865 τὴν
598 1793 655 1846 δὲ
700 1791 795 1846 τοῦ
845 1793 1103 1864 ἀνομοίου
1144 1792 1323 1859 δόξαν,
1373 1792 1660 1855 ἐπιστολὰς
1700 1791 2041 1863 συγγράψαν·

465 1900 558 1949 τες
596 1885 735 1954 (45),
769 1882 1044 1954 πανταχοῦ
1071 1883 1489 1955 διαπέμπονται.
1520 1884 1583 1937 Oi
1604 1883 1661 1939 δὲ
1688 1885 1745 1937 ἐν
1775 1885 2035 1956 Σαρδικῇ,

464 1975 679 2046 πρῶτον
719 1976 817 2047 μὲν
850 1975 1056 2029 τούτων
1079 1976 1294 2047 ἐρήμην
1322 1975 1763 2047 κατεψηφίσαντο
1785 1994 1798 2007 ο
1846 1977 2035 2031 ἔπειτα

461 2071 588 2132 τοὺς
631 2067 972 2140 κατηγόρους
1013 2066 1334 2123 Ἀθανασίου
1378 2068 1479 2138 τῆς
1526 2068 1683 2136 ἀξίας
1714 2069 2031 2140 ἀφείλοντο’

460 2162 554 2216 τὸν
578 2161 702 2233 ὅρον
733 2177 792 2215 τε
819 2161 919 2232 τῆς
945 2160 1182 2224 πίστεως
1213 2160 1313 2230 τῆς
1341 2161 1398 2213 ἐν
1419 2160 1623 2232 Νικαία
1650 2161 2031 2232 κρατύναντες,

463 2253 556 2311 καὶ
580 2253 640 2306 τὸ
671 2253 924 2324 ἀνόμοιον
953 2251 1298 2317 ἐκϐαλόντες,
1326 2250 1388 2305 τὸ
1414 2252 1697 2322 ὁμοούσιον
1726 2251 2033 2326 φανερώτε-

464 2362 558 2418 ρον
607 2344 898 2400 ἐκδιδόασι.
948 2345 1059 2400 Καὶ
1085 2343 1463 2416 ἐγγράψαντες
1502 2360 1561 2399 τε
1612 2344 1727 2415 (46)
1757 2346 1852 2400 καὶ
1881 2345 2033 2398 αὐτοὶ

461 2437 738 2508 πανταχοῦ
795 2437 1216 2505 διαπέμπονται.
1267 2434 1465 2508 Γνώμη
1516 2435 1614 2506 μὲν
1661 2431 1754 2491 οὖν
1784 2437 2034 2508 ἑκάτεροι

465 2530 643 2585 τοιάδε
672 2529 895 2593 δικαίως
922 2528 1278 2599 πεποιηκέναι
1295 2528 1636 2599 νομίσαντες,
1668 2529 1719 2582 ot
1753 2527 1854 2599 μὲν
1901 2529 2031 2583 ἀνα-

460 2622 782 2687 τολικοὶ,ὄτι
802 2621 929 2686 τοὺς
947 2621 1037 2675 ὑπ’
1054 2621 1234 2675 αὐτῶν
1264 2611 1691 2693 καθαιρεθέντας
1716 2621 1766 2674 οἱ
1792 2621 2033 2692 ἑσπέριοι

461 2713 849 2789 προσεδέξαντο
867 2732 882 2747 ⁶
905 2717 955 2769 οἱ
975 2714 1033 2769 δὲ
1053 2715 1317 2786 ἑσπέριοι,
1350 2715 1432 2769 ὅτι
1475 2716 1580 2785 πρὸ
1623 2714 2033 2783 διαγνώσεωςοὶ

460 2808 781 2872 καθελόντες
835 2794 1139 2876 άπέςρυγονξ
1187 2809 1280 2860 καὶ
1332 2806 1414 2860 ὅτι
1477 2806 1631 2860 αὐτοὶ
1685 2807 1782 2877 μὲν
1825 2806 1922 2876 τὴν
1973 2806 2031 2860 ἐν

459 2899 665 2971 Νικαία
703 2901 884 2954 πίστιν
916 2899 1238 2970 ἐφύλαττον,
1273 2902 1466 2961 ἐκεῖνοι
1508 2899 1565 2953 δὲ
1594 2898 2034 2971 παραχαράττειν

456 2994 784 3065 ἐτόλμησαν.
802 2993 1168 3048 Ἀποδιδόασιν
1189 2989 1279 3047 οῦν
1303 2993 1394 3047 τὸν
1416 2993 1577 3047 τόπον
1602 2996 1714 3056 τοῖς
1731 2992 1860 3062 περὶ
1885 2990 2034 3046 Παῦ-

459 3086 548 3139 λον
570 3086 681 3155 (47)
712 3085 807 3139 καὶ
842 3085 1188 3138 ’Δθανάσιοψ
1221 3083 1296 3137 ἔτι
1331 3083 1437 3155 μὴν
1461 3084 1554 3136 καὶ
1582 3081 1884 3155 Μαρκέλλῳ
1914 3084 1927 3122 ί
1957 3081 2034 3151 τῷ

470 3175 765 3248 Ἀγκύρας,
797 3178 895 3247 τῆς
917 3177 1049 3247 πρὸς
1078 3178 1144 3245 τῇ
1170 3175 1339 3246 μικρᾷ
1371 3174 1604 3245 Γαλατία
1621 3190 1633 3204 ’
1660 3172 1721 3237 ὃς
1746 3172 1911 3226 πάλαι
1936 3171 2034 3243 μὲν

458 3269 754 3343 καθῄρητο,
787 3269 861 3335 ὡς
886 3271 941 3322 ἐν
974 3269 1052 3341 τῷ
1085 3269 1190 3339 πρὸ
1222 3268 1410 3322 τούτου
1453 3268 1644 3339 βιῦλίῳ
1690 3266 2034 3337 πεποιήμεθα

462 3363 704 3434 μνήμην.
741 3362 874 3414 Τότε
905 3361 962 3415 δέ
994 3362 1051 3413 ἐν
1084 3360 1160 3431 τῷ
1191 3361 1291 3431 τὴν
1320 3360 1620 3432 καταδίκην
1664 3360 2032 3416 ἀναπαλαῖσαι

458 3454 781 3514 ἐσπούδασε,
820 3452 1035 3517 διδάξας
1063 3452 1138 3516 ὡς
1165 3452 1225 3506 ού
1260 3452 1479 3522 νοηθείη
1513 3454 1547 3523 ἡ
1570 3454 1661 3506 ὑπ’
1685 3453 1848 3506 αὐτοῦ
1877 3454 1934 3506 ἐν
1958 3453 2035 3524 τῷ

464 3542 655 3615 βιϐλίῳ
682 3544 905 3616 φράσις,
953 3543 1047 3596 καὶ
1087 3542 1175 3596 διὰ
1211 3543 1403 3595 τούτου
1439 3543 1695 3597 ὑπόνοιαν
1740 3543 1833 3597 τοῦ
1864 3544 2041 3614 Σαμο-

468 3637 676 3699 σατέως
702 3636 909 3690 λαϐεῖν.
932 3635 1046 3689 Οὐκ
1068 3635 1362 3705 ἁγνοητέον
1392 3636 1577 3705 μέντοι
1605 3635 1687 3688 ὅτι
1712 3635 1769 3689 τὸ
1791 3637 2039 3709 Μαρκέλ-

457 3727 554 3785 λου
623 3727 828 3799 βιϐλίον
886 3727 915 3780 ὁ
982 3726 1270 3798 Παμφίλου
1351 3725 1611 3790 Εὐσέϐιος
1677 3727 2040 3780 άνεσκεύασεν

458 3820 516 3873 ἐν
545 3818 687 3884 ὅλοις
718 3821 868 3893 τρισὶ
911 3818 1135 3891 βιὸλίοις
1187 3819 1321 3889 πρὸς
1353 3818 1513 3871 αὑτὸν
1564 3819 1962 3890 διαλεγόμενος,
1996 3821 2029 3874 ά

460 3915 597 3985 πρὸς
618 3915 936 3989 Μάρκελλον
953 3912 1373 3987 ἐπέγραιίίεμὸ)⁸
1396 3914 1489 3966 καὶ
1515 3914 1696 3986 τίθησι
1718 3916 1815 3985 μὲν
1836 3912 1905 3967 τὰ
1928 3918 2023 3987 ῥή-

2140 688 2344 742 Julium
2374 687 2631 740 Romana:
2658 685 2809 739 urbis
2839 685 3158 755 episcopum
3189 704 3203 739 :
3241 700 3366 741 cum
3412 695 3595 742 tamen
3638 688 3708 742 ab

2140 793 2206 832 eo
2231 787 2473 847 tempore
2494 792 2605 849 quo
2627 777 2866 847 synodus
2894 776 3096 833 indicta
3116 778 3314 845 fuerat,
3330 787 3388 834 et
3403 795 3515 851 quo
3537 780 3709 836 Atha-

2142 871 2329 925 nasius
2360 870 2552 942 synodi
2585 880 2910 925 consessum
2945 880 3298 941 exspectans,
3336 874 3521 928 Romae
3556 888 3707 928 eom-

2141 963 2478 1027 morabatur,
2519 961 2646 1016 anni
2676 970 2733 1017 et
2759 977 2854 1017 sex
2879 964 3152 1018 mensium
3183 965 3420 1036 spatium
3451 963 3712 1021 interces-

2140 1054 2459 1110 sisset.Cum
2484 1071 2611 1123 ergo
2639 1048 2926 1110 Serdicam"
2950 1070 3142 1111 omnes
3166 1056 3570 1122 convenissent,
3592 1057 3709 1127 epi-

2140 1149 2286 1218 scopi
2327 1147 2549 1217 quidem
2598 1146 2841 1205 Orientis
2879 1157 3235 1219 conspectum
3278 1148 3709 1205 Occidentalium

2141 1239 2494 1308 refugerunt,
2552 1247 2816 1308 negantes
2861 1253 2919 1293 se
2970 1238 3026 1293 in
3048 1239 3392 1310 colloquium
3446 1255 3570 1294 cum
3604 1238 3713 1293 illis

2141 1339 2401 1384 venturos
2424 1344 2574 1391 esse,
2617 1328 2721 1381 nisi
2753 1327 2906 1398 prius
2935 1330 3163 1384 Paulum
3192 1340 3251 1385 et
3280 1329 3638 1385 Athanasium
3679 1347 3712 1384 e.

2141 1438 2241 1476 suo
2266 1430 2410 1478 cmtu
2438 1423 2745 1493 ejecissent.
2779 1422 2885 1479 Sed
2912 1438 3035 1477 cum
3068 1423 3403 1494 Protogenes
3426 1423 3710 1479 Serdiccn-

2140 1517 2236 1579 sis,
2275 1523 2331 1569 et
2358 1514 2558 1570 ilosius
2588 1513 2879 1585 episcopus
2902 1514 3175 1571 Corduba:
3195 1556 3209 1581 ,
3253 1530 3375 1586 qua:
3404 1515 3597 1571 civitas
3628 1526 3713 1571 est

2142 1607 2432 1677 Hispaniae,
2452 1615 2513 1661 ut
2536 1622 2700 1677 supra
2730 1606 2863 1671 dixi,
2892 1623 3235 1679 nequaquam
3268 1610 3379 1680 pati
3403 1619 3626 1680 possent
3652 1620 3715 1666 ut

2144 1699 2342 1753 Paulus
2391 1706 2446 1752 et
2486 1697 2820 1753 Athanasius
2868 1714 2898 1754 a
2945 1709 3207 1755 consessu
3260 1702 3711 1766 excluderentur,

2139 1788 2446 1845 Orientales
2482 1789 2629 1845 illico
2657 1790 3053 1847 discesserunt.
3099 1792 3463 1864 Regressique
3501 1794 3713 1864 Philip-

2141 1881 2383 1954 popolim
2418 1882 2611 1937 urbem
2642 1882 2910 1948 Thraciae,
2944 1883 3179 1940 concilio
3209 1900 3457 1942 seorsum
3500 1886 3710 1950 habito,

2144 1990 2330 2029 vocem
2374 1976 2597 2047 quidem
2634 1975 3119 2033 consubstantialis
3151 1972 3327 2049 palam
3365 1980 3712 2036 anathemate

2142 2065 2473 2121 damnarunt
2513 2085 2525 2121 :
2558 2068 2811 2138 ἀνομοίου
2840 2077 3023 2122 autem
3060 2070 3384 2125 vocabulum
3414 2080 3472 2126 et
3496 2073 3711 2143 opinio-

2142 2172 2264 2212 nem
2294 2159 2493 2214 litteris
2519 2158 2633 2213 suis
2662 2159 2988 2224 inserentes,
3020 2176 3439 2231 quoquoversus
3453 2163 3711 2218 transmi-

2142 2262 2348 2306 serunt.
2388 2252 2643 2322 Episcopi
2681 2268 2812 2308 vero
2850 2253 3089 2310 Serdica:
3118 2255 3431 2320 constituti,
3474 2256 3712 2327 primum

2139 2344 2363 2417 quidem
2381 2343 2503 2398 illos
2530 2342 2601 2398 ob
2623 2341 2905 2398 desertum
2932 2345 3224 2400 concilium
3245 2345 3708 2402 condemnarunt:

2140 2434 2337 2490 deinde
2367 2433 2645 2490 Athanasii
2695 2442 3047 2489 accusatores
3073 2434 3336 2507 dignitate
3378 2451 3475 2491 sua
3509 2437 3710 2507 spolia-

2142 2536 2287 2581 runt.
2324 2527 2391 2582 Et
2416 2527 2735 2583 conﬁrmata
2763 2528 2993 2584 Nicaeum
3019 2527 3144 2582 fidei
3171 2527 3426 2593 formula,
3459 2529 3714 2599 ἀνομοίου

2106 2638 2110 2642 ·
2140 2618 2361 2687 quidem
2392 2618 2720 2674 vocabulum
2748 2620 3080 2691 reiecerunt,
3105 2619 3589 2675 consubstantialis
3611 2637 3710 2675 au-

2142 2719 2248 2764 tem
2271 2726 2456 2765 vocem
2477 2712 2722 2781 apertius
2740 2712 2894 2783 105
2911 2713 3348 2784 promulgarunt,
3373 2713 3713 2783 scriptasque

2140 2803 2209 2858 de
2253 2820 2314 2858 re
2356 2803 2568 2859 litteras
2606 2819 3051 2874 quoquoversum
3079 2804 3243 2859 etiam
3285 2801 3386 2875 ipsi
3425 2806 3735 2861 misc'runt.’

2141 2896 2311 2950 Porro
2346 2896 2566 2965 utrique
2594 2905 2740 2951 recte
2782 2911 2839 2951 se
2874 2905 3037 2965 atque
3073 2896 3265 2951 ordine
3300 2896 3491 2953 fecisse
3523 2898 3710 2952 existi-
3742 2927 3755 2941 --

2140 2982 2397 3048 mabant;
2447 2982 2754 3040 Orientales
2805 2986 3025 3054 quidem
3054 3026 3068 3051 ,
3112 3001 3180 3041 eo
3221 2986 3367 3057 quod
3403 2986 3715 3044 Occidentis

2138 3076 2379 3149 epise0pi
2411 3092 2508 3132 eos
2533 3077 2627 3147 qui
2661 3092 2691 3132 a
2724 3093 2781 3132 se
2816 3078 3049 3149 depositi
3079 3079 3299 3134 fuerant
3328 3083 3666 3152 recepissent
3694 3123 3710 3146 ,

2138 3168 2520 3224 Occidentales
2547 3184 2701 3235 vero,
2744 3179 3033 3242 propterea
3073 3172 3218 3242 quod
3247 3173 3302 3227 hi
3330 3174 3424 3243 qui
3465 3175 3598 3230 istos
3620 3175 3713 3230 de-

2140 3271 2459 3332 posuerant,
2501 3270 2628 3316 ante
2679 3279 2857 3331 causae
2904 3256 3276 3335 cognitionem
3326 3267 3709 3337 aufugissent:

2139 3362 2195 3407 et
2222 3370 2288 3407 eo
2316 3354 2462 3424 quod
2487 3354 2586 3424 ipsi
2608 3352 2828 3424 quidem
2851 3356 3124 3411 Niczenain
3149 3357 3310 3429 ﬁdem
3336 3359 3710 3426 custodirent,

2141 3448 2216 3502 illi
2256 3463 2386 3503 vero
2410 3464 2529 3502 eam
2565 3449 2880 3505 adulterare
2911 3451 3027 3506 ausi
3063 3451 3313 3508 fuissent.
3343 3452 3512 3508 Paulo
3550 3453 3714 3527 igitur

2135 3556 2189 3599 et
2253 3546 2552 3600 Athanasio
2607 3547 2768 3601 sedes
2831 3563 2961 3603 suas
3025 3549 3420 3615 restituerunt,
3472 3549 3711 3621 itemque

2135 3640 2389 3696 Marcello
2430 3641 2655 3712 Ancyra:
2693 3639 2915 3696 Galatia:
2954 3642 3106 3696 urbis
3134 3643 3412 3714 episcopo.
3460 3641 3713 3708 Quicum

2134 3732 2229 3786 diu
2264 3742 2424 3787 antea
2460 3731 2743 3802 depositus
2777 3730 3006 3797 fuisset,
3055 3744 3116 3788 ut
3161 3733 3215 3787 in
3257 3733 3529 3805 superiori
3570 3733 3713 3789 libro

2140 3824 2588 3888 commemoravi,
2618 3832 2747 3878 tunc
2795 3826 3279 3881 vehementissime
3311 3824 3608 3887 laboravit,
3650 3834 3711 3879 ut

2133 3916 2395 3970 adversus
2435 3915 2612 3985 ipsum
2658 3917 2867 3986 prolata
2922 3918 3193 3973 sententia
3242 3904 3655 3973 rescinderet‘ur
3694 3940 3703 3950 -

1655 4068 1923 4123 VALESII
1955 4069 2501 4127 ANNOTATIONES.

528 4165 639 4235 (44)
684 4162 791 4217 Καὶ
842 4161 1357 4235 ΠαῦλωςηΡίιιιιιιε
1395 4161 2035 4235 Gpnstantinopolitanus

453 4232 878 4307 episcopusnon
909 4232 1165 4307 interfuit
1191 4232 1843 4307 synodo_Serdicensi,ut
1864 4243 2033 4307 testa-

459 4293 549 4361 tur
576 4293 944 4360 Tlieodoritus
966 4303 1021 4355 in
1041 4303 1138 4356 lib.
1163 4318 1200 4356 ιι
1221 4293 1478 4358 Historia:
1504 4293 1840 4368 ecclesiast.,
1863 4304 2031 4372 idque

459 4391 681 4445 prorsus
734 4373 1021 4445 conﬁrmat
1069 4372 1300 4442 epistola
1361 4374 1622 4445 synodica
1669 4372 2031 4445 Orientalium

456 4442 598 4517 apud
628 4443 908 4517 Serdicam
930 4442 1336 4512 episcoporum,
1369 4442 1491 4514 qua:
1524 4444 1761 4498 habetur
1818 4444 1871 4497 in
1898 4446 2028 4501 Fra-

454 4512 692 4587 ginentis
714 4512 933 4587 Hilarii.

526 4586 636 4657 (45)
680 4582 1807 4657 '15:;thngAqvmdgi'qrtgceﬂectitls
1839 4585 1892 4640 in
1928 4602 2023 4640 co-

453 4655 574 4711 dice

450 4727 704 4795 ἀνομοὶου
731 4723 889 4795 δόξαν
913 4725 1220 4795 ἐπιστολαῖς
1237 4725 1630 4793 ἐγγράψαντες.
1664 4725 1769 4779 Sed
1783 4723 1938 4795 quod
1954 4728 2002 4781 ai
2012 4739 2030 4782 ι

453 4775 728 4858 Socrates,
757 4775 1065 4865 Oi'ientales
1107 4775 1395 4865 episcopos
1428 4775 1609 4865 apud:
1629 4775 1926 4859 Serdicam,
1970 4798 2023 4852 in

450 4866 682 4936 epistola
706 4879 824 4936 sua
857 4862 1113 4936 synodica
1144 4862 1577 4919 Anomianorum
1613 4865 1807 4935 dogma
1854 4870 2024 4921 stabi-

452 4933 625 5009 li'isse,
666 4933 722 4988 id
768 4934 1228 5009 omninojalsum
1271 4935 1612 5009 c_st.___Exstat
1654 4933 1849 5009 eorum
1907 4940 2023 5009 epi-

451 5007 588 5062 stola
611 5003 872 5077 synodica
921 5004 975 5058 in
1003 5005 1355 5077 Fragmcntis
1373 5005 1584 5077 Hilarii,
1618 5008 1685 5061 ad
1720 5009 1877 5077 cujus
1913 5003 2026 5062 cal-

450 5092 571 5131 cem
608 5075 820 5145 adjecta
858 5084 943 5145 est
975 5075 1250 5130 confessio
1289 5075 1436 5130 fidei.
1483 5075 1541 5130 In
1575 5094 1637 5132 ca
1679 5075 2026 5134 confessione

451 5146 586 5202 nihil
621 5143 879 5214 estquod
919 5145 1352 5200 Anomianorum
1374 5149 1703 5203 sententiam
1736 5152 1819 5204 vel
1856 5150 2022 5204 inini-

451 5232 600 5270 mum
641 5217 903 5272 redoleat.
950 5216 1057 5270 Sed
1090 5224 1147 5270 et
1189 5216 1335 5271 idem
1381 5217 1624 5272 Hilarius
1671 5220 1724 5274 in
1767 5219 1911 5274 libro
1953 5223 2022 5274 de

452 5285 685 5360 §ynodis
737 5285 988 5360 eamdem
1033 5286 1596 5360 tidem_Orientalium
1638 5291 2022 5360 episcoporum

453 5356 691 5412 serdica:
716 5356 1116 5480 promulgatam
1135 5358 1401 5422 referens,
1436 5374 1537 5431 pro
1559 5356 2021 5430 catholica'agno-

453 5426 556 5480 scit
577 5438 635 5480 et
660 5425 904 5480 exponit.
969 5427 1288 5480 ‘antumoue
1316 5429 1473 5480 abest
1515 5441 1576 5480 ut
1604 5430 1901 5480 crediderit
1931 5432 2021 5480 lli—

451 5426 556 5482 scit
577 5438 635 5483 et
660 5425 904 5498 exponit.
939 5425 1288 5498 Tantumque
1316 5425 1473 5484 abest
1515 5441 1576 5484 ut
1604 5425 1907 5486 crediderit
1930 5432 2021 5485 lli-

2134 4163 2303 4241 larius
2323 4165 3099 4241 cosﬂAnomianorunrdogma
3118 4166 3507 4241 disseminasse
3533 4187 3545 4223 :
3572 4172 3704 4241 quin

2134 4234 2316 4304 potius
2371 4235 2636 4297 atllrmat,
2681 4250 2779 4289 eos
2821 4234 3031 4291 aditum
3073 4237 3396 4293 Anomianis
3446 4234 3603 4296 omni
3643 4257 3711 4297 ex

2132 4315 2285 4373 parte
2324 4306 2683 4360 obstruxisse.
2738 4306 2829 4361 Sic
2854 4307 3001 4361 enim
3044 4308 3119 4361 ait
3157 4325 3170 4360 :
3222 4308 3306 4361 Ea:
3346 4312 3491 4365 omni
3534 4321 3710 4366 autem

2131 4386 2306 4444 parte,
2338 4392 2443 4444 qua
2466 4391 2537 4448 se
2559 4378 2918 4448 circumagere
2953 4377 3252 4433 sollicitudo
3280 4380 3469 4448 potuit,
3494 4383 3707 4436 Itwrcti-

2130 4461 2311 4519 eorum
2346 4446 2565 4519 ingeniis
2587 4446 2762 4519 attint“;
2778 4446 3088 4519 obstruitur,
3108 4464 3173 4502 ne
3194 4446 3320 4519 quid
3342 4466 3453 4505 esse
3486 4450 3708 4506 diversi-

2135 4517 2257 4569 tatis
2288 4517 2597 4584 prmdicctur
2621 4517 2678 4570 in
2704 4515 2855 4571 Filio.
2999 4552 3009 4559 ›
3206 4515 3215 4519 ⁷
3710 4520 3713 4523 ‘

2208 4552 2887 4656 ξὶιιΤὶΕΣῖὲ-ἓζῷἓέὶιίιὶῖῗές
2914 4552 3079 4643 τε.ἰη
3109 4589 3299 4643 codice
3329 4590 3532 4646 Leonis
3558 4591 3709 4646 Alla-

654 4652 1016 4726 eonisAllatii
1055 4651 1336 4726 bic'locus
1365 4654 1438 4726 ita
1474 4654 1692 4726 legitur,
1725 4657 1825 4726 τὴν
1853 4657 1907 4709 δὲ
1936 4658 2029 4710 τοῦ
2060 4651 2103 4705 D
2139 4656 2194 4710 tii
2217 4651 2384 4711 deest
2408 4651 2801 4726 particula—xci.
2837 4651 3027 4714 Posset
3051 4660 3216 4714 etiam
3237 4678 3346 4715 non
3364 4662 3709 4718 inconnnode

2138 4726 2329 4788 scribi,
2354 4729 2447 4780 καὶ
2472 4728 2847 4796 ἐγγράψαντες
2869 4730 2924 4781 δέ
2965 4731 3057 4782 καὶ
3079 4732 3253 4795 αύτοί,
3282 4742 3390 4786 etc.

2203 4797 2481 4873 {47)__’l‘oi'¢
2504 4798 2634 4863 περὶ
2659 4798 2921 4873 Παῦλον.
2938 4800 3020 4873 De
3043 4801 3209 4873 Paulo
3239 4818 3307 4855 ne
3331 4803 3557 4857 verbum
3583 4803 3707 4873 qui-

2133 4867 2257 4921 dem
2270 4868 2461 4948 .nllum
2479 4878 2655 4923 exstat
2680 4870 2736 4923 in
2756 4870 2984 4940 epistola
3003 4871 3261 4942 synodica
3278 4873 3497 4928 concilii
3527 4867 3711 4928 Serdi-

2131 4953 2334 4992 CCIISIS.

2207 5009 2317 5081 μδ)
2351 5012 2445 5063 Ἐν
2469 5010 2635 5076 ὅλοις
2659 5011 2812 5079 τρισὶ
2831 5012 3093 5078 βιϐλίοις
3117 5014 3153 5066 ιῖ
3175 5012 3323 5081 πρὸς
3345 5013 3709 5080 Μάρκελλον

2130 5080 2449 5154 exe-paea
2474 5081 2703 5154 Exstant
2735 5083 2896 5137 hodie
2938 5083 2991 5136 hi
3038 5093 3150 5137 tres
3180 5085 3403 5139 Eusebii
3435 5085 3582 5148 libri,
3611 5086 3705 5154 qui

2123 5150 2191 5204 de
2220 5152 2592 5205 ecclesiastica
2632 5154 2926 5222 Theologia
2966 5154 3231 5208 adversus
3268 5156 3580 5210 Marcellum
3620 5150 3704 5209 in—

2123 5222 2315 5293 scripti
2351 5230 2498 5278 sunt.
2540 5221 2688 5287 Quos
2728 5221 3043 5292 prmi-edunt
3070 5225 3180 5278 duo
3214 5226 3338 5281 libri
3375 5227 3526 5278 Κατὰ
3552 5227 3704 5293 Μαρ-

2124 5292 2337 5366 κέλλου,
2370 5294 2561 5366 idest,
2595 5294 2794 5348 Contra
2820 5294 3133 5348 Marcellum
3180 5296 3452 5366 inscripti,
3492 5296 3548 5349 in
3578 5292 3704 5366 qui-

2124 5362 2228 5437 Irus
2252 5363 2542 5437 consilium
2570 5366 2690 5433 ejus
2708 5381 2789 5437 Aac
2808 5366 3068 5420 malitiam
3094 5377 3254 5435 atque
3284 5362 3546 5422 invidiam
3581 5362 3706 5437 sug-

2119 5433 2285 5499 gillat.
2337 5435 2445 5487 llos
2471 5447 2653 5490 autem
2686 5435 2857 5489 libros
2897 5439 3049 5505 jussu
3093 5433 3475 5509 episcoporum
3508 5438 3602 5507 qui
3649 5433 3703 5491 in

1892 5590 2266 5648 γλιιιοιιιιξςι.

494 5741 504 5750 ·
529 5677 554 5752 ι,
572 5674 699 5752 Ἔτι
723 5676 853 5745 μὴν
878 5677 975 5733 καὶ
999 5679 1853 5752 Mapxéllqr.l|zcrcsisMarcelli
1879 5698 2005 5736 non"

452 5744 555 5823 nisi
592 5744 801 5801 multos
816 5756 939 5817 post
972 5744 1145 5823 annos
1173 5744 1652 5823 posteainnotuit,
1696 5766 2008 5820 quanquam

452 5819 613 5890 etimn
644 5823 755 5890 tum
789 5819 1067 5890 nonnullis
1121 5819 1181 5873 in
1224 5821 1593 5890 suspicionem
1625 5824 1792 5874 venit.
1828 5819 1899 5875 1;.»
1931 5843 2008 5882 ου,

456 5885 630 5952 inquit
661 5885 999 5960 Epiphanius
1029 5885 1767 5960 Inrresi7‘3.'mmaliqnando
1803 5895 2007 5946 ln‘otnm

454 5971 646 6022 parum
706 5958 1051 6014 .ltiu'musimn
1097 5964 1522 6035 interrogassent.
1554 5958 1843 6034 hij-"sumcf:
1896 5984 2007 6026 μανι

2130 5686 2287 5754 fuisse
2334 5686 2720 5751 m'bitrnretnr,
2775 5687 2866 5741 ille
2922 5704 3086 5757 neque
3121 5688 3365 5755 purgari!
3421 5689 3704 5753 hominem,

2122 5774 2286 5826 neque
2338 5773 2457 5828 vero
2491 5761 2727 5828 asperius
2779 5760 3019 5819 notavit;
3067 5758 3161 5809 sed
3209 5759 3395 5812 leniter
3440 5760 3702 5824 arridens,

2126 5845 2224 5879 non
2257 5827 2480 5882 militum
2514 5827 2581 5901 (Ib
2619 5830 2952 5898 improbitate
2985 5831 3318 5882 abhorruisse
3363 5829 3702 5901 signiﬁcavit,

2125 5910 2167 5950 ιι
2206 5902 2255 5951 in
2293 5916 2468 5953 eorum
2503 5900 2611 5952 loro
2634 5904 2719 5964 qui
2751 5918 2803 5953 se
2829 5911 3156 5970 pnrqussent,
3178 5901 3355 5953 Ittti'tlf.’
