4524 6582
805 448 913 528 939
2262 459 2596 518 soan'ns
3940 451 4044 506 sto

807 589 1009 642 docens
1035 582 1202 637 verba
1235 581 1364 636 libri
1403 581 1487 637 sui
1515 596 1624 636 non
1669 581 1838 638 fuisse
1869 579 2146 637 intellecta
2167 617 2182 643 ,
2213 584 2377 645 atque
2410 583 2449 639 Α
2483 589 2590 656 ματ

2261 588 2377 645 tque
2410 583 2449 639 Α
2483 589 2631 656 ματα
2675 571 2998 643 Μαρκέλλου
3022 586 3037 600 ·
3072 569 3210 642 πρὸς
3255 561 3399 620 αύτὰ
3448 567 3504 621 δὲ
3545 565 3945 635 διαγωνίζεται,
3971 567 4047 631 ὡς

807 678 1013 734 idcirco
1048 691 1106 732 se
1135 675 1192 730 in
1219 674 1586 745 suspicionem
1617 674 1833 730 venisse
1860 671 2068 728 erroris
2094 669 2248 726 Pauli
2281 668 2380 722 Sa-
2478 662 2593 732 ψιλέ

2281 668 2380 722 Sa-
2478 662 2636 732 ψιλδν
2665 662 2950 732 ἄνθρωπον
2978 661 3070 714 τὸν
3094 659 3320 731 Κύριον,
3348 657 3489 712 καθά
3512 657 3797 721 Σαϐέλλιος
3824 658 3853 709 6
3883 657 4045 720 Λίϐυς

808 767 1150 823 mosatensis.
1194 765 1488 820 Sciendum
1535 774 1716 820 tamen
1756 771 1842 819 est
1879 761 2181 818 Eusebium
2220 758 2378 814 Pam-
2479 753 2576 807 uel.

2260 770 2378 812 'am-
2479 753 2576 807 καὶ
2624 753 2839 817 Παῦλος
2894 755 2924 807 6
2973 751 3358 824 Σαμοσατεὺς,
3405 749 3501 805 τοῦ
3555 749 3879 820 Μαρκέλλου
3931 750 4046 803 είσ-

809 860 945 931 phili
970 859 1233 913 adversus
1259 856 1496 911 Marcelli
1531 856 1733 910 librum
1763 855 2157 924 disputantem,
2188 849 2378 906 confu-
2481 843 2729 914 ἀγοντος.

811 967 954 1011 tasse
977 967 1104 1007 eum
1128 950 1302 1005 tribus
1323 948 1692 1003 voluminibus
1735 963 1858 1017 qua:
1907 955 2100 1001 contra
2138 943 2454 1000 Marcellum
2494 937 2792 1010 inscripsit.
2834 937 2913 992 Ac
2953 936 3121 992 verba
3164 936 3384 1006 quidem
3430 937 3546 1007 ipsa
3597 937 3836 992 Marcelli
3886 937 3940 992 in
3982 937 4050 992 iis

810 1047 1022 1118 profert
1055 1063 1067 1096 :
1103 1043 1218 1113 ipse
1255 1055 1387 1096 vero
1450 1039 1710 1094 adversus
1742 1054 1808 1093 ea
1842 1038 2150 1101 disserens,
2185 1034 2420 1105 probare
2458 1041 2690 1085 conatur
2720 1029 3036 1083 Marcellum
3075 1030 3304 1098 perinde
3351 1045 3416 1086 ac
3452 1029 3750 1085 Sabellium
3785 1029 4046 1102 Libycum

811 1150 866 1194 et
924 1139 1150 1194 Paulum
1203 1134 1658 1196 Samosatensem,
1706 1130 1988 1187 Christum
2041 1128 2346 1200 simplicem
2383 1124 2647 1179 duntaxat
2687 1122 2969 1177 hominem
2995 1136 3268 1176 asserere.

1447 1284 1596 1340 CAP.
1638 1283 1779 1338 XXI.

1194 1376 1404 1430 Eusebii
1436 1374 1703 1446 Pamphili
1737 1373 1987 1444 defensio.

887 1491 996 1548 Sed
1028 1489 1285 1562 quoniam
1314 1489 1462 1544 hunc
1498 1503 1735 1558 quoque,
1775 1484 2072 1540 Eusebium
2110 1481 2379 1552 Pamphili

809 1582 1075 1652 intelligo,
1114 1579 1363 1634 nonnulli
1408 1577 1694 1634 criminari
1740 1576 1922 1632 conati
1967 1583 2116 1640 sunt,
2150 1573 2380 1644 perinde

808 1675 964 1744 quasi
994 1672 1256 1726 Arianum
1288 1669 1484 1739 dogma
1511 1668 1567 1722 in
1592 1666 1750 1722 libris
1787 1668 1902 1722 suis
1933 1674 2157 1722 secutus
2190 1663 2380 1728 fuerit.

808 1754 1176 1832 opportunum
1229 1759 1349 1813 fore
1397 1771 1593 1811 censeo
1637 1771 1810 1826 pauca
1861 1755 1930 1810 de
1980 1770 2047 1809 eo
2091 1754 2378 1808 disserere.

806 1852 1055 1907 Primum
1092 1849 1260 1919 igitur
1305 1847 1540 1901 concilio
1577 1846 1800 1902 Nicaeno
1839 1861 1951 1914 quo
1993 1844 2192 1899 Filium
2230 1843 2380 1898 Patri

807 1939 1326 1996 consubstantialem
1364 1937 1531 1993 fuisse
1577 1937 1860 1993 decretum
1883 1944 1995 2001 est,
2036 1944 2093 1990 et
2131 1934 2379 1989 interfuit

3031 1275 3282 1330 ΚΕΦΑΔ.
3311 1276 3407 1329 ΚΑ
3431 1317 3443 1327 .

2598 1366 2909 1437 Ἀπολογία
2935 1365 3089 1435 ὑπὲρ
3110 1367 3406 1421 Εὐσεϐίου
3431 1365 3538 1422 τοῦ
3571 1369 3909 1438 Παμφίλου.

2566 1478 2784 1551 Ἐπειδὴ
2821 1479 2880 1533 δέ
2909 1495 3057 1541 τινες
3089 1480 3454 1552 ἐπεχείρησαν
3497 1481 3590 1534 καὶ
3619 1480 3781 1536 αὐτὸν
3812 1479 4052 1554 λοιδορῆ-

2481 1587 2593 1633 σαι,
2647 1572 2792 1642 φημὶ
2821 1570 2886 1643 δὴ
2918 1572 3011 1626 τὸν
3049 1572 3338 1641 Παμφίλου
3375 1571 3656 1634 Εύσέϐιον,
3689 1571 3765 1637 ὡς
3811 1573 4052 1646 ἀρειανί-

2481 1661 2642 1725 ζοντα
2667 1662 2728 1715 ὲν
2759 1656 2841 1725 οἷς
2873 1661 3053 1730 λόγοις
3084 1662 3335 1728 ἐξέδωκε,
3373 1662 3547 1734 μικρά
3580 1663 3675 1716 καὶ
3719 1665 3846 1735 περὶ
3882 1663 4052 1718 αὑτοῦ

2478 1755 2653 1808 εἰπεῖν
2677 1755 2778 1808 ούκ
2807 1754 3042 1826 ἄκαιρον
3068 1755 3327 1827 ἡγοῦμαι.
3355 1756 3582 1826 Πρῶτον
3604 1757 3705 1828 μὲν
3731 1759 3865 1828 γὰρ,
3892 1760 3961 1830 τῇ
3991 1760 4050 1812 ὲν

2477 1848 2682 1920 Νικαίᾳ
2705 1849 2910 1920 συνόδῳ
2935 1850 2996 1904 τὸ
3023 1850 3312 1921 ὀμοούσιον
3338 1850 3599 1923 όριζούσῃ
3626 1851 3722 1906 καὶ
3750 1851 3933 1923 παρῆν
3957 1853 4053 1905 καὶ

2478 1941 2758 1995 συνέθετο·
2785 1940 2932 2010 λέγει
2959 1940 3016 1995 δὲ
3038 1941 3132 1996 καὶ
3163 1940 3324 2004 αὐτὸς
3350 1941 3409 1994 ὲν
3435 1940 3515 2011 τῷ
3562 1941 3731 2013 τρίτῳ
3760 1940 3949 2012 βιϐλίῳ
3972 1941 4052 2010 τῷ

807 2041 863 2087 et
886 2030 1181 2086 consensit.
1202 2030 1263 2084 1n
1305 2028 1469 2083 tertio
1491 2043 1623 2083 vero
1649 2027 1794 2082 libro
1813 2040 1976 2096 quem
1999 2025 2067 2080 de
2089 2024 2204 2079 vita
2229 2022 2373 2079 Con-
2408 2049 2448 2103 Β
2477 2037 2593 2100 ειςιι

2265 2024 2373 2078 {011'-
2408 2049 2448 2103 Β
2477 2037 2557 2100 είς
2577 2036 2666 2090 τὸν
2683 2036 2796 2106 βίον
2816 2036 3228 2090 Κωνσταντίνου
3257 2035 3400 2090 κατά
3418 2034 3565 2100 λέξιν
3603 2035 3799 2091 ταῦτα’
3836 2035 4051 2098 Πάντας

809 2122 1033 2178 stantini
1059 2119 1299 2191 scripsit,
1324 2118 1675 2188 italoquitur.
1710 2116 1944 2171 :Omnes
1985 2116 2284 2186 imperator
2305 2113 2374 2168 ad

808 2213 1157 2270 concordiam
1216 2211 1484 2276 incitavit,
1527 2209 1701 2264 donec
1747 2209 2034 2263 universos
2086 2208 2143 2262 in
2192 2206 2260 2261 iis
2307 2205 2376 2260 de

807 2307 1011 2375 quibus
1043 2313 1204 2360 antea
1233 2301 1650 2366 dissentiebant,
1682 2299 1981 2356 concordes
2015 2305 2180 2368 atque
2235 2312 2374 2351 una-

806 2403 984 2459 nimes
1005 2398 1385 2469 praestitisset:
1420 2394 1558 2449 adeo
1599 2401 1661 2447 ut
1699 2393 1834 2448 fides
1864 2391 2108 2447 omnium
2138 2405 2375 2445 consona

808 2492 951 2562 apud
970 2491 1204 2545 Nicaeam
1234 2484 1554 2541 obtinuerit.
1576 2481 1710 2540 Cum
1729 2483 1895 2553 igitur
1939 2479 2211 2537 Eusebius
2230 2478 2376 2532 illius

807 2585 1024 2641 concilii
1054 2582 1388 2637 mentionem
1416 2578 1641 2642 faciens,
1669 2584 1894 2632 cunctas
1921 2576 2231 2630 animorum
2267 2573 2378 2626 dis-

807 2680 1090 2737 sensiones
1127 2675 1332 2745 sopitas
1357 2687 1477 2727 esse
1499 2672 1664 2735 dicat,
1695 2678 1752 2724 et
1789 2671 2078 2724 universos
2119 2669 2176 2722 in
2208 2682 2374 2721 unam

805 2769 1162 2838 eamdemque
1190 2763 1529 2834 conspirasse
1560 2761 1907 2825 sententiam,
1929 2759 2062 2830 quid
2098 2772 2275 2814 causae
2293 2765 2378 2810 est

807 2878 906 2916 cur
946 2858 1195 2916 nonnulli
1225 2871 1354 2911 eum
1383 2854 1699 2909 existiment
1732 2852 1937 2911 Ariano
1974 2850 2213 2921 dogmati
2240 2864 2374 2903 con-

807 2952 1041 3011 sentire?
1065 2950 1348 3004 Falluntur
1371 2948 1537 3001 etiam
1569 2945 1787 3009 Ariani,
1819 2945 1913 3014 qui
1943 2944 2094 2997 illum
2129 2942 2375 3013 opinioni

807 3062 918 3102 suae
965 3041 1250 3113 suffragari
1285 3039 1639 3094 arbitrantur.
1682 3037 1789 3092 Sed
1821 3037 1966 3092 dicet
2013 3036 2243 3090 fortasse
2275 3035 2373 3089 ali-

807 3137 967 3208 quis,
1022 3135 1176 3188 illum
1229 3131 1414 3186 Ariani
1470 3129 1741 3200 dogmatis
1789 3136 2114 3181 assertorem
2165 3124 2374 3188 videri,

805 3233 1091 3297 propterea
1132 3223 1279 3292 quod
1320 3221 1377 3274 in
1406 3220 1567 3274 libris
1612 3217 1728 3273 suis
1761 3217 1957 3271 crebro
1985 3215 2168 3270 dicere
2215 3213 2374 3277 solet,

2477 2128 2534 2182 δὲ
2559 2129 2586 2180 6
2615 2127 2869 2198 βασιλεὺς
2897 2129 2978 2190 είς
3000 2127 3255 2198 όμόνοιαν
3286 2125 3550 2192 ἐλαύνων,
3579 2129 3658 2191 είς
3689 2127 3779 2180 ὅτε
3805 2125 4052 2198 ὁμογνώ-

2481 2236 2646 2290 μονας
2675 2219 2770 2276 καὶ
2794 2219 3084 2292 ὁμοδόξους
3115 2219 3314 2282 αὐτοὺς
3347 2217 3440 2272 ἐπὶ
3465 2220 3576 2282 τοῖς
3605 2216 4053 2289 ἀμφισϐητουμέ-

2477 2327 2589 2374 νοις
2627 2310 2799 2364 amat
2842 2309 2904 2364 τὸ
2939 2311 3026 2364 ἐπ’
3055 2309 3206 2381 αὐτῷ
3249 2309 3620 2379 κατέστησενο
3666 2309 3742 2374 ὼς
3769 2308 4052 2380 ὁμόφωνον

2478 2400 2746 2472 κρατῆσαι
2772 2399 2872 2472 τὴν
2901 2401 2961 2453 ὲν
2985 2399 3189 2472 Νικαίᾳ
3214 2399 3416 2453 πίστιν.
3463 2400 3528 2453 Ei
3559 2398 3739 2453 τοίνυν
3794 2398 4051 2462 Εὐσέϐιος

2476 2494 2574 2556 τῆς
2597 2493 2774 2545 ἐκεῖσε
2805 2490 3024 2544 συνόδου
3048 2492 3270 2562 μνήμην
3297 2491 3643 2562 ποιούμενος,
3675 2489 3931 2544 λελύσθαι
3954 2491 4052 2560 μὲν

2476 2585 2542 2636 τὰ
2578 2583 2700 2636 τότε
2731 2582 3223 2654 ἀμφισϐητούμενα
3255 2583 3426 2653 λέγει,
3476 2584 3685 2646 πάντας
3712 2583 3771 2636 δὲ
3813 2583 4054 2652 ὁμοφρο-

2477 2676 2637 2744 νῆσαι
2669 2673 2764 2727 κα)⁵
2794 2672 3141 2744 ὁμοῶξῆσαι,
3176 2673 3298 2738 πῶς
3327 2673 3659 2746 ἀρειανίζειν
3708 2674 3872 2728 αὐτόν
3905 2690 4053 2736 τινες

2479 2763 2987 2835 ὑπολαμϐάνουσιν;
3013 2765 3328 2819 Πλανῶνται
3364 2765 3421 2818 δὲ
3451 2765 3545 2819 καὶ
3588 2766 3876 2836 Ἀρειανοὶ,
3922 2780 4053 2836 φρο-

2476 2859 2589 2912 νεῖν
2612 2856 2776 2911 αὑτὸν
2799 2856 3114 2927 νομίζοντες
3142 2856 3211 2910 τὰ
3238 2856 3439 2912 αὐτῶν.
3458 2855 3602 2910 Ἀλλ’
3629 2858 3747 2928 ἐρεῖ
3764 2874 3865 2921 τις,
3889 2855 3963 2918 ὼς
3994 2855 4053 2909 έν

2476 2950 2589 3012 τοῖς
2632 2947 2814 3016 λόγοις
2843 2947 3010 3001 αὑτοῦ
3040 2948 3371 3020 ἀρειανίζειν
3405 2949 3573 3015 δοκεῖ,
3596 2948 3675 3019 τῷ
3696 2949 3935 3019 συνεχῶς
3960 2945 4042 3000 λέο

2477 3055 2617 3108 γειν,
2643 3037 2731 3092 διὰ
2759 3037 3139 3109 Χριστοῦ(49).
3163 3038 3306 3110 Πρὸς
3320 3039 3379 3092 ὃν
3393 3037 3858 3110 ἀποκρινούμεθα,
3884 3039 3966 3092 ὅτι
3983 3037 4051 3107 τῇ

2477 3128 2619 3193 λέξει
2631 3127 2804 3202 ταύτῃ
2821 3127 3081 3192 πολλάκις
3098 3129 3193 3183 καὶ
3207 3129 3256 3182 oi
3275 3129 3376 3198 τῆς
3389 3129 3717 3200 Ἐκκλησίας
3731 3131 4050 3200 ἐχρήσαντο,

2479 3219 2572 3272 καὶ
2603 3221 2723 3282 ταῖς
2753 3219 2939 3282 ἄλλαις
2958 3222 3080 3282 ταῖς
3111 3219 3444 3290 μηνυούσαις
3481 3219 3580 3290 τὴν
3607 3220 3919 3290 οἰκονομίαν
3950 3222 4054 3286 τῆς

805 3337 903 3391 per
926 3320 1226 3375 Christum.
1272 3314 1432 3384 106
1469 3311 1570 3368 Cui
1599 3326 1702 3366 nos
1746 3309 1800 3364 id
1842 3307 2272 3379 respondemus,
2320 3314 2377 3360 et
2408 3377 2445 3391 Α
2479 3308 2591 3378 ave,

2264 3347 2272 3371 ,
2320 3314 2377 3360 et
2408 3377 2445 3391 Α
2479 3308 2896 3379 ἁνθρωπότητος
2950 3309 3047 3362 τοῦ
3111 3309 3367 3380 Σωτῆρος
3419 3307 3599 3379 ἡμῶν.
3657 3310 3770 3364 Καὶ
3823 3312 3930 3380 πρό
3987 3329 4050 3381 γε

803 3377 907 3468 hac
952 3408 1209 3480 loquendi
1247 3377 1478 3470 ratione,
1503 3411 1558 3459 et
1599 3403 1721 3457 aliis
1763 3377 2076 3470 hujusmodi
2115 3413 2236 3468 quae
2260 3397 2378 3451 dis~
2404 3377 2446 3432 (ἶ
2478 3400 2589 3454 ἁ,πά

2266 3397 2378 3451 dis~
2404 3377 2446 3432 (ἶ
2478 3400 2733 3454 ἁπάντων
2764 3399 2991 3466 τούτων,
3033 3400 3062 3452 6
3107 3400 3431 3463 Ἀπόστολος
3467 3403 3590 3464 ταῖς
3619 3400 3798 3466 λέξεσι
3826 3401 4052 3468 ταύταις

803 3502 1179 3574 pensationem
1231 3493 1589 3550 humanitatis
1631 3492 1760 3546 Jesu
1806 3489 2011 3545 Christi
2060 3488 2371 3556 designant,
2481 3491 2589 3562 ἐχρτ

2264 3495 2371 3550 ant,
2481 3491 2754 3562 ἐχρήσατο
2770 3508 2784 3524 ·
2813 3492 2909 3546 καὶ
2923 3492 3046 3546 οὐδὲ
3063 3491 3284 3546 πώποτε
3300 3492 3374 3556 ὡς
3393 3492 3714 3559 κακοδοξίας
3736 3494 4050 3559 διδάσκαλος

803 3591 1203 3649 ecclesiasticos
1229 3586 1522 3654 scriptores
1540 3582 1619 3636 uti
1643 3580 2012 3642 consuevisse,
2036 3585 2092 3632 et
2111 3585 2238 3631 ante
2275 3576 2374 3630 hos
2480 3583 2589 3652 ενοι

2275 3576 2374 3630 hos
2480 3581 2760 3652 ἐνομίσθη.
2795 3581 2919 3636 Ἔτι
2947 3583 3054 3655 μὴν
3086 3584 3180 3636 καὶ
3217 3584 3429 3654 Ἀρείου
3459 3584 3664 3654 κτίσμα
3685 3585 3779 3638 τὸν
3811 3586 3943 3639 Υίὸν
3974 3587 4052 3651 ὡς

803 3700 996 3741 omnes
1042 3680 1272 3736 Paulum
1323 3675 1629 3747 apostolum
1690 3672 1883 3726 iisdem
1934 3670 2164 3725 vocibus
2211 3682 2372 3722 usum
2479 3672 2589 3726 ἓν·

2265 3682 2372 3722 illm
2479 3672 2540 3726 ἓν
2579 3673 2690 3728 τῶν
2736 3675 2913 3729 ἄλλων
2956 3674 3326 3746 τολμήσαντος
3361 3677 3555 3740 εἰπεῖν,
3606 3676 3908 3731 ἐπάκουσον
3962 3673 4051 3731 οἷα

804 3778 996 3840 fuisse,
1023 3775 1118 3842 qui
1146 3779 1327 3825 tamen
1353 3765 1600 3839 perversi
1638 3763 1910 3834 dogmatis
1942 3762 2202 3832 magister
2239 3776 2379 3814 nun—

804 3881 969 3938 quam
1011 3871 1096 3918 cst
1125 3862 1487 3916 existimatus.
1515 3858 1786 3913 Caeterum
1825 3869 1950 3909 cum
1981 3853 2148 3907 Arius
2178 3851 2378 3906 Filium

804 3958 901 4013 Dei
933 3962 1240 4010 creaturam
1271 3951 1497 4022 perinde
1527 3966 1591 4004 ac
1615 3956 1813 4002 caetera
1843 3959 1965 4015 qum
2001 3959 2032 3998 a
2061 3944 2174 3998 Deo
2195 3953 2379 3999 creata

806 4057 953 4113 sunt,
982 4061 1148 4102 ausus
1191 4044 1264 4098 sit
1295 4043 1500 4106 dicere,
1542 4039 1691 4101 audi,
1725 4039 1770 4093 si
1803 4039 2002 4107 placet,
2034 4051 2280 4105 quaenam
2311 4037 2380 4091 de

805 4139 909 4192 hac
929 4152 988 4190 re
1019 4133 1186 4189 fuerit
1208 4131 1432 4187 Eusebii
1464 4127 1756 4190 sententia,
1790 4126 1846 4180 in
1870 4125 2016 4179 libro
2044 4124 2224 4194 primo
2245 4139 2378 4178 con-

806 4235 889 4282 tra
921 4225 1256 4280 Marcellum.
1282 4221 1627 4292 Unigenitus,
1657 4218 1858 4288 inquit,
1885 4216 1982 4271 Dei
2008 4216 2201 4280 Filius,
2232 4218 2381 4271 solus

805 4315 1004 4384 ipse,et
1027 4327 1137 4366 non
1166 4310 1305 4364 alius
1329 4317 1386 4363 et
1417 4307 1744 4378 pmdicatur
1768 4313 1824 4358 et
1860 4311 1962 4357 est.
1994 4303 2148 4358 Unde
2180 4305 2380 4358 merito

805 4403 929 4474 quis
952 4399 1366 4472 reprehenderit
1392 4413 1507 4461 eos,
1542 4395 1635 4467 qui
1666 4403 1970 4450 creaturam
2005 4392 2159 4447 illum
2195 4393 2379 4448 dicere

806 4505 914 4544 non
941 4488 1283 4552 dubitarunt,
1307 4502 1373 4540 ex
1396 4485 1569 4539 nihilo
1600 4482 1880 4538 conditum
1907 4479 2136 4550 perinde
2161 4493 2225 4533 ac
2248 4480 2376 4532 reli-

2483 3765 2742 3830 Εὐσέϐιος
2774 3767 2906 3838 περὶ
2937 3766 3128 3820 τούτου
3155 3767 3214 3820 ὲν
3243 3765 3319 3836 τῷ
3358 3765 3561 3838 πρώτῳ
3597 3766 3784 3840 βιϐλίῳ
3813 3768 3890 3840 τῷ
3913 3769 4052 3839 πρὸς

2475 3856 2799 3928 Μάρκελλον
2827 3857 2972 3910 κατὰ
2997 3857 3144 3922 λέξιν
3177 3858 3363 3929 φησίν.
3401 3857 3461 3910 '0
3489 3858 3782 3928 μονογενὴς
3807 3859 3936 3923 Υἱὸς
3957 3862 4049 3914 τοῦ

2475 3945 2611 4000 Θεοῦ
2668 3946 2829 4016 μόνος
2859 3947 3043 4012 αὐτὸς,
3074 3948 3170 4001 καὶ
3215 3947 3338 4000 οὐδὲ
3382 3948 3542 4012 ἄλλος
3593 3949 3957 4021 ἀνηγόρευται
3989 3969 4051 4006 τι

2477 4038 2571 4091 καὶ
2598 4038 2768 4092 ἔστιν.
2789 4039 2951 4093 Ὅθεν
2967 4039 3194 4104 εἰκότως
3209 4040 3276 4094 ἄν
3293 4058 3380 4104 τις
3412 4041 3687 4112 μέμψαιτο
3713 4046 3825 4106 τοῖς
3845 4042 4051 4114 κτίσμα

2477 4132 2639 4184 αὐτὸν
2661 4131 2826 4200 φάναι
2855 4133 3271 4204 τετολμηκόσιν,
3302 4133 3362 4199 ἐξ
3391 4137 3492 4188 οὐκ
3519 4135 3688 4190 όντων
3721 4136 3906 4208 ὅμοιον
3937 4140 4050 4201 τοῖς

2477 4223 2683 4285 λοιποῖς
2715 4223 2982 4294 κτίσμασι
3019 4227 3332 4295 γενόμενον.
3364 4225 3475 4279 Καὶ
3499 4225 3618 4289 πῶς
3639 4226 3748 4298 γὰρ
3778 4227 3858 4282 ἔτι
3897 4227 4050 4280 ἔσται

2477 4311 2638 4375 Υἱὸς,
2676 4313 2791 4377 πῶς
2818 4314 2876 4367 δὲ
2904 4316 3200 4386 μονογενὴς
3229 4316 3324 4369 τοῦ
3362 4317 3520 4385 Θεοῦ,
3557 4320 3585 4372 6
3612 4317 3710 4390 τὴν
3740 4317 3909 4390 αὐτὴν
3937 4321 4049 4382 τοῖς

2476 4403 2684 4466 λοιποῖς
2712 4403 3004 4476 κτίσμασιν
3033 4407 3473 4479 ἐπιγραφόμενος
3495 4409 3676 4479 φύσιν,
3696 4411 3805 4463 τῶν
3833 4428 3893 4464 τε
3922 4411 4049 4464 πολ·-

2478 4492 2586 4546 λῶν
2611 4496 2885 4565 γεννητῶν
2909 4496 3062 4552 ἔσται
3103 4493 3186 4563 εἷς
3215 4499 3349 4568 (50),
3390 4500 3487 4554 ἆτε
3523 4501 3623 4572 τῆς
3663 4501 3723 4570 ἐξ
3754 4503 3854 4558 οὐκ
3881 4503 4046 4557 όντων

1997 4711 2266 4770 V’ALESII
2297 4714 2844 4772 ANNOTATIONES.

804 4874 1407 4951 ConstantinOpolitana
1457 4875 2023 4951 synodo_Mar_cellum
2057 4878 2364 4951 damnave-
2401 4885 2441 4938 D
2471 4890 2520 4934 et
2555 4899 2691 4936 nunc
2721 4889 2770 4934 et
2803 4897 3010 4950 semper
3051 4889 3100 4933 et
3135 4898 3226 4951 per
3260 4885 3438 4938 omnia
3471 4885 3668 4940 saecula
3705 4883 4038 4940 saeculorum.

806 4957 952 5011 rant,
1007 4946 1289 5013 scripsisse
1322 4962 1380 5000 se
1413 4954 1647 5000 testatur
1677 4946 1950 5000 Eusebius
1991 4947 2046 5001 in
2084 4948 2189 5003 fine
2233 4951 2368 5004 libri

805 5017 1031 5073 secundi
1071 5025 1258 5070 contra
1300 5015 1634 5070 Marcellum.
1671 5017 1842 5071 Porro
1898 5024 2082 5071 utrum
2116 5018 2372 5074 Socrates

807 5089 946 5141 duos
972 5087 1092 5140 illos
1130 5087 1341 5154 priores
1382 5093 1572 5139 contra
1604 5086 1917 5139 Marcellum
1945 5085 2117 5142 libros
2149 5089 2369 5154 viderit,

808 5158 1081 5211 incertum
1127 5164 1232 5220 est,
1272 5171 1396 5209 cum
1432 5156 1638 5209 nullam
1676 5170 1867 5209 eorum
1914 5158 2247 5212 mentionem
2291 5160 2375 5214 fa-

807 5229 936 5282 ciat.

880 5297 990 5361 (49)
1032 5291 1115 5369 Τῷ
1155 5295 1428 5369 συνεχῶς
1463 5295 1662 5369 λέγειν
1683 5295 1780 5348 διὰ
1813 5295 2087 5369 Χριστοῦ.
2112 5296 2370 5369 lntelligit

810 5365 1062 5421 Socrates
1097 5367 1418 5433 δοξολογίας,
1458 5382 1579 5434 quae
1625 5367 1879 5434 leguntur
1905 5367 1960 5420 in
2009 5368 2115 5420 line
2156 5365 2368 5423 sermo-

807 5453 938 5492 num
970 5437 1212 5501 Eusebii,
1243 5451 1380 5506 quas
1400 5445 1663 5506 perpetuo
1684 5435 1764 5506 ita
1791 5437 2029 5506 concipit
2057 5437 2326 5493 Eusebius
2352 5457 2366 5492 :

807 5509 988 5566 Gloria
1020 5523 1122 5559 non
1151 5504 1276 5559 nato
1305 5504 1452 5559 Patri
1489 5504 1582 5574 per
1610 5504 1800 5558 Filium
1821 5504 1984 5572 fsuum
2018 5508 2366 5574 unigenitum,

806 5589 912 5634 etc.
938 5579 1120 5645 Atque
1159 5577 1213 5632 id
1254 5576 1560 5646 perspicere
1584 5576 1711 5646 licet
1735 5575 1789 5627 in
1813 5577 2092 5644 opusculis
2120 5578 2364 5640 Eusebii,

807 5664 926 5717 qua:
954 5647 1188 5718 Jacobus
1236 5645 1558 5718 Sirmondus
1590 5645 1643 5697 in
1677 5645 1854 5718 lucem
1885 5646 2084 5718 edidit.
2121 5649 2365 5718 Exempli

807 5712 1000 5789 gratia,
1031 5718 1085 5770 in
1122 5712 1226 5789 fine
1255 5715 1380 5789 libri
1396 5714 1555 5784 primi
1580 5723 1781 5789 _contra
1814 5715 2109 5789 Sabellium
2143 5719 2255 5771 haec
2289 5712 2367 5771 ie-

808 5785 1010 5856 guntur
1038 5785 1204 5842 verba
1231 5804 1243 5838 :
1277 5785 1456 5856 Gloria
1497 5785 1591 5856 uni
1615 5801 1716 5856 non
1745 5794 1870 5837 nato
1910 5785 2039 5856 Περ,
2071 5803 2164 5855 per
2201 5804 2365 5840 unum

809 5853 1133 5929 unigenitum
1157 5856 1325 5911 Deum
1347 5854 1535 5909 Filium
1556 5853 1670 5918 Dei,
1692 5855 1747 5906 in
1790 5870 1894 5908 uno
1928 5853 2127 5926 Spiritu
2160 5867 2363 5919 sancto,

2470 4955 2656 5025 _Amea.
2685 4952 2764 5025 Et
2791 4951 2882 5025 si_c_
2903 4951 2959 5003 in
2983 4953 3214 5025 caeteris.
3253 4953 3320 5025 ln
3349 4969 3602 5010 sermone
3635 4970 3852 5024 quoque
3880 4971 4039 5025 quem

2471 5021 2664 5106 habuit
2685 5021 2957 5106 Eusebius
3090 5021 3433 5106 dedicatione
3470 5021 3717 5106 ecclesiae
3764 5021 3917 5106 Tyri,
3947 5028 4040 5094 qui

2471 5091 2705 5145 refertur
2729 5091 2784 5144 in
2818 5090 2960 5143 libro
2986 5089 3199 5144 decimo
3231 5093 3481 5159 Historiae
3523 5089 3925 5159 ecclesiastica,
3951 5089 4042 5149 éa-

2472 5161 2594 5234 dem
2644 5161 2878 5215 habetur
2912 5160 3276 5234 οιειιευιεικδιξ
3307 5156 3365 5214 οὗ
3392 5164 3541 5234 αύτῷ
3571 5167 3603 5234 ἡ
3632 5164 3776 5230 δόξα,
3805 5156 3920 5218 etc.
3951 5165 4039 5220 Sic

2474 5231 2621 5284 enim
2649 5247 2751 5285 nos
2779 5245 2904 5283 eum
2924 5229 3104 5283 locum
3131 5231 3405 5286 edidimus
3433 5229 3711 5288 extribus
3735 5237 4039 5288 manuscri-

2475 5302 2584 5374 ptis
2620 5301 2922 5374 codicibus.
2955 5299 3126 5355 Porro
3163 5311 3354 5374 notum
3391 5312 3476 5357 est
3514 5305 3744 5374 Arianos
3776 5305 4036 5374 praeposi-

2473 5371 2676 5425 tionem
2699 5371 2868 5434 illam,
2889 5387 2980 5439 per
3005 5387 3178 5440 quem,
3197 5373 3510 5427 attribuisse
3537 5373 3694 5439 Filio,
3721 5371 3793 5429 eo
3807 5371 4038 5429 consilio

2471 5451 2533 5493 ut
2579 5441 2732 5494 illum
2787 5441 2930 5494 Patri
2971 5442 3327 5510 subjicerent.
3374 5444 3509 5498 Vide
3556 5444 3947 5499 Theodoritum
3981 5446 4037 5499 in

2471 5520 2634 5580 caput
2671 5511 2908 5581 primum
2941 5511 3197 5581 Epistolas
3224 5514 3416 5581 primae
3440 5513 3505 5566 ad
3546 5513 3880 5568 Corinthios.

2544 5581 2652 5650 (30)
2674 5580 2816 5634 Τῶν
2847 5598 2909 5634 τε
2939 5580 3187 5634 πολλῶν
3228 5580 3529 5650 γεννητῶν
3564 5584 3734 5638 ἔσται
3751 5581 3857 5648 εἷς.
3897 5584 4036 5639 Ante

2472 5650 2587 5722 haec
2615 5651 2782 5722 verba
2807 5650 3152 5722 desideratur
3184 5651 3390 5721 integra
3430 5653 3592 5715 linea,
3625 5669 3746 5722 quae
3790 5669 3858 5707 ex
3893 5654 4037 5707 libro

2472 5720 2649 5799 primo
2696 5721 2918 5799 Eusebii
2955 5721 3028 5774 De
3059 5720 3427 5799 ecclesiaStica
3463 5720 3771 5799 _Tlieol’ogia
3816 5738 3936 5799 cap.
3977 5725 4032 5786 9,

2475 5791 2547 5862 ita
2583 5791 2885 5862 supplenda
2923 5800 3009 5846 est
3040 5791 3264 5862 ενΤαύτῃ
3307 5791 3782 5862 γὰρῃάδελφὸςᾟν
3827 5791 4034 5846 τούτων

2474 5860 2684 5926 γένοιτο
2716 5861 2936 5931 μᾶλλον,
2969 5861 3089 5930 οὐχὶ
3117 5862 3173 5915 δὲ
3204 5860 3318 5925 υἱὸς
3347 5860 3440 5914 τοῦ
3470 5861 3602 5916 Θεοῦ
3623 5880 3634 5891 '
3668 5864 3777 5918 τῶν
3802 5880 3861 5918 τε
3901 5864 4030 5916 πο)-
