4524 6582
422 476 519 532 '24!
1331 483 1654 542 HISTORIA
1693 489 2246 546 ECCLESIASTICA.
2290 522 2358 530 --
2395 489 2522 545 LIB.
2569 494 2629 546 ll.
3555 498 3661 556 249.

427 591 646 697 (fidem;
694 592 897 697 ὁμοίως
926 594 1124 697 ,αὐτοῖς
1157 601 1442 671 μετασχὼν
1472 605 1795 673 κοινωνίας;
1844 607 1986 661 Ἀλλ’
2015 617 2063 672 Α
2089 623 2213 677 quas

1875 607 1986 697 ψ’
2015 617 2063 672 Α
2089 623 2227 697 quas
2268 617 2569 664 creaturas.
2614 609 2900 675 Quomodo
2941 612 3084 666 enim
3125 612 3269 667 ﬁlius
3299 612 3497 679 fuerit,
3521 631 3661 686 quo-

421 683 516 751 ιύχ
559 681 660 733 ὦδε
707 681 836 752 περὶ
879 681 1046 737 αὑτοῦ
1079 685 1148 738 τὰ
1185 686 1303 740 θεῖα
1343 690 1589 746 παιδεύει
1641 693 1815 762 λόγια.
1856 692 1991 750 Εἶτα
2095 695 2207 750 ιιιοέ

1877 692 1991 750 Εἶτα
2095 695 2258 750 modo
2291 697 2602 767 unigenitus
2625 738 2640 763 ,
2670 698 2716 752 si
2745 698 2990 752 eamdem
3018 715 3141 754 cum
3170 701 3379 755 caeteris
3400 681 3663 758 creaturis

419 773 536 842 μετ’
566 770 726 839 όλίγα
770 773 935 827 πάλιν
984 775 1261 848 ἐπιφέρειο
1301 779 1360 832 ’0
1409 781 1587 836 τοίνυν
1628 784 1885 856 γεννητὸν
1932 783 1993 850 ἐξ
2094 790 2205 837 natl

1873 805 1885 836 ρ
1932 783 1993 850 ἐξ
2094 790 2347 837 naturam
2370 785 2598 839 sortitus
2625 795 2728 850 est,
2754 801 3004 856 unusque
3031 794 3116 840 est
3149 801 3181 840 e
3212 801 3442 841 numero
3478 803 3659 841 rerum

415 865 516 918 οὐκ
553 865 721 918 ὄντων
754 867 850 920 καὶ
877 867 1084 938 κτίσμα
1112 873 1527 943 προηγούμενον
1569 877 1635 930 ὲκ
1665 876 1761 929 τοῦ
1793 878 1868 950 μὴ
1905 878 1993 932 ὃν·
2092 885 2201 924 01⁵81

1905 878 1993 932 εν-
2092 879 2425 936 creatarum,
2459 878 2649 942 utpote
2691 873 2784 942 qui
2828 889 2937 927 una
2977 888 3104 927 cum
3152 873 3259 927 illis
3297 881 3453 928 ortus
3493 875 3564 929 sit
3595 891 3660 929 ex

414 973 508 1019 τος
554 956 667 1026 (51)
707 957 799 1010 τὸν
842 958 970 1012 Υίὸν
1003 961 1336 1032 ὁριζόμενος,
1371 964 1566 1036 λέληθε
1601 966 1841 1038 τοῦνομα
1894 970 1991 1040 μὲν
2091 958 2200 1012 “illi

1894 970 1991 1040 μὲν
2091 958 2308 1013 nihilo?
2331 959 2534 1014 Verum
2564 961 2749 1015 divina
2785 961 3005 1015 oracula
3039 975 3148 1014 non
3179 961 3250 1014 ita
3288 962 3355 1015 de
3388 962 3479 1017 illo
3519 978 3658 1031 pra:-

415 1046 566 1116 αύτῷ
608 1049 768 1118 μόνον
807 1050 1185 1121 χαριζόμενος,
1222 1053 1285 1106 τὺ
1310 1053 1368 1106 δὲ
1414 1055 1650 1126 ἀληθῶς,
1685 1058 1814 1122 Υἱὸς
1849 1055 1991 1112 εῖναι
2030 1110 2060 1129 I
2091 1046 2201 1101 dies

1873 1055 1991 1112 In;
2030 1110 2060 1129 χ
2091 1046 2296 1101 dicant.
2324 1047 2530 1101 Deinde
2546 1047 2733 1117 paucis
2763 1047 3192 1118 interjcctislimc
3217 1048 3468 1118 subjicit:
3498 1048 3659 1115 Quis-

415 1135 768 1206 ἀρνούμενος.
811 1139 868 1191 Ὁ
893 1138 1001 1211 γὰρ
1023 1140 1081 1207 ἐξ
1114 1141 1214 1193 οὐκ
1236 1141 1406 1195 ὄντων
1432 1143 1694 1211 γεγονὼς,
1728 1146 1828 1198 οὐκ
1861 1145 1993 1215 ἀλη-
2090 1137 2201 1206 quis

1874 1145 1993 1215 ὶλη-
2090 1137 2216 1206 quis
2261 1137 2428 1208 igitur
2455 1139 2652 1192 Filium
2685 1137 2779 1191 Dei
2807 1153 2874 1190 ex
2905 1138 3077 1191 nihilo
3109 1137 3334 1202 factum,
3364 1146 3420 1192 et
3443 1147 3660 1192 creatu-

415 1225 526 1290 θῶς
561 1228 760 1296 γένοιτ’
792 1228 860 1282 ἂν
891 1230 1020 1293 Υἱὸς
1048 1230 1140 1283 τοῦ
1171 1231 1330 1298 Θεοῦ,
1363 1233 1444 1286 ὅτι
1473 1235 1610 1304 μηδὲ
1643 1235 1775 1289 ἄλλο
1803 1254 1856 1288 τι
1882 1237 1990 1292 τῶν
2092 1242 2201 1281 fam

1882 1237 1990 1292 τῶν
2092 1242 2208 1281 ram
2235 1243 2267 1282 e
2301 1242 2413 1282 non
2452 1236 2701 1283 exstante
2724 1228 3046 1297 productam
3078 1243 3197 1282 csse
3231 1228 3448 1290 asserit,
3474 1228 3520 1282 is
3553 1243 3661 1282 non

412 1318 710 1388 γεννητῶν.
758 1319 897 1372 Ἀλλ’
930 1321 1149 1390 ἀληθῶς
1182 1322 1309 1386 Υἱὸς
1336 1322 1430 1376 τοῦ
1474 1325 1611 1378 Θεοῦ
1640 1327 1672 1378 ὁ
1699 1325 1759 1392 ἐξ
1799 1327 1988 1389 αὐτοῦ,
2089 1319 2198 1373 alii!

1871 1327 1988 1389 τοῦ,
2089 1318 2496 1384 animadvertit,
2521 1335 2580 1375 se
2620 1320 2829 1376 nudum
2853 1319 3074 1388 quidem
3102 1335 3300 1375 nomen
3327 1317 3421 1372 lilii
3446 1319 3497 1374 ei
3527 1332 3657 1372 con-

415 1407 492 1470 ὼς
522 1408 616 1461 an
646 1411 711 1462 ὲκ
739 1411 954 1482 Πατρὸς
983 1413 1326 1483 ἀποτεχθεὶς,
1353 1415 1579 1477 εἰκότως
1606 1416 1673 1469 ἂν
1697 1417 1792 1469 καὶ
1834 1433 1990 1485 μονο-
2089 1408 2201 1461 ϐεδε

1875 1434 1990 1470 ονο.
2089 1408 2309 1474 cedere,
2349 1424 2542 1464 revera
2589 1417 2770 1464 tamen
2811 1425 2938 1463 eum
2983 1409 3154 1462 (ilium
3198 1424 3519 1478 pernegare.
3557 1408 3661 1474 Qui

413 1496 581 1567 γενὴς
620 1499 712 1550 καὶ
751 1500 1044 1570 ἀγαπητὸς
1071 1503 1432 1572 χρηματίσειε
1457 1505 1553 1558 τοῦ
1576 1505 1809 1576 Πατρός.
1832 1503 1990 1558 Οὕτω
2088 1498 2199 1552 cui!

1879 1503 1990 1558 ῠτω
2088 1498 2237 1552 enim
2277 1512 2344 1551 ex
2378 1499 2552 1553 nihilo
2591 1499 2764 1552 factus
2796 1505 2902 1561 est,
2926 1511 3054 1550 vere
3087 1496 3256 1550 Filius
3284 1496 3380 1548 Dei
3406 1509 3525 1549 esse
3550 1509 3660 1547 non

412 1586 492 1653 δὲ,
525 1589 619 1641 καὶ⁵
645 1589 779 1654 Θεὸς
803 1591 869 1643 ἂν
896 1593 1000 1663 είη.
1027 1593 1091 1644 Τί
1129 1593 1328 1662 γὰρᾶν
1360 1595 1454 1648 καὶ
1485 1596 1619 1649 Θεοῦ
1651 1597 1916 1666 γέννημα,
1949 1596 1982 1666 ἢ
2087 1595 2198 1658 ροιε

1872 1596 1982 1666 ι,ῆ
2087 1595 2288 1658 potest,
2329 1588 2472 1644 sicut
2525 1605 2628 1644 nec
2668 1587 2887 1658 quidvis
2939 1587 3085 1640 aliud
3133 1586 3278 1655 quod
3324 1586 3526 1639 factum
3569 1585 3658 1637 sit.

412 1679 476 1731 τὸ
502 1680 580 1750 τῷ
617 1683 966 1754 γεγεννηκότι
1010 1686 1476 1757 ἀφωμοιωμένον;
1510 1686 1700 1750 Κτίζει
1758 1687 1857 1758 μὲν
1892 1683 1984 1740 οὖν
2086 1680 2194 1734 Ver

1892 1683 1984 1740 οὖν
2086 1680 2262 1734 Verus
2292 1688 2475 1735 autem
2505 1679 2676 1734 Filius
2704 1680 2820 1744 Dei,
2847 1687 3035 1747 utpote
3065 1677 3158 1746 qui
3186 1693 3252 1731 ex
3284 1675 3376 1747 illo
3401 1683 3659 1743 tanquam

416 1771 668 1841 βασιλεὺς
699 1773 872 1838 πόλιν,
895 1775 1010 1828 ἀλλ’
1043 1777 1102 1827 οὐ
1132 1778 1300 1847 γεννᾷ
1324 1777 1512 1831 πόλινο
1541 1779 1738 1848 γεννᾷν
1767 1777 1825 1831 δὲ
1845 1777 1980 1842 υίὺν,
2083 1786 2152 1826 ex
2177 1771 2202 1826 Ι

1869 1777 1980 1842 ιίὺν,
2083 1786 2152 1826 ex
2177 1771 2337 1826 Patre
2386 1770 2606 1840 genitus
2644 1777 2748 1834 est,
2784 1769 3097 1838 unigenitus
3132 1776 3188 1822 et
3224 1768 3455 1821 dilectus
3478 1766 3655 1820 Patris

415 1863 529 1916 ἀλλ’
556 1865 618 1915 ού
657 1865 860 1928 κτίζειν
902 1866 1141 1935 λέγεται.
1179 1868 1289 1920 Καὶ
1338 1868 1585 1939 τεχνίτης
1628 1869 1976 1940 δημιουργὸς,
2085 1877 2201 1916 mer

1863 1869 1976 1938 γὸς,
2085 1861 2282 1916 merito
2307 1860 2529 1914 dicitur.
2556 1858 2636 1913 Ob
2660 1874 2779 1913 eam
2804 1858 2968 1912 etiam
3002 1872 3220 1911 causam
3246 1857 3390 1910 Deus
3412 1856 3525 1923 ipse
3547 1863 3649 1907 est.

415 1952 530 2006 ἀλλ’
559 1954 618 2005 ού
639 1955 817 2026 πατὴρ
849 1956 1046 2024 γένοιτ’
1076 1956 1140 2010 ἂν
1163 1959 1257 2010 τοῦ
1277 1958 1414 2030 πρὸς
1437 1961 1601 2012 αὐτοῦ
1626 1959 1985 2031 δημιουργου-
2017 1966 2060 2022 Β
2087 1957 2201 2023 ρυὶε

1873 1978 1985 2027 (ου-
2017 1966 2060 2022 Β
2087 1957 2221 2023 Quis
2243 1956 2388 2010 enim
2415 1955 2557 2008 alius
2583 1954 2678 2007 Dei
2709 1954 2853 2006 fetus
2873 1968 2991 2006 esse
3025 1950 3218 2021 possit,
3246 1965 3406 2017 quam
3438 1948 3515 2000 illi
3555 1947 3659 2016 ips-

420 2045 603 2114 μένου.
639 2047 745 2101 Τοῦ
777 2048 836 2101 δὲ
868 2048 929 2114 ἐξ
948 2049 1112 2103 αὑτοῦ
1141 2049 1336 2118 φύντος
1355 2050 1492 2115 υἱοῦ,
1516 2052 1616 2104 οὐκ
1643 2052 1710 2105 ἂν
1730 2052 1988 2124 δημιουρ-
2095 2064 2191 2117 per

1873 2069 1988 2124 aup-
2095 2064 2191 2117 per
2212 2046 2392 2101 omnia
2422 2045 2772 2098 simillimus?
2796 2042 2993 2098 Condit
3018 2041 3238 2110 quidem
3272 2039 3462 2093 urbem
3489 2038 3659 2106 impe-

417 2135 510 2200 γὸς
563 2137 802 2210 λεχθείη.
839 2140 951 2192 Καὶ
986 2139 1049 2210 δὴ
1081 2142 1176 2194 καὶ
1203 2142 1233 2195 ό
1268 2141 1376 2194 τῶν
1407 2140 1545 2194 ὅλων
1580 2141 1732 2203 Θεὸς,
1760 2141 1856 2193 τοῦ
1888 2142 1988 2213 μὲν

419 2225 550 2279 Υίοῦ
584 2229 798 2300 Πατὴρ.
825 2228 920 2283 τοῦ
943 2230 1000 2283 δὲ
1029 2231 1234 2301 κόσμου
1263 2231 1489 2302 κτίστης
1529 2231 1596 2285 ἂν
1626 2231 1850 2294 εἰκότως
1893 2232 1989 2284 καὶ

419 2319 649 2390 ποιητὴς
676 2320 908 2388 λέγοιτο.
943 2322 1007 2375 Et
1028 2322 1084 2375 δὲ
1106 2323 1252 2389 ἅπαξ
1270 2340 1374 2376 που
1394 2324 1494 2394 τῆς
1513 2323 1734 2394 Γραφῆς
1748 2323 1990 2394 εὑρίσκοι

419 2425 504 2472 τις
540 2411 830 2480 εἰρημένον
860 2411 940 2474 τὸ,
996 2415 1212 2481 Κύριος
1255 2413 1464 2467 ἔκτισέ
1490 2432 1567 2481 με
1615 2413 1812 2482 ἀρχὴν
1836 2411 1994 2466 ὁδῶν

417 2501 623 2564 αὑτοῦ,
656 2503 742 2567 είς
766 2503 908 2571 ἔργα
941 2504 1146 2567 αὐτοῦ,
1167 2505 1258 2559 τὸν
1277 2504 1401 2558 νοῦν
1429 2506 1748 2558 ἐπισκοπεῖν
1771 2505 1876 2576 χρὴ
1899 2503 1992 2557 τοῦ

2094 2138 2382 2202 rator,sed
2423 2152 2542 2191 eam
2587 2152 2697 2190 non
2739 2135 2912 2206 gignit
2953 2152 2966 2186 :
3002 2133 3170 2187 lilium
3221 2139 3403 2186 autem
3439 2129 3660 2200 gignere

2094 2230 2314 2294 dicitur,
2349 2245 2459 2282 non
2502 2227 2758 2281 condere.
2799 2224 3007 2279 Artifex
3045 2232 3227 2277 autem
3268 2221 3421 2274 faber
3456 2219 3660 2274 dicitur

2093 2321 2212 2390 ejus
2236 2319 2383 2388 quod
2425 2318 2722 2372 fabricatus
2757 2325 2862 2380 est,
2887 2330 2998 2369 non
3032 2327 3208 2384 pater.
3234 2312 3356 2368 Filii
3399 2326 3531 2365 vero
3573 2309 3659 2363 sui

2095 2425 2443 2479 nequaquam
2464 2409 2616 2463 faber
2635 2408 2856 2462 dicitur.
2882 2407 2961 2460 lla
2984 2420 3202 2476 quoque
3226 2416 3470 2457 summus
3497 2399 3659 2469 hujus

2093 2503 2332 2557 universi
2378 2503 2542 2566 Deus,
2571 2501 2691 2554 Filii
2716 2499 2936 2569 quidem
2967 2499 3051 2553 sui
3092 2499 3272 2559 Pater,
3307 2491 3495 2547 mundi
3527 2505 3660 2544 vero

417 2589 601 2658 λόγου,
634 2593 696 2645 δν
720 2593 917 2663 μικρὸν
949 2593 1176 2665 ὕστερον
1207 2596 1535 2667 ἐκθήσομαι,
1569 2595 1704 2649 ἀλλὰ
1738 2596 1814 2666 μὴ
1850 2595 1992 2648 κατὰ
2087 2595 2203 2649 fabe

1873 2595 1992 2648 ιατὰ
2087 2595 2241 2649 faber
2266 2601 2323 2647 et
2353 2592 2607 2648 conditor
2648 2591 2846 2646 merito
2891 2589 3112 2643 dicitur.
3157 2585 3312 2651 Quod
3338 2585 3381 2636 si
3407 2582 3574 2636 semel
3603 2580 3659 2633 in

415 2680 736 2751 Μάρκελλον
773 2683 837 2734 ὲκ
864 2686 992 2754 μιᾶς
1026 2683 1243 2748 λέξεως,
1278 2685 1340 2738 τὸ
1365 2685 1702 2740 κυοιώτατον
1728 2689 1826 2757 τῆς
1870 2687 1989 2739 Ἐκ·

415 2771 647 2842 κλησίας
676 2776 1078 2847 παρασαλεύειν
1110 2778 1306 2847 δόγμα.

2088 2687 2386 2755 Scripturis
2437 2685 2747 2738 inveniatur
2788 2682 3016 2744 dictum,
3057 2679 3310 2732 Dominus
3343 2674 3534 2728 creavit
3575 2685 3658 2723 me

2085 2780 2296 2833 initium
2339 2779 2547 2831 viarum
2599 2789 2818 2828 suarum
2856 2773 2926 2825 ad
2965 2788 3123 2842 opera
3180 2785 3279 2822 sua
3319 2767 3386 2831 ³¹;
3436 2778 3657 2818 sensum

415 2863 709 2918 verborum
736 2865 1005 2935 inspicere
1029 2867 1314 2935 debemus,
1344 2884 1508 2938 quem
1537 2869 1700 2939 paulo
1725 2877 1850 2938 post
1885 2886 2180 2940 exponam,
2226 2854 2346 2934 nec,
2413 2875 2474 2923 ut
2526 2867 2812 2922 Marcellus
2834 2865 2983 2927 facit,
3048 2863 3118 2916 ob
3151 2862 3373 2915 unicum
3410 2854 3655 2910 testimo-

413 2959 589 3024 nium,
612 2961 950 3031 praecipuum
982 2963 1241 3018 Ecclesia:
1268 2963 1464 3034 dogma
1485 2964 1815 3019 convellere.

485 3053 722 3107 Τοιαῦτα
754 3057 850 3124 μὲν
876 3057 972 3109 καὶ
998 3056 1159 3125 ἕτερα.
1195 3057 1415 3112 πλείονα
1440 3059 1468 3109 ό
1496 3059 1786 3128 Παμφίλου
1814 3060 1984 3112 Εὐσέ-

415 3143 532 3208 ϐιος
555 3144 612 3197 ὲν
648 3144 726 3216 τῷ
751 3145 953 3218 πρώτῳ
981 3147 1122 3218 λόγῳ
1152 3150 1230 3219 τῷ
1260 3149 1397 3218 πρὸς
1436 3151 1756 3220 Μάρκελλόν
1799 3168 1984 3221 φησιν.

417 3234 528 3288 Καὶ
556 3235 617 3287 ὲν
633 3236 801 3308 τρίτῳ
827 3238 924 3291 δὲὸ
947 3238 1131 3307 αὐτὸς,
1149 3240 1413 3294 διδάσκων
1431 3241 1546 3302 πῶς
1557 3243 1639 3293 δεῖ
1655 3243 1715 3294 τὸ
1741 3243 1983 3307 κτίσμα,

2156 3061 2281 3115 Haec
2317 3067 2375 3112 et
2414 3059 2518 3112 alia
2546 3056 2779 3127 plurima
2815 3054 2884 3107 ab
2922 3051 3160 3106 Eusebio
3202 3045 3469 3116 Pamphili
3510 3042 3656 3096 dicta

2081 3155 2212 3201 sunt
2245 3148 2300 3200 in
2339 3146 2482 3200 libro
2523 3144 2789 3198 adversus
2813 3139 3146 3195 Marcellum.
3184 3136 3244 3190 In
3275 3133 3437 3188 tertio
3473 3138 3656 3183 autem

2079 3231 2326 3302 ejusdem
2355 3232 2536 3301 operis
2573 3229 2736 3293 libro,
2764 3228 2968 3282 docens
2992 3224 3267 3296 quomodo
3304 3213 3656 3287 intelligenda

413 3326 514 3398 την
545 3326 691 3392 λέξιν
733 3329 1072 3399 ἐκδέχεσθαι,
1118 3331 1294 3384 τοιάδε
1327 3336 1492 3400 φησίν
1519 3347 1540 3363 ⁸
1563 3332 1779 3384 Τούτων
1808 3331 1987 3384 τοίνυν
2075 3326 2150 3378 sit
2182 3326 2199 3391 ]

1874 3331 1987 3384 ίνυν
2075 3326 2150 3378 sit
2182 3325 2334 3394 107
2360 3325 2476 3378 haec
2495 3337 2601 3376 vox
2628 3319 2851 3390 κτίσμα,
2878 3319 2952 3373 ita
2984 3316 3227 3385 loquitur
3254 3332 3266 3366 :
3300 3312 3398 3365 His
3422 3311 3496 3364 ita
3526 3322 3655 3361 con-

414 3410 520 3471 ὧδέ
551 3435 631 3488 πη
660 3421 1182 3491 κατεσκευασμένων
1219 3421 1355 3490 (59.),
1385 3424 1673 3475 ἀκόλουθόν
1699 3427 1812 3477 ἐστι
1852 3424 1988 3492 μετὰ
2079 3417 2200 3468 SHW

1870 3424 1988 3477 ιετὰ
2079 3416 2308 3480 stitutis,
2337 3428 2679 3483 consequens
2695 3418 2801 3475 est,
2827 3418 2910 3474 ut,
2932 3403 3393 3479 quemadmodum
3421 3401 3512 3454 illa
3535 3413 3656 3468 quae

414 3507 524 3560 τῶν
549 3509 986 3579 προεκτεθέντων
1007 3510 1282 3575 ἁπάντων,
1315 3514 1409 3564 καὶ
1424 3514 1505 3578 τὸ,
1537 3515 1751 3582 Κύριος
1783 3513 1988 3566 ἔκτισέ
2080 3524 2200 3578 print

1869 3513 1988 3566 ιισέ
2080 3514 2498 3578 przecesserunt,
2523 3506 2602 3560 sic
2625 3505 2788 3559 etiam
2814 3503 2928 3557 hmo
2960 3500 3125 3555 verba
3153 3516 3165 3551 :
3190 3497 3443 3551 Dominus
3475 3492 3655 3546 condi-

413 3616 486 3667 με
521 3599 722 3668 ἀρχὴν
753 3600 912 3656 ὁδῶν
948 3602 1134 3656 αὐτοῦ
1174 3603 1262 3668 είς
1293 3603 1435 3673 ἔργα
1461 3605 1672 3665 αὐτοῦ.
1715 3604 1983 3675 λελέχθαι.
2016 3586 2057 3642 C
2090 3601 2166 3653 dit
2194 3620 2199 3653 τ

1873 3604 1983 3658 θαι.
2016 3586 2057 3642 C
2090 3601 2166 3653 dit
2194 3616 2275 3653 me
2313 3601 2520 3652 initium
2542 3599 2749 3652 viarum
2772 3610 2991 3648 suarum
3024 3592 3092 3645 ad
3129 3605 3288 3661 opera
3321 3604 3440 3652 sua,
3471 3584 3540 3639 de
3561 3598 3655 3636 ea—

416 3690 480 3742 Εί
507 3689 565 3742 δὲ
599 3691 745 3759 λέγει
776 3691 1023 3745 ἐκτίσθαι
1047 3691 1262 3759 ἑαυτὸν,
1289 3692 1389 3762 οὐχ
1410 3694 1485 3755 ὡς
1516 3695 1580 3747 ὲκ
1597 3692 1703 3745 τοῦ.
1725 3693 1800 3763 μὴ
1833 3693 1984 3758 ὄντος

415 3781 496 3844 είς
523 3781 585 3834 τὸ
609 3776 747 3834 εἶναι
780 3781 1066 3852 παρελθὼν
1096 3782 1267 3836 ταῦτα
1313 3783 1380 3836 ἂν
1405 3785 1568 3846 εἴποι,
1610 3782 1718 3836 οὐδ’
1759 3782 1834 3845 ὡς
1874 3785 1988 3846 τοῖς

421 3870 630 3933 λοιποῖς
661 3871 921 3940 κτίσμασι
950 3870 1043 3924 καὶ
1069 3870 1232 3934 αὐτὸς
1263 3872 1328 3923 ὲκ
1360 3869 1456 3922 τοῦ
1487 3872 1561 3940 μὴ
1599 3870 1751 3932 ὄντος
1787 3870 1986 3938 ὁμοίως

416 3962 676 4031 γεγονὼς,
711 3962 740 4016 ὃ
770 3980 912 4027 τινες
957 3963 1058 4016 οὐκ
1088 3962 1261 4034 ὀρθῶς
1296 3962 1679 4031 ὑπειλήφασιν.
1723 3961 1863 4015 Ἀλλ’
1910 3963 1986 4025 ὡς

417 4053 666 4121 ὑφεστὼς
690 4055 786 4124 μὲν
812 4054 907 4108 καὶ
935 4053 1065 4118 ζῶν,
1085 4053 1266 4124 προών
1289 4071 1349 4106 τε
1375 4054 1466 4107 καὶ
1496 4054 1864 4124 προῦπὰρχων
1885 4054 1988 4123 τῆς

418 4146 514 4198 τοῦ
545 4147 750 4210 παντὸς
779 4146 984 4216 κόσμου
1014 4147 1327 4209 συστάσεως
1348 4163 1361 4176 ο
1397 4146 1586 4217 ἄρχειν
1628 4147 1686 4199 δὲ
1715 4148 1822 4200 τῶν
1853 4148 1988 4201 ὅλων

420 4235 525 4289 ὑπὸ
547 4235 642 4289 τοῦ
672 4238 877 4310 Κυρίου
905 4236 997 4290 τοῦ
1023 4237 1216 4290 ἑαυτοῦ
1240 4237 1452 4307 Πατρός
1481 4238 1951 4308 κατατεταγμένος
1971 4257 1984 4269 ο

420 4327 515 4382 τοῦ
549 4330 794 4383 ἔκτισεν
820 4329 1073 4392 ἐνταῦθα,
1103 4328 1224 4382 ἀντὶ
1241 4328 1334 4381 τοῦ
1361 4328 1708 4398 κατέταξενῆ
1734 4329 1985 4400 κατέστη-

423 4435 516 4472 σεν
560 4419 870 4490 εἰρημένου.
908 4419 1214 4491 Διαρῤήδην
1255 4415 1348 4472 οὖν
1396 4420 1522 4483 τοὺς
1574 4421 1635 4472 ὲν-
1684 4420 1989 4490 ἀνθρώποις

421 4511 691 4582 ἄρχοντας
734 4512 829 4566 καὶ
871 4513 1165 4583 ἡγεμόνας,
1206 4513 1381 4566 κτίσιν
1419 4512 1698 4583 ὠνόμασεν
1742 4513 1771 4566 ό
1820 4513 1989 4566 εἰπὼν

420 4602 736 4666 ἀπόστολος,
788 4602 1149 4672 Ὑποτάγητε
1177 4598 1290 4658 οὖν
1314 4603 1482 4671 πάσῃ
1510 4603 1850 4672 ἀνθρωπίνῃ
1870 4605 1990 4657 κτι-

420 4711 516 4750 σει
539 4695 638 4749 διὰ
665 4695 772 4748 τὸν
798 4694 1037 4764 Κύριον,
1069 4694 1188 4747 εἴτε
1211 4692 1482 4758 βασιλεῖ,
1511 4694 1591 4759 ὡς
1616 4695 1986 4763 ὑπερέχοντι,

419 4788 541 4841 εἴτε
584 4786 898 4856 ἡγεμόσιν,
942 4786 1023 4852 ὡς
1049 4785 1122 4839 δι’
1157 4785 1342 4840 αὐτοῦ
1370 4783 1787 4853 πεμπομένοις.
1826 4785 1939 4837 Καὶ
1963 4786 1991 4838 ό

421 4875 590 4930 εἰπὼν
617 4876 677 4930 δὲ
704 4876 1012 4947 προφήτης,
1059 4873 1399 4944 Ἐτοιμάζου
1437 4874 1543 4927 τοῦ
1577 4873 1991 4928 ἐπικαλεῖσθαι

2091 3693 2214 3746 dem
2247 3705 2481 3761 persona
2507 3690 2653 3743 dicta
2698 3687 2828 3741 sint.
2875 3684 3028 3751 Quod
3073 3683 3118 3736 si
3161 3686 3404 3735 creatum
3431 3691 3489 3732 se
3535 3688 3657 3729 esse

2091 3784 2246 3847 dicit,
2263 3799 2372 3838 non
2395 3783 2468 3836 ita
2485 3781 2862 3850 accipiendum
2884 3785 2986 3839 est,
3013 3774 3165 3843 quasi
3190 3773 3354 3834 dicat,
3383 3784 3440 3823 se
3464 3767 3531 3821 de
3546 3780 3656 3819 non

2090 3874 2432 3930 exstantibus
2457 3873 2524 3928 ad
2552 3871 2604 3924 id
2637 3870 2783 3940 quod
2807 3878 2887 3923 est
2910 3865 3241 3937 pervenisse,
3268 3869 3324 3915 et
3344 3858 3570 3930 perinde
3592 3871 3659 3909 ac

2090 3967 2330 4035 reliquas
2365 3971 2644 4019 creaturas
2688 3977 2755 4014 ex
2799 3959 2970 4013 nihilo
3018 3955 3295 4011 conditum
3334 3967 3485 4015 esse,
3515 3949 3658 4004 sicut

2091 4056 2339 4111 nonnulli
2365 4068 2650 4124 perperam
2673 4049 3072 4104 existimarunt.
3101 4044 3206 4098 Sed
3231 4043 3282 4097 id
3305 4043 3657 4109 dicit,utpote

2093 4148 2188 4218 qui
2215 4146 2476 4202 subsistat
2498 4160 2558 4199 ac
2579 4141 2917 4212 prazcxsistat
2946 4144 3070 4192 ante
3100 4133 3542 4191 constitutionem
3570 4138 3656 4184 to-

2096 4243 2205 4296 tius
2226 4238 2445 4303 mundi;
2470 4253 2501 4290 a
2527 4237 2685 4290 Patre
2709 4241 2891 4286 autem
2915 4245 3015 4284 suo
3051 4244 3114 4282 ac
3140 4226 3369 4280 Domino
3404 4225 3656 4295 princeps

2093 4346 2158 4385 ac
2202 4337 2383 4386 rector
2425 4327 2589 4397 hujus
2632 4322 2871 4379 universi
2915 4319 3244 4374 constitutus
3283 4316 3388 4376 sit:
3428 4314 3565 4368 adeo
3595 4320 3657 4366 ut

2092 4419 2321 4476 verbum
2347 4419 2471 4481 hoc,
2495 4415 2728 4474 ἔκτισεν,
2760 4412 2998 4482 positum
3023 4410 3093 4463 sit
3125 4408 3229 4460 hoc
3260 4408 3379 4460 loco
3406 4421 3505 4476 pro
3521 4421 3656 4459 con-

2095 4510 2294 4566 stituit.
2318 4508 2478 4564 Certe
2507 4505 2786 4576 apostolus
2807 4503 3003 4556 Pctrus
3045 4497 3315 4568 principes
3337 4504 3392 4548 et
3418 4501 3658 4548 rectores

2094 4604 2188 4674 qui
2211 4600 2525 4657 hominibus
2550 4604 2810 4668 praesunt,
2842 4593 3044 4648 diserte
3071 4597 3374 4645 creaturam
3400 4587 3653 4656 appellat,

2096 4695 2182 4749 his
2199 4692 2424 4749 verbis:
2465 4687 2694 4759 Subjecti
2732 4693 2892 4740 estote
2943 4683 3084 4737 omni
3122 4683 3366 4735 humana:
3401 4686 3657 4732 creatura:

2095 4793 2309 4857 prapter
2357 4781 2673 4845 Dominum;
2720 4779 2826 4833 sive
2865 4777 2977 4846 regi
3015 4782 3271 4843 tanquam
3319 4768 3655 4840 prazcellenti,

2094 4877 2202 4930 sive
2250 4872 2534 4928 rectoribus
2570 4879 2827 4940 tanquam
2861 4868 2925 4922 ab
2965 4865 3059 4919 illo
3089 4864 3262 4918 missis
3289 4862 3352 4916 “.
3381 4860 3658 4930 Propheta

421 4967 528 5022 τὸν
549 4968 698 5023 om
720 4937 887 5030 ἆοιὲξ
907 4937 1187 5035 ’ίσραήλ·
1211 4937 1360 5020 διότι
1382 4963 1509 5019 ιδοὺ
1533 4965 1794 5034 στερεῶν
1812 4967 1993 5034 ,βρον-
2023 4937 2068 4990 υ
2096 4981 2206 5037 quo

1867 4983 1993 5033 ρον-
2023 4937 2068 4990 υ
2096 4981 2315 5037 quoque
2339 4979 2466 5020 cum
2505 4963 2641 5019 dicit
2659 4937 2956 5030 :iPrwpara
2985 4967 3056 5023 te,
3086 4955 3276 5020 Israel,
3309 4955 3377 5009 ad
3407 4955 3653 5008 invocan-

491 5123 533 5156 ⁸¹
557 5124 718 5178 Prov.
745 5139 856 5187 vni,
885 5121 973 5175 22.
1051 5122 1094 5153 "
1126 5121 1147 5175 l
1172 5121 1320 5176 Petr.
1355 5137 1414 5186 ιι,
1452 5121 1538 5185 15,
1568 5121 1654 5174 M.

1607 5255 1873 5310 VALESII
1911 5254 2452 5311 ANNOTATIONES.

420 5369 531 5423 λῶν
578 5365 858 5439 γεννητίίρε⁸
902 5367 1052 5420 ἔσται
1089 5361 1188 5431 εἷς.
1237 5365 1295 5422 Id
1331 5375 1447 5421 est:
1495 5366 1602 5420 Hoc
1638 5368 1777 5419 enim
1826 5376 1978 5436 pacto
2084 5367 2206 5421 Nam

427 5442 592 5490 frater
623 5441 796 5490 potius
823 5435 1042 5490 illorum
1061 5438 1214 5490 fuerit
1239 5453 1400 5490 auom
1423 5436 1563 5490 ﬁlius
1586 5436 1716 5490 Dei:
1745 5453 1981 5490 unusque
2085 5438 2174 5489 τόν

1868 5376 1978 5420 acto
2084 5367 2218 5421 Nam
2252 5386 2375 5436 γενν
2418 5368 2506 5420 τόν
2538 5364 2758 5435 quidem
2797 5372 2881 5417 est
2918 5362 2971 5416 id
3013 5360 3158 5431 quod
3187 5359 3456 5429 gignitur:
3494 5372 3654 5422 γενηη

1868 5453 1981 5490 mue
2085 5438 2174 5489 τόν
2206 5455 2334 5490 vero
2363 5387 2415 5490 i3
2451 5436 2595 5490 nuod
2626 5444 2865 5488 creatum
2892 5442 2992 5486 est.

424 5435 601 5513 frater
623 5435 796 5509 potius
823 5435 1042 5492 illorum
1058 5438 1214 5508 fuerit
1239 5453 1400 5507 quam
1423 5436 1563 5506 ﬁlius
1586 5436 1716 5501 Dei;
1745 5435 1981 5506 unusque
2085 5435 2334 5513 τόν-τίετο
2363 5440 2376 5491 i

425 5509 526 5563 erit
548 5525 612 5562 ea:
635 5523 851 5562 numero
870 5523 1048 5561 rerum
1075 5516 1394 5561 creaturam.

499 5579 611 5647 (51)
631 5577 737 5630 Καὶ
762 5578 981 5647 κτίσμα
1001 5577 1448 5647 προηγούμενον
1467 5575 1535 5647 ἐκ
1556 5575 1660 5647 τοῦ
1678 5576 1760 5647 μὴ
1786 5575 1978 5647 ὄντος.

426 5645 789 5704 Scribendum
818 5645 909 5702 est
938 5646 1299 5717 προηγμένον,
1323 5655 1383 5699 ut
1407 5645 1875 5717 habetuEusebius
1925 5646 1981 5698 in

427 5720 548 5773 loco
578 5733 742 5788 supra
774 5718 938 5772 citato
953 5715 1217 5788 ;ξγενητόν
1241 5731 1465 5788 quoque
1477 5715 1855 5788 scribendum,
1881 5732 1989 5768 non

429 5785 706 5857 γεννητόν.
736 5788 862 5842 Ηειο
897 5785 1044 5842 enim
1077 5787 1193 5840 duo
1232 5787 1421 5857 verba,
1454 5785 1584 5839 licet
1606 5785 1765 5857 unica
1805 5786 1986 5838 littera

432 5857 856 5915 distinauantur.
898 5858 1128 5912 multum
1179 5865 1361 5910 tamen
1406 5856 1551 5910 inter
1598 5871 1656 5908 se
1704 5856 1982 5909 dilferunt.

2451 5436 2595 5506 quod
2626 5442 2992 5506 ereatltnrest.

2159 5507 2268 5578 (5‘2)
2309 5494 2535 5578 Τούτῴν
2564 5506 2772 5578 τοίνυν
2807 5494 3648 5578 ὦδεέπικατξσκευασμένων.

2087 5565 2263 5646 Αιὶυιῖ
2289 5576 2587 5646 Eusebium
2630 5574 2686 5646 in
2717 5588 2834 5646 cap.
2870 5570 3025 5646 ειη).
3062 5585 3118 5622 ιιι
3159 5569 3236 5646 _De
3283 5565 3653 5646 ecclesiastica

2091 5632 2421 5717 Theologia,
2441 5646 2516 5699 ita
2540 5644 2742 5717 legitur
2882 5643 3054 5717 locus,
3082 5639 3283 5717 τούτων
3311 5632 3654 5717 ὦδέῃπηᾼκατ-

2092 5704 2526 5785 εσκευαὲμένων,
2551 5704 2654 5768 εὖ).
2683 5713 2750 5785 1η
2767 5709 3080 5764 Florentino
3103 5715 3279 5785 tanien
3302 5715 3357 5759 et
3379 5704 3652 5760 Sfortiano

2091 5789 2277 5842 codice
2325 5777 2588 5855 scriptum
2627 5791 2710 5838 est
2737 5777 3403 5846 ὲπικατασκευαζομὲνων.
