4524 6582
799 449 802 452 ’
835 471 942 530 us

2274 467 2610 528 SOCRATIS

3975 471 4087 528 244

835 588 963 639 dum
1004 582 1173 638 Deum
1208 588 1394 638 tuum:
1426 583 1679 654 quoniam
1715 598 1828 639 ecce
1853 600 1943 654 qui
1977 582 2160 653 ﬁrmat
2183 584 2404 651 tonitru,
2435 597 2481 656 Α
2508 584 2621 655 τὴν

2300 591 2404 651 tru,
2435 597 2481 656 Α
2508 584 2647 655 τὴν,
2683 582 2782 639 καί
2832 582 3041 647 κτίζων
3089 583 3350 656 πνεῦμα,
3400 583 3497 639 καί
3552 582 3941 656 ἀναγγέλλων
3997 588 4086 654 εις

837 684 889 729 et
931 674 1022 745 qui
1065 681 1209 728 creat
1248 674 1515 745 spiritum,
1557 680 1608 728 et
1661 675 1753 746 qui
1791 675 2076 729 annuntiat
2115 674 2409 731 hominibus

837 764 1107 821 Christum
1126 781 1284 820 suum
1308 764 1355 796 ³³
1379 782 1393 819 :
1428 764 1535 821 hoc
1556 765 1787 820 verbum
1814 764 2036 833 κτίζων,
2063 781 2175 822 non
2197 767 2411 838 accepit

836 872 941 927 pro
963 872 1030 912 eo
1051 856 1198 928 quod
1229 856 1432 913 factum
1456 863 1543 912 est
1563 870 1690 911 cum
1712 864 1874 911 antea
1895 870 2005 912 non
2028 862 2195 912 esset.
2220 856 2411 928 Neque

837 947 988 1002 enim
1028 955 1162 1003 tunc
1204 948 1351 1004 Deus
1392 947 1601 1003 creavit
1630 947 1907 1018 spiritum,
1954 962 2081 1003 cum
2128 946 2412 1004 Christum

838 1054 998 1093 suum
1016 1054 1116 1109 per
1138 1039 1291 1094 illum
1315 1038 1528 1094 cunctis
1549 1039 1864 1094 hominibus
1884 1038 2247 1094 annuntiavit.
2264 1040 2412 1094 Nihil

838 1130 1042 1200 quippe
1062 1130 1166 1185 sub
1187 1130 1301 1185 sole
1323 1145 1527 1184 novum
1548 1136 1634 1185 est
1651 1129 1716 1183 ".
1741 1128 1846 1185 Sed
1873 1136 1991 1184 erat
2010 1129 2231 1200 quidem
2253 1138 2412 1185 antea

839 1222 1081 1294 Spiritus
1105 1229 1162 1278 et
1181 1222 1546 1289 subsistebat;
1572 1222 1776 1277 missus
1806 1229 1891 1277 est
1928 1230 2109 1277 autem
2136 1229 2266 1278 tunc
2286 1237 2413 1277 cum

839 1311 1074 1381 apostoli
1118 1311 1431 1382 congregati
1480 1318 1711 1366 essent:
1763 1311 1983 1381 quando
2033 1326 2201 1367 sonus
2243 1311 2415 1367 instar

841 1403 1071 1457 tonitrui
1107 1402 1283 1458 factus
1304 1411 1390 1457 est
1420 1402 1489 1457 de
1513 1402 1652 1457 ccelo
1674 1408 1934 1471 tanquam
1965 1402 2277 1473 ingruentis
2298 1403 2412 1472 spi-

838 1494 982 1548 ritus
1021 1493 1397 1559 vehementis;
1421 1500 1479 1548 et
1501 1491 1693 1563 repleti
1736 1500 1865 1547 sunt
1905 1491 2112 1563 Spiritu
2134 1500 2325 1548 sancto
2344 1494 2411 1548 ³⁸.

839 1586 1021 1653 Atque
1058 1584 1135 1638 ita
1171 1582 1450 1639 Christum
1491 1582 1809 1638 hominibus
1852 1582 2242 1654 praedicarunt,
2262 1584 2414 1654 juxta

840 1674 1186 1744 prophetiam
1209 1689 1330 1744 quae
1349 1674 1513 1730 dicit:
1543 1673 1679 1729 Ecce
1713 1674 1758 1728 is
1789 1674 1879 1744 qui
1907 1673 2092 1742 ﬁrmat
2123 1674 2342 1739 tonitru,
2366 1682 2416 1729 et

841 1767 933 1836 qui
960 1773 1107 1820 creat
1132 1768 1375 1838 spiritum
1394 1806 1410 1831 ,
1440 1773 1489 1820 et
1525 1766 1617 1837 qui
1650 1767 1938 1821 annuntiat
1970 1763 2236 1822 Christum
2261 1783 2418 1820 suum

841 1856 1171 1921 hominibus;
1196 1857 1292 1912 ubi
1326 1857 1652 1912 vocabulum
1679 1856 1813 1912 illud
1855 1873 2042 1912 creans
2069 1857 2310 1928 positum
2332 1864 2418 1912 est

2508 676 2862 747 ἀνθρώπους
2888 677 2998 733 τὸν
3017 679 3284 750 Χριστὸν
3307 679 3525 737 αὐτοῦ·
3557 680 3617 735 τὸ
3636 679 3862 744 κτίζὶυν,
3889 680 3989 734 οὑκ
4021 682 4086 735 ἑκ

2509 768 2604 825 τοῦ
2633 770 2921 841 γεγονότος
2970 770 3033 838 ἐξ
3076 771 3421 846 άνυπαρξίας
3456 771 3813 844 παρείληφεν.
3856 772 3931 825 υὺ
3976 772 4087 844 γὰρ

2509 862 2631 917 τότε
2677 861 2891 918 ἔκτισεν
2940 864 2969 918 ό
3016 863 3149 927 Θεὸς
3196 864 3260 918 τὸ
3312 863 3551 934 πνεῦμα,
3585 863 3674 916 ὅτε
3722 862 3815 915 τὸν
3852 861 4086 932 Χριστὸν

2509 950 2674 1008 αὑτοῦ
2736 954 2905 1007 πᾶσιν
2952 951 3261 1026 ἀνθρώποις
3321 951 3679 1023 κατήγγειλεν
3703 967 3719 984 ο
3778 950 3933 1005 οὐδὲν
3974 950 4085 1021 γάρ

2509 1047 2819 1118 πρόσφατον
2841 1045 2948 1100 ὑπὸ
2974 1044 3067 1100 τὸν
3092 1046 3263 1117 ἥλιον.
3302 1044 3440 1099 ’Δλλ’
3467 1039 3534 1115 ἦν
3567 1044 3665 1115 μὲν
3688 1043 3780 1097 καὶ
3799 1043 4085 1114 προϋπῆρ-

2510 1156 2625 1209 χεν,
2655 1137 3012 1193 ἀπεστέλλετο
3034 1138 3113 1205 δὲ,
3150 1137 3276 1190 καθ’
3300 1137 3360 1191 δν
3386 1134 3578 1207 καιρὸν
3601 1129 3742 1205 ἦσαν
3771 1134 3819 1185 οἱ
3854 1132 4087 1185 ἀπόστο-

2511 1230 2593 1284 λοι
2627 1228 2978 1302 συνηγμένοι,
3022 1230 3112 1283 ὅτε
3148 1228 3306 1299 δίκην
3337 1226 3565 1299 βροντῆς
3605 1224 3825 1293 ἐγένετο
3852 1218 3986 1293 ἦχος
4023 1223 4087 1276 ὲκ

2511 1320 2606 1375 τοῦ
2629 1318 2882 1393 οὐρανοῦ,
2912 1319 3104 1392 ὥσπερ
3132 1318 3440 1390 φερομένης
3478 1315 3647 1386 πνοῆς
3674 1313 3855 1385 βιαίας
3874 1331 3888 1344 ·
3918 1312 4088 1383 ἐπλη-

2515 1410 2768 1485 ρώθησαν
2799 1410 2857 1465 δὲ
2884 1408 3200 1482 Πνεύματος
3229 1408 3406 1478 ἁγίου.
3438 1408 3551 1462 Καὶ
3571 1406 3746 1469 οὑτως
3774 1407 3852 1469 εἰς
3881 1405 4088 1467 πάντας

2513 1500 2836 1573 ἀνθρώπους
2897 1500 2988 1556 τὸν
3047 1500 3282 1572 Χριστὸν
3335 1497 3430 1552 τοῦ
3505 1496 3643 1551 Θεοῦ
3696 1495 4084 1567 κατήγγειλαν,

2513 1590 2823 1656 ἀκολούθως
2842 1594 2906 1663 τῇ
2931 1590 3237 1663 προφητείᾳ
3256 1590 3498 1662 φησάσῃ,
3515 1589 3649 1643 διότι
3663 1587 3811 1642 Ἰδοὺ
3832 1584 4090 1656 στερεῶν

2509 1681 2802 1751 βροντὴν,
2829 1681 2927 1737 καὶ
2956 1681 3163 1743 κτίζων
3182 1681 3436 1750 πνεῦμα,
3463 1679 3564 1735 καὶ
3586 1677 3983 1748 ἀπαγγέλλων
4002 1678 4091 1743 είς

2515 1771 2866 1842 ἀνθρώπους
2914 1772 3024 1826 τὸν
3054 1772 3312 1840 Χριστὸν
3341 1770 3547 1835 αὑτοῦ,
3577 1768 3673 1823 τοῦ
3701 1764 3930 1831 κτίζων,
3968 1766 4089 1820 ἀντὶ

2519 1858 2614 1913 τοῦ
2653 1859 3030 1931 καταπέμπων
3048 1899 3064 1924 ,
3109 1857 3143 1929 ἢ
3194 1856 3550 1911 κατατάσσων
3614 1853 3903 1926 εἰρημένου
3936 1870 3950 1883 ·
3988 1851 4088 1921 τῆς

841 1965 943 2021 pro
954 1952 1198 2018 mittens,
1216 1952 1301 2007 vel
1319 1967 1418 2022 pro
1433 1952 1731 2022 disponens
1756 1961 1921 2023 atque
1945 1953 2424 2010 constituens.To-
2455 1945 2498 2002 Β
2524 1949 2583 2004 δὲ
2622 1956 2627 2020 1

2300 1953 2424 2008 ,Το-
2455 1945 2498 2002 Β
2524 1949 2583 2004 δὲ
2622 1948 2874 2021 βροντῆς,
2904 1946 3027 2002 καθ’
3055 1947 3243 2019 ἕτερον
3277 1947 3480 2017 τρόπον
3502 1946 3566 2000 τὸ
3594 1944 3953 2013 εὑαγγελικδν
3982 1942 4086 2043 κη-

843 2041 995 2095 nitru
1025 2056 1155 2095 vero
1172 2040 1426 2096 similiter
1455 2040 1735 2111 Evangelii
1760 2040 2205 2112 pmdicationem
2243 2040 2415 2112 signi-

843 2130 990 2185 ﬁcat.
1019 2128 1190 2184 David
1213 2143 1431 2199 quoque
1456 2143 1582 2185 cum
1613 2128 1783 2184 dicit:
1807 2126 1912 2185 Cor
1933 2129 2187 2185 mundum
2219 2146 2341 2184 crea
2360 2131 2418 2184 in

843 2236 948 2285 me,
971 2218 1112 2275 Deus
1132 2220 1200 2286 ³⁵,
1232 2234 1344 2275 non
1369 2219 1477 2276 hoc
1506 2220 1661 2286 dixit,
1677 2220 1832 2291 quasi
1862 2236 1960 2277 cor
1983 2227 2144 2277 antea
2173 2236 2286 2277 non
2315 2222 2417 2276 ha-

844 2311 1005 2367 beret
1029 2327 1044 2365 :
1079 2310 1176 2366 sed
1206 2310 1399 2367 orabat
1427 2318 1491 2367 ut
1522 2327 1680 2367 mens
1703 2326 1841 2382 pura
1861 2312 1919 2367 in
1952 2328 2012 2368 se
2042 2311 2162 2384 ipso
2185 2313 2417 2384 perﬁce-

844 2407 1019 2455 retur.
1046 2400 1250 2457 Eadem
1277 2400 1491 2456 ratione
1541 2400 1751 2456 dictum
1792 2408 1878 2458 est
1913 2402 2072 2469 illud,
2114 2402 2182 2460 Ut
2210 2404 2338 2459 duos
2361 2405 2419 2459 in

845 2509 1013 2547 unum
1041 2510 1231 2547 nouum
1254 2494 1520 2547 hominem
1546 2501 1751 2548 crearet
1783 2495 1851 2560 ³⁷,
1885 2494 1941 2550 id
1972 2504 2076 2560 est,
2118 2496 2418 2567 conjunge-

847 2591 955 2638 ret.
984 2583 1123 2638 Vide
1149 2591 1333 2639 autem
1358 2601 1540 2641 annon
1565 2585 1813 2656 ejusdem
1836 2587 2053 2657 generis
2072 2587 2145 2642 sit
2166 2594 2224 2642 et
2246 2587 2415 2642 illud:

846 2672 1156 2729 lnduamini
1185 2690 1375 2728 nouum
1404 2675 1664 2729 hominem
1702 2676 1793 2746 qui
1822 2684 1897 2729 est
1926 2676 2211 2730 secundum
2247 2675 2419 2730 Deum

848 2773 1055 2819 creatus
1085 2765 1153 2819 ³⁸.
1185 2765 1320 2821 Item
1341 2766 1497 2832 illud,
1527 2765 1586 2822 Si
1623 2784 1728 2838 qua
1764 2769 1928 2839 igitur
1958 2769 2013 2822 in
2050 2766 2256 2824 Christo
2285 2785 2419 2823 noua

849 2862 1099 2910 creatura
1133 2856 1215 2922 ³⁹;
1247 2863 1305 2911 et
1349 2872 1689 2928 quacunque
1734 2859 1840 2912 alia
1876 2859 2147 2928 ejusmodi
2188 2858 2419 2928 reperiri

849 2956 1081 3017 possunt
1111 2949 1181 3003 ab
1213 2948 1301 3012 iis,
1349 2951 1444 3018 qui
1473 2948 1791 3019 Scripturas
1821 2950 2089 3005 divinitus
2131 2950 2421 3020 inspiratus

848 3037 1069 3094 curiose
1095 3046 1433 3094 scrutantur.
1460 3040 1540 3095 Ne
1568 3040 1784 3096 mireris
1806 3056 1957 3111 ergo,
1986 3041 2032 3096 si
2064 3040 2123 3095 in
2142 3041 2247 3096 hoc
2276 3041 2418 3106 loco,

850 3124 1106 3181 Dominus
1132 3128 1327 3181 creavit
1355 3145 1437 3182 me
1461 3129 1670 3182 initium
1692 3130 1897 3183 viarum
1923 3113 2165 3193 suarum,
2189 3130 2420 3185 verbum

850 3221 1047 3273 creavit
1096 3220 1410 3275 translative
1469 3219 1707 3289 positum
1758 3228 1845 3277 est
1898 3237 1996 3290 pro
2022 3221 2314 3276 constituit
2364 3233 2422 3276 et

853 3318 1125 3364 rectorem
1162 3311 1456 3366 ordinavit.
1490 3312 1615 3367 Haec
1650 3311 1920 3367 Eusebius
1957 3313 2148 3367 scribit
2179 3313 2235 3367 in
2265 3313 2422 3369 libris

852 3406 1045 3453 contra
1065 3399 1398 3455 Marcellum.
1432 3401 1562 3467 Quae
1593 3417 1693 3457 nos
1724 3402 1817 3457 hic
1840 3402 2166 3458 adduximus
2195 3410 2422 3473 propter
2468 3422 2475 3427 τ

853 3503 971 3553 eos,
1004 3489 1099 3559 qui
1148 3489 1300 3544 illum
1354 3490 1554 3545 frustra
1586 3491 1866 3546 criminari
1914 3499 1970 3547 et
2003 3492 2289 3547 traducere
2331 3506 2424 3546 co—

854 3586 1080 3633 nantur.
1128 3580 1316 3649 Neque
1368 3580 1516 3634 enim
1574 3581 1809 3651 probare
1858 3589 2088 3651 possunt
2126 3583 2425 3637 Eusebium

857 3667 1076 3723 initium
1107 3670 1357 3724 essentia:
1390 3669 1529 3725 Filio
1566 3670 1848 3736 tribuisse,
1884 3672 2095 3727 tametsi
2139 3672 2425 3743 dispensa-

857 3759 1027 3814 tionis
1044 3760 1325 3815 vocabulis
1358 3761 1557 3830 passim
1581 3761 1638 3816 in
1658 3761 1818 3817 libris
1847 3762 1964 3817 suis
1996 3769 2181 3817 utatur
2210 3779 2225 3817 :
2265 3765 2425 3834 108

860 3850 1167 3915 praesertim
1190 3866 1314 3906 cum
1338 3851 1668 3921 scriptorum
1700 3851 1953 3924 Origenis
1981 3854 2223 3909 imitator
2243 3863 2300 3910 et
2324 3855 2424 3910 ad-

859 3940 1088 3995 mirator
1120 3941 1413 4006 ezostiterit,
1442 3943 1497 3997 in
1525 3943 1729 4012 quibus
1757 3945 1957 4000 Filium
1986 3961 2054 4001 ex
2079 3947 2238 4001 Patre
2269 3948 2425 4018 geni-

858 4040 978 4084 tum
1010 4046 1226 4101 semper
1247 4032 1534 4102 praedicari
1558 4034 1856 4105 reperient,
1893 4036 2205 4106 quicunque
2236 4053 2430 4093 recou-

859 4124 1032 4177 ditam
1092 4122 1341 4194 Origenis
1404 4124 1712 4181 doctrinam
1780 4127 2140 4199 intelligentia
2210 4131 2429 4201 assequi

860 4222 1112 4283 possunt.
1142 4214 1318 4284 Atque
1352 4215 1466 4271 haec
1495 4216 1677 4272 obiter
1705 4234 1736 4273 a
1771 4234 1859 4274 me
1884 4219 2029 4275 dicta
2061 4221 2171 4277 sint
2192 4262 2207 4287 ,
2233 4230 2296 4277 ut
2321 4223 2431 4278 Eu-

860 4302 1001 4357 sebii
1030 4304 1486 4359 obtrectatoribus
1519 4307 1898 4377 respondeam.

2518 2057 2704 2113 ρυγμα
2735 2038 3021 2111 δηλοὺσης.
3054 2038 3165 2092 Καὶ
3195 2038 3224 2091 ό
3242 2037 3417 2106 λέγων
3446 2036 3526 2101 δὲ,
3544 2034 3809 2105 Καρδίαν
3826 2034 4092 2099 καθαρὰν

2515 2131 2729 2185 κτίσον
2751 2130 2822 2183 ἐν
2846 2127 3001 2199 ἐμοὶ,
3024 2130 3059 2184 ὁ
3105 2127 3270 2196 Θεὸς,
3312 2128 3412 2199 οὑχ
3455 2125 3533 2191 ὡς
3573 2127 3649 2198 μὴ
3689 2125 3827 2196 ῑχων
3863 2122 4092 2193 καρδίαν

2514 2219 2671 2274 τοῦτο
2709 2219 2891 2289 ελεγεο
2930 2219 3179 2292 καθαρὰν
3215 2219 3274 2273 δὲ
3314 2217 3465 2290 αὑτῷ
3490 2216 3592 2289 τὴν
3625 2216 3867 2271 διάνοιαν
3896 2214 4095 2267 ἀποτε-

2515 2312 2771 2383 λεσθῆναι
2802 2310 3026 2385 ηὔχετο.
3057 2311 3247 2377 Οὕτως
3277 2311 3492 2383 εἴρηται
3521 2310 3777 2376 καὶ,Ἵνα
3811 2306 3955 2373 τοὺς
3982 2306 4093 2360 δύο

2516 2407 2696 2475 κτίσῃ
2716 2407 2805 2471 εἰς
2813 2404 2923 2460 ἕνα
2939 2404 3150 2460 καινὸν
3176 2404 3512 2474 ἄνθρωπον,
3531 2403 3651 2458 ἀντὶ
3675 2401 3771 2456 τοῦ
3788 2398 4092 2472 συναγάγῃ.

2519 2495 2660 2567 Ὅρα
2689 2495 2900 2567 μήποτε
2932 2494 3173 2549 τοιοῦτόν
3207 2496 3324 2549 ἐστι
3342 2495 3437 2548 καὶ
3461 2493 3543 2559 τὸ,
3589 2491 3964 2547 Ἐνδύσασθε
3986 2489 4097 2543 τὸν

2516 2585 2729 2641 καινὸν
2750 2585 3087 2655 ἄνθρωπον,
3108 2587 3217 2642 τὸν
3243 2585 3395 2641 κατὰ
3432 2584 3584 2641 Θεὸν
3611 2582 3952 2639 κτισθέντα.
3980 2580 4095 2635 Καὶ

2517 2677 2600 2741 τὸ,
2637 2677 2712 2731 Et
2743 2694 2834 2743 τις
2874 2672 2990 2731 οὖν
3016 2676 3088 2731 ἐν
3126 2675 3358 2745 Χριστῷ
3388 2673 3568 2744 καινὴ
3608 2673 3837 2740 κτίσις·
3871 2672 3968 2726 καὶ
3995 2672 4096 2724 ὅσα

2516 2769 2653 2825 ἄλλα
2704 2768 2856 2840 εὖροι
2900 2786 2985 2833 τις
3013 2768 3082 2824 ἂν
3119 2767 3351 2839 τοιούτῳ
3376 2768 3563 2841 τρόπῳ
3609 2767 3711 2839 τὴν
3742 2766 4097 2820 θεόπνευπσν

2518 2859 2742 2931 Γραφὴν
2765 2857 3207 2933 διερευνώμενος.
3223 2858 3317 2930 Μὴ
3341 2857 3630 2931 θαυμάσῃς
3649 2859 3700 2911 εί
3716 2853 4096 2927 μεταφορικῶς

2518 2952 2614 3004 καὶ
2658 2952 2718 3004 ὲν
2752 2948 2851 3021 τῷ,
2886 2950 3102 3020 Κύριος
3129 2947 3333 3004 ἔκτισέ
3365 2964 3445 3019 με
3473 2946 3672 3017 ἀρχὴν
3696 2944 3856 3001 ὁδῶν
3884 2941 4095 3008 αὐτοῦ,

2517 3045 2582 3098 τὸ
2662 3042 2907 3098 ἔκτισεν
2968 3041 3093 3097 ἀντὶ
3158 3039 3259 3094 τοῦ
3334 3038 3673 3108 κατέστησεν
3720 3035 3756 3107 ἢ
3810 3033 4092 3098 κατέταξε.

2519 3133 2756 3190 Τοιαῦτα
2786 3134 2885 3205 μὲν
2920 3133 2950 3186 ὁ
2988 3131 3249 3195 Εὐσέϐιος
3275 3132 3334 3185 εν
3363 3132 3476 3193 τοῖς
3507 3129 3644 3200 πρὸς
3673 3125 3992 3198 Μάρκελλον
4014 3125 4095 3179 δι-

2522 3226 2740 3292 έξεισιν.
2784 3226 2976 3297 Ἡμεῖς
3005 3224 3064 3279 δὲ
3092 3223 3232 3279 αὐτὰ
3261 3221 3635 3295 παρεθέμεθα,
3664 3218 3754 3273 διὰ
3766 3218 3893 3280 τοὺς
3916 3217 4094 3294 μάτην

2523 3322 2961 3396 ὲρεσὶίεελθῦνἸκις,
3000 3321 3095 3377 καὶ
3133 3321 3472 3391 βλασφημεῖν
3502 3317 3593 3371 τὸν
3614 3316 3783 3387 ἄνδρα
3812 3313 4097 3384 ἐπιχειρή-

2530 3431 2749 3477 σαντας.
2783 3410 2921 3467 Οὔτε
2954 3412 3063 3482 γάρ
3098 3411 3283 3482 ἔχουσι
3313 3408 3505 3475 δεῖξαι,
3525 3408 3609 3462 ὃτι
3629 3404 3891 3467 Εὐσέϐιος
3920 3402 4104 3475 ἀρχὴν

2530 3509 2631 3577 τῆς
2660 3504 2949 3577 ὑπάρξεως
2966 3504 3149 3558 δίδωσι
3177 3502 3256 3574 τῷ
3284 3500 3400 3573 Υίῷ
3425 3498 3523 3554 τοῦ
3544 3498 3703 3564 Θεοῦ,
3723 3495 3828 3551 κᾶν
3850 3498 3972 3559 ταῖς
3998 3495 4099 3563 τῆς

2528 3595 2841 3667 οἰκονομίας
2872 3594 3082 3659 λέξεσιν
3110 3592 3126 3644 i
3163 3595 3222 3646 ἐν
3242 3596 3356 3656 τοῖς
3392 3590 3616 3661 βιϐλίοις
3638 3588 3980 3660 εὑρίσκουσιν
3998 3586 4099 3640 ab-

2530 3687 2622 3740 τὸν
2640 3684 3061 3757 καταχρώμενον
3078 3701 3093 3715 ·
3115 3683 3348 3755 μάλιστα
3372 3682 3451 3748 δὲ,
3470 3681 3553 3735 ὅτι
3576 3677 3822 3751 ζηλωτὴς
3845 3678 3940 3731 καὶ
3967 3676 4098 3731 θαυ-

2534 3776 2745 3847 μαστὴς
2771 3773 2881 3828 τῶν
2918 3773 3226 3843 Ὠριγᾶνους
3254 3772 3471 3844 βιϐλίων
3500 3769 3668 3831 ἐστὶν,
3699 3770 3756 3821 ὲν
3784 3760 3865 3830 οἷς
3896 3780 4100 3820 παντα-

2532 3866 2629 3938 χοῦ
2655 3867 2748 3920 τὸν
2775 3866 2904 3920 Υίδν
2929 3867 2996 3920 ὲκ
3023 3863 3117 3920 τοῦ
3152 3864 3362 3936 [ἰατρὸς
3403 3860 3731 3933 γεννηθέντα
3758 3857 4100 3930 εὑρίσκουσιν

2533 3961 2584 4012 οἱ
2608 3959 2717 4013 τῶν
2750 3956 3058 4030 Ὠριγένους
3092 3956 3313 4028 βιϐλίων
3343 3955 3407 4011 τὸ
3438 3955 3599 4026 βάθος
3628 3952 3963 4020 κατανοῆσαι
4008 3948 4102 4002 δυ-

2537 4049 2782 4120 νάμενοι.
2818 4049 2930 4103 Καὶ
2971 4046 3145 4102 ταῦτα
3196 4047 3294 4118 μὲν
3333 4048 3393 4100 ἐν
3436 4044 3795 4118 παρεκϐάσει,
3838 4042 3927 4096 διά
3973 4038 4101 4103 τοὺς

2534 4140 2794 4211 λοιδορεῖν
2818 4138 3271 4208 ἐπιχειρήσαντας
3292 4135 3383 4190 τδν
3410 4133 3669 4189 Εὑσέϐιον
3688 4133 3920 4205 εἴρηται.

1004 4476 1167 4556 ιξηιος
1201 4478 1370 4556 w,_13
1463 4478 1511 4512 "
1530 4479 1709 4535 Eccie.
1739 4496 1773 4547 ι,
1798 4482 1884 4535 l‘).
1960 4483 2004 4515 "
2027 4481 2147 4539 Act.
2177 4498 2235 4550 ιι,
2255 4482 2431 4555 Ξειιίι.
2506 4484 2555 4518 ⁸⁸
2585 4485 2724 4543 Psal.

2288 4492 2431 4555 quq.
2506 4484 2555 4518 ⁸⁸
2585 4485 2729 4543 Psal.
2770 4500 2821 4551 ι,
2848 4485 2936 4540 12.
3011 4485 3055 4517 ³⁷
3080 4484 3281 4556 Ephes.
3326 4499 3384 4550 ιι,
3414 4482 3503 4538 15.
3580 4480 3850 4551 ³⁸Εριιεε.
3902 4495 3974 4547 ιν,
4001 4478 4074 4537 24

872 4549 915 4580 ⁸³
944 4548 986 4601 ll
1014 4546 1107 4603 Cm
1188 4566 1219 4602 '.
1250 4549 1312 4598 Π

2014 4774 2371 4833 VARIORUM
2420 4775 2969 4835 ANNOTATIONES.

948 4901 1123 4985 ιλϊᾶν
1167 4900 1292 4966 ταῖς
1321 4899 1428 4968 τῆς
1461 4904 1800 4985 οἰκονομίας
1839 4903 2357 4985 deﬁge-29pm“
2377 4906 2435 4961 in
2465 4911 2510 4966 D
2537 4922 2602 4963 ea
2658 4908 2734 4985 lo_c

2311 4921 2357 4961 ιε
2377 4906 2435 4961 in
2465 4911 2602 4966 Dea
2658 4908 2776 4985 lo_c_a
2822 4905 3005 4961 omnia
3054 4920 3175 4974 quae
3229 4901 3637 4985 Petaviushlib.
3688 4899 3825 4985 ide
3874 4898 4097 4985 V'IA'ri‘nit"

786 4993 794 5004 -
870 4971 1054 5024 sorbis
1105 4987 1392 5041 causarum
1447 4988 1559 5027 non
1605 4971 1884 5027 minimam
1930 4974 2137 5029 indicat
2160 4975 2434 5041 Socrates,

870 5041 945 5095 ob
971 5056 1133 5115 quam
1178 5040 1480 5105 Eusebius,
1525 5041 1621 5111 qui
1664 5042 1920 5115 alioquin
1961 5044 2019 5115 in
2064 5044 2285 5115 scriptis
2324 5047 2441 5101 suis

872 5111 1281 5196 passiAm'vcram
1306 5119 1362 5196 et
1379 5119 1636 5196 aeternam
1813 5112 2153 5196 divinitatem
2173 5111 2437 5196 agnoscit,

873 5179 978 5303 Iuro
1001 5179 1200 5233 Ariano
1234 5195 1263 5233 a
1292 5181 1565 5250 plerisque
1602 5180 1822 5236 habitus
1851 5181 2037 5237 fuerit.
2074 5179 2347 5239 Nimirum
2381 5179 2439 5240 in

899 5249 1031 5302 ibris
1055 5250 1169 5303 suis
1199 5266 1262 5303 ea
1286 5265 1405 5303 aute
1448 5251 1513 5303 ad
1546 5250 1667 5303 Filii
1692 5252 2005 5303 οἰκονομίαν
2035 5251 2203 5303 (addo
2229 5269 2351 5303 ego.
2383 5264 2439 5303 et

899 5249 1031 5324 ibris
1055 5250 1169 5324 suis
1199 5266 1262 5304 ea
1286 5249 1405 5324 quae
1448 5251 1513 5324 ad
1546 5250 1667 5324 Filii
1692 5252 2005 5324 οἰκονομίαν
2035 5251 2203 5323 (addo
2229 5269 2351 5324 ego,
2383 5264 2442 5311 et

874 5318 961 5394 ad‘
976 5320 1219 5387 ejusdem
1272 5318 1772 5394 subordinationem
1819 5318 1888 5375 ad
1930 5318 2440 5394 Patrem‘tan'quam

878 5387 965 5460 sui
1003 5397 1277 5460 auctorem
1331 5405 1393 5444 ac
1430 5387 1777 5460 principium)
1817 5391 2108 5459 pertinent,
2145 5392 2220 5447 ita
2247 5387 2439 5450 contra

879 5458 1234 5532 Sabellianos,
1273 5474 1507 5527 quorum
1557 5458 1728 5532 hostis
1760 5458 1877 5532 fuit
1911 5462 2229 5526 acerrimus,
2259 5472 2433 5532 urget,

876 5542 943 5601 ac
990 5543 1127 5601 pene
1161 5528 1227 5581 ad
1275 5543 1529 5601 nauseam
1550 5538 1618 5601 et
1644 5529 1931 5601 fastidium
1953 5546 2125 5601 usque
2157 5528 2350 5601 repetii
2380 5541 2438 5588 et

880 5596 1145 5671 inculcat,
1172 5607 1233 5652 ut
1262 5598 1511 5653 videatur
1546 5600 1600 5654 in
1626 5598 1882 5655 Arianam
1906 5616 1971 5654 ex
1997 5596 2435 5671 adversoimpie-

884 5673 1049 5741 tatem
1073 5667 1335 5741 dilapsus,
1354 5685 1400 5741 _a
1429 5684 1535 5738 qua
1559 5680 1739 5741 tamen
1768 5685 1958 5741 revera
1985 5685 2201 5741 semper
2224 5667 2437 5728 alienus

881 5733 1004 5815 fuit.
1057 5736 1134 5815 A_c
1173 5733 1536 5815 εει-ἰεεξιιιιὶιῐιΔ
1553 5740 1772 5808 quidem
1823 5738 1956 5793 illud
1994 5733 2121 5795 esse
2159 5740 2438 5815 fatebitur,

880 5806 1130 5884 quisquis
1173 5807 1399 5884 Eusebii
1432 5806 1632 5884 scripta
1676 5817 1926 5884 accurate
1956 5816 2014 5863 et
2052 5811 2289 5884 seposito
2318 5806 2442 5884 pari-

885 5877 1020 5935 tium
1073 5877 1250 5932 studio
1283 5877 1592 5933 evolverit’:
1624 5879 1717 5948 qui
1771 5888 1828 5935 et
1870 5879 1974 5934 hoc
2026 5877 2335 5947 observato;
2373 5882 2440 5937 ad

2539 4992 2659 5047 cap.
2696 4976 2721 5047 i
2732 4976 2783 5047 1,
2813 4991 3011 5047 magno
3037 4969 3234 5047 acervo
3256 4972 3548 5047 congessit,
3576 4979 3637 5025 ut
3659 4970 3917 5047 probaret
3948 4969 4102 5047 Aria—

2535 5039 2669 5101 nuiu
2701 5039 2869 5100 fuisse
2906 5039 3207 5100 Eusebium
3231 5084 3246 5107 ,
3298 5039 3453 5096 facile
3511 5039 3842 5110 respondere
3877 5039 4096 5110 poterit.

2534 5115 2691 5171 Unde
2720 5115 2836 5185 ipse
2865 5114 3136 5169 Eusebius
3174 5113 3229 5185 in
3277 5111 3419 5166 libro
3456 5109 3804 5185 ApolOgetico
3836 5123 3998 5185 quem
4031 5109 4097 5163 ad

2534 5177 2870 5240 orthodoxos
2898 5199 3087 5239 omnes
3115 5177 3593 5253 episcopos_misit,
3626 5177 3800 5248 palam
3828 5177 4104 5253 professus

2534 5264 2639 5318 est,
2679 5255 2725 5309 si
2751 5255 3018 5325 quaepiam
3069 5249 3185 5322 ipse
3214 5249 3532 5325 protulisset
3561 5263 3798 5325 unquam
3842 5255 3937 5300 aut
3964 5249 4101 5301 scri—

2536 5317 2786 5395 psisset,-
2807 5317 2921 5379 Arii
2959 5317 3154 5395 dogma
3202 5317 3474 5395 tantillum
3527 5317 3873 5395 subolen_tia_,
3926 5332 3992 5395 ea
4042 5334 4104 5395 se

2583 5394 2834 5449 rotulisse
2889 5402 2984 5449 aut
3034 5385 3319 5461 scripsisse
3373 5390 3435 5442 οὑ
3470 5389 3591 5461 μὴν
3636 5385 3900 5461 κατα-τὴν
3933 5386 4103 5457 ἀσεϐῆ

2583 5409 2834 5449 rowusse
2889 5409 2984 5449 aut
3038 5409 3319 5461 scrtpsnsse
3373 5409 3435 5442 ου
3487 5409 3591 5459 μην
3636 5409 3776 5440 κατα
3802 5409 3900 5455 την
3933 5409 4103 5457 auem]

2542 5409 3003 5537 ἓκείνουᾼὲννο-ιαν,
3034 5461 3145 5515 ἀλλ’
3181 5460 3241 5524 ὲξ
3288 5459 3617 5537 άπριέργου
3650 5455 3970 5537 ἁπλότητος,
4001 5473 4105 5511 non

2541 5549 2605 5587 ea:
2646 5535 2805 5604 impio
2842 5532 2984 5604 illius
3013 5548 3188 5595 sensu,
3227 5529 3317 5604 sed
3350 5529 3609 5604 e.t_rninus
3646 5529 3853 5604 curiosa
3886 5541 4106 5604 parum-

2541 5619 2639 5674 que
2682 5592 2907 5674 sotlicita
2954 5592 3183 5674 (nempe
3225 5597 3723 5674 dum_S_a_bellianaf1
3749 5592 3954 5674 lueresi
4002 5592 4107 5674 im-

2544 5664 2848 5743 pugnanda:
2889 5664 3036 5727 totus
3084 5664 3338 5725 intentus
3363 5668 3488 5737 fuit)
3538 5664 4107 5742 εἱηιρίὶεἱιαίελτθΐθ-

2546 5750 2701 5797 rente
2729 5742 2943 5798 Gelasio
2979 5741 3245 5798 Cvziccno
3293 5739 3389 5793 lib.
3439 5754 3476 5792 ιι
3528 5738 3602 5791 De
3651 5732 3843 5798 synod.
3875 5732 4105 5796 Νιαειιη

2546 5750 2701 5797 rente
2729 5750 2943 5798 Gelasio
2979 5750 3245 5812 Cyziceno
3293 5750 3389 5793 ut).
3439 5754 3476 5792 ιι
3530 5750 3602 5791 De
3651 5750 3843 5805 synou.
3876 5750 4105 5796 “1631].,

2545 5812 2752 5944 Sapial.
2790 5812 2889 5884 (Cl.
2919 5810 3107 5866 Bullus
3135 5809 3341 5881 Defens.
3381 5807 3474 5877 βα.
3505 5806 3619 5861 Nic.
3647 5812 3782 5861 sect.
3811 5802 3866 5869 '5,
3899 5817 4018 5874 cap.
4050 5802 4105 5869 9,

2546 5897 2600 5937 Π.
2630 5897 2680 5934 ο.
