4524 6582
795 441 901 504 947

2268 454 2598 511 SOCRATIS

3947 465 4051 522 ω

797 565 970 619 hostis
996 564 1167 634 ipsius
1194 572 1360 628 esset,
1391 565 1704 636 bellumque
1738 568 1992 636 protinus
2015 576 2377 637 exspectaret.
2417 578 2457 631 Α
2487 573 2583 625 εἰσι

2265 576 2377 624 πει.
2417 578 2457 631 Α
2487 573 2594 625 εἰσι
2623 575 2753 644 παρ’
2787 575 2911 644 ἐμοὶ
2948 575 3263 636 Ἀθανάσιος
3291 569 3385 624 καὶ
3407 575 3610 640 Παῦλος
3630 595 3644 608 ο
3679 577 3814 632 ἀλλά
3850 579 4051 632 πυνθα-

796 655 1019 709 Litterae
1043 663 1224 710 autem
1251 672 1388 726 quas
1423 657 1490 711 ad
1523 657 1748 712 fratrem
1773 659 2011 728 scripsit.
2037 666 2165 713 sunt
2189 658 2380 728 hujus-

796 747 971 800 modi:
999 745 1137 801 Sunt
1159 747 1248 801 hic
1274 748 1417 816 apud
1445 763 1531 803 me
1555 748 1882 803 Athanasius
1902 757 1960 804 ct
1987 751 2187 804 Paulus
2211 767 2222 802 :
2243 766 2384 820 quos

795 836 1017 904 quidem
1047 837 1271 904 pietatis
1293 853 1456 892 causa
1491 839 1930 906 persecutionem
1954 839 2066 907 pati
2091 848 2381 908 perconta-

798 935 884 979 tus
905 927 1155 995 cognovi.
1192 927 1247 981 Si
1279 942 1411 996 ergo
1460 929 1736 997 pollicitus
1778 929 1972 994 fueris,
2004 937 2056 983 te
2105 945 2234 984 suas
2274 929 2382 985 illis

795 1018 954 1072 sedes
981 1019 1349 1081 redditurum,
1398 1027 1454 1072 et
1500 1020 1556 1074 in
1603 1036 1700 1074 eos
1737 1021 2251 1075 animadversurum
2285 1021 2380 1091 qui

795 1109 916 1163 sine
963 1127 1125 1165 causa
1178 1111 1298 1165 illos
1332 1112 1693 1176 insectantur,
1738 1113 1891 1167 viros
1929 1113 1997 1168 ad
2047 1122 2099 1166 te
2138 1113 2377 1169 mittant.

798 1201 954 1268 Quod
1001 1203 1046 1257 si
1081 1203 1196 1257 haac
1228 1203 1324 1268 ita,
1361 1213 1421 1258 ut
1451 1204 1584 1267 dixi,
1621 1204 1803 1259 facere
1836 1204 2200 1268 recusaveris,
2240 1205 2380 1259 scias

795 1293 958 1345 velim
1004 1293 1131 1346 illuc
1175 1310 1260 1346 me
1318 1302 1614 1348 venturum
1647 1309 1790 1360 esse,
1823 1301 1985 1364 teque
2026 1293 2198 1349 invito
2255 1310 2382 1350 suas

798 1382 906 1436 illis
935 1383 1095 1437 sedes
1124 1385 1493 1439 redditurum.

1405 1499 1554 1554 CAP.
1586 1501 1774 1554 XXIII.

797 1586 1067 1654 Quomodo
1105 1590 1441 1643 Constantius
1485 1591 1665 1658 fratris
1692 1591 1863 1644 minas
1899 1592 2115 1654 veritus,
2143 1591 2379 1644 Athana-

865 1661 1002 1711 sium
1048 1661 1157 1713 suis
1207 1661 1396 1714 litteris
1439 1663 1666 1714 evocavit
1694 1701 1708 1724 ,
1755 1669 1805 1713 et
1854 1660 2239 1715 Alexandriam
2283 1662 2380 1712 mi-

865 1731 952 1782 sit.

870 1819 995 1876 Haec
1021 1839 1143 1875 cum
1171 1823 1470 1891 imperator
1503 1821 1746 1879 Orientis
1771 1822 2138 1891 cognovisset,
2167 1820 2222 1874 in
2259 1836 2376 1874 ma-

2485 665 2707 733 νόμενος
2735 664 2976 735 διέγνων,
3009 666 3289 728 εὐσεϐείας
3318 664 3514 732 αὐτοὺς
3540 668 3699 740 χάριν
3737 668 4049 724 διώκεσθαι.

2484 754 2546 805 Εἰ
2585 753 2684 823 μὲν
2713 751 2808 808 οῦν
2847 756 3159 828 ἐπαγγέλλῃ
3187 756 3495 813 ἀποδιδόναι
3521 758 3733 820 τούτοις
3771 761 3898 821 τοὺς
3927 760 4055 830 θρό-

2489 862 2636 910 νους,
2689 847 3100 917 ἐπαμυνόμενος
3125 852 3252 912 τοῦς
3285 849 3461 919 μάτην
3502 851 3684 912 αὐτοῖς
3709 849 4055 920 προσφυομέο

2481 955 2624 1001 νους,
2657 939 2938 992 ἀποστελῶ
2969 939 3104 1010 πρὸς
3137 941 3196 994 σὲ
3217 943 3345 1004 τοὺς
3370 941 3588 1013 ἄνδρας.
3616 942 3679 994 Et
3700 941 3745 994 δ’
3775 939 4053 1002 ἀνανεῦοις

2478 1022 2650 1076 ταῦτα
2686 1022 2837 1078 οὕτω
2861 1029 3053 1090 ποιεῖν,
3082 1023 3143 1082 εὖ
3198 1028 3326 1090 iam,
3356 1029 3438 1082 ὅτι
3489 1029 3652 1091 αὐτὸς
3699 1027 3812 1097 ἐγὼ
3859 1028 4048 1082 αὐτόθι

2479 1115 2787 1185 γενόμενος,
2814 1119 2907 1170 καὶ
2931 1117 3156 1183 άκοντός
3181 1137 3273 1173 σου
3291 1120 3501 1185 τούτοις
3517 1121 3642 1186 τοὺς
3665 1119 3901 1184 οἰκείους
3919 1121 4052 1175 ἀπο-

2477 1201 2670 1275 δίδωμι
2705 1204 2946 1276 θρόνους.

3060 1498 3309 1552 ΚΕΦΑΛ.
3351 1496 3479 1554 Kl".

2489 1585 2906 1657 1099906116)le
2959 1590 2991 1641 ό
3019 1589 3434 1655 Κωνστάντιος
3479 1590 3588 1656 τὰς
3635 1590 3890 1657 ἀπειλὰς
3929 1591 4040 1647 τοῦ

2547 1653 2844 1724 ἀδελφοῦ,
2874 1657 2950 1708 δι’
2991 1658 3333 1712 ἐπιστολῶν
3357 1653 3613 1714 ἐκάλεάε
3652 1661 3759 1713 τὸν
3801 1653 4040 1715 Ἀθανά-

2546 1739 2705 1788 σιον,
2733 1726 2829 1779 καὶ
2856 1728 2944 1792 εις
2966 1731 3079 1793 τὴν
3117 1728 3566 1796 Ἀλεξάνδρειαν
3588 1729 3844 1798 ἔπεμψε.

2547 1818 2733 1873 Ταῦτα
2767 1817 2928 1886 γνοὺς
2960 1819 2988 1870 6
3023 1819 3122 1886 τῆς
3159 1817 3330 1889 Ἐᾡας
3377 1819 3662 1888 βασιλεὺς,
3699 1822 3780 1883 εις
3817 1821 4057 1888 ἀγωνίαν

796 1907 998 1961 ximam
1037 1910 1291 1964 redactus
1315 1918 1399 1965 est
1423 1910 1819 1964 diﬁicultatem.
1851 1909 2156 1979 Statimque
2191 1926 2380 1964 accer-
2415 1931 2454 1985 Β
2481 1911 2542 1964 οὐ
2565 1928 2582 1961 ιι

2270 1926 2380 1964 :er-
2415 1931 2454 1985 Β
2481 1911 2542 1964 οὐ
2565 1911 2664 1980 τὴν
2687 1908 2957 1979 τυχοῦσαν
2983 1909 3241 1978 κατέστη.
3268 1910 3782 1982 Μεταπεμψάμενός
3806 1929 3866 1964 τε
3895 1912 4056 1976 εὐθὺς

798 1998 922 2053 sitis
946 2000 1091 2053 haud
1119 2003 1308 2070 paucis
1328 2001 1572 2056 Orientis
1595 2003 1892 2072 episcopis,
1917 2002 2104 2056 fratris
2127 2003 2211 2056 sui
2244 2018 2377 2056 con-

799 2090 1040 2144 ditiones
1062 2091 1144 2144 eis
1178 2094 1483 2160 proposuit,
1509 2101 1565 2146 et
1598 2093 1860 2162 quidnam
1894 2091 2202 2146 faciendum
2237 2099 2383 2146 esset

799 2178 1181 2249 interrogavit.
1216 2181 1298 2234 llli
1333 2182 1505 2236 satius
1525 2199 1646 2236 esse
1684 2182 1944 2236 dixerunt
1987 2190 2049 2235 ut
2083 2181 2382 2236 Athanasio

800 2271 1238 2325 concederentur
1265 2273 1539 2335 Ecclesite,
1570 2289 1734 2341 quam
1762 2279 1824 2327 ut
1851 2273 2012 2328 civile
2037 2272 2239 2326 bellum
2263 2287 2384 2325 sus-

801 2359 1104 2428 ciperetur.
1146 2360 1384 2414 Proinde
1446 2361 1742 2431 imperator
1784 2361 2108 2416 necessitate
2144 2360 2380 2415 constri-

801 2458 926 2504 ctus
952 2451 1308 2504 Athanasium
1353 2452 1420 2505 ad
1465 2468 1522 2506 se
1568 2460 1744 2506 vocat.
1795 2452 2018 2506 Interim
2069 2451 2382 2506 Occidentis

802 2540 1105 2610 imperator
1143 2542 1369 2596 Paulum
1407 2559 1530 2597 cum
1555 2544 1770 2597 duobus
1795 2543 2067 2615 episcopis
2090 2551 2146 2596 et
2173 2542 2383 2610 reliquo

802 2627 1110 2683 honoriﬁco
1145 2640 1411 2700 apparatu
1453 2631 1984 2702 Constantinopolim
2027 2633 2227 2694 mittit,
2266 2642 2383 2685 tum

802 2725 938 2789 suis,
989 2733 1102 2779 tum
1150 2728 1343 2798 synodi
1391 2729 1590 2784 litteris
1637 2732 2052 2785 communitum.
2101 2732 2206 2785 Sed
2257 2746 2380 2784 cum

802 2817 1137 2874 Athanasius
1182 2820 1365 2874 adhuc
1401 2820 1804 2886 reformidaret,
1831 2831 1887 2875 et
1916 2830 2099 2875 utrum
2143 2822 2211 2874 ad
2243 2821 2384 2875 Con-

802 2909 1067 2963 stantium
1093 2909 1535 2978 proﬁcisceretur
1572 2928 1767 2976 necne,
1794 2927 1995 2981 anceps
2027 2921 2188 2980 atque
2214 2913 2383 2966 animi

803 2999 1007 3053 dubius
1031 2999 1770 3056 hereretzmetuebatenim
1809 3002 2265 3057 ealumniatorum
2303 3003 2386 3056 in-

804 3088 1006 3145 sidias:
1036 3088 1279 3146 Orientis
1305 3091 1603 3161 imperator
1627 3109 1736 3147 non
1761 3093 1951 3155 semel,
1976 3093 2071 3146 sed
2093 3092 2292 3147 iterum
2320 3109 2386 3147 ac

806 3177 972 3230 tertio
998 3194 1124 3232 eum
1161 3178 1229 3233 ad
1267 3179 1587 3234 comitatum
1625 3197 1782 3235 suum
1819 3181 2088 3245 evocavit,
2115 3182 2258 3236 sicut
2297 3182 2385 3236 lit-

2479 2005 2767 2065 πλείστους
2787 1999 2896 2054 τῶν
2917 2001 3254 2054 ἀνατολικῶν
3278 2003 3594 2055 ἐπισκόπων
3609 2043 3623 2062 .
3642 2004 3740 2072 τήν
3762 2019 3822 2056 τε
3845 2003 4056 2073 αἵρεσιν

2477 2094 2573 2150 τοῦ
2622 2092 2854 2160 ἀδελφοῦ
2907 2091 3222 2162 προύτίθει,
3277 2092 3374 2144 καὶ
3428 2094 3554 2164 περὶ
3614 2093 3708 2145 τοῦ
3781 2092 4056 2164 πρακτέου

2479 2182 2883 2238 διεπυνθάνετο.
2903 2182 2965 2232 Οἱ
2982 2181 3058 2238 δὲ.
3077 2182 3329 2248 κρεῖσσον
3349 2179 3559 2248 ἔφασαν
3583 2179 3690 2233 τῶν
3723 2180 4058 2250 Ἐκκλησιῶν

2481 2270 2883 2345 παραχωρῆσαι
2911 2271 3025 2332 τοῖς
3057 2269 3186 2339 περὶ
3219 2267 3561 2334 Ἀθανάσιον,
3593 2270 3628 2339 ἢ
3652 2268 3915 2339 ἐμφύλιον
3937 2271 4060 2323 ἀνα-

2479 2363 2734 2428 δέξασθαι
2780 2360 3037 2430 πόλεμον.
3089 2358 3252 2412 Ὅθεν
3311 2360 3396 2411 ἐπ’
3440 2359 3652 2430 ἀνάγκη
3712 2359 3988 2422 καταστάς
4029 2361 4061 2412 6

2484 2455 2734 2526 βασιλεὺς
2753 2491 2768 2516 ,
2795 2451 3146 2521 ἐκάλει-πρὸς
3177 2451 3369 2502 ἑαυτὸν
3403 2451 3527 2513 τοὺς
3555 2450 3685 2520 περὶ
3719 2449 4054 2503 Ἀθανάσιον.

2481 2547 2593 2599 Καὶ
2629 2544 2764 2607 τέως
2811 2543 2908 2614 μὲν
2958 2543 3302 2611 παραχρῆμα
3347 2541 3437 2592 τὸν
3482 2540 3694 2595 Παῦλον
3745 2540 3882 2610 μετὰ
3913 2542 4059 2594 δυεῖν

2481 2636 2796 2689 ἐπισκόπων
2826 2634 2920 2687 καὶ
2944 2635 3041 2702 τῆς
3067 2633 3232 2701 ἄλλης
3260 2632 3424 2702 τιμῆς
3444 2671 3458 2694 ,
3493 2631 3784 2702 γράμμασί
3815 2649 3874 2684 τε
3897 2633 4058 2684 πάλιν

2481 2732 2595 2790 τοῖς
2638 2727 2862 2790 οἰκείοις
2906 2728 2935 2780 6
2967 2726 3075 2778 τῶν
3115 2723 3386 2794 ἑσπερίων
3432 2723 3716 2793 βασιλεὺς,
3751 2723 3830 2776 ἔτι
3864 2741 3923 2775 τε
3967 2723 4059 2776 καὶ

2481 2823 2595 2884 τοῖς
2621 2819 2727 2873 ἀπὸ
2767 2819 2868 2888 τῆς
2909 2817 3128 2871 συνόδου
3174 2814 3566 2885 κατοχυρώσας
3599 2813 3918 2866 ἀποστέλλει
3967 2814 4060 2866 ἐπὶ

2482 2913 2579 2983 τὴν
2631 2910 3041 2963 Κωνσταντίνου
3101 2906 3280 2962 πόλιν.
3341 2905 3447 2958 Τοῦ
3498 2905 3556 2957 δὲ
3617 2905 3932 2958 Ἀθανασίου
3978 2904 4060 2958 ἐτι

2485 2999 2979 3070 ὑποστελλομένου,
3035 2998 3132 3050 καὶ
3193 2996 3630 3067 ἀμφιϐάλλοντΟς
3692 2995 3867 3049 ἐλθεῖν
3924 2994 4061 3064 πρὸς

2483 3094 2644 3148 αὐτόν
2661 3110 2673 3121 ·
2705 3090 2994 3162 ηὑλαϐεῖτο
3011 3086 3119 3158 γὰρ
3133 3086 3230 3149 τὰς
3245 3086 3353 3138 τῶν
3367 3083 3715 3154 συκοφαντῶν
3734 3082 4058 3152 σκευωρίας·

2485 3189 2514 3240 ὁ
2549 3184 2798 3254 βασιλεὺς
2819 3181 2920 3252 τῆς
2963 3179 3138 3250 Ἐᾠας
3175 3179 3340 3232 αὑτὸν
3373 3179 3471 3247 οὐχ
3509 3177 3656 3242 ἅπαξ
3700 3175 3859 3246 μόνον
3880 3216 3896 3237 ,
3926 3171 4060 3226 ἀλλά

805 3272 939 3322 tera:
983 3268 1154 3338 ipsius
1197 3270 1515 3334 ostendunt,
1551 3288 1673 3340 qua:
1714 3288 1780 3326 ex
1809 3271 2005 3330 Latino
2042 3289 2296 3329 sermone
2331 3273 2388 3328 in
2417 3272 2457 3329 C
2492 3279 2587 3331 καὶ

2271 3290 2296 3329 e
2331 3273 2388 3328 in
2417 3272 2457 3329 C
2492 3279 2587 3331 καὶ
2615 3278 2694 3339 ὃίς
2732 3276 2827 3327 καὶ
2871 3273 2990 3344 τρὶς
3031 3271 3219 3326 ἐκάλει
3265 3273 3398 3341 παρ’
3439 3269 3631 3322 ἑαυτόν
3657 3285 3670 3299 °
3707 3267 3782 3330 ὡς
3822 3265 3892 3319 τά
3932 3263 4057 3335 παρ’

804 3355 1053 3414 ϐτῖεευω
1083 3375 1362 3416 conversae
1386 3362 1467 3420 sic
1495 3363 1700 3417 habent
1730 3380 1743 3417 :

1055 3554 1295 3624 Epistola
1333 3555 1626 3611 Constantii
1663 3558 1734 3610 ad
1769 3557 2138 3613 Athanasium.

987 3646 1346 3711 Constantius,
1388 3648 1577 3730 Victor,
1606 3649 1892 3718 Augustus,
1922 3649 2209 3706 Athanasio

1475 3735 1732 3788 episcopo.

871 3807 1073 3861 lactari
1137 3816 1189 3861 te
1237 3808 1450 3862 diutius
1504 3810 1799 3879 vexarique
1859 3811 2173 3865 saevissimis
2221 3808 2389 3863 maris

811 3898 1092 3961 fluctibus,
1140 3899 1449 3954 clementia:
1485 3910 1684 3956 nostra:
1723 3902 2035 3956 humanitas
2077 3918 2187 3956 non
2233 3901 2385 3955 sinit.

812 3992 924 4050 Nec
948 4000 999 4045 te
1026 3991 1202 4060 patrio
1234 3992 1346 4047 lare
1373 3992 1659 4057 nudatum,
1699 3993 1966 4064 bonisque
1997 3995 2308 4064 spoliatum,
2334 4001 2391 4047 et

815 4083 874 4136 in
905 4083 1138 4139 desertis
1171 4092 1334 4153 atque
1373 4083 1537 4138 inviis
1584 4085 1931 4138 oberrantem
1972 4085 2108 4140 locis
2143 4084 2391 4155 despexit

815 4175 1088 4229 indefessa
1135 4176 1310 4245 pietas
1358 4183 1562 4232 nostra.
1605 4177 1670 4229 Et
1721 4177 1970 4245 quamvis
2013 4177 2214 4231 mentis
2255 4193 2390 4232 mea“:

816 4267 1155 4336 propositum
1185 4267 1343 4336 llo
1370 4268 1437 4321 ad
1470 4275 1522 4322 te
1545 4268 1786 4322 scribere
1817 4268 2026 4323 diutius
2055 4269 2387 4332 distulerim,

814 4369 1139 4428 exspectans
1159 4359 1288 4413 dum
1330 4360 1445 4432 ipse
1484 4369 1575 4413 tua
1612 4369 1803 4428 sponte
1837 4359 1904 4415 ad
1937 4375 2036 4412 nos
2058 4359 2295 4423 venires,
2335 4367 2392 4413 et

815 4467 1188 4509 aerumnarum
1225 4460 1443 4506 tuarum
1475 4453 1778 4507 remedium
1813 4453 2148 4525 postulares:
2184 4462 2386 4514 tamen,

815 4541 946 4609 quia
969 4541 1269 4596 voluntatis
1299 4549 1404 4595 tua:
1436 4542 1778 4611 propositum
1819 4542 2048 4596 fortasse
2078 4550 2256 4594 metus
2287 4540 2391 4593 im—

2486 3367 2649 3422 αῦτοῦ
2672 3367 2977 3436 γράμματα
3019 3362 3287 3430 δεικνύει,
3317 3362 3464 3433 ἅπερ
3499 3363 3563 3414 ὲκ
3604 3363 3704 3428 τῆς
3749 3358 4063 3427 Ῥωμαῖκῆς

2488 3453 2896 3524 μετα6).ηθέντα
2932 3450 3186 3520 γλώσσης
3205 3489 3221 3513 ,
3250 3449 3438 3502 τοῦτον
3469 3448 3582 3520 ἔχει
3613 3447 3705 3501 τὸν
3747 3447 3948 3518 τρόπον
3972 3459 3989 3477 ⁶

2579 3563 2898 3631 Ἐπιστολὴ
2941 3563 3364 3617 Κωνσταντίου
3408 3559 3561 3629 πρὸς
3612 3560 3980 3614 Ἅθανὰσιον.

2486 3656 2935 3721 Κωνστίὶντιος,
2981 3654 3283 3776 Νικνέτὴς,
3315 3653 3699 3740 ᾼῦγουστος,
3743 3649 4067 3717 Ἀθανασιῳ

3141 3738 3435 3776 πισκοπω.

3141 3738 3435 3788 πισκοπῳ.

2571 3819 2697 3872 Ἐπὶ
2726 3817 2861 3870 πολύ
2892 3835 2951 3870 σε
2986 3788 3410 3878 κλυδωνίζεσθάι
3445 3812 3556 3883 (56)
3585 3813 3678 3866 καὶ
3707 3808 4062 3883 χειμάζεσθαι

2488 3913 2600 3974 τοῖς
2647 3911 2746 3980 τῆς
2803 3909 3078 3979 θαλάσσης
3122 3909 3324 3976 ὁμοίως
3376 3905 3616 3976 κύμασιν
3669 3903 3914 3974 ἀγρίοις,
3963 3902 4066 3955 οὐκ

2490 4003 2701 4072 ἀφῆκεν
2745 4005 2778 4073 ἡ
2827 4001 2926 4071 τῆς
2955 4000 3226 4071 ἡμετέρας
3273 3998 3614 4069 ἡμερότητος
3664 3993 4060 4066 φιλανθρωπία.

2490 4092 2852 4164 Γυμνωθέντα
2879 4110 2938 4146 σε
2962 4093 3062 4162 τῆς
3087 4091 3345 4162 πατρῴας
3375 4090 3586 4153 ἑστίας,
3616 4089 3710 4142 καὶ
3734 4085 4064 4158 στερηθέντα

2490 4184 2599 4238 τῶν
2635 4184 2800 4248 ἰδίων,
2838 4185 2933 4237 καὶ
2966 4182 3321 4252 πλανώμενον
3351 4183 3408 4234 ὲν
3443 4181 3762 4250 θηριώδεσιν
3794 4176 4059 4240 ἀνοδίαις,

2489 4277 2549 4329 οὐ
2576 4276 2830 4346 παρεῖδεν
2869 4278 2902 4346 ἠ
2934 4277 3218 4346 ἀκάματος
3253 4274 3412 4344 ἡμῶν
3445 4275 3716 4326 εὐσέϐεια.
3753 4273 3811 4323 Εἰ
3849 4271 3944 4322 καὶ
3967 4286 4062 4321 τα-

2495 4367 2731 4438 μάλιστα
2763 4367 2994 4421 ἐπιπολὺ
3041 4365 3388 4438 ὑπερεθέμην
3430 4365 3637 4435 γράψαι
3681 4363 3778 4435 τὴν
3809 4361 4064 4433 πρόθεσιν

2493 4462 2589 4528 τῆς
2615 4459 2755 4528 ὲμῆς
2791 4458 3062 4519 διανοίας,
3093 4457 3408 4527 προσδοκῶν
3442 4456 3761 4528 αὐθαίρετόν
3791 4472 3850 4506 σε
3885 4470 4063 4523 παρα-

2493 4550 2745 4617 γενέσθαι
2775 4550 2911 4620 πρὸς
2941 4551 3118 4619 ἡμᾶς,
3142 4551 3234 4602 καὶ
3261 4549 3368 4601 τῶν
3405 4550 3667 4618 καμάτων
3697 4549 3870 4600 αἰτεῖν
3903 4545 4061 4615 θερα-

817 4631 1010 4700 pediit,
1042 4630 1250 4685 idcirco
1297 4631 1511 4685 litteras
1555 4631 1904 4701 indulgentia:
1943 4630 2287 4702 plenissimas
2324 4629 2390 4684 ad
2424 4633 2467 4687 D
2500 4639 2603 4691 πείι

2280 4647 2287 4682 ι
2324 4629 2390 4684 ad
2424 4633 2467 4687 D
2500 4639 2696 4691 πείαν·
2739 4639 2888 4708 ὅμως
2928 4639 3117 4709 ἐπειδὴ
3164 4639 3293 4701 ἴσως
3334 4639 3362 4690 6
3406 4639 3566 4706 φόϐος
3605 4637 3702 4706 τὴν
3748 4635 4066 4706 προαίρεσιν

818 4724 1140 4791 gravitatem
1186 4731 1332 4777 tuam
1364 4723 1633 4786 misimus,
1667 4733 1728 4777 ut
1760 4723 1965 4792 absque
2008 4731 2156 4776 metu
2195 4721 2400 4774 nostris
2489 4731 2589 4799 τῆς

2276 4721 2400 4774 stris
2489 4731 2589 4799 τῆς
2615 4731 2712 4799 σῆς
2742 4731 3051 4802 προθέσεως
3089 4729 3360 4793 ἐνεπόδιζέ
3385 4771 3398 4794 ,
3419 4729 3667 4782 διατοῦτο
3699 4728 3903 4797 δωρεᾶς
3930 4725 4062 4795 πλη-

818 4817 1206 4884 conspectibus
1235 4818 1580 4885 praesentiam
1625 4827 1771 4870 tuam
1801 4818 2207 4887 quamprimum
2245 4815 2398 4869 exhi-

820 4905 951 4963 bere
984 4907 1207 4961 festines
1225 4949 1240 4971 ,
1266 4924 1375 4977 quo
1395 4910 1604 4964 scilicet
1627 4928 1850 4981 compos
1878 4920 2130 4966 votorum
2157 4920 2396 4974 tuorum,

2497 4822 2727 4890 ρέστατα
2780 4822 3084 4891 γράμματα
3138 4823 3274 4891 πρὸς
3326 4821 3424 4892 τὴν
3471 4821 3568 4891 σὴν
3619 4819 3953 4889 στερρότητα
3987 4817 4064 4869 δι-

2494 4912 2889 4982 επεμψάμεθαο
2920 4913 3005 4964 ἵνα
3026 4913 3252 4997 ’ἀφόϐως
3291 4915 3408 4973 ταῖς
3443 4911 3737 4982 ἡμετέραις
3767 4908 4064 4978 προσόψεσι

819 5006 876 5054 et
925 4998 1320 5054 humanitatem
1366 5009 1610 5057 nostram
1660 5012 1954 5073 expertus,
2009 5003 2118 5056 tuis
2173 5002 2401 5057 sedibus
2493 5019 2605 5071 ταχι

2276 5002 2401 5056 ibus
2493 5005 2712 5071 ταχεῖαν
2734 5000 2833 5073 τὴν
2857 4995 3053 5054 σαυτοῦ
3080 5000 3382 5072 παρουσίαν
3407 5000 3710 5070 παρασχεῖν
3732 4995 4059 5069 σπουδάσῃς,

2027 5180 2296 5236 VALESII
2335 5181 2882 5241 ANNOTATIONES.

822 5315 984 5368 quam
1001 5297 1089 5351 hic
1115 5297 1281 5351 refert
1303 5297 1575 5361 Socrates,
1602 5297 1784 5352 dubia:
1816 5297 1940 5352 ﬁdei
1972 5298 2108 5352 mihi
2136 5298 2392 5352 videtur:

824 5384 946 5425 nam
974 5378 1030 5421 et
1057 5368 1385 5424 Athanasius
1410 5368 1612 5422 nullam
1644 5368 1762 5438 ejus
1789 5369 2032 5437 epistola:
2063 5369 2395 5423 mentionem

828 5439 991 5496 facit,
1027 5447 1083 5489 et
1121 5454 1317 5491 nomen
1345 5439 1519 5499 Pauli,
1549 5439 1697 5507 quod
1749 5439 1804 5491 in
1851 5455 1915 5491 ea
1962 5447 2158 5500 exstat,
2197 5440 2396 5492 merito

824 5516 1132 5575 suspectam
1193 5508 1372 5560 reddit
1409 5509 1715 5576 epistolam.
1769 5509 1969 5562 Paulus
2000 5510 2146 5560 enim
2179 5509 2394 5576 episco-

827 5586 1086 5662 patusuo
1117 5586 1244 5630 tunc
1291 5579 1633 5662 potiebatur;
1682 5595 1782 5632 nec
1827 5578 2134 5658 Serdicensi
2189 5579 2397 5647 synodo

828 5646 1105 5709 interfuit,
1132 5664 1308 5715 neque
1340 5649 1460 5716 ejus
1495 5648 1718 5702 decreto
1744 5649 2031 5701 restitutus
2072 5656 2174 5708 est,
2201 5646 2261 5700 nt
2299 5664 2392 5700 su-

827 5717 1012 5791 perius
1055 5717 1650 5791 demonstravi._Qua_re
1698 5719 1741 5771 si
1790 5719 1904 5771 hzec
1931 5718 2242 5791 Constantis
2277 5717 2392 5791 epi-

829 5787 965 5839 stola
993 5802 1118 5840 vera
1158 5798 1260 5848 est,
1295 5795 1417 5842 ante
1449 5789 1829 5842 Serdieensem
1869 5787 2136 5856 synodum
2187 5787 2389 5855 scripta

830 5856 993 5917 fuerit
1019 5873 1238 5912 necesse
1280 5866 1381 5912 est.
1416 5859 1657 5928 Denique
1693 5859 1852 5928 epist.
1907 5859 1927 5911 1
1979 5858 2281 5912 Constantii
2323 5857 2388 5911 ad

2497 5301 2877 5362 Athanasium,
2913 5313 3075 5367 quam
3106 5313 3229 5352 mox
3259 5298 3425 5352 refert
3448 5299 3722 5359 Socrates,
3746 5297 3886 5351 hanc
3916 5297 4061 5351 Con-

2497 5372 2696 5424 stantis
2711 5370 2996 5424 enistolam
3023 5367 3143 5420 falsi
3173 5369 3466 5422 convincit.
3500 5367 3589 5420 Ait
3618 5369 3762 5421 enim
3790 5368 4060 5421 Constan-

2492 5441 2602 5494 tius
2645 5456 2704 5495 se
2746 5437 2954 5494 litteris
3002 5438 3069 5491 ad
3124 5437 3348 5492 fratrem
3405 5439 3626 5506 scriptis
3685 5453 3944 5505 rogasse,
4000 5444 4062 5491 ut

2497 5510 2795 5567 Athanasio
2820 5509 2886 5562 ad
2909 5524 3006 5562 sua
3034 5507 3298 5561 redeundi
3325 5517 3644 5576 potestatem
3673 5507 3846 5560 daret.

2567 5579 2676 5649 (56)
2714 5579 2838 5632 Ἐπί
2895 5579 3054 5630 πολύ
3115 5595 3187 5630 σε
3223 5577 3698 5649 κλρδῳνίζεσριιι.
3757 5578 3879 5632 Haec
3919 5577 4062 5649 Con-

2495 5647 2680 5703 stantii
2711 5649 2941 5719 epistola
2975 5664 3080 5701 una
3125 5663 3248 5701 cum
3283 5647 3498 5719 duabus
3533 5647 3654 5719 aliis
3683 5647 4057 5719 sequentibus,

2496 5716 2762 5843 τρίετὲυῶ
2797 5719 2864 5773 ab
2914 5719 3209 5772 Athanasio
3276 5719 3331 5773 in
3400 5717 3721 5773 Defensione
3775 5716 4010 5773 secunda
4041 5755 4058 5780 ,

2496 5805 2615 5843 uae.
2762 5830 2774 5843 .

2496 5805 2615 5858 pag.
2663 5805 2774 5843 [ου.
