4524 6582
443 448 551 506 949

1431 455 1758 511 HISTORIA
1796 451 2360 511 ECCLESIASTICA.
2405 482 2472 489 —
2503 451 2632 505 LIB.
2678 451 2743 504 ll.

3597 446 3707 500 250

446 563 586 633 ὑπὲρ
625 562 719 615 τοῦ
770 564 869 635 τῆς
918 565 1115 620 σαυτοῦ
1164 567 1461 639 ἐπιθυμίας
1520 568 1875 634 ἀπολαύσας,
1920 571 2015 621 καὶ
2044 578 2090 633 Α
2117 572 2230 619 rest

1924 571 2015 621 καὶ
2044 578 2090 633 Α
2117 565 2444 619 restituaris.
2473 565 2647 635 Hujus
2678 565 2828 617 enim
2864 562 2945 617 rei
2985 577 3149 616 causa
3176 556 3467 613 Dominum
3499 574 3563 611 ac
3594 559 3710 611 l'ra-

446 651 728 721 πειραθεὶς
757 654 917 724 ἡμῶν
948 656 1050 725 τῆς
1077 657 1519 729 φιλαδθρωπίας,
1541 661 1653 722 τοῖς
1696 658 1848 721 ἰδίοις
1882 659 2019 711 ἀπο-

448 743 817 815 κατασταθῇς.
862 746 1065 800 Τούτου
1112 749 1220 818 γάρ
1269 749 1431 802 ἕνεκα
1470 749 1564 802 καὶ
1615 748 1706 801 τὸν
1754 748 2022 817 δεσπότην

447 836 540 886 καὶ
565 834 793 905 ἀδελφόν
826 855 926 909 μου
958 839 1291 894 Κώνσταντα
1324 842 1415 894 τὸν
1442 841 1689 912 Νικητὴν
1712 839 2021 909 Αὔγουστον

449 924 588 995 ὑπὲρ
632 926 726 979 σοῦ
764 929 1146 999 παρεκάλεσα,
1180 932 1267 985 ἵνα
1302 932 1398 985 τοῦ
1430 930 1604 984 ἐλθεῖν
1650 931 1902 998 ἐξουσίαν
1938 948 2021 984 σοι

2127 665 2269 709 trem
2292 671 2474 709 meum
2497 654 2853 709 Constantem
2894 654 3172 709 Victorem
3196 650 3500 720 Augustum
3532 663 3631 717 pro
3663 656 3714 700 te

2123 746 2374 801 hortatus
2404 762 2547 810 sum,
2595 753 2655 799 ut
2687 730 2945 799 veniendi
2977 745 3077 799 tibi
3115 740 3449 798 concederet
3482 739 3715 792 faculta-

2122 848 2256 904 tem,
2280 855 2390 909 quo
2428 838 2699 893 ambobus
2728 837 2888 891 nobis
2916 835 3081 891 simul
3118 832 3488 888 annuentibus
3528 829 3716 900 patria:

2124 932 2432 994 restitutus,
2468 930 2575 983 hoc
2601 929 2789 1000 gratiae
2823 935 3026 982 nostra:
3054 927 3253 997 pignus
3282 924 3504 976 habeas.

446 1016 557 1086 δῷ,
602 1019 694 1072 ἐπὶ
737 1020 815 1092 τῷ
875 1023 1202 1095 ἀμφοτέρων
1249 1024 1407 1097 ήμῶν
1462 1024 1903 1093 ἐπινευσάντων,
1952 1025 2021 1095 τῇ
2059 1022 2280 1094 πατρίδι
2321 1022 2813 1092 ἀποκατασταθῇς,
2874 1020 3012 1091 ἔχων
3066 1017 3223 1071 τοῦτο
3250 1017 3348 1086 τῆς
3378 1014 3535 1085 ήμῶν
3559 1014 3715 1084 χάρι-

449 1122 540 1172 τος
565 1109 840 1182 ἐνέχυρον.

663 1225 847 1293 Ἄλλη
888 1226 1180 1296 ἐπιστολὴ
1220 1228 1369 1296 πρὸς
1409 1230 1789 1284 Ἀθανάσιον.

446 1313 1214 1387 Κωστὰγτιος,Νικητὴς,
1268 1321 1637 1389 Αὔγουστος,
1700 1320 2027 1387 Ἀθανασίφ

1090 1389 1419 1456 emancan).

516 1475 579 1527 Et
629 1478 723 1529 καὶ
767 1477 1002 1545 μάλιστα
1042 1479 1131 1533 διά
1181 1481 1464 1551 προτέρων
1509 1482 1853 1553 γραμμάτων
1898 1482 2022 1554 ἐδη-

443 1564 719 1633 λώσαμεν,
748 1566 899 1631 ὅπως
936 1569 1257 1640 ἀμερίμνως
1281 1572 1361 1632 εἰς
1396 1571 1458 1623 τὸ
1488 1571 1761 1643 ἡμέτερον
1791 1572 2023 1643 κομιτά·

2448 1227 2639 1281 Αιιενα
2675 1224 2898 1296 cpistola
2925 1224 2994 1277 ad
3017 1223 3391 1277 Athanasium.

2306 1317 2671 1381 Constantius,
2711 1316 2904 1397 Victor,
2931 1315 3219 1383 Augustus,
3252 1310 3545 1365 Athanasio

2782 1399 3049 1455 episcopo.

2195 1479 2311 1535 Etsi
2347 1478 2727 1550 superioribus
2766 1476 2968 1530 litteris
3000 1471 3220 1527 abunde
3258 1470 3357 1524 tibi
3388 1469 3717 1540 significavi-

2122 1585 2267 1634 mus,
2306 1577 2368 1624 ut
2397 1584 2593 1624 secure
2633 1566 2701 1621 ad
2739 1565 3060 1621 comitatum
3100 1570 3352 1616 nostrum
3381 1560 3619 1625 venires,
3650 1576 3718 1614 eo

441 1672 537 1739 τον
592 1657 914 1729 παραγένῃ,
966 1658 1055 1712 διά
1100 1660 1164 1713 τὸ
1218 1661 1452 1732 μάλιστα
1508 1662 1860 1733 βουλεύεσθαι
1908 1663 2023 1735 (57)
2123 1678 2227 1732 quo

1930 1663 2023 1735 57)
2123 1662 2273 1732 quod
2304 1669 2356 1717 te
2391 1661 2459 1715 ad
2498 1667 2621 1714 tuas
2650 1658 2808 1713 sodes
2847 1656 3128 1710 dimittere
3160 1667 3490 1723 magnopere
3526 1652 3716 1721 cupia-

443 1747 589 1815 ήμᾶς
614 1748 931 1802 ἀποστεῖλαί
963 1766 1023 1802 σε
1058 1752 1140 1813 εἰς
1170 1752 1237 1804 τά
1271 1752 1408 1817 ἴδια,
1435 1754 1583 1824 ὅμως
1612 1754 1706 1807 καὶ
1731 1754 1829 1808 νῦν
1852 1756 2027 1810 ταῦτα
2124 1767 2229 1806 mu:

1930 1756 2027 1810 ῡτα
2124 1767 2285 1807 mus:
2326 1759 2506 1805 tamen
2542 1750 2641 1804 has
2665 1749 2832 1803 etiam
2870 1747 3082 1801 litteras
3108 1742 3175 1798 ad
3219 1742 3540 1814 gravitatem
3567 1749 3716 1795 tuam

438 1838 509 1890 τά
531 1840 830 1909 γράμματα
848 1841 986 1911 πρὸς
1013 1843 1113 1913 τὴν
1139 1844 1238 1913 σὴν
1260 1846 1592 1917 στερρότητα
1619 1845 2025 1918 δεδηλώκαμεν.

2127 1858 2278 1897 nunc
2319 1842 2600 1897 dedimus.
2634 1838 2848 1905 Quibus
2892 1837 3183 1891 hortamur
3215 1841 3279 1888 ut
3321 1833 3441 1887 sine
3476 1832 3585 1886 ulla
3628 1846 3719 1886 su-

440 1927 533 1981 Διδ
565 1931 1017 2001 προτρεπόμεθα,
1047 1934 1221 2003 χωρίς
1254 1951 1401 1999 τινος
1430 1936 1689 2000 ἀπιστίας
1731 1939 1827 1991 καὶ
1858 1938 2025 2007 φόϐου
2058 1930 2101 1989 Β
2132 1932 2226 2001 Spit

1930 1938 2025 1992 ϐου
2058 1930 2101 1989 Β
2132 1932 2379 2001 Spicione
2429 1947 2492 1985 ac
2561 1938 2747 1991 metu,
2794 1925 3109 1982 conscensis
3159 1923 3397 1993 publicis
3447 1922 3716 1977 vehiculis

438 2019 700 2089 ὲπιϐἦναί
728 2038 787 2074 σε
816 2022 1101 2092 δημοσίοις
1131 2026 1406 2097 ὀχήμασι,
1433 2030 1527 2082 καὶ
1554 2029 1855 2084 σπουδάσαι
1885 2032 2022 2103 πρὸς

439 2110 618 2179 ἡμᾶς,
659 2112 750 2165 ἵνα
776 2106 851 2167 ὧν
885 2115 1203 2185 ἐπιθυμεῖς,
1236 2119 1544 2173 ἀπολαῦσαι
1576 2120 1887 2193 δυνηθείης.

688 2224 872 2292 Ἄλλη
901 2224 1198 2295 ἐπιστολὴ
1229 2227 1381 2296 πρὸς
1416 2229 1523 2282 τὸν
1549 2231 1761 2285 αὐτόν.

439 2314 1192 2389 Κωνστάντιος,νΝικητὴς,
1242 2320 1631 2388 Αὔγουστος,
1698 2323 2024 2389 Ἆθανασίῳ

1059 2388 1387 2457 ἐπισκόπῳ.

521 2474 714 2528 Ἠνίκα
754 2478 813 2528 ὲν
843 2479 908 2547 τῇ
949 2478 1140 2551 Ἐδέσῃ
1186 2480 1532 2551 διετρίϐομεν
1553 2522 1566 2545 ,
1598 2482 1881 2553 παρόντων
1914 2484 2021 2537 τῶν

442 2566 553 2618 σῶν
573 2567 984 2637 πρεσϐυτέρων,
998 2569 1195 2640 ἦρεσεν
1211 2572 1357 2635 ὅπως
1374 2574 1772 2637 ἀποσταλέντος
1790 2592 1894 2646 πρε
1903 2576 2020 2627 σϐυ-

439 2657 603 2727 τέρου
640 2659 778 2730 πρὸς
808 2663 887 2726 σὲ,
925 2661 1102 2715 ἐλθεῖν
1146 2664 1285 2733 πρὸς
1326 2665 1387 2718 τὺ
1430 2666 1696 2737 ἡμέτερον
1728 2669 2019 2737 κομιτάτον

442 2749 755 2822 σπουδάσῃς
776 2791 790 2814 ,
810 2754 902 2805 ἐπὶ
923 2753 1001 2822 τῷ
1035 2753 1211 2807 ίδόντα
1231 2772 1291 2808 σε
1310 2756 1410 2827 τὴν
1430 2757 1708 2828 ἡμετέραν
1733 2758 2015 2828 πρόσοψιν,

438 2836 646 2899 εὐθέως
675 2841 755 2901 εἰς
786 2841 888 2910 τὴν
936 2841 1347 2912 Ἀλεξάνδρειαν
1379 2845 1617 2898 ὁδεῦσαι.
1664 2847 1803 2899 Ἀλλ’
1832 2847 2019 2917 ἐπειδὴ

439 2927 694 2992 πλεῖστος
731 2931 923 3000 χρόνος
966 2933 1274 3003 παρῆλθεν,
1302 2936 1395 3004 ἀφ’
1425 2928 1485 2987 οὗ
1532 2938 1835 3007 γράμματα
1864 2937 2021 3001 δεξά-

438 3034 599 3087 μενος
632 3021 761 3089 παρ’
803 3023 963 3092 ήμῶν
1001 3025 1100 3077 οὐκ
1144 3026 1495 3096 ἀπήντησας,
1529 3027 1775 3081 διατοῢτο
1802 3030 1895 3082 καὶ
1925 3028 2020 3084 νῦν

436 3109 753 3180 ὑπομνῆσαί
784 3131 843 3166 σε
890 3116 1342 3188 ἐσπουδάσαμεν,
1389 3119 1475 3170 ἵνα
1518 3119 1612 3171 καὶ
1658 3119 1753 3172 νῦν
1788 3121 1888 3191 τὴν
1921 3122 2020 3193 σὴν

438 3204 747 3272 παρουσίαν
790 3210 1015 3276 ταχεῖαν
1060 3210 1288 3278 ποιῆσαι
1329 3211 1465 3281 πρὸς
1505 3213 1654 3282 ήμᾶς
1688 3213 2016 3285 σπουδάσῃς,

434 3293 531 3345 καὶ
559 3293 702 3347 οὓτω
730 3295 966 3368 δυνηθῇς
1002 3301 1069 3369 τῇ
1099 3299 1318 3370 πατρίδι
1354 3317 1447 3353 σου
1474 3300 2013 3370 ἀποκατασταθῆναι,

432 3383 652 3453 καὶτῆς
678 3384 842 3455 εὐχῆς
886 3403 979 3439 σου
1022 3389 1318 3457 ἐπιτυχεῖν.
1352 3388 1497 3460 Πρὸς
1530 3388 1587 3442 δὲ
1630 3390 2015 3462 πληρεστάτην

431 3471 711 3545 διήγησιν,
758 3477 992 3547 ’Δχήταν
1020 3480 1111 3533 τὸν
1137 3480 1384 3534 διάκονον
1420 3482 1820 3554 ἀπεστείλαμεν
1839 3524 1854 3547 ,
1887 3484 2017 3552 παρ’

433 3556 495 3617 οὗ
529 3562 736 3636 δυνήσῃ
769 3566 961 3637 μαθεῖν
989 3568 1086 3638 τῆς
1107 3586 1166 3621 τε
1184 3569 1463 3641 ήμετέρας
1487 3570 1663 3642 ψυχῆς
1689 3572 1789 3640 τὴν
1827 3572 2021 3643 προαί-

435 3670 608 3720 ρεσιν,
642 3657 738 3709 καὶ
767 3658 849 3711 ὄτι
884 3657 1092 3714 τούτων
1133 3654 1208 3713 ὧν
1252 3660 1386 3732 εὔχῃ
1410 3702 1423 3724 ,
1478 3664 1660 3732 τυχεῖν
1712 3662 1938 3736 δυνήσῃ.

503 3744 721 3810 Ταύτας
764 3750 862 3812 τὰς
894 3750 1182 3815 ἐπιστολὰς
1211 3753 1269 3804 ὲν
1313 3754 1380 3823 τῇ
1426 3752 1689 3824 Ἀκυληΐᾳ
1720 3752 2013 3824 δεξάμενος

449 3834 788 3903 Ἀθανάσιος·
820 3842 937 3894 ἐκεῖ
956 3841 1065 3912 γὰρ
1093 3842 1192 3913 τῆς
1223 3843 1493 3913 Σαρδικῆς
1517 3844 1879 3915 ἀναχωρήσας
1899 3844 2012 3915 (58)

431 3928 699 4001 διέτριϐεν
715 3946 731 3962 ·
756 3933 959 3997 εὐθέως
976 3934 1068 3988 ἐπὶ
1096 3934 1197 4008 τὴν
1240 3936 1458 4008 Ῥώμην
1483 3935 1787 4008 ἀνέδραμεν
1826 3937 1938 4008 (59)
1962 3936 2007 3991 ι.

2123 2024 2192 2078 ad
2240 2041 2342 2080 nos
2386 2023 2577 2079 venire
2617 2021 2868 2086 festines,
2916 2025 2977 2073 ut
3022 2018 3092 2072 iis
3139 2032 3263 2087 qua:
3304 2023 3462 2085 Optas
3508 2013 3715 2085 perfrui

2123 2131 2321 2186 possns.

2525 2225 2649 2282 Alia
2678 2222 2901 2295 epistola
2928 2222 2998 2276 ad
3028 2220 3287 2275 eumdem.

2301 2318 2660 2382 Constantius,
2697 2316 2890 2397 Victor,
2925 2314 3217 2384 Augustus,
3244 2314 3541 2369 Athanasio

2779 2402 3042 2456 episcopo.

2193 2478 2333 2531 Dum
2381 2476 2602 2531 Edessa:
2646 2489 3140 2537 commoraremur,
3187 2482 3549 2545 praesentibus
3591 2492 3718 2546 pre-

2122 2570 2360 2640 sbyteris
2393 2569 2501 2622 tuis
2547 2567 2772 2637 placuit,
2802 2575 2863 2621 ut
2895 2567 3063 2621 misso
3101 2566 3168 2620 ad
3209 2573 3260 2620 te
3296 2566 3620 2637 presbytero
3647 2568 3715 2621 ad

2120 2665 2445 2717 comitatum
2480 2670 2732 2717 nostrum
2773 2661 2967 2716 venire
2998 2675 3349 2730 properares,
3387 2676 3497 2729 quo
3524 2660 3618 2714 ubi
3657 2661 3711 2714 in

2121 2763 2477 2823 conspectum
2551 2752 2854 2823 majestatis
2922 2758 3127 2804 nostra:
3190 2751 3468 2813 venisses,
3530 2750 3713 2804 statim

2120 2845 2504 2899 Alexandriam
2530 2845 2969 2915 proficiscerere.
2997 2842 3101 2895 Sed
3125 2841 3385 2910 quoniam
3414 2842 3714 2910 plurimum

2114 2938 2226 3008 jam
2258 2937 2518 3007 temporis
2548 2936 2817 3006 praeteriit
2842 2951 2909 2990 ex
2937 2950 3047 3004 quo
3076 2934 3323 3005 acceptis
3358 2949 3388 2986 a
3428 2932 3589 2986 nobis
3622 2932 3716 2986 lit-

2121 3029 2256 3083 teris
2282 3045 2389 3082 non
2424 3028 2714 3092 advenisti,
2746 3027 2872 3083 ideo
2916 3035 2968 3082 te
3013 3041 3163 3080 nunc
3204 3040 3427 3094 quoque
3469 3038 3716 3078 commo-

2119 3119 2361 3174 nendum
2422 3120 2758 3184 curavimus,
2814 3133 2925 3187 quo
2966 3117 3313 3187 praesentiam
3362 3124 3509 3170 luam
3554 3114 3718 3168 nobis

2121 3229 2269 3266 nunc
2299 3213 2490 3267 saltem
2524 3212 2745 3267 studeas
2767 3211 3050 3273 exhibere,
3089 3219 3252 3279 atque
3292 3208 3365 3263 ita
3400 3206 3587 3277 patria:
3611 3214 3717 3260 tua:

2123 3304 2339 3359 restitui
2364 3315 2421 3359 et
2440 3304 2552 3359 voti
2577 3304 2655 3358 tui
2677 3318 2903 3373 compos
2936 3302 3053 3356 fieri
3074 3302 3273 3372 possis.
3299 3300 3381 3354 Ad
3410 3300 3715 3369 pleniorem

2124 3404 2309 3452 autem
2343 3397 2616 3461 notitiam,
2667 3394 2930 3450 Achetam
2970 3394 3265 3448 diaconum
3313 3392 3607 3447 misimus:
3648 3408 3715 3448 ex

2124 3505 2235 3558 quo
2270 3487 2485 3543 discere
2514 3488 2743 3557 poteris,
2772 3493 2831 3542 et
2856 3485 3132 3557 quodnam
3175 3484 3250 3538 sit
3281 3484 3485 3538 mentis
3511 3489 3715 3539 nostrae

2124 3578 2491 3649 propositum,
2519 3586 2575 3633 et
2603 3576 2751 3647 quod
2788 3592 2854 3632 ea
2893 3591 3016 3647 quae
3045 3573 3221 3645 cupis,
3265 3573 3425 3628 facile
3452 3589 3713 3630 consecu-

2123 3678 2286 3725 turus
2314 3671 2410 3725 sis.

2190 3763 2297 3817 Has
2329 3761 2588 3832 epistolas
2636 3776 2762 3815 cum
2801 3759 3131 3815 Athanasuus
3170 3756 3479 3827 accepisset
3538 3755 3714 3826 Aqui-

2116 3853 2237 3908 leia:
2285 3870 2297 3906 :
2349 3854 2502 3923 ιιι
2550 3853 2756 3922 quippe
2807 3851 3036 3907 Serdica
3068 3850 3351 3921 digressus
3399 3848 3515 3904 illic
3565 3864 3711 3903 com-

2118 3942 2490 3996 morabatur:
2532 3942 2717 3996 statim
2775 3942 3005 3997 Romam
3061 3938 3366 3995 contendit.
3422 3937 3707 3993 Ostensis-

1638 4098 1909 4155 VALESII
1950 4099 2394 4157 ANNOTATION
2402 4101 2504 4156 ES.

506 4206 620 4280 (:37)
656 4207 761 4261 Διὰ
793 4208 861 4280 τὸ
894 4208 1166 4276 μάλιστα
1192 4212 1619 4276 βουλεύεσθαι.
1656 4215 1813 4280 Apud
1842 4217 2013 4273 Atha-

433 4277 648 4359 msjuin
671 4278 875 4359 rectius
890 4280 1091 4351 legitur
1122 4282 1424 4353 βούλεσθαι,
1442 4294 1497 4338 et
1514 4301 1615 4355 pro
1629 4277 1908 4358 ἓοοδηλώκα
1916 4306 2014 4359 μεν

432 4349 697 4407 scribitur
727 4349 1059 4420 δεδώκαμεν.

659 4418 1069 4495 Ἐκεῖῖἀρζτῆς
1087 4423 1378 4492 Σαρδικῆς
1401 4425 2014 4495 ἁναχωρήσας.Αι1κι-

433 4489 622 4546 nasius
652 4501 774 4563 post
822 4489 1811 4572 Serdicense:concilium,"primuin
1862 4498 2011 4552 Naisi

433 4573 803 4630 commoratus
834 4571 918 4616 est
953 4563 1006 4615 in
1048 4564 1232 4619 Dacia.
1278 4563 1394 4630 Qua
1446 4566 1505 4619 in,
1558 4563 1695 4621 urbe
1740 4568 1953 4622 litteras
1983 4584 2014 4625 a

2116 4219 2209 4289 jus
2233 4219 2590 4287 profectionis
2620 4235 2731 4274 suae
2753 4218 2922 4274 refert
2944 4218 3279 4274 Athanasius
3300 4218 3353 4272 in
3381 4218 3712 4273 Defensionc

2122 4289 2362 4342 secunda
2398 4290 2660 4343 adversus
2689 4290 2942 4354 Arianos,
2974 4300 3035 4344 ut
3071 4290 3282 4343 scilicet
3318 4289 3463 4343 Julio
3486 4304 3637 4358 papa:
3658 4298 3714 4344 ct

2121 4359 2384 4429 Ecclesiae
2442 4361 2721 4423 Romana},
2763 4375 2791 4413 a
2827 4375 2934 4429 qua
2993 4368 3103 4415 tam
3171 4359 3412 4429 benigne,
3450 4369 3713 4427 exceptus

2121 4428 2322 4493 fuerat,
2362 4430 2714 4484 valediceret.
2767 4429 2824 4483 ld
2865 4429 3011 4484 enim
3058 4430 3368 4499 significant
3401 4428 3516 4482 haec
3542 4429 3711 4499 Atha-

2122 4499 2261 4553 nasii
2280 4499 2447 4570 verba
2476 4518 2488 4552 :
2523 4499 2664 4570 Ἐγὼ
2686 4500 2741 4552 δὲ
2759 4499 3048 4570 δεξάμενος
3079 4498 3309 4570 ἀνῆλθον
3338 4499 3416 4560 εἰς
3443 4499 3538 4570 τὴν
3577 4498 3711 4570 1:11)-

2126 4585 2233 4637 μην
2258 4568 2620 4640 συντᾲξασθαι
2639 4572 2704 4639 τῇ
2741 4568 3036 4640 Ἐκκλησία
3053 4569 3146 4622 καὶ
3173 4569 3249 4638 τῷ
3269 4568 3574 4640 ὲπισκόπῳ.
3598 4569 3714 4637 Ego

434 4629 1006 4719 Cons‘tanteﬁugusto
1049 4633 1123 4714 cad
1161 4650 1219 4688 se
1270 4622 1502 4719 scriptas
1546 4638 1777 4719 accepit.
1809 4622 2017 4719 Deinde
2054 4631 2095 4683 ί)
2126 4622 2357 4719 Man/iis
2406 4622 2596 4719 litteris
2628 4622 3117 4719 acceptis;'R.o_niam
3154 4622 3381 4719 perrexi,
3423 4622 3712 4719 υαιὲάὶςιῖι-

435 4700 625 4777 relicta
658 4704 822 4777 Naiso
848 4700 1153 4777 Aquileiam
1181 4700 1458 4773 profectus
1483 4716 1589 4777 est,
1609 4700 1809 4777 ut'ipse
1842 4716 2012 4763 testa-

435 4773 608 4844 turvin
644 4773 997 4844 Apologetico
1017 4773 1084 4844 ad
1124 4774 1511 4844 imperatorem
1536 4773 1937 4833 Constantium.

506 4842 619 4912 (59)
657 4842 782 4895 Ἐπὶ
814 4842 927 4910 τὴν
971 4842 1217 4915 Ῥώμην
1251 4844 1602 4915 ἀνέδραμεν.
1637 4846 1871 4903 Causam
1906 4849 2013 4902 hu-

2121 4725 2210 4780 ras
2230 4708 2480 4780 Ecclesia:
2506 4718 2556 4763 et
2572 4708 2830 4780 episcopo.
2856 4710 3096 4764 Verbum
3118 4708 3269 4780 enim
3294 4708 3710 4780 συντάσσεσθαι,

2121 4777 2174 4902 ig
2216 4779 2509 4902 snguinem,
2544 4777 2609 4835 ut
2639 4777 2817 4835 fusius
2841 4779 3131 4835 observavi
3163 4778 3217 4832 in
3259 4778 3713 4835 annotationibus

2170 4865 2267 4902 use
2311 4865 2474 4902 lanis.
3068 4868 3073 4873 ’

2170 4865 2474 4905 ιιεθωιιηιε.
3068 4868 3073 4873 ’

1884 5005 2266 5065 VARIORUM.

512 5113 531 5152 ὶ
602 5112 823 5183 Ταύτας
868 5112 976 5183 τὰς
1011 5112 1342 5183 ἐπιστολὰς
1380 5116 1712 5183 δεξάμενος
1769 5118 2015 5173 Ἀθανά-

436 5201 593 5259 qtae,
618 5180 835 5259 scatat;
854 5181 1098 5259 éxhn‘pj
1127 5180 1859 5259 Ῥώμῃὴάνέδραμεᾷκὸἰο
1887 5190 2014 5259 qui-

436 5256 561 5309 dem
583 5254 696 5323 ipse
722 5251 1053 5324 Athanasius
1078 5255 1133 5308 in
1152 5251 1415 5324 Apologia
1438 5251 1628 5312 contra
1667 5251 1923 5313 Arianos:
1954 5259 2015 5315 In

436 5326 541 5398 alia
572 5320 754 5398 autem
809 5320 877 5375 ad
906 5320 1286 5398 Constantii-im
1318 5320 1590 5398 Apologia
1643 5336 1894 5394 testatur,
1930 5345 2011 5393 se,

437 5396 659 5473 litteris,
687 5394 808 5473 ejus
855 5395 1092 5473 acceptis
1123 5436 1138 5460 ,
1172 5396 1260 5473 _in_
1304 5394 1612 5473 Gallias—ad
1661 5398 2013 5473 Constantem

438 5466 570 5538 imp.
627 5464 1123 5538 iter-instituisse;
1170 5466 1406 5536 indeque
1456 5468 1685 5522 Romam
1737 5470 2016 5538 profectus

436 5531 863 5611 videtur._(Vide_
882 5531 1144 5611 Albanas.
1167 5539 1285 5611 vol._
1306 5531 1348 5600 ι’,
1373 5554 1426 5606 p.
1458 5538 1605 5611 ﬁl.)
1623 5531 1811 5611 Alit-er
1833 5548 2017 5595 autem

436 5605 794 5676 Athanasium
838 5603 1158 5676 intelligere
1197 5603 1457 5662 videntur
1490 5603 1791 5663 doctissimi
1831 5627 2019 5664 mona-

437 5677 526 5729 chi
576 5671 913 5748 Benedictini
944 5673 1010 5748 _in
1034 5671 1156 5747 Ejus
1194 5679 1339 5741 Vita,
1381 5694 1434 5748 p.
1485 5680 1572 5733 45.
1607 5678 1894 5741 Ηωείιηυε,
1927 5680 2017 5733 ἰη-

435 5748 652 5823 quium,
704 5738 1247 5823 aliquando__ihcerti
1298 5738 1644 5823 Aqiiileiane
1706 5750 1759 5803 in
1792 5738 2013 5813 Gallias,

434 5817 672 5890 acceptis
692 5816 949 5890 Augusti
1000 5818 1220 5890 litteris.
1269 5816 1555 5873 confestim
1584 5828 1731 5875 recta
1760 5837 2019 5890 propera-

437 5886 530 5950 rit.
564 5902 631 5943 ac
674 5887 876 5943 deinde
924 5904 993 5945 ex
1040 5888 1230 5946 Galliis
1270 5890 1609 5946 concesserit
1641 5886 1899 5954 Romam}
1946 5907 2018 5949 an

2120 5120 2372 5190 Aquileia
2424 5118 2706 5189 profectus
2745 5117 3280 5190 ,Romam_ven_erit,
3316 5124 3614 5190 antequam
3640 5116 3715 5171 dc

2122 5187 2296 5255 Italia,
2332 5187 2637 5260 Augustum
2667 5189 2937 5260 aditurus,
2992 5187 3304 5260 decederet.
3354 5187 3557 5260 Verum
3596 5187 3715 5260 jam

2124 5263 2290 5317 nobis
2329 5255 2471 5330 pene
2516 5268 2754 5323 constat,
2800 5258 2930 5328 quia
2976 5257 3320 5330 Athanasius
3352 5255 3706 5330 Adrianopoli

2120 5326 2509 5386 Alexandriam
2564 5326 2872 5400 remigrans
2919 5327 3262 5400 pertransiit,
3298 5326 3545 5395 Aquileia
3594 5327 3706 5379 lto-

2122 5418 2267 5455 mam
2300 5401 2537 5465 venisse,
2558 5397 2847 5470 antequam
2883 5399 2949 5452 ad
2988 5397 3340 5470 Constantem
3364 5405 3709 5470 properaret,

2124 5472 2251 5526 inde
2276 5486 2411 5527 vero
2433 5487 2532 5540 per
2553 5466 2905 5526 Germaniam
2931 5468 3193 5529 secundo,
3223 5476 3288 5540 ut_
3309 5476 3551 5540 putatur,
3574 5466 3707 5540 _ls_tri

2117 5542 2342 5596 flumine
2373 5535 2622 5611 magnam
2667 5540 2884 5611 itineris
2912 5547 3124 5611 partem
3160 5535 3480 5611 confecisse.
3508 5535 3703 5611 Adria-_

2117 5614 2344 5681 nopolin
2409 5607 2534 5665 cum
2584 5610 2957 5680 pervenisset,
3012 5609 3206 5681 decem
3250 5608 3545 5669 laicorum,
3609 5607 3703 5681 qui

2116 5676 2449 5755 Arianorum
2488 5676 2794 5755 praisulum
2808 5681 2994 5755 jussu.
3020 5679 3143 5732 caasi
3161 5676 3423 5755 _fu_erant,
3462 5677 3703 5755 tumulos

2117 5752 2404 5823 conspexit
2448 5746 2675 5823 propter
2700 5746 2905 5823 urbem
2947 5748 3104 5823 sitos.
3138 5748 3289 5823 _l_nde
3339 5764 3472 5804 vero
3508 5746 3700 5802 Antio-

2116 5817 2295 5880 chiam
2332 5817 2641 5880 concedens
2676 5820 3057 5879 Constantium
3086 5817 3241 5874 adiit.
