4524 6582
840 492 935 544 251

2306 487 2640 546 δοειιειτιδ

3973 487 4077 544 Ξοὲ

840 616 948 671 que
979 599 1176 655 litteris
1213 599 1356 656 Julio
1391 604 1666 674 episcopo,
1707 605 2004 660 Eeeiesiam
2034 609 2253 676 quidem
2298 608 2409 662 Ro-
2441 623 2485 677 Α
2527 607 2626 660 ‘Ei:

2298 608 2409 662 llo-
2441 623 2485 677 Α
2527 604 2828 672 Ἐπιδείξας
2870 621 2928 658 τε
2979 605 3048 659 τὰ
3090 605 3396 678 γράμματα
3433 607 3508 676 τῷ
3538 607 3816 678 ὲπισκὸπῳ
3859 608 4074 678 Ἰουλίῳ,

841 709 1054 748 umnam
1081 692 1315 746 maximo
1339 695 1536 763 gaudio
1560 697 1761 752 atl'ccit.
1783 698 1900 753 .lam
1925 700 2071 754 enim
2112 700 2410 755 credebant

841 783 1192 838 orientalium
1231 800 1449 854 quoque
1479 787 1715 855 partium
1748 788 2133 858 imperatorem
2167 789 2408 859 ipsorum

843 877 968 932 fidei
997 877 1330 940 consentire,
1350 879 1551 949 quippe
1581 881 1674 951 qui
1703 881 2057 936 Athanasium
2091 884 2159 937 ad
2199 900 2256 939 se
2284 900 2412 938 evo-

842 980 1008 1024 caret.
1035 969 1213 1024 Julius
1235 986 1369 1026 vcro
1398 971 1464 1026 ad
1486 973 1691 1028 clermn
1722 985 1777 1028 et
1799 976 2060 1046 populum
2092 975 2411 1032 Alexandri-

845 1079 974 1117 num
1005 1062 1120 1118 hazc
1144 1062 1212 1118 de
1247 1063 1546 1122 Athanasio
1571 1067 1823 1137 scripsit:

843 1278 1085 1350 Epistula
1121 1277 1255 1334 Julii
1284 1279 1768 1406 episroyX'HRomani
1789 1283 1857 1336 ad
1895 1282 2288 1340 Alexandrinos
2313 1301 2412 1356 pro

1553 1369 1778 1406 ianasio.

1553 1369 1778 1406 ιαηαειο.

838 1460 1014 1539 Julius
1061 1463 1350 1539 episcopis,
1390 1430 1744 1539 presbyteris,
1794 1465 2066 1539 diagonia,
2115 1476 2163 1519 et
2220 1466 2411 1539 papilla

909 1532 1291 1604 Alexandriam
1331 1533 1610 1598 incolenti,
1645 1533 1845 1588 dilectis
1890 1536 2144 1604 fratribus
2165 1576 2180 1602 ,
2210 1532 2266 1590 iit
2287 1532 2412 1592 ’Βο-

909 1603 1052 1655 mino
1087 1602 1332 1656 salutem.

909 1711 1170 1768 Gratulor
1196 1723 1253 1768 et
1280 1714 1396 1792 ipse
1430 1713 1607 1776 vobis,
1640 1715 1842 1772 fratres
1871 1715 2236 1780 dilectissimi,
2265 1717 2412 1788 quod

839 1803 1078 1859 fructum
1125 1805 1251 1861 fidei
1293 1783 1488 1863 vestra:
1527 1817 1655 1862 ante
1681 1809 1868 1863 oculos
1899 1809 2011 1879 jam
2051 1783 2434 1865 videtisflloe'

2480 691 2572 751 ’ἐν
2619 695 2852 768 μεγίστῃ
2908 696 3007 767 μὲν
3057 697 3202 768 χαρᾷ
3253 691 3356 764 τὴν
3414 697 3699 767 Ῥωμαίων
3752 698 4078 768 Ἐκκλησίαν
4170 738 4174 742 ι

2513 787 2862 858 κατέστησεν.
2907 787 3107 841 Ἐδόκει
3141 789 3248 859 γὰρ
3275 787 3368 840 καὶ
3397 789 3426 840 ὁ
3456 788 3555 858 τῆς
3613 787 3785 858 Ἐῴας
3829 787 4076 858 βασιλεὺς

2514 875 2854 929 συντίθεσθαι
2893 875 3074 929 αὐτῶν
3103 879 3168 948 τῇ
3209 876 3420 943 πίστει,
3457 875 3545 929 διὰ
3569 875 3664 930 τοῦ
3701 877 3887 931 καλεῖν
3925 877 4074 930 Ἀθα-

2512 969 2697 1022 νασιον
2733 969 2864 1040 παρ’
2890 968 3098 1024 ἑαυτόν.
3143 968 3360 1032 Ἰούλιος
3386 969 3444 1023 δὲ
3471 971 3583 1032 τοῖς
3613 971 3671 1023 ὲν
3704 969 4079 1040 Ἀλεξανδρείᾳ

2511 1061 2792 1132 κληρικοῖς
2817 1079 2878 1115 τε
2915 1062 3009 1116 καὶ
3038 1061 3187 1128 λαοῖς
3205 1103 3220 1130 ,
3256 1063 3383 1118 τάδε
3425 1064 3558 1136 περὶ
3615 1063 3936 1120 ’Δθανασίου
3977 1066 4078 1119 ὲπ-

2511 1153 2750 1206 έστειλεν
2766 1166 2783 1183 ⁶

2525 1287 2844 1356 Ἐπιστολὴ
2905 1288 3185 1361 Ἰουλίου,
3221 1288 3562 1361 ἐπισκόπου
3615 1289 3870 1361 Ῥώμης,
3929 1292 4080 1360 πρὸς

2943 1358 3087 1424 τοὺς
3116 1359 3186 1412 ἐν
3219 1358 3649 1429 Ἀλεξανδρείᾳ.

2526 1471 2776 1537 Ἰούλιος
2790 1471 3146 1543 ἐπισκόποις
3159 1473 3258 1527 καί
3276 1474 3697 1543 πρεσϐυτέροις
3709 1475 3841 1542 (60),
3854 1476 3950 1529 καὶ
3964 1474 4082 1528 δια-

2583 1543 2786 1614 κόνοις
2803 1581 2819 1604 ,
2856 1543 2963 1614 grai
2986 1542 3126 1614 Δλαῷ
3156 1545 3546 1614 παροικοῦντι
3569 1542 4078 1614 θἈλεξὰν-δρειαν,

2583 1611 2909 1680 ἀγαπητοῖς
2933 1611 3218 1682 ἀδελφοῖς
3236 1653 3252 1678 ,
3281 1615 3352 1667 ἐν
3373 1615 3569 1683 Κυρίῳ
3599 1616 3848 1684 χαίρειν.

2553 1723 2870 1795 ’Συγχαίρω
2908 1721 3066 1792 κάγὼ
3113 1723 3262 1795 ὑμῖν,
3301 1725 3520 1794 ἀδελφοὶ
3547 1725 3842 1796 ἀγαπητοὶ,
3875 1727 3958 1780 ὅτι
3987 1725 4079 1780 τὸν
4177 1773 4183 1779 .
4225 1719 4228 1721 λ

2515 1815 2726 1886 καρπὸν
2769 1815 2872 1886 τῆς
2905 1814 3115 1868 ἑαυτῶν
3163 1815 3400 1880 πίστεως
3443 1818 3532 1870 ἐπ’
3558 1817 3850 1888 ὀφθαλμῶν
3893 1817 4080 1871 λοιπὸν

838 1898 987 1952 enim
1034 1915 1225 1954 revera
1278 1899 1353 1955 ita
1400 1915 1543 1964 esse,
1577 1901 1760 1970 quivis
1815 1900 1973 1957 facile
2013 1899 2309 1972 perspiciat.
2356 1902 2412 1958 in
2445 1967 2483 1980 ἢ
2513 1909 2624 1978 ὁρᾶ·

2295 1909 2309 1955 I.
2356 1902 2412 1958 in
2445 1967 2483 1980 ἢ
2513 1909 2696 1978 ὁρᾶτε.
2722 1906 2894 1961 Τοῦτο
2917 1906 3268 1980 γὰρ-ἀληθῶς
3304 1908 3371 1962 ἄν
3404 1909 3489 1972 τις
3533 1907 3948 1978 ῖδοιγενόμενον
3984 1909 4081 1963 ἐπὶ

839 1988 1010 2044 fratre
1031 1997 1087 2043 et
1103 1990 1430 2061 coepiscopo
1455 2007 1576 2046 meo
1601 1991 1930 2046 Athanasio:
1955 2009 2115 2062 quem
2141 1994 2282 2049 Deus
2300 2003 2412 2048 tum
2445 1967 2484 2022 Β
2513 1997 2608 2052 τοῦ

2300 2003 2412 2048 tum
2445 1967 2484 2022 Β
2513 1997 2608 2052 τοῦ
2637 1997 2868 2068 ἀδελφοῦ
2903 1999 2998 2052 καὶ
3030 1999 3432 2052 συνεπισκὸπου
3464 2017 3566 2070 μου
3598 2000 3942 2054 Ἀθανασίου.
3981 2002 4081 2056 ’ον

838 2082 912 2138 ob
943 2083 1068 2139 vita:
1101 2084 1492 2155 integritatem,
1523 2096 1638 2138 tum
1672 2085 1744 2140 ob
1784 2101 1978 2156 preces
2014 2097 2226 2142 vestras
2261 2087 2414 2142 vobis
2513 2090 2602 2144 διά

2391 2102 2414 2142 s
2513 2090 2602 2144 διά
2627 2107 2685 2143 τε
2713 2091 2812 2162 τὴν
2837 2089 3184 2162 καθαρότητα
3209 2092 3302 2146 τοῦ
3343 2091 3460 2162 βίου
3478 2133 3493 2154 ,
3525 2093 3620 2146 καὶ
3651 2091 3738 2147 διὰ
3764 2093 3862 2158 τὰς
3888 2093 4081 2165 ύμετέ-
4170 2103 4177 2112 ’

841 2177 1101 2232 restituit.
1128 2179 1206 2232 Ex
1237 2195 1348 2248 quo
1379 2186 1624 2248 apparet,
1657 2194 1819 2247 quam
1854 2195 2018 2248 puras
2044 2195 2262 2249 semper
2294 2181 2413 2250 ple-

840 2285 1046 2339 nasque
1072 2270 1360 2324 charitatis
1399 2286 1589 2340 preces
1623 2270 1937 2325 obtuleritis
1974 2271 2104 2325 Deo.
2149 2272 2415 2327 Mcmorcs

838 2361 987 2414 enim
1018 2361 1322 2416 caalestium
1355 2361 1799 2432 promissionum.
1822 2370 1878 2416 ct
1903 2362 2180 2418 tendentis
2201 2364 2268 2418 ad
2298 2363 2416 2420 illas

842 2452 1210 2508 institutionis
1238 2469 1400 2522 quam
1427 2468 1494 2507 cx
1521 2453 1706 2507 fratris
1734 2453 1840 2508 mei
1866 2453 2143 2508 Athanasii
2165 2454 2414 2510 doctrina

838 2538 1132 2604 didicistis,
1151 2541 1435 2602 verissime
1456 2542 1811 2612 cognovistis,
1845 2550 1900 2596 et
1926 2543 2080 2613 juxta
2111 2552 2313 2598 rectam
2349 2545 2413 2598 fi-

836 2622 965 2686 dem
989 2633 1189 2688 vestris
1227 2633 1507 2688 mentibus
1544 2633 1762 2688 insitam
1795 2634 1848 2688 id
1879 2634 2227 2704 prmvidistis,
2249 2636 2417 2690 Atha-

841 2723 1054 2778 nasium
1089 2739 1198 2778 non
1236 2732 1502 2794 perpetuo
1528 2741 1560 2779 a
1596 2725 1752 2780 vobis
1774 2740 1931 2794 posse
1961 2725 2218 2796 disjungi,
2251 2743 2412 2796 quem

841 2819 897 2873 in
941 2820 1145 2874 sanctis
1174 2819 1494 2888 pectoribus
1537 2819 1736 2874 vestris
1787 2828 2044 2889 tanquam
2091 2829 2415 2890 praesentem

835 2910 1058 2964 assidue
1085 2909 1376 2980 gerebatis.
1400 2910 1666 2976 Quocirca
1700 2909 1834 2964 mihi
1868 2927 2015 2966 nunc
2041 2911 2109 2964 ad
2145 2927 2243 2966 vos
2283 2914 2418 2967 scri-

844 3000 1015 3064 benti,
1044 3000 1230 3054 multis
1255 2999 1437 3054 verbis
1468 3015 1577 3053 non
1604 3005 1687 3053 est
1715 3015 1872 3070 opus.
1901 3000 2246 3072 Quareuuque
2269 3003 2416 3057 ollim

844 3092 1002 3146 vobis
1036 3092 1144 3147 diei
1184 3108 1214 3146 a
1249 3109 1335 3147 me
1366 3091 1664 3162 potuerint,
1698 3107 1762 3146 ea
1785 3093 1897 3162 jam
1923 3093 2321 3163 praeoccupavit
2359 3095 2419 3147 fi-

843 3183 940 3239 des
965 3194 1181 3240 vestra:
1218 3191 1274 3238 ct
1303 3199 1402 3252 per
1439 3181 1644 3237 Christi
1689 3183 1918 3254 gratiam
1965 3185 2234 3254 completa
2267 3195 2416 3248 sunt,

2519 2200 2616 2254 ρας
2639 2182 2837 2253 εὐχὰς,
2877 2185 2907 2238 ὁ
2949 2181 3081 2248 Θεὸς
3111 2185 3240 2256 ύμῖν
3275 2185 3622 2238 ἀποδίδωσιν.
3672 2185 3768 2238 Ἐκ
3795 2185 3860 2256 δὴ
3889 2185 4080 2240 τούτου

2517 2277 2751 2347 συνορᾷν
2781 2275 2963 2340 ἔστιν,
3007 2275 3255 2348 καθαρὰς
3295 2277 3451 2348 ὑμῶν
3485 2279 3580 2332 καὶ
3615 2277 3816 2348 μεστὰς
3855 2278 4079 2348 ἀγάπης

2515 2366 2604 2420 ἀεὶ
2624 2367 2724 2432 τὰς
2746 2367 2912 2438 εὐχὰς
2936 2369 3314 2440 ἀνενηνοχεναι
3337 2369 3472 2440 πρὸς
3501 2369 3592 2423 τὸν
3611 2370 3762 2424 Θεὸν.
3793 2371 3913 2441 Μνή
3922 2389 4078 2440 μονες

2515 2454 2624 2526 γὰρ
2668 2455 2820 2518 ὄντες
2853 2456 2961 2508 τῶν
3007 2457 3272 2528 οὐρανίων
3303 2458 3645 2526 ἐπαγγελιῶν
3683 2461 3778 2514 καὶ
3809 2461 3909 2531 τῆς
3944 2463 4080 2532 πρὸς

2515 2545 2686 2610 αύτάς
2703 2547 2924 2618 ἀγάπης
2941 2547 3078 2620 (Gl),
3096 2548 3163 2618 ἣν
3197 2551 3262 2603 ἐκ
3288 2551 3387 2620 τῆς
3413 2551 3757 2616 διδασκαλίας
3777 2551 3869 2606 τοῦ
3897 2570 4082 2624 προει-

2520 2638 2754 2708 ρημένου
2783 2639 3012 2708 ἀδελφοῦ
3047 2657 3150 2712 μου
3181 2641 3560 2713 ὲπαιδεύθητε,
3591 2643 3795 2712 ἔγνωτε
3829 2645 4044 2714 ἀληθῶς
4063 2686 4079 2711 ,

2517 2729 2612 2780 καὶ
2642 2729 2783 2782 κατά
2809 2728 2908 2800 τὴν
2928 2730 3235 2800 προσοῦσαν
3260 2731 3388 2802 ὑμῖν
3421 2731 3588 2803 ὀρθὴν
3617 2733 3800 2788 πίστιν
3825 2721 4080 2806 κατειλή-

2517 2834 2654 2886 φατε
2697 2819 2891 2885 τοῦτο,
2935 2822 3013 2886 ὡς
3055 2821 3156 2876 οὐκ
3195 2811 3383 2888 ἆν”ἐίς
3423 2825 3577 2888 τέλος
3609 2819 3765 2890 οὗτος
3794 2827 3898 2895 ’ἀφ’
3929 2827 4084 2898 ὑμῶν

2517 2913 3094 2984 ἁποσχοινισθήσεται,
3146 2913 3206 2969 ὃν
3265 2916 3322 2968 ὲν
3381 2917 3503 2980 ταῖς
3565 2917 3871 2972 θεοσεϐέσιν
3929 2919 4084 2988 ὑμῶν

2518 2999 2712 3070 ψυχαῖς
2737 3001 3006 3071 ἐσχήκατε
3033 3001 3109 3066 ὡς
3131 3002 3376 3073 παρόντα
3399 3003 3504 3059 ἀεί.
3533 3004 3742 3057 Οὐκοῦν
3757 3044 3771 3068 ,
3792 3004 3853 3057 ού
3875 3003 4085 3058 πολλῶν

2523 3099 2614 3162 μοι
2645 3092 2802 3162 χρεία
2823 3093 2996 3162 λόγων
3029 3093 3164 3164 πρὸς
3202 3094 3347 3164 ὑμᾶς
3383 3087 3773 3150 ὲπιστέλλοντι.
3803 3095 3946 3149 Ὅσα
3975 3096 4084 3164 γὰρ

2522 3183 2649 3254 ὑμῖν
2675 3184 2919 3238 λέλεκται
2959 3185 3090 3257 παρ’
3127 3185 3284 3253 ἐμοῦ,
3327 3184 3500 3240 ταῦτα
3540 3187 3573 3256 ἡ
3617 3186 3858 3256 ὑμετέρα
3902 3186 4086 3251 πίστις

841 3294 964 3346 qua:
1004 3276 1389 3331 communibus
1434 3275 1578 3330 votis
1629 3289 1821 3329 omnes
1865 3276 2114 3368 optastis.
2157 3275 2420 3331 Gratulor
2447 3308 2492 3368 c
2522 3288 2627 3342 προ

2299 3277 2420 3330 ulm-
2447 3308 2492 3368 c
2522 3271 2827 3342 προῦλαϐε·
2881 3273 2978 3328 καὶ⁵
3029 3273 3388 3346 πεπλήρωται
3435 3275 3576 3330 κατὰ
3631 3275 3868 3347 Χριστοῦ
3925 3279 4085 3348 χάριν

844 3368 1028 3439 itaque
1071 3368 1229 3422 vobis
1271 3384 1284 3421 :
1332 3366 1533 3422 iterum
1569 3367 1718 3420 cnim
1755 3356 1974 3420 dicami
2023 3366 2170 3436 quod
2208 3367 2420 3421 animas
2453 3356 2492 3368 ”
2523 3360 2592 3414 τὰ
2625 3380 2630 3394 ⁴

2304 3383 2420 3421 mas
2453 3356 2492 3368 “’
2523 3360 2592 3414 τὰ
2625 3361 2723 3430 τῆς
2744 3361 2931 3431 κοινῆς
2953 3362 3106 3432 ὑμῶν
3135 3362 3352 3418 πάντων
3377 3363 3558 3434 εὐχῆς.
3595 3365 3883 3436 Συγχαίρω
3909 3367 4086 3420 τοίνυν

847 3471 1054 3516 vestras
1078 3459 1134 3514 in
1175 3459 1376 3514 tuenda
1405 3458 1512 3514 ﬁde
1541 3458 1990 3527 inexpugnabiles
2027 3460 2420 3514 conservastis.
2523 3451 2633 3520 ὑμῖπ

2301 3460 2420 3514 διες,
2523 3451 2684 3520 ύμῖνο
2716 3451 2881 3506 πάλιν
2923 3451 3036 3522 γὰρ
3065 3453 3213 3524 ἐρῶ,
3259 3454 3341 3508 δτι
3379 3453 3476 3517 τὰς
3516 3453 3694 3524 ψυχάς
3725 3455 4087 3526 ἀκαταμαχή-

848 3551 954 3621 lpsi
989 3566 1208 3621 quoque
1235 3550 1389 3605 fratri
1417 3566 1540 3604 meo
1563 3549 1862 3605 Athanasio
1896 3565 2004 3604 non
2028 3549 2209 3606 minus
2233 3559 2422 3620 gratu-
2521 3557 2634 3604 τους

2303 3559 2422 3604 at“-
2521 3557 2648 3604 τους
2693 3542 2753 3595 ὲν
2795 3544 2862 3613 τῇ
2902 3543 3083 3595 πίστει
3134 3543 3494 3614 τετηρήκατε.
3557 3543 3664 3597 Καὶ
3712 3543 3862 3614 αὐτῷ
3905 3544 3962 3596 δὲ
4009 3542 4089 3614 τῷ

849 3640 952 3702 lor,
968 3639 1112 3709 quod
1133 3640 1382 3710 quamvis
1410 3639 1578 3693 multa
1595 3639 2124 3709 acerba-pertulerit,
2143 3655 2422 3708 nunquam
2522 3631 2635 3686 ἀδελ

2303 3655 2422 3693 nam
2522 3631 2734 3704 ἀδελφῷ
2767 3651 2867 3704 μου
2920 3633 3223 3706 Ἀθανασίῳ
3267 3634 3370 3688 ούκ
3411 3633 3633 3688 ἔλαττον
3680 3635 3980 3706 συγχαίρω,
4007 3636 4089 3689 ὃτι

850 3742 1029 3786 tamen
1051 3731 1254 3786 oblitus
1279 3731 1352 3786 sit
1381 3731 1663 3786 charitatis
1685 3747 1751 3786 ac
1785 3731 2045 3786 desiderii
2074 3732 2264 3786 vestri.
2289 3732 2423 3786 Nam
2523 3723 2636 3778 καίπ

2304 3732 2423 3786 Nam
2523 3723 2725 3796 καίπερ
2751 3724 2920 3778 πολλά
2963 3725 3188 3795 πάσχων
3211 3723 3430 3796 λυπηρά
3450 3767 3465 3788 ,
3499 3725 3756 3796 οὐδεμίαν
3785 3726 3934 3798 ὥραν
3971 3729 4090 3780 ὲπι-

850 3825 976 3878 liret
997 3823 1064 3879 ad
1091 3834 1304 3893 tempus
1319 3838 1547 3893 corpore
1567 3838 1598 3877 a
1615 3822 1772 3877 vobis
1788 3822 2076 3877 videbatur
2091 3823 2424 3888 abstractus,
2522 3811 2636 3883 λήσλ

2297 3832 2424 3888 :tus,
2522 3811 2746 3883 λήσμων
2777 3813 2967 3882 γέγονε
3011 3814 3111 3882 τῆς
3145 3812 3415 3882 ὑμετέρας
3445 3811 3666 3881 ἀγάπης
3697 3811 3792 3864 καὶ
3827 3811 3921 3864 τοῦ
3959 3813 4083 3882 ὑμε.

850 3916 1044 3984 spiritu
1080 3925 1258 3970 tamen
1292 3930 1533 3984 praesens
1567 3913 1848 3968 vobiscum
1880 3923 2146 3984 perpetuo
2166 3915 2428 3968 versalia-
2522 3903 2636 3974 τέρε

2305 3915 2428 3968 alia-
2522 3903 2680 3974 τέρου
2717 3904 2902 3957 πόθου.
2950 3903 3015 3958 Ei
3062 3903 3172 3974 γὰρ
3216 3905 3312 3956 καὶ
3357 3902 3436 3972 τῷ
3482 3901 3694 3972 σώματι
3726 3903 3860 3976 πρὸς
3898 3904 4091 3972 καιρὸν

853 4017 962 4063 tur.
999 4009 1176 4076 Atque
1220 4021 1322 4076 ego
1366 4006 1608 4074 quidem,
1651 4004 2014 4068 dilectissimi,
2063 4021 2255 4060 omnes
2308 4005 2426 4062 illas
2525 3997 2639 4061 ἔδοξ

2308 4005 2426 4062 illas
2525 3997 2700 4061 ἔδοξεν
2731 3998 2826 4066 ἀφ’
2871 3996 3026 4066 ὑμῶν
3067 3993 3476 4066 ἀφελκυσθῆναι
3496 4033 3512 4058 ,
3544 3994 3680 4049 ἀλλά
3707 3995 3788 4066 τῷ
3820 3995 4089 4066 πνεύματι

853 4115 987 4169 quas
1016 4099 1239 4169 pertulit
1265 4098 1600 4160 vexationes,
1631 4111 1741 4150 non
1767 4096 2026 4166 inglorias
2065 4112 2167 4150 nec
2196 4097 2423 4152 inutiles
2522 4088 2639 4142 διαπ

2303 4097 2423 4152 tiles
2522 4088 2831 4152 διαπαντὸς,
2850 4088 2926 4154 ὡς
2951 4087 3124 4142 συνὼν
3153 4088 3282 4160 ύμῖν
3302 4087 3479 4156 διῆγε.
3514 4087 3624 4141 Καὶ
3653 4086 4089 4158 ἔγωγε,ηάγαπη-

853 4191 1020 4246 fuisse
1059 4189 1334 4245 existimo.
1360 4189 1494 4244 Nam
1533 4196 1590 4243 et
1613 4197 1794 4242 vestra
1814 4196 1872 4241 et
1914 4187 2061 4242 illius
2087 4186 2220 4241 ﬁdes
2247 4204 2310 4241 ea
2337 4204 2425 4242 ra-
2521 4181 2624 4245 τοὶ,

2305 4210 2310 4241 ι
2337 4204 2425 4242 ra-
2521 4181 2624 4245 τοὶ,
2653 4180 2743 4234 τὸν
2761 4179 3050 4250 γενόμενον
3076 4180 3197 4234 κατ’
3229 4178 3393 4232 αὑτοῦ
3416 4179 3596 4233 πάντα
3619 4179 3956 4250 πειρασμὸν,
3991 4181 4091 4232 οὐκ

855 4281 1003 4336 tione
1042 4281 1110 4336 ab
1137 4280 1410 4335 universis
1440 4279 1655 4350 cognita
1692 4287 1750 4334 et
1781 4279 2136 4348 comprobata
2173 4286 2277 4332 est.
2310 4279 2428 4334 Nisi
2523 4273 2641 4339 ἄδοξ

2310 4279 2428 4334 Nisi
2523 4273 2710 4339 ἄδοξον
2743 4271 2983 4343 ἡγοῦμαι
3013 4271 3363 4342 γεγενῆσθαι.
3392 4272 3503 4326 Καὶ
3528 4271 3638 4342 γὰρ
3664 4273 3760 4325 καὶ
3790 4273 3824 4342 ἡ
3852 4272 4094 4342 ὑμετέρα

852 4374 1002 4430 enim
1030 4382 1110 4428 tot
1140 4388 1204 4427 ac
1231 4380 1392 4427 tanta:
1412 4371 1770 4442 contigissent
1790 4371 2127 4435 vexationes,
2162 4371 2286 4440 quis
2326 4387 2426 4426 uu-
2525 4366 2618 4419 καὶ

2326 4387 2426 4426 υιι-
2525 4366 2618 4419 καὶ
2639 4366 2674 4436 ἡ
2703 4363 2896 4418 τούτου
2925 4363 3107 4428 πίστις
3133 4362 3380 4434 ἐγνώσθη
3411 4365 3563 4438 παρά
3595 4366 3730 4420 πᾶσι
3754 4366 3850 4418 καὶ
3887 4365 4092 4419 δεδοκί-

855 4482 1016 4536 quam
1053 4464 1324 4528 crederet,
1357 4473 1451 4518 aut
1477 4479 1575 4517 vos
1610 4461 1677 4516 de
1708 4469 1857 4517 tanto
1887 4461 2146 4532 episcopo
2177 4463 2282 4516 tale
2337 4470 2426 4516 tu-
2528 4473 2640 4527 μασ

2337 4470 2426 4516 tu-
2528 4472 2750 4527 μασται.
2801 4456 2864 4509 Εἰ
2907 4455 3017 4526 γάρ
3075 4453 3152 4525 μὴ
3197 4452 3435 4508 τοσαῦτα
3481 4456 3856 4528 συμϐεϐήκει,
3898 4455 3984 4518 τίς
4027 4454 4092 4508 ἂν

850 4559 980 4614 lisse
1003 4555 1290 4628 judicium,
1315 4565 1570 4624 tantoque
1596 4553 1878 4608 clmritatis
1903 4554 2059 4622 112
2082 4553 2281 4608 ardore
2298 4568 2426 4607 eum
2526 4548 2636 4601 ἐπί(

2308 4568 2426 4607 eum
2526 4545 2940 4616 ὲπίστευσεν,ῆ
2989 4547 3134 4616 ὑμᾶς
3176 4546 3445 4618 τοσαύτην
3485 4547 3666 4616 κρίσιν
3697 4547 3794 4600 καὶ
3827 4546 4094 4616 τοσαύτην

854 4650 1166 4720 complexos
1204 4663 1344 4712 esse,
1391 4656 1489 4701 aut
1527 4646 1678 4700 illum
1721 4653 1801 4699 tot
1831 4660 1894 4699 ac
1927 4644 2092 4698 tantis
2128 4645 2425 4699 virtutibus
2457 4668 2500 4722 υ
2527 4637 2638 4706 ἀγά

2307 4645 2425 4699 ibus
2457 4668 2500 4722 υ
2527 4637 2748 4708 ἀγάπην
2775 4638 2903 4708 περὶ
2933 4636 3025 4690 τὸν
3053 4635 3366 4706 τηλικοῦτον
3381 4638 3678 4722 ἐπίσκοπον
3706 4637 3873 4709 ἔχειν,
3896 4638 3930 4709 ἥ
3953 4641 4093 4691 ἐκεῖ-

857 4751 1107 4797 ornatum
1137 4739 1334 4804 fuisse,
1365 4747 1587 4810 propter
1617 4752 1751 4808 quas
1773 4735 2074 4790 cwlcstium
2105 4735 2266 4789 etiam
2291 4752 2426 4806 prae-

857 4833 1094 4887 miorum
1130 4848 1224 4902 spe
1250 4831 1473 4885 minime
1510 4828 1846 4885 fraudandus
1893 4825 2025 4881 est?
2061 4825 2306 4897 Adeptus
2341 4836 2425 4881 est

858 4923 1026 4994 igitur
1057 4922 1420 4992 undecunque
1447 4921 1742 4992 gloriosum
1778 4919 2138 4974 confessionis
2173 4919 2422 4974 testimo-

862 5017 1035 5080 nium,
1070 5025 1184 5072 tum
1225 5017 1278 5070 in
1311 5017 1436 5079 hoc,
1483 5024 1596 5069 tum
1646 5014 1700 5068 in
1747 5013 1932 5068 futuro
1969 5013 2189 5067 szeculo.
2232 5011 2428 5067 Multas

861 5109 1156 5179 siquidem.
1198 5109 1533 5164 calamitates
1579 5115 1722 5162 terra
1787 5104 2036 5174 marique
2092 5119 2423 5174 perpessus,

2533 4749 2621 4786 vov
2677 4729 2964 4792 τοσαύταις
3010 4733 3234 4802 ἀρεταῖς
3276 4715 3738 4802 περιϐεϐλῆσοᾶι,
3780 4729 3849 4783 δι’
3895 4729 3962 4794 ἀς
4001 4731 4096 4783 καὶ

2531 4824 2628 4894 τῆς
2684 4824 2744 4875 ἐν
2797 4823 3046 4892 οὐρανοῖς
3101 4823 3318 4887 ἐλπίδος
3369 4825 3472 4877 οὐκ
3522 4823 3799 4894 ἀλλότριος
3855 4822 4092 4890 γένοιτο;

2536 4915 2796 4984 Ἐπέτυχε
2827 4913 3005 4967 τοίνυν
3043 4914 3341 4985 οίῳδὴποτε
3387 4914 3576 4986 τρόπῳ
3621 4914 3718 4968 καὶ
3759 4915 3816 4966 ὲν
3855 4914 3933 4986 τῷ
3967 4915 4094 4981 νῦν,

2525 5007 2621 5061 καὶ
2644 5007 2703 5059 ὲν
2737 5005 2816 5076 τῷ
2848 5005 3134 5077 μέλλοντι,
3162 5007 3258 5061 καὶ
3303 5003 3595 5078 ὁμολογίας
3633 5006 3840 5074 ἔνδοξον
3891 5025 4096 5079 μαρτυ-

2531 5097 2672 5169 ρίαν.
2703 5096 2986 5168 Διαφόρως
3019 5096 3128 5169 γὰρ
3156 5099 3299 5153 κατά
3322 5114 3380 5152 τε
3406 5097 3512 5168 γῆν
3535 5096 3630 5152 καὶ
3657 5098 3799 5152 κατὰ
3828 5097 4095 5152 θάλατταν

2055 5272 2326 5328 VALESII
2363 5268 2909 5330 ANNOTATIONES.

960 5420 1046 5490 60)
1085 5417 1337 5490 ἸούλιοςΔ
1362 5417 1717 5490 ἐπισκόποις
1746 5407 2332 5490 ’καὶ-πρεσβυτέροις.
2364 5407 2422 5462 In

960 5420 1046 5490 60)
1085 5419 1325 5482 Ἰούλιος
1365 5419 1717 5478 ἐπισκόποις
1757 5419 1852 5463 καὶ
1891 5419 2332 5489 πρεσβυτέροις.
2365 5419 2422 5462 lu

857 5419 1053 5547 codice
1079 5488 1278 5543 Leonis
1314 5487 1491 5542 Allatii
1532 5495 1588 5540 et
1619 5482 1762 5554 apud
1797 5481 2152 5554 Athanasium
2197 5495 2250 5532 Ill
2276 5477 2427 5554 Apo-

863 5562 1007 5633 logia
1037 5558 1272 5614 secunda
1296 5557 1556 5633 adv_er_su_s
1579 5548 1808 5633 Arianos
1845 5552 2046 5633 desnuut
2073 5548 2199 5633 .lnee
2237 5549 2425 5611 verba,

865 5618 1184 5691 ἒτᾶσκόποις
1218 5629 1330 5685 καί.
1380 5625 1883 5704 Epiphanius__vero
1925 5618 2293 5704 scholasticus
2331 5635 2428 5688 pro

864 5704 955 5757 his
985 5701 1168 5756 verbis
1205 5701 1399 5770 legisse
1427 5691 1691 5770 'videtun
1715 5693 1928 5752 Ἰούλιος
1971 5691 2264 5770 ἐπίσκοπος
2299 5706 2428 5770 πρε-

873 5772 1174 5842 σϐυτέροις,
1209 5766 1316 5824 etc.
1351 5771 1526 5836 Quam
1571 5766 1857 5820 lectionem
1899 5767 2120 5814 secutus
2154 5771 2238 5814 est
2265 5766 2427 5813 etiam

862 5843 1413 5910 Christophorsmms.

945 5912 1057 5977 (til)
1084 5898 1187 5966 lini
1221 5911 1328 5975 τῆι-
1375 5909 1520 5976 πρὸς
1557 5907 1740 5972 αὐτὰς
1771 5903 2005 5970 ἀγάπης
2060 5899 2212 5967 Apud
2254 5898 2427 5953 Atlm-

2532 5406 2746 5461 nasium
2785 5405 2988 5483 legitur
3017 5401 3238 5472 καὶτῆς
3272 5401 3408 5483 πρζλς
3441 5399 3636 5483 αύτούς
3667 5399 3908 5483 ἀγωγῆς.
3942 5399 4096 5483 Quod

2533 5493 2641 5532 non
2685 5469 2875 5546 probo.
2905 5475 3038 5530 Nam
3063 5543 3072 5546 _
3096 5469 3204 5528 aut
3239 5469 3588 5546 scribendum
3638 5479 3724 5526 est
3769 5469 3902 5540 πρὸς
3932 5469 4098 5546 αὑτὰς

2533 5541 2774 5620 ἀγωγῆς,
2804 5543 3476 5620 supplc_r&g_é1:gtyy§).iaq
3497 5558 3510 5572 ο
3543 5550 3637 5620 aut
3679 5549 3827 5620 certe
3851 5541 4095 5620 scribent»

2533 5610 2674 5671 dunt
2693 5610 2779 5672 est
2798 5610 3054 5691 τῆςῖπρδς
3086 5610 3281 5677 αὐτοὺς
3306 5610 3551 5691 ἀγόιπης,
3581 5610 3763 5691 est,
3794 5620 3994 5691 mutum.
4014 5610 4090 5691 iu-

2537 5697 2614 5741 tcr
2642 5704 2732 5742 vos
2765 5678 3055 5760 clra'ritdtis
3085 5678 3568 5760 ηιεῃιοτ-ρεξΑιεγιιο
3610 5681 3684 5760 ita
3723 5678 4094 5760 legissc_vi3l.e-

2539 5768 2628 5812 tur
2651 5757 2988 5829 Epiphanius
3024 5756 3410 5829 Scholasticus.
3456 5748 3546 5829 Sic
3591 5752 3735 5829 enim
3775 5748 4095 5829 νονιίιεηςρ

2538 5818 2711 5882 mures
2730 5818 2868 5880 enim
2899 5829 3019 5881 estis
3057 5825 3280 5880 ru‘lrstiu
3307 5846 3334 5879 η
3375 5824 3795 5892 promissionum,
3831 5830 3986 5874 atoue
4015 5818 4098 5872 dt"-

2536 5899 2784 5955 lrrtionis.
2810 5906 2911 5951 etc.
