4524 6582
463 439 568 498 εεε

1450 443 1777 501 HISTORIA
1812 444 2367 502 ECCLESIASTICA.
2406 477 2475 486 —
2516 447 2649 502 LIB.
2694 448 2757 502 ll.

3622 463 3727 521 εει.

467 555 637 610 πολλὰ
678 555 993 629 πειρασθείς
1046 556 1160 629 (6i)
1181 597 1196 622 ,
1234 557 1335 630 τὴν
1394 561 1701 631 σκευωρίαν
1729 562 1909 614 πᾶσαν
1940 561 2038 631 τῆς
2068 567 2110 622 Α
2141 577 2249 616 eun

1940 561 2038 631 τῆς
2068 567 2110 622 Α
2141 573 2369 619 cunctas
2412 564 2631 621 Arianae
2672 568 2945 623 haereseos
2984 566 3208 624 insidias
3242 573 3619 641 conculcavit;
3662 592 3726 631 ac

480 647 763 719 ’Δρειανῆς
809 647 1075 721 αἱρέσεως
1112 649 1459 719 κατεπάτησε
1482 689 1497 714 ,
1530 652 1625 704 καὶ
1665 650 1925 712 πολλάκις
1953 650 2041 703 διὰ

468 738 665 808 φθόνον
692 738 787 792 καὶ
812 739 893 802 είς
923 738 1167 793 κίνδυνον
1200 740 1635 805 ἐπιϐουλευθεὶς,
1671 742 2040 812 κατεφρόνησε

468 829 701 882 Θανάτου
722 869 737 893 ,
762 829 1168 900 φρουρούμενος
1188 830 1293 883 ὑπὸ
1314 830 1408 883 τοῦ
1429 832 1868 903 παντοκράτορος
1886 830 2040 894 Θεοῦ,

466 921 559 975 καὶ
600 921 694 975 τοῦ
724 924 927 993 Κυρίου
960 925 992 993 ή
1004 922 1119 992 μῶν
1161 922 1335 994 Ἰησοῦ
1366 922 1603 995 Χριστοῦ
1625 939 1639 954 ο
1668 922 1904 986 ἐλπίζων
1926 921 2041 991 ἅμα

465 1015 560 1067 καὶ
604 1014 705 1077 τὰς
749 1014 1041 1079 ἐπιϐουλάς
1088 1014 1388 1077 ἐκκλίνειν,
1439 1015 1534 1067 καὶ
1589 1013 2042 1085 άποκατασταθή-

466 1104 656 1158 σεσθαι
682 1105 818 1175 πρὸς
847 1106 1116 1175 ὑμετέραν
1150 1107 1496 1178 παράκλησιν
1515 1147 1529 1170 ,
1558 1107 1738 1176 φέρων
1768 1105 1897 1176 ὑμῖν
1924 1103 2043 1175 ἅμα

465 1195 531 1249 ἐκ
556 1195 657 1266 τῆς
687 1194 958 1266 ὑμετέρας
1013 1196 1375 1267 συνειδήσεως
1426 1195 1646 1267 μείζονα
1673 1195 1742 1249 τά
1784 1194 2039 1265 τρόπαια.

478 1290 568 1344 Ἐν
595 1284 675 1354 οἷς
720 1292 816 1344 καὶ
859 1290 987 1361 ἄχρι
1012 1291 1299 1361 τερμάτων
1340 1293 1520 1361 πάσης
1563 1290 1662 1360 τῆς
1695 1289 1802 1360 γῆς
1832 1288 2042 1354 ἔνδοξος

465 1380 712 1453 ἐγνώσθη
735 1420 749 1447 ,
778 1381 1127 1452 δοκιμασθεὶς
1166 1384 1231 1435 ἐκ
1270 1382 1364 1435 τοῦ
1397 1382 1511 1452 βίου
1532 1422 1547 1446 ,
1582 1380 2041 1453 παρρησιασάμε-

465 1490 556 1537 νος
596 1473 697 1543 μὲν
746 1476 811 1544 τῇ
859 1473 1117 1543 προθέσει
1168 1474 1261 1527 καὶ
1312 1476 1378 1544 τῇ
1404 1472 1631 1545 οὐρανίᾳ⁸
1679 1471 2036 1542 διδασκαλίᾳ·

467 1564 805 1636 ἀποδειχθεὶς
847 1565 905 1619 δὲ
948 1566 1202 1635 ἀθανάτῳ
1242 1566 1418 1636 κρίσει
1454 1567 1581 1637 παρ’
1622 1564 1775 1634 ὑμῶν
1813 1562 2041 1632 ἀγαπώ-

469 1675 651 1727 μενος.
697 1658 1086 1730 Ἐπανέρχεται
1114 1656 1400 1726 τοιγαροῦν
1426 1656 1561 1727 πρὸς
1591 1656 1766 1724 ὑμᾶς,
1800 1652 2041 1724 λαμπρό-

464 1763 620 1817 τερος
648 1746 744 1801 νῦν
772 1748 805 1817 ἢ
830 1750 919 1802 ὅτε
961 1748 1092 1819 παρ’
1124 1747 1277 1817 ὑμῶν
1304 1746 1673 1817 ἀπεδήμησεν.
1711 1745 1774 1798 Εί
1802 1744 1913 1816 γὰρ
1942 1744 2038 1797 καὶ

462 1839 561 1903 τὰς
589 1838 775 1907 τιμίας
804 1837 965 1899 ὕλας,
996 1836 1197 1907 χρυσὸν
1224 1837 1288 1907 δὴ
1329 1836 1471 1905 λέγω
1511 1837 1605 1889 καὶ
1648 1836 1887 1908 ἄργυρον
1906 1880 1921 1904 ,
1956 1840 2037 1902 είς

2146 671 2288 725 saepe
2318 672 2416 726 per
2458 659 2719 716 invidiam
2759 662 3092 731 fraudesque
3133 663 3483 719 inimicorum
3519 666 3575 720 in
3606 669 3729 724 vita:

2143 745 2441 801 discrimen
2475 748 2773 815 adductus,
2810 759 3042 806 mortem
3078 754 3435 823 contempsit,
3478 757 3729 827 omnipo-

2144 837 2309 891 tentis
2347 839 2443 892 Dei
2478 847 2533 893 et
2571 840 2701 895 Jesu
2742 841 2944 896 Christi
2988 842 3203 896 Domini
3250 845 3426 899 nostri
3470 847 3725 915 praesidio

2142 928 2389 984 munitus
2417 947 2429 957 ·
2457 931 2738 987 conﬁdens
2762 932 3009 988 futurum
3031 942 3091 988 ut
3119 950 3229 989 non
3261 935 3438 989 solum
3468 938 3725 993 inimico-

2142 1034 2266 1073 rum
2294 1020 2521 1076 insidias
2546 1022 2833 1093 effugeret,
2866 1040 3061 1078 verum
3108 1026 3274 1080 etiam
3305 1025 3461 1080 vobis
3498 1027 3565 1081 ad
3594 1043 3728 1083 con-

2139 1112 2467 1168 solationem
2485 1123 2725 1170 vestram
2760 1116 3173 1184 restitueretur,
3206 1118 3412 1188 majora
3437 1119 3723 1173 vobiscum

2141 1213 2345 1275 tropaea
2384 1205 2629 1261 referens
2667 1223 2734 1262 ex
2777 1208 3109 1263 conscientia
3156 1221 3303 1263 recte
3331 1208 3618 1263 factorum.
3645 1211 3724 1264 Ex

2141 1296 2344 1366 quibus
2371 1297 2437 1351 ad
2467 1305 2744 1353 extremos
2784 1314 2959 1368 usque
2992 1308 3260 1354 terrarum
3293 1300 3429 1354 lines
3452 1300 3725 1371 gloriosus

2142 1386 2401 1451 innotuit,
2427 1388 2497 1442 ob
2518 1388 2641 1442 vita;
2666 1388 3033 1459 integritatem
3053 1389 3336 1459 probatus,
3364 1397 3419 1444 et
3441 1391 3495 1443 in
3520 1406 3722 1461 propo-

2140 1479 2248 1533 sito
2275 1479 2496 1549 quidem
2533 1480 2703 1534 animi
2728 1480 2812 1535 sui
2840 1480 3160 1550 cmlestiqne
3183 1482 3433 1536 doctrina
3467 1482 3720 1538 fiduciam

2139 1586 2336 1641 gerens
2374 1589 2387 1625 :
2414 1580 2599 1626 vestro
2624 1579 2805 1625 autem
2830 1571 3100 1626 constanti
3144 1586 3207 1625 ac
3229 1581 3493 1641 perpetuo
3511 1573 3723 1643 judicio

2139 1663 2373 1717 dilectus
2398 1671 2558 1732 atque
2580 1662 2881 1716 adamatus.
2918 1661 3078 1715 Redit
3094 1678 3223 1732 ergo
3251 1662 3341 1723 ille
3369 1678 3515 1718 nunc
3540 1664 3606 1720 ad
3625 1680 3724 1718 vos

2139 1752 2491 1821 splendidior,
2511 1767 2674 1821 quam
2691 1766 2815 1805 cum
2832 1766 2862 1805 a
2879 1751 3033 1805 vobis
3050 1751 3373 1807 discederet.
3389 1753 3522 1807 Nam
3534 1753 3577 1808 si
3595 1770 3720 1824 pre-

2142 1844 2279 1897 tiosa
2306 1844 2539 1905 metalla,
2560 1858 2756 1905 aurum
2773 1842 2897 1897 dico
2916 1850 2971 1897 et
2989 1852 3294 1913 argentum,
3316 1845 3455 1914 ignis
3478 1846 3723 1915 explorat

463 1928 811 2000 καθαρότητα
837 1929 899 1981 τὸ
934 1928 1048 2000 πῦρ
1090 1927 1369 1998 δοκιμάζει
1393 1966 1409 1991 ,
1435 1928 1488 1980 τί
1517 1928 1582 1982 ἄν
1613 1946 1695 1991 τις
1738 1929 1885 1982 εἴποι
1915 1930 2036 1983 κατ’
2068 1914 2111 1969 Β
2140 1947 2248 2001 acp

1933 1930 2036 1983 ιατ’
2068 1914 2111 1969 Β
2140 1947 2202 1986 ac
2214 1939 2429 2002 purgat,
2457 1931 2589 2001 quid
2608 1931 2675 1985 de
2694 1938 2846 1984 tanto
2864 1931 2983 1985 viro
3000 1931 3386 2002 pro-dignitate
3406 1932 3513 1987 dici
3528 1914 3719 2004 possit,

462 2020 622 2085 ἀξίαν
662 2019 758 2073 τοῦ
799 2021 1055 2073 τοσούτου
1106 2020 1337 2089 ἀνδρὸς,
1384 2019 1442 2081 ὃς
1492 2018 1765 2072 τοσούτων
1804 2018 2037 2087 θλίψεων

464 2114 676 2185 πυρὰν,
708 2114 802 2167 καὶ
836 2112 1125 2176 τοσούτους
1155 2110 1433 2173 κινδύνους
1464 2111 1575 2181 (65)
1605 2113 1866 2183 νικήσας,
1897 2112 2034 2165 ἁπο-

463 2206 662 2260 δίδοται
687 2204 781 2259 νῦν
827 2207 955 2276 ὑμῖν
985 2203 1194 2267 ἀθῶος,
1243 2204 1304 2257 οὐ
1337 2204 1465 2271 παρ’
1488 2202 1644 2273 ήμῶν
1677 2204 1870 2274 μόνον,
1901 2203 2037 2262 ἀλλὰ

464 2298 559 2351 καὶ
593 2298 723 2369 παρ’
741 2297 960 2367 ἁπάσης
982 2296 1079 2365 τῆς
1109 2294 1327 2348 συνόδου
1351 2295 1669 2364 άποδεχθείς
1692 2295 1835 2365 (64);
1876 2296 2039 2348 Ύπο-

462 2388 687 2454 δέξασθε
714 2388 923 2452 τοίνυν,
961 2388 1237 2457 ἀγαπητοὶ
1275 2387 1529 2456 ἀδελφοὶ,
1569 2390 1705 2458 μετά
1734 2391 1911 2460 πάσης
1938 2391 2037 2458 τῆς

463 2479 605 2532 κατά
632 2478 765 2532 Θεὸν
803 2478 963 2548 δόξης
987 2496 1046 2530 τε
1085 2479 1181 2531 καὶ
1213 2480 1387 2548 χαρᾶς
1416 2479 1506 2531 τὸν
1553 2480 1850 2533 ἐπίσκοπον
1879 2482 1907 2533 ὑ
1918 2483 2036 2547 μῶν

475 2571 790 2625 Ἀθανάσιον
809 2613 824 2639 ,
851 2573 989 2643 μετὰ
1012 2571 1214 2625 τούτων
1260 2573 1456 2636 οἵτινες
1478 2573 1590 2643 (65)
1623 2572 1803 2626 αὐτῶν
1843 2591 2037 2626 κοινω-

462 2662 544 2714 νοὶ
577 2661 851 2731 γεγόνασι.
884 2661 993 2714 Καὶ
1027 2660 1246 2731 χαίρετε
1266 2702 1281 2726 ,
1312 2661 1419 2714 τῶν
1443 2663 1617 2731 εὐχῶν
1640 2662 2034 2727 ἀπολαύοντες,

462 2756 512 2809 οἳ
543 2754 635 2807 τὸν
668 2754 903 2824 ποιμένα
950 2754 1043 2806 τὸν
1088 2752 1354 2824 ὑμέτερον
1374 2794 1388 2816 ,
1422 2754 1485 2807 ἶν’
1517 2752 1691 2817 οὕτως
1732 2754 1872 2806 εἴπω
1892 2795 1907 2819 ,
1940 2770 2038 2806 πο-

465 2847 658 2899 θοῦντα
679 2847 774 2899 καὶ
796 2846 1035 2915 διψῶντα
1060 2847 1159 2917 τὴν
1199 2846 1473 2915 ὑμετέραν
1500 2845 1840 2905 θεοσέϐειαν,
1865 2862 2030 2914 σωτη-

465 2939 600 3012 ρίοις
637 2941 876 3009 γραφαῖς
917 2938 1183 3009 ἐθρέψατέ
1211 2956 1271 2991 τε
1313 2939 1406 2991 καὶ
1436 2938 1744 2993 ὲποτίσατε.
1788 2938 1899 2989 Καὶ
1929 2936 2036 3005 γὰρ
2086 2980 2091 2986 ,

463 3034 558 3086 καὶ
602 3033 701 3102 τῆς
742 3032 835 3083 ἐπὶ
878 3030 1032 3100 ξένης
1086 3030 1249 3083 αὐτοῦ
1294 3028 1613 3100 διατριϐῆς,
1663 3029 1821 3099 ὑμεῖς
1857 3045 2034 3099 παρα-

465 3121 633 3191 μυθία
677 3120 974 3188 γεγόνατε·
1027 3119 1122 3171 καὶ
1175 3117 1501 3187 διωκόμενον
1547 3118 1641 3169 καὶ
1689 3115 2036 3168 ἐπιϐουλευό-

465 3233 622 3287 μενον
658 3214 921 3285 ἐθάλψατε
950 3215 1069 3276 ταῖς
1092 3212 1445 3273 πιστοτάταις
1483 3210 1692 3264 ἑαυτῶν
1721 3209 1919 3279 ψυχαῖς
1942 3210 2035 3261 καὶ

460 3309 743 3372 διανοίαις.
788 3308 918 3377 Ἐμὲ
957 3306 1013 3359 δὲ
1053 3306 1154 3376 ήδη
1199 3302 1516 3375 εὐφραίνει,
1554 3300 1907 3370 ἐννοούμενον
1940 3299 2035 3351 καὶ

460 3403 779 3474 προορῶντα
798 3401 873 3472 τῷ
889 3397 1133 3469 λογισμῷ
1150 3440 1162 3460 ,
1186 3396 1284 3467 τὴν
1307 3397 1398 3449 ἐπὶ
1418 3398 1481 3466 τῇ
1532 3394 1775 3463 ἐπανόδῳ
1807 3392 2035 3449 ἑκάστου

461 3493 613 3564 ὑμῶν
664 3494 873 3563 χαρὰν,
902 3483 997 3543 καὶ
1039 3490 1135 3542 τοῦ
1185 3488 1424 3557 πλήθους
1470 3488 1568 3551 τὰς
1614 3486 2039 3548 θεοσεϐεστάτας

460 3586 825 3654 ἀπαντήσεις,
874 3583 969 3635 καὶ
1030 3583 1128 3651 τὴν
1192 3579 1401 3645 ἔνδοξον
1460 3579 1570 3631 τῶν
1635 3578 2038 3647 συντρεχόντων

461 3675 683 3746 ἑορτὴν,
710 3675 804 3727 καὶ
831 3673 913 3736 τίς
940 3672 1121 3742 ἐκείνη
1149 3674 1182 3743 ἡ
1218 3672 1398 3742 ἡμέρα
1426 3671 1555 3740 ὑμῖν
1583 3670 1675 3722 καὶ
1698 3670 1826 3722 ποία
1852 3668 2036 3733 ἔσται,

460 3765 894 3835 ἐπανερχομένου
941 3764 1040 3833 μὲν
1076 3762 1169 3815 τοῦ
1215 3761 1446 3831 ἀδελφοῦ
1491 3777 1627 3831 μου⁶
1668 3760 2037 3831 παυσαμένων

461 3857 518 3909 δὲ
553 3856 662 3909 τῶν
709 3855 1158 3926 προγενομένων,
1212 3855 1307 3906 καὶ
1351 3855 1448 3923 τῆς
1495 3855 1868 3923 πολυτιμήτου
1917 3854 2038 3905 κατ’

459 3950 625 4020 εὐχὴν
672 3947 960 4011 ἐπανόδου,
994 3948 1072 4008 εἰς
1112 3945 1451 4015 εὐφροσύνην
1494 3946 1614 3997 τινὰ
1659 3945 2038 4015 πληρεστάτης

460 4042 633 4111 χαρᾶς
666 4038 1040 4107 συναπτούσης
1086 4038 1212 4101 τοὺς
1254 4038 1481 4100 πάντας.
1532 4037 1594 4088 Ἡ
1634 4035 1856 4106 τοιαύτη
1893 4035 2037 4105 χαρὰ

460 4135 601 4187 κατὰ
643 4132 705 4185 τὸ
739 4132 995 4203 μέγιστον
1043 4131 1239 4202 μέχρις
1274 4129 1432 4201 ἡμῶν
1473 4129 1699 4198 φθάνει,
1740 4123 1823 4191 οἷς
1853 4128 2037 4182 θεόθεν

462 4225 557 4277 καὶ
601 4224 757 4277 τοῦτο
818 4223 1273 4294 συγκεχωρῆσθαι
1332 4221 1697 4290 συνέστηκεν,
1756 4223 1907 4297 ζὸπως
1957 4223 2037 4283 εἰς

460 4318 662 4385 γνῶσιν
715 4316 809 4370 τοῦ
856 4316 1175 4387 τηλικούτου
1222 4316 1417 4387 ἀνδρὸς
1465 4316 1640 4369 ἐλθεῖν
1694 4316 2031 4385 δυνηθῶμεν.

460 4411 553 4473 Εἷς
596 4409 759 4481 εὐχὴν
798 4405 890 4464 οὖν
937 4411 1035 4481 τὴν
1073 4410 1363 4481 ἐπιστολὴν
1408 4409 1694 4462 τελειῶσαι
1748 4409 1930 4462 καλόν.
1975 4409 2036 4461 Ὀ

458 4502 588 4566 Θεὸς
624 4503 652 4557 ό
699 4503 1093 4575 παντοκράτωρ
1139 4502 1233 4555 καὶ
1265 4503 1454 4555 τούτου
1487 4501 1614 4564 Υἱὸς
1643 4502 1671 4553 ὁ
1704 4500 1910 4573 Κύριος
1940 4501 2035 4553 καὶ

2139 2023 2233 2094 qui
2271 2031 2351 2077 tot
2388 2023 2545 2077 malis
2581 2022 2953 2093 periculisque
2993 2023 3285 2093 superatis,
3324 2038 3473 2079 nunc
3503 2025 3719 2079 tandem

2137 2114 2295 2169 vobis
2338 2114 2679 2179 restituitur,
2724 2129 2833 2169 non
2879 2114 3054 2168 solum
3101 2122 3291 2169 nostro
3337 2114 3579 2185 judicio,
3623 2115 3720 2169 sed

2138 2205 2301 2259 etiam
2344 2205 2616 2259 universaa
2653 2203 2844 2275 synodi
2876 2203 3150 2258 sententia
3182 2204 3449 2259 innocens
3482 2206 3723 2260 declara-

2139 2297 2267 2351 tus?
2296 2297 2582 2362 Quocirca,
2612 2295 2810 2355 fratres
2835 2295 3165 2359 charissimi,
3197 2311 3321 2349 cum
3346 2297 3493 2352 omni
3522 2312 3720 2351 secun—

2138 2390 2267 2445 dum
2303 2391 2474 2444 Deum
2502 2389 2671 2459 gloria
2700 2397 2862 2458 atque
2896 2388 3083 2443 laetitia
3115 2388 3375 2459 suscipite
3401 2390 3718 2459 episcopum

2136 2490 2380 2534 vestrum
2430 2480 2819 2544 Athanasium,
2873 2491 2929 2534 et
2988 2496 3093 2534 una
3157 2496 3282 2534 cum
3326 2496 3396 2536 eo
3453 2489 3722 2551 quotquot

2137 2591 2503 2628 aerumnarum
2534 2574 2679 2626 illius
2710 2573 2842 2627 socii
2869 2588 2932 2626 ac
2962 2572 3257 2644 participes
3285 2574 3634 2630 exstiterunt.
3653 2574 3722 2627 Et

2134 2676 2389 2725 votorum
2441 2674 2751 2719 vestrorum
2804 2674 3083 2734 compotes
3130 2664 3259 2719 facti
3309 2666 3578 2737 gaudete,
3624 2666 3719 2735 qui

2136 2766 2409 2828 pastorem
2445 2767 2687 2811 vestrum
2716 2758 3072 2822 esurientem,
3118 2765 3179 2812 ut
3210 2758 3282 2811 ita
3328 2758 3527 2823 dicam,
3554 2766 3719 2827 atque

2138 2851 2411 2905 sitientem
2470 2851 2729 2919 pietatem
2781 2858 3049 2913 vestram,
3104 2850 3438 2905 salutaribus
3499 2851 3720 2920 scriptis

2138 2942 2349 2995 aluistis
2370 2952 2531 3010 atque
2560 2942 2807 3011 potastis.
2835 2942 2942 2997 Vos
2963 2941 3111 2995 enim
3138 2941 3215 2995 illi
3234 2941 3289 2994 in
3307 2941 3611 3011 peregrinis
3628 2959 3718 2996 re-

2136 3034 2389 3103 gionibus
2416 3033 2634 3102 degenti
2662 3033 2857 3087 solatio
2888 3032 3097 3098 fuistis;
3130 3048 3227 3087 vos
3263 3032 3414 3087 illum
3448 3049 3714 3102 persecu-

2137 3125 2380 3179 tionibus
2399 3132 2561 3193 atque
2588 3123 2806 3178 insidiis
2821 3124 3145 3193 appetitum,
3170 3122 3500 3177 fidelissimis
3522 3123 3720 3177 animis

2136 3215 2334 3269 vestris
2368 3230 2431 3268 ac
2468 3213 2743 3267 mentibus
2772 3213 3112 3268 conlevistis.
3150 3214 3260 3283 Ego
3297 3222 3447 3268 certe
3489 3229 3715 3283 magno-

2137 3322 2269 3375 pere
2302 3306 2577 3369 delector,
2612 3305 2742 3359 dum
2774 3305 2956 3376 cogito
3001 3313 3166 3375 atque
3208 3307 3391 3360 animo
3443 3307 3721 3375 prospicio

2138 3396 2574 3467 uniuscujusque
2605 3404 2852 3451 vestrum
2895 3396 2950 3449 in
2976 3398 3094 3467 ejus
3136 3397 3316 3451 reditu
3362 3398 3601 3451 lmtitiam
3624 3439 3638 3463 ,
3666 3406 3723 3452 et

2134 3489 2310 3559 plebis
2334 3487 2773 3559 religiosissimos
2795 3500 3078 3553 occursus,
3096 3497 3151 3543 et
3170 3490 3614 3544 convenientium
3633 3505 3724 3544 ce-

2135 3580 2345 3633 iebrem
2393 3578 2767 3643 festivitatem,
2815 3579 3037 3648 et-quis
3075 3579 3231 3633 vobis
3273 3580 3558 3649 qualisque
3598 3580 3719 3633 dies

2138 3672 2229 3725 ille
2264 3670 2481 3723 futurus
2516 3670 2629 3733 sit,
2659 3685 2784 3723 cum
2818 3668 2990 3723 frater
3027 3668 3250 3739 quidem
3287 3686 3442 3724 meus
3476 3680 3721 3725 reverte-

2141 3770 2256 3825 tur,
2288 3761 2562 3832 praaterita
2587 3769 2770 3813 autem
2810 3760 2951 3814 mala
2984 3760 3146 3815 finem
3182 3761 3471 3831 accipient,
3505 3770 3560 3815 et
3593 3778 3721 3831 pre-

2140 3854 2310 3908 tiosus
2356 3862 2518 3922 atque
2556 3851 2814 3921 optabilis
2856 3852 3066 3906 reditus
3101 3852 3153 3906 in
3190 3853 3491 3922 plenissimi
3538 3853 3720 3924 gaudii

2138 3948 2417 4003 alacritate
2473 3955 2701 4001 cunctos
2750 3944 3048 4015 copulabit.
3106 3944 3221 3999 IIoc
3262 3962 3432 4015 porro
3463 3945 3718 4015 gaudium

2140 4040 2371 4095 maxima
2422 4056 2489 4093 ex
2539 4045 2694 4109 parte
2736 4036 2801 4091 ad
2846 4054 2945 4092 nos
2992 4053 3168 4107 usque
3213 4039 3490 4108 pertingit,
3521 4039 3721 4107 quibus

2138 4130 2402 4183 divinitus
2442 4144 2764 4183 concessum
2807 4143 2928 4181 esse
2968 4135 3201 4189 constat,
3234 4136 3290 4181 ut
3346 4127 3398 4182 in
3447 4128 3581 4181 tanti
3615 4128 3721 4183 viri

2140 4224 2389 4277 notitiam
2419 4221 2710 4292 pervenire
2740 4235 3045 4290 possemus.
3085 4220 3253 4273 Decet
3288 4220 3453 4289 igitur
3486 4228 3545 4277 ut
3578 4221 3721 4274 hanc

2138 4314 2423 4384 epistolam
2472 4313 2627 4382 113
2680 4320 2923 4367 nostram
2977 4311 3195 4365 claudat
3244 4312 3509 4381 precatio.
3578 4312 3723 4367 Deus

2139 4406 2486 4475 omnipotens
2513 4445 2527 4468 ,
2561 4412 2617 4458 et
2662 4404 2832 4458 Filius
2876 4403 2996 4472 ejus
3039 4403 3303 4457 Dominus
3349 4418 3412 4455 ac
3464 4402 3722 4457 Servator

2141 4510 2329 4555 noster
2368 4498 2527 4553 .lesus
2570 4495 2845 4560 Christus,
2874 4495 3017 4549 hanc
3060 4494 3288 4565 gratiam
3343 4494 3499 4549 vobis
3529 4509 3716 4564 perpe-

1653 4674 1921 4729 V'ALESII
1962 4670 2513 4728 ANNOTATIONES.

531 4808 639 4879 (62)
666 4810 871 4862 noua
916 4808 1277 4876 πειρασθείς.
1318 4806 1373 4859 In
1420 4805 1734 4879 Florentino
1771 4805 2033 4879 scriptum
2072 4806 2113 4859 D

460 4876 643 4933 inveni
671 4879 840 4931 πολλὰ
870 4879 1203 4948 χειμασθείς.
1234 4878 1408 4948 Atque
1464 4877 1534 4930 ita
1574 4877 1789 4948 legisse
1821 4876 2038 4927 videtur

461 4950 819 5019 Epiphanius,
852 4946 1066 5018 quisic
1105 4948 1269 5002 vertit
1303 4964 1314 4998 :
1345 4946 1663 5016 Frequenter
1710 4947 1847 4998 enim
1890 4956 2037 4998 terra

462 5018 698 5090 marique
724 5018 1007 5090 plurimum
1040 5028 1288 5071 wstuans.

533 5086 641 5157 (63)
680 5086 782 5142 Kal
810 5090 1141 5152 τοσούτους
1194 5087 1533 5151 κινδύνους.
1568 5087 1623 5139 In
1658 5086 1846 5141 codice
1908 5086 2032 5139 Flo-

460 5161 678 5214 rentino
722 5170 779 5214 et
818 5160 1093 5213 Si‘ortiano
1149 5158 1303 5212 deest
1343 5159 1668 5210 vocabulum
1722 5157 2029 5219 τοσούτους.

457 5230 641 5285 Codex
680 5246 807 5285 vero
840 5230 1037 5283 Leonis
1083 5229 1263 5283 Allatii
1298 5230 1369 5283 ita
1396 5230 1657 5297 scriptum
1694 5228 1860 5281 habet
1887 5227 2034 5281 hunc

460 5300 640 5355 focum
672 5320 683 5353 :
716 5301 773 5362 ὃς
805 5300 894 5353 διὰ
917 5300 1175 5353 κινδύνων
1208 5300 1474 5353 τοσούτων
1503 5300 1595 5351 καὶ
1629 5299 1858 5367 θλίψεων
1886 5299 2030 5366 νική-

462 5388 579 5434 σας,
616 5381 719 5425 etc.
760 5370 863 5425 Sed
916 5372 1161 5440 priorum
1194 5372 1443 5424 codicum
1502 5370 1790 5423 lectionem
1826 5367 2027 5440 confir-

460 5452 571 5496 mat
620 5437 955 5511 Epiphanius
1016 5440 1403 5502 Scholasticus,
1444 5441 1536 5511 qui
1582 5441 1669 5511 (sic
1719 5437 2029 5511 vertitzQui

458 5528 578 5565 cum
611 5509 786 5566 tantas
823 5512 1182 5565 tribulationes
1208 5521 1255 5564 et
1289 5509 1521 5581 pericula
1555 5510 1819 5575 devicerit,
1860 5510 2032 5563 reddi-

458 5591 545 5635 tur
578 5600 713 5635 nunc
744 5583 882 5637 vobis
911 5581 1303 5636 immaculatus.

552 5652 798 5721 64)Πίιρ’
829 5653 1072 5717 ἁπάσης
1104 5650 1211 5718 τῆς
1255 5649 1518 5721 συνόδου
1567 5650 1936 5720 ἀποδεχθείς.
1973 5650 2032 5703 In

458 5720 645 5777 codice
680 5722 879 5777 Leonis
916 5723 1169 5778 Allatiiet
1194 5722 1337 5792 apud
1363 5720 1721 5776 Athanasium
1772 5722 2037 5792 scriptum

459 5800 543 5845 est
584 5793 942 5864 ἀποδειχθείς,
985 5809 1148 5867 quam
1206 5791 1429 5865 quidem
1472 5792 1800 5864 scripturam
1848 5791 2039 5847 meliov

461 5877 580 5916 rem
617 5876 770 5933 puto.

2218 4802 2326 4871 (65)
2372 4800 2532 4854 Μετὰ
2585 4802 2809 4854 τούτων
2863 4802 3099 4865 οἵτινες.
3158 4798 3216 4853 In
3268 4798 3457 4871 codice
3520 4796 3722 4871 Leonis

2144 4868 2325 4927 Allatii
2356 4872 2639 4939 hicglocus
2679 4872 2752 4926 ita
2793 4872 2993 4941 legitur
3028 4888 3040 4922 :
3081 4871 3217 4939 μετὰ
3244 4868 3431 4921 τούτου
3466 4869 3559 4941 καὶ
3588 4868 3722 4941 οἴτιο

2144 4961 2231 5004 νες
2255 4941 2403 5011 αύτῴ
2437 4938 2529 4994 καὶ
2556 4943 2661 4994 τῶν
2682 4938 2951 4994 τοσούτων
2994 4938 3254 5011 καμάτων
3288 4940 3539 5011 κοινωνοί
3562 4938 3719 5011 γεγόέ

2142 5030 2283 5065 νασι.
2320 5009 2478 5081 Apud
2520 5011 2878 5065 Athanasium
2923 5027 3054 5065 vero
3086 5010 3158 5065 ita
3203 5009 3420 5081 legitur,
3460 5009 3552 5060 καὶ
3585 5010 3722 5077 μετὰ

2141 5083 2331 5135 τούτου
2368 5080 2571 5139 οἵτινες
2606 5081 2753 5150 αὐτῷ
2786 5081 2893 5133 τῶν
2924 5081 3193 5134 τοσούτων
3240 5080 3501 5148 καμάτων
3532 5095 3720 5130 κοινω-

2141 5155 2222 5205 νοὶ
2248 5154 2518 5219 γεγόνασι.
2551 5153 2833 5221 Vulgatam
2889 5160 3068 5206 tamen
3123 5150 3447 5218 scripturam
3488 5157 3721 5221 tuentur

2142 5218 2315 5277 nostri
2334 5223 2550 5276 codices
2570 5232 2625 5276 et
2651 5218 2989 5291 Epiphanius
3006 5221 3377 5291 Scholas‘ticus
3405 5236 3417 5270 :
3447 5220 3549 5273 nisi
3574 5218 3719 5291 quod

2139 5293 2241 5348 iste
2289 5296 2344 5348 in
2385 5310 2483 5347 suo
2521 5289 2815 5361 exemplari
2858 5293 3065 5362 legerat
3095 5289 3251 5358 ἀὐτῷ
3291 5290 3397 5362 τῶν
3435 5290 3721 5362 γτοσούτων

2139 5366 2418 5432 καμάτων,
2455 5365 2598 5418 sicut
2637 5360 2780 5432 apud
2823 5360 3179 5417 Athanasium
3217 5368 3277 5432 et
3330 5360 3381 5413 in
3434 5360 3721 5432 Excerytis

2139 5430 2414 5488 Theodori
2456 5430 2780 5504 legiturIlta
2816 5434 2961 5487 enim
3006 5433 3171 5485 vertit
3213 5431 3360 5484 hunc
3387 5432 3564 5504 locum
3588 5430 3689 5504 ἰᾷρί

2139 5507 2378 5574 phanius
2411 5524 2421 5557 :
2453 5500 2710 5574 suscipite
2748 5505 2909 5573 igitur
2969 5519 3128 5566 nunc,
3168 5505 3360 5570 (ratres
3402 5500 3717 5561 citatissimi,

2140 5593 2259 5628 cum
2294 5578 2435 5628 omni
2456 5575 2632 5628 divina
2665 5576 2841 5644 gratia
2869 5584 3136 5643 pastorem
3180 5582 3496 5644 vestramne
3517 5585 3719 5638 praesu-

2145 5646 2264 5715 lem,
2294 5656 2547 5715 tauquam
2588 5642 2701 5699 vere
2742 5642 3073 5698 Ἀθανάσιον.
3103 5659 3219 5715 runt
3235 5644 3312 5695 his
3335 5642 3422 5711 qui
3453 5649 3721 5715 tantorum

2148 5710 2818 5789 laborum'ejlts‘participea
2835 5725 2957 5789 sunt
2983 5715 3161 5783 effecti.
3199 5712 3254 5789 In
3290 5710 3584 5789 exemplari
3612 5723 3723 5777 quo

2147 5802 2278 5839 usus
2316 5796 2400 5840 est
2430 5782 2801 5855 Epiphanius,
2844 5782 3061 5841 videtur
3115 5782 3378 5853 scriptum
3435 5782 3603 5836 fuisse
3644 5794 3721 5842 ως

2146 5855 2357 5928 άληθῶς
2401 5856 2732 5911 Ἀθανάσιον.
