  <div class='ocr_page' id='page_1' title='image "/cluster/home/n/w/nwhite01/storage/ocr_20150623/67/pst.000009865921/145.png"; bbox 0 0 4524 6582; ppageno 0'>
   <div class='ocr_carea' id='block_1_1' title="bbox 759 451 868 539">
    <p class='ocr_par' dir='ltr' id='par_1_1' title="bbox 759 451 868 539">
     <span class='ocr_line' id='line_1_1' title="bbox 759 451 868 539; baseline 0 -1"><span class='ocrx_word' id='word_1_1' title='bbox 759 451 868 539; x_wconf 72' lang='lat'><strong>255</strong></span> 
     </span>
    </p>
   </div>
   <div class='ocr_carea' id='block_1_2' title="bbox 2227 466 2562 528">
    <p class='ocr_par' dir='ltr' id='par_1_2' title="bbox 2227 466 2562 528">
     <span class='ocr_line' id='line_1_2' title="bbox 2227 466 2562 528; baseline -0.027 0"><span class='ocrx_word' id='word_1_2' title='bbox 2227 466 2562 528; x_wconf 81' lang='lat' dir='ltr'><strong>SOCBATIS</strong></span> 
     </span>
    </p>
   </div>
   <div class='ocr_carea' id='block_1_3' title="bbox 3905 459 4014 516">
    <p class='ocr_par' dir='ltr' id='par_1_3' title="bbox 3905 459 4014 516">
     <span class='ocr_line' id='line_1_3' title="bbox 3905 459 4014 516; baseline 0.028 -3"><span class='ocrx_word' id='word_1_3' title='bbox 3905 459 4014 516; x_wconf 75' lang='lat'><strong>256</strong></span> 
     </span>
    </p>
   </div>
   <div class='ocr_carea' id='block_1_4' title="bbox 762 564 2548 660">
    <p class='ocr_par' dir='ltr' id='par_1_4' title="bbox 762 582 2548 660">
     <span class='ocr_line' id='line_1_4' title="bbox 762 582 2548 660; baseline -0.008 -12"><span class='ocrx_word' id='word_1_4' title='bbox 762 603 910 648; x_wconf 90' lang='lat' dir='ltr'><strong>tuam</strong></span> <span class='ocrx_word' id='word_1_5' title='bbox 958 591 1180 656; x_wconf 90' lang='lat' dir='ltr'><strong>tribuat,</strong></span> <span class='ocrx_word' id='word_1_6' title='bbox 1215 590 1495 660; x_wconf 68' lang='lat' dir='ltr'><strong>prmmium</strong></span> <span class='ocrx_word' id='word_1_7' title='bbox 1537 589 1786 646; x_wconf 82' lang='lat' dir='ltr'><strong>referens</strong></span> <span class='ocrx_word' id='word_1_8' title='bbox 1832 588 2164 644; x_wconf 73' lang='lat' dir='ltr'><strong>admiranda:</strong></span> <span class='ocrx_word' id='word_1_9' title='bbox 2206 587 2332 639; x_wconf 85' lang='lat' dir='ltr'><strong>fidei</strong></span> <span class='ocrx_word' id='word_1_10' title='bbox 2369 595 2406 644; x_wconf 85' lang='grc' dir='ltr'>Λ</span> <span class='ocrx_word' id='word_1_11' title='bbox 2437 582 2548 634; x_wconf 82' lang='grc' dir='ltr'><strong>Σωτ</strong></span> 
     </span>
    </p>
   </div>
   <div class='ocr_carea' id='block_1_5' title="bbox 2224 564 4010 660">
    <p class='ocr_par' dir='ltr' id='par_1_5' title="bbox 2226 564 4010 650">
     <span class='ocr_line' id='line_1_5' title="bbox 2226 564 4010 650; baseline -0.007 -11"><span class='ocrx_word' id='word_1_12' title='bbox 2226 587 2332 639; x_wconf 89' lang='lat' dir='ltr'><strong>idei</strong></span> <span class='ocrx_word' id='word_1_13' title='bbox 2369 595 2406 644; x_wconf 83' lang='grc' dir='ltr'>Λ</span> <span class='ocrx_word' id='word_1_14' title='bbox 2437 579 2628 650; x_wconf 84' lang='grc' dir='ltr'>Σωτὴρ</span> <span class='ocrx_word' id='word_1_15' title='bbox 2675 576 2830 647; x_wconf 81' lang='grc' dir='ltr'>ἡμῶν</span> <span class='ocrx_word' id='word_1_16' title='bbox 2885 575 3089 648; x_wconf 81' lang='grc' dir='ltr'>Ἰησοῦς</span> <span class='ocrx_word' id='word_1_17' title='bbox 3137 564 3408 643; x_wconf 75' lang='grc' dir='ltr'>Χριστὸς,</span> <span class='ocrx_word' id='word_1_18' title='bbox 3440 574 3660 645; x_wconf 80' lang='grc' dir='ltr'><strong>διηνεκῆ</strong></span> <span class='ocrx_word' id='word_1_19' title='bbox 3700 574 3799 645; x_wconf 81' lang='grc' dir='ltr'><strong>τὴν</strong></span> <span class='ocrx_word' id='word_1_20' title='bbox 3847 575 4010 644; x_wconf 87' lang='grc' dir='ltr'>χάριν</span> 
     </span>
    </p>
   </div>
   <div class='ocr_carea' id='block_1_6' title="bbox 761 678 2331 750">
    <p class='ocr_par' dir='ltr' id='par_1_6' title="bbox 761 678 2331 750">
     <span class='ocr_line' id='line_1_6' title="bbox 761 678 2331 750; baseline -0.001 -19"><span class='ocrx_word' id='word_1_21' title='bbox 761 686 976 743; x_wconf 63' lang='lat' dir='ltr'><strong>vestras,</strong></span> <span class='ocrx_word' id='word_1_22' title='bbox 1016 693 1179 747; x_wconf 89' lang='lat' dir='ltr'><strong>quam</strong></span> <span class='ocrx_word' id='word_1_23' title='bbox 1231 678 1432 731; x_wconf 81' lang='lat' dir='ltr'><strong>illustri</strong></span> <span class='ocrx_word' id='word_1_24' title='bbox 1483 678 1801 732; x_wconf 89' lang='lat' dir='ltr'><strong>testimonio</strong></span> <span class='ocrx_word' id='word_1_25' title='bbox 1838 695 1967 750; x_wconf 85' lang='lat' dir='ltr'><strong>erga</strong></span> <span class='ocrx_word' id='word_1_26' title='bbox 2013 679 2331 748; x_wconf 90' lang='lat' dir='ltr'><strong>episc0pum</strong></span> 
     </span>
    </p>
   </div>
   <div class='ocr_carea' id='block_1_7' title="bbox 761 767 2336 839">
    <p class='ocr_par' dir='ltr' id='par_1_7' title="bbox 761 767 2336 839">
     <span class='ocr_line' id='line_1_7' title="bbox 761 767 2336 839; baseline -0.001 -16"><span class='ocrx_word' id='word_1_27' title='bbox 761 777 1004 823; x_wconf 92' lang='lat' dir='ltr'><strong>vestrum</strong></span> <span class='ocrx_word' id='word_1_28' title='bbox 1036 767 1384 835; x_wconf 90' lang='lat' dir='ltr'><strong>declarastis;</strong></span> <span class='ocrx_word' id='word_1_29' title='bbox 1409 776 1470 822; x_wconf 90' lang='lat' dir='ltr'><strong>ut</strong></span> <span class='ocrx_word' id='word_1_30' title='bbox 1491 783 1589 824; x_wconf 92' lang='lat' dir='ltr'><strong>vos</strong></span> <span class='ocrx_word' id='word_1_31' title='bbox 1625 778 1983 839; x_wconf 87' lang='lat' dir='ltr'><strong>posterosque</strong></span> <span class='ocrx_word' id='word_1_32' title='bbox 2009 777 2220 824; x_wconf 90' lang='lat' dir='ltr'><strong>vestros</strong></span> <span class='ocrx_word' id='word_1_33' title='bbox 2246 768 2336 822; x_wconf 92' lang='lat' dir='ltr'><strong>hic</strong></span> 
     </span>
    </p>
   </div>
   <div class='ocr_carea' id='block_1_8' title="bbox 759 857 2337 927">
    <p class='ocr_par' dir='ltr' id='par_1_8' title="bbox 759 857 2337 927">
     <span class='ocr_line' id='line_1_8' title="bbox 759 857 2337 927; baseline -0.003 -13"><span class='ocrx_word' id='word_1_34' title='bbox 759 867 818 914; x_wconf 88' lang='lat' dir='ltr'><strong>et</strong></span> <span class='ocrx_word' id='word_1_35' title='bbox 850 859 904 911; x_wconf 93' lang='lat' dir='ltr'><strong>in</strong></span> <span class='ocrx_word' id='word_1_36' title='bbox 940 858 1127 910; x_wconf 87' lang='lat' dir='ltr'><strong>futuro</strong></span> <span class='ocrx_word' id='word_1_37' title='bbox 1151 858 1348 912; x_wconf 67' lang='lat' dir='ltr'><strong>smculo</strong></span> <span class='ocrx_word' id='word_1_38' title='bbox 1380 857 1759 927; x_wconf 67' lang='lat' dir='ltr'><strong>praestantiora</strong></span> <span class='ocrx_word' id='word_1_39' title='bbox 1784 865 2059 921; x_wconf 89' lang='lat' dir='ltr'><strong>maneant,</strong></span> <span class='ocrx_word' id='word_1_40' title='bbox 2089 871 2211 925; x_wconf 57' lang='lat' dir='ltr'><strong>quas</strong></span> <span class='ocrx_word' id='word_1_41' title='bbox 2234 870 2337 910; x_wconf 89' lang='lat' dir='ltr'><strong>nec</strong></span> 
     </span>
    </p>
   </div>
   <div class='ocr_carea' id='block_1_9' title="bbox 763 947 2338 1012">
    <p class='ocr_par' dir='ltr' id='par_1_9' title="bbox 763 947 2338 1012">
     <span class='ocr_line' id='line_1_9' title="bbox 763 947 2338 1012; baseline -0.002 -9"><span class='ocrx_word' id='word_1_42' title='bbox 763 950 956 1003; x_wconf 85' lang='lat' dir='ltr'><strong>oculus</strong></span> <span class='ocrx_word' id='word_1_43' title='bbox 992 947 1150 1011; x_wconf 90' lang='lat' dir='ltr'><strong>vidit,</strong></span> <span class='ocrx_word' id='word_1_44' title='bbox 1180 964 1283 1003; x_wconf 91' lang='lat' dir='ltr'><strong>nec</strong></span> <span class='ocrx_word' id='word_1_45' title='bbox 1313 949 1464 1002; x_wconf 86' lang='lat' dir='ltr'><strong>auris</strong></span> <span class='ocrx_word' id='word_1_46' title='bbox 1492 948 1725 1012; x_wconf 81' lang='lat' dir='ltr'><strong>audivit,</strong></span> <span class='ocrx_word' id='word_1_47' title='bbox 1767 964 1870 1004; x_wconf 90' lang='lat' dir='ltr'><strong>nec</strong></span> <span class='ocrx_word' id='word_1_48' title='bbox 1899 964 2056 1003; x_wconf 90' lang='lat' dir='ltr'><strong>mens</strong></span> <span class='ocrx_word' id='word_1_49' title='bbox 2096 947 2338 1001; x_wconf 85' lang='lat' dir='ltr'><strong>hominis</strong></span> 
     </span>
    </p>
   </div>
   <div class='ocr_carea' id='block_1_10' title="bbox 763 1038 2338 1110">
    <p class='ocr_par' dir='ltr' id='par_1_10' title="bbox 763 1038 2338 1110">
     <span class='ocr_line' id='line_1_10' title="bbox 763 1038 2338 1110; baseline -0.002 -15"><span class='ocrx_word' id='word_1_50' title='bbox 763 1041 1208 1110; x_wconf 88' lang='lat' dir='ltr'><strong>comprehendit;</strong></span> <span class='ocrx_word' id='word_1_51' title='bbox 1260 1057 1382 1109; x_wconf 71' lang='lat' dir='ltr'><strong>qua:</strong></span> <span class='ocrx_word' id='word_1_52' title='bbox 1423 1041 1634 1096; x_wconf 90' lang='lat' dir='ltr'><strong>scilicet</strong></span> <span class='ocrx_word' id='word_1_53' title='bbox 1682 1041 2010 1110; x_wconf 68' lang='lat' dir='ltr'><strong>prmparavit</strong></span> <span class='ocrx_word' id='word_1_54' title='bbox 2060 1041 2208 1094; x_wconf 84' lang='lat' dir='ltr'><strong>Deus</strong></span> <span class='ocrx_word' id='word_1_55' title='bbox 2268 1038 2338 1093; x_wconf 90' lang='lat' dir='ltr'><strong>iis</strong></span> 
     </span>
    </p>
   </div>
   <div class='ocr_carea' id='block_1_11' title="bbox 764 1131 2339 1200">
    <p class='ocr_par' dir='ltr' id='par_1_11' title="bbox 764 1131 2339 1200">
     <span class='ocr_line' id='line_1_11' title="bbox 764 1131 2339 1200; baseline -0.002 -16"><span class='ocrx_word' id='word_1_56' title='bbox 764 1131 860 1200; x_wconf 88' lang='lat' dir='ltr'><strong>qui</strong></span> <span class='ocrx_word' id='word_1_57' title='bbox 896 1131 1073 1200; x_wconf 88' lang='lat' dir='ltr'><strong>ipsqu</strong></span> <span class='ocrx_word' id='word_1_58' title='bbox 1096 1131 1329 1200; x_wconf 90' lang='lat' dir='ltr'><strong>diligunt</strong></span> <span class='ocrx_word' id='word_1_59' title='bbox 1353 1131 1420 1193; x_wconf 77' lang='lat'><strong>“‘,</strong></span> <span class='ocrx_word' id='word_1_60' title='bbox 1452 1148 1550 1200; x_wconf 89' lang='lat' dir='ltr'><strong>per</strong></span> <span class='ocrx_word' id='word_1_61' title='bbox 1567 1131 1854 1184; x_wconf 89' lang='lat' dir='ltr'><strong>Dominum</strong></span> <span class='ocrx_word' id='word_1_62' title='bbox 1886 1138 2132 1184; x_wconf 90' lang='lat' dir='ltr'><strong>nostrum</strong></span> <span class='ocrx_word' id='word_1_63' title='bbox 2156 1131 2339 1184; x_wconf 82' lang='lat' dir='ltr'><strong>Jesum</strong></span> 
     </span>
    </p>
   </div>
   <div class='ocr_carea' id='block_1_12' title="bbox 765 1218 2339 1288">
    <p class='ocr_par' dir='ltr' id='par_1_12' title="bbox 765 1218 2339 1288">
     <span class='ocr_line' id='line_1_12' title="bbox 765 1218 2339 1288; baseline -0.004 -14"><span class='ocrx_word' id='word_1_64' title='bbox 765 1222 1040 1275; x_wconf 77' lang='lat' dir='ltr'><strong>Christum</strong></span> <span class='ocrx_word' id='word_1_65' title='bbox 1062 1238 1074 1272; x_wconf 89' lang='lat'>:</span> <span class='ocrx_word' id='word_1_66' title='bbox 1093 1236 1189 1288; x_wconf 88' lang='lat' dir='ltr'><strong>per</strong></span> <span class='ocrx_word' id='word_1_67' title='bbox 1205 1236 1363 1288; x_wconf 75' lang='lat' dir='ltr'><strong>quem</strong></span> <span class='ocrx_word' id='word_1_68' title='bbox 1380 1221 1733 1287; x_wconf 83' lang='lat' dir='ltr'><strong>omnipotenti</strong></span> <span class='ocrx_word' id='word_1_69' title='bbox 1755 1221 1863 1272; x_wconf 70' lang='lat' dir='ltr'><strong>Deo</strong></span> <span class='ocrx_word' id='word_1_70' title='bbox 1883 1219 2051 1287; x_wconf 83' lang='lat' dir='ltr'><strong>gloria</strong></span> <span class='ocrx_word' id='word_1_71' title='bbox 2072 1218 2124 1271; x_wconf 90' lang='lat' dir='ltr'><strong>in</strong></span> <span class='ocrx_word' id='word_1_72' title='bbox 2147 1219 2339 1272; x_wconf 69' lang='lat' dir='ltr'><strong>szeeula</strong></span> 
     </span>
    </p>
   </div>
   <div class='ocr_carea' id='block_1_13' title="bbox 766 1310 2338 1379">
    <p class='ocr_par' dir='ltr' id='par_1_13' title="bbox 766 1310 2338 1379">
     <span class='ocr_line' id='line_1_13' title="bbox 766 1310 2338 1379; baseline -0.004 -12"><span class='ocrx_word' id='word_1_73' title='bbox 766 1311 1504 1367; x_wconf 65' lang='lat' dir='ltr'><strong>smeulorum.Amen.Valere</strong></span> <span class='ocrx_word' id='word_1_74' title='bbox 1527 1328 1618 1364; x_wconf 80' lang='lat' dir='ltr'><strong>vos</strong></span> <span class='ocrx_word' id='word_1_75' title='bbox 1635 1321 1782 1379; x_wconf 86' lang='lat' dir='ltr'><strong>opto,</strong></span> <span class='ocrx_word' id='word_1_76' title='bbox 1805 1311 1998 1366; x_wconf 80' lang='lat' dir='ltr'><strong>fratres</strong></span> <span class='ocrx_word' id='word_1_77' title='bbox 2015 1310 2338 1363; x_wconf 75' lang='lat' dir='ltr'><strong>charissimi.</strong></span> 
     </span>
    </p>
   </div>
   <div class='ocr_carea' id='block_1_14' title="bbox 2439 662 4008 738">
    <p class='ocr_par' dir='ltr' id='par_1_14' title="bbox 2439 662 4008 738">
     <span class='ocr_line' id='line_1_14' title="bbox 2439 662 4008 738; baseline -0.003 -17"><span class='ocrx_word' id='word_1_78' title='bbox 2439 668 2642 738; x_wconf 80' lang='grc' dir='ltr'>ταύτην</span> <span class='ocrx_word' id='word_1_79' title='bbox 2669 668 2796 736; x_wconf 80' lang='grc' dir='ltr'>ὑμῖν</span> <span class='ocrx_word' id='word_1_80' title='bbox 2827 667 3097 737; x_wconf 78' lang='grc' dir='ltr'>παράσχοι</span> <span class='ocrx_word' id='word_1_81' title='bbox 3121 706 3133 730; x_wconf 85' lang='grc'><strong>,</strong></span> <span class='ocrx_word' id='word_1_82' title='bbox 3157 662 3334 723; x_wconf 80' lang='grc' dir='ltr'>διδοὺς</span> <span class='ocrx_word' id='word_1_83' title='bbox 3365 663 3592 716; x_wconf 79' lang='grc' dir='ltr'>ἔπαθλον</span> <span class='ocrx_word' id='word_1_84' title='bbox 3619 666 3684 734; x_wconf 78' lang='grc' dir='ltr'>τῇ</span> <span class='ocrx_word' id='word_1_85' title='bbox 3725 663 4008 734; x_wconf 81' lang='grc' dir='ltr'><strong>θαυμαστῇ</strong></span> 
     </span>
    </p>
   </div>
   <div class='ocr_carea' id='block_1_15' title="bbox 2441 752 4013 827">
    <p class='ocr_par' dir='ltr' id='par_1_15' title="bbox 2441 752 4013 827">
     <span class='ocr_line' id='line_1_15' title="bbox 2441 752 4013 827; baseline -0.002 -19"><span class='ocrx_word' id='word_1_86' title='bbox 2441 756 2593 827; x_wconf 82' lang='grc' dir='ltr'>ὑμῶν</span> <span class='ocrx_word' id='word_1_87' title='bbox 2630 756 2810 808; x_wconf 77' lang='grc' dir='ltr'>πίστει</span> <span class='ocrx_word' id='word_1_88' title='bbox 2834 796 2849 821; x_wconf 90' lang='grc'><strong>,</strong></span> <span class='ocrx_word' id='word_1_89' title='bbox 2880 755 2947 826; x_wconf 72' lang='grc' dir='ltr'>ἢν</span> <span class='ocrx_word' id='word_1_90' title='bbox 2997 755 3125 825; x_wconf 78' lang='grc' dir='ltr'>περὶ</span> <span class='ocrx_word' id='word_1_91' title='bbox 3157 753 3250 806; x_wconf 83' lang='grc' dir='ltr'><strong>τὸν</strong></span> <span class='ocrx_word' id='word_1_92' title='bbox 3295 752 3590 806; x_wconf 78' lang='grc' dir='ltr'>ἐπίσκοπον</span> <span class='ocrx_word' id='word_1_93' title='bbox 3625 753 3780 823; x_wconf 83' lang='grc' dir='ltr'>ὑμῶν</span> <span class='ocrx_word' id='word_1_94' title='bbox 3818 753 4013 823; x_wconf 78' lang='grc' dir='ltr'>ἐνδόξῳ</span> 
     </span>
    </p>
   </div>
   <div class='ocr_carea' id='block_1_16' title="bbox 2445 845 4012 920">
    <p class='ocr_par' dir='ltr' id='par_1_16' title="bbox 2445 845 4012 920">
     <span class='ocr_line' id='line_1_16' title="bbox 2445 845 4012 920; baseline -0.003 -18"><span class='ocrx_word' id='word_1_95' title='bbox 2445 847 2722 920; x_wconf 59' lang='grc' dir='ltr'><strong>μαρτυρίᾳ⁴</strong></span> <span class='ocrx_word' id='word_1_96' title='bbox 2772 847 3141 911; x_wconf 80' lang='grc' dir='ltr'><strong>ἐνεδείξασθε·</strong></span> <span class='ocrx_word' id='word_1_97' title='bbox 3193 847 3280 900; x_wconf 79' lang='grc' dir='ltr'>ἵνα</span> <span class='ocrx_word' id='word_1_98' title='bbox 3324 845 3452 916; x_wconf 81' lang='grc' dir='ltr'>ὑμῖν</span> <span class='ocrx_word' id='word_1_99' title='bbox 3499 862 3561 898; x_wconf 89' lang='grc' dir='ltr'><strong>τε</strong></span> <span class='ocrx_word' id='word_1_100' title='bbox 3615 846 3709 899; x_wconf 71' lang='grc' dir='ltr'><strong>καὶ</strong></span> <span class='ocrx_word' id='word_1_101' title='bbox 3729 847 3840 908; x_wconf 82' lang='grc' dir='ltr'>τοῖς</span> <span class='ocrx_word' id='word_1_102' title='bbox 3894 845 4012 916; x_wconf 83' lang='grc' dir='ltr'>μεθ’</span> 
     </span>
    </p>
   </div>
   <div class='ocr_carea' id='block_1_17' title="bbox 2443 940 4010 1014">
    <p class='ocr_par' dir='ltr' id='par_1_17' title="bbox 2443 940 4010 1014">
     <span class='ocr_line' id='line_1_17' title="bbox 2443 940 4010 1014; baseline -0.003 -18"><span class='ocrx_word' id='word_1_103' title='bbox 2443 946 2589 1014; x_wconf 81' lang='grc' dir='ltr'>ὑμᾶς</span> <span class='ocrx_word' id='word_1_104' title='bbox 2617 943 2851 997; x_wconf 78' lang='grc' dir='ltr'>ἐνταῦθα</span> <span class='ocrx_word' id='word_1_105' title='bbox 2871 985 2884 1007; x_wconf 94' lang='grc'><strong>,</strong></span> <span class='ocrx_word' id='word_1_106' title='bbox 2903 944 2994 996; x_wconf 83' lang='grc' dir='ltr'><strong>καὶ</strong></span> <span class='ocrx_word' id='word_1_107' title='bbox 3021 945 3076 996; x_wconf 78' lang='grc' dir='ltr'>ἐν</span> <span class='ocrx_word' id='word_1_108' title='bbox 3098 941 3176 1012; x_wconf 83' lang='grc' dir='ltr'>τῷ</span> <span class='ocrx_word' id='word_1_109' title='bbox 3212 940 3460 1012; x_wconf 82' lang='grc' dir='ltr'>μέλλοντι</span> <span class='ocrx_word' id='word_1_110' title='bbox 3479 941 3547 993; x_wconf 88' lang='grc' dir='ltr'><strong>τά</strong></span> <span class='ocrx_word' id='word_1_111' title='bbox 3573 941 3814 1010; x_wconf 76' lang='grc' dir='ltr'>βελτίονα</span> <span class='ocrx_word' id='word_1_112' title='bbox 3841 941 4010 1010; x_wconf 84' lang='grc' dir='ltr'>μένοι,</span> 
     </span>
    </p>
   </div>
   <div class='ocr_carea' id='block_1_18' title="bbox 2442 1029 4014 1105">
    <p class='ocr_par' dir='ltr' id='par_1_18' title="bbox 2442 1029 4014 1105">
     <span class='ocr_line' id='line_1_18' title="bbox 2442 1029 4014 1105; baseline -0.004 -15"><span class='ocrx_word' id='word_1_113' title='bbox 2442 1037 2478 1091; x_wconf 78' lang='grc' dir='ltr'>ἃ</span> <span class='ocrx_word' id='word_1_114' title='bbox 2503 1036 2778 1105; x_wconf 79' lang='grc' dir='ltr'>ὀφθαλμὸς</span> <span class='ocrx_word' id='word_1_115' title='bbox 2809 1036 2909 1088; x_wconf 87' lang='grc' dir='ltr'><strong>ούκ</strong></span> <span class='ocrx_word' id='word_1_116' title='bbox 2953 1032 3090 1097; x_wconf 75' lang='grc' dir='ltr'>εἶδε,</span> <span class='ocrx_word' id='word_1_117' title='bbox 3131 1035 3226 1087; x_wconf 72' lang='grc' dir='ltr'><strong>καὶ</strong></span> <span class='ocrx_word' id='word_1_118' title='bbox 3264 1029 3356 1096; x_wconf 78' lang='grc' dir='ltr'><strong>οὖς</strong></span> <span class='ocrx_word' id='word_1_119' title='bbox 3382 1033 3484 1086; x_wconf 76' lang='grc' dir='ltr'><strong>οὐκ</strong></span> <span class='ocrx_word' id='word_1_120' title='bbox 3518 1034 3748 1102; x_wconf 75' lang='grc' dir='ltr'>ἢκουσε,</span> <span class='ocrx_word' id='word_1_121' title='bbox 3791 1032 3884 1085; x_wconf 77' lang='grc' dir='ltr'><strong>καὶ</strong></span> <span class='ocrx_word' id='word_1_122' title='bbox 3923 1033 4014 1084; x_wconf 74' lang='grc' dir='ltr'>ἐπὶ</span> 
     </span>
    </p>
   </div>
   <div class='ocr_carea' id='block_1_19' title="bbox 2449 1122 4017 1198">
    <p class='ocr_par' dir='ltr' id='par_1_19' title="bbox 2449 1122 4017 1198">
     <span class='ocr_line' id='line_1_19' title="bbox 2449 1122 4017 1198; baseline -0.005 -16"><span class='ocrx_word' id='word_1_123' title='bbox 2449 1127 2678 1198; x_wconf 83' lang='grc' dir='ltr'>καρδίαν</span> <span class='ocrx_word' id='word_1_124' title='bbox 2715 1125 3005 1198; x_wconf 84' lang='grc' dir='ltr'>ἀνθρώπου</span> <span class='ocrx_word' id='word_1_125' title='bbox 3048 1127 3147 1178; x_wconf 77' lang='grc' dir='ltr'><strong>οὐκ</strong></span> <span class='ocrx_word' id='word_1_126' title='bbox 3187 1125 3354 1194; x_wconf 83' lang='grc' dir='ltr'>ἀνέϐη</span> <span class='ocrx_word' id='word_1_127' title='bbox 3381 1142 3397 1156; x_wconf 88' lang='grc'><strong>·</strong></span> <span class='ocrx_word' id='word_1_128' title='bbox 3427 1123 3463 1177; x_wconf 81' lang='grc' dir='ltr'><strong>ἃ.</strong></span> <span class='ocrx_word' id='word_1_129' title='bbox 3495 1123 3787 1194; x_wconf 80' lang='grc' dir='ltr'>ἡτοίμασεν</span> <span class='ocrx_word' id='word_1_130' title='bbox 3816 1123 3844 1173; x_wconf 90' lang='grc' dir='ltr'><strong>ό</strong></span> <span class='ocrx_word' id='word_1_131' title='bbox 3885 1122 4017 1185; x_wconf 84' lang='grc' dir='ltr'>Θεὸς</span> 
     </span>
    </p>
   </div>
   <div class='ocr_carea' id='block_1_20' title="bbox 2447 1212 4015 1287">
    <p class='ocr_par' dir='ltr' id='par_1_20' title="bbox 2447 1212 4015 1287">
     <span class='ocr_line' id='line_1_20' title="bbox 2447 1212 4015 1287; baseline -0.005 -15"><span class='ocrx_word' id='word_1_132' title='bbox 2447 1222 2560 1283; x_wconf 86' lang='grc' dir='ltr'>τοῖς</span> <span class='ocrx_word' id='word_1_133' title='bbox 2595 1218 2880 1286; x_wconf 82' lang='grc' dir='ltr'>ἀγαπῶσιν</span> <span class='ocrx_word' id='word_1_134' title='bbox 2909 1217 3108 1282; x_wconf 80' lang='grc' dir='ltr'>αὑτὸν,</span> <span class='ocrx_word' id='word_1_135' title='bbox 3143 1216 3232 1270; x_wconf 72' lang='grc' dir='ltr'><strong>διὰ</strong></span> <span class='ocrx_word' id='word_1_136' title='bbox 3266 1217 3361 1269; x_wconf 81' lang='grc' dir='ltr'>τοῦ</span> <span class='ocrx_word' id='word_1_137' title='bbox 3400 1215 3605 1287; x_wconf 85' lang='grc' dir='ltr'><strong>Κυρίου</strong></span> <span class='ocrx_word' id='word_1_138' title='bbox 3632 1213 3789 1285; x_wconf 84' lang='grc' dir='ltr'>ἡμῶν</span> <span class='ocrx_word' id='word_1_139' title='bbox 3842 1212 4015 1284; x_wconf 77' lang='grc' dir='ltr'>Ἰησοῦ</span> 
     </span>
    </p>
   </div>
   <div class='ocr_carea' id='block_1_21' title="bbox 2449 1304 4019 1382">
    <p class='ocr_par' dir='ltr' id='par_1_21' title="bbox 2449 1304 4019 1382">
     <span class='ocr_line' id='line_1_21' title="bbox 2449 1304 4019 1382; baseline -0.003 -19"><span class='ocrx_word' id='word_1_140' title='bbox 2449 1309 2685 1382; x_wconf 81' lang='grc' dir='ltr'><strong>Χριστοῦ</strong></span> <span class='ocrx_word' id='word_1_141' title='bbox 2710 1349 2726 1376; x_wconf 89' lang='grc'><strong>,</strong></span> <span class='ocrx_word' id='word_1_142' title='bbox 2772 1309 2839 1362; x_wconf 85' lang='grc' dir='ltr'>δι’</span> <span class='ocrx_word' id='word_1_143' title='bbox 2883 1304 2945 1364; x_wconf 77' lang='grc' dir='ltr'>οὗ</span> <span class='ocrx_word' id='word_1_144' title='bbox 2989 1308 3068 1379; x_wconf 80' lang='grc' dir='ltr'><strong>τῷ</strong></span> <span class='ocrx_word' id='word_1_145' title='bbox 3116 1307 3516 1380; x_wconf 82' lang='grc' dir='ltr'>παντοκράτορι</span> <span class='ocrx_word' id='word_1_146' title='bbox 3561 1307 3735 1378; x_wconf 82' lang='grc' dir='ltr'><strong>Θεῷή</strong></span> <span class='ocrx_word' id='word_1_147' title='bbox 3774 1306 3900 1370; x_wconf 80' lang='grc' dir='ltr'>δόξα</span> <span class='ocrx_word' id='word_1_148' title='bbox 3941 1306 4019 1368; x_wconf 82' lang='grc' dir='ltr'><strong>είς</strong></span> 
     </span>
    </p>
   </div>
   <div class='ocr_carea' id='block_1_22' title="bbox 768 1403 3202 1476">
    <p class='ocr_par' dir='ltr' id='par_1_22' title="bbox 768 1403 3202 1476">
     <span class='ocr_line' id='line_1_22' title="bbox 768 1403 3202 1476; baseline -0.002 -14"><span class='ocrx_word' id='word_1_149' title='bbox 768 1410 894 1471; x_wconf 76' lang='grc' dir='ltr'>τοὺς</span> <span class='ocrx_word' id='word_1_150' title='bbox 935 1407 1136 1471; x_wconf 82' lang='grc' dir='ltr'>αἰῶνας</span> <span class='ocrx_word' id='word_1_151' title='bbox 1164 1406 1272 1459; x_wconf 85' lang='grc' dir='ltr'><strong>τῶν</strong></span> <span class='ocrx_word' id='word_1_152' title='bbox 1310 1409 1540 1459; x_wconf 65' lang='grc' dir='ltr'>αἱωυων.</span> <span class='ocrx_word' id='word_1_153' title='bbox 1603 1408 1792 1475; x_wconf 75' lang='grc' dir='ltr'>Ἀμήν.</span> <span class='ocrx_word' id='word_1_154' title='bbox 1844 1405 2146 1475; x_wconf 71' lang='grc' dir='ltr'>Ἐῥρῶσθαι</span> <span class='ocrx_word' id='word_1_155' title='bbox 2193 1406 2335 1475; x_wconf 78' lang='grc' dir='ltr'>ὑμᾶς</span> <span class='ocrx_word' id='word_1_156' title='bbox 2361 1404 2625 1476; x_wconf 74' lang='grc' dir='ltr'>εὔχομαι,</span> <span class='ocrx_word' id='word_1_157' title='bbox 2649 1405 2924 1472; x_wconf 82' lang='grc' dir='ltr'>ἀγαπητοὶ</span> <span class='ocrx_word' id='word_1_158' title='bbox 2965 1403 3202 1473; x_wconf 79' lang='grc' dir='ltr'>ἀδελφοί.</span> 
     </span>
    </p>
   </div>
   <div class='ocr_carea' id='block_1_23' title="bbox 860 1493 2345 1550">
    <p class='ocr_par' dir='ltr' id='par_1_23' title="bbox 860 1493 2345 1550">
     <span class='ocr_line' id='line_1_23' title="bbox 860 1493 2345 1550; baseline -0.003 0"><span class='ocrx_word' id='word_1_159' title='bbox 860 1496 956 1550; x_wconf 92' lang='lat' dir='ltr'><strong>llis</strong></span> <span class='ocrx_word' id='word_1_160' title='bbox 1029 1495 1230 1549; x_wconf 88' lang='lat' dir='ltr'><strong>litteris</strong></span> <span class='ocrx_word' id='word_1_161' title='bbox 1295 1494 1469 1548; x_wconf 88' lang='lat' dir='ltr'><strong>frctus</strong></span> <span class='ocrx_word' id='word_1_162' title='bbox 1544 1495 1876 1548; x_wconf 78' lang='lat' dir='ltr'><strong>Athanasius</strong></span> <span class='ocrx_word' id='word_1_163' title='bbox 1947 1495 2005 1548; x_wconf 91' lang='lat' dir='ltr'><strong>in</strong></span> <span class='ocrx_word' id='word_1_164' title='bbox 2063 1493 2345 1549; x_wconf 87' lang='lat' dir='ltr'><strong>Orientem</strong></span> 
     </span>
    </p>
   </div>
   <div class='ocr_carea' id='block_1_24' title="bbox 771 1583 2345 1655">
    <p class='ocr_par' dir='ltr' id='par_1_24' title="bbox 771 1583 2345 1655">
     <span class='ocr_line' id='line_1_24' title="bbox 771 1583 2345 1655; baseline -0.002 -17"><span class='ocrx_word' id='word_1_165' title='bbox 771 1584 1035 1655; x_wconf 77' lang='lat' dir='ltr'><strong>perrexit.</strong></span> <span class='ocrx_word' id='word_1_166' title='bbox 1103 1584 1173 1638; x_wconf 84' lang='lat' dir='ltr'><strong>At</strong></span> <span class='ocrx_word' id='word_1_167' title='bbox 1214 1585 1512 1653; x_wconf 84' lang='lat' dir='ltr'><strong>imperator</strong></span> <span class='ocrx_word' id='word_1_168' title='bbox 1565 1583 1918 1638; x_wconf 88' lang='lat' dir='ltr'><strong>Constantius</strong></span> <span class='ocrx_word' id='word_1_169' title='bbox 1967 1591 2084 1636; x_wconf 89' lang='lat' dir='ltr'><strong>tum</strong></span> <span class='ocrx_word' id='word_1_170' title='bbox 2123 1583 2345 1652; x_wconf 87' lang='lat' dir='ltr'><strong>quidem</strong></span> 
     </span>
    </p>
   </div>
   <div class='ocr_carea' id='block_1_25' title="bbox 772 1673 2343 1743">
    <p class='ocr_par' dir='ltr' id='par_1_25' title="bbox 772 1673 2343 1743">
     <span class='ocr_line' id='line_1_25' title="bbox 772 1673 2343 1743; baseline -0.004 -13"><span class='ocrx_word' id='word_1_171' title='bbox 772 1692 883 1730; x_wconf 90' lang='lat' dir='ltr'><strong>non</strong></span> <span class='ocrx_word' id='word_1_172' title='bbox 924 1675 1136 1730; x_wconf 92' lang='lat' dir='ltr'><strong>infenso</strong></span> <span class='ocrx_word' id='word_1_173' title='bbox 1167 1675 1350 1728; x_wconf 88' lang='lat' dir='ltr'><strong>animo</strong></span> <span class='ocrx_word' id='word_1_174' title='bbox 1375 1691 1501 1728; x_wconf 88' lang='lat' dir='ltr'><strong>eum</strong></span> <span class='ocrx_word' id='word_1_175' title='bbox 1535 1674 1768 1743; x_wconf 74' lang='lat' dir='ltr'><strong>excepit.</strong></span> <span class='ocrx_word' id='word_1_176' title='bbox 1805 1673 2236 1743; x_wconf 89' lang='lat' dir='ltr'><strong>Suggerentibus</strong></span> <span class='ocrx_word' id='word_1_177' title='bbox 2259 1679 2343 1725; x_wconf 89' lang='lat' dir='ltr'><strong>ta-</strong></span> 
     </span>
    </p>
   </div>
   <div class='ocr_carea' id='block_1_26' title="bbox 773 1764 2346 1829">
    <p class='ocr_par' dir='ltr' id='par_1_26' title="bbox 773 1764 2346 1829">
     <span class='ocr_line' id='line_1_26' title="bbox 773 1764 2346 1829; baseline 0 -10"><span class='ocrx_word' id='word_1_178' title='bbox 773 1782 899 1821; x_wconf 87' lang='lat' dir='ltr'><strong>men</strong></span> <span class='ocrx_word' id='word_1_179' title='bbox 940 1765 1160 1820; x_wconf 88' lang='lat' dir='ltr'><strong>Arianis</strong></span> <span class='ocrx_word' id='word_1_180' title='bbox 1203 1765 1604 1819; x_wconf 91' lang='lat' dir='ltr'><strong>circumvenire</strong></span> <span class='ocrx_word' id='word_1_181' title='bbox 1649 1764 1801 1817; x_wconf 92' lang='lat' dir='ltr'><strong>illum</strong></span> <span class='ocrx_word' id='word_1_182' title='bbox 1833 1773 2063 1819; x_wconf 83' lang='lat' dir='ltr'><strong>conatus</strong></span> <span class='ocrx_word' id='word_1_183' title='bbox 2103 1772 2208 1829; x_wconf 91' lang='lat' dir='ltr'><strong>est,</strong></span> <span class='ocrx_word' id='word_1_184' title='bbox 2257 1764 2346 1819; x_wconf 91' lang='lat' dir='ltr'><strong>his</strong></span> 
     </span>
    </p>
   </div>
   <div class='ocr_carea' id='block_1_27' title="bbox 771 1849 2344 1921">
    <p class='ocr_par' dir='ltr' id='par_1_27' title="bbox 771 1849 2344 1921">
     <span class='ocr_line' id='line_1_27' title="bbox 771 1849 2344 1921; baseline -0.006 -11"><span class='ocrx_word' id='word_1_185' title='bbox 771 1854 958 1910; x_wconf 85' lang='lat' dir='ltr'><strong>verbis</strong></span> <span class='ocrx_word' id='word_1_186' title='bbox 989 1853 1265 1908; x_wconf 89' lang='lat' dir='ltr'><strong>hominem</strong></span> <span class='ocrx_word' id='word_1_187' title='bbox 1299 1852 1634 1921; x_wconf 81' lang='lat' dir='ltr'><strong>compellans</strong></span> <span class='ocrx_word' id='word_1_188' title='bbox 1661 1869 1673 1902; x_wconf 90' lang='lat'><strong>:</strong></span> <span class='ocrx_word' id='word_1_189' title='bbox 1703 1851 1899 1905; x_wconf 90' lang='lat' dir='ltr'><strong>Sedcm</strong></span> <span class='ocrx_word' id='word_1_190' title='bbox 1932 1849 2152 1919; x_wconf 84' lang='lat' dir='ltr'><strong>quidem</strong></span> <span class='ocrx_word' id='word_1_191' title='bbox 2199 1859 2344 1902; x_wconf 89' lang='lat' dir='ltr'><strong>tuam</strong></span> 
     </span>
    </p>
   </div>
   <div class='ocr_carea' id='block_1_28' title="bbox 773 1944 2348 2010">
    <p class='ocr_par' dir='ltr' id='par_1_28' title="bbox 773 1944 2348 2010">
     <span class='ocr_line' id='line_1_28' title="bbox 773 1944 2348 2010; baseline -0.005 -8"><span class='ocrx_word' id='word_1_192' title='bbox 773 1962 841 2001; x_wconf 78' lang='lat' dir='ltr'><strong>ex</strong></span> <span class='ocrx_word' id='word_1_193' title='bbox 887 1948 1108 2002; x_wconf 90' lang='lat' dir='ltr'><strong>decreto</strong></span> <span class='ocrx_word' id='word_1_194' title='bbox 1160 1944 1375 1998; x_wconf 87' lang='lat' dir='ltr'><strong>concilii</strong></span> <span class='ocrx_word' id='word_1_195' title='bbox 1421 1951 1477 1997; x_wconf 91' lang='lat' dir='ltr'><strong>et</strong></span> <span class='ocrx_word' id='word_1_196' title='bbox 1500 1958 1567 1996; x_wconf 80' lang='lat' dir='ltr'><strong>ex</strong></span> <span class='ocrx_word' id='word_1_197' title='bbox 1599 1957 1869 1996; x_wconf 91' lang='lat' dir='ltr'><strong>consensu</strong></span> <span class='ocrx_word' id='word_1_198' title='bbox 1904 1950 2090 1995; x_wconf 91' lang='lat' dir='ltr'><strong>nostro</strong></span> <span class='ocrx_word' id='word_1_199' title='bbox 2118 1957 2348 2010; x_wconf 87' lang='lat' dir='ltr'><strong>recupe-</strong></span> 
     </span>
    </p>
   </div>
   <div class='ocr_carea' id='block_1_29' title="bbox 775 2033 2350 2105">
    <p class='ocr_par' dir='ltr' id='par_1_29' title="bbox 775 2033 2350 2105">
     <span class='ocr_line' id='line_1_29' title="bbox 775 2033 2350 2105; baseline -0.003 -14"><span class='ocrx_word' id='word_1_200' title='bbox 775 2038 929 2093; x_wconf 87' lang='lat' dir='ltr'><strong>rasti.</strong></span> <span class='ocrx_word' id='word_1_201' title='bbox 978 2036 1086 2091; x_wconf 89' lang='lat' dir='ltr'><strong>Sed</strong></span> <span class='ocrx_word' id='word_1_202' title='bbox 1127 2036 1385 2105; x_wconf 89' lang='lat' dir='ltr'><strong>quoniam</strong></span> <span class='ocrx_word' id='word_1_203' title='bbox 1417 2033 1760 2088; x_wconf 69' lang='lat' dir='ltr'><strong>Alexandria:</strong></span> <span class='ocrx_word' id='word_1_204' title='bbox 1788 2033 2008 2102; x_wconf 90' lang='lat' dir='ltr'><strong>quidam</strong></span> <span class='ocrx_word' id='word_1_205' title='bbox 2039 2049 2104 2084; x_wconf 73' lang='lat' dir='ltr'><strong>ex</strong></span> <span class='ocrx_word' id='word_1_206' title='bbox 2148 2033 2350 2102; x_wconf 87' lang='lat' dir='ltr'><strong>pepulo</strong></span> 
     </span>
    </p>
   </div>
   <div class='ocr_carea' id='block_1_30' title="bbox 773 2124 2350 2194">
    <p class='ocr_par' dir='ltr' id='par_1_30' title="bbox 773 2124 2350 2194">
     <span class='ocr_line' id='line_1_30' title="bbox 773 2124 2350 2194; baseline -0.003 -13"><span class='ocrx_word' id='word_1_207' title='bbox 773 2128 1217 2183; x_wconf 85' lang='lat' dir='ltr'><strong>communionem</strong></span> <span class='ocrx_word' id='word_1_208' title='bbox 1245 2135 1392 2180; x_wconf 91' lang='lat' dir='ltr'><strong>tuam</strong></span> <span class='ocrx_word' id='word_1_209' title='bbox 1417 2125 1715 2194; x_wconf 86' lang='lat' dir='ltr'><strong>refugiunt,</strong></span> <span class='ocrx_word' id='word_1_210' title='bbox 1750 2125 1899 2178; x_wconf 89' lang='lat' dir='ltr'><strong>sinas</strong></span> <span class='ocrx_word' id='word_1_211' title='bbox 1933 2124 2055 2177; x_wconf 90' lang='lat' dir='ltr'><strong>illos</strong></span> <span class='ocrx_word' id='word_1_212' title='bbox 2094 2139 2256 2176; x_wconf 88' lang='lat' dir='ltr'><strong>unam</strong></span> <span class='ocrx_word' id='word_1_213' title='bbox 2294 2125 2350 2177; x_wconf 90' lang='lat' dir='ltr'><strong>in</strong></span> 
     </span>
    </p>
   </div>
   <div class='ocr_carea' id='block_1_31' title="bbox 776 2214 2352 2284">
    <p class='ocr_par' dir='ltr' id='par_1_31' title="bbox 776 2214 2352 2284">
     <span class='ocr_line' id='line_1_31' title="bbox 776 2214 2352 2284; baseline -0.003 -11"><span class='ocrx_word' id='word_1_214' title='bbox 776 2220 999 2274; x_wconf 86' lang='lat' dir='ltr'><strong>civitate</strong></span> <span class='ocrx_word' id='word_1_215' title='bbox 1024 2217 1310 2272; x_wconf 87' lang='lat' dir='ltr'><strong>ecclesiam</strong></span> <span class='ocrx_word' id='word_1_216' title='bbox 1329 2216 1556 2270; x_wconf 87' lang='lat' dir='ltr'><strong>habere.</strong></span> <span class='ocrx_word' id='word_1_217' title='bbox 1585 2216 1668 2270; x_wconf 89' lang='lat' dir='ltr'><strong>Ad</strong></span> <span class='ocrx_word' id='word_1_218' title='bbox 1696 2217 1838 2269; x_wconf 90' lang='lat' dir='ltr'><strong>hanc</strong></span> <span class='ocrx_word' id='word_1_219' title='bbox 1860 2215 2182 2284; x_wconf 88' lang='lat' dir='ltr'><strong>petitionem</strong></span> <span class='ocrx_word' id='word_1_220' title='bbox 2208 2214 2352 2268; x_wconf 90' lang='lat' dir='ltr'><strong>illico</strong></span> 
     </span>
    </p>
   </div>
   <div class='ocr_carea' id='block_1_32' title="bbox 777 2304 2354 2376">
    <p class='ocr_par' dir='ltr' id='par_1_32' title="bbox 777 2304 2354 2376">
     <span class='ocr_line' id='line_1_32' title="bbox 777 2304 2354 2376; baseline -0.003 -13"><span class='ocrx_word' id='word_1_221' title='bbox 777 2309 1107 2363; x_wconf 84' lang='lat' dir='ltr'><strong>Athanasius</strong></span> <span class='ocrx_word' id='word_1_222' title='bbox 1146 2305 1435 2376; x_wconf 87' lang='lat' dir='ltr'><strong>respondit</strong></span> <span class='ocrx_word' id='word_1_223' title='bbox 1483 2305 1573 2359; x_wconf 90' lang='lat' dir='ltr'><strong>his</strong></span> <span class='ocrx_word' id='word_1_224' title='bbox 1603 2305 1791 2359; x_wconf 86' lang='lat' dir='ltr'><strong>verbis</strong></span> <span class='ocrx_word' id='word_1_225' title='bbox 1828 2323 1841 2358; x_wconf 90' lang='lat'>:</span> <span class='ocrx_word' id='word_1_226' title='bbox 1887 2305 2017 2358; x_wconf 71' lang='lat' dir='ltr'><strong>Tua:</strong></span> <span class='ocrx_word' id='word_1_227' title='bbox 2068 2304 2354 2373; x_wconf 85' lang='lat' dir='ltr'><strong>potestatis</strong></span> 
     </span>
    </p>
   </div>
   <div class='ocr_carea' id='block_1_33' title="bbox 776 2395 2357 2469">
    <p class='ocr_par' dir='ltr' id='par_1_33' title="bbox 776 2395 2357 2469">
     <span class='ocr_line' id='line_1_33' title="bbox 776 2395 2357 2469; baseline -0.003 -14"><span class='ocrx_word' id='word_1_228' title='bbox 776 2409 883 2464; x_wconf 90' lang='lat' dir='ltr'><strong>est,</strong></span> <span class='ocrx_word' id='word_1_229' title='bbox 914 2402 1224 2469; x_wconf 85' lang='lat' dir='ltr'><strong>imperator,</strong></span> <span class='ocrx_word' id='word_1_230' title='bbox 1258 2399 1452 2468; x_wconf 84' lang='lat' dir='ltr'><strong>jubere</strong></span> <span class='ocrx_word' id='word_1_231' title='bbox 1489 2397 1747 2453; x_wconf 89' lang='lat' dir='ltr'><strong>etfacere</strong></span> <span class='ocrx_word' id='word_1_232' title='bbox 1773 2395 2141 2466; x_wconf 90' lang='lat' dir='ltr'><strong>quodcunque</strong></span> <span class='ocrx_word' id='word_1_233' title='bbox 2169 2397 2357 2450; x_wconf 90' lang='lat' dir='ltr'><strong>volue-</strong></span> 
     </span>
    </p>
   </div>
   <div class='ocr_carea' id='block_1_34' title="bbox 780 2485 2358 2559">
    <p class='ocr_par' dir='ltr' id='par_1_34' title="bbox 780 2485 2358 2559">
     <span class='ocr_line' id='line_1_34' title="bbox 780 2485 2358 2559; baseline -0.003 -16"><span class='ocrx_word' id='word_1_234' title='bbox 780 2491 877 2543; x_wconf 88' lang='lat' dir='ltr'><strong>ris.</strong></span> <span class='ocrx_word' id='word_1_235' title='bbox 913 2491 1024 2559; x_wconf 85' lang='lat' dir='ltr'><strong>Ego</strong></span> <span class='ocrx_word' id='word_1_236' title='bbox 1055 2503 1186 2542; x_wconf 91' lang='lat' dir='ltr'><strong>vero</strong></span> <span class='ocrx_word' id='word_1_237' title='bbox 1215 2503 1247 2541; x_wconf 91' lang='lat' dir='ltr'><strong>a</strong></span> <span class='ocrx_word' id='word_1_238' title='bbox 1293 2497 1345 2540; x_wconf 89' lang='lat' dir='ltr'><strong>te</strong></span> <span class='ocrx_word' id='word_1_239' title='bbox 1376 2486 1620 2540; x_wconf 87' lang='lat' dir='ltr'><strong>vicissim</strong></span> <span class='ocrx_word' id='word_1_240' title='bbox 1647 2485 1975 2540; x_wconf 87' lang='lat' dir='ltr'><strong>beneficium</strong></span> <span class='ocrx_word' id='word_1_241' title='bbox 2015 2493 2142 2555; x_wconf 93' lang='lat' dir='ltr'><strong>peto</strong></span> <span class='ocrx_word' id='word_1_242' title='bbox 2173 2500 2237 2538; x_wconf 90' lang='lat' dir='ltr'><strong>ac</strong></span> <span class='ocrx_word' id='word_1_243' title='bbox 2261 2499 2358 2554; x_wconf 92' lang='lat' dir='ltr'><strong>po-</strong></span> 
     </span>
    </p>
   </div>
   <div class='ocr_carea' id='block_1_35' title="bbox 785 2576 2357 2649">
    <p class='ocr_par' dir='ltr' id='par_1_35' title="bbox 785 2576 2357 2649">
     <span class='ocr_line' id='line_1_35' title="bbox 785 2576 2357 2649; baseline -0.003 -15"><span class='ocrx_word' id='word_1_244' title='bbox 785 2581 952 2643; x_wconf 90' lang='lat' dir='ltr'><strong>stulo,</strong></span> <span class='ocrx_word' id='word_1_245' title='bbox 981 2579 1126 2649; x_wconf 88' lang='lat' dir='ltr'><strong>quod</strong></span> <span class='ocrx_word' id='word_1_246' title='bbox 1166 2578 1300 2632; x_wconf 92' lang='lat' dir='ltr'><strong>mihi</strong></span> <span class='ocrx_word' id='word_1_247' title='bbox 1334 2578 1604 2632; x_wconf 88' lang='lat' dir='ltr'><strong>concedas</strong></span> <span class='ocrx_word' id='word_1_248' title='bbox 1625 2577 1810 2631; x_wconf 89' lang='lat' dir='ltr'><strong>velim.</strong></span> <span class='ocrx_word' id='word_1_249' title='bbox 1841 2576 2086 2646; x_wconf 90' lang='lat' dir='ltr'><strong>Cumque</strong></span> <span class='ocrx_word' id='word_1_250' title='bbox 2118 2577 2357 2646; x_wconf 91' lang='lat' dir='ltr'><strong>impera-</strong></span> 
     </span>
    </p>
   </div>
   <div class='ocr_carea' id='block_1_36' title="bbox 781 2669 2359 2739">
    <p class='ocr_par' dir='ltr' id='par_1_36' title="bbox 781 2669 2359 2739">
     <span class='ocr_line' id='line_1_36' title="bbox 781 2669 2359 2739; baseline -0.004 -12"><span class='ocrx_word' id='word_1_251' title='bbox 781 2682 869 2728; x_wconf 88' lang='lat' dir='ltr'><strong>tor</strong></span> <span class='ocrx_word' id='word_1_252' title='bbox 907 2672 1076 2726; x_wconf 87' lang='lat' dir='ltr'><strong>alacri</strong></span> <span class='ocrx_word' id='word_1_253' title='bbox 1107 2671 1293 2726; x_wconf 90' lang='lat' dir='ltr'><strong>animo</strong></span> <span class='ocrx_word' id='word_1_254' title='bbox 1327 2670 1584 2724; x_wconf 90' lang='lat' dir='ltr'><strong>daturum</strong></span> <span class='ocrx_word' id='word_1_255' title='bbox 1617 2685 1675 2724; x_wconf 90' lang='lat' dir='ltr'><strong>se</strong></span> <span class='ocrx_word' id='word_1_256' title='bbox 1699 2669 2057 2739; x_wconf 87' lang='lat' dir='ltr'><strong>promisisset,</strong></span> <span class='ocrx_word' id='word_1_257' title='bbox 2093 2669 2359 2723; x_wconf 86' lang='lat' dir='ltr'><strong>continuo</strong></span> 
     </span>
    </p>
   </div>
   <div class='ocr_carea' id='block_1_37' title="bbox 781 2761 2358 2835">
    <p class='ocr_par' dir='ltr' id='par_1_37' title="bbox 781 2761 2358 2835">
     <span class='ocr_line' id='line_1_37' title="bbox 781 2761 2358 2835; baseline -0.004 -16"><span class='ocrx_word' id='word_1_258' title='bbox 781 2765 1066 2835; x_wconf 84' lang='lat' dir='ltr'><strong>subjunxit</strong></span> <span class='ocrx_word' id='word_1_259' title='bbox 1096 2763 1448 2827; x_wconf 88' lang='lat' dir='ltr'><strong>Athanasius,</strong></span> <span class='ocrx_word' id='word_1_260' title='bbox 1481 2771 1668 2831; x_wconf 88' lang='lat' dir='ltr'><strong>petere</strong></span> <span class='ocrx_word' id='word_1_261' title='bbox 1700 2777 1759 2815; x_wconf 89' lang='lat' dir='ltr'><strong>se</strong></span> <span class='ocrx_word' id='word_1_262' title='bbox 1801 2771 1862 2815; x_wconf 90' lang='lat' dir='ltr'><strong>ut</strong></span> <span class='ocrx_word' id='word_1_263' title='bbox 1905 2761 2050 2815; x_wconf 90' lang='lat' dir='ltr'><strong>idem</strong></span> <span class='ocrx_word' id='word_1_264' title='bbox 2085 2761 2190 2814; x_wconf 87' lang='lat' dir='ltr'><strong>sibi</strong></span> <span class='ocrx_word' id='word_1_265' title='bbox 2223 2775 2358 2814; x_wconf 90' lang='lat' dir='ltr'><strong>con-</strong></span> 
     </span>
    </p>
   </div>
   <div class='ocr_carea' id='block_1_38' title="bbox 781 2853 2362 2924">
    <p class='ocr_par' dir='ltr' id='par_1_38' title="bbox 781 2853 2362 2924">
     <span class='ocr_line' id='line_1_38' title="bbox 781 2853 2362 2924; baseline -0.005 -11"><span class='ocrx_word' id='word_1_266' title='bbox 781 2858 1074 2914; x_wconf 88' lang='lat' dir='ltr'><strong>cederetur</strong></span> <span class='ocrx_word' id='word_1_267' title='bbox 1098 2855 1245 2924; x_wconf 90' lang='lat' dir='ltr'><strong>quod</strong></span> <span class='ocrx_word' id='word_1_268' title='bbox 1281 2856 1579 2924; x_wconf 88' lang='lat' dir='ltr'><strong>imperator</strong></span> <span class='ocrx_word' id='word_1_269' title='bbox 1601 2854 1670 2908; x_wconf 90' lang='lat' dir='ltr'><strong>ab</strong></span> <span class='ocrx_word' id='word_1_270' title='bbox 1695 2854 1814 2922; x_wconf 91' lang='lat' dir='ltr'><strong>ipso</strong></span> <span class='ocrx_word' id='word_1_271' title='bbox 1844 2860 2119 2922; x_wconf 75' lang='lat' dir='ltr'><strong>exegerat.</strong></span> <span class='ocrx_word' id='word_1_272' title='bbox 2148 2853 2280 2906; x_wconf 86' lang='lat' dir='ltr'><strong>Nam</strong></span> <span class='ocrx_word' id='word_1_273' title='bbox 2305 2860 2362 2907; x_wconf 93' lang='lat' dir='ltr'><strong>et</strong></span> 
     </span>
    </p>
   </div>
   <div class='ocr_carea' id='block_1_39' title="bbox 785 2945 2362 3018">
    <p class='ocr_par' dir='ltr' id='par_1_39' title="bbox 785 2945 2362 3018">
     <span class='ocr_line' id='line_1_39' title="bbox 785 2945 2362 3018; baseline -0.003 -16"><span class='ocrx_word' id='word_1_274' title='bbox 785 2949 902 3018; x_wconf 88' lang='lat' dir='ltr'><strong>ipse</strong></span> <span class='ocrx_word' id='word_1_275' title='bbox 938 2947 1246 3017; x_wconf 85' lang='lat' dir='ltr'><strong>postulabat</strong></span> <span class='ocrx_word' id='word_1_276' title='bbox 1276 2954 1338 2998; x_wconf 93' lang='lat' dir='ltr'><strong>ut</strong></span> <span class='ocrx_word' id='word_1_277' title='bbox 1380 2961 1478 3014; x_wconf 90' lang='lat' dir='ltr'><strong>per</strong></span> <span class='ocrx_word' id='word_1_278' title='bbox 1509 2945 1752 3014; x_wconf 86' lang='lat' dir='ltr'><strong>singulas</strong></span> <span class='ocrx_word' id='word_1_279' title='bbox 1776 2945 2025 2999; x_wconf 86' lang='lat' dir='ltr'><strong>civitates</strong></span> <span class='ocrx_word' id='word_1_280' title='bbox 2046 2961 2155 2998; x_wconf 89' lang='lat' dir='ltr'><strong>una</strong></span> <span class='ocrx_word' id='word_1_281' title='bbox 2182 2945 2362 2998; x_wconf 89' lang='lat' dir='ltr'><strong>eccle-</strong></span> 
     </span>
    </p>
   </div>
   <div class='ocr_carea' id='block_1_40' title="bbox 784 3033 2362 3104">
    <p class='ocr_par' dir='ltr' id='par_1_40' title="bbox 784 3033 2362 3104">
     <span class='ocr_line' id='line_1_40' title="bbox 784 3033 2362 3104; baseline -0.004 -12"><span class='ocrx_word' id='word_1_282' title='bbox 784 3039 866 3092; x_wconf 90' lang='lat' dir='ltr'><strong>sia</strong></span> <span class='ocrx_word' id='word_1_283' title='bbox 893 3039 1226 3091; x_wconf 74' lang='lat' dir='ltr'><strong>tribueretur</strong></span> <span class='ocrx_word' id='word_1_284' title='bbox 1254 3036 1382 3099; x_wconf 90' lang='lat' dir='ltr'><strong>illis,</strong></span> <span class='ocrx_word' id='word_1_285' title='bbox 1417 3037 1510 3104; x_wconf 91' lang='lat' dir='ltr'><strong>qui</strong></span> <span class='ocrx_word' id='word_1_286' title='bbox 1535 3035 1866 3088; x_wconf 84' lang='lat' dir='ltr'><strong>Arianorum</strong></span> <span class='ocrx_word' id='word_1_287' title='bbox 1906 3033 2362 3088; x_wconf 90' lang='lat' dir='ltr'><strong>communionem</strong></span> 
     </span>
    </p>
   </div>
   <div class='ocr_carea' id='block_1_41' title="bbox 788 3122 2364 3198">
    <p class='ocr_par' dir='ltr' id='par_1_41' title="bbox 788 3122 2364 3198">
     <span class='ocr_line' id='line_1_41' title="bbox 788 3122 2364 3198; baseline -0.005 -15"><span class='ocrx_word' id='word_1_288' title='bbox 788 3127 1154 3198; x_wconf 81' lang='lat' dir='ltr'><strong>refugiebant.</strong></span> <span class='ocrx_word' id='word_1_289' title='bbox 1209 3125 1347 3180; x_wconf 89' lang='lat' dir='ltr'><strong>Cum</strong></span> <span class='ocrx_word' id='word_1_290' title='bbox 1381 3132 1565 3178; x_wconf 90' lang='lat' dir='ltr'><strong>autem</strong></span> <span class='ocrx_word' id='word_1_291' title='bbox 1596 3123 1784 3178; x_wconf 89' lang='lat' dir='ltr'><strong>Ariani</strong></span> <span class='ocrx_word' id='word_1_292' title='bbox 1835 3123 2166 3177; x_wconf 89' lang='lat' dir='ltr'><strong>sententiam</strong></span> <span class='ocrx_word' id='word_1_293' title='bbox 2193 3122 2364 3178; x_wconf 88' lang='lat' dir='ltr'><strong>Atha-</strong></span> 
     </span>
    </p>
   </div>
   <div class='ocr_carea' id='block_1_42' title="bbox 2522 1491 4017 1566">
    <p class='ocr_par' dir='ltr' id='par_1_42' title="bbox 2522 1491 4017 1566">
     <span class='ocr_line' id='line_1_42' title="bbox 2522 1491 4017 1566; baseline 0 -22"><span class='ocrx_word' id='word_1_294' title='bbox 2522 1492 2744 1556; x_wconf 84' lang='grc' dir='ltr'><strong>Τούτοις</strong></span> <span class='ocrx_word' id='word_1_295' title='bbox 2761 1491 3141 1557; x_wconf 86' lang='grc' dir='ltr'>πεπιστευκὼς</span> <span class='ocrx_word' id='word_1_296' title='bbox 3160 1494 3272 1556; x_wconf 87' lang='grc' dir='ltr'>τοῖς</span> <span class='ocrx_word' id='word_1_297' title='bbox 3297 1493 3616 1566; x_wconf 81' lang='grc' dir='ltr'>γράμμασιν</span> <span class='ocrx_word' id='word_1_298' title='bbox 3629 1501 3669 1531; x_wconf 79' lang='grc' dir='ltr'>ω</span> <span class='ocrx_word' id='word_1_299' title='bbox 3684 1493 4017 1559; x_wconf 81' lang='grc' dir='ltr'>Ἀθανάσιος,</span> 
     </span>
    </p>
   </div>
   <div class='ocr_carea' id='block_1_43' title="bbox 2450 1582 4023 1654">
    <p class='ocr_par' dir='ltr' id='par_1_43' title="bbox 2450 1582 4023 1654">
     <span class='ocr_line' id='line_1_43' title="bbox 2450 1582 4023 1654; baseline 0.001 -19"><span class='ocrx_word' id='word_1_300' title='bbox 2450 1583 2545 1636; x_wconf 74' lang='grc' dir='ltr'>ἐπὶ</span> <span class='ocrx_word' id='word_1_301' title='bbox 2573 1584 2673 1654; x_wconf 85' lang='grc' dir='ltr'>τὴν</span> <span class='ocrx_word' id='word_1_302' title='bbox 2713 1582 3003 1654; x_wconf 79' lang='grc' dir='ltr'>’Δνατολὴν</span> <span class='ocrx_word' id='word_1_303' title='bbox 3031 1583 3383 1654; x_wconf 80' lang='grc' dir='ltr'>παρεγένετο.</span> <span class='ocrx_word' id='word_1_304' title='bbox 3407 1583 3780 1646; x_wconf 79' lang='grc' dir='ltr'>Κωνστάντιος</span> <span class='ocrx_word' id='word_1_305' title='bbox 3803 1585 3858 1638; x_wconf 86' lang='grc' dir='ltr'>δὲ</span> <span class='ocrx_word' id='word_1_306' title='bbox 3882 1585 3912 1636; x_wconf 88' lang='grc' dir='ltr'><strong>ό</strong></span> <span class='ocrx_word' id='word_1_307' title='bbox 3933 1583 4023 1654; x_wconf 85' lang='grc' dir='ltr'><strong>βα-</strong></span> 
     </span>
    </p>
   </div>
   <div class='ocr_carea' id='block_1_44' title="bbox 2452 1675 4022 1745">
    <p class='ocr_par' dir='ltr' id='par_1_44' title="bbox 2452 1675 4022 1745">
     <span class='ocr_line' id='line_1_44' title="bbox 2452 1675 4022 1745; baseline 0.002 -19"><span class='ocrx_word' id='word_1_308' title='bbox 2452 1676 2652 1736; x_wconf 76' lang='grc' dir='ltr'>σιλεὺς,</span> <span class='ocrx_word' id='word_1_309' title='bbox 2673 1675 2773 1728; x_wconf 82' lang='grc' dir='ltr'><strong>οὐκ</strong></span> <span class='ocrx_word' id='word_1_310' title='bbox 2795 1675 3052 1745; x_wconf 82' lang='grc' dir='ltr'><strong>ἀπεχθῶς</strong></span> <span class='ocrx_word' id='word_1_311' title='bbox 3072 1675 3170 1745; x_wconf 79' lang='grc' dir='ltr'><strong>μὲν</strong></span> <span class='ocrx_word' id='word_1_312' title='bbox 3198 1675 3321 1727; x_wconf 87' lang='grc' dir='ltr'>τότε</span> <span class='ocrx_word' id='word_1_313' title='bbox 3351 1675 3665 1739; x_wconf 80' lang='grc' dir='ltr'><strong>ἀπεδέξατο.</strong></span> <span class='ocrx_word' id='word_1_314' title='bbox 3701 1675 4022 1744; x_wconf 79' lang='grc' dir='ltr'>Σοφίζεσθαι</span> 
     </span>
    </p>
   </div>
   <div class='ocr_carea' id='block_1_45' title="bbox 2448 1765 4022 1837">
    <p class='ocr_par' dir='ltr' id='par_1_45' title="bbox 2448 1765 4022 1837">
     <span class='ocr_line' id='line_1_45' title="bbox 2448 1765 4022 1837; baseline 0.001 -19"><span class='ocrx_word' id='word_1_315' title='bbox 2448 1765 2505 1818; x_wconf 87' lang='grc' dir='ltr'>δὲ</span> <span class='ocrx_word' id='word_1_316' title='bbox 2534 1765 2698 1820; x_wconf 77' lang='grc' dir='ltr'>αὑτὸν</span> <span class='ocrx_word' id='word_1_317' title='bbox 2724 1766 3016 1837; x_wconf 78' lang='grc' dir='ltr'>ἐπεχείρει,</span> <span class='ocrx_word' id='word_1_318' title='bbox 3036 1767 3100 1818; x_wconf 81' lang='grc' dir='ltr'><strong>ἐκ</strong></span> <span class='ocrx_word' id='word_1_319' title='bbox 3113 1765 3462 1835; x_wconf 83' lang='grc' dir='ltr'>κατασκευῆς</span> <span class='ocrx_word' id='word_1_320' title='bbox 3483 1767 3590 1818; x_wconf 80' lang='grc' dir='ltr'><strong>τῶν</strong></span> <span class='ocrx_word' id='word_1_321' title='bbox 3607 1765 4022 1836; x_wconf 78' lang='grc' dir='ltr'>άρειανιζόντων</span> 
     </span>
    </p>
   </div>
   <div class='ocr_carea' id='block_1_46' title="bbox 2450 1855 4023 1928">
    <p class='ocr_par' dir='ltr' id='par_1_46' title="bbox 2450 1855 4023 1928">
     <span class='ocr_line' id='line_1_46' title="bbox 2450 1855 4023 1928; baseline -0.001 -18"><span class='ocrx_word' id='word_1_322' title='bbox 2450 1857 2907 1927; x_wconf 82' lang='grc' dir='ltr'>ύποϐαλλόμενος·</span> <span class='ocrx_word' id='word_1_323' title='bbox 2926 1857 3020 1910; x_wconf 86' lang='grc' dir='ltr'><strong>καί</strong></span> <span class='ocrx_word' id='word_1_324' title='bbox 3039 1874 3173 1926; x_wconf 81' lang='grc' dir='ltr'>φησι</span> <span class='ocrx_word' id='word_1_325' title='bbox 3202 1855 3338 1926; x_wconf 82' lang='grc' dir='ltr'>πρὸς</span> <span class='ocrx_word' id='word_1_326' title='bbox 3362 1856 3522 1910; x_wconf 81' lang='grc' dir='ltr'>αὐτόν</span> <span class='ocrx_word' id='word_1_327' title='bbox 3540 1873 3554 1886; x_wconf 90' lang='grc'><strong>·</strong></span> <span class='ocrx_word' id='word_1_328' title='bbox 3579 1856 3684 1909; x_wconf 80' lang='grc' dir='ltr'><strong>Τὸν</strong></span> <span class='ocrx_word' id='word_1_329' title='bbox 3709 1857 3805 1927; x_wconf 85' lang='grc' dir='ltr'><strong>μὲν</strong></span> <span class='ocrx_word' id='word_1_330' title='bbox 3837 1856 4023 1928; x_wconf 83' lang='grc' dir='ltr'>θρόνον</span> 
     </span>
    </p>
   </div>
   <div class='ocr_carea' id='block_1_47' title="bbox 2447 1945 4024 2018">
    <p class='ocr_par' dir='ltr' id='par_1_47' title="bbox 2447 1945 4024 2018">
     <span class='ocr_line' id='line_1_47' title="bbox 2447 1945 4024 2018; baseline -0.001 -17"><span class='ocrx_word' id='word_1_331' title='bbox 2447 1948 2541 2001; x_wconf 85' lang='grc' dir='ltr'><strong>τὸν</strong></span> <span class='ocrx_word' id='word_1_332' title='bbox 2572 1948 2770 2001; x_wconf 80' lang='grc' dir='ltr'>σαυτοῦ</span> <span class='ocrx_word' id='word_1_333' title='bbox 2791 1947 2956 2018; x_wconf 71' lang='grc' dir='ltr'>ψήφῳ</span> <span class='ocrx_word' id='word_1_334' title='bbox 2982 1948 3085 2016; x_wconf 73' lang='grc' dir='ltr'>τῆς</span> <span class='ocrx_word' id='word_1_335' title='bbox 3109 1947 3326 1999; x_wconf 86' lang='grc' dir='ltr'>συνόδου</span> <span class='ocrx_word' id='word_1_336' title='bbox 3347 1947 3439 1998; x_wconf 76' lang='grc' dir='ltr'><strong>καὶ</strong></span> <span class='ocrx_word' id='word_1_337' title='bbox 3459 1945 3704 2017; x_wconf 70' lang='grc' dir='ltr'>ἡμετέρα</span> <span class='ocrx_word' id='word_1_338' title='bbox 3725 1945 4024 1999; x_wconf 80' lang='grc' dir='ltr'>συναινέσει</span> 
     </span>
    </p>
   </div>
   <div class='ocr_carea' id='block_1_48' title="bbox 2450 2035 4024 2108">
    <p class='ocr_par' dir='ltr' id='par_1_48' title="bbox 2450 2035 4024 2108">
     <span class='ocr_line' id='line_1_48' title="bbox 2450 2035 4024 2108; baseline 0 -18"><span class='ocrx_word' id='word_1_339' title='bbox 2450 2036 2780 2106; x_wconf 85' lang='grc' dir='ltr'>ἀπείληφας.</span> <span class='ocrx_word' id='word_1_340' title='bbox 2813 2037 3032 2107; x_wconf 83' lang='grc' dir='ltr'>Ἐπειδὴ</span> <span class='ocrx_word' id='word_1_341' title='bbox 3052 2036 3108 2089; x_wconf 84' lang='grc' dir='ltr'>δὲ</span> <span class='ocrx_word' id='word_1_342' title='bbox 3134 2037 3270 2089; x_wconf 73' lang='grc' dir='ltr'>εἰσὶν</span> <span class='ocrx_word' id='word_1_343' title='bbox 3304 2037 3364 2088; x_wconf 80' lang='grc' dir='ltr'>ὲν</span> <span class='ocrx_word' id='word_1_344' title='bbox 3388 2038 3453 2107; x_wconf 86' lang='grc' dir='ltr'>τῇ</span> <span class='ocrx_word' id='word_1_345' title='bbox 3484 2035 3857 2108; x_wconf 74' lang='grc' dir='ltr'>Ἀλεξανδρεία</span> <span class='ocrx_word' id='word_1_346' title='bbox 3881 2039 4024 2100; x_wconf 86' lang='grc' dir='ltr'>τινὲς</span> 
     </span>
    </p>
   </div>
   <div class='ocr_carea' id='block_1_49' title="bbox 2449 2126 4024 2199">
    <p class='ocr_par' dir='ltr' id='par_1_49' title="bbox 2449 2126 4024 2199">
     <span class='ocr_line' id='line_1_49' title="bbox 2449 2126 4024 2199; baseline 0.001 -19"><span class='ocrx_word' id='word_1_347' title='bbox 2449 2127 2542 2180; x_wconf 79' lang='grc' dir='ltr'>τοῦ</span> <span class='ocrx_word' id='word_1_348' title='bbox 2567 2128 2696 2180; x_wconf 74' lang='grc' dir='ltr'>λαοῦ</span> <span class='ocrx_word' id='word_1_349' title='bbox 2717 2167 2733 2192; x_wconf 92' lang='grc'><strong>,</strong></span> <span class='ocrx_word' id='word_1_350' title='bbox 2769 2127 3172 2199; x_wconf 87' lang='grc' dir='ltr'>διακρινόμενοι</span> <span class='ocrx_word' id='word_1_351' title='bbox 3202 2126 3300 2198; x_wconf 81' lang='grc' dir='ltr'>τὴν</span> <span class='ocrx_word' id='word_1_352' title='bbox 3328 2128 3466 2199; x_wconf 85' lang='grc' dir='ltr'>πρὸς</span> <span class='ocrx_word' id='word_1_353' title='bbox 3492 2127 3549 2179; x_wconf 82' lang='grc' dir='ltr'><strong>σὲ</strong></span> <span class='ocrx_word' id='word_1_354' title='bbox 3577 2127 3860 2180; x_wconf 84' lang='grc' dir='ltr'>κοινωνίαν</span> <span class='ocrx_word' id='word_1_355' title='bbox 3889 2129 4024 2198; x_wconf 84' lang='grc'><strong>(66),</strong></span> 
     </span>
    </p>
   </div>
   <div class='ocr_carea' id='block_1_50' title="bbox 2455 2219 4025 2292">
    <p class='ocr_par' dir='ltr' id='par_1_50' title="bbox 2455 2219 4025 2292">
     <span class='ocr_line' id='line_1_50' title="bbox 2455 2219 4025 2292; baseline 0.001 -20"><span class='ocrx_word' id='word_1_356' title='bbox 2455 2219 2580 2290; x_wconf 89' lang='grc' dir='ltr'>μίαν</span> <span class='ocrx_word' id='word_1_357' title='bbox 2607 2221 2665 2272; x_wconf 82' lang='grc' dir='ltr'>ὲν</span> <span class='ocrx_word' id='word_1_358' title='bbox 2686 2223 2752 2291; x_wconf 81' lang='grc' dir='ltr'>τῇ</span> <span class='ocrx_word' id='word_1_359' title='bbox 2784 2220 2937 2273; x_wconf 88' lang='grc' dir='ltr'>πόλει</span> <span class='ocrx_word' id='word_1_360' title='bbox 2967 2219 3263 2290; x_wconf 76' lang='grc' dir='ltr'>ἐκκλησίαν</span> <span class='ocrx_word' id='word_1_361' title='bbox 3287 2219 3444 2272; x_wconf 77' lang='grc' dir='ltr'>ἔασον</span> <span class='ocrx_word' id='word_1_362' title='bbox 3473 2220 3618 2289; x_wconf 78' lang='grc' dir='ltr'>ἔχειν</span> <span class='ocrx_word' id='word_1_363' title='bbox 3642 2219 3859 2284; x_wconf 87' lang='grc' dir='ltr'>αύτούς,</span> <span class='ocrx_word' id='word_1_364' title='bbox 3881 2221 4025 2292; x_wconf 81' lang='grc' dir='ltr'><strong>Πρὸς</strong></span> 
     </span>
    </p>
   </div>
   <div class='ocr_carea' id='block_1_51' title="bbox 2452 2309 4026 2382">
    <p class='ocr_par' dir='ltr' id='par_1_51' title="bbox 2452 2309 4026 2382">
     <span class='ocr_line' id='line_1_51' title="bbox 2452 2309 4026 2382; baseline 0.002 -20"><span class='ocrx_word' id='word_1_365' title='bbox 2452 2311 2551 2381; x_wconf 83' lang='grc' dir='ltr'>τὴν</span> <span class='ocrx_word' id='word_1_366' title='bbox 2594 2312 2854 2382; x_wconf 84' lang='grc' dir='ltr'>πρότασιν</span> <span class='ocrx_word' id='word_1_367' title='bbox 2897 2311 3103 2381; x_wconf 87' lang='grc' dir='ltr'>ταύτην</span> <span class='ocrx_word' id='word_1_368' title='bbox 3152 2309 3470 2373; x_wconf 80' lang='grc' dir='ltr'>Ἀθανάσιος</span> <span class='ocrx_word' id='word_1_369' title='bbox 3515 2310 3728 2382; x_wconf 86' lang='grc' dir='ltr'>γοργῶς</span> <span class='ocrx_word' id='word_1_370' title='bbox 3777 2312 4026 2382; x_wconf 79' lang='grc' dir='ltr'>ὑπαπήν-</span> 
     </span>
    </p>
   </div>
   <div class='ocr_carea' id='block_1_52' title="bbox 2451 2397 4028 2474">
    <p class='ocr_par' dir='ltr' id='par_1_52' title="bbox 2451 2397 4028 2474">
     <span class='ocr_line' id='line_1_52' title="bbox 2451 2397 4028 2474; baseline 0 -18"><span class='ocrx_word' id='word_1_371' title='bbox 2451 2421 2608 2474; x_wconf 76' lang='grc' dir='ltr'>τησε,</span> <span class='ocrx_word' id='word_1_372' title='bbox 2635 2403 2728 2456; x_wconf 83' lang='grc' dir='ltr'><strong>καί</strong></span> <span class='ocrx_word' id='word_1_373' title='bbox 2763 2421 2894 2474; x_wconf 87' lang='grc' dir='ltr'>φησι</span> <span class='ocrx_word' id='word_1_374' title='bbox 2916 2421 2928 2435; x_wconf 74' lang='grc' dir='ltr'><strong>ο</strong></span> <span class='ocrx_word' id='word_1_375' title='bbox 2970 2397 3042 2455; x_wconf 84' lang='grc' dir='ltr'><strong><em>Ὦ</em></strong></span> <span class='ocrx_word' id='word_1_376' title='bbox 3073 2402 3291 2473; x_wconf 84' lang='grc' dir='ltr'>βασιλεῦ</span> <span class='ocrx_word' id='word_1_377' title='bbox 3313 2444 3327 2465; x_wconf 90' lang='grc'><strong>,</strong></span> <span class='ocrx_word' id='word_1_378' title='bbox 3358 2403 3444 2454; x_wconf 82' lang='grc' dir='ltr'><strong>ἐπ’</strong></span> <span class='ocrx_word' id='word_1_379' title='bbox 3476 2402 3724 2467; x_wconf 81' lang='grc' dir='ltr'>ἐξουσίας</span> <span class='ocrx_word' id='word_1_380' title='bbox 3755 2405 3854 2474; x_wconf 86' lang='grc' dir='ltr'><strong>μὲν</strong></span> <span class='ocrx_word' id='word_1_381' title='bbox 3883 2403 4028 2474; x_wconf 77' lang='grc' dir='ltr'>ἔχεις</span> 
     </span>
    </p>
   </div>
   <div class='ocr_carea' id='block_1_53' title="bbox 2455 2493 4028 2566">
    <p class='ocr_par' dir='ltr' id='par_1_53' title="bbox 2455 2493 4028 2566">
     <span class='ocr_line' id='line_1_53' title="bbox 2455 2493 4028 2566; baseline -0.001 -17"><span class='ocrx_word' id='word_1_382' title='bbox 2455 2496 2700 2550; x_wconf 83' lang='grc' dir='ltr'>κελεύειν</span> <span class='ocrx_word' id='word_1_383' title='bbox 2725 2512 2788 2548; x_wconf 87' lang='grc' dir='ltr'><strong>τε</strong></span> <span class='ocrx_word' id='word_1_384' title='bbox 2818 2495 2913 2548; x_wconf 70' lang='grc' dir='ltr'><strong>καὶ</strong></span> <span class='ocrx_word' id='word_1_385' title='bbox 2939 2495 3199 2566; x_wconf 79' lang='grc' dir='ltr'>πράττειν</span> <span class='ocrx_word' id='word_1_386' title='bbox 3225 2495 3326 2547; x_wconf 84' lang='grc' dir='ltr'>ὅσα</span> <span class='ocrx_word' id='word_1_387' title='bbox 3357 2493 3423 2546; x_wconf 85' lang='grc' dir='ltr'>ἂν</span> <span class='ocrx_word' id='word_1_388' title='bbox 3448 2493 3626 2565; x_wconf 79' lang='grc' dir='ltr'>θέλῃς.</span> <span class='ocrx_word' id='word_1_389' title='bbox 3658 2494 3832 2563; x_wconf 79' lang='grc' dir='ltr'>Χάριν</span> <span class='ocrx_word' id='word_1_390' title='bbox 3858 2494 3915 2546; x_wconf 82' lang='grc' dir='ltr'>δὲ</span> <span class='ocrx_word' id='word_1_391' title='bbox 3936 2495 4028 2561; x_wconf 58' lang='grc' dir='ltr'>καὶ</span> 
     </span>
    </p>
   </div>
   <div class='ocr_carea' id='block_1_54' title="bbox 2456 2583 4030 2655">
    <p class='ocr_par' dir='ltr' id='par_1_54' title="bbox 2456 2583 4030 2655">
     <span class='ocr_line' id='line_1_54' title="bbox 2456 2583 4030 2655; baseline -0.002 -17"><span class='ocrx_word' id='word_1_392' title='bbox 2456 2585 2615 2649; x_wconf 79' lang='grc' dir='ltr'>αὐτὸς</span> <span class='ocrx_word' id='word_1_393' title='bbox 2660 2585 2796 2639; x_wconf 85' lang='grc' dir='ltr'>αἰτῶ</span> <span class='ocrx_word' id='word_1_394' title='bbox 2841 2586 2938 2638; x_wconf 80' lang='grc' dir='ltr'><strong>καὶ</strong></span> <span class='ocrx_word' id='word_1_395' title='bbox 2980 2585 3208 2654; x_wconf 79' lang='grc' dir='ltr'>δέομαι,</span> <span class='ocrx_word' id='word_1_396' title='bbox 3244 2584 3332 2645; x_wconf 86' lang='grc' dir='ltr'><strong>δός</strong></span> <span class='ocrx_word' id='word_1_397' title='bbox 3376 2601 3485 2655; x_wconf 91' lang='grc' dir='ltr'>μοι.</span> <span class='ocrx_word' id='word_1_398' title='bbox 3519 2583 3624 2636; x_wconf 81' lang='grc' dir='ltr'>Τοῦ</span> <span class='ocrx_word' id='word_1_399' title='bbox 3669 2583 3722 2634; x_wconf 77' lang='grc' dir='ltr'>δὲ</span> <span class='ocrx_word' id='word_1_400' title='bbox 3769 2583 4030 2652; x_wconf 84' lang='grc' dir='ltr'>βασιλέως</span> 
     </span>
    </p>
   </div>
   <div class='ocr_carea' id='block_1_55' title="bbox 2456 2675 4031 2748">
    <p class='ocr_par' dir='ltr' id='par_1_55' title="bbox 2456 2675 4031 2748">
     <span class='ocr_line' id='line_1_55' title="bbox 2456 2675 4031 2748; baseline -0.001 -18"><span class='ocrx_word' id='word_1_401' title='bbox 2456 2678 2651 2731; x_wconf 86' lang='grc' dir='ltr'>δώσειν</span> <span class='ocrx_word' id='word_1_402' title='bbox 2701 2678 2934 2748; x_wconf 77' lang='grc' dir='ltr'>ἑτοίμως</span> <span class='ocrx_word' id='word_1_403' title='bbox 2979 2676 3489 2746; x_wconf 82' lang='grc' dir='ltr'>ἐπαγγειλαμένου,</span> <span class='ocrx_word' id='word_1_404' title='bbox 3541 2675 3703 2738; x_wconf 78' lang='grc' dir='ltr'>εὐθὺς</span> <span class='ocrx_word' id='word_1_405' title='bbox 3754 2677 4031 2745; x_wconf 73' lang='grc' dir='ltr'>ἐπήγαγεν</span> 
     </span>
    </p>
   </div>
   <div class='ocr_carea' id='block_1_56' title="bbox 2471 2767 4033 2839">
    <p class='ocr_par' dir='ltr' id='par_1_56' title="bbox 2471 2767 4033 2839">
     <span class='ocr_line' id='line_1_56' title="bbox 2471 2767 4033 2839; baseline -0.002 -16"><span class='ocrx_word' id='word_1_406' title='bbox 2471 2770 2822 2832; x_wconf 80' lang='grc' dir='ltr'>Ἀθανάσιος,</span> <span class='ocrx_word' id='word_1_407' title='bbox 2874 2768 2973 2839; x_wconf 83' lang='grc' dir='ltr'>τὴν</span> <span class='ocrx_word' id='word_1_408' title='bbox 3029 2768 3200 2838; x_wconf 74' lang='grc' dir='ltr'>αὐτὴν</span> <span class='ocrx_word' id='word_1_409' title='bbox 3229 2767 3397 2832; x_wconf 82' lang='grc' dir='ltr'>ἀξιῶν</span> <span class='ocrx_word' id='word_1_410' title='bbox 3443 2768 3604 2838; x_wconf 81' lang='grc' dir='ltr'>χάριν</span> <span class='ocrx_word' id='word_1_411' title='bbox 3651 2767 3865 2830; x_wconf 83' lang='grc' dir='ltr'>λαϐεῖν,</span> <span class='ocrx_word' id='word_1_412' title='bbox 3897 2768 3962 2838; x_wconf 85' lang='grc' dir='ltr'>ἥν</span> <span class='ocrx_word' id='word_1_413' title='bbox 4004 2769 4033 2821; x_wconf 91' lang='grc' dir='ltr'>ὁ</span> 
     </span>
    </p>
   </div>
   <div class='ocr_carea' id='block_1_57' title="bbox 2462 2858 4034 2932">
    <p class='ocr_par' dir='ltr' id='par_1_57' title="bbox 2462 2858 4034 2932">
     <span class='ocr_line' id='line_1_57' title="bbox 2462 2858 4034 2932; baseline -0.002 -18"><span class='ocrx_word' id='word_1_414' title='bbox 2462 2861 2712 2932; x_wconf 78' lang='grc' dir='ltr'>βασιλεὺς</span> <span class='ocrx_word' id='word_1_415' title='bbox 2743 2860 2997 2932; x_wconf 76' lang='grc' dir='ltr'>ἐπεζήτει</span> <span class='ocrx_word' id='word_1_416' title='bbox 3027 2860 3234 2913; x_wconf 89' lang='grc' dir='ltr'>λαϐεῖν.</span> <span class='ocrx_word' id='word_1_417' title='bbox 3297 2860 3443 2913; x_wconf 86' lang='grc' dir='ltr'>Μίαν</span> <span class='ocrx_word' id='word_1_418' title='bbox 3504 2858 3612 2930; x_wconf 79' lang='grc' dir='ltr'><strong>γάρ</strong></span> <span class='ocrx_word' id='word_1_419' title='bbox 3636 2860 3729 2911; x_wconf 73' lang='grc' dir='ltr'><strong>καὶ</strong></span> <span class='ocrx_word' id='word_1_420' title='bbox 3761 2859 3920 2919; x_wconf 78' lang='grc' dir='ltr'>αὐτὸς</span> <span class='ocrx_word' id='word_1_421' title='bbox 3944 2860 4034 2912; x_wconf 83' lang='grc' dir='ltr'><strong>ὲκ-</strong></span> 
     </span>
    </p>
   </div>
   <div class='ocr_carea' id='block_1_58' title="bbox 2462 2949 4034 3022">
    <p class='ocr_par' dir='ltr' id='par_1_58' title="bbox 2462 2949 4034 3022">
     <span class='ocr_line' id='line_1_58' title="bbox 2462 2949 4034 3022; baseline -0.001 -18"><span class='ocrx_word' id='word_1_422' title='bbox 2462 2951 2691 3022; x_wconf 79' lang='grc' dir='ltr'>κλησίαν</span> <span class='ocrx_word' id='word_1_423' title='bbox 2740 2950 3203 3021; x_wconf 79' lang='grc' dir='ltr'>ἀπονεμηθῆναιη</span> <span class='ocrx_word' id='word_1_424' title='bbox 3241 2949 3393 3020; x_wconf 71' lang='grc' dir='ltr'>ἠξίου</span> <span class='ocrx_word' id='word_1_425' title='bbox 3444 2950 3564 3003; x_wconf 81' lang='grc' dir='ltr'>καθ’</span> <span class='ocrx_word' id='word_1_426' title='bbox 3617 2949 3852 3018; x_wconf 74' lang='grc' dir='ltr'>ἑκάστην</span> <span class='ocrx_word' id='word_1_427' title='bbox 3883 2950 4034 3003; x_wconf 81' lang='grc' dir='ltr'>πόλιν</span> 
     </span>
    </p>
   </div>
   <div class='ocr_carea' id='block_1_59' title="bbox 2463 3039 4034 3111">
    <p class='ocr_par' dir='ltr' id='par_1_59' title="bbox 2463 3039 4034 3111">
     <span class='ocr_line' id='line_1_59' title="bbox 2463 3039 4034 3111; baseline 0 -17"><span class='ocrx_word' id='word_1_428' title='bbox 2463 3045 2578 3104; x_wconf 81' lang='grc' dir='ltr'>τοῖς</span> <span class='ocrx_word' id='word_1_429' title='bbox 2643 3041 3077 3110; x_wconf 79' lang='grc' dir='ltr'>διακρινομένοις</span> <span class='ocrx_word' id='word_1_430' title='bbox 3145 3040 3281 3109; x_wconf 82' lang='grc' dir='ltr'>πρὸς</span> <span class='ocrx_word' id='word_1_431' title='bbox 3324 3039 3418 3111; x_wconf 83' lang='grc' dir='ltr'>τὴν</span> <span class='ocrx_word' id='word_1_432' title='bbox 3464 3041 3571 3093; x_wconf 81' lang='grc' dir='ltr'><strong>τῶν</strong></span> <span class='ocrx_word' id='word_1_433' title='bbox 3620 3041 4034 3111; x_wconf 76' lang='grc' dir='ltr'>ἀρειανιζὸντων</span> 
     </span>
    </p>
   </div>
   <div class='ocr_carea' id='block_1_60' title="bbox 2468 3129 4037 3202">
    <p class='ocr_par' dir='ltr' id='par_1_60' title="bbox 2468 3129 4037 3202">
     <span class='ocr_line' id='line_1_60' title="bbox 2468 3129 4037 3202; baseline 0 -17"><span class='ocrx_word' id='word_1_434' title='bbox 2468 3132 2775 3185; x_wconf 84' lang='grc' dir='ltr'>κοινωνίαν.</span> <span class='ocrx_word' id='word_1_435' title='bbox 2833 3131 2944 3202; x_wconf 83' lang='grc' dir='ltr'>Τὴν</span> <span class='ocrx_word' id='word_1_436' title='bbox 3009 3130 3328 3184; x_wconf 84' lang='grc' dir='ltr'>Ἀθανασίου</span> <span class='ocrx_word' id='word_1_437' title='bbox 3391 3129 3570 3184; x_wconf 87' lang='grc' dir='ltr'>τοίνυν</span> <span class='ocrx_word' id='word_1_438' title='bbox 3623 3131 3845 3200; x_wconf 81' lang='grc' dir='ltr'>γνώμην</span> <span class='ocrx_word' id='word_1_439' title='bbox 3889 3131 4037 3185; x_wconf 81' lang='grc' dir='ltr'>λυσιο</span> 
     </span>
    </p>
   </div>
   <div class='ocr_carea' id='block_1_61' title="bbox 787 3215 2573 3298">
    <p class='ocr_par' dir='ltr' id='par_1_61' title="bbox 787 3215 2573 3298">
     <span class='ocr_line' id='line_1_61' title="bbox 787 3215 2573 3298; baseline -0.006 -23"><span class='ocrx_word' id='word_1_440' title='bbox 787 3221 927 3275; x_wconf 88' lang='lat' dir='ltr'><strong>nasii</strong></span> <span class='ocrx_word' id='word_1_441' title='bbox 954 3220 1068 3273; x_wconf 91' lang='lat' dir='ltr'><strong>suis</strong></span> <span class='ocrx_word' id='word_1_442' title='bbox 1099 3217 1349 3287; x_wconf 89' lang='lat' dir='ltr'><strong>partibus</strong></span> <span class='ocrx_word' id='word_1_443' title='bbox 1373 3215 1775 3269; x_wconf 87' lang='lat' dir='ltr'><strong>incommodam</strong></span> <span class='ocrx_word' id='word_1_444' title='bbox 1808 3231 1928 3269; x_wconf 90' lang='lat' dir='ltr'><strong>esse</strong></span> <span class='ocrx_word' id='word_1_445' title='bbox 1967 3215 2356 3285; x_wconf 83' lang='lat' dir='ltr'><strong>intelligerent,</strong></span> <span class='ocrx_word' id='word_1_446' title='bbox 2391 3240 2433 3298; x_wconf 63' lang='grc' dir='ltr'>α</span> <span class='ocrx_word' id='word_1_447' title='bbox 2464 3221 2573 3274; x_wconf 67' lang='grc' dir='ltr'>τελε,</span> 
     </span>
    </p>
   </div>
   <div class='ocr_carea' id='block_1_62' title="bbox 2242 3215 4028 3298">
    <p class='ocr_par' dir='ltr' id='par_1_62' title="bbox 2242 3221 4028 3298">
     <span class='ocr_line' id='line_1_62' title="bbox 2242 3221 4028 3298; baseline 0.002 -25"><span class='ocrx_word' id='word_1_448' title='bbox 2242 3222 2356 3274; x_wconf 69' lang='lat' dir='ltr'><strong>ent.</strong></span> <span class='ocrx_word' id='word_1_449' title='bbox 2391 3240 2433 3298; x_wconf 67' lang='grc' dir='ltr'>ε</span> <span class='ocrx_word' id='word_1_450' title='bbox 2464 3221 2591 3291; x_wconf 82' lang='grc' dir='ltr'>τελῆ</span> <span class='ocrx_word' id='word_1_451' title='bbox 2619 3221 2727 3291; x_wconf 82' lang='grc'><strong>(67)</strong></span> <span class='ocrx_word' id='word_1_452' title='bbox 2753 3221 2969 3290; x_wconf 87' lang='grc' dir='ltr'>γνόντες</span> <span class='ocrx_word' id='word_1_453' title='bbox 2990 3222 3039 3274; x_wconf 75' lang='grc' dir='ltr'>οἱ</span> <span class='ocrx_word' id='word_1_454' title='bbox 3066 3222 3477 3291; x_wconf 79' lang='grc' dir='ltr'>ἀρειανίζοντες,</span> <span class='ocrx_word' id='word_1_455' title='bbox 3505 3222 3888 3292; x_wconf 78' lang='grc' dir='ltr'>ὑπερτίθεσθαι</span> <span class='ocrx_word' id='word_1_456' title='bbox 3927 3223 4028 3292; x_wconf 86' lang='grc' dir='ltr'><strong>μὲν</strong></span> 
     </span>
    </p>
   </div>
   <div class='ocr_carea' id='block_1_63' title="bbox 786 3305 2365 3380">
    <p class='ocr_par' dir='ltr' id='par_1_63' title="bbox 786 3305 2365 3380">
     <span class='ocr_line' id='line_1_63' title="bbox 786 3305 2365 3380; baseline -0.004 -14"><span class='ocrx_word' id='word_1_457' title='bbox 786 3312 844 3366; x_wconf 89' lang='lat' dir='ltr'><strong>id</strong></span> <span class='ocrx_word' id='word_1_458' title='bbox 875 3310 1097 3380; x_wconf 88' lang='lat' dir='ltr'><strong>quidem</strong></span> <span class='ocrx_word' id='word_1_459' title='bbox 1129 3309 1183 3362; x_wconf 90' lang='lat' dir='ltr'><strong>in</strong></span> <span class='ocrx_word' id='word_1_460' title='bbox 1209 3307 1358 3361; x_wconf 91' lang='lat' dir='ltr'><strong>aliud</strong></span> <span class='ocrx_word' id='word_1_461' title='bbox 1392 3315 1607 3375; x_wconf 90' lang='lat' dir='ltr'><strong>tempus</strong></span> <span class='ocrx_word' id='word_1_462' title='bbox 1643 3305 2007 3360; x_wconf 72' lang='lat' dir='ltr'><strong>differendum</strong></span> <span class='ocrx_word' id='word_1_463' title='bbox 2053 3321 2173 3360; x_wconf 88' lang='lat' dir='ltr'><strong>esse</strong></span> <span class='ocrx_word' id='word_1_464' title='bbox 2207 3306 2365 3360; x_wconf 76' lang='lat' dir='ltr'><strong>dixe-</strong></span> 
     </span>
    </p>
   </div>
   <div class='ocr_carea' id='block_1_64' title="bbox 787 3399 2370 3470">
    <p class='ocr_par' dir='ltr' id='par_1_64' title="bbox 787 3399 2370 3470">
     <span class='ocr_line' id='line_1_64' title="bbox 787 3399 2370 3470; baseline -0.003 -13"><span class='ocrx_word' id='word_1_465' title='bbox 787 3411 918 3457; x_wconf 91' lang='lat' dir='ltr'><strong>runt</strong></span> <span class='ocrx_word' id='word_1_466' title='bbox 951 3420 965 3455; x_wconf 92' lang='lat'>:</span> <span class='ocrx_word' id='word_1_467' title='bbox 999 3400 1384 3470; x_wconf 87' lang='lat' dir='ltr'><strong>imperatorem</strong></span> <span class='ocrx_word' id='word_1_468' title='bbox 1415 3414 1549 3452; x_wconf 86' lang='lat' dir='ltr'><strong>vero</strong></span> <span class='ocrx_word' id='word_1_469' title='bbox 1595 3399 1738 3467; x_wconf 89' lang='lat' dir='ltr'><strong>passi</strong></span> <span class='ocrx_word' id='word_1_470' title='bbox 1775 3405 1905 3451; x_wconf 90' lang='lat' dir='ltr'><strong>sunt</strong></span> <span class='ocrx_word' id='word_1_471' title='bbox 1943 3414 2008 3452; x_wconf 88' lang='lat' dir='ltr'><strong>ea</strong></span> <span class='ocrx_word' id='word_1_472' title='bbox 2048 3413 2208 3467; x_wconf 87' lang='lat' dir='ltr'><strong>agere</strong></span> <span class='ocrx_word' id='word_1_473' title='bbox 2248 3414 2370 3466; x_wconf 72' lang='lat' dir='ltr'><strong>qua:</strong></span> 
     </span>
    </p>
   </div>
   <div class='ocr_carea' id='block_1_65' title="bbox 787 3486 2365 3557">
    <p class='ocr_par' dir='ltr' id='par_1_65' title="bbox 787 3486 2365 3557">
     <span class='ocr_line' id='line_1_65' title="bbox 787 3486 2365 3557; baseline -0.002 -15"><span class='ocrx_word' id='word_1_474' title='bbox 787 3490 972 3542; x_wconf 88' lang='lat' dir='ltr'><strong>vellet.</strong></span> <span class='ocrx_word' id='word_1_475' title='bbox 1005 3488 1100 3542; x_wconf 85' lang='lat' dir='ltr'><strong>Ille</strong></span> <span class='ocrx_word' id='word_1_476' title='bbox 1127 3487 1292 3557; x_wconf 85' lang='lat' dir='ltr'><strong>igitur</strong></span> <span class='ocrx_word' id='word_1_477' title='bbox 1316 3486 1636 3550; x_wconf 86' lang='lat' dir='ltr'><strong>Athanasio,</strong></span> <span class='ocrx_word' id='word_1_478' title='bbox 1678 3487 1846 3540; x_wconf 87' lang='lat' dir='ltr'><strong>Paulo</strong></span> <span class='ocrx_word' id='word_1_479' title='bbox 1878 3495 2040 3553; x_wconf 87' lang='lat' dir='ltr'><strong>atque</strong></span> <span class='ocrx_word' id='word_1_480' title='bbox 2069 3487 2325 3541; x_wconf 83' lang='lat' dir='ltr'><strong>Marcello</strong></span> <span class='ocrx_word' id='word_1_481' title='bbox 2351 3528 2365 3550; x_wconf 94' lang='lat'><strong>,</strong></span> 
     </span>
    </p>
   </div>
   <div class='ocr_carea' id='block_1_66' title="bbox 787 3575 2373 3648">
    <p class='ocr_par' dir='ltr' id='par_1_66' title="bbox 787 3575 2373 3648">
     <span class='ocr_line' id='line_1_66' title="bbox 787 3575 2373 3648; baseline -0.001 -16"><span class='ocrx_word' id='word_1_482' title='bbox 787 3578 1031 3648; x_wconf 71' lang='lat' dir='ltr'><strong>Asclepa:</strong></span> <span class='ocrx_word' id='word_1_483' title='bbox 1052 3578 1184 3632; x_wconf 87' lang='lat' dir='ltr'><strong>item</strong></span> <span class='ocrx_word' id='word_1_484' title='bbox 1232 3591 1296 3630; x_wconf 88' lang='lat' dir='ltr'><strong>ac</strong></span> <span class='ocrx_word' id='word_1_485' title='bbox 1324 3575 1495 3628; x_wconf 89' lang='lat' dir='ltr'><strong>Lucio</strong></span> <span class='ocrx_word' id='word_1_486' title='bbox 1516 3617 1530 3639; x_wconf 91' lang='lat'><strong>,</strong></span> <span class='ocrx_word' id='word_1_487' title='bbox 1578 3592 1812 3644; x_wconf 89' lang='lat' dir='ltr'><strong>quorum</strong></span> <span class='ocrx_word' id='word_1_488' title='bbox 1857 3577 1996 3630; x_wconf 88' lang='lat' dir='ltr'><strong>alter</strong></span> <span class='ocrx_word' id='word_1_489' title='bbox 2026 3576 2202 3640; x_wconf 68' lang='lat' dir='ltr'><strong>Gazae,</strong></span> <span class='ocrx_word' id='word_1_490' title='bbox 2236 3578 2373 3630; x_wconf 87' lang='lat' dir='ltr'><strong>alter</strong></span> 
     </span>
    </p>
   </div>
   <div class='ocr_carea' id='block_1_67' title="bbox 789 3668 2366 3739">
    <p class='ocr_par' dir='ltr' id='par_1_67' title="bbox 789 3668 2366 3739">
     <span class='ocr_line' id='line_1_67' title="bbox 789 3668 2366 3739; baseline -0.002 -14"><span class='ocrx_word' id='word_1_491' title='bbox 789 3669 1170 3739; x_wconf 86' lang='lat' dir='ltr'><strong>Adrianopolis</strong></span> <span class='ocrx_word' id='word_1_492' title='bbox 1208 3677 1328 3724; x_wconf 90' lang='lat' dir='ltr'><strong>erat</strong></span> <span class='ocrx_word' id='word_1_493' title='bbox 1376 3668 1688 3737; x_wconf 87' lang='lat' dir='ltr'><strong>episcopus,</strong></span> <span class='ocrx_word' id='word_1_494' title='bbox 1735 3668 1894 3724; x_wconf 81' lang='lat' dir='ltr'><strong>sedes</strong></span> <span class='ocrx_word' id='word_1_495' title='bbox 1937 3683 2064 3722; x_wconf 91' lang='lat' dir='ltr'><strong>suas</strong></span> <span class='ocrx_word' id='word_1_496' title='bbox 2104 3669 2366 3722; x_wconf 86' lang='lat' dir='ltr'><strong>restituit.</strong></span> 
     </span>
    </p>
   </div>
   <div class='ocr_carea' id='block_1_68' title="bbox 790 3758 2362 3828">
    <p class='ocr_par' dir='ltr' id='par_1_68' title="bbox 790 3758 2362 3828">
     <span class='ocr_line' id='line_1_68' title="bbox 790 3758 2362 3828; baseline -0.003 -10"><span class='ocrx_word' id='word_1_497' title='bbox 790 3761 927 3818; x_wconf 79' lang='lat' dir='ltr'><strong>Nam</strong></span> <span class='ocrx_word' id='word_1_498' title='bbox 952 3769 1009 3816; x_wconf 90' lang='lat' dir='ltr'><strong>et</strong></span> <span class='ocrx_word' id='word_1_499' title='bbox 1034 3761 1119 3816; x_wconf 88' lang='lat' dir='ltr'><strong>isti</strong></span> <span class='ocrx_word' id='word_1_500' title='bbox 1154 3776 1185 3814; x_wconf 89' lang='lat' dir='ltr'><strong>a</strong></span> <span class='ocrx_word' id='word_1_501' title='bbox 1218 3759 1528 3814; x_wconf 88' lang='lat' dir='ltr'><strong>Serdiccnsi</strong></span> <span class='ocrx_word' id='word_1_502' title='bbox 1562 3758 1796 3812; x_wconf 90' lang='lat' dir='ltr'><strong>concilio</strong></span> <span class='ocrx_word' id='word_1_503' title='bbox 1828 3759 2067 3828; x_wconf 89' lang='lat' dir='ltr'><strong>suscepti</strong></span> <span class='ocrx_word' id='word_1_504' title='bbox 2100 3759 2319 3813; x_wconf 83' lang='lat' dir='ltr'><strong>fuerant</strong></span> <span class='ocrx_word' id='word_1_505' title='bbox 2347 3777 2362 3814; x_wconf 87' lang='lat'><strong>:</strong></span> 
     </span>
    </p>
   </div>
   <div class='ocr_carea' id='block_1_69' title="bbox 791 3850 2372 3922">
    <p class='ocr_par' dir='ltr' id='par_1_69' title="bbox 791 3850 2372 3922">
     <span class='ocr_line' id='line_1_69' title="bbox 791 3850 2372 3922; baseline -0.003 -12"><span class='ocrx_word' id='word_1_506' title='bbox 791 3853 1052 3922; x_wconf 83' lang='lat' dir='ltr'><strong>Aselepas</strong></span> <span class='ocrx_word' id='word_1_507' title='bbox 1097 3851 1315 3921; x_wconf 89' lang='lat' dir='ltr'><strong>quidem</strong></span> <span class='ocrx_word' id='word_1_508' title='bbox 1361 3866 1486 3904; x_wconf 89' lang='lat' dir='ltr'><strong>cum</strong></span> <span class='ocrx_word' id='word_1_509' title='bbox 1528 3859 1645 3904; x_wconf 88' lang='lat' dir='ltr'><strong>aeta</strong></span> <span class='ocrx_word' id='word_1_510' title='bbox 1687 3850 2046 3913; x_wconf 75' lang='lat' dir='ltr'><strong>exhibuisset,</strong></span> <span class='ocrx_word' id='word_1_511' title='bbox 2079 3851 2372 3919; x_wconf 82' lang='lat' dir='ltr'><strong>exquibus</strong></span> 
     </span>
    </p>
   </div>
   <div class='ocr_carea' id='block_1_70' title="bbox 795 3941 2373 4011">
    <p class='ocr_par' dir='ltr' id='par_1_70' title="bbox 795 3941 2373 4011">
     <span class='ocr_line' id='line_1_70' title="bbox 795 3941 2373 4011; baseline -0.001 -13"><span class='ocrx_word' id='word_1_512' title='bbox 795 3944 1084 3999; x_wconf 85' lang='lat' dir='ltr'><strong>constabat</strong></span> <span class='ocrx_word' id='word_1_513' title='bbox 1099 3943 1396 3997; x_wconf 88' lang='lat' dir='ltr'><strong>Eusebium</strong></span> <span class='ocrx_word' id='word_1_514' title='bbox 1417 3942 1688 4011; x_wconf 85' lang='lat' dir='ltr'><strong>Pamphili</strong></span> <span class='ocrx_word' id='word_1_515' title='bbox 1712 3959 1818 3995; x_wconf 89' lang='lat' dir='ltr'><strong>una</strong></span> <span class='ocrx_word' id='word_1_516' title='bbox 1842 3957 1965 3995; x_wconf 91' lang='lat' dir='ltr'><strong>cum</strong></span> <span class='ocrx_word' id='word_1_517' title='bbox 1980 3941 2230 4010; x_wconf 90' lang='lat' dir='ltr'><strong>pluribus</strong></span> <span class='ocrx_word' id='word_1_518' title='bbox 2251 3941 2373 3996; x_wconf 84' lang='lat' dir='ltr'><strong>aliis</strong></span> 
     </span>
    </p>
   </div>
   <div class='ocr_carea' id='block_1_71' title="bbox 795 4032 2374 4105">
    <p class='ocr_par' dir='ltr' id='par_1_71' title="bbox 795 4032 2374 4105">
     <span class='ocr_line' id='line_1_71' title="bbox 795 4032 2374 4105; baseline -0.002 -15"><span class='ocrx_word' id='word_1_519' title='bbox 795 4037 864 4091; x_wconf 90' lang='lat' dir='ltr'><strong>de</strong></span> <span class='ocrx_word' id='word_1_520' title='bbox 888 4036 1060 4105; x_wconf 89' lang='lat' dir='ltr'><strong>ipsius</strong></span> <span class='ocrx_word' id='word_1_521' title='bbox 1073 4033 1290 4104; x_wconf 90' lang='lat' dir='ltr'><strong>negotio</strong></span> <span class='ocrx_word' id='word_1_522' title='bbox 1314 4039 1756 4101; x_wconf 88' lang='lat' dir='ltr'><strong>cognoscentem,</strong></span> <span class='ocrx_word' id='word_1_523' title='bbox 1777 4032 2068 4102; x_wconf 85' lang='lat' dir='ltr'><strong>pristinum</strong></span> <span class='ocrx_word' id='word_1_524' title='bbox 2094 4033 2374 4102; x_wconf 83' lang='lat' dir='ltr'><strong>dignitatis</strong></span> 
     </span>
    </p>
   </div>
   <div class='ocr_carea' id='block_1_72' title="bbox 795 4121 2377 4196">
    <p class='ocr_par' dir='ltr' id='par_1_72' title="bbox 795 4121 2377 4196">
     <span class='ocr_line' id='line_1_72' title="bbox 795 4121 2377 4196; baseline -0.001 -18"><span class='ocrx_word' id='word_1_525' title='bbox 795 4125 1023 4196; x_wconf 83' lang='lat' dir='ltr'><strong>gradum</strong></span> <span class='ocrx_word' id='word_1_526' title='bbox 1049 4123 1151 4194; x_wconf 86' lang='lat' dir='ltr'><strong>ipsi</strong></span> <span class='ocrx_word' id='word_1_527' title='bbox 1176 4123 1510 4187; x_wconf 88' lang='lat' dir='ltr'><strong>reddidisse;</strong></span> <span class='ocrx_word' id='word_1_528' title='bbox 1545 4121 1747 4176; x_wconf 87' lang='lat' dir='ltr'><strong>Lucius</strong></span> <span class='ocrx_word' id='word_1_529' title='bbox 1770 4138 1920 4187; x_wconf 83' lang='lat' dir='ltr'><strong>vero,</strong></span> <span class='ocrx_word' id='word_1_530' title='bbox 1947 4138 2014 4177; x_wconf 92' lang='lat' dir='ltr'><strong>eo</strong></span> <span class='ocrx_word' id='word_1_531' title='bbox 2047 4123 2191 4191; x_wconf 88' lang='lat' dir='ltr'><strong>quod</strong></span> <span class='ocrx_word' id='word_1_532' title='bbox 2216 4138 2377 4177; x_wconf 76' lang='lat' dir='ltr'><strong>accu-</strong></span> 
     </span>
    </p>
   </div>
   <div class='ocr_carea' id='block_1_73' title="bbox 870 4303 1293 4369">
    <p class='ocr_par' dir='ltr' id='par_1_73' title="bbox 870 4303 1293 4369">
     <span class='ocr_line' id='line_1_73' title="bbox 870 4303 1293 4369; baseline -0.002 -10"><span class='ocrx_word' id='word_1_533' title='bbox 870 4303 915 4336; x_wconf 72' lang='grc'>⁸⁰</span> <span class='ocrx_word' id='word_1_534' title='bbox 948 4304 969 4359; x_wconf 89' lang='lat' dir='ltr'><strong>l</strong></span> <span class='ocrx_word' id='word_1_535' title='bbox 998 4304 1125 4361; x_wconf 85' lang='lat' dir='ltr'><strong>Cor.</strong></span> <span class='ocrx_word' id='word_1_536' title='bbox 1155 4321 1212 4369; x_wconf 88' lang='grc' dir='ltr'><strong>ιι,</strong></span> <span class='ocrx_word' id='word_1_537' title='bbox 1241 4305 1293 4359; x_wconf 89' lang='grc'><strong>9.</strong></span> 
     </span>
    </p>
   </div>
   <div class='ocr_carea' id='block_1_74' title="bbox 2465 3312 4039 3383">
    <p class='ocr_par' dir='ltr' id='par_1_74' title="bbox 2465 3312 4039 3383">
     <span class='ocr_line' id='line_1_74' title="bbox 2465 3312 4039 3383; baseline 0 -17"><span class='ocrx_word' id='word_1_538' title='bbox 2465 3313 2622 3366; x_wconf 82' lang='grc' dir='ltr'>τοῦτο</span> <span class='ocrx_word' id='word_1_539' title='bbox 2661 3313 2844 3380; x_wconf 80' lang='grc' dir='ltr'>ἔλεγον</span> <span class='ocrx_word' id='word_1_540' title='bbox 2869 3329 2883 3343; x_wconf 74' lang='grc' dir='ltr'><strong>ο</strong></span> <span class='ocrx_word' id='word_1_541' title='bbox 2920 3312 3184 3382; x_wconf 82' lang='grc' dir='ltr'>πράττειν</span> <span class='ocrx_word' id='word_1_542' title='bbox 3220 3313 3278 3365; x_wconf 86' lang='grc' dir='ltr'>δὲ</span> <span class='ocrx_word' id='word_1_543' title='bbox 3325 3312 3393 3366; x_wconf 85' lang='grc' dir='ltr'>τὰ</span> <span class='ocrx_word' id='word_1_544' title='bbox 3431 3313 3692 3367; x_wconf 79' lang='grc' dir='ltr'>δοκοῦντα</span> <span class='ocrx_word' id='word_1_545' title='bbox 3724 3313 3800 3383; x_wconf 83' lang='grc' dir='ltr'>τῷ</span> <span class='ocrx_word' id='word_1_546' title='bbox 3829 3313 4039 3383; x_wconf 73' lang='grc' dir='ltr'>βασιλεῖ</span> 
     </span>
    </p>
   </div>
   <div class='ocr_carea' id='block_1_75' title="bbox 2466 3400 4039 3472">
    <p class='ocr_par' dir='ltr' id='par_1_75' title="bbox 2466 3400 4039 3472">
     <span class='ocr_line' id='line_1_75' title="bbox 2466 3400 4039 3472; baseline 0.001 -18"><span class='ocrx_word' id='word_1_547' title='bbox 2466 3401 2843 3472; x_wconf 82' lang='grc' dir='ltr'>παρεχώρουν.</span> <span class='ocrx_word' id='word_1_548' title='bbox 2895 3402 3091 3471; x_wconf 81' lang='grc' dir='ltr'>Διόπερ</span> <span class='ocrx_word' id='word_1_549' title='bbox 3134 3403 3163 3454; x_wconf 90' lang='grc' dir='ltr'><strong>ό</strong></span> <span class='ocrx_word' id='word_1_550' title='bbox 3207 3400 3458 3470; x_wconf 80' lang='grc' dir='ltr'>βασιλεὺς</span> <span class='ocrx_word' id='word_1_551' title='bbox 3500 3401 3800 3472; x_wconf 79' lang='grc' dir='ltr'>Ἀθανασίῳ</span> <span class='ocrx_word' id='word_1_552' title='bbox 3835 3419 3895 3454; x_wconf 85' lang='grc' dir='ltr'><strong>τε</strong></span> <span class='ocrx_word' id='word_1_553' title='bbox 3943 3404 4039 3456; x_wconf 79' lang='grc' dir='ltr'><strong>καὶ</strong></span> 
     </span>
    </p>
   </div>
   <div class='ocr_carea' id='block_1_76' title="bbox 2467 3491 4036 3563">
    <p class='ocr_par' dir='ltr' id='par_1_76' title="bbox 2467 3491 4036 3563">
     <span class='ocr_line' id='line_1_76' title="bbox 2467 3491 4036 3563; baseline 0.001 -17"><span class='ocrx_word' id='word_1_554' title='bbox 2467 3493 2667 3562; x_wconf 84' lang='grc' dir='ltr'>Παύλῳ</span> <span class='ocrx_word' id='word_1_555' title='bbox 2704 3492 2798 3544; x_wconf 76' lang='grc' dir='ltr'>καὶ</span> <span class='ocrx_word' id='word_1_556' title='bbox 2821 3491 3125 3562; x_wconf 84' lang='grc' dir='ltr'>Μαρκέλλῳ</span> <span class='ocrx_word' id='word_1_557' title='bbox 3154 3492 3280 3552; x_wconf 80' lang='grc' dir='ltr'>τοὺς</span> <span class='ocrx_word' id='word_1_558' title='bbox 3313 3492 3474 3552; x_wconf 87' lang='grc' dir='ltr'>ίδίους</span> <span class='ocrx_word' id='word_1_559' title='bbox 3511 3491 3759 3545; x_wconf 85' lang='grc' dir='ltr'>ἀπεδίδου</span> <span class='ocrx_word' id='word_1_560' title='bbox 3795 3493 4036 3563; x_wconf 72' lang='grc' dir='ltr'>θρόνους.</span> 
     </span>
    </p>
   </div>
   <div class='ocr_carea' id='block_1_77' title="bbox 2473 3581 4040 3653">
    <p class='ocr_par' dir='ltr' id='par_1_77' title="bbox 2473 3581 4040 3653">
     <span class='ocr_line' id='line_1_77' title="bbox 2473 3581 4040 3653; baseline 0 -18"><span class='ocrx_word' id='word_1_561' title='bbox 2473 3585 2594 3636; x_wconf 82' lang='grc' dir='ltr'>Ἔτι</span> <span class='ocrx_word' id='word_1_562' title='bbox 2658 3582 2763 3653; x_wconf 85' lang='grc' dir='ltr'><strong>μὴν</strong></span> <span class='ocrx_word' id='word_1_563' title='bbox 2818 3583 2911 3636; x_wconf 77' lang='grc' dir='ltr'><strong>καὶ</strong></span> <span class='ocrx_word' id='word_1_564' title='bbox 2970 3582 3250 3652; x_wconf 79' lang='grc' dir='ltr'>Ἀσκληπᾷ</span> <span class='ocrx_word' id='word_1_565' title='bbox 3295 3581 3373 3651; x_wconf 82' lang='grc' dir='ltr'>τῷ</span> <span class='ocrx_word' id='word_1_566' title='bbox 3424 3583 3464 3634; x_wconf 88' lang='grc' dir='ltr'><strong><em>Γ</em></strong></span> <span class='ocrx_word' id='word_1_567' title='bbox 3468 3581 3638 3652; x_wconf 74' lang='grc' dir='ltr'>ἀζης,</span> <span class='ocrx_word' id='word_1_568' title='bbox 3682 3583 3776 3635; x_wconf 73' lang='grc' dir='ltr'><strong>καὶ</strong></span> <span class='ocrx_word' id='word_1_569' title='bbox 3827 3584 4040 3653; x_wconf 86' lang='grc' dir='ltr'>Λουκίῳ</span> 
     </span>
    </p>
   </div>
   <div class='ocr_carea' id='block_1_78' title="bbox 2483 3665 4037 3744">
    <p class='ocr_par' dir='ltr' id='par_1_78' title="bbox 2483 3665 4037 3744">
     <span class='ocr_line' id='line_1_78' title="bbox 2483 3665 4037 3744; baseline -0.001 -17"><span class='ocrx_word' id='word_1_570' title='bbox 2483 3674 2994 3744; x_wconf 83' lang='grc' dir='ltr'>Ἀδριανουπόλεως.</span> <span class='ocrx_word' id='word_1_571' title='bbox 3021 3673 3131 3726; x_wconf 72' lang='grc' dir='ltr'><strong>Καὶ</strong></span> <span class='ocrx_word' id='word_1_572' title='bbox 3155 3673 3262 3744; x_wconf 83' lang='grc' dir='ltr'><strong>γὰρ</strong></span> <span class='ocrx_word' id='word_1_573' title='bbox 3294 3665 3439 3726; x_wconf 77' lang='grc' dir='ltr'>οὗτοι</span> <span class='ocrx_word' id='word_1_574' title='bbox 3467 3673 3570 3725; x_wconf 80' lang='grc' dir='ltr'><strong>ὑπὸ</strong></span> <span class='ocrx_word' id='word_1_575' title='bbox 3598 3675 3697 3738; x_wconf 84' lang='grc' dir='ltr'>τῆς</span> <span class='ocrx_word' id='word_1_576' title='bbox 3723 3677 3780 3725; x_wconf 78' lang='grc' dir='ltr'><strong>ἐν</strong></span> <span class='ocrx_word' id='word_1_577' title='bbox 3804 3674 4037 3744; x_wconf 81' lang='grc' dir='ltr'>Σαρδικῇ</span> 
     </span>
    </p>
   </div>
   <div class='ocr_carea' id='block_1_79' title="bbox 2482 3761 4041 3832">
    <p class='ocr_par' dir='ltr' id='par_1_79' title="bbox 2482 3761 4041 3832">
     <span class='ocr_line' id='line_1_79' title="bbox 2482 3761 4041 3832; baseline -0.001 -17"><span class='ocrx_word' id='word_1_578' title='bbox 2482 3763 2699 3816; x_wconf 85' lang='grc' dir='ltr'>συνόδου</span> <span class='ocrx_word' id='word_1_579' title='bbox 2761 3761 3089 3832; x_wconf 65' lang='grc' dir='ltr'>ἐδέχθησανι</span> <span class='ocrx_word' id='word_1_580' title='bbox 3149 3761 3462 3830; x_wconf 81' lang='grc' dir='ltr'>Ἀσκληπᾶς</span> <span class='ocrx_word' id='word_1_581' title='bbox 3519 3761 3618 3830; x_wconf 83' lang='grc' dir='ltr'><strong>μὲν</strong></span> <span class='ocrx_word' id='word_1_582' title='bbox 3673 3763 4041 3832; x_wconf 84' lang='grc' dir='ltr'>ὑπομνήματα</span> 
     </span>
    </p>
   </div>
   <div class='ocr_carea' id='block_1_80' title="bbox 2477 3845 4039 3920">
    <p class='ocr_par' dir='ltr' id='par_1_80' title="bbox 2477 3845 4039 3920">
     <span class='ocr_line' id='line_1_80' title="bbox 2477 3845 4039 3920; baseline 0.001 -19"><span class='ocrx_word' id='word_1_583' title='bbox 2477 3849 2788 3916; x_wconf 73' lang='grc' dir='ltr'>ἐπιδείξας,</span> <span class='ocrx_word' id='word_1_584' title='bbox 2839 3852 2896 3903; x_wconf 73' lang='grc' dir='ltr'>ἐν</span> <span class='ocrx_word' id='word_1_585' title='bbox 2945 3845 3024 3912; x_wconf 75' lang='grc' dir='ltr'>οἷς</span> <span class='ocrx_word' id='word_1_586' title='bbox 3070 3849 3336 3902; x_wconf 77' lang='grc' dir='ltr'>ἐδέδεικτο</span> <span class='ocrx_word' id='word_1_587' title='bbox 3385 3849 3644 3912; x_wconf 81' lang='grc' dir='ltr'>Εὐσέϐιος</span> <span class='ocrx_word' id='word_1_588' title='bbox 3676 3850 3704 3902; x_wconf 91' lang='grc' dir='ltr'><strong>ό</strong></span> <span class='ocrx_word' id='word_1_589' title='bbox 3754 3851 4039 3920; x_wconf 75' lang='grc' dir='ltr'>Παμφίλου</span> 
     </span>
    </p>
   </div>
   <div class='ocr_carea' id='block_1_81' title="bbox 2471 3941 4043 4011">
    <p class='ocr_par' dir='ltr' id='par_1_81' title="bbox 2471 3941 4043 4011">
     <span class='ocr_line' id='line_1_81' title="bbox 2471 3941 4043 4011; baseline 0.001 -16"><span class='ocrx_word' id='word_1_590' title='bbox 2471 3941 2589 4011; x_wconf 83' lang='grc' dir='ltr'><strong>ἀμα</strong></span> <span class='ocrx_word' id='word_1_591' title='bbox 2632 3941 2841 3994; x_wconf 90' lang='grc' dir='ltr'>πλείοσι</span> <span class='ocrx_word' id='word_1_592' title='bbox 2882 3942 3132 4009; x_wconf 81' lang='grc' dir='ltr'>διαγνοὺς</span> <span class='ocrx_word' id='word_1_593' title='bbox 3177 3941 3248 3994; x_wconf 84' lang='grc' dir='ltr'>τὰ</span> <span class='ocrx_word' id='word_1_594' title='bbox 3294 3943 3415 3994; x_wconf 77' lang='grc' dir='ltr'>κατ’</span> <span class='ocrx_word' id='word_1_595' title='bbox 3453 3941 3645 4009; x_wconf 81' lang='grc' dir='ltr'>αὑτὸν,</span> <span class='ocrx_word' id='word_1_596' title='bbox 3688 3960 3782 3996; x_wconf 89' lang='grc' dir='ltr'><strong>και</strong></span> <span class='ocrx_word' id='word_1_597' title='bbox 3815 3943 4043 4007; x_wconf 81' lang='grc' dir='ltr'>ἀποδοὺς</span> 
     </span>
    </p>
   </div>
   <div class='ocr_carea' id='block_1_82' title="bbox 2469 4029 4044 4102">
    <p class='ocr_par' dir='ltr' id='par_1_82' title="bbox 2469 4029 4044 4102">
     <span class='ocr_line' id='line_1_82' title="bbox 2469 4029 4044 4102; baseline 0.003 -20"><span class='ocrx_word' id='word_1_598' title='bbox 2469 4031 2569 4100; x_wconf 77' lang='grc' dir='ltr'>τὴν</span> <span class='ocrx_word' id='word_1_599' title='bbox 2597 4031 2753 4094; x_wconf 77' lang='grc' dir='ltr'>ἀξίαν</span> <span class='ocrx_word' id='word_1_600' title='bbox 2786 4029 2971 4082; x_wconf 76' lang='grc' dir='ltr'>αὑτοῦ.</span> <span class='ocrx_word' id='word_1_601' title='bbox 3007 4029 3238 4094; x_wconf 78' lang='grc' dir='ltr'>Λούκιος</span> <span class='ocrx_word' id='word_1_602' title='bbox 3274 4030 3365 4095; x_wconf 83' lang='grc' dir='ltr'>δὲ,</span> <span class='ocrx_word' id='word_1_603' title='bbox 3398 4031 3479 4084; x_wconf 81' lang='grc' dir='ltr'><strong>ὅτι</strong></span> <span class='ocrx_word' id='word_1_604' title='bbox 3517 4032 3565 4084; x_wconf 81' lang='lat' dir='ltr'><strong>oi</strong></span> <span class='ocrx_word' id='word_1_605' title='bbox 3610 4031 4044 4102; x_wconf 83' lang='grc' dir='ltr'>κατηγοροῦντες</span> 
     </span>
    </p>
   </div>
   <div class='ocr_carea' id='block_1_83' title="bbox 2474 4118 4045 4195">
    <p class='ocr_par' dir='ltr' id='par_1_83' title="bbox 2474 4118 4045 4195">
     <span class='ocr_line' id='line_1_83' title="bbox 2474 4118 4045 4195; baseline 0.002 -21"><span class='ocrx_word' id='word_1_606' title='bbox 2474 4123 2638 4175; x_wconf 72' lang='grc' dir='ltr'>αὑτοῦ</span> <span class='ocrx_word' id='word_1_607' title='bbox 2677 4126 2822 4194; x_wconf 81' lang='grc' dir='ltr'>φυγῇ</span> <span class='ocrx_word' id='word_1_608' title='bbox 2869 4124 3192 4194; x_wconf 78' lang='grc' dir='ltr'>ἐχρήσαντο.</span> <span class='ocrx_word' id='word_1_609' title='bbox 3214 4124 3616 4194; x_wconf 86' lang='grc' dir='ltr'>Προστάγματα</span> <span class='ocrx_word' id='word_1_610' title='bbox 3657 4118 3749 4177; x_wconf 78' lang='grc' dir='ltr'><strong>οὖν</strong></span> <span class='ocrx_word' id='word_1_611' title='bbox 3774 4123 3866 4177; x_wconf 84' lang='grc' dir='ltr'>τοῦ</span> <span class='ocrx_word' id='word_1_612' title='bbox 3894 4123 4045 4195; x_wconf 83' lang='grc' dir='ltr'>βασι-</span> 
     </span>
    </p>
   </div>
   <div class='ocr_carea' id='block_1_84' title="bbox 1995 4398 2854 4458">
    <p class='ocr_par' dir='ltr' id='par_1_84' title="bbox 1995 4398 2854 4458">
     <span class='ocr_line' id='line_1_84' title="bbox 1995 4398 2854 4458; baseline 0.009 -7"><span class='ocrx_word' id='word_1_613' title='bbox 1995 4398 2264 4453; x_wconf 76' lang='lat' dir='ltr'><strong>VALESII</strong></span> <span class='ocrx_word' id='word_1_614' title='bbox 2302 4399 2746 4458; x_wconf 76' lang='lat' dir='ltr'><strong>ANNOTATION</strong></span> <span class='ocrx_word' id='word_1_615' title='bbox 2752 4402 2854 4458; x_wconf 86' lang='lat' dir='ltr'><strong>ES.</strong></span> 
     </span>
    </p>
   </div>
   <div class='ocr_carea' id='block_1_85' title="bbox 872 4509 2658 4598">
    <p class='ocr_par' dir='ltr' id='par_1_85' title="bbox 872 4509 2658 4598">
     <span class='ocr_line' id='line_1_85' title="bbox 872 4509 2658 4598; baseline 0.001 -33"><span class='ocrx_word' id='word_1_616' title='bbox 1030 4512 1476 4598; x_wconf 53' lang='grc' dir='ltr'>ἀιακριιςόιίενοι</span> <span class='ocrx_word' id='word_1_617' title='bbox 1529 4511 1645 4598; x_wconf 44' lang='lat' dir='ltr'><strong>{iw</strong></span> <span class='ocrx_word' id='word_1_618' title='bbox 1693 4510 1842 4598; x_wconf 72' lang='grc' dir='ltr'>πρὸς</span> <span class='ocrx_word' id='word_1_619' title='bbox 1889 4509 1966 4598; x_wconf 61' lang='grc' dir='ltr'>σιξ</span> <span class='ocrx_word' id='word_1_620' title='bbox 2024 4514 2365 4598; x_wconf 45' lang='lat' dir='ltr'><strong>reviruit-far.</strong></span> <span class='ocrx_word' id='word_1_621' title='bbox 2401 4517 2445 4570; x_wconf 90' lang='lat' dir='ltr'>D</span> <span class='ocrx_word' id='word_1_622' title='bbox 2475 4514 2658 4598; x_wconf 79' lang='grc' dir='ltr'>σιτελῇ</span> 
     </span>
    </p>
   </div>
   <div class='ocr_carea' id='block_1_86' title="bbox 2258 4509 4044 4598">
    <p class='ocr_par' dir='ltr' id='par_1_86' title="bbox 2258 4514 4044 4598">
     <span class='ocr_line' id='line_1_86' title="bbox 2258 4514 4044 4598; baseline 0.003 -33"><span class='ocrx_word' id='word_1_623' title='bbox 2258 4514 2365 4567; x_wconf 78' lang='grc' dir='ltr'>ίαν.</span> <span class='ocrx_word' id='word_1_624' title='bbox 2401 4517 2445 4570; x_wconf 90' lang='lat' dir='ltr'><strong>D</strong></span> <span class='ocrx_word' id='word_1_625' title='bbox 2475 4514 2680 4598; x_wconf 66' lang='grc' dir='ltr'>σιτελῇ,</span> <span class='ocrx_word' id='word_1_626' title='bbox 2712 4517 2904 4598; x_wconf 64' lang='lat' dir='ltr'><strong>supple</strong></span> <span class='ocrx_word' id='word_1_627' title='bbox 2936 4515 3134 4598; x_wconf 47' lang='lat' dir='ltr'><strong>cretata.</strong></span> <span class='ocrx_word' id='word_1_628' title='bbox 3167 4515 3341 4598; x_wconf 74' lang='lat' dir='ltr'><strong>Quam</strong></span> <span class='ocrx_word' id='word_1_629' title='bbox 3379 4517 3814 4598; x_wconf 60' lang='lat' dir='ltr'><strong>emendationem</strong></span> <span class='ocrx_word' id='word_1_630' title='bbox 3843 4515 4044 4598; x_wconf 80' lang='lat' dir='ltr'><strong>confir-</strong></span> 
     </span>
    </p>
   </div>
   <div class='ocr_carea' id='block_1_87' title="bbox 801 4580 2368 4652">
    <p class='ocr_par' dir='ltr' id='par_1_87' title="bbox 801 4580 2368 4652">
     <span class='ocr_line' id='line_1_87' title="bbox 801 4580 2368 4652; baseline -0.002 -13"><span class='ocrx_word' id='word_1_631' title='bbox 801 4580 1162 4639; x_wconf 72' lang='lat' dir='ltr'><strong>Scribendum</strong></span> <span class='ocrx_word' id='word_1_632' title='bbox 1180 4590 1312 4652; x_wconf 89' lang='lat' dir='ltr'><strong>puto</strong></span> <span class='ocrx_word' id='word_1_633' title='bbox 1328 4581 1716 4652; x_wconf 80' lang='grc' dir='ltr'>διακρινόμενοι</span> <span class='ocrx_word' id='word_1_634' title='bbox 1736 4581 1872 4648; x_wconf 77' lang='grc' dir='ltr'>πρὸς</span> <span class='ocrx_word' id='word_1_635' title='bbox 1906 4580 2005 4648; x_wconf 87' lang='grc' dir='ltr'><strong>τὴν</strong></span> <span class='ocrx_word' id='word_1_636' title='bbox 2020 4581 2154 4652; x_wconf 83' lang='grc' dir='ltr'>πρὸς</span> <span class='ocrx_word' id='word_1_637' title='bbox 2178 4584 2368 4652; x_wconf 69' lang='grc' dir='ltr'>σὲ¹κοιο</span> 
     </span>
    </p>
   </div>
   <div class='ocr_carea' id='block_1_88' title="bbox 801 4651 2368 4719">
    <p class='ocr_par' dir='ltr' id='par_1_88' title="bbox 801 4651 2368 4719">
     <span class='ocr_line' id='line_1_88' title="bbox 801 4651 2368 4719; baseline 0.001 -15"><span class='ocrx_word' id='word_1_638' title='bbox 801 4653 1016 4704; x_wconf 87' lang='grc' dir='ltr'>νωνίαν.</span> <span class='ocrx_word' id='word_1_639' title='bbox 1073 4652 1166 4706; x_wconf 93' lang='lat' dir='ltr'><strong>Sic</strong></span> <span class='ocrx_word' id='word_1_640' title='bbox 1201 4651 1346 4704; x_wconf 91' lang='lat' dir='ltr'><strong>enim</strong></span> <span class='ocrx_word' id='word_1_641' title='bbox 1382 4651 1624 4719; x_wconf 82' lang='lat' dir='ltr'><strong>loquitur</strong></span> <span class='ocrx_word' id='word_1_642' title='bbox 1652 4651 1907 4704; x_wconf 86' lang='lat' dir='ltr'><strong>Socrates</strong></span> <span class='ocrx_word' id='word_1_643' title='bbox 1929 4651 2090 4717; x_wconf 92' lang='lat' dir='ltr'><strong>paulo</strong></span> <span class='ocrx_word' id='word_1_644' title='bbox 2117 4651 2368 4706; x_wconf 87' lang='lat' dir='ltr'><strong>inferius.</strong></span> 
     </span>
    </p>
   </div>
   <div class='ocr_carea' id='block_1_89' title="bbox 803 4719 2371 4777">
    <p class='ocr_par' dir='ltr' id='par_1_89' title="bbox 803 4719 2371 4777">
     <span class='ocr_line' id='line_1_89' title="bbox 803 4719 2371 4777; baseline -0.001 0"><span class='ocrx_word' id='word_1_645' title='bbox 803 4722 974 4777; x_wconf 79' lang='lat' dir='ltr'><strong>Porro</strong></span> <span class='ocrx_word' id='word_1_646' title='bbox 1010 4721 1153 4775; x_wconf 86' lang='lat' dir='ltr'><strong>hanc</strong></span> <span class='ocrx_word' id='word_1_647' title='bbox 1186 4720 1468 4775; x_wconf 89' lang='lat' dir='ltr'><strong>historiam</strong></span> <span class='ocrx_word' id='word_1_648' title='bbox 1520 4721 1704 4774; x_wconf 88' lang='lat' dir='ltr'><strong>hausit</strong></span> <span class='ocrx_word' id='word_1_649' title='bbox 1753 4719 2002 4772; x_wconf 89' lang='lat' dir='ltr'><strong>Socrates</strong></span> <span class='ocrx_word' id='word_1_650' title='bbox 2044 4736 2108 4772; x_wconf 80' lang='lat' dir='ltr'><strong>ex</strong></span> <span class='ocrx_word' id='word_1_651' title='bbox 2153 4723 2371 4776; x_wconf 79' lang='lat' dir='ltr'><strong>Rufino.</strong></span> 
     </span>
    </p>
   </div>
   <div class='ocr_carea' id='block_1_90' title="bbox 803 4788 2372 4871">
    <p class='ocr_par' dir='ltr' id='par_1_90' title="bbox 803 4788 2372 4871">
     <span class='ocr_line' id='line_1_90' title="bbox 803 4788 2372 4871; baseline 0.001 -27"><span class='ocrx_word' id='word_1_652' title='bbox 803 4790 962 4871; x_wconf 82' lang='lat' dir='ltr'><strong>A_pud</strong></span> <span class='ocrx_word' id='word_1_653' title='bbox 989 4790 1344 4845; x_wconf 82' lang='lat' dir='ltr'><strong>Athanasium</strong></span> <span class='ocrx_word' id='word_1_654' title='bbox 1382 4806 1515 4844; x_wconf 88' lang='lat' dir='ltr'><strong>vero</strong></span> <span class='ocrx_word' id='word_1_655' title='bbox 1547 4791 1695 4844; x_wconf 86' lang='lat' dir='ltr'><strong>nulla</strong></span> <span class='ocrx_word' id='word_1_656' title='bbox 1719 4789 1882 4857; x_wconf 87' lang='lat' dir='ltr'><strong>hujus</strong></span> <span class='ocrx_word' id='word_1_657' title='bbox 1911 4788 1990 4842; x_wconf 90' lang='lat' dir='ltr'><strong>rei</strong></span> <span class='ocrx_word' id='word_1_658' title='bbox 2016 4799 2192 4846; x_wconf 83' lang='lat' dir='ltr'><strong>exstat</strong></span> <span class='ocrx_word' id='word_1_659' title='bbox 2217 4809 2372 4847; x_wconf 87' lang='lat' dir='ltr'><strong>men-</strong></span> 
     </span>
    </p>
   </div>
   <div class='ocr_carea' id='block_1_91' title="bbox 807 4871 2377 5000">
    <p class='ocr_par' dir='ltr' id='par_1_91' title="bbox 807 4871 2377 5000">
     <span class='ocr_line' id='line_1_91' title="bbox 807 4871 2377 5000; baseline -0.009 -15"><span class='ocrx_word' id='word_1_660' title='bbox 807 4871 987 5000; x_wconf 43' lang='lat' dir='ltr'><strong>uo(.67)</strong></span> <span class='ocrx_word' id='word_1_661' title='bbox 1010 4929 1264 4998; x_wconf 80' lang='grc' dir='ltr'>Γνώμην</span> <span class='ocrx_word' id='word_1_662' title='bbox 1295 4927 1610 4997; x_wconf 72' lang='grc' dir='ltr'>λυσιτελῆ.</span> <span class='ocrx_word' id='word_1_663' title='bbox 1647 4926 2010 4984; x_wconf 87' lang='lat' dir='ltr'><strong>Scribendum</strong></span> <span class='ocrx_word' id='word_1_664' title='bbox 2039 4929 2223 4998; x_wconf 81' lang='lat' dir='ltr'><strong>potius</strong></span> <span class='ocrx_word' id='word_1_665' title='bbox 2247 4931 2377 4984; x_wconf 74' lang='grc' dir='ltr'>ἀλυ-</span> 
     </span>
    </p>
   </div>
   <div class='ocr_carea' id='block_1_92' title="bbox 2472 4584 4020 4651">
    <p class='ocr_par' dir='ltr' id='par_1_92' title="bbox 2472 4584 4020 4651">
     <span class='ocr_line' id='line_1_92' title="bbox 2472 4584 4020 4651; baseline 0.001 -14"><span class='ocrx_word' id='word_1_666' title='bbox 2472 4593 2586 4638; x_wconf 91' lang='lat' dir='ltr'><strong>mat</strong></span> <span class='ocrx_word' id='word_1_667' title='bbox 2624 4584 2892 4651; x_wconf 77' lang='lat' dir='ltr'><strong>Rufinus;</strong></span> <span class='ocrx_word' id='word_1_668' title='bbox 2929 4584 3007 4641; x_wconf 89' lang='lat' dir='ltr'><strong>sic</strong></span> <span class='ocrx_word' id='word_1_669' title='bbox 3040 4586 3185 4640; x_wconf 88' lang='lat' dir='ltr'><strong>enim</strong></span> <span class='ocrx_word' id='word_1_670' title='bbox 3237 4586 3401 4640; x_wconf 87' lang='lat' dir='ltr'><strong>habet</strong></span> <span class='ocrx_word' id='word_1_671' title='bbox 3428 4605 3439 4638; x_wconf 92' lang='lat'>:</span> <span class='ocrx_word' id='word_1_672' title='bbox 3469 4586 3572 4641; x_wconf 84' lang='lat' dir='ltr'><strong>Sed</strong></span> <span class='ocrx_word' id='word_1_673' title='bbox 3600 4605 3717 4641; x_wconf 84' lang='lat' dir='ltr'><strong>cum</strong></span> <span class='ocrx_word' id='word_1_674' title='bbox 3755 4604 3866 4640; x_wconf 90' lang='lat' dir='ltr'><strong>rem</strong></span> <span class='ocrx_word' id='word_1_675' title='bbox 3897 4587 4020 4640; x_wconf 85' lang='lat' dir='ltr'><strong>detu</strong></span> 
     </span>
    </p>
   </div>
   <div class='ocr_carea' id='block_1_93' title="bbox 2473 4653 4049 4727">
    <p class='ocr_par' dir='ltr' id='par_1_93' title="bbox 2473 4653 4049 4727">
     <span class='ocr_line' id='line_1_93' title="bbox 2473 4653 4049 4727; baseline 0.003 -22"><span class='ocrx_word' id='word_1_676' title='bbox 2473 4653 2617 4727; x_wconf 70' lang='lat' dir='ltr'><strong>(isset</strong></span> <span class='ocrx_word' id='word_1_677' title='bbox 2645 4656 2712 4707; x_wconf 85' lang='lat' dir='ltr'><strong>ad</strong></span> <span class='ocrx_word' id='word_1_678' title='bbox 2743 4672 2848 4727; x_wconf 82' lang='lat' dir='ltr'><strong>eos,</strong></span> <span class='ocrx_word' id='word_1_679' title='bbox 2880 4673 3102 4727; x_wconf 78' lang='lat' dir='ltr'><strong>quorum</strong></span> <span class='ocrx_word' id='word_1_680' title='bbox 3128 4655 3360 4709; x_wconf 74' lang='lat' dir='ltr'><strong>comitiis</strong></span> <span class='ocrx_word' id='word_1_681' title='bbox 3395 4657 3658 4727; x_wconf 79' lang='lat' dir='ltr'><strong>utebatur,</strong></span> <span class='ocrx_word' id='word_1_682' title='bbox 3695 4673 3858 4727; x_wconf 83' lang='lat' dir='ltr'><strong>neque</strong></span> <span class='ocrx_word' id='word_1_683' title='bbox 3893 4657 3964 4727; x_wconf 76' lang='lat' dir='ltr'><strong>ibi</strong></span> <span class='ocrx_word' id='word_1_684' title='bbox 3990 4673 4049 4709; x_wconf 82' lang='lat' dir='ltr'><strong>se</strong></span> 
     </span>
    </p>
   </div>
   <div class='ocr_carea' id='block_1_94' title="bbox 2471 4723 4043 4796">
    <p class='ocr_par' dir='ltr' id='par_1_94' title="bbox 2471 4723 4043 4796">
     <span class='ocr_line' id='line_1_94' title="bbox 2471 4723 4043 4796; baseline 0.002 -22"><span class='ocrx_word' id='word_1_685' title='bbox 2471 4723 2606 4796; x_wconf 75' lang='lat' dir='ltr'><strong>vefle</strong></span> <span class='ocrx_word' id='word_1_686' title='bbox 2645 4723 2901 4796; x_wconf 71' lang='lat' dir='ltr'><strong>accipere</strong></span> <span class='ocrx_word' id='word_1_687' title='bbox 2924 4725 3213 4796; x_wconf 72' lang='lat' dir='ltr'><strong>ecclesiam,</strong></span> <span class='ocrx_word' id='word_1_688' title='bbox 3242 4742 3406 4795; x_wconf 88' lang='lat' dir='ltr'><strong>neque</strong></span> <span class='ocrx_word' id='word_1_689' title='bbox 3433 4726 3515 4778; x_wconf 78' lang='lat' dir='ltr'><strong>hic</strong></span> <span class='ocrx_word' id='word_1_690' title='bbox 3541 4727 3671 4780; x_wconf 88' lang='lat' dir='ltr'><strong>dare</strong></span> <span class='ocrx_word' id='word_1_691' title='bbox 3711 4723 4043 4796; x_wconf 79' lang='lat' dir='ltr'><strong>respondent,</strong></span> 
     </span>
    </p>
   </div>
   <div class='ocr_carea' id='block_1_95' title="bbox 2472 4793 4044 4865">
    <p class='ocr_par' dir='ltr' id='par_1_95' title="bbox 2472 4793 4044 4865">
     <span class='ocr_line' id='line_1_95' title="bbox 2472 4793 4044 4865; baseline 0.001 -20"><span class='ocrx_word' id='word_1_692' title='bbox 2472 4795 2603 4865; x_wconf 76' lang='lat' dir='ltr'><strong>quia</strong></span> <span class='ocrx_word' id='word_1_693' title='bbox 2629 4793 2744 4864; x_wconf 82' lang='lat' dir='ltr'><strong>plus</strong></span> <span class='ocrx_word' id='word_1_694' title='bbox 2759 4793 2864 4865; x_wconf 70' lang='lat' dir='ltr'><strong>sibi</strong></span> <span class='ocrx_word' id='word_1_695' title='bbox 2894 4794 3089 4865; x_wconf 75' lang='lat' dir='ltr'><strong>singuli</strong></span> <span class='ocrx_word' id='word_1_696' title='bbox 3121 4793 3353 4865; x_wconf 78' lang='lat' dir='ltr'><strong>quique,</strong></span> <span class='ocrx_word' id='word_1_697' title='bbox 3379 4812 3538 4865; x_wconf 86' lang='lat' dir='ltr'><strong>quam</strong></span> <span class='ocrx_word' id='word_1_698' title='bbox 3593 4793 3889 4850; x_wconf 75' lang='lat' dir='ltr'><strong>absentibus</strong></span> <span class='ocrx_word' id='word_1_699' title='bbox 3921 4812 4044 4848; x_wconf 85' lang='lat' dir='ltr'><strong>con-</strong></span> 
     </span>
    </p>
   </div>
   <div class='ocr_carea' id='block_1_96' title="bbox 2471 4861 4047 4944">
    <p class='ocr_par' dir='ltr' id='par_1_96' title="bbox 2471 4861 4047 4944">
     <span class='ocr_line' id='line_1_96' title="bbox 2471 4861 4047 4944; baseline 0.004 -31"><span class='ocrx_word' id='word_1_700' title='bbox 2471 4861 2732 4944; x_wconf 63' lang='lat' dir='ltr'><strong>sulebant.</strong></span> <span class='ocrx_word' id='word_1_701' title='bbox 2763 4861 3357 4944; x_wconf 13' lang='lat' dir='ltr'><strong>Epiphaniusr&#39;qquue</strong></span> <span class='ocrx_word' id='word_1_702' title='bbox 3391 4861 3526 4936; x_wconf 82' lang='lat' dir='ltr'><strong>legit</strong></span> <span class='ocrx_word' id='word_1_703' title='bbox 3561 4865 3870 4935; x_wconf 75' lang='grc' dir='ltr'>ἀλυσιτελῆ,</span> <span class='ocrx_word' id='word_1_704' title='bbox 3898 4873 3960 4919; x_wconf 92' lang='lat' dir='ltr'><strong>ut</strong></span> <span class='ocrx_word' id='word_1_705' title='bbox 3980 4881 4047 4920; x_wconf 81' lang='lat' dir='ltr'><strong>ex</strong></span> 
     </span>
    </p>
   </div>
   <div class='ocr_carea' id='block_1_97' title="bbox 2475 4943 3148 5004">
    <p class='ocr_par' dir='ltr' id='par_1_97' title="bbox 2475 4943 3148 5004">
     <span class='ocr_line' id='line_1_97' title="bbox 2475 4943 3148 5004; baseline 0.006 -20"><span class='ocrx_word' id='word_1_706' title='bbox 2475 4948 2728 4988; x_wconf 74' lang='lat' dir='ltr'><strong>versrone</strong></span> <span class='ocrx_word' id='word_1_707' title='bbox 2752 4943 2870 5003; x_wconf 74' lang='lat' dir='ltr'><strong>ejus</strong></span> <span class='ocrx_word' id='word_1_708' title='bbox 2896 4943 3148 5004; x_wconf 89' lang='lat' dir='ltr'><strong>apparet.</strong></span> 
     </span>
    </p>
   </div>
   <div class='ocr_carea' id='block_1_98' title="bbox 2246 5086 2630 5144">
    <p class='ocr_par' dir='ltr' id='par_1_98' title="bbox 2246 5086 2630 5144">
     <span class='ocr_line' id='line_1_98' title="bbox 2246 5086 2630 5144; baseline 0 -4"><span class='ocrx_word' id='word_1_709' title='bbox 2246 5086 2630 5144; x_wconf 79' lang='lat' dir='ltr'><strong>VARIORUM.</strong></span> 
     </span>
    </p>
   </div>
   <div class='ocr_carea' id='block_1_99' title="bbox 879 5197 2374 5265">
    <p class='ocr_par' dir='ltr' id='par_1_99' title="bbox 879 5197 2374 5265">
     <span class='ocr_line' id='line_1_99' title="bbox 879 5197 2374 5265; baseline -0.001 -15"><span class='ocrx_word' id='word_1_710' title='bbox 879 5206 918 5234; x_wconf 75' lang='grc' dir='ltr'>ω</span> <span class='ocrx_word' id='word_1_711' title='bbox 957 5197 1194 5262; x_wconf 72' lang='grc' dir='ltr'>Τούτοις</span> <span class='ocrx_word' id='word_1_712' title='bbox 1241 5197 1654 5262; x_wconf 79' lang='grc' dir='ltr'>πεπιστευκὼς</span> <span class='ocrx_word' id='word_1_713' title='bbox 1685 5197 1808 5261; x_wconf 81' lang='grc' dir='ltr'>τοῖς</span> <span class='ocrx_word' id='word_1_714' title='bbox 1831 5197 2192 5265; x_wconf 74' lang='grc' dir='ltr'>γράμμασιν.</span> <span class='ocrx_word' id='word_1_715' title='bbox 2218 5197 2374 5249; x_wconf 82' lang='grc' dir='ltr'>Μετά</span> 
     </span>
    </p>
   </div>
   <div class='ocr_carea' id='block_1_100' title="bbox 809 5265 2374 5336">
    <p class='ocr_par' dir='ltr' id='par_1_100' title="bbox 809 5265 2374 5336">
     <span class='ocr_line' id='line_1_100' title="bbox 809 5265 2374 5336; baseline -0.002 -17"><span class='ocrx_word' id='word_1_716' title='bbox 809 5266 1015 5320; x_wconf 84' lang='grc' dir='ltr'>τούτων</span> <span class='ocrx_word' id='word_1_717' title='bbox 1038 5265 1265 5336; x_wconf 13' lang='grc' dir='ltr'>ίὲλθόντα</span> <span class='ocrx_word' id='word_1_718' title='bbox 1300 5284 1363 5336; x_wconf 90' lang='grc' dir='ltr'><strong>με</strong></span> <span class='ocrx_word' id='word_1_719' title='bbox 1387 5267 1620 5334; x_wconf 77' lang='grc' dir='ltr'>γνησίως</span> <span class='ocrx_word' id='word_1_720' title='bbox 1654 5266 1894 5336; x_wconf 81' lang='grc' dir='ltr'>ἑώρακεν</span> <span class='ocrx_word' id='word_1_721' title='bbox 1923 5269 1951 5318; x_wconf 81' lang='grc' dir='ltr'><strong>ό</strong></span> <span class='ocrx_word' id='word_1_722' title='bbox 1977 5265 2247 5336; x_wconf 76' lang='grc' dir='ltr'>βασιλεὺς,</span> <span class='ocrx_word' id='word_1_723' title='bbox 2280 5268 2374 5318; x_wconf 72' lang='grc' dir='ltr'><strong>καὶ</strong></span> 
     </span>
    </p>
   </div>
   <div class='ocr_carea' id='block_1_101' title="bbox 810 5335 2379 5406">
    <p class='ocr_par' dir='ltr' id='par_1_101' title="bbox 810 5335 2379 5406">
     <span class='ocr_line' id='line_1_101' title="bbox 810 5335 2379 5406; baseline -0.001 -17"><span class='ocrx_word' id='word_1_724' title='bbox 810 5335 1094 5406; x_wconf 79' lang='grc' dir='ltr'>ἀπέστειλε</span> <span class='ocrx_word' id='word_1_725' title='bbox 1115 5336 1249 5405; x_wconf 84' lang='grc' dir='ltr'>πρὸς</span> <span class='ocrx_word' id='word_1_726' title='bbox 1265 5335 1363 5406; x_wconf 82' lang='grc' dir='ltr'>τὴν</span> <span class='ocrx_word' id='word_1_727' title='bbox 1380 5337 1611 5406; x_wconf 87' lang='grc' dir='ltr'>πατρίδα</span> <span class='ocrx_word' id='word_1_728' title='bbox 1634 5337 1726 5388; x_wconf 79' lang='grc' dir='ltr'><strong>καὶ</strong></span> <span class='ocrx_word' id='word_1_729' title='bbox 1749 5337 1848 5406; x_wconf 84' lang='grc' dir='ltr'><strong>τὴν</strong></span> <span class='ocrx_word' id='word_1_730' title='bbox 1881 5335 2224 5406; x_wconf 78' lang='grc' dir='ltr'>Ἐκκλησίαν.</span> <span class='ocrx_word' id='word_1_731' title='bbox 2250 5336 2379 5406; x_wconf 78' lang='lat' dir='ltr'><strong>Cum</strong></span> 
     </span>
    </p>
   </div>
   <div class='ocr_carea' id='block_1_102' title="bbox 810 5404 2383 5475">
    <p class='ocr_par' dir='ltr' id='par_1_102' title="bbox 810 5404 2383 5475">
     <span class='ocr_line' id='line_1_102' title="bbox 810 5404 2383 5475; baseline -0.001 -15"><span class='ocrx_word' id='word_1_732' title='bbox 810 5408 888 5461; x_wconf 81' lang='lat' dir='ltr'><strong>his</strong></span> <span class='ocrx_word' id='word_1_733' title='bbox 924 5405 1282 5459; x_wconf 81' lang='lat' dir='ltr'><strong>advenientem</strong></span> <span class='ocrx_word' id='word_1_734' title='bbox 1325 5404 1414 5459; x_wconf 24' lang='lat' dir='ltr'><strong>‘me</strong></span> <span class='ocrx_word' id='word_1_735' title='bbox 1457 5404 1747 5475; x_wconf 77' lang='lat' dir='ltr'><strong>imperator</strong></span> <span class='ocrx_word' id='word_1_736' title='bbox 1787 5404 1901 5475; x_wconf 83' lang='lat' dir='ltr'><strong>(qui</strong></span> <span class='ocrx_word' id='word_1_737' title='bbox 1938 5414 2050 5458; x_wconf 92' lang='lat' dir='ltr'><strong>tum</strong></span> <span class='ocrx_word' id='word_1_738' title='bbox 2069 5404 2383 5475; x_wconf 66' lang='lat' dir='ltr'><strong>Antiochiae</strong></span> 
     </span>
    </p>
   </div>
   <div class='ocr_carea' id='block_1_103' title="bbox 813 5474 2382 5546">
    <p class='ocr_par' dir='ltr' id='par_1_103' title="bbox 813 5474 2382 5546">
     <span class='ocr_line' id='line_1_103' title="bbox 813 5474 2382 5546; baseline -0.002 -17"><span class='ocrx_word' id='word_1_739' title='bbox 813 5475 1064 5546; x_wconf 81' lang='lat' dir='ltr'><strong>degebat)</strong></span> <span class='ocrx_word' id='word_1_740' title='bbox 1100 5475 1492 5546; x_wconf 79' lang='lat' dir='ltr'><strong>perhumaniter</strong></span> <span class='ocrx_word' id='word_1_741' title='bbox 1519 5474 1759 5546; x_wconf 75' lang='lat' dir='ltr'><strong>intuitus,</strong></span> <span class='ocrx_word' id='word_1_742' title='bbox 1791 5474 1863 5546; x_wconf 74' lang='lat' dir='ltr'><strong>ad</strong></span> <span class='ocrx_word' id='word_1_743' title='bbox 1909 5476 2142 5546; x_wconf 67' lang='lat' dir='ltr'><strong>patrian}</strong></span> <span class='ocrx_word' id='word_1_744' title='bbox 2195 5474 2382 5546; x_wconf 65' lang='lat' dir='ltr'><strong>Eccle-</strong></span> 
     </span>
    </p>
   </div>
   <div class='ocr_carea' id='block_1_104' title="bbox 813 5543 2378 5615">
    <p class='ocr_par' dir='ltr' id='par_1_104' title="bbox 813 5543 2378 5615">
     <span class='ocr_line' id='line_1_104' title="bbox 813 5543 2378 5615; baseline -0.003 -15"><span class='ocrx_word' id='word_1_745' title='bbox 813 5543 1054 5615; x_wconf 29' lang='lat' dir='ltr'><strong>sia‘mqne</strong></span> <span class='ocrx_word' id='word_1_746' title='bbox 1078 5543 1235 5608; x_wconf 79' lang='lat' dir='ltr'><strong>misit,</strong></span> <span class='ocrx_word' id='word_1_747' title='bbox 1265 5546 1438 5614; x_wconf 87' lang='lat' dir='ltr'><strong>inquit</strong></span> <span class='ocrx_word' id='word_1_748' title='bbox 1470 5545 1583 5614; x_wconf 90' lang='lat' dir='ltr'><strong>ipse</strong></span> <span class='ocrx_word' id='word_1_749' title='bbox 1611 5543 1959 5615; x_wconf 84' lang='lat' dir='ltr'><strong>Athanasius,</strong></span> <span class='ocrx_word' id='word_1_750' title='bbox 1985 5544 2095 5597; x_wconf 92' lang='lat' dir='ltr'><strong>vol.</strong></span> <span class='ocrx_word' id='word_1_751' title='bbox 2114 5545 2154 5606; x_wconf 85' lang='lat' dir='ltr'><strong>l,</strong></span> <span class='ocrx_word' id='word_1_752' title='bbox 2174 5543 2378 5615; x_wconf 75' lang='lat' dir='ltr'><strong>p._l72.</strong></span> 
     </span>
    </p>
   </div>
   <div class='ocr_carea' id='block_1_105' title="bbox 884 5613 2378 5682">
    <p class='ocr_par' dir='ltr' id='par_1_105' title="bbox 884 5613 2378 5682">
     <span class='ocr_line' id='line_1_105' title="bbox 884 5613 2378 5682; baseline 0 -16"><span class='ocrx_word' id='word_1_753' title='bbox 884 5624 911 5651; x_wconf 77' lang='grc' dir='ltr'><strong>η</strong></span> <span class='ocrx_word' id='word_1_754' title='bbox 939 5613 988 5666; x_wconf 77' lang='grc' dir='ltr'><em>Μ</em></span> <span class='ocrx_word' id='word_1_755' title='bbox 997 5615 1095 5666; x_wconf 79' lang='grc' dir='ltr'>ίαν</span> <span class='ocrx_word' id='word_1_756' title='bbox 1110 5616 1215 5682; x_wconf 71' lang='grc' dir='ltr'><strong>γὰρ</strong></span> <span class='ocrx_word' id='word_1_757' title='bbox 1238 5613 1534 5678; x_wconf 26' lang='grc' dir='ltr'>καὶίαὺτὸς</span> <span class='ocrx_word' id='word_1_758' title='bbox 1553 5615 1890 5680; x_wconf 77' lang='grc' dir='ltr'>ἐκκλησίαν</span> <span class='ocrx_word' id='word_1_759' title='bbox 1910 5613 2378 5681; x_wconf 81' lang='grc' dir='ltr'>ἀπονεμηθῆναι.</span> 
     </span>
    </p>
   </div>
   <div class='ocr_carea' id='block_1_106' title="bbox 814 5683 2380 5753">
    <p class='ocr_par' dir='ltr' id='par_1_106' title="bbox 814 5683 2380 5753">
     <span class='ocr_line' id='line_1_106' title="bbox 814 5683 2380 5753; baseline -0.003 -13"><span class='ocrx_word' id='word_1_760' title='bbox 814 5683 953 5740; x_wconf 82' lang='lat' dir='ltr'><strong>Cum</strong></span> <span class='ocrx_word' id='word_1_761' title='bbox 984 5685 1277 5753; x_wconf 86' lang='lat' dir='ltr'><strong>imperator</strong></span> <span class='ocrx_word' id='word_1_762' title='bbox 1304 5683 1658 5738; x_wconf 84' lang='lat' dir='ltr'><strong>Athanasium</strong></span> <span class='ocrx_word' id='word_1_763' title='bbox 1694 5689 1954 5753; x_wconf 84' lang='lat' dir='ltr'><strong>rogasset,</strong></span> <span class='ocrx_word' id='word_1_764' title='bbox 1979 5691 2042 5736; x_wconf 90' lang='lat' dir='ltr'><strong>ut</strong></span> <span class='ocrx_word' id='word_1_765' title='bbox 2067 5699 2192 5753; x_wconf 79' lang='lat' dir='ltr'><strong>una</strong></span> <span class='ocrx_word' id='word_1_766' title='bbox 2221 5683 2380 5736; x_wconf 87' lang='lat' dir='ltr'><strong>Aria-</strong></span> 
     </span>
    </p>
   </div>
   <div class='ocr_carea' id='block_1_107' title="bbox 818 5751 2382 5817">
    <p class='ocr_par' dir='ltr' id='par_1_107' title="bbox 818 5751 2382 5817">
     <span class='ocr_line' id='line_1_107' title="bbox 818 5751 2382 5817; baseline -0.001 -9"><span class='ocrx_word' id='word_1_767' title='bbox 818 5756 904 5808; x_wconf 80' lang='lat' dir='ltr'><strong>nis</strong></span> <span class='ocrx_word' id='word_1_768' title='bbox 930 5751 1158 5808; x_wconf 81' lang='lat' dir='ltr'><strong>ecclesia</strong></span> <span class='ocrx_word' id='word_1_769' title='bbox 1209 5755 1547 5810; x_wconf 74' lang='lat' dir='ltr'><strong>Alexandrizn</strong></span> <span class='ocrx_word' id='word_1_770' title='bbox 1577 5751 2004 5817; x_wconf 84' lang='lat' dir='ltr'><strong>concederetur;</strong></span> <span class='ocrx_word' id='word_1_771' title='bbox 2049 5751 2382 5807; x_wconf 82' lang='lat' dir='ltr'><strong>Athanasius</strong></span> 
     </span>
    </p>
   </div>
   <div class='ocr_carea' id='block_1_108' title="bbox 818 5823 2378 5893">
    <p class='ocr_par' dir='ltr' id='par_1_108' title="bbox 818 5823 2378 5893">
     <span class='ocr_line' id='line_1_108' title="bbox 818 5823 2378 5893; baseline -0.003 -15"><span class='ocrx_word' id='word_1_772' title='bbox 818 5833 1001 5878; x_wconf 73' lang='lat' dir='ltr'><strong>autem</strong></span> <span class='ocrx_word' id='word_1_773' title='bbox 1030 5825 1327 5890; x_wconf 82' lang='lat' dir='ltr'><strong>annuissel,</strong></span> <span class='ocrx_word' id='word_1_774' title='bbox 1352 5839 1414 5879; x_wconf 89' lang='lat' dir='ltr'><strong>ea</strong></span> <span class='ocrx_word' id='word_1_775' title='bbox 1438 5824 1784 5885; x_wconf 42' lang='lat' dir='ltr'><strong>»(-onditinne,</strong></span> <span class='ocrx_word' id='word_1_776' title='bbox 1822 5831 1880 5875; x_wconf 93' lang='lat' dir='ltr'><strong>ut</strong></span> <span class='ocrx_word' id='word_1_777' title='bbox 1909 5839 2004 5892; x_wconf 86' lang='lat' dir='ltr'><strong>per</strong></span> <span class='ocrx_word' id='word_1_778' title='bbox 2033 5823 2278 5893; x_wconf 80' lang='lat' dir='ltr'><strong>singulas</strong></span> <span class='ocrx_word' id='word_1_779' title='bbox 2299 5823 2378 5893; x_wconf 43' lang='lat' dir='ltr'><strong>ei:</strong></span> 
     </span>
    </p>
   </div>
   <div class='ocr_carea' id='block_1_109' title="bbox 821 5892 2378 5953">
    <p class='ocr_par' dir='ltr' id='par_1_109' title="bbox 821 5892 2378 5953">
     <span class='ocr_line' id='line_1_109' title="bbox 821 5892 2378 5953; baseline -0.001 -6"><span class='ocrx_word' id='word_1_780' title='bbox 821 5895 1016 5950; x_wconf 67' lang='lat' dir='ltr'><strong>vitatas</strong></span> <span class='ocrx_word' id='word_1_781' title='bbox 1052 5910 1159 5951; x_wconf 85' lang='lat' dir='ltr'><strong>una</strong></span> <span class='ocrx_word' id='word_1_782' title='bbox 1187 5895 1417 5953; x_wconf 88' lang='lat' dir='ltr'><strong>ecclesia</strong></span> <span class='ocrx_word' id='word_1_783' title='bbox 1441 5893 1735 5952; x_wconf 85' lang='lat' dir='ltr'><strong>Catholieis</strong></span> <span class='ocrx_word' id='word_1_784' title='bbox 1786 5892 2167 5950; x_wconf 75' lang='lat' dir='ltr'><strong>tribueretur:</strong></span> <span class='ocrx_word' id='word_1_785' title='bbox 2192 5892 2378 5947; x_wconf 80' lang='lat' dir='ltr'><strong>Ariani</strong></span> 
     </span>
    </p>
   </div>
   <div class='ocr_carea' id='block_1_110' title="bbox 2481 5200 4046 5269">
    <p class='ocr_par' dir='ltr' id='par_1_110' title="bbox 2481 5200 4046 5269">
     <span class='ocr_line' id='line_1_110' title="bbox 2481 5200 4046 5269; baseline 0.004 -17"><span class='ocrx_word' id='word_1_786' title='bbox 2481 5200 2623 5254; x_wconf 87' lang='lat' dir='ltr'><strong>hanc</strong></span> <span class='ocrx_word' id='word_1_787' title='bbox 2653 5201 3022 5255; x_wconf 81' lang='lat' dir='ltr'><strong>conditionem</strong></span> <span class='ocrx_word' id='word_1_788' title='bbox 3054 5201 3278 5255; x_wconf 90' lang='lat' dir='ltr'><strong>minimc</strong></span> <span class='ocrx_word' id='word_1_789' title='bbox 3307 5200 3678 5269; x_wconf 85' lang='lat' dir='ltr'><strong>accipiendam</strong></span> <span class='ocrx_word' id='word_1_790' title='bbox 3707 5215 3827 5256; x_wconf 89' lang='lat' dir='ltr'><strong>esse</strong></span> <span class='ocrx_word' id='word_1_791' title='bbox 3862 5217 4046 5259; x_wconf 90' lang='lat' dir='ltr'><strong>cense-</strong></span> 
     </span>
    </p>
   </div>
   <div class='ocr_carea' id='block_1_111' title="bbox 2482 5270 4049 5341">
    <p class='ocr_par' dir='ltr' id='par_1_111' title="bbox 2482 5270 4049 5341">
     <span class='ocr_line' id='line_1_111' title="bbox 2482 5270 4049 5341; baseline 0.004 -19"><span class='ocrx_word' id='word_1_792' title='bbox 2482 5270 2634 5324; x_wconf 91' lang='lat' dir='ltr'><strong>bant.</strong></span> <span class='ocrx_word' id='word_1_793' title='bbox 2668 5270 2802 5324; x_wconf 86' lang='lat' dir='ltr'><strong>Nam</strong></span> <span class='ocrx_word' id='word_1_794' title='bbox 2827 5286 2950 5324; x_wconf 90' lang='lat' dir='ltr'><strong>cum</strong></span> <span class='ocrx_word' id='word_1_795' title='bbox 2979 5271 3200 5341; x_wconf 81' lang='lat' dir='ltr'><strong>grandis</strong></span> <span class='ocrx_word' id='word_1_796' title='bbox 3224 5270 3502 5324; x_wconf 86' lang='lat' dir='ltr'><strong>Athanasii</strong></span> <span class='ocrx_word' id='word_1_797' title='bbox 3527 5279 3672 5325; x_wconf 89' lang='lat' dir='ltr'><strong>esset</strong></span> <span class='ocrx_word' id='word_1_798' title='bbox 3712 5271 4049 5328; x_wconf 64' lang='lat' dir='ltr'><strong>Alexandriae</strong></span> 
     </span>
    </p>
   </div>
   <div class='ocr_carea' id='block_1_112' title="bbox 2484 5339 4051 5411">
    <p class='ocr_par' dir='ltr' id='par_1_112' title="bbox 2484 5339 4051 5411">
     <span class='ocr_line' id='line_1_112' title="bbox 2484 5339 4051 5411; baseline 0.003 -18"><span class='ocrx_word' id='word_1_799' title='bbox 2484 5341 2801 5411; x_wconf 88' lang='lat' dir='ltr'><strong>auctoritas,</strong></span> <span class='ocrx_word' id='word_1_800' title='bbox 2826 5356 2936 5411; x_wconf 88' lang='lat' dir='ltr'><strong>non</strong></span> <span class='ocrx_word' id='word_1_801' title='bbox 2966 5339 3145 5411; x_wconf 84' lang='lat' dir='ltr'><strong>magni</strong></span> <span class='ocrx_word' id='word_1_802' title='bbox 3189 5339 3452 5411; x_wconf 77' lang='lat' dir='ltr'><strong>interesse</strong></span> <span class='ocrx_word' id='word_1_803' title='bbox 3484 5341 3749 5410; x_wconf 83' lang='lat' dir='ltr'><strong>putabant</strong></span> <span class='ocrx_word' id='word_1_804' title='bbox 3771 5342 4051 5398; x_wconf 88' lang='lat' dir='ltr'><strong>sodalibus</strong></span> 
     </span>
    </p>
   </div>
   <div class='ocr_carea' id='block_1_113' title="bbox 2487 5409 4048 5479">
    <p class='ocr_par' dir='ltr' id='par_1_113' title="bbox 2487 5409 4048 5479">
     <span class='ocr_line' id='line_1_113' title="bbox 2487 5409 4048 5479; baseline 0.002 -17"><span class='ocrx_word' id='word_1_805' title='bbox 2487 5410 2603 5462; x_wconf 86' lang='lat' dir='ltr'><strong>suis</strong></span> <span class='ocrx_word' id='word_1_806' title='bbox 2624 5409 3028 5470; x_wconf 77' lang='lat' dir='ltr'><strong>Alexandrinis,</strong></span> <span class='ocrx_word' id='word_1_807' title='bbox 3059 5409 3210 5479; x_wconf 81' lang='lat' dir='ltr'><strong>quod</strong></span> <span class='ocrx_word' id='word_1_808' title='bbox 3249 5409 3532 5464; x_wconf 83' lang='lat' dir='ltr'><strong>ecclesiam</strong></span> <span class='ocrx_word' id='word_1_809' title='bbox 3553 5411 3888 5473; x_wconf 87' lang='lat' dir='ltr'><strong>obtinerent,</strong></span> <span class='ocrx_word' id='word_1_810' title='bbox 3923 5429 4048 5466; x_wconf 91' lang='lat' dir='ltr'><strong>eum</strong></span> 
     </span>
    </p>
   </div>
   <div class='ocr_carea' id='block_1_114' title="bbox 2489 5480 4048 5548">
    <p class='ocr_par' dir='ltr' id='par_1_114' title="bbox 2489 5480 4048 5548">
     <span class='ocr_line' id='line_1_114' title="bbox 2489 5480 4048 5548; baseline 0.002 -16"><span class='ocrx_word' id='word_1_811' title='bbox 2489 5481 2623 5532; x_wconf 90' lang='lat' dir='ltr'><strong>tanti</strong></span> <span class='ocrx_word' id='word_1_812' title='bbox 2692 5480 2807 5533; x_wconf 89' lang='lat' dir='ltr'><strong>viri</strong></span> <span class='ocrx_word' id='word_1_813' title='bbox 2852 5481 3074 5534; x_wconf 89' lang='lat' dir='ltr'><strong>monitis</strong></span> <span class='ocrx_word' id='word_1_814' title='bbox 3135 5489 3298 5548; x_wconf 88' lang='lat' dir='ltr'><strong>atque</strong></span> <span class='ocrx_word' id='word_1_815' title='bbox 3346 5480 3750 5535; x_wconf 89' lang='lat' dir='ltr'><strong>hortationibus</strong></span> <span class='ocrx_word' id='word_1_816' title='bbox 3803 5480 4048 5535; x_wconf 91' lang='lat' dir='ltr'><strong>futurum</strong></span> 
     </span>
    </p>
   </div>
   <div class='ocr_carea' id='block_1_115' title="bbox 2488 5549 4050 5619">
    <p class='ocr_par' dir='ltr' id='par_1_115' title="bbox 2488 5549 4050 5619">
     <span class='ocr_line' id='line_1_115' title="bbox 2488 5549 4050 5619; baseline 0.003 -18"><span class='ocrx_word' id='word_1_817' title='bbox 2488 5549 2888 5618; x_wconf 85' lang='lat' dir='ltr'><strong>prospicerent,</strong></span> <span class='ocrx_word' id='word_1_818' title='bbox 2923 5559 2983 5604; x_wconf 92' lang='lat' dir='ltr'><strong>ut</strong></span> <span class='ocrx_word' id='word_1_819' title='bbox 3011 5549 3205 5619; x_wconf 82' lang='lat' dir='ltr'><strong>exigua</strong></span> <span class='ocrx_word' id='word_1_820' title='bbox 3256 5557 3350 5603; x_wconf 87' lang='lat' dir='ltr'><strong>aut</strong></span> <span class='ocrx_word' id='word_1_821' title='bbox 3395 5552 3543 5604; x_wconf 91' lang='lat' dir='ltr'><strong>nulla</strong></span> <span class='ocrx_word' id='word_1_822' title='bbox 3587 5549 3726 5604; x_wconf 88' lang='lat' dir='ltr'><strong>foret</strong></span> <span class='ocrx_word' id='word_1_823' title='bbox 3781 5551 4050 5606; x_wconf 88' lang='lat' dir='ltr'><strong>Arianieis</strong></span> 
     </span>
    </p>
   </div>
   <div class='ocr_carea' id='block_1_116' title="bbox 2490 5619 4046 5689">
    <p class='ocr_par' dir='ltr' id='par_1_116' title="bbox 2490 5619 4046 5689">
     <span class='ocr_line' id='line_1_116' title="bbox 2490 5619 4046 5689; baseline 0.001 -18"><span class='ocrx_word' id='word_1_824' title='bbox 2490 5620 2655 5689; x_wconf 74' lang='lat' dir='ltr'><strong>rebus</strong></span> <span class='ocrx_word' id='word_1_825' title='bbox 2677 5621 2939 5682; x_wconf 89' lang='lat' dir='ltr'><strong>accessio,</strong></span> <span class='ocrx_word' id='word_1_826' title='bbox 2971 5620 3182 5674; x_wconf 89' lang='lat' dir='ltr'><strong>etiamsi</strong></span> <span class='ocrx_word' id='word_1_827' title='bbox 3209 5619 3494 5689; x_wconf 86' lang='lat' dir='ltr'><strong>ecclesiam</strong></span> <span class='ocrx_word' id='word_1_828' title='bbox 3529 5620 3638 5674; x_wconf 92' lang='lat' dir='ltr'><strong>illic</strong></span> <span class='ocrx_word' id='word_1_829' title='bbox 3685 5620 4046 5689; x_wconf 87' lang='lat' dir='ltr'><strong>possiderent.</strong></span> 
     </span>
    </p>
   </div>
   <div class='ocr_carea' id='block_1_117' title="bbox 2486 5687 4048 5749">
    <p class='ocr_par' dir='ltr' id='par_1_117' title="bbox 2486 5687 4048 5749">
     <span class='ocr_line' id='line_1_117' title="bbox 2486 5687 4048 5749; baseline 0.002 -9"><span class='ocrx_word' id='word_1_830' title='bbox 2486 5687 2687 5742; x_wconf 88' lang='lat' dir='ltr'><strong>Contra</strong></span> <span class='ocrx_word' id='word_1_831' title='bbox 2713 5705 2845 5743; x_wconf 82' lang='lat' dir='ltr'><strong>vero</strong></span> <span class='ocrx_word' id='word_1_832' title='bbox 2876 5690 3192 5743; x_wconf 88' lang='lat' dir='ltr'><strong>metuebant</strong></span> <span class='ocrx_word' id='word_1_833' title='bbox 3211 5705 3285 5743; x_wconf 84' lang='lat' dir='ltr'><strong>ne</strong></span> <span class='ocrx_word' id='word_1_834' title='bbox 3307 5688 3590 5749; x_wconf 89' lang='lat' dir='ltr'><strong>Catholici,</strong></span> <span class='ocrx_word' id='word_1_835' title='bbox 3627 5687 3701 5742; x_wconf 50' lang='lat' dir='ltr'><strong>in&#39;</strong></span> <span class='ocrx_word' id='word_1_836' title='bbox 3725 5691 4048 5744; x_wconf 89' lang='lat' dir='ltr'><strong>Arianorum</strong></span> 
     </span>
    </p>
   </div>
   <div class='ocr_carea' id='block_1_118' title="bbox 2487 5757 4048 5828">
    <p class='ocr_par' dir='ltr' id='par_1_118' title="bbox 2487 5757 4048 5828">
     <span class='ocr_line' id='line_1_118' title="bbox 2487 5757 4048 5828; baseline 0.001 -17"><span class='ocrx_word' id='word_1_837' title='bbox 2487 5757 2748 5812; x_wconf 89' lang='lat' dir='ltr'><strong>ditionem</strong></span> <span class='ocrx_word' id='word_1_838' title='bbox 2787 5759 3031 5821; x_wconf 90' lang='lat' dir='ltr'><strong>admissi,</strong></span> <span class='ocrx_word' id='word_1_839' title='bbox 3081 5759 3246 5812; x_wconf 91' lang='lat' dir='ltr'><strong>rebus</strong></span> <span class='ocrx_word' id='word_1_840' title='bbox 3294 5758 3407 5813; x_wconf 90' lang='lat' dir='ltr'><strong>suis</strong></span> <span class='ocrx_word' id='word_1_841' title='bbox 3453 5759 3714 5828; x_wconf 82' lang='lat' dir='ltr'><strong>augendis</strong></span> <span class='ocrx_word' id='word_1_842' title='bbox 3743 5760 4048 5823; x_wconf 87' lang='lat' dir='ltr'><strong>studerent,</strong></span> 
     </span>
    </p>
   </div>
   <div class='ocr_carea' id='block_1_119' title="bbox 2486 5828 4027 5901">
    <p class='ocr_par' dir='ltr' id='par_1_119' title="bbox 2486 5828 4027 5901">
     <span class='ocr_line' id='line_1_119' title="bbox 2486 5828 4027 5901; baseline 0.001 -19"><span class='ocrx_word' id='word_1_843' title='bbox 2486 5843 2608 5884; x_wconf 87' lang='lat' dir='ltr'><strong>eum</strong></span> <span class='ocrx_word' id='word_1_844' title='bbox 2633 5844 2827 5901; x_wconf 83' lang='lat' dir='ltr'><strong>magno</strong></span> <span class='ocrx_word' id='word_1_845' title='bbox 2851 5828 3283 5886; x_wconf 88' lang='lat' dir='ltr'><strong>adversariorum</strong></span> <span class='ocrx_word' id='word_1_846' title='bbox 3322 5829 3680 5885; x_wconf 90' lang='lat' dir='ltr'><strong>incommodo.</strong></span> <span class='ocrx_word' id='word_1_847' title='bbox 4024 5836 4027 5843; x_wconf 85' lang='lat'><strong>‘</strong></span> 
     </span>
    </p>
   </div>
  </div>
