4524 6582
393 499 497 558 237

1376 492 1698 549 HISTORIA
1736 490 2285 547 ECCLESIASTICA.
2331 522 2398 531 οη·
2436 492 2564 545 LIB.
2607 492 2669 546 Il.

394 616 529 678 λέως
557 615 636 676 είς
656 610 755 674 τὰς
788 608 997 664 ἐαυτῶν
1029 607 1220 677 ἐφοίτα
1259 606 1470 669 πόλεις,
1502 604 1791 657 κελεύοντα
1819 604 1959 657 έτοί-
1989 617 2032 672 Α
2060 617 2177 662 δειο

1850 604 1959 657 τοί·
1989 617 2032 672 Α
2060 617 2267 663 satores
2290 606 2461 678 ipsius
2475 606 2815 676 aufugerant.
2834 606 3068 663 Proinde
3091 608 3437 678 imperatoris
3454 608 3632 667 edicta

397 722 511 781 μως
539 704 737 767 αὐτοὺς
780 699 1157 770 ὑποδέχεσθαι.
1193 699 1283 753 Ἐν
1324 696 1422 768 μὲν
1445 691 1537 749 οὖν
1580 693 1824 765 Ἀγκύρᾳ
1854 695 1962 747 Βα-

397 795 594 849 σιλείου
646 790 1050 861 ἐξωθουμένου,
1083 790 1180 842 καὶ
1222 786 1580 848 ἁντεισιόντος
1608 785 1963 856 Μαρκέλλου,

392 885 607 957 ταραχὴ
637 884 737 953 οὐχ
776 883 811 954 ἡ
853 880 1093 952 τυχοῦσα
1122 879 1339 948 ἐγένετο
1362 919 1376 942 ,
1414 878 1449 949 ἢ
1491 877 1762 948 πρόφασιν
1799 876 1967 929 λοιδο-

398 979 517 1050 ρίας
538 975 783 1048 παρέσχε
806 975 918 1036 τοῖς
946 972 1015 1026 τὰ
1041 970 1261 1025 ἐναντία
1288 968 1575 1040 φρονοῦσιν
1597 985 1613 1001 ο
1656 967 1967 1039 Ἀσκληπᾶν

393 1068 451 1121 δέ
489 1065 723 1136 ἑτοίμως
754 1062 979 1126 Γαζαῖοι
1012 1058 1278 1123 ἐδέξαντο.
1320 1058 1407 1112 Ἐν
1436 1057 1493 1111 δὲ
1529 1058 1596 1127 τῇ
1625 1057 1970 1110 Κωνσταντί-

395 1176 485 1212 νου
513 1156 667 1210 πόλει
699 1153 1029 1215 Μακεδόνιος
1070 1150 1269 1221 Παύλῳ
1296 1148 1432 1220 πρὸς
1460 1147 1644 1217 ὀλίγον
1674 1146 1964 1217 ὑπεξέστη,

396 1247 516 1302 καθ’
542 1244 735 1300 ἐαυτὸν
765 1244 823 1297 ἐν
874 1239 1154 1312 ίδιαζούσῃ
1200 1237 1467 1310 ἐκκλησίᾳ
1497 1237 1599 1308 τῆς
1632 1236 1839 1301 πόλεως
1871 1236 1969 1297 τὰς

398 1336 646 1399 συνόδους
688 1332 1030 1404 ποιούμενος.
1078 1330 1255 1401 ’Υπέρ
1300 1328 1481 1401 μέντοι
1541 1326 1892 1393 ’Δθανασίου,
1942 1330 1970 1380 ὀ

396 1424 651 1506 βασιλεὺς
701 1423 1024 1485 ἐπισκόποις
1066 1439 1127 1474 τε
1183 1421 1277 1474 καὶ
1319 1419 1603 1490 κληρικοϊς
1647 1417 1740 1471 καὶ
1782 1418 1966 1482 λαοῖς,

398 1518 525 1589 περὶ
564 1515 660 1570 τοῦ
704 1515 957 1585 ἁσμένως
1013 1512 1178 1566 αὑτὸν
1223 1511 1591 1581 ἀποδεχθῆναι
1633 1509 1967 1563 ἐπέστειλεν.

401 1611 522 1664 Ἔτι
557 1609 666 1681 μὴν
714 1608 810 1676 καὶ
836 1606 907 1660 τὰ
949 1605 1071 1660 κατ’
1119 1603 1285 1658 αὑτοῦ
1319 1605 1377 1657 ἐν
1405 1603 1776 1673 δικαστηρίοις
1816 1619 1971 1673 πρα-

396 1702 611 1781 χθέντα,
629 1700 695 1754 δι’
724 1700 924 1770 ἐτέρων
944 1696 1288 1769 γραμμάτων
1307 1695 1667 1767 ἀφανισθῆναι
1692 1695 1967 1749 ἐκέλευσε.

399 1793 481 1846 Τὰ
520 1792 579 1846 δέ
627 1791 758 1861 περὶ
776 1789 1103 1860 ἀμφοτέρων
1123 1789 1326 1843 τούτων
1351 1786 1650 1860 γραφέντα,
1677 1786 1792 1841 ἐστι
1813 1788 1939 1840 τάδε
1955 1802 1968 1815 ·

481 1990 808 2059 Ἐπιστολή
857 1990 1281 2045 Κωνσταντίου
1319 1988 1472 2057 ὑπὲρ
1525 1988 1895 2044 Ἀθανασίου.

397 2082 660 2151 Νικητὴς
688 2080 1123 2151 Κωνστὰντιος,
1154 2077 1478 2151 Μέγιστος,
1499 2079 1800 2151 Σεϐαστός
1820 2078 1973 2151 ,ἐπι-

467 2147 721 2218 aviditate
745 2150 846 2204 καί
878 2147 1304 2273 πρεσσιᾶτέςρρις
1333 2147 1445 2218 τῆς
1464 2148 1805 2216 Καθολικῆς
1841 2149 1972 2203 Ἐκ·

1042 2236 1078 2273 κ
1124 2234 1326 2286 ησιας.

468 2310 585 2364 Οὐκ
609 2309 912 2382 ἀπελείφθη
942 2310 1040 2381 τῆς
1068 2307 1163 2362 τοῦ
1194 2307 1329 2362 Θεοῦ
1361 2309 1584 2379 χάριτος
1615 2309 1645 2362 ὀ
1685 2308 1974 2380 αἱδεσιμώσ

398 2421 560 2468 τατος
604 2402 899 2465 ἐπίσκοπος
945 2400 1285 2465 Ἀθανάσιος.
1332 2401 1471 2453 Ἀλλ’
1510 2402 1561 2455 εί
1600 2401 1695 2454 καὶ
1739 2402 1798 2454 ἐν
1842 2400 1974 2472 βρα-

400 2497 487 2566 χεῖ
514 2493 690 2564 χρόνῳ
719 2495 785 2564 τῇ
802 2492 964 2547 κατὰ
987 2491 1308 2561 ἀνθρώπους
1338 2491 1635 2563 δοκιμασίᾳ
1657 2491 1935 2563 ύπεϐλήθη
1955 2530 1971 2555 ,

399 2590 548 2657 ὅμως
567 2587 665 2657 τὴν
680 2586 1039 2656 ὀφειλομένην
1057 2584 1208 2655 παρὰ
1230 2584 1331 2655 τῆς
1348 2584 1689 2655 παντεφόρου
1711 2584 1975 2655 Προνοίας

402 2678 755 2747 ἀπηνέγκατο
779 2676 958 2747 ψῆφον
982 2692 997 2707 ο
1035 2675 1323 2730 ἀπολαϐὼν
1366 2676 1614 2747 βουλήσει
1655 2675 1751 2729 τοῦ
1788 2676 1975 2748 κρείτ-

400 2786 581 2831 τονος,
630 2768 724 2820 καὶ
772 2766 954 2838 κρίσει
995 2767 1244 2839 ἡμετέρᾳ
1279 2765 1377 2839 τὴν
1422 2767 1661 2838 πατρίδα
1706 2767 1842 2838 ὀμοῦ
1883 2767 1977 2821 καὶ

400 2860 499 2931 τὴν
584 2858 950 2930 Ἐκκλησίαν,
1021 2853 1091 2930 ἦς
1169 2858 1299 2929 θείῳ
1367 2858 1598 2929 νεύματι
1667 2859 1977 2930 προστάτης

402 2954 688 3024 ἐτύγχανε.
712 2952 901 3025 Τούτῳ
926 2953 996 3006 τὰ
1034 2952 1304 3007 ἀκόλουθα
1335 2951 1443 3005 ἔδει
1480 2951 1631 3023 παρὰ
1658 2952 1759 3022 τῆς
1783 2953 1978 3023 ἡμετέ-

407 3062 507 3116 ρας
531 3044 770 3117 ὑπᾶρξαι
796 3045 1124 3117 πραότητος.
1156 3045 1321 3096 Ὥστε
1358 3044 1537 3097 πάντα
1565 3043 1633 3095 τὰ
1657 3044 1763 3114 πρὸ
1789 3042 1977 3096 τούτου

403 3139 548 3193 κατὰ
604 3138 714 3192 τῶν
773 3136 925 3207 αὐτῷ
976 3136 1459 3206 κεκοινωνηκότων
1511 3135 1829 3207 ὡρισμένα,
1884 3135 1980 3188 νῦν

405 3227 685 3298 ἀμνηστίᾳ
715 3224 1119 3296 παραδοθῆναι,
1157 3225 1340 3278 πᾶσάν
1372 3242 1432 3278 τε
1465 3224 1702 3295 ὑποψίαν
1733 3225 1832 3295 τὴν
1858 3226 1978 3278 κατ’

405 3318 571 3372 αὐτοῦ
628 3317 889 3389 σχολάσαι
937 3316 1033 3371 τοῦ
1077 3315 1300 3380 λοιποῦ,
1348 3317 1450 3386 τήν
1504 3333 1565 3369 τε
1614 3316 1861 3369 ἀτέλειαν
1907 3311 1975 3387 ἦς
2003 3306 2046 3365 C

405 3410 595 3480 έτυχον
616 3410 786 3463 πάλαι
807 3410 857 3462 oi
891 3407 1008 3479 ἅμα
1038 3407 1187 3479 αὐτῷ
1208 3407 1463 3478 κληρικοὶ
1480 3446 1496 3470 ,
1525 3406 1735 3469 τούτοις
1762 3405 1983 3476 βεϐαιω-

406 3501 566 3572 θῆναι
616 3500 1022 3573 προσηκόντως.
1080 3499 1242 3553 Ἀλλὰ
1293 3500 1401 3571 μὴν
1448 3498 1542 3551 καὶ
1585 3496 1742 3550 τοῦτο
1783 3500 1851 3569 τῇ
1904 3499 1984 3560 εἰς

407 3588 567 3641 αὑτὸν
632 3590 816 3659 χάριτι
889 3587 1259 3658 προστεθῆναι
1332 3583 1764 3655 ἐδικαιώσαμεν,
1834 3583 1978 3637 ὥστε

410 3681 619 3745 πάντας
661 3682 788 3744 τοὺς
823 3680 918 3740 τοῦ
963 3678 1106 3750 ἱεροῦ
1142 3676 1444 3746 καταλόγου
1478 3675 1800 3745 γινώσκειν,
1840 3676 1985 3729 ἐνδε-

408 3772 592 3826 δόσθαι
622 3772 682 3826 τὸ
714 3771 917 3840 ἄφοϐον
959 3772 1091 3824 πᾶσι
1133 3772 1247 3833 τοῖς
1279 3768 1426 3839 αὐτῷ
1468 3767 1977 3839 προστεθειμένοις,

409 3864 517 3917 εἴτε
547 3863 866 3925 ἐπισκόποις
881 3904 895 3925 ,
921 3862 1033 3915 εἴτε
1052 3861 1353 3931 κληρικοῖς.
1389 3859 1593 3913 Ἱκανὸν
1615 3858 1673 3912 δὲ
1694 3857 1981 3930 γνώρισμα

408 3958 506 4027 τῆς
538 3955 769 4009 ἑκάστου
804 3953 973 4026 ὀρθῆς
998 3951 1373 4024 προαιρέσεως
1400 3950 1553 4005 ἔσται
1577 3990 1593 4015 ,
1621 3952 1654 4019 ἡ
1689 3950 1824 4021 πρὸς
1861 3949 1984 4002 τοῦ-

408 4065 499 4100 τον
522 4046 735 4110 ἓνωσις.
766 4046 921 4098 Ὅσοι
941 4043 1051 4116 γὰρ
1076 4043 1143 4097 ἂν
1162 4043 1262 4114 τῆς
1284 4041 1561 4104 καλλίονος
1587 4040 1724 4113 ὁμοῦ
1752 4039 1984 4113 κρίσεώς

407 4156 467 4192 τε
497 4139 591 4192 καὶ
620 4139 813 4209 μοίρας
841 4137 1151 4208 γενόμενοι,
1179 4135 1280 4206 τὴν
1319 4134 1510 4188 τούτου
1540 4135 1769 4188 ἕλωνται
1802 4151 1990 4188 κοινω-

410 4230 560 4295 νίαν,
604 4227 826 4290 τούτους
866 4227 1073 4290 πάντας
1102 4223 1498 4295 ἐκελεύσαμεν,
1529 4224 1651 4278 καθ’
1698 4226 1987 4295 ὁμοιότητα

409 4320 509 4389 τῆς
535 4317 843 4388 φθανούσης
869 4315 1256 4387 Προνοίας,καὶ
1271 4314 1366 4368 νῦν
1387 4316 1485 4385 τῆς
1510 4315 1598 4383 ὑφ’
1618 4314 1775 4386 ήμῶν
1796 4313 1987 4386 βούλή-

414 4428 494 4465 σει
520 4411 614 4465 τοῦ
642 4408 945 4481 κρείττονος
968 4406 1403 4479 παρασχεθείσης
1426 4405 1645 4477 χάριτος
1672 4405 1983 4462 ἀπολαύειν.

418 4505 599 4570 Ἄλλη
636 4500 953 4566 ἐπιστολὴ,
982 4499 1104 4564 τοῖς
1148 4497 1601 4567 Ἀλεξανδρεῦσι
1631 4500 1985 4569 πεμφθεῖσα.
2020 4508 2064 4565 ο

416 4594 675 4661 Νικητὴς
713 4589 1157 4661 Κωνστάντιος,
1185 4589 1528 4661 ,Μέγιστοα
1556 4592 1871 4661 Σεϐαστὸς,
1907 4589 1988 4655 τῷ

482 4658 765 4731 λαῷτῆς
799 4660 948 4715 κατὰ
994 4658 1444 4783 Ἁῇειξὰιὲδρειαν
1485 4660 1824 4729 Καθολικῆς
1867 4662 1989 4713 Ἐκ-

1140 4745 1223 4799 ησ
1248 4746 1342 4796 ας.

486 4825 695 4879 Σκοπὸν
735 4821 1047 4893 ποιούμενοι
1073 4820 1173 4891 τὴν
1211 4820 1483 4893 ὑμετέραν
1515 4823 1574 4874 ἐν
1603 4821 1808 4875 ἅπασιν
1832 4820 1982 4875 εὐνο-

420 4916 549 4987 μίαν
585 4914 698 4987 (68)
723 4954 738 4978 ,
785 4914 987 4977 εἰδότες
1016 4929 1076 4966 τε
1113 4911 1191 4975 ὼς
1236 4912 1466 4965 ἐπιπολὺ
1511 4912 1611 4982 τῆς
1642 4911 1738 4965 τοῦ
1773 4914 1992 4965 ἐπισκο-

417 5008 645 5073 ποῦντος
693 5006 952 5077 προνοίας
998 5004 1332 5076 ἐστέρησθε,
1391 5004 1708 5059 Ἀθανάσιον
1738 5005 1829 5057 τὸν
1872 5003 1992 5056 ἐπί-

420 5116 653 5164 σκοπον,
708 5099 875 5169 ἄνδρα
925 5098 1039 5161 τοῖς
1085 5096 1221 5148 πᾶσι
1272 5094 1361 5148 διά
1424 5112 1484 5148 τε
1537 5094 1635 5166 τὴν
1682 5094 1990 5167 προσοῦσαν

425 5191 719 5263 ὀρθότητα,
744 5191 838 5243 καὶ
863 5188 953 5243 διὰ
980 5187 1080 5257 τὴν
1104 5186 1315 5242 οἰκείαν
1334 5186 1627 5258 εὐτροπίαν
1648 5185 1923 5257 γνώριμον
1945 5194 1988 5250 °,

2067 700 2135 752 ad
2162 700 2403 769 ipsorum
2431 698 2596 752 missa
2628 706 2756 751 sunt
2785 697 3053 762 civitates,
3101 700 3303 769 quibus
3341 699 3638 771 jubebatur

2067 798 2128 842 ut
2160 790 2283 844 illos
2322 796 2572 858 prompte
2615 787 2977 858 susciperent.
3018 790 3086 843 Et
3137 791 3366 860 Ancyra:
3412 790 3636 860 quidem

2066 894 2191 933 cum
2222 878 2453 933 Basilius
2481 878 2900 942 exturbaretur,
2938 878 3223 933 Marcellus
3262 894 3393 935 vero
3425 881 3481 935 in
3518 883 3639 952 ejus

2067 970 2493 1024 substitueretur
2557 969 2737 1024 locum
2772 1010 2787 1035 ,
2841 986 2953 1024 non
3018 970 3311 1025 mediocris
3370 973 3640 1029 tumultus

2072 1062 2233 1134 114
2254 1070 2477 1117 exortus
2499 1070 2602 1127 est,
2627 1064 2721 1132 qui
2745 1063 3111 1117 calumniandi
3138 1064 3478 1119 occasionem
3501 1081 3643 1135 pra:-

2068 1154 2189 1208 buit
2229 1152 2553 1208 adversariis
2606 1171 2619 1206 :
2667 1152 2843 1208 (ἱειωὶ
2884 1169 3013 1207 vero
3067 1153 3302 1209 libenter
3355 1154 3640 1226 Asclepam

2069 1254 2449 1315 susceperunt.
2514 1244 2986 1315 Constantinopoli
3044 1255 3226 1301 autem
3290 1246 3642 1304 Macedonius

2069 1335 2237 1390 Paulo
2282 1334 2350 1388 ad
2387 1333 2665 1389 modicum
2708 1343 2927 1405 tempus
2962 1335 3082 1389 loco
3123 1335 3308 1401 cessit,
3347 1336 3402 1389 in
3429 1335 3642 1405 privata

2068 1427 2303 1497 quadam
2348 1426 2504 1482 urbis
2558 1426 2789 1483 ecclesia
2832 1442 3077 1482 seorsum
3120 1436 3422 1483 conventus
3454 1442 3639 1498 agens.

2070 1520 2175 1573 Pro
2199 1518 2497 1574 Athanasio
2529 1533 2661 1573 vero
2692 1519 2991 1589 imperator
3012 1519 3079 1574 ad
3104 1520 3389 1589 episcopos
3408 1529 3464 1574 et
3484 1520 3645 1575 cleri-

2070 1625 2164 1664 cos
2188 1618 2244 1664 et
2266 1608 2333 1663 ad
2355 1608 2587 1679 populos
2619 1610 2860 1679 scripsit,
2885 1618 2950 1663 ut
2975 1609 3274 1665 libentibus
3298 1610 3495 1665 animis
3516 1624 3643 1665 eum

2070 1700 2408 1769 exciperent.
2440 1698 2546 1753 Sed
2571 1708 2627 1755 et
2649 1715 2747 1769 per
2773 1700 2908 1754 alias
2942 1700 3152 1755 litteras
3178 1701 3361 1771 jussit,
3391 1710 3452 1756 ut
3491 1707 3643 1772 qua:-

2071 1806 2288 1859 cunque
2312 1791 2368 1845 in
2389 1790 2614 1861 judiciis
2628 1798 2818 1845 contra
2851 1790 3003 1845 illum
3028 1800 3147 1847 acta
3179 1791 3417 1858 fuerant,
3454 1794 3643 1848 abole-

2072 1893 2286 1937 rentur.
2305 1884 2379 1938 De
2402 1890 2636 1953 utraque
2658 1899 2715 1939 re
2740 1884 2957 1954 scripta:
2989 1884 3185 1940 litterae
3205 1884 3286 1940 sic
3312 1900 3371 1941 se
3398 1885 3641 1940 habent:

2316 1996 2563 2068 Epistola
2605 1997 2905 2053 Constantii
2944 2015 3041 2069 pro
3082 1999 3395 2055 Athanasio.

2074 2087 2245 2143 Victor
2282 2087 2644 2176 Constantius,
2674 2089 2966 2176 pingimus,
3000 2091 3288 2176 Augustus,
3312 2092 3561 2162 episcopis
3597 2098 3646 2144 et

2400 2160 2712 2230 presbyteris
2748 2158 3031 2215 Catholicae
3062 2158 3327 2215 Ecclesiw.

2142 2322 2261 2377 Non
2288 2330 2373 2376 est
2416 2320 2714 2375 derelictus
2737 2336 2768 2375 a
2791 2320 2887 2375 Dei
2930 2320 3106 2391 gratia
3156 2320 3646 2378 reverendissimus

2069 2413 2366 2483 episcopus
2388 2410 2741 2465 Athanasius.
2769 2408 2879 2464 Sed
2903 2426 3215 2480 quanquam
3248 2411 3403 2466 brevi
3434 2419 3645 2482 tempo-

2072 2504 2149 2557 ris
2174 2502 2354 2572 spatio
2379 2501 2631 2555 humana:
2654 2500 2970 2570 probationi
3006 2500 3301 2570 subjacuit,
3329 2501 3514 2555 divina
3562 2510 3645 2555 ta—

2075 2609 2200 2648 men
2227 2592 2562 2663 suﬂragante
2585 2590 2957 2654 Providentia,
2980 2591 3184 2661 justam
3208 2592 3411 2645 meruit
3436 2590 3646 2647 referre

2075 2684 2405 2739 sententiam
2432 2701 2444 2736 :
2474 2682 2766 2737 restitutus
2791 2689 2905 2736 tum
2927 2682 3025 2737 Dei
3063 2682 3365 2747 voluntate,
3395 2691 3511 2737 tum
3551 2699 3649 2738 no-

2079 2786 2194 2831 stro
2210 2775 2443 2847 judicio,
2472 2774 2528 2829 in
2553 2775 2789 2844 patriam
2830 2774 2993 2827 simul
3021 2780 3079 2827 et
3126 2774 3183 2828 in
3207 2774 3529 2839 Ecclesium,
3557 2776 3647 2829 cui

2077 2867 2265 2921 divino
2288 2874 2427 2919 nutu
2448 2863 2796 2934 praesidebat.
2832 2862 2972 2918 Huic
2991 2864 3385 2933 consequentia
3406 2881 3437 2919 a
3461 2872 3650 2920 nostra

2078 2964 2295 3027 oportet
2318 2954 2568 3025 praastari
2608 2954 2939 3020 clementia;
2970 2961 3031 3007 ut
3075 2954 3286 3010 scilicet
3310 2964 3505 3010 cuncta
3530 2973 3651 3026 quae

2077 3047 2309 3101 antehac
2333 3046 2598 3101 adversus
2622 3045 2747 3099 illos
2770 3045 2865 3115 qui
2903 3046 2986 3100 illi
3031 3046 3528 3113 communicabant,
3557 3048 3653 3102 de-

2078 3143 2229 3190 creta
2274 3144 2425 3201 sunt,
2480 3151 2628 3189 nunc
2672 3135 2939 3190 oblivioni
2992 3134 3312 3199 tradantur,
3364 3137 3652 3205 omnisque

2081 3227 2340 3296 deinceps
2363 3234 2556 3281 contra
2580 3227 2733 3280 illum
2757 3235 2935 3281 cesset
2955 3227 3213 3296 suspicio.
3238 3227 3308 3281 Et
3336 3227 3655 3282 immunitas

2077 3337 2186 3390 qua
2214 3319 2420 3384 clerici,
2445 3320 2541 3390 qui
2568 3336 2694 3375 cum
2709 3335 2775 3375 eo
2806 3329 2955 3384 sunt,
2978 3320 3110 3374 olim
3132 3319 3479 3386 fruebantur,
3500 3321 3653 3391 ipsis,

2077 3421 2141 3467 ut
2184 3428 2285 3482 par
2333 3420 2437 3474 est,
2479 3410 2857 3466 confirmetur.
2897 3412 3013 3466 Hoc
3046 3412 3211 3466 etiam
3247 3420 3450 3467 nostra),
3475 3413 3531 3465 in
3585 3413 3653 3465 il-

2078 3504 2192 3557 lum
2238 3504 2591 3575 indulgentiae
2630 3504 2999 3574 adjiciendum
3045 3520 3166 3559 esse
3214 3505 3548 3569 censuimus,
3595 3514 3658 3559 ut

2078 3610 2269 3649 omnes
2310 3594 2453 3648 sacri
2500 3594 2713 3648 ordinis
2756 3594 2863 3647 viri
2920 3594 3245 3665 intelligant,
3298 3596 3654 3649 securitatem

2078 3686 2292 3741 cunctis
2313 3686 2410 3756 qui
2441 3685 2742 3741 Athanasio
2784 3685 3157 3750 adhaeserunt,
3202 3686 3319 3741 sive
3356 3687 3653 3757 episcopis,

2084 3776 2199 3831 sive
2222 3776 2457 3843 clericis,
2502 3793 2623 3832 esse
2663 3792 3000 3833 concessam.
3043 3777 3197 3832 Recti
3242 3794 3377 3835 vero
3419 3779 3659 3850 singulo-

2088 3885 2208 3922 rum
2235 3871 2496 3939 propositi
2520 3871 2885 3925 certissimum
2906 3871 3013 3925 erit
3036 3871 3321 3937 indicium,
3348 3871 3505 3927 firma
3531 3888 3658 3927 cum

2089 3961 2183 4016 illo
2226 3963 2533 4017 consensio.
2561 3962 2885 4034 Quicunque
2911 3980 3041 4035 ergo
3077 3965 3291 4019 meliori
3308 3965 3517 4035 judicio
3550 3967 3655 4029 usi,

2090 4060 2145 4107 et
2168 4053 2441 4107 saniorem
2466 4063 2679 4122 partem
2706 4054 2901 4121 secuti,
2930 4056 3371 4110 communionem
3397 4056 3517 4127 ejus
3538 4072 3656 4111 am-

2090 4142 2236 4212 plexi
2260 4151 2407 4207 sunt,
2435 4160 2530 4199 eos
2554 4160 2745 4200 omnes
2765 4147 3033 4217 jussimus
3049 4148 3204 4219 juxta
3228 4148 3538 4218 exemplum
3562 4165 3657 4203 su-

2090 4235 2326 4304 perioris
2370 4236 2755 4302 Providentim,
2784 4254 2932 4293 nunc
2974 4254 3191 4309 quoque
3228 4240 3352 4295 data
3400 4255 3431 4294 a
3475 4241 3655 4304 nobis,

2089 4341 2201 4380 non
2246 4327 2365 4382 sine
2408 4329 2503 4383 Dei
2549 4330 2851 4393 voluntate,
2904 4331 3244 4402 indulgentia
3286 4332 3515 4402 perfrui.

2474 4509 2718 4578 Epistola
2762 4510 2831 4563 ad
2866 4509 3279 4564 Alexandrinos.

2098 4599 2265 4654 Victor
2287 4598 2647 4672 Constantius,
2686 4599 2968 4672 Maximus,
3008 4600 3297 4669 Augustus,
3337 4601 3531 4672 populo
3555 4601 3658 4657 Ca-

2369 4668 2571 4724 tholica:
2599 4669 2849 4723 Ecclesia?
2876 4668 3380 4724 Alexandrinorum.

2160 4828 2297 4884 Cum
2333 4834 2459 4883 ante
2502 4828 2691 4882 oculos
2731 4842 2946 4897 semper
2993 4828 3294 4883 habeamus
3326 4836 3563 4883 vestram
3606 4830 3661 4884 in

2092 4916 2351 4972 omnibus
2373 4915 2740 4984 disciplinam,
2779 4931 2883 4969 nec
2908 4916 3081 4985 ignari
3126 4917 3299 4971 simus
3335 4918 3661 4987 jampridem

2091 5021 2189 5061 vos
2210 5007 2506 5076 episcopali
2545 5006 2891 5075 providentia
2936 5008 3231 5063 destitutos
3274 5024 3417 5073 esse,
3444 5026 3661 5079 aequum

2092 5096 2430 5159 censuimus,
2456 5096 2814 5150 Athanasium
2852 5098 3191 5167 episcopum,
3218 5098 3397 5153 virum
3424 5100 3494 5153 ob
3540 5102 3664 5156 vita:

2092 5185 2505 5239 sanctimoniam
2548 5201 2874 5257 morumque
2901 5188 3229 5257 probitatem
3270 5190 3528 5245 omnibus
3567 5208 3663 5247 co—

1605 5319 1875 5376 VALESII
1913 5319 2463 5375 ANNOTATIONES.

491 5419 600 5492 (68)
622 5417 864 5492 22:01:67
883 5415 1225 5492 ποιούμγοι
1252 5412 1680 5492 τὴν-ὐμεζέραν
1798 5414 1987 5492 ᾷπαοςι

424 5484 724 5559 εὐθυμίαν.
747 5484 1085 5560 Epiphanius
1116 5484 1486 5541 Scholasticus
1514 5484 1643 5555 legit
1671 5485 1769 5554 τὴν
1798 5485 1995 5555 ἡμετὲ-

2098 5431 2195 5496 ραν
2223 5454 2237 5478 ,
2280 5415 2360 5469 sic
2373 5413 2552 5496 enim.
2579 5415 2746 5496 vertit
2784 5432 2796 5469 :
2829 5414 2894 5469 In
2947 5417 3184 5472 omnibus
3217 5418 3543 5489 perhibentes
3572 5434 3667 5471 no-

2098 5493 2224 5539 stra:
2248 5492 2509 5555 aequitatis
2535 5492 2894 5540 intentionem.

1864 5642 2247 5700 VARIORUM.

496 5744 522 5774 °
557 5736 676 5808 Τῆν
708 5739 932 5792 οἰκείαν
974 5736 1293 5804 εὐτροπίαν
1336 5734 1643 5858 ἶνώριμον.
1676 5737 1899 5795 Rectius
1932 5739 1988 5795 in

496 5810 594 5858 teri
640 5809 899 5858 editione.
940 5808 1037 5858 τὴν
1071 5807 1177 5858 τῶν
1218 5809 1331 5858 οίκε
1356 5822 1421 5858 αν
1448 5806 1728 5858 (mendose
1771 5824 1871 5858 nro
1911 5813 1988 5858 οἰ-

425 5810 595 5864 veteri
625 5806 899 5871 editione,
940 5807 1177 5878 τὴντῶν
1218 5806 1421 5878 οίκείαν
1448 5806 1728 5878 (mendose
1771 5824 1871 5878 pro
1911 5813 1988 5862 οἰ-

425 5879 609 5951 κείων)
660 5880 805 5950 ήθων
838 5876 1129 5950 εὐτροπίαν
1173 5876 1466 5948 γνώριμον,
1498 5892 1608 5946 quo
1650 5876 1787 5934 item
1824 5880 1987 5936 modo

2094 5739 2225 5809 legit
2278 5739 2616 5808 Epiphanius
2673 5738 3061 5802 Scholasticus,
3114 5755 3428 5809 suorumque
3460 5754 3663 5809 morum

2098 5807 2409 5881 probitatem
2439 5811 2634 5863 cunctis
2664 5810 2908 5881 innotuit.
2944 5810 3192 5881 Monachi
3232 5807 3511 5864 Benedict.
3545 5807 3660 5864 An-

2100 5879 2211 5935 not.
2242 5881 2295 5934 in
2326 5880 2609 5943 Athanas,
2646 5881 2753 5934 vol.
2780 5879 2821 5945 l,
2854 5894 2975 5949 pag.
3006 5879 3125 5933 175.
