  <div class='ocr_page' id='page_1' title='image "/cluster/home/n/w/nwhite01/storage/ocr_20150623/67/pst.000009865921/147.png"; bbox 0 0 4524 6582; ppageno 0'>
   <div class='ocr_carea' id='block_1_1' title="bbox 795 417 949 504">
    <p class='ocr_par' dir='ltr' id='par_1_1' title="bbox 795 417 949 504">
     <span class='ocr_line' id='line_1_1' title="bbox 795 417 949 504; baseline -0.006 0"><span class='ocrx_word' id='word_1_1' title='bbox 795 417 798 422; x_wconf 60' lang='grc'><em>’</em></span> <span class='ocrx_word' id='word_1_2' title='bbox 846 448 949 504; x_wconf 66' lang='grc' dir='ltr'><strong>Ξΐὶἴ)</strong></span> 
     </span>
    </p>
   </div>
   <div class='ocr_carea' id='block_1_2' title="bbox 2193 447 2632 525">
    <p class='ocr_par' dir='ltr' id='par_1_2' title="bbox 2193 447 2632 525">
     <span class='ocr_line' id='line_1_2' title="bbox 2193 447 2632 525; baseline 0.002 -20"><span class='ocrx_word' id='word_1_3' title='bbox 2193 511 2201 525; x_wconf 63' lang='grc'><strong>,</strong></span> <span class='ocrx_word' id='word_1_4' title='bbox 2236 448 2240 452; x_wconf 75' lang='lat'>&#39;</span> <span class='ocrx_word' id='word_1_5' title='bbox 2298 447 2632 506; x_wconf 79' lang='lat' dir='ltr'><strong>SOCRATIS</strong></span> 
     </span>
    </p>
   </div>
   <div class='ocr_carea' id='block_1_3' title="bbox 3975 453 4080 507">
    <p class='ocr_par' dir='ltr' id='par_1_3' title="bbox 3975 453 4080 507">
     <span class='ocr_line' id='line_1_3' title="bbox 3975 453 4080 507; baseline -0.029 0"><span class='ocrx_word' id='word_1_6' title='bbox 3975 453 4080 507; x_wconf 67' lang='lat'><strong>9(10</strong></span> 
     </span>
    </p>
   </div>
   <div class='ocr_carea' id='block_1_4' title="bbox 847 556 2633 636">
    <p class='ocr_par' dir='ltr' id='par_1_4' title="bbox 847 560 2628 635">
     <span class='ocr_line' id='line_1_4' title="bbox 847 560 2628 635; baseline 0 -19"><span class='ocrx_word' id='word_1_7' title='bbox 847 563 1080 635; x_wconf 85' lang='lat' dir='ltr'><strong>gnitum,</strong></span> <span class='ocrx_word' id='word_1_8' title='bbox 1103 560 1172 616; x_wconf 86' lang='lat' dir='ltr'><strong>ad</strong></span> <span class='ocrx_word' id='word_1_9' title='bbox 1197 576 1294 615; x_wconf 86' lang='lat' dir='ltr'><strong>vos</strong></span> <span class='ocrx_word' id='word_1_10' title='bbox 1320 562 1619 618; x_wconf 89' lang='lat' dir='ltr'><strong>remittere.</strong></span> <span class='ocrx_word' id='word_1_11' title='bbox 1650 563 1805 635; x_wconf 73' lang='lat'><strong>115</strong></span> <span class='ocrx_word' id='word_1_12' title='bbox 1829 560 1985 620; x_wconf 91' lang='lat' dir='ltr'><strong>llunc</strong></span> <span class='ocrx_word' id='word_1_13' title='bbox 2013 563 2177 635; x_wconf 85' lang='lat' dir='ltr'><strong>igitur</strong></span> <span class='ocrx_word' id='word_1_14' title='bbox 2201 579 2324 618; x_wconf 86' lang='lat' dir='ltr'><strong>eum</strong></span> <span class='ocrx_word' id='word_1_15' title='bbox 2350 579 2416 617; x_wconf 74' lang='lat' dir='ltr'><strong>ex</strong></span> <span class='ocrx_word' id='word_1_16' title='bbox 2447 573 2491 626; x_wconf 74' lang='grc' dir='ltr'><strong>Α</strong></span> <span class='ocrx_word' id='word_1_17' title='bbox 2520 565 2628 620; x_wconf 82' lang='grc' dir='ltr'><strong>πάλ</strong></span> 
     </span>
    </p>
   </div>
   <div class='ocr_carea' id='block_1_5' title="bbox 2302 556 4088 636">
    <p class='ocr_par' dir='ltr' id='par_1_5' title="bbox 2302 556 4088 636">
     <span class='ocr_line' id='line_1_5' title="bbox 2302 556 4088 636; baseline 0.002 -19"><span class='ocrx_word' id='word_1_18' title='bbox 2302 581 2324 618; x_wconf 81' lang='grc' dir='ltr'><strong>ιι</strong></span> <span class='ocrx_word' id='word_1_19' title='bbox 2350 579 2416 617; x_wconf 74' lang='lat' dir='ltr'><strong>ex</strong></span> <span class='ocrx_word' id='word_1_20' title='bbox 2447 573 2491 626; x_wconf 74' lang='grc' dir='ltr'><strong>Α</strong></span> <span class='ocrx_word' id='word_1_21' title='bbox 2520 565 2683 620; x_wconf 85' lang='grc' dir='ltr'>πάλιν</span> <span class='ocrx_word' id='word_1_22' title='bbox 2715 564 2849 636; x_wconf 72' lang='grc' dir='ltr'>πρὸς</span> <span class='ocrx_word' id='word_1_23' title='bbox 2897 565 3035 635; x_wconf 70' lang='grc' dir='ltr'>ὑμᾶς</span> <span class='ocrx_word' id='word_1_24' title='bbox 3065 556 3390 620; x_wconf 77' lang='grc' dir='ltr'>ἀποστεῖλαι</span> <span class='ocrx_word' id='word_1_25' title='bbox 3434 563 3845 634; x_wconf 79' lang='grc' dir='ltr'>έδικαιὼσαμεν.</span> <span class='ocrx_word' id='word_1_26' title='bbox 3888 566 4088 620; x_wconf 74' lang='grc' dir='ltr'>Τοῦτον</span> 
     </span>
    </p>
   </div>
   <div class='ocr_carea' id='block_1_6' title="bbox 847 653 2418 726">
    <p class='ocr_par' dir='ltr' id='par_1_6' title="bbox 847 653 2418 726">
     <span class='ocr_line' id='line_1_6' title="bbox 847 653 2418 726; baseline 0 -18"><span class='ocrx_word' id='word_1_27' title='bbox 847 669 998 708; x_wconf 83' lang='lat' dir='ltr'><strong>more</strong></span> <span class='ocrx_word' id='word_1_28' title='bbox 1021 653 1378 722; x_wconf 87' lang='lat' dir='ltr'><strong>institutoque</strong></span> <span class='ocrx_word' id='word_1_29' title='bbox 1405 663 1623 720; x_wconf 82' lang='lat' dir='ltr'><strong>vestro,</strong></span> <span class='ocrx_word' id='word_1_30' title='bbox 1647 663 1706 710; x_wconf 92' lang='lat' dir='ltr'><strong>et</strong></span> <span class='ocrx_word' id='word_1_31' title='bbox 1747 657 1891 710; x_wconf 85' lang='lat' dir='ltr'><strong>sicut</strong></span> <span class='ocrx_word' id='word_1_32' title='bbox 1931 657 2112 718; x_wconf 85' lang='lat' dir='ltr'><strong>decet,</strong></span> <span class='ocrx_word' id='word_1_33' title='bbox 2139 655 2418 726; x_wconf 65' lang='lat' dir='ltr'><strong>exeepcri~</strong></span> 
     </span>
    </p>
   </div>
   <div class='ocr_carea' id='block_1_7' title="bbox 846 735 2418 818">
    <p class='ocr_par' dir='ltr' id='par_1_7' title="bbox 846 735 2418 818">
     <span class='ocr_line' id='line_1_7' title="bbox 846 735 2418 818; baseline 0.003 -20"><span class='ocrx_word' id='word_1_34' title='bbox 846 745 940 808; x_wconf 90' lang='lat' dir='ltr'><strong>tis,</strong></span> <span class='ocrx_word' id='word_1_35' title='bbox 967 751 1384 814; x_wconf 85' lang='lat' dir='ltr'><strong>vestrarumque</strong></span> <span class='ocrx_word' id='word_1_36' title='bbox 1405 745 1474 800; x_wconf 90' lang='lat' dir='ltr'><strong>ad</strong></span> <span class='ocrx_word' id='word_1_37' title='bbox 1501 747 1672 800; x_wconf 87' lang='lat' dir='ltr'><strong>Deum</strong></span> <span class='ocrx_word' id='word_1_38' title='bbox 1700 762 1924 816; x_wconf 90' lang='lat' dir='ltr'><strong>precum</strong></span> <span class='ocrx_word' id='word_1_39' title='bbox 1961 735 2266 818; x_wconf 84' lang='lat' dir='ltr'><strong>adjutorem</strong></span> <span class='ocrx_word' id='word_1_40' title='bbox 2289 763 2418 802; x_wconf 90' lang='lat' dir='ltr'><strong>con-</strong></span> 
     </span>
    </p>
   </div>
   <div class='ocr_carea' id='block_1_8' title="bbox 845 833 2420 906">
    <p class='ocr_par' dir='ltr' id='par_1_8' title="bbox 845 833 2420 906">
     <span class='ocr_line' id='line_1_8' title="bbox 845 833 2420 906; baseline 0.002 -19"><span class='ocrx_word' id='word_1_41' title='bbox 845 833 1162 898; x_wconf 86' lang='lat' dir='ltr'><strong>stitueritis,</strong></span> <span class='ocrx_word' id='word_1_42' title='bbox 1186 833 1312 888; x_wconf 85' lang='lat' dir='ltr'><strong>date</strong></span> <span class='ocrx_word' id='word_1_43' title='bbox 1338 849 1562 904; x_wconf 82' lang='lat' dir='ltr'><strong>operam</strong></span> <span class='ocrx_word' id='word_1_44' title='bbox 1587 843 1649 889; x_wconf 92' lang='lat' dir='ltr'><strong>ut</strong></span> <span class='ocrx_word' id='word_1_45' title='bbox 1668 846 2056 906; x_wconf 73' lang='lat' dir='ltr'><strong>congruentem</strong></span> <span class='ocrx_word' id='word_1_46' title='bbox 2080 837 2238 892; x_wconf 82' lang='lat' dir='ltr'><strong>vobis</strong></span> <span class='ocrx_word' id='word_1_47' title='bbox 2259 837 2420 891; x_wconf 87' lang='lat' dir='ltr'><strong>mihi-</strong></span> 
     </span>
    </p>
   </div>
   <div class='ocr_carea' id='block_1_9' title="bbox 845 921 2415 1002">
    <p class='ocr_par' dir='ltr' id='par_1_9' title="bbox 845 921 2415 1002">
     <span class='ocr_line' id='line_1_9' title="bbox 845 921 2415 1002; baseline 0.003 -24"><span class='ocrx_word' id='word_1_48' title='bbox 845 939 953 994; x_wconf 90' lang='lat' dir='ltr'><strong>que</strong></span> <span class='ocrx_word' id='word_1_49' title='bbox 1001 923 1104 994; x_wconf 86' lang='lat' dir='ltr'><strong>ipsi</strong></span> <span class='ocrx_word' id='word_1_50' title='bbox 1163 925 1530 995; x_wconf 74' lang='lat' dir='ltr'><strong>gratissimam</strong></span> <span class='ocrx_word' id='word_1_51' title='bbox 1578 928 1926 1002; x_wconf 72' lang='lat' dir='ltr'><strong>concordiam</strong></span> <span class='ocrx_word' id='word_1_52' title='bbox 1975 937 2138 999; x_wconf 91' lang='lat' dir='ltr'><strong>atque</strong></span> <span class='ocrx_word' id='word_1_53' title='bbox 2190 921 2415 999; x_wconf 76' lang='lat' dir='ltr'><strong>paCem,</strong></span> 
     </span>
    </p>
   </div>
   <div class='ocr_carea' id='block_1_10' title="bbox 841 1016 2418 1091">
    <p class='ocr_par' dir='ltr' id='par_1_10' title="bbox 841 1016 2418 1091">
     <span class='ocr_line' id='line_1_10' title="bbox 841 1016 2418 1091; baseline 0.003 -21"><span class='ocrx_word' id='word_1_54' title='bbox 841 1018 998 1087; x_wconf 74' lang='lat' dir='ltr'><strong>juxta</strong></span> <span class='ocrx_word' id='word_1_55' title='bbox 1030 1016 1292 1072; x_wconf 77' lang='lat' dir='ltr'><strong>Ecclesia:</strong></span> <span class='ocrx_word' id='word_1_56' title='bbox 1314 1017 1508 1089; x_wconf 81' lang='lat' dir='ltr'><strong>legem,</strong></span> <span class='ocrx_word' id='word_1_57' title='bbox 1538 1027 1806 1090; x_wconf 83' lang='lat' dir='ltr'><strong>perpetuo</strong></span> <span class='ocrx_word' id='word_1_58' title='bbox 1849 1021 2206 1075; x_wconf 81' lang='lat' dir='ltr'><strong>conscrvetis.</strong></span> <span class='ocrx_word' id='word_1_59' title='bbox 2231 1020 2418 1091; x_wconf 86' lang='lat' dir='ltr'><strong>Neque</strong></span> 
     </span>
    </p>
   </div>
   <div class='ocr_carea' id='block_1_11' title="bbox 843 1107 2420 1176">
    <p class='ocr_par' dir='ltr' id='par_1_11' title="bbox 843 1107 2420 1176">
     <span class='ocr_line' id='line_1_11' title="bbox 843 1107 2420 1176; baseline 0.004 -15"><span class='ocrx_word' id='word_1_60' title='bbox 843 1107 993 1162; x_wconf 90' lang='lat' dir='ltr'><strong>enim</strong></span> <span class='ocrx_word' id='word_1_61' title='bbox 1033 1108 1236 1162; x_wconf 75' lang='lat' dir='ltr'><strong>rationi</strong></span> <span class='ocrx_word' id='word_1_62' title='bbox 1272 1118 1699 1165; x_wconf 75' lang='lat' dir='ltr'><strong>consentaneum</strong></span> <span class='ocrx_word' id='word_1_63' title='bbox 1743 1119 1850 1176; x_wconf 92' lang='lat' dir='ltr'><strong>est,</strong></span> <span class='ocrx_word' id='word_1_64' title='bbox 1879 1121 1940 1165; x_wconf 94' lang='lat' dir='ltr'><strong>ut</strong></span> <span class='ocrx_word' id='word_1_65' title='bbox 1983 1112 2091 1166; x_wconf 91' lang='lat' dir='ltr'><strong>ulla</strong></span> <span class='ocrx_word' id='word_1_66' title='bbox 2137 1112 2280 1166; x_wconf 88' lang='lat' dir='ltr'><strong>inter</strong></span> <span class='ocrx_word' id='word_1_67' title='bbox 2321 1129 2420 1168; x_wconf 88' lang='lat' dir='ltr'><strong>vos</strong></span> 
     </span>
    </p>
   </div>
   <div class='ocr_carea' id='block_1_12' title="bbox 843 1199 2418 1272">
    <p class='ocr_par' dir='ltr' id='par_1_12' title="bbox 843 1199 2418 1272">
     <span class='ocr_line' id='line_1_12' title="bbox 843 1199 2418 1272; baseline 0.001 -17"><span class='ocrx_word' id='word_1_68' title='bbox 843 1199 1117 1257; x_wconf 84' lang='lat' dir='ltr'><strong>dissensio</strong></span> <span class='ocrx_word' id='word_1_69' title='bbox 1142 1209 1238 1257; x_wconf 86' lang='lat' dir='ltr'><strong>aut</strong></span> <span class='ocrx_word' id='word_1_70' title='bbox 1263 1201 1462 1256; x_wconf 91' lang='lat' dir='ltr'><strong>seditio</strong></span> <span class='ocrx_word' id='word_1_71' title='bbox 1499 1203 1770 1258; x_wconf 78' lang='lat' dir='ltr'><strong>excitetur</strong></span> <span class='ocrx_word' id='word_1_72' title='bbox 1811 1202 2074 1258; x_wconf 86' lang='lat' dir='ltr'><strong>adversus</strong></span> <span class='ocrx_word' id='word_1_73' title='bbox 2111 1210 2418 1272; x_wconf 79' lang='lat' dir='ltr'><strong>temporum</strong></span> 
     </span>
    </p>
   </div>
   <div class='ocr_carea' id='block_1_13' title="bbox 855 1293 2418 1365">
    <p class='ocr_par' dir='ltr' id='par_1_13' title="bbox 855 1293 2418 1365">
     <span class='ocr_line' id='line_1_13' title="bbox 855 1293 2418 1365; baseline 0.001 -19"><span class='ocrx_word' id='word_1_74' title='bbox 855 1301 1171 1348; x_wconf 88' lang='lat' dir='ltr'><strong>nostrorum</strong></span> <span class='ocrx_word' id='word_1_75' title='bbox 1209 1293 1545 1349; x_wconf 80' lang='lat' dir='ltr'><strong>felicitatem.</strong></span> <span class='ocrx_word' id='word_1_76' title='bbox 1573 1294 1641 1350; x_wconf 84' lang='lat' dir='ltr'><strong>Et</strong></span> <span class='ocrx_word' id='word_1_77' title='bbox 1666 1295 1771 1350; x_wconf 90' lang='lat' dir='ltr'><strong>hoc</strong></span> <span class='ocrx_word' id='word_1_78' title='bbox 1793 1295 2014 1364; x_wconf 83' lang='lat' dir='ltr'><strong>quidem</strong></span> <span class='ocrx_word' id='word_1_79' title='bbox 2037 1295 2238 1349; x_wconf 90' lang='lat' dir='ltr'><strong>malum</strong></span> <span class='ocrx_word' id='word_1_80' title='bbox 2261 1295 2418 1365; x_wconf 84' lang='lat' dir='ltr'><strong>peni-</strong></span> 
     </span>
    </p>
   </div>
   <div class='ocr_carea' id='block_1_14' title="bbox 847 1383 2417 1454">
    <p class='ocr_par' dir='ltr' id='par_1_14' title="bbox 847 1383 2417 1454">
     <span class='ocr_line' id='line_1_14' title="bbox 847 1383 2417 1454; baseline 0.003 -19"><span class='ocrx_word' id='word_1_81' title='bbox 847 1389 936 1437; x_wconf 88' lang='lat' dir='ltr'><strong>tus</strong></span> <span class='ocrx_word' id='word_1_82' title='bbox 957 1398 988 1437; x_wconf 89' lang='lat' dir='ltr'><strong>a</strong></span> <span class='ocrx_word' id='word_1_83' title='bbox 1012 1383 1168 1439; x_wconf 86' lang='lat' dir='ltr'><strong>vobis</strong></span> <span class='ocrx_word' id='word_1_84' title='bbox 1193 1383 1384 1439; x_wconf 90' lang='lat' dir='ltr'><strong>abesse</strong></span> <span class='ocrx_word' id='word_1_85' title='bbox 1406 1385 1665 1439; x_wconf 86' lang='lat' dir='ltr'><strong>volumus</strong></span> <span class='ocrx_word' id='word_1_86' title='bbox 1687 1392 1744 1438; x_wconf 94' lang='lat' dir='ltr'><strong>ct</strong></span> <span class='ocrx_word' id='word_1_87' title='bbox 1765 1393 2036 1454; x_wconf 80' lang='lat' dir='ltr'><strong>optamus.</strong></span> <span class='ocrx_word' id='word_1_88' title='bbox 2062 1384 2133 1441; x_wconf 89' lang='lat' dir='ltr'><strong>Ut</strong></span> <span class='ocrx_word' id='word_1_89' title='bbox 2154 1393 2337 1440; x_wconf 86' lang='lat' dir='ltr'><strong>autem</strong></span> <span class='ocrx_word' id='word_1_90' title='bbox 2362 1385 2417 1440; x_wconf 93' lang='lat' dir='ltr'><strong>in</strong></span> 
     </span>
    </p>
   </div>
   <div class='ocr_carea' id='block_1_15' title="bbox 845 1475 2419 1548">
    <p class='ocr_par' dir='ltr' id='par_1_15' title="bbox 845 1475 2419 1548">
     <span class='ocr_line' id='line_1_15' title="bbox 845 1475 2419 1548; baseline 0.004 -22"><span class='ocrx_word' id='word_1_91' title='bbox 845 1475 1127 1529; x_wconf 77' lang='lat' dir='ltr'><strong>consuetis</strong></span> <span class='ocrx_word' id='word_1_92' title='bbox 1147 1475 1217 1530; x_wconf 86' lang='lat' dir='ltr'><strong>ad</strong></span> <span class='ocrx_word' id='word_1_93' title='bbox 1241 1475 1412 1530; x_wconf 88' lang='lat' dir='ltr'><strong>Deum</strong></span> <span class='ocrx_word' id='word_1_94' title='bbox 1447 1477 1862 1546; x_wconf 91' lang='lat' dir='ltr'><strong>precationibus</strong></span> <span class='ocrx_word' id='word_1_95' title='bbox 1905 1477 2124 1533; x_wconf 80' lang='lat' dir='ltr'><strong>assidue</strong></span> <span class='ocrx_word' id='word_1_96' title='bbox 2161 1493 2419 1548; x_wconf 81' lang='lat' dir='ltr'><strong>perseve-</strong></span> 
     </span>
    </p>
   </div>
   <div class='ocr_carea' id='block_1_16' title="bbox 845 1563 2420 1638">
    <p class='ocr_par' dir='ltr' id='par_1_16' title="bbox 845 1563 2420 1638">
     <span class='ocr_line' id='line_1_16' title="bbox 845 1563 2420 1638; baseline 0.005 -22"><span class='ocrx_word' id='word_1_97' title='bbox 845 1563 998 1630; x_wconf 83' lang='lat' dir='ltr'><strong>retis,</strong></span> <span class='ocrx_word' id='word_1_98' title='bbox 1023 1563 1117 1619; x_wconf 90' lang='lat' dir='ltr'><strong>illo</strong></span> <span class='ocrx_word' id='word_1_99' title='bbox 1156 1565 1402 1620; x_wconf 89' lang='lat' dir='ltr'><strong>antistite</strong></span> <span class='ocrx_word' id='word_1_100' title='bbox 1445 1574 1611 1636; x_wconf 89' lang='lat' dir='ltr'><strong>atque</strong></span> <span class='ocrx_word' id='word_1_101' title='bbox 1653 1567 1928 1636; x_wconf 87' lang='lat' dir='ltr'><strong>adjutorc,</strong></span> <span class='ocrx_word' id='word_1_102' title='bbox 1971 1567 2116 1623; x_wconf 90' lang='lat' dir='ltr'><strong>sicut</strong></span> <span class='ocrx_word' id='word_1_103' title='bbox 2163 1569 2420 1638; x_wconf 89' lang='lat' dir='ltr'><strong>superius</strong></span> 
     </span>
    </p>
   </div>
   <div class='ocr_carea' id='block_1_17' title="bbox 843 1656 2420 1730">
    <p class='ocr_par' dir='ltr' id='par_1_17' title="bbox 843 1656 2420 1730">
     <span class='ocr_line' id='line_1_17' title="bbox 843 1656 2420 1730; baseline 0.003 -20"><span class='ocrx_word' id='word_1_104' title='bbox 843 1656 1052 1711; x_wconf 87' lang='lat' dir='ltr'><strong>dictum</strong></span> <span class='ocrx_word' id='word_1_105' title='bbox 1086 1664 1192 1722; x_wconf 88' lang='lat' dir='ltr'><strong>est,</strong></span> <span class='ocrx_word' id='word_1_106' title='bbox 1239 1665 1484 1724; x_wconf 88' lang='lat' dir='ltr'><strong>utentes,</strong></span> <span class='ocrx_word' id='word_1_107' title='bbox 1532 1674 1634 1713; x_wconf 89' lang='lat' dir='ltr'><strong>vos</strong></span> <span class='ocrx_word' id='word_1_108' title='bbox 1679 1659 2006 1713; x_wconf 84' lang='lat' dir='ltr'><strong>hortamur:</strong></span> <span class='ocrx_word' id='word_1_109' title='bbox 2052 1675 2164 1730; x_wconf 89' lang='lat' dir='ltr'><strong>quo</strong></span> <span class='ocrx_word' id='word_1_110' title='bbox 2206 1661 2420 1716; x_wconf 89' lang='lat' dir='ltr'><strong>scilicet</strong></span> 
     </span>
    </p>
   </div>
   <div class='ocr_carea' id='block_1_18' title="bbox 847 1747 2420 1824">
    <p class='ocr_par' dir='ltr' id='par_1_18' title="bbox 847 1747 2420 1824">
     <span class='ocr_line' id='line_1_18' title="bbox 847 1747 2420 1824; baseline 0.005 -23"><span class='ocrx_word' id='word_1_111' title='bbox 847 1747 1159 1819; x_wconf 85' lang='lat' dir='ltr'><strong>lmjusmodi</strong></span> <span class='ocrx_word' id='word_1_112' title='bbox 1183 1749 1470 1824; x_wconf 85' lang='lat' dir='ltr'><strong>proposito</strong></span> <span class='ocrx_word' id='word_1_113' title='bbox 1492 1759 1679 1806; x_wconf 83' lang='lat' dir='ltr'><strong>vestro</strong></span> <span class='ocrx_word' id='word_1_114' title='bbox 1700 1751 1769 1808; x_wconf 87' lang='lat' dir='ltr'><strong>ad</strong></span> <span class='ocrx_word' id='word_1_115' title='bbox 1801 1752 2049 1808; x_wconf 90' lang='lat' dir='ltr'><strong>omnium</strong></span> <span class='ocrx_word' id='word_1_116' title='bbox 2088 1769 2252 1808; x_wconf 87' lang='lat' dir='ltr'><strong>aures</strong></span> <span class='ocrx_word' id='word_1_117' title='bbox 2296 1769 2420 1824; x_wconf 89' lang='lat' dir='ltr'><strong>per-</strong></span> 
     </span>
    </p>
   </div>
   <div class='ocr_carea' id='block_1_19' title="bbox 843 1837 2420 1910">
    <p class='ocr_par' dir='ltr' id='par_1_19' title="bbox 843 1837 2420 1910">
     <span class='ocr_line' id='line_1_19' title="bbox 843 1837 2420 1910; baseline 0.003 -18"><span class='ocrx_word' id='word_1_118' title='bbox 843 1837 976 1903; x_wconf 89' lang='lat' dir='ltr'><strong>lato,</strong></span> <span class='ocrx_word' id='word_1_119' title='bbox 1003 1837 1107 1908; x_wconf 87' lang='lat' dir='ltr'><strong>ipsi</strong></span> <span class='ocrx_word' id='word_1_120' title='bbox 1133 1839 1299 1894; x_wconf 88' lang='lat' dir='ltr'><strong>etiam</strong></span> <span class='ocrx_word' id='word_1_121' title='bbox 1321 1839 1554 1908; x_wconf 81' lang='lat' dir='ltr'><strong>gentiles</strong></span> <span class='ocrx_word' id='word_1_122' title='bbox 1576 1841 1669 1910; x_wconf 84' lang='lat' dir='ltr'><strong>qui</strong></span> <span class='ocrx_word' id='word_1_123' title='bbox 1695 1841 2111 1898; x_wconf 88' lang='lat' dir='ltr'><strong>simulacrorum</strong></span> <span class='ocrx_word' id='word_1_124' title='bbox 2137 1843 2311 1898; x_wconf 91' lang='lat' dir='ltr'><strong>cultui</strong></span> <span class='ocrx_word' id='word_1_125' title='bbox 2337 1851 2420 1898; x_wconf 87' lang='lat' dir='ltr'><strong>at-</strong></span> 
     </span>
    </p>
   </div>
   <div class='ocr_carea' id='block_1_20' title="bbox 2519 651 4088 725">
    <p class='ocr_par' dir='ltr' id='par_1_20' title="bbox 2519 651 4088 725">
     <span class='ocr_line' id='line_1_20' title="bbox 2519 651 4088 725; baseline 0 -17"><span class='ocrx_word' id='word_1_126' title='bbox 2519 653 2765 725; x_wconf 81' lang='grc' dir='ltr'>συνήθως</span> <span class='ocrx_word' id='word_1_127' title='bbox 2803 654 2900 708; x_wconf 82' lang='grc' dir='ltr'>καὶ</span> <span class='ocrx_word' id='word_1_128' title='bbox 2941 654 3331 725; x_wconf 73' lang='grc' dir='ltr'><strong>προσηκόντως</strong></span> <span class='ocrx_word' id='word_1_129' title='bbox 3377 651 3798 724; x_wconf 79' lang='grc' dir='ltr'><strong>ὑποδεξάμενοι,</strong></span> <span class='ocrx_word' id='word_1_130' title='bbox 3829 655 3924 708; x_wconf 78' lang='grc' dir='ltr'>καὶ</span> <span class='ocrx_word' id='word_1_131' title='bbox 3965 659 4088 718; x_wconf 87' lang='grc' dir='ltr'>ταῖς</span> 
     </span>
    </p>
   </div>
   <div class='ocr_carea' id='block_1_21' title="bbox 2519 741 4086 818">
    <p class='ocr_par' dir='ltr' id='par_1_21' title="bbox 2519 741 4086 818">
     <span class='ocr_line' id='line_1_21' title="bbox 2519 741 4086 818; baseline -0.001 -18"><span class='ocrx_word' id='word_1_132' title='bbox 2519 747 2657 818; x_wconf 78' lang='grc' dir='ltr'>πρὸς</span> <span class='ocrx_word' id='word_1_133' title='bbox 2683 747 2774 800; x_wconf 77' lang='grc' dir='ltr'>τὸν</span> <span class='ocrx_word' id='word_1_134' title='bbox 2818 747 2952 800; x_wconf 81' lang='grc' dir='ltr'>Θεὸν</span> <span class='ocrx_word' id='word_1_135' title='bbox 2994 747 3182 816; x_wconf 85' lang='grc' dir='ltr'>εὐχαῖς</span> <span class='ocrx_word' id='word_1_136' title='bbox 3231 741 3428 815; x_wconf 77' lang='grc' dir='ltr'>βοηθὸν</span> <span class='ocrx_word' id='word_1_137' title='bbox 3471 746 3939 816; x_wconf 79' lang='grc' dir='ltr'><strong>προστησάμενοι,</strong></span> <span class='ocrx_word' id='word_1_138' title='bbox 3986 747 4086 813; x_wconf 81' lang='grc' dir='ltr'>τὴν</span> 
     </span>
    </p>
   </div>
   <div class='ocr_carea' id='block_1_22' title="bbox 2519 834 4085 908">
    <p class='ocr_par' dir='ltr' id='par_1_22' title="bbox 2519 834 4085 908">
     <span class='ocr_line' id='line_1_22' title="bbox 2519 834 4085 908; baseline -0.001 -18"><span class='ocrx_word' id='word_1_139' title='bbox 2519 837 2650 907; x_wconf 79' lang='grc' dir='ltr'>ὑμῖν</span> <span class='ocrx_word' id='word_1_140' title='bbox 2677 854 2736 890; x_wconf 90' lang='grc' dir='ltr'><strong>τε</strong></span> <span class='ocrx_word' id='word_1_141' title='bbox 2771 837 3084 908; x_wconf 79' lang='grc' dir='ltr'>πρέπουσαν</span> <span class='ocrx_word' id='word_1_142' title='bbox 3117 836 3212 890; x_wconf 86' lang='grc' dir='ltr'>καὶ</span> <span class='ocrx_word' id='word_1_143' title='bbox 3255 836 3386 906; x_wconf 81' lang='grc' dir='ltr'>ἡμῖν</span> <span class='ocrx_word' id='word_1_144' title='bbox 3413 834 3648 906; x_wconf 82' lang='grc' dir='ltr'>ἀρεστὴν</span> <span class='ocrx_word' id='word_1_145' title='bbox 3694 834 3949 904; x_wconf 84' lang='grc' dir='ltr'>ὁμόνοιαν</span> <span class='ocrx_word' id='word_1_146' title='bbox 3989 837 4085 889; x_wconf 76' lang='grc' dir='ltr'><strong>καὶ</strong></span> 
     </span>
    </p>
   </div>
   <div class='ocr_carea' id='block_1_23' title="bbox 2518 925 4083 1000">
    <p class='ocr_par' dir='ltr' id='par_1_23' title="bbox 2518 925 4083 1000">
     <span class='ocr_line' id='line_1_23' title="bbox 2518 925 4083 1000; baseline 0 -20"><span class='ocrx_word' id='word_1_147' title='bbox 2518 929 2743 1000; x_wconf 80' lang='grc' dir='ltr'>εἰρήνην</span> <span class='ocrx_word' id='word_1_148' title='bbox 2785 931 2927 983; x_wconf 79' lang='grc' dir='ltr'>κατὰ</span> <span class='ocrx_word' id='word_1_149' title='bbox 2965 929 3058 982; x_wconf 71' lang='grc' dir='ltr'><strong>τὸν</strong></span> <span class='ocrx_word' id='word_1_150' title='bbox 3102 927 3202 1000; x_wconf 79' lang='grc' dir='ltr'>τῆς</span> <span class='ocrx_word' id='word_1_151' title='bbox 3261 927 3587 995; x_wconf 84' lang='grc' dir='ltr'>Ἐκκλησίας</span> <span class='ocrx_word' id='word_1_152' title='bbox 3629 925 3831 995; x_wconf 67' lang='grc' dir='ltr'>θεσμὸν</span> <span class='ocrx_word' id='word_1_153' title='bbox 3886 927 4083 998; x_wconf 81' lang='grc' dir='ltr'>διαρκῆ</span> 
     </span>
    </p>
   </div>
   <div class='ocr_carea' id='block_1_24' title="bbox 2519 1017 4084 1090">
    <p class='ocr_par' dir='ltr' id='par_1_24' title="bbox 2519 1017 4084 1090">
     <span class='ocr_line' id='line_1_24' title="bbox 2519 1017 4084 1090; baseline -0.001 -17"><span class='ocrx_word' id='word_1_154' title='bbox 2519 1019 2814 1089; x_wconf 79' lang='grc' dir='ltr'>φυλάττειν</span> <span class='ocrx_word' id='word_1_155' title='bbox 2842 1021 3202 1075; x_wconf 87' lang='grc' dir='ltr'>σπουδάσατε.</span> <span class='ocrx_word' id='word_1_156' title='bbox 3235 1019 3372 1073; x_wconf 82' lang='grc' dir='ltr'><strong>Οὐδὲ</strong></span> <span class='ocrx_word' id='word_1_157' title='bbox 3413 1020 3523 1090; x_wconf 83' lang='grc' dir='ltr'><strong>γάρ</strong></span> <span class='ocrx_word' id='word_1_158' title='bbox 3557 1017 3778 1087; x_wconf 81' lang='grc' dir='ltr'>εὔλογόν</span> <span class='ocrx_word' id='word_1_159' title='bbox 3818 1021 3968 1079; x_wconf 82' lang='grc' dir='ltr'>ἐστι.</span> <span class='ocrx_word' id='word_1_160' title='bbox 4008 1019 4084 1072; x_wconf 83' lang='grc' dir='ltr'>δι-</span> 
     </span>
    </p>
   </div>
   <div class='ocr_carea' id='block_1_25' title="bbox 2516 1109 4084 1181">
    <p class='ocr_par' dir='ltr' id='par_1_25' title="bbox 2516 1109 4084 1181">
     <span class='ocr_line' id='line_1_25' title="bbox 2516 1109 4084 1181; baseline -0.001 -19"><span class='ocrx_word' id='word_1_161' title='bbox 2516 1110 2732 1180; x_wconf 84' lang='grc' dir='ltr'>χόνοιάν</span> <span class='ocrx_word' id='word_1_162' title='bbox 2751 1111 2924 1180; x_wconf 88' lang='grc' dir='ltr'>τιναῆ</span> <span class='ocrx_word' id='word_1_163' title='bbox 2952 1111 3141 1164; x_wconf 82' lang='grc' dir='ltr'>στάσιν</span> <span class='ocrx_word' id='word_1_164' title='bbox 3173 1113 3230 1162; x_wconf 79' lang='grc' dir='ltr'>ἐν</span> <span class='ocrx_word' id='word_1_165' title='bbox 3253 1112 3382 1181; x_wconf 82' lang='grc' dir='ltr'>ὑμῖν</span> <span class='ocrx_word' id='word_1_166' title='bbox 3407 1109 3697 1180; x_wconf 78' lang='grc' dir='ltr'>κινηθῆναι</span> <span class='ocrx_word' id='word_1_167' title='bbox 3714 1151 3731 1171; x_wconf 85' lang='lat'><strong>,</strong></span> <span class='ocrx_word' id='word_1_168' title='bbox 3757 1109 4084 1163; x_wconf 83' lang='grc' dir='ltr'>ὑπεναντίαν</span> 
     </span>
    </p>
   </div>
   <div class='ocr_carea' id='block_1_26' title="bbox 2515 1198 4086 1273">
    <p class='ocr_par' dir='ltr' id='par_1_26' title="bbox 2515 1198 4086 1273">
     <span class='ocr_line' id='line_1_26' title="bbox 2515 1198 4086 1273; baseline -0.002 -19"><span class='ocrx_word' id='word_1_169' title='bbox 2515 1199 2616 1271; x_wconf 83' lang='grc' dir='ltr'>τῆς</span> <span class='ocrx_word' id='word_1_170' title='bbox 2635 1200 2744 1254; x_wconf 83' lang='grc' dir='ltr'><strong>τῶν</strong></span> <span class='ocrx_word' id='word_1_171' title='bbox 2771 1201 3054 1273; x_wconf 77' lang='grc' dir='ltr'>ἡμετέρων</span> <span class='ocrx_word' id='word_1_172' title='bbox 3083 1201 3290 1272; x_wconf 85' lang='grc' dir='ltr'>καιρῶν</span> <span class='ocrx_word' id='word_1_173' title='bbox 3321 1200 3630 1272; x_wconf 81' lang='grc' dir='ltr'>εὐμοιρίας.</span> <span class='ocrx_word' id='word_1_174' title='bbox 3661 1199 3772 1254; x_wconf 76' lang='grc' dir='ltr'><strong>Καὶ</strong></span> <span class='ocrx_word' id='word_1_175' title='bbox 3792 1198 3952 1253; x_wconf 80' lang='grc' dir='ltr'>τοῦτο</span> <span class='ocrx_word' id='word_1_176' title='bbox 3985 1198 4086 1270; x_wconf 84' lang='grc' dir='ltr'>μὲν</span> 
     </span>
    </p>
   </div>
   <div class='ocr_carea' id='block_1_27' title="bbox 2517 1287 4084 1360">
    <p class='ocr_par' dir='ltr' id='par_1_27' title="bbox 2517 1287 4084 1360">
     <span class='ocr_line' id='line_1_27' title="bbox 2517 1287 4084 1360; baseline -0.002 -17"><span class='ocrx_word' id='word_1_177' title='bbox 2517 1289 2737 1343; x_wconf 79' lang='grc' dir='ltr'>ἀπεῖναι</span> <span class='ocrx_word' id='word_1_178' title='bbox 2782 1289 2878 1357; x_wconf 76' lang='grc' dir='ltr'><strong>ἀφ’</strong></span> <span class='ocrx_word' id='word_1_179' title='bbox 2925 1288 3079 1360; x_wconf 85' lang='grc' dir='ltr'>ὑμῶν</span> <span class='ocrx_word' id='word_1_180' title='bbox 3130 1289 3411 1353; x_wconf 82' lang='grc' dir='ltr'>παντελῶς</span> <span class='ocrx_word' id='word_1_181' title='bbox 3461 1287 3786 1360; x_wconf 79' lang='grc' dir='ltr'><strong>βουλόμεθα.</strong></span> <span class='ocrx_word' id='word_1_182' title='bbox 3821 1288 3895 1340; x_wconf 79' lang='grc' dir='ltr'><strong>Τὸ</strong></span> <span class='ocrx_word' id='word_1_183' title='bbox 3927 1287 3982 1340; x_wconf 84' lang='grc' dir='ltr'><strong>δέ</strong></span> <span class='ocrx_word' id='word_1_184' title='bbox 4020 1303 4084 1356; x_wconf 86' lang='grc' dir='ltr'><strong>γε</strong></span> 
     </span>
    </p>
   </div>
   <div class='ocr_carea' id='block_1_28' title="bbox 2517 1379 4081 1451">
    <p class='ocr_par' dir='ltr' id='par_1_28' title="bbox 2517 1379 4081 1451">
     <span class='ocr_line' id='line_1_28' title="bbox 2517 1379 4081 1451; baseline -0.002 -19"><span class='ocrx_word' id='word_1_185' title='bbox 2517 1381 2640 1443; x_wconf 88' lang='grc' dir='ltr'>ταῖς</span> <span class='ocrx_word' id='word_1_186' title='bbox 2683 1379 2870 1449; x_wconf 80' lang='grc' dir='ltr'>εὐχαῖς</span> <span class='ocrx_word' id='word_1_187' title='bbox 2923 1380 3068 1451; x_wconf 82' lang='grc' dir='ltr'>ὑμᾶς</span> <span class='ocrx_word' id='word_1_188' title='bbox 3099 1379 3340 1451; x_wconf 83' lang='grc' dir='ltr'>διαρκῶς</span> <span class='ocrx_word' id='word_1_189' title='bbox 3383 1379 3564 1451; x_wconf 81' lang='grc' dir='ltr'>αὐτῷ,</span> <span class='ocrx_word' id='word_1_190' title='bbox 3611 1379 3688 1444; x_wconf 84' lang='grc' dir='ltr'><strong>ὡς</strong></span> <span class='ocrx_word' id='word_1_191' title='bbox 3740 1379 4081 1450; x_wconf 77' lang='grc' dir='ltr'>προείρηται,</span> 
     </span>
    </p>
   </div>
   <div class='ocr_carea' id='block_1_29' title="bbox 2519 1469 4084 1543">
    <p class='ocr_par' dir='ltr' id='par_1_29' title="bbox 2519 1469 4084 1543">
     <span class='ocr_line' id='line_1_29' title="bbox 2519 1469 4084 1543; baseline 0.001 -20"><span class='ocrx_word' id='word_1_192' title='bbox 2519 1471 2798 1543; x_wconf 83' lang='grc' dir='ltr'>προστάτῃ</span> <span class='ocrx_word' id='word_1_193' title='bbox 2841 1471 2938 1524; x_wconf 68' lang='grc' dir='ltr'><strong>καὶ⁵</strong></span> <span class='ocrx_word' id='word_1_194' title='bbox 2987 1469 3265 1542; x_wconf 80' lang='grc' dir='ltr'>έπικούρῳ</span> <span class='ocrx_word' id='word_1_195' title='bbox 3313 1471 3631 1542; x_wconf 78' lang='grc' dir='ltr'>χρωμένους</span> <span class='ocrx_word' id='word_1_196' title='bbox 3661 1471 3797 1542; x_wconf 81' lang='grc' dir='ltr'>πρὸς</span> <span class='ocrx_word' id='word_1_197' title='bbox 3842 1470 3903 1524; x_wconf 83' lang='grc' dir='ltr'>τὸ</span> <span class='ocrx_word' id='word_1_198' title='bbox 3931 1471 4084 1524; x_wconf 83' lang='grc' dir='ltr'>Θεῖον</span> 
     </span>
    </p>
   </div>
   <div class='ocr_carea' id='block_1_30' title="bbox 2517 1559 4084 1633">
    <p class='ocr_par' dir='ltr' id='par_1_30' title="bbox 2517 1559 4084 1633">
     <span class='ocr_line' id='line_1_30' title="bbox 2517 1559 4084 1633; baseline -0.001 -20"><span class='ocrx_word' id='word_1_199' title='bbox 2517 1561 2777 1632; x_wconf 73' lang='grc' dir='ltr'>ἐμμένειν</span> <span class='ocrx_word' id='word_1_200' title='bbox 2793 1600 2809 1625; x_wconf 89' lang='grc'><strong>,</strong></span> <span class='ocrx_word' id='word_1_201' title='bbox 2835 1559 3078 1633; x_wconf 81' lang='grc' dir='ltr'>συνήθως</span> <span class='ocrx_word' id='word_1_202' title='bbox 3097 1559 3471 1632; x_wconf 83' lang='grc' dir='ltr'>παραινοῦμεν</span> <span class='ocrx_word' id='word_1_203' title='bbox 3490 1577 3504 1591; x_wconf 91' lang='grc'><strong>·</strong></span> <span class='ocrx_word' id='word_1_204' title='bbox 3529 1559 3606 1624; x_wconf 86' lang='grc' dir='ltr'>ὡς</span> <span class='ocrx_word' id='word_1_205' title='bbox 3627 1559 3692 1614; x_wconf 83' lang='grc' dir='ltr'><strong>ἃν</strong></span> <span class='ocrx_word' id='word_1_206' title='bbox 3711 1563 3809 1630; x_wconf 85' lang='grc' dir='ltr'>τῆς</span> <span class='ocrx_word' id='word_1_207' title='bbox 3832 1559 4084 1629; x_wconf 82' lang='grc' dir='ltr'>τοιαύτης</span> 
     </span>
    </p>
   </div>
   <div class='ocr_carea' id='block_1_31' title="bbox 2519 1649 4084 1726">
    <p class='ocr_par' dir='ltr' id='par_1_31' title="bbox 2519 1649 4084 1726">
     <span class='ocr_line' id='line_1_31' title="bbox 2519 1649 4084 1726; baseline -0.004 -18"><span class='ocrx_word' id='word_1_208' title='bbox 2519 1653 2672 1725; x_wconf 81' lang='grc' dir='ltr'>ὑμῶν</span> <span class='ocrx_word' id='word_1_209' title='bbox 2699 1653 3009 1726; x_wconf 78' lang='grc' dir='ltr'>προθέσεως</span> <span class='ocrx_word' id='word_1_210' title='bbox 3041 1653 3122 1718; x_wconf 87' lang='grc' dir='ltr'><strong>είς</strong></span> <span class='ocrx_word' id='word_1_211' title='bbox 3164 1652 3264 1718; x_wconf 76' lang='grc' dir='ltr'>τὰς</span> <span class='ocrx_word' id='word_1_212' title='bbox 3296 1652 3552 1706; x_wconf 81' lang='grc' dir='ltr'>ἁπάντων</span> <span class='ocrx_word' id='word_1_213' title='bbox 3578 1651 3745 1722; x_wconf 83' lang='grc' dir='ltr'>εὐχὰς</span> <span class='ocrx_word' id='word_1_214' title='bbox 3777 1651 3890 1720; x_wconf 80' lang='lat'><strong>(69)</strong></span> <span class='ocrx_word' id='word_1_215' title='bbox 3919 1660 3946 1700; x_wconf 73' lang='grc' dir='ltr'>ι’</span> <span class='ocrx_word' id='word_1_216' title='bbox 3965 1649 4084 1702; x_wconf 87' lang='grc' dir='ltr'>δια-</span> 
     </span>
    </p>
   </div>
   <div class='ocr_carea' id='block_1_32' title="bbox 2517 1741 4080 1818">
    <p class='ocr_par' dir='ltr' id='par_1_32' title="bbox 2517 1741 4080 1818">
     <span class='ocr_line' id='line_1_32' title="bbox 2517 1741 4080 1818; baseline -0.003 -20"><span class='ocrx_word' id='word_1_217' title='bbox 2517 1745 2808 1818; x_wconf 75' lang='grc' dir='ltr'>ϐαινοὺσης</span> <span class='ocrx_word' id='word_1_218' title='bbox 2828 1785 2844 1810; x_wconf 84' lang='grc'><strong>,</strong></span> <span class='ocrx_word' id='word_1_219' title='bbox 2879 1745 2978 1801; x_wconf 72' lang='grc' dir='ltr'>καὶ</span> <span class='ocrx_word' id='word_1_220' title='bbox 3015 1747 3081 1801; x_wconf 81' lang='grc' dir='ltr'>ὲκ</span> <span class='ocrx_word' id='word_1_221' title='bbox 3119 1745 3230 1800; x_wconf 84' lang='grc' dir='ltr'><strong>τῶν</strong></span> <span class='ocrx_word' id='word_1_222' title='bbox 3274 1744 3446 1800; x_wconf 77' lang='grc' dir='ltr'>ἐθνῶν</span> <span class='ocrx_word' id='word_1_223' title='bbox 3488 1745 3540 1798; x_wconf 85' lang='grc' dir='ltr'>οἶ</span> <span class='ocrx_word' id='word_1_224' title='bbox 3585 1746 3652 1816; x_wconf 76' lang='grc' dir='ltr'>τῇ</span> <span class='ocrx_word' id='word_1_225' title='bbox 3699 1742 3808 1797; x_wconf 81' lang='grc' dir='ltr'><strong>τῶν</strong></span> <span class='ocrx_word' id='word_1_226' title='bbox 3846 1741 4080 1795; x_wconf 76' lang='grc' dir='ltr'>εἰδώλων</span> 
     </span>
    </p>
   </div>
   <div class='ocr_carea' id='block_1_33' title="bbox 2519 1836 4085 1913">
    <p class='ocr_par' dir='ltr' id='par_1_33' title="bbox 2519 1836 4085 1913">
     <span class='ocr_line' id='line_1_33' title="bbox 2519 1836 4085 1913; baseline -0.003 -21"><span class='ocrx_word' id='word_1_227' title='bbox 2519 1837 2697 1913; x_wconf 83' lang='grc' dir='ltr'>πλάνῃ</span> <span class='ocrx_word' id='word_1_228' title='bbox 2721 1838 2802 1893; x_wconf 83' lang='grc' dir='ltr'><strong>έτι</strong></span> <span class='ocrx_word' id='word_1_229' title='bbox 2829 1838 2924 1892; x_wconf 81' lang='grc' dir='ltr'>καὶ</span> <span class='ocrx_word' id='word_1_230' title='bbox 2951 1839 3048 1894; x_wconf 82' lang='grc' dir='ltr'>νῦν</span> <span class='ocrx_word' id='word_1_231' title='bbox 3071 1838 3458 1910; x_wconf 86' lang='grc' dir='ltr'>προανέχοντες</span> <span class='ocrx_word' id='word_1_232' title='bbox 3483 1847 3512 1888; x_wconf 71' lang='grc' dir='ltr'><strong>ιι</strong></span> <span class='ocrx_word' id='word_1_233' title='bbox 3528 1875 3544 1902; x_wconf 90' lang='grc'><strong>,</strong></span> <span class='ocrx_word' id='word_1_234' title='bbox 3573 1837 3668 1892; x_wconf 76' lang='grc' dir='ltr'><strong>ἐπὶ</strong></span> <span class='ocrx_word' id='word_1_235' title='bbox 3690 1837 3788 1908; x_wconf 89' lang='grc' dir='ltr'><strong>τήν</strong></span> <span class='ocrx_word' id='word_1_236' title='bbox 3811 1836 3909 1908; x_wconf 74' lang='grc' dir='ltr'>τῆς</span> <span class='ocrx_word' id='word_1_237' title='bbox 3933 1837 4085 1907; x_wconf 78' lang='grc' dir='ltr'>ἱερᾶς</span> 
     </span>
    </p>
   </div>
   <div class='ocr_carea' id='block_1_34' title="bbox 833 1908 2619 2003">
    <p class='ocr_par' dir='ltr' id='par_1_34' title="bbox 833 1908 2619 2002">
     <span class='ocr_line' id='line_1_34' title="bbox 833 1908 2619 2002; baseline 0 -19"><span class='ocrx_word' id='word_1_238' title='bbox 833 1943 950 1998; x_wconf 77' lang='lat' dir='ltr'><strong>quc</strong></span> <span class='ocrx_word' id='word_1_239' title='bbox 973 1930 1154 1984; x_wconf 87' lang='lat' dir='ltr'><strong>errori</strong></span> <span class='ocrx_word' id='word_1_240' title='bbox 1197 1929 1380 1986; x_wconf 90' lang='lat' dir='ltr'><strong>adhuc</strong></span> <span class='ocrx_word' id='word_1_241' title='bbox 1425 1939 1557 1986; x_wconf 90' lang='lat' dir='ltr'><strong>sunt</strong></span> <span class='ocrx_word' id='word_1_242' title='bbox 1581 1908 1898 2002; x_wconf 77' lang='lat' dir='ltr'><strong>mancipati,</strong></span> <span class='ocrx_word' id='word_1_243' title='bbox 1947 1931 2016 1988; x_wconf 89' lang='lat' dir='ltr'><strong>ad</strong></span> <span class='ocrx_word' id='word_1_244' title='bbox 2060 1940 2420 1988; x_wconf 77' lang='lat' dir='ltr'><strong>sacrosanctae</strong></span> <span class='ocrx_word' id='word_1_245' title='bbox 2452 1908 2494 1963; x_wconf 70' lang='grc' dir='ltr'><strong><em>Β</em></strong></span> <span class='ocrx_word' id='word_1_246' title='bbox 2519 1929 2619 2002; x_wconf 81' lang='grc' dir='ltr'><strong>θρη</strong></span> 
     </span>
    </p>
   </div>
   <div class='ocr_carea' id='block_1_35' title="bbox 2299 1908 4085 2003">
    <p class='ocr_par' dir='ltr' id='par_1_35' title="bbox 2299 1908 4085 2003">
     <span class='ocr_line' id='line_1_35' title="bbox 2299 1908 4085 2003; baseline -0.004 -16"><span class='ocrx_word' id='word_1_247' title='bbox 2299 1940 2420 1988; x_wconf 74' lang='lat' dir='ltr'><strong>Icta:</strong></span> <span class='ocrx_word' id='word_1_248' title='bbox 2452 1908 2494 1963; x_wconf 70' lang='grc' dir='ltr'><strong><em>Β</em></strong></span> <span class='ocrx_word' id='word_1_249' title='bbox 2519 1908 2816 2002; x_wconf 69' lang='grc' dir='ltr'>θρησκείας</span> <span class='ocrx_word' id='word_1_250' title='bbox 2844 1908 3142 2000; x_wconf 76' lang='grc' dir='ltr'>ἐπίγνωσιν</span> <span class='ocrx_word' id='word_1_251' title='bbox 3179 1908 3566 2003; x_wconf 83' lang='grc' dir='ltr'>προθυμότατα</span> <span class='ocrx_word' id='word_1_252' title='bbox 3599 1929 3901 1990; x_wconf 81' lang='grc' dir='ltr'>σπεύδοιεν,</span> <span class='ocrx_word' id='word_1_253' title='bbox 3932 1928 4085 1981; x_wconf 78' lang='grc' dir='ltr'>Ἀλε-</span> 
     </span>
    </p>
   </div>
   <div class='ocr_carea' id='block_1_36' title="bbox 845 2020 2420 2094">
    <p class='ocr_par' dir='ltr' id='par_1_36' title="bbox 845 2020 2420 2094">
     <span class='ocr_line' id='line_1_36' title="bbox 845 2020 2420 2094; baseline 0.003 -19"><span class='ocrx_word' id='word_1_254' title='bbox 845 2020 1126 2092; x_wconf 86' lang='lat' dir='ltr'><strong>religionis</strong></span> <span class='ocrx_word' id='word_1_255' title='bbox 1168 2021 1419 2077; x_wconf 85' lang='lat' dir='ltr'><strong>notitiam</strong></span> <span class='ocrx_word' id='word_1_256' title='bbox 1448 2024 1853 2094; x_wconf 90' lang='lat' dir='ltr'><strong>promptissime</strong></span> <span class='ocrx_word' id='word_1_257' title='bbox 1897 2025 2267 2090; x_wconf 86' lang='lat' dir='ltr'><strong>contendant,</strong></span> <span class='ocrx_word' id='word_1_258' title='bbox 2297 2025 2420 2080; x_wconf 90' lang='lat' dir='ltr'><strong>Alc-</strong></span> 
     </span>
    </p>
   </div>
   <div class='ocr_carea' id='block_1_37' title="bbox 843 2109 2419 2186">
    <p class='ocr_par' dir='ltr' id='par_1_37' title="bbox 843 2109 2419 2186">
     <span class='ocr_line' id='line_1_37' title="bbox 843 2109 2419 2186; baseline 0.003 -20"><span class='ocrx_word' id='word_1_259' title='bbox 843 2109 1095 2166; x_wconf 79' lang='lat' dir='ltr'><strong>xandrini</strong></span> <span class='ocrx_word' id='word_1_260' title='bbox 1130 2111 1440 2167; x_wconf 89' lang='lat' dir='ltr'><strong>charissimi</strong></span> <span class='ocrx_word' id='word_1_261' title='bbox 1481 2113 1665 2168; x_wconf 88' lang='lat' dir='ltr'><strong>nobis.</strong></span> <span class='ocrx_word' id='word_1_262' title='bbox 1695 2113 1898 2170; x_wconf 86' lang='lat' dir='ltr'><strong>lterum</strong></span> <span class='ocrx_word' id='word_1_263' title='bbox 1937 2132 2070 2186; x_wconf 80' lang='lat' dir='ltr'><strong>ergo</strong></span> <span class='ocrx_word' id='word_1_264' title='bbox 2105 2131 2204 2172; x_wconf 88' lang='lat' dir='ltr'><strong>vos</strong></span> <span class='ocrx_word' id='word_1_265' title='bbox 2236 2115 2419 2170; x_wconf 88' lang='lat' dir='ltr'><strong>horta-</strong></span> 
     </span>
    </p>
   </div>
   <div class='ocr_carea' id='block_1_38' title="bbox 843 2203 2418 2277">
    <p class='ocr_par' dir='ltr' id='par_1_38' title="bbox 843 2203 2418 2277">
     <span class='ocr_line' id='line_1_38' title="bbox 843 2203 2418 2277; baseline 0.003 -19"><span class='ocrx_word' id='word_1_266' title='bbox 843 2217 992 2268; x_wconf 87' lang='lat' dir='ltr'><strong>mur,</strong></span> <span class='ocrx_word' id='word_1_267' title='bbox 1031 2203 1169 2258; x_wconf 90' lang='lat' dir='ltr'><strong>utin</strong></span> <span class='ocrx_word' id='word_1_268' title='bbox 1200 2203 1268 2258; x_wconf 90' lang='lat' dir='ltr'><strong>iis</strong></span> <span class='ocrx_word' id='word_1_269' title='bbox 1302 2219 1424 2274; x_wconf 68' lang='lat' dir='ltr'><strong>quae</strong></span> <span class='ocrx_word' id='word_1_270' title='bbox 1459 2204 1699 2260; x_wconf 81' lang='lat' dir='ltr'><strong>diximus</strong></span> <span class='ocrx_word' id='word_1_271' title='bbox 1736 2206 2062 2276; x_wconf 87' lang='lat' dir='ltr'><strong>persistatis.</strong></span> <span class='ocrx_word' id='word_1_272' title='bbox 2089 2207 2418 2277; x_wconf 88' lang='lat' dir='ltr'><strong>Episcopum</strong></span> 
     </span>
    </p>
   </div>
   <div class='ocr_carea' id='block_1_39' title="bbox 841 2295 2418 2368">
    <p class='ocr_par' dir='ltr' id='par_1_39' title="bbox 841 2295 2418 2368">
     <span class='ocr_line' id='line_1_39' title="bbox 841 2295 2418 2368; baseline 0.004 -19"><span class='ocrx_word' id='word_1_273' title='bbox 841 2301 1028 2350; x_wconf 82' lang='lat' dir='ltr'><strong>autem</strong></span> <span class='ocrx_word' id='word_1_274' title='bbox 1050 2301 1318 2360; x_wconf 81' lang='lat' dir='ltr'><strong>vestrum,</strong></span> <span class='ocrx_word' id='word_1_275' title='bbox 1359 2295 1457 2350; x_wconf 89' lang='lat' dir='ltr'><strong>Dei</strong></span> <span class='ocrx_word' id='word_1_276' title='bbox 1484 2295 1712 2352; x_wconf 88' lang='lat' dir='ltr'><strong>decreto</strong></span> <span class='ocrx_word' id='word_1_277' title='bbox 1736 2307 2034 2368; x_wconf 86' lang='lat' dir='ltr'><strong>nostraque</strong></span> <span class='ocrx_word' id='word_1_278' title='bbox 2058 2299 2330 2354; x_wconf 88' lang='lat' dir='ltr'><strong>sententia</strong></span> <span class='ocrx_word' id='word_1_279' title='bbox 2351 2299 2418 2355; x_wconf 89' lang='lat' dir='ltr'><strong>ad</strong></span> 
     </span>
    </p>
   </div>
   <div class='ocr_carea' id='block_1_40' title="bbox 843 2384 2420 2460">
    <p class='ocr_par' dir='ltr' id='par_1_40' title="bbox 843 2384 2420 2460">
     <span class='ocr_line' id='line_1_40' title="bbox 843 2384 2420 2460; baseline 0.005 -21"><span class='ocrx_word' id='word_1_280' title='bbox 843 2401 946 2440; x_wconf 91' lang='lat' dir='ltr'><strong>vos</strong></span> <span class='ocrx_word' id='word_1_281' title='bbox 966 2384 1262 2452; x_wconf 87' lang='lat' dir='ltr'><strong>directum,</strong></span> <span class='ocrx_word' id='word_1_282' title='bbox 1287 2386 1527 2443; x_wconf 81' lang='lat' dir='ltr'><strong>libenter</strong></span> <span class='ocrx_word' id='word_1_283' title='bbox 1547 2390 1806 2460; x_wconf 81' lang='lat' dir='ltr'><strong>excipite,</strong></span> <span class='ocrx_word' id='word_1_284' title='bbox 1850 2397 1907 2445; x_wconf 89' lang='lat' dir='ltr'><strong>ct</strong></span> <span class='ocrx_word' id='word_1_285' title='bbox 1941 2389 2072 2445; x_wconf 89' lang='lat' dir='ltr'><strong>totis</strong></span> <span class='ocrx_word' id='word_1_286' title='bbox 2115 2389 2313 2447; x_wconf 88' lang='lat' dir='ltr'><strong>animis</strong></span> <span class='ocrx_word' id='word_1_287' title='bbox 2354 2405 2420 2447; x_wconf 90' lang='lat' dir='ltr'><strong>ac</strong></span> 
     </span>
    </p>
   </div>
   <div class='ocr_carea' id='block_1_41' title="bbox 842 2478 2417 2552">
    <p class='ocr_par' dir='ltr' id='par_1_41' title="bbox 842 2478 2417 2552">
     <span class='ocr_line' id='line_1_41' title="bbox 842 2478 2417 2552; baseline 0.004 -18"><span class='ocrx_word' id='word_1_288' title='bbox 842 2478 1102 2534; x_wconf 86' lang='lat' dir='ltr'><strong>sensibus</strong></span> <span class='ocrx_word' id='word_1_289' title='bbox 1163 2479 1368 2534; x_wconf 82' lang='lat' dir='ltr'><strong>vestris</strong></span> <span class='ocrx_word' id='word_1_290' title='bbox 1427 2482 1904 2552; x_wconf 86' lang='lat' dir='ltr'><strong>complectendqu</strong></span> <span class='ocrx_word' id='word_1_291' title='bbox 1953 2483 2290 2539; x_wconf 75' lang='lat' dir='ltr'><strong>existimate.</strong></span> <span class='ocrx_word' id='word_1_292' title='bbox 2359 2483 2417 2540; x_wconf 86' lang='lat' dir='ltr'><strong>1d</strong></span> 
     </span>
    </p>
   </div>
   <div class='ocr_carea' id='block_1_42' title="bbox 840 2569 2421 2638">
    <p class='ocr_par' dir='ltr' id='par_1_42' title="bbox 840 2569 2421 2638">
     <span class='ocr_line' id='line_1_42' title="bbox 840 2569 2421 2638; baseline 0.004 -13"><span class='ocrx_word' id='word_1_293' title='bbox 840 2569 992 2625; x_wconf 80' lang='lat' dir='ltr'><strong>enim</strong></span> <span class='ocrx_word' id='word_1_294' title='bbox 1026 2577 1082 2624; x_wconf 84' lang='lat' dir='ltr'><strong>et</strong></span> <span class='ocrx_word' id='word_1_295' title='bbox 1119 2569 1280 2624; x_wconf 80' lang='lat' dir='ltr'><strong>vobis</strong></span> <span class='ocrx_word' id='word_1_296' title='bbox 1316 2570 1601 2638; x_wconf 88' lang='lat' dir='ltr'><strong>decorum,</strong></span> <span class='ocrx_word' id='word_1_297' title='bbox 1630 2581 1688 2627; x_wconf 94' lang='lat' dir='ltr'><strong>ct</strong></span> <span class='ocrx_word' id='word_1_298' title='bbox 1717 2581 1918 2628; x_wconf 69' lang='lat' dir='ltr'><strong>nostrae</strong></span> <span class='ocrx_word' id='word_1_299' title='bbox 1951 2574 2256 2631; x_wconf 71' lang='lat' dir='ltr'><strong>clementia:</strong></span> <span class='ocrx_word' id='word_1_300' title='bbox 2290 2590 2421 2630; x_wconf 93' lang='lat' dir='ltr'><strong>con-</strong></span> 
     </span>
    </p>
   </div>
   <div class='ocr_carea' id='block_1_43' title="bbox 841 2663 2419 2733">
    <p class='ocr_par' dir='ltr' id='par_1_43' title="bbox 841 2663 2419 2733">
     <span class='ocr_line' id='line_1_43' title="bbox 841 2663 2419 2733; baseline 0.004 -17"><span class='ocrx_word' id='word_1_301' title='bbox 841 2677 1038 2733; x_wconf 84' lang='lat' dir='ltr'><strong>gruum</strong></span> <span class='ocrx_word' id='word_1_302' title='bbox 1066 2676 1188 2716; x_wconf 91' lang='lat' dir='ltr'><strong>esse</strong></span> <span class='ocrx_word' id='word_1_303' title='bbox 1227 2670 1461 2717; x_wconf 90' lang='lat' dir='ltr'><strong>constat.</strong></span> <span class='ocrx_word' id='word_1_304' title='bbox 1494 2663 1564 2720; x_wconf 91' lang='lat' dir='ltr'><strong>Ut</strong></span> <span class='ocrx_word' id='word_1_305' title='bbox 1596 2673 1780 2720; x_wconf 88' lang='lat' dir='ltr'><strong>autem</strong></span> <span class='ocrx_word' id='word_1_306' title='bbox 1811 2665 1991 2720; x_wconf 90' lang='lat' dir='ltr'><strong>omnis</strong></span> <span class='ocrx_word' id='word_1_307' title='bbox 2040 2667 2308 2722; x_wconf 88' lang='lat' dir='ltr'><strong>tumultus</strong></span> <span class='ocrx_word' id='word_1_308' title='bbox 2355 2682 2419 2722; x_wconf 86' lang='lat' dir='ltr'><strong>ac</strong></span> 
     </span>
    </p>
   </div>
   <div class='ocr_carea' id='block_1_44' title="bbox 842 2751 2420 2830">
    <p class='ocr_par' dir='ltr' id='par_1_44' title="bbox 842 2751 2420 2830">
     <span class='ocr_line' id='line_1_44' title="bbox 842 2751 2420 2830; baseline 0.004 -23"><span class='ocrx_word' id='word_1_309' title='bbox 842 2751 1132 2808; x_wconf 85' lang='lat' dir='ltr'><strong>seditionis</strong></span> <span class='ocrx_word' id='word_1_310' title='bbox 1151 2753 1369 2807; x_wconf 77' lang='lat' dir='ltr'><strong>occasio</strong></span> <span class='ocrx_word' id='word_1_311' title='bbox 1404 2755 1693 2810; x_wconf 86' lang='lat' dir='ltr'><strong>malevolis</strong></span> <span class='ocrx_word' id='word_1_312' title='bbox 1723 2756 1924 2812; x_wconf 89' lang='lat' dir='ltr'><strong>animis</strong></span> <span class='ocrx_word' id='word_1_313' title='bbox 1951 2756 2246 2822; x_wconf 84' lang='lat' dir='ltr'><strong>adimatur,</strong></span> <span class='ocrx_word' id='word_1_314' title='bbox 2272 2758 2420 2830; x_wconf 83' lang='lat' dir='ltr'><strong>judi-</strong></span> 
     </span>
    </p>
   </div>
   <div class='ocr_carea' id='block_1_45' title="bbox 843 2843 2416 2916">
    <p class='ocr_par' dir='ltr' id='par_1_45' title="bbox 843 2843 2416 2916">
     <span class='ocr_line' id='line_1_45' title="bbox 843 2843 2416 2916; baseline 0.003 -17"><span class='ocrx_word' id='word_1_315' title='bbox 843 2843 1006 2899; x_wconf 88' lang='lat' dir='ltr'><strong>cibus</strong></span> <span class='ocrx_word' id='word_1_316' title='bbox 1030 2843 1125 2914; x_wconf 87' lang='lat' dir='ltr'><strong>qui</strong></span> <span class='ocrx_word' id='word_1_317' title='bbox 1160 2843 1306 2912; x_wconf 88' lang='lat' dir='ltr'><strong>apud</strong></span> <span class='ocrx_word' id='word_1_318' title='bbox 1336 2860 1435 2900; x_wconf 85' lang='lat' dir='ltr'><strong>vos</strong></span> <span class='ocrx_word' id='word_1_319' title='bbox 1458 2853 1588 2901; x_wconf 90' lang='lat' dir='ltr'><strong>sunt</strong></span> <span class='ocrx_word' id='word_1_320' title='bbox 1622 2862 1720 2916; x_wconf 89' lang='lat' dir='ltr'><strong>per</strong></span> <span class='ocrx_word' id='word_1_321' title='bbox 1760 2847 1973 2902; x_wconf 85' lang='lat' dir='ltr'><strong>litteras</strong></span> <span class='ocrx_word' id='word_1_322' title='bbox 2017 2847 2416 2916; x_wconf 80' lang='lat' dir='ltr'><strong>mandavimus,</strong></span> 
     </span>
    </p>
   </div>
   <div class='ocr_carea' id='block_1_46' title="bbox 845 2937 2417 3010">
    <p class='ocr_par' dir='ltr' id='par_1_46' title="bbox 845 2937 2417 3010">
     <span class='ocr_line' id='line_1_46' title="bbox 845 2937 2417 3010; baseline 0.003 -18"><span class='ocrx_word' id='word_1_323' title='bbox 845 2942 912 2992; x_wconf 85' lang='lat' dir='ltr'><strong>ut</strong></span> <span class='ocrx_word' id='word_1_324' title='bbox 937 2947 1211 3007; x_wconf 91' lang='lat' dir='ltr'><strong>quotquot</strong></span> <span class='ocrx_word' id='word_1_325' title='bbox 1239 2937 1533 2993; x_wconf 88' lang='lat' dir='ltr'><strong>seditiosos</strong></span> <span class='ocrx_word' id='word_1_326' title='bbox 1555 2937 2044 3008; x_wconf 88' lang='lat' dir='ltr'><strong>deprehenderint,</strong></span> <span class='ocrx_word' id='word_1_327' title='bbox 2083 2939 2262 3010; x_wconf 82' lang='lat' dir='ltr'><strong>legum</strong></span> <span class='ocrx_word' id='word_1_328' title='bbox 2294 2941 2417 2998; x_wconf 84' lang='lat' dir='ltr'><strong>viu-</strong></span> 
     </span>
    </p>
   </div>
   <div class='ocr_carea' id='block_1_47' title="bbox 845 3027 2416 3102">
    <p class='ocr_par' dir='ltr' id='par_1_47' title="bbox 845 3027 2416 3102">
     <span class='ocr_line' id='line_1_47' title="bbox 845 3027 2416 3102; baseline 0.003 -21"><span class='ocrx_word' id='word_1_329' title='bbox 845 3027 1006 3084; x_wconf 65' lang='lat' dir='ltr'><strong>dictaa</strong></span> <span class='ocrx_word' id='word_1_330' title='bbox 1061 3030 1376 3102; x_wconf 84' lang='lat' dir='ltr'><strong>subjiciam.</strong></span> <span class='ocrx_word' id='word_1_331' title='bbox 1433 3029 1560 3085; x_wconf 63' lang='lat' dir='ltr'><strong>Haec</strong></span> <span class='ocrx_word' id='word_1_332' title='bbox 1608 3030 1776 3100; x_wconf 79' lang='lat' dir='ltr'><strong>igitur</strong></span> <span class='ocrx_word' id='word_1_333' title='bbox 1811 3029 1922 3084; x_wconf 88' lang='lat' dir='ltr'><strong>duo</strong></span> <span class='ocrx_word' id='word_1_334' title='bbox 1962 3031 2416 3102; x_wconf 91' lang='lat' dir='ltr'><strong>contemplantes,</strong></span> 
     </span>
    </p>
   </div>
   <div class='ocr_carea' id='block_1_48' title="bbox 846 3122 2417 3193">
    <p class='ocr_par' dir='ltr' id='par_1_48' title="bbox 846 3122 2417 3193">
     <span class='ocr_line' id='line_1_48' title="bbox 846 3122 2417 3193; baseline 0.003 -19"><span class='ocrx_word' id='word_1_335' title='bbox 846 3128 962 3175; x_wconf 91' lang='lat' dir='ltr'><strong>tum</strong></span> <span class='ocrx_word' id='word_1_336' title='bbox 991 3130 1233 3177; x_wconf 87' lang='lat' dir='ltr'><strong>nostram</strong></span> <span class='ocrx_word' id='word_1_337' title='bbox 1261 3122 1468 3193; x_wconf 84' lang='lat' dir='ltr'><strong>Deique</strong></span> <span class='ocrx_word' id='word_1_338' title='bbox 1500 3123 1852 3187; x_wconf 88' lang='lat' dir='ltr'><strong>sententiam,</strong></span> <span class='ocrx_word' id='word_1_339' title='bbox 1882 3130 1996 3177; x_wconf 93' lang='lat' dir='ltr'><strong>tum</strong></span> <span class='ocrx_word' id='word_1_340' title='bbox 2015 3139 2203 3178; x_wconf 90' lang='lat' dir='ltr'><strong>curam</strong></span> <span class='ocrx_word' id='word_1_341' title='bbox 2227 3125 2295 3180; x_wconf 89' lang='lat' dir='ltr'><strong>de</strong></span> <span class='ocrx_word' id='word_1_342' title='bbox 2317 3141 2417 3179; x_wconf 91' lang='lat' dir='ltr'><strong>vo-</strong></span> 
     </span>
    </p>
   </div>
   <div class='ocr_carea' id='block_1_49' title="bbox 847 3211 2418 3288">
    <p class='ocr_par' dir='ltr' id='par_1_49' title="bbox 847 3211 2418 3288">
     <span class='ocr_line' id='line_1_49' title="bbox 847 3211 2418 3288; baseline 0.003 -21"><span class='ocrx_word' id='word_1_343' title='bbox 847 3211 934 3268; x_wconf 89' lang='lat' dir='ltr'><strong>bis</strong></span> <span class='ocrx_word' id='word_1_344' title='bbox 959 3212 1138 3283; x_wconf 91' lang='lat' dir='ltr'><strong>deque</strong></span> <span class='ocrx_word' id='word_1_345' title='bbox 1166 3222 1347 3270; x_wconf 88' lang='lat' dir='ltr'><strong>vestra</strong></span> <span class='ocrx_word' id='word_1_346' title='bbox 1386 3213 1682 3269; x_wconf 87' lang='lat' dir='ltr'><strong>concordia</strong></span> <span class='ocrx_word' id='word_1_347' title='bbox 1722 3230 1753 3269; x_wconf 90' lang='lat' dir='ltr'><strong>a</strong></span> <span class='ocrx_word' id='word_1_348' title='bbox 1785 3215 1946 3271; x_wconf 90' lang='lat' dir='ltr'><strong>nobis</strong></span> <span class='ocrx_word' id='word_1_349' title='bbox 1985 3230 2320 3288; x_wconf 84' lang='lat' dir='ltr'><strong>susceptam,</strong></span> <span class='ocrx_word' id='word_1_350' title='bbox 2361 3225 2418 3272; x_wconf 90' lang='lat' dir='ltr'><strong>et</strong></span> 
     </span>
    </p>
   </div>
   <div class='ocr_carea' id='block_1_50' title="bbox 849 3303 2417 3374">
    <p class='ocr_par' dir='ltr' id='par_1_50' title="bbox 849 3303 2417 3374">
     <span class='ocr_line' id='line_1_50' title="bbox 849 3303 2417 3374; baseline 0.004 -22"><span class='ocrx_word' id='word_1_351' title='bbox 849 3317 1068 3372; x_wconf 59' lang='lat' dir='ltr'><strong>[umnam</strong></span> <span class='ocrx_word' id='word_1_352' title='bbox 1121 3303 1387 3358; x_wconf 83' lang='lat' dir='ltr'><strong>adversus</strong></span> <span class='ocrx_word' id='word_1_353' title='bbox 1425 3303 1806 3374; x_wconf 86' lang='lat' dir='ltr'><strong>immorigeros</strong></span> <span class='ocrx_word' id='word_1_354' title='bbox 1862 3305 2248 3372; x_wconf 89' lang='lat' dir='ltr'><strong>constitutam,</strong></span> <span class='ocrx_word' id='word_1_355' title='bbox 2290 3307 2417 3361; x_wconf 89' lang='lat' dir='ltr'><strong>date</strong></span> 
     </span>
    </p>
   </div>
   <div class='ocr_carea' id='block_1_51' title="bbox 847 3395 2416 3468">
    <p class='ocr_par' dir='ltr' id='par_1_51' title="bbox 847 3395 2416 3468">
     <span class='ocr_line' id='line_1_51' title="bbox 847 3395 2416 3468; baseline 0.003 -20"><span class='ocrx_word' id='word_1_356' title='bbox 847 3409 1070 3464; x_wconf 89' lang='lat' dir='ltr'><strong>operam</strong></span> <span class='ocrx_word' id='word_1_357' title='bbox 1116 3401 1178 3450; x_wconf 89' lang='lat' dir='ltr'><strong>ut</strong></span> <span class='ocrx_word' id='word_1_358' title='bbox 1210 3409 1550 3466; x_wconf 59' lang='lat' dir='ltr'><strong>quacunque</strong></span> <span class='ocrx_word' id='word_1_359' title='bbox 1590 3395 1972 3455; x_wconf 74' lang='lat' dir='ltr'><strong>sacratissima:</strong></span> <span class='ocrx_word' id='word_1_360' title='bbox 2011 3397 2292 3468; x_wconf 79' lang='lat' dir='ltr'><strong>religionis</strong></span> <span class='ocrx_word' id='word_1_361' title='bbox 2332 3398 2416 3452; x_wconf 92' lang='lat' dir='ltr'><strong>le-</strong></span> 
     </span>
    </p>
   </div>
   <div class='ocr_carea' id='block_1_52' title="bbox 847 3484 2420 3559">
    <p class='ocr_par' dir='ltr' id='par_1_52' title="bbox 847 3484 2420 3559">
     <span class='ocr_line' id='line_1_52' title="bbox 847 3484 2420 3559; baseline 0.003 -21"><span class='ocrx_word' id='word_1_362' title='bbox 847 3485 1006 3554; x_wconf 80' lang='lat' dir='ltr'><strong>gibus</strong></span> <span class='ocrx_word' id='word_1_363' title='bbox 1083 3486 1439 3550; x_wconf 80' lang='lat' dir='ltr'><strong>conveniunt,</strong></span> <span class='ocrx_word' id='word_1_364' title='bbox 1490 3484 1684 3540; x_wconf 89' lang='lat' dir='ltr'><strong>sedulo</strong></span> <span class='ocrx_word' id='word_1_365' title='bbox 1732 3488 2076 3554; x_wconf 88' lang='lat' dir='ltr'><strong>custodiatis,</strong></span> <span class='ocrx_word' id='word_1_366' title='bbox 2128 3497 2186 3544; x_wconf 90' lang='lat' dir='ltr'><strong>et</strong></span> <span class='ocrx_word' id='word_1_367' title='bbox 2223 3489 2420 3559; x_wconf 70' lang='lat' dir='ltr'><strong>praedi-</strong></span> 
     </span>
    </p>
   </div>
   <div class='ocr_carea' id='block_1_53' title="bbox 854 3577 2417 3652">
    <p class='ocr_par' dir='ltr' id='par_1_53' title="bbox 854 3577 2417 3652">
     <span class='ocr_line' id='line_1_53' title="bbox 854 3577 2417 3652; baseline 0.004 -22"><span class='ocrx_word' id='word_1_368' title='bbox 854 3585 1004 3631; x_wconf 89' lang='lat' dir='ltr'><strong>ctum</strong></span> <span class='ocrx_word' id='word_1_369' title='bbox 1033 3579 1356 3648; x_wconf 87' lang='lat' dir='ltr'><strong>episcopum</strong></span> <span class='ocrx_word' id='word_1_370' title='bbox 1384 3578 1532 3632; x_wconf 87' lang='lat' dir='ltr'><strong>omni</strong></span> <span class='ocrx_word' id='word_1_371' title='bbox 1566 3577 1773 3634; x_wconf 86' lang='lat' dir='ltr'><strong>honore</strong></span> <span class='ocrx_word' id='word_1_372' title='bbox 1805 3594 1868 3634; x_wconf 90' lang='lat' dir='ltr'><strong>ac</strong></span> <span class='ocrx_word' id='word_1_373' title='bbox 1894 3581 2202 3636; x_wconf 85' lang='lat' dir='ltr'><strong>reverentia</strong></span> <span class='ocrx_word' id='word_1_374' title='bbox 2229 3597 2417 3652; x_wconf 84' lang='lat' dir='ltr'><strong>prose-</strong></span> 
     </span>
    </p>
   </div>
   <div class='ocr_carea' id='block_1_54' title="bbox 847 3667 2413 3740">
    <p class='ocr_par' dir='ltr' id='par_1_54' title="bbox 847 3667 2413 3740">
     <span class='ocr_line' id='line_1_54' title="bbox 847 3667 2413 3740; baseline 0.002 -19"><span class='ocrx_word' id='word_1_375' title='bbox 847 3675 1101 3736; x_wconf 81' lang='lat' dir='ltr'><strong>quentes,</strong></span> <span class='ocrx_word' id='word_1_376' title='bbox 1151 3683 1256 3722; x_wconf 88' lang='lat' dir='ltr'><strong>una</strong></span> <span class='ocrx_word' id='word_1_377' title='bbox 1289 3682 1415 3722; x_wconf 90' lang='lat' dir='ltr'><strong>cum</strong></span> <span class='ocrx_word' id='word_1_378' title='bbox 1456 3667 1570 3732; x_wconf 88' lang='lat' dir='ltr'><strong>illo,</strong></span> <span class='ocrx_word' id='word_1_379' title='bbox 1627 3677 1740 3722; x_wconf 86' lang='lat' dir='ltr'><strong>tum</strong></span> <span class='ocrx_word' id='word_1_380' title='bbox 1776 3685 1877 3738; x_wconf 90' lang='lat' dir='ltr'><strong>pro</strong></span> <span class='ocrx_word' id='word_1_381' title='bbox 1914 3670 2073 3726; x_wconf 82' lang='lat' dir='ltr'><strong>vobis</strong></span> <span class='ocrx_word' id='word_1_382' title='bbox 2107 3670 2260 3740; x_wconf 89' lang='lat' dir='ltr'><strong>ipsis,</strong></span> <span class='ocrx_word' id='word_1_383' title='bbox 2299 3679 2413 3725; x_wconf 90' lang='lat' dir='ltr'><strong>tum</strong></span> 
     </span>
    </p>
   </div>
   <div class='ocr_carea' id='block_1_55' title="bbox 849 3760 2414 3832">
    <p class='ocr_par' dir='ltr' id='par_1_55' title="bbox 849 3760 2414 3832">
     <span class='ocr_line' id='line_1_55' title="bbox 849 3760 2414 3832; baseline 0.003 -19"><span class='ocrx_word' id='word_1_384' title='bbox 849 3775 951 3830; x_wconf 91' lang='lat' dir='ltr'><strong>pro</strong></span> <span class='ocrx_word' id='word_1_385' title='bbox 984 3760 1152 3815; x_wconf 86' lang='lat' dir='ltr'><strong>totius</strong></span> <span class='ocrx_word' id='word_1_386' title='bbox 1186 3761 1403 3832; x_wconf 82' lang='lat' dir='ltr'><strong>generis</strong></span> <span class='ocrx_word' id='word_1_387' title='bbox 1436 3761 1658 3816; x_wconf 86' lang='lat' dir='ltr'><strong>humani</strong></span> <span class='ocrx_word' id='word_1_388' title='bbox 1689 3761 2000 3832; x_wconf 89' lang='lat' dir='ltr'><strong>disciplina,</strong></span> <span class='ocrx_word' id='word_1_389' title='bbox 2031 3761 2414 3818; x_wconf 87' lang='lat' dir='ltr'><strong>universorum</strong></span> 
     </span>
    </p>
   </div>
   <div class='ocr_carea' id='block_1_56' title="bbox 850 3847 1746 3928">
    <p class='ocr_par' dir='ltr' id='par_1_56' title="bbox 850 3847 1746 3928">
     <span class='ocr_line' id='line_1_56' title="bbox 850 3847 1746 3928; baseline 0.004 -26"><span class='ocrx_word' id='word_1_390' title='bbox 850 3847 962 3904; x_wconf 82' lang='lat' dir='ltr'><strong>Deo</strong></span> <span class='ocrx_word' id='word_1_391' title='bbox 987 3865 1052 3905; x_wconf 90' lang='lat' dir='ltr'><strong>ac</strong></span> <span class='ocrx_word' id='word_1_392' title='bbox 1081 3849 1226 3906; x_wconf 90' lang='lat' dir='ltr'><strong>Patri</strong></span> <span class='ocrx_word' id='word_1_393' title='bbox 1265 3865 1458 3928; x_wconf 87' lang='lat' dir='ltr'><strong>preces</strong></span> <span class='ocrx_word' id='word_1_394' title='bbox 1481 3850 1746 3906; x_wconf 84' lang='lat' dir='ltr'><strong>oll&#39;eratis.</strong></span> 
     </span>
    </p>
   </div>
   <div class='ocr_carea' id='block_1_57' title="bbox 851 3957 2413 4104">
    <p class='ocr_par' dir='ltr' id='par_1_57' title="bbox 851 3957 2413 4104">
     <span class='ocr_line' id='line_1_57' title="bbox 851 3957 2413 4104; baseline 0.004 -90"><span class='ocrx_word' id='word_1_395' title='bbox 851 3957 1090 4032; x_wconf 77' lang='lat' dir='ltr'><strong>Epistola</strong></span> <span class='ocrx_word' id='word_1_396' title='bbox 1125 3961 1188 4016; x_wconf 84' lang='lat' dir='ltr'><strong>de</strong></span> <span class='ocrx_word' id='word_1_397' title='bbox 1219 3961 1488 4020; x_wconf 79' lang='lat' dir='ltr'><strong>abolendis</strong></span> <span class='ocrx_word' id='word_1_398' title='bbox 1515 3971 1862 4104; x_wconf 49' lang='grc' dir='ltr'>γᾶἓιξαὶριιινα</span> <span class='ocrx_word' id='word_1_399' title='bbox 1910 3962 2262 4019; x_wconf 76' lang='lat' dir='ltr'><strong>Athanasium</strong></span> <span class='ocrx_word' id='word_1_400' title='bbox 2291 3973 2413 4020; x_wconf 87' lang='lat' dir='ltr'><strong>acta</strong></span> 
     </span>
    </p>
   </div>
   <div class='ocr_carea' id='block_1_58' title="bbox 757 4119 2419 4196">
    <p class='ocr_par' dir='ltr' id='par_1_58' title="bbox 757 4119 2419 4196">
     <span class='ocr_line' id='line_1_58' title="bbox 757 4119 2419 4196; baseline 0.002 -20"><span class='ocrx_word' id='word_1_401' title='bbox 757 4189 764 4196; x_wconf 32' lang='grc' dir='ltr'><strong><em>ο</em></strong></span> <span class='ocrx_word' id='word_1_402' title='bbox 855 4119 1025 4176; x_wconf 75' lang='lat' dir='ltr'><strong>Victor</strong></span> <span class='ocrx_word' id='word_1_403' title='bbox 1067 4120 1440 4196; x_wconf 66' lang='lat' dir='ltr'><strong>constantius,</strong></span> <span class='ocrx_word' id='word_1_404' title='bbox 1483 4123 1768 4196; x_wconf 48' lang='lat' dir='ltr'><strong>Augustus,</strong></span> <span class='ocrx_word' id='word_1_405' title='bbox 1810 4123 2199 4196; x_wconf 20' lang='lat' dir='ltr'><strong>Nestoriotﬁt</strong></span> <span class='ocrx_word' id='word_1_406' title='bbox 2241 4126 2419 4180; x_wconf 74' lang='lat' dir='ltr'><strong>eodem</strong></span> 
     </span>
    </p>
   </div>
   <div class='ocr_carea' id='block_1_59' title="bbox 919 4193 2416 4317">
    <p class='ocr_par' dir='ltr' id='par_1_59' title="bbox 919 4193 2416 4317">
     <span class='ocr_line' id='line_1_59' title="bbox 921 4193 2416 4316; baseline 0.005 -73"><span class='ocrx_word' id='word_1_407' title='bbox 921 4193 1178 4316; x_wconf 47' lang='grc' dir='ltr'>εςὲἲψιο,</span> <span class='ocrx_word' id='word_1_408' title='bbox 1214 4193 1664 4266; x_wconf 71' lang='lat' dir='ltr'><strong>Augustamnicw,</strong></span> <span class='ocrx_word' id='word_1_409' title='bbox 1697 4193 1966 4248; x_wconf 82' lang='lat' dir='ltr'><strong>Thebaidis</strong></span> <span class='ocrx_word' id='word_1_410' title='bbox 2003 4203 2051 4248; x_wconf 86' lang='lat' dir='ltr'><strong>ct</strong></span> <span class='ocrx_word' id='word_1_411' title='bbox 2080 4194 2254 4266; x_wconf 81' lang='lat' dir='ltr'><strong>Libya:</strong></span> <span class='ocrx_word' id='word_1_412' title='bbox 2278 4213 2416 4268; x_wconf 78' lang='lat' dir='ltr'><strong>pra:-</strong></span> 
     </span>
     <span class='ocr_line' id='line_1_60' title="bbox 919 4277 1135 4317; baseline 0.005 -1"><span class='ocrx_word' id='word_1_413' title='bbox 919 4277 965 4316; x_wconf 74' lang='grc' dir='ltr'><strong>ει</strong></span> <span class='ocrx_word' id='word_1_414' title='bbox 1005 4279 1018 4314; x_wconf 82' lang='grc' dir='ltr'><strong>ι</strong></span> <span class='ocrx_word' id='word_1_415' title='bbox 1057 4280 1135 4317; x_wconf 87' lang='lat' dir='ltr'><strong>us.</strong></span> 
     </span>
    </p>
   </div>
   <div class='ocr_carea' id='block_1_60' title="bbox 924 4353 2420 4428">
    <p class='ocr_par' dir='ltr' id='par_1_60' title="bbox 924 4353 2420 4428">
     <span class='ocr_line' id='line_1_61' title="bbox 924 4353 2420 4428; baseline 0.003 -18"><span class='ocrx_word' id='word_1_416' title='bbox 924 4353 982 4410; x_wconf 87' lang='lat' dir='ltr'><strong>Si</strong></span> <span class='ocrx_word' id='word_1_417' title='bbox 1013 4355 1146 4426; x_wconf 83' lang='lat' dir='ltr'><strong>quid</strong></span> <span class='ocrx_word' id='word_1_418' title='bbox 1179 4356 1249 4412; x_wconf 88' lang='lat' dir='ltr'><strong>ad</strong></span> <span class='ocrx_word' id='word_1_419' title='bbox 1273 4372 1470 4413; x_wconf 77' lang='lat' dir='ltr'><strong>noxam</strong></span> <span class='ocrx_word' id='word_1_420' title='bbox 1501 4365 1559 4414; x_wconf 91' lang='lat' dir='ltr'><strong>ct</strong></span> <span class='ocrx_word' id='word_1_421' title='bbox 1591 4357 1978 4413; x_wconf 83' lang='lat' dir='ltr'><strong>contumeliam</strong></span> <span class='ocrx_word' id='word_1_422' title='bbox 2019 4371 2211 4413; x_wconf 87' lang='lat' dir='ltr'><strong>eorum</strong></span> <span class='ocrx_word' id='word_1_423' title='bbox 2259 4357 2420 4428; x_wconf 80' lang='lat'><strong>116</strong></span> 
     </span>
    </p>
   </div>
   <div class='ocr_carea' id='block_1_61' title="bbox 2521 2015 4086 2094">
    <p class='ocr_par' dir='ltr' id='par_1_61' title="bbox 2521 2015 4086 2094">
     <span class='ocr_line' id='line_1_62' title="bbox 2521 2015 4086 2094; baseline -0.001 -20"><span class='ocrx_word' id='word_1_424' title='bbox 2521 2020 2766 2092; x_wconf 81' lang='grc' dir='ltr'>ξανδρεῖς</span> <span class='ocrx_word' id='word_1_425' title='bbox 2809 2021 3284 2094; x_wconf 81' lang='grc' dir='ltr'>προσφιλέστατοι.</span> <span class='ocrx_word' id='word_1_426' title='bbox 3323 2021 3434 2076; x_wconf 71' lang='grc' dir='ltr'><strong>Καὶ</strong></span> <span class='ocrx_word' id='word_1_427' title='bbox 3465 2016 3620 2085; x_wconf 85' lang='grc' dir='ltr'>αὖθις</span> <span class='ocrx_word' id='word_1_428' title='bbox 3655 2015 3749 2074; x_wconf 76' lang='grc' dir='ltr'>οὖν</span> <span class='ocrx_word' id='word_1_429' title='bbox 3788 2019 4086 2092; x_wconf 82' lang='grc' dir='ltr'>παραινοῦ-</span> 
     </span>
    </p>
   </div>
   <div class='ocr_carea' id='block_1_62' title="bbox 2521 2112 4084 2187">
    <p class='ocr_par' dir='ltr' id='par_1_62' title="bbox 2521 2112 4084 2187">
     <span class='ocr_line' id='line_1_63' title="bbox 2521 2112 4084 2187; baseline -0.003 -19"><span class='ocrx_word' id='word_1_430' title='bbox 2521 2130 2621 2184; x_wconf 85' lang='grc' dir='ltr'><strong>μεν</strong></span> <span class='ocrx_word' id='word_1_431' title='bbox 2647 2117 2761 2178; x_wconf 58' lang='lat' dir='ltr'><strong>“rei;</strong></span> <span class='ocrx_word' id='word_1_432' title='bbox 2791 2114 3212 2187; x_wconf 82' lang='grc' dir='ltr'>προειρημένοις</span> <span class='ocrx_word' id='word_1_433' title='bbox 3233 2113 3512 2185; x_wconf 74' lang='grc' dir='ltr'>ἐμμένειν.</span> <span class='ocrx_word' id='word_1_434' title='bbox 3535 2113 3641 2166; x_wconf 71' lang='grc' dir='ltr'><strong>Τὸν</strong></span> <span class='ocrx_word' id='word_1_435' title='bbox 3665 2112 3724 2166; x_wconf 79' lang='grc' dir='ltr'>δὲ</span> <span class='ocrx_word' id='word_1_436' title='bbox 3749 2112 4049 2166; x_wconf 72' lang='grc' dir='ltr'>ἐπίσκοπον</span> <span class='ocrx_word' id='word_1_437' title='bbox 4066 2148 4084 2176; x_wconf 87' lang='grc'><strong>,</strong></span> 
     </span>
    </p>
   </div>
   <div class='ocr_carea' id='block_1_63' title="bbox 2515 2201 4189 2276">
    <p class='ocr_par' dir='ltr' id='par_1_63' title="bbox 2515 2201 4189 2276">
     <span class='ocr_line' id='line_1_64' title="bbox 2515 2201 4189 2276; baseline -0.001 -21"><span class='ocrx_word' id='word_1_438' title='bbox 2515 2202 2681 2274; x_wconf 79' lang='grc' dir='ltr'>ψήφῳ</span> <span class='ocrx_word' id='word_1_439' title='bbox 2722 2203 2818 2258; x_wconf 82' lang='grc' dir='ltr'>τοῦ</span> <span class='ocrx_word' id='word_1_440' title='bbox 2861 2203 3169 2276; x_wconf 84' lang='grc' dir='ltr'>κρείττονος</span> <span class='ocrx_word' id='word_1_441' title='bbox 3195 2204 3289 2259; x_wconf 79' lang='grc' dir='ltr'>καὶ</span> <span class='ocrx_word' id='word_1_442' title='bbox 3311 2205 3558 2276; x_wconf 75' lang='grc' dir='ltr'>ἡμετέρᾳ</span> <span class='ocrx_word' id='word_1_443' title='bbox 3589 2202 3783 2274; x_wconf 77' lang='grc' dir='ltr'>γνώμῃ</span> <span class='ocrx_word' id='word_1_444' title='bbox 3815 2201 4087 2256; x_wconf 83' lang='grc' dir='ltr'>άπεσταλ-</span> <span class='ocrx_word' id='word_1_445' title='bbox 4185 2243 4189 2248; x_wconf 93' lang='grc'><strong>.</strong></span> 
     </span>
    </p>
   </div>
   <div class='ocr_carea' id='block_1_64' title="bbox 2521 2293 4082 2368">
    <p class='ocr_par' dir='ltr' id='par_1_64' title="bbox 2521 2293 4082 2368">
     <span class='ocr_line' id='line_1_65' title="bbox 2521 2293 4082 2368; baseline -0.002 -18"><span class='ocrx_word' id='word_1_446' title='bbox 2521 2297 2680 2366; x_wconf 78' lang='grc' dir='ltr'>μένον</span> <span class='ocrx_word' id='word_1_447' title='bbox 2696 2337 2710 2358; x_wconf 88' lang='grc'><strong>,</strong></span> <span class='ocrx_word' id='word_1_448' title='bbox 2731 2295 2904 2366; x_wconf 81' lang='grc' dir='ltr'>ἡδέως</span> <span class='ocrx_word' id='word_1_449' title='bbox 2923 2295 3148 2360; x_wconf 83' lang='grc' dir='ltr'>δέξασθε</span> <span class='ocrx_word' id='word_1_450' title='bbox 3161 2334 3177 2359; x_wconf 87' lang='grc'><strong>,</strong></span> <span class='ocrx_word' id='word_1_451' title='bbox 3195 2296 3292 2350; x_wconf 73' lang='grc' dir='ltr'>καὶ</span> <span class='ocrx_word' id='word_1_452' title='bbox 3308 2296 3456 2368; x_wconf 81' lang='grc' dir='ltr'>πάσῃ</span> <span class='ocrx_word' id='word_1_453' title='bbox 3475 2295 3621 2366; x_wconf 76' lang='grc' dir='ltr'>ψυχῇ</span> <span class='ocrx_word' id='word_1_454' title='bbox 3643 2295 3739 2348; x_wconf 75' lang='grc' dir='ltr'>καὶ</span> <span class='ocrx_word' id='word_1_455' title='bbox 3753 2293 3949 2367; x_wconf 78' lang='grc' dir='ltr'>γνώμῃ</span> <span class='ocrx_word' id='word_1_456' title='bbox 3970 2293 4082 2365; x_wconf 83' lang='grc'><strong>(70)</strong></span> 
     </span>
    </p>
   </div>
   <div class='ocr_carea' id='block_1_65' title="bbox 2517 2386 4084 2460">
    <p class='ocr_par' dir='ltr' id='par_1_65' title="bbox 2517 2386 4084 2460">
     <span class='ocr_line' id='line_1_66' title="bbox 2517 2386 4084 2460; baseline -0.003 -18"><span class='ocrx_word' id='word_1_457' title='bbox 2517 2387 2796 2442; x_wconf 79' lang='grc' dir='ltr'>ἀσπαστὸν</span> <span class='ocrx_word' id='word_1_458' title='bbox 2837 2386 3142 2460; x_wconf 75' lang='grc' dir='ltr'>ἡγήσασθε.</span> <span class='ocrx_word' id='word_1_459' title='bbox 3177 2387 3348 2442; x_wconf 80' lang='grc' dir='ltr'>Τοῦτο</span> <span class='ocrx_word' id='word_1_460' title='bbox 3392 2387 3500 2459; x_wconf 84' lang='grc' dir='ltr'><strong>γάρ</strong></span> <span class='ocrx_word' id='word_1_461' title='bbox 3545 2387 3641 2440; x_wconf 81' lang='grc' dir='ltr'>καὶ</span> <span class='ocrx_word' id='word_1_462' title='bbox 3677 2387 3806 2457; x_wconf 81' lang='grc' dir='ltr'>ὑμῖν</span> <span class='ocrx_word' id='word_1_463' title='bbox 3845 2386 4084 2456; x_wconf 82' lang='grc' dir='ltr'>πρέπει,</span> 
     </span>
    </p>
   </div>
   <div class='ocr_carea' id='block_1_66' title="bbox 2519 2476 4082 2552">
    <p class='ocr_par' dir='ltr' id='par_1_66' title="bbox 2519 2476 4082 2552">
     <span class='ocr_line' id='line_1_67' title="bbox 2519 2476 4082 2552; baseline -0.004 -16"><span class='ocrx_word' id='word_1_464' title='bbox 2519 2481 2616 2536; x_wconf 78' lang='grc' dir='ltr'>καὶ</span> <span class='ocrx_word' id='word_1_465' title='bbox 2653 2481 2720 2551; x_wconf 79' lang='grc' dir='ltr'><strong>τῇ</strong></span> <span class='ocrx_word' id='word_1_466' title='bbox 2769 2479 3014 2552; x_wconf 78' lang='grc' dir='ltr'>ἡμετέρᾳ</span> <span class='ocrx_word' id='word_1_467' title='bbox 3062 2479 3330 2551; x_wconf 84' lang='grc' dir='ltr'>πραότητι</span> <span class='ocrx_word' id='word_1_468' title='bbox 3379 2480 3682 2550; x_wconf 86' lang='grc' dir='ltr'>προσήκειν</span> <span class='ocrx_word' id='word_1_469' title='bbox 3731 2476 4082 2546; x_wconf 72' lang='grc' dir='ltr'>συνέστηκεν.</span> 
     </span>
    </p>
   </div>
   <div class='ocr_carea' id='block_1_67' title="bbox 2533 2569 4086 2645">
    <p class='ocr_par' dir='ltr' id='par_1_67' title="bbox 2533 2569 4086 2645">
     <span class='ocr_line' id='line_1_68' title="bbox 2533 2569 4086 2645; baseline -0.003 -19"><span class='ocrx_word' id='word_1_470' title='bbox 2533 2572 2706 2643; x_wconf 77' lang='grc' dir='ltr'>’Υπὲρ</span> <span class='ocrx_word' id='word_1_471' title='bbox 2744 2573 2855 2644; x_wconf 79' lang='grc' dir='ltr'><strong>γὰρ</strong></span> <span class='ocrx_word' id='word_1_472' title='bbox 2899 2571 2996 2624; x_wconf 82' lang='grc' dir='ltr'>τοῦ</span> <span class='ocrx_word' id='word_1_473' title='bbox 3027 2572 3207 2626; x_wconf 81' lang='grc' dir='ltr'>πᾶσαν</span> <span class='ocrx_word' id='word_1_474' title='bbox 3229 2570 3498 2641; x_wconf 76' lang='grc' dir='ltr'>ἀνασοϐὴν</span> <span class='ocrx_word' id='word_1_475' title='bbox 3529 2570 3643 2645; x_wconf 70' lang='grc'><strong>(71)</strong></span> <span class='ocrx_word' id='word_1_476' title='bbox 3662 2609 3678 2634; x_wconf 88' lang='grc'><strong>,</strong></span> <span class='ocrx_word' id='word_1_477' title='bbox 3711 2569 3808 2624; x_wconf 77' lang='grc' dir='ltr'>καὶ</span> <span class='ocrx_word' id='word_1_478' title='bbox 3845 2569 4086 2633; x_wconf 89' lang='grc' dir='ltr'>στάσεως</span> 
     </span>
    </p>
   </div>
   <div class='ocr_carea' id='block_1_68' title="bbox 2520 2659 4082 2736">
    <p class='ocr_par' dir='ltr' id='par_1_68' title="bbox 2520 2659 4082 2736">
     <span class='ocr_line' id='line_1_69' title="bbox 2520 2659 4082 2736; baseline -0.005 -18"><span class='ocrx_word' id='word_1_479' title='bbox 2520 2665 2792 2736; x_wconf 77' lang='grc' dir='ltr'>πρόφασιν</span> <span class='ocrx_word' id='word_1_480' title='bbox 2818 2662 3232 2734; x_wconf 80' lang='grc' dir='ltr'>περιαιρεθῆναι</span> <span class='ocrx_word' id='word_1_481' title='bbox 3257 2661 3368 2716; x_wconf 85' lang='grc' dir='ltr'><strong>τῶν</strong></span> <span class='ocrx_word' id='word_1_482' title='bbox 3403 2661 3724 2734; x_wconf 78' lang='grc' dir='ltr'>ἑθελοκακίᾳ</span> <span class='ocrx_word' id='word_1_483' title='bbox 3753 2659 4082 2732; x_wconf 85' lang='grc' dir='ltr'>χρωμένων,</span> 
     </span>
    </p>
   </div>
   <div class='ocr_carea' id='block_1_69' title="bbox 2517 2749 4084 2824">
    <p class='ocr_par' dir='ltr' id='par_1_69' title="bbox 2517 2749 4084 2824">
     <span class='ocr_line' id='line_1_70' title="bbox 2517 2749 4084 2824; baseline -0.003 -18"><span class='ocrx_word' id='word_1_484' title='bbox 2517 2756 2628 2817; x_wconf 84' lang='grc' dir='ltr'>τοῖς</span> <span class='ocrx_word' id='word_1_485' title='bbox 2658 2753 2790 2824; x_wconf 79' lang='grc' dir='ltr'>παρ’</span> <span class='ocrx_word' id='word_1_486' title='bbox 2822 2753 2952 2824; x_wconf 83' lang='grc' dir='ltr'>ὑμῖν</span> <span class='ocrx_word' id='word_1_487' title='bbox 2981 2753 3266 2817; x_wconf 78' lang='grc' dir='ltr'>δικασταῖς</span> <span class='ocrx_word' id='word_1_488' title='bbox 3307 2751 3398 2805; x_wconf 82' lang='grc' dir='ltr'><strong>διὰ</strong></span> <span class='ocrx_word' id='word_1_489' title='bbox 3437 2752 3783 2823; x_wconf 86' lang='grc' dir='ltr'>γραμμάτων</span> <span class='ocrx_word' id='word_1_490' title='bbox 3815 2749 4084 2822; x_wconf 80' lang='grc' dir='ltr'>προσετά-</span> 
     </span>
    </p>
   </div>
   <div class='ocr_carea' id='block_1_70' title="bbox 2519 2844 4083 2917">
    <p class='ocr_par' dir='ltr' id='par_1_70' title="bbox 2519 2844 4083 2917">
     <span class='ocr_line' id='line_1_71' title="bbox 2519 2844 4083 2917; baseline -0.003 -19"><span class='ocrx_word' id='word_1_491' title='bbox 2519 2846 2692 2917; x_wconf 79' lang='grc' dir='ltr'>ξαμεν</span> <span class='ocrx_word' id='word_1_492' title='bbox 2711 2887 2726 2909; x_wconf 84' lang='grc'><strong>,</strong></span> <span class='ocrx_word' id='word_1_493' title='bbox 2757 2847 3002 2910; x_wconf 77' lang='grc' dir='ltr'>ἅπαντας</span> <span class='ocrx_word' id='word_1_494' title='bbox 3032 2845 3128 2910; x_wconf 86' lang='grc' dir='ltr'>οὓς</span> <span class='ocrx_word' id='word_1_495' title='bbox 3150 2847 3217 2900; x_wconf 83' lang='grc' dir='ltr'>ἂν</span> <span class='ocrx_word' id='word_1_496' title='bbox 3241 2845 3556 2910; x_wconf 84' lang='grc' dir='ltr'>στασιώδεις</span> <span class='ocrx_word' id='word_1_497' title='bbox 3586 2844 3956 2914; x_wconf 87' lang='grc' dir='ltr'>καταμάθοιεν</span> <span class='ocrx_word' id='word_1_498' title='bbox 3973 2883 3988 2906; x_wconf 89' lang='grc'><strong>,</strong></span> <span class='ocrx_word' id='word_1_499' title='bbox 4015 2845 4083 2913; x_wconf 82' lang='grc' dir='ltr'>τῇ</span> 
     </span>
    </p>
   </div>
   <div class='ocr_carea' id='block_1_71' title="bbox 2516 2935 4086 3010">
    <p class='ocr_par' dir='ltr' id='par_1_71' title="bbox 2516 2935 4086 3010">
     <span class='ocr_line' id='line_1_72' title="bbox 2516 2935 4086 3010; baseline -0.004 -16"><span class='ocrx_word' id='word_1_500' title='bbox 2516 2941 2625 2994; x_wconf 83' lang='grc' dir='ltr'><strong>τῶν</strong></span> <span class='ocrx_word' id='word_1_501' title='bbox 2685 2938 2867 3010; x_wconf 85' lang='grc' dir='ltr'>νόμων</span> <span class='ocrx_word' id='word_1_502' title='bbox 2907 2937 3238 2992; x_wconf 66' lang='grc' dir='ltr'><strong>¹ίόποϐάλλειν</strong></span> <span class='ocrx_word' id='word_1_503' title='bbox 3295 2937 3525 3010; x_wconf 75' lang='grc' dir='ltr'>ἐκδικίᾳ.</span> <span class='ocrx_word' id='word_1_504' title='bbox 3569 2937 3874 3008; x_wconf 77' lang='grc' dir='ltr'>’Λμφότερα</span> <span class='ocrx_word' id='word_1_505' title='bbox 3910 2935 4086 2988; x_wconf 78' lang='grc' dir='ltr'>τοίνυν</span> 
     </span>
    </p>
   </div>
   <div class='ocr_carea' id='block_1_72' title="bbox 2520 3028 4085 3102">
    <p class='ocr_par' dir='ltr' id='par_1_72' title="bbox 2520 3028 4085 3102">
     <span class='ocr_line' id='line_1_73' title="bbox 2520 3028 4085 3102; baseline -0.004 -18"><span class='ocrx_word' id='word_1_506' title='bbox 2520 3031 2888 3102; x_wconf 71' lang='grc' dir='ltr'>συνορῶντες,</span> <span class='ocrx_word' id='word_1_507' title='bbox 2913 3031 3008 3086; x_wconf 80' lang='grc' dir='ltr'>καὶ</span> <span class='ocrx_word' id='word_1_508' title='bbox 3039 3030 3138 3102; x_wconf 76' lang='grc' dir='ltr'><strong>τὴν</strong></span> <span class='ocrx_word' id='word_1_509' title='bbox 3168 3030 3445 3100; x_wconf 84' lang='grc' dir='ltr'>ἡμετέραν</span> <span class='ocrx_word' id='word_1_510' title='bbox 3471 3029 3610 3101; x_wconf 84' lang='grc' dir='ltr'>μετὰ</span> <span class='ocrx_word' id='word_1_511' title='bbox 3632 3028 3728 3082; x_wconf 82' lang='grc' dir='ltr'><strong>τοῦ</strong></span> <span class='ocrx_word' id='word_1_512' title='bbox 3775 3028 4085 3101; x_wconf 84' lang='grc' dir='ltr'>κρείττονος</span> 
     </span>
    </p>
   </div>
   <div class='ocr_carea' id='block_1_73' title="bbox 2517 3119 4082 3193">
    <p class='ocr_par' dir='ltr' id='par_1_73' title="bbox 2517 3119 4082 3193">
     <span class='ocr_line' id='line_1_74' title="bbox 2517 3119 4082 3193; baseline -0.003 -19"><span class='ocrx_word' id='word_1_513' title='bbox 2517 3121 2746 3193; x_wconf 79' lang='grc' dir='ltr'>γνώμην</span> <span class='ocrx_word' id='word_1_514' title='bbox 2763 3163 2778 3188; x_wconf 92' lang='grc'><strong>,</strong></span> <span class='ocrx_word' id='word_1_515' title='bbox 2810 3121 3016 3176; x_wconf 76' lang='grc' dir='ltr'>καὶτὸν</span> <span class='ocrx_word' id='word_1_516' title='bbox 3038 3121 3180 3193; x_wconf 82' lang='grc' dir='ltr'>ὑπὲρ</span> <span class='ocrx_word' id='word_1_517' title='bbox 3207 3122 3236 3174; x_wconf 85' lang='grc' dir='ltr'>ὑ</span> <span class='ocrx_word' id='word_1_518' title='bbox 3245 3121 3360 3191; x_wconf 86' lang='grc' dir='ltr'>μῶν</span> <span class='ocrx_word' id='word_1_519' title='bbox 3382 3122 3477 3174; x_wconf 70' lang='grc' dir='ltr'>καὶ</span> <span class='ocrx_word' id='word_1_520' title='bbox 3497 3121 3595 3192; x_wconf 84' lang='grc' dir='ltr'>τῆς</span> <span class='ocrx_word' id='word_1_521' title='bbox 3623 3119 3874 3192; x_wconf 77' lang='grc' dir='ltr'>ὁμονοίας</span> <span class='ocrx_word' id='word_1_522' title='bbox 3901 3119 4082 3187; x_wconf 82' lang='grc' dir='ltr'>λόγον,</span> 
     </span>
    </p>
   </div>
   <div class='ocr_carea' id='block_1_74' title="bbox 2519 3211 4086 3287">
    <p class='ocr_par' dir='ltr' id='par_1_74' title="bbox 2519 3211 4086 3287">
     <span class='ocr_line' id='line_1_75' title="bbox 2519 3211 4086 3287; baseline -0.003 -19"><span class='ocrx_word' id='word_1_523' title='bbox 2519 3215 2615 3270; x_wconf 72' lang='grc' dir='ltr'>καὶ</span> <span class='ocrx_word' id='word_1_524' title='bbox 2641 3215 2742 3287; x_wconf 81' lang='grc' dir='ltr'>τὴν</span> <span class='ocrx_word' id='word_1_525' title='bbox 2782 3213 2892 3268; x_wconf 84' lang='grc' dir='ltr'><strong>τῶν</strong></span> <span class='ocrx_word' id='word_1_526' title='bbox 2928 3213 3180 3268; x_wconf 79' lang='grc' dir='ltr'>ἀτάκτων</span> <span class='ocrx_word' id='word_1_527' title='bbox 3224 3213 3528 3285; x_wconf 83' lang='grc' dir='ltr'>τιμωρίαν,</span> <span class='ocrx_word' id='word_1_528' title='bbox 3560 3213 3630 3265; x_wconf 84' lang='grc' dir='ltr'><strong>τά</strong></span> <span class='ocrx_word' id='word_1_529' title='bbox 3672 3211 3954 3282; x_wconf 85' lang='grc' dir='ltr'>πρέποντα</span> <span class='ocrx_word' id='word_1_530' title='bbox 3991 3211 4086 3264; x_wconf 77' lang='grc' dir='ltr'><strong>καὶ</strong></span> 
     </span>
    </p>
   </div>
   <div class='ocr_carea' id='block_1_75' title="bbox 2521 3300 4088 3375">
    <p class='ocr_par' dir='ltr' id='par_1_75' title="bbox 2521 3300 4088 3375">
     <span class='ocr_line' id='line_1_76' title="bbox 2521 3300 4088 3375; baseline -0.003 -17"><span class='ocrx_word' id='word_1_531' title='bbox 2521 3303 2830 3375; x_wconf 79' lang='grc' dir='ltr'>ἁρμόζοντα</span> <span class='ocrx_word' id='word_1_532' title='bbox 2853 3301 2932 3374; x_wconf 82' lang='grc' dir='ltr'><strong>τῷ</strong></span> <span class='ocrx_word' id='word_1_533' title='bbox 2957 3303 3057 3372; x_wconf 77' lang='grc' dir='ltr'>τῆς</span> <span class='ocrx_word' id='word_1_534' title='bbox 3082 3303 3233 3374; x_wconf 74' lang='grc' dir='ltr'>ἱερᾶς</span> <span class='ocrx_word' id='word_1_535' title='bbox 3265 3302 3561 3373; x_wconf 79' lang='grc' dir='ltr'>θρησκείας</span> <span class='ocrx_word' id='word_1_536' title='bbox 3589 3301 3775 3372; x_wconf 87' lang='grc' dir='ltr'>θεσμῷ</span> <span class='ocrx_word' id='word_1_537' title='bbox 3795 3300 4088 3369; x_wconf 67' lang='grc' dir='ltr'>διαφυλάτρ</span> 
     </span>
    </p>
   </div>
   <div class='ocr_carea' id='block_1_76' title="bbox 2516 3390 4086 3464">
    <p class='ocr_par' dir='ltr' id='par_1_76' title="bbox 2516 3390 4086 3464">
     <span class='ocr_line' id='line_1_77' title="bbox 2516 3390 4086 3464; baseline -0.001 -18"><span class='ocrx_word' id='word_1_538' title='bbox 2516 3411 2733 3458; x_wconf 87' lang='grc' dir='ltr'>τοντες,</span> <span class='ocrx_word' id='word_1_539' title='bbox 2765 3393 2977 3448; x_wconf 75' lang='grc' dir='ltr'>καὶτὸν</span> <span class='ocrx_word' id='word_1_540' title='bbox 3013 3393 3414 3464; x_wconf 85' lang='grc' dir='ltr'>προειρημένον</span> <span class='ocrx_word' id='word_1_541' title='bbox 3439 3393 3526 3446; x_wconf 82' lang='grc' dir='ltr'>διὰ</span> <span class='ocrx_word' id='word_1_542' title='bbox 3565 3392 3748 3463; x_wconf 83' lang='grc' dir='ltr'>πάσης</span> <span class='ocrx_word' id='word_1_543' title='bbox 3775 3390 3959 3455; x_wconf 80' lang='grc' dir='ltr'>αἰδοῦς</span> <span class='ocrx_word' id='word_1_544' title='bbox 3991 3392 4086 3445; x_wconf 74' lang='grc' dir='ltr'>καὶ</span> 
     </span>
    </p>
   </div>
   <div class='ocr_carea' id='block_1_77' title="bbox 2515 3483 4084 3556">
    <p class='ocr_par' dir='ltr' id='par_1_77' title="bbox 2515 3483 4084 3556">
     <span class='ocr_line' id='line_1_78' title="bbox 2515 3483 4084 3556; baseline -0.002 -18"><span class='ocrx_word' id='word_1_545' title='bbox 2515 3485 2684 3556; x_wconf 82' lang='grc' dir='ltr'>τιμῆς</span> <span class='ocrx_word' id='word_1_546' title='bbox 2729 3485 2988 3554; x_wconf 81' lang='grc' dir='ltr'>ἄγοντες,</span> <span class='ocrx_word' id='word_1_547' title='bbox 3021 3483 3122 3548; x_wconf 81' lang='grc' dir='ltr'><strong>τὰς</strong></span> <span class='ocrx_word' id='word_1_548' title='bbox 3159 3485 3325 3555; x_wconf 86' lang='grc' dir='ltr'>εὐχάς</span> <span class='ocrx_word' id='word_1_549' title='bbox 3356 3483 3473 3554; x_wconf 80' lang='grc' dir='ltr'><strong>άμα</strong></span> <span class='ocrx_word' id='word_1_550' title='bbox 3516 3483 3665 3555; x_wconf 81' lang='grc' dir='ltr'>αὐτῷ</span> <span class='ocrx_word' id='word_1_551' title='bbox 3693 3483 3836 3554; x_wconf 80' lang='grc' dir='ltr'>ὑπέρ</span> <span class='ocrx_word' id='word_1_552' title='bbox 3874 3500 3932 3536; x_wconf 89' lang='grc' dir='ltr'><strong>τε</strong></span> <span class='ocrx_word' id='word_1_553' title='bbox 3957 3484 4084 3536; x_wconf 81' lang='grc' dir='ltr'>ἑαυ-</span> 
     </span>
    </p>
   </div>
   <div class='ocr_carea' id='block_1_78' title="bbox 2514 3575 4087 3647">
    <p class='ocr_par' dir='ltr' id='par_1_78' title="bbox 2514 3575 4087 3647">
     <span class='ocr_line' id='line_1_79' title="bbox 2514 3575 4087 3647; baseline -0.002 -16"><span class='ocrx_word' id='word_1_554' title='bbox 2514 3576 2625 3632; x_wconf 87' lang='grc' dir='ltr'>τῶν</span> <span class='ocrx_word' id='word_1_555' title='bbox 2650 3577 2744 3632; x_wconf 76' lang='grc' dir='ltr'>καὶ</span> <span class='ocrx_word' id='word_1_556' title='bbox 2766 3576 2868 3647; x_wconf 84' lang='grc' dir='ltr'>τῆς</span> <span class='ocrx_word' id='word_1_557' title='bbox 2893 3575 2988 3630; x_wconf 75' lang='grc' dir='ltr'><strong>τοῦ</strong></span> <span class='ocrx_word' id='word_1_558' title='bbox 3014 3575 3129 3646; x_wconf 84' lang='grc' dir='ltr'>βίου</span> <span class='ocrx_word' id='word_1_559' title='bbox 3163 3575 3366 3640; x_wconf 81' lang='grc' dir='ltr'>παντὸς</span> <span class='ocrx_word' id='word_1_560' title='bbox 3397 3575 3656 3646; x_wconf 81' lang='grc' dir='ltr'>εὐνομίας</span> <span class='ocrx_word' id='word_1_561' title='bbox 3691 3575 3772 3647; x_wconf 81' lang='grc' dir='ltr'><strong>τῷ</strong></span> <span class='ocrx_word' id='word_1_562' title='bbox 3813 3575 3923 3628; x_wconf 82' lang='grc' dir='ltr'>τῶν</span> <span class='ocrx_word' id='word_1_563' title='bbox 3948 3575 4087 3630; x_wconf 86' lang='grc' dir='ltr'>ὅλων</span> 
     </span>
    </p>
   </div>
   <div class='ocr_carea' id='block_1_79' title="bbox 2519 3668 3602 3742">
    <p class='ocr_par' dir='ltr' id='par_1_79' title="bbox 2519 3668 3602 3742">
     <span class='ocr_line' id='line_1_80' title="bbox 2519 3668 3602 3742; baseline 0.001 -17"><span class='ocrx_word' id='word_1_564' title='bbox 2519 3669 2696 3742; x_wconf 74' lang='grc' dir='ltr'>Πατρὶ</span> <span class='ocrx_word' id='word_1_565' title='bbox 2726 3668 2847 3742; x_wconf 83' lang='grc' dir='ltr'>Θεῷ</span> <span class='ocrx_word' id='word_1_566' title='bbox 2875 3669 3222 3740; x_wconf 80' lang='grc' dir='ltr'>ἀναπέμπειν</span> <span class='ocrx_word' id='word_1_567' title='bbox 3252 3668 3602 3734; x_wconf 81' lang='grc' dir='ltr'>σπουδάζετε.</span> 
     </span>
    </p>
   </div>
   <div class='ocr_carea' id='block_1_80' title="bbox 2531 3959 4082 4030">
    <p class='ocr_par' dir='ltr' id='par_1_80' title="bbox 2531 3959 4082 4030">
     <span class='ocr_line' id='line_1_81' title="bbox 2531 3959 4082 4030; baseline -0.003 -14"><span class='ocrx_word' id='word_1_568' title='bbox 2531 3960 2848 4030; x_wconf 77' lang='grc' dir='ltr'>Ἐπιστολὴ</span> <span class='ocrx_word' id='word_1_569' title='bbox 2884 3970 2906 4001; x_wconf 73' lang='grc' dir='ltr'><strong>τ</strong></span> <span class='ocrx_word' id='word_1_570' title='bbox 2932 3960 3067 4030; x_wconf 76' lang='grc' dir='ltr'>περὶ</span> <span class='ocrx_word' id='word_1_571' title='bbox 3091 3961 3197 4015; x_wconf 82' lang='grc' dir='ltr'>τοῦ</span> <span class='ocrx_word' id='word_1_572' title='bbox 3221 3959 3629 4030; x_wconf 59' lang='grc' dir='ltr'>ἀφανισθῆναι</span> <span class='ocrx_word' id='word_1_573' title='bbox 3652 3959 3722 4014; x_wconf 84' lang='grc' dir='ltr'>τὰ</span> <span class='ocrx_word' id='word_1_574' title='bbox 3743 3960 4082 4030; x_wconf 75' lang='grc' dir='ltr'>πραχθέντα</span> 
     </span>
    </p>
   </div>
   <div class='ocr_carea' id='block_1_81' title="bbox 3023 4030 3588 4086">
    <p class='ocr_par' dir='ltr' id='par_1_81' title="bbox 3023 4030 3588 4086">
     <span class='ocr_line' id='line_1_82' title="bbox 3023 4030 3588 4086; baseline 0 0"><span class='ocrx_word' id='word_1_575' title='bbox 3023 4030 3173 4086; x_wconf 85' lang='grc' dir='ltr'>κατὰ</span> <span class='ocrx_word' id='word_1_576' title='bbox 3219 4032 3588 4086; x_wconf 80' lang='grc' dir='ltr'>Ἀθανασίου.</span> 
     </span>
    </p>
   </div>
   <div class='ocr_carea' id='block_1_82' title="bbox 2513 4121 4088 4191">
    <p class='ocr_par' dir='ltr' id='par_1_82' title="bbox 2513 4121 4088 4191">
     <span class='ocr_line' id='line_1_83' title="bbox 2513 4121 4088 4191; baseline -0.005 -11"><span class='ocrx_word' id='word_1_577' title='bbox 2513 4121 2780 4190; x_wconf 81' lang='grc' dir='ltr'>Νικητὴς</span> <span class='ocrx_word' id='word_1_578' title='bbox 2807 4122 3246 4188; x_wconf 77' lang='grc' dir='ltr'>Κωνστάντιος,</span> <span class='ocrx_word' id='word_1_579' title='bbox 3269 4124 3640 4191; x_wconf 76' lang='grc' dir='ltr'>Αὔγουστος,</span> <span class='ocrx_word' id='word_1_580' title='bbox 3662 4123 3982 4190; x_wconf 75' lang='grc' dir='ltr'>Νεστορίῳ·</span> <span class='ocrx_word' id='word_1_581' title='bbox 4007 4121 4088 4185; x_wconf 81' lang='grc' dir='ltr'>τῷ</span> 
     </span>
    </p>
   </div>
   <div class='ocr_carea' id='block_1_83' title="bbox 2582 4191 4086 4263">
    <p class='ocr_par' dir='ltr' id='par_1_83' title="bbox 2582 4191 4086 4263">
     <span class='ocr_line' id='line_1_84' title="bbox 2582 4191 4086 4263; baseline -0.003 -15"><span class='ocrx_word' id='word_1_582' title='bbox 2582 4194 2652 4248; x_wconf 79' lang='grc' dir='ltr'>δὲ</span> <span class='ocrx_word' id='word_1_583' title='bbox 2677 4192 2836 4258; x_wconf 80' lang='grc' dir='ltr'>αὐτῷ</span> <span class='ocrx_word' id='word_1_584' title='bbox 2861 4194 3024 4258; x_wconf 81' lang='grc' dir='ltr'>τύπῳ</span> <span class='ocrx_word' id='word_1_585' title='bbox 3044 4195 3140 4246; x_wconf 78' lang='grc' dir='ltr'>καὶ</span> <span class='ocrx_word' id='word_1_586' title='bbox 3171 4195 3296 4258; x_wconf 83' lang='grc' dir='ltr'>τοῖς</span> <span class='ocrx_word' id='word_1_587' title='bbox 3325 4194 3396 4247; x_wconf 77' lang='grc' dir='ltr'><strong>ἐν</strong></span> <span class='ocrx_word' id='word_1_588' title='bbox 3435 4194 3930 4263; x_wconf 77' lang='grc' dir='ltr'>Αὐγουστομνίκῃ</span> <span class='ocrx_word' id='word_1_589' title='bbox 3971 4191 4086 4260; x_wconf 72' lang='grc' dir='ltr'><strong>(Ἱῖ)</strong></span> 
     </span>
    </p>
   </div>
   <div class='ocr_carea' id='block_1_84' title="bbox 2585 4263 3649 4332">
    <p class='ocr_par' dir='ltr' id='par_1_84' title="bbox 2585 4263 3649 4332">
     <span class='ocr_line' id='line_1_85' title="bbox 2585 4263 3649 4332; baseline -0.002 -14"><span class='ocrx_word' id='word_1_590' title='bbox 2585 4264 2683 4318; x_wconf 75' lang='grc' dir='ltr'>καὶ</span> <span class='ocrx_word' id='word_1_591' title='bbox 2723 4264 2964 4332; x_wconf 77' lang='grc' dir='ltr'>Θηϐαΐδι</span> <span class='ocrx_word' id='word_1_592' title='bbox 2993 4263 3090 4317; x_wconf 74' lang='grc' dir='ltr'>καὶ</span> <span class='ocrx_word' id='word_1_593' title='bbox 3120 4265 3304 4332; x_wconf 74' lang='grc' dir='ltr'>Λιϐύῃ</span> <span class='ocrx_word' id='word_1_594' title='bbox 3336 4264 3649 4332; x_wconf 77' lang='grc' dir='ltr'>ἡγεμόσιν.</span> 
     </span>
    </p>
   </div>
   <div class='ocr_carea' id='block_1_85' title="bbox 2514 4351 4086 4426">
    <p class='ocr_par' dir='ltr' id='par_1_85' title="bbox 2514 4351 4086 4426">
     <span class='ocr_line' id='line_1_86' title="bbox 2514 4351 4086 4426; baseline -0.003 -16"><span class='ocrx_word' id='word_1_595' title='bbox 2514 4357 2583 4411; x_wconf 82' lang='grc' dir='ltr'><strong>Εἴ</strong></span> <span class='ocrx_word' id='word_1_596' title='bbox 2603 4373 2735 4410; x_wconf 86' lang='grc' dir='ltr'>ποτε</span> <span class='ocrx_word' id='word_1_597' title='bbox 2769 4355 2876 4426; x_wconf 83' lang='grc' dir='ltr'>πρὸ</span> <span class='ocrx_word' id='word_1_598' title='bbox 2898 4353 3089 4408; x_wconf 85' lang='grc' dir='ltr'>τούτου</span> <span class='ocrx_word' id='word_1_599' title='bbox 3123 4354 3216 4408; x_wconf 73' lang='grc' dir='ltr'><strong>ἐπὶ</strong></span> <span class='ocrx_word' id='word_1_600' title='bbox 3247 4353 3420 4426; x_wconf 80' lang='grc' dir='ltr'>βλάϐῃ</span> <span class='ocrx_word' id='word_1_601' title='bbox 3455 4353 3551 4409; x_wconf 82' lang='grc' dir='ltr'>καὶ</span> <span class='ocrx_word' id='word_1_602' title='bbox 3578 4351 3734 4424; x_wconf 75' lang='grc' dir='ltr'>ὕϐρει</span> <span class='ocrx_word' id='word_1_603' title='bbox 3764 4351 3872 4406; x_wconf 85' lang='grc' dir='ltr'><strong>τῶν</strong></span> <span class='ocrx_word' id='word_1_604' title='bbox 3898 4369 4086 4406; x_wconf 85' lang='grc' dir='ltr'>κοινω-</span> 
     </span>
    </p>
   </div>
   <div class='ocr_carea' id='block_1_86' title="bbox 2037 4509 2880 4566">
    <p class='ocr_par' dir='ltr' id='par_1_86' title="bbox 2037 4509 2880 4566">
     <span class='ocr_line' id='line_1_87' title="bbox 2037 4509 2880 4566; baseline 0.002 -2"><span class='ocrx_word' id='word_1_605' title='bbox 2037 4509 2304 4565; x_wconf 71' lang='lat' dir='ltr'><strong>\‘ALESll</strong></span> <span class='ocrx_word' id='word_1_606' title='bbox 2337 4509 2880 4566; x_wconf 75' lang='lat' dir='ltr'><strong>ANNOTATIONES.</strong></span> 
     </span>
    </p>
   </div>
   <div class='ocr_carea' id='block_1_87' title="bbox 925 4597 2711 4672">
    <p class='ocr_par' dir='ltr' id='par_1_87' title="bbox 925 4599 2711 4672">
     <span class='ocr_line' id='line_1_88' title="bbox 925 4599 2711 4672; baseline 0.001 -17"><span class='ocrx_word' id='word_1_607' title='bbox 925 4599 1034 4672; x_wconf 87' lang='lat'><strong>(69)</strong></span> <span class='ocrx_word' id='word_1_608' title='bbox 1055 4602 1154 4672; x_wconf 69' lang='grc' dir='ltr'><strong>εις</strong></span> <span class='ocrx_word' id='word_1_609' title='bbox 1203 4600 1310 4672; x_wconf 77' lang='grc' dir='ltr'>τὰς</span> <span class='ocrx_word' id='word_1_610' title='bbox 1347 4601 1624 4655; x_wconf 78' lang='grc' dir='ltr'>ἁπάντων</span> <span class='ocrx_word' id='word_1_611' title='bbox 1677 4601 1880 4672; x_wconf 79' lang='grc' dir='ltr'>εὐχάς.</span> <span class='ocrx_word' id='word_1_612' title='bbox 1915 4603 2030 4658; x_wconf 86' lang='lat' dir='ltr'><strong>Non</strong></span> <span class='ocrx_word' id='word_1_613' title='bbox 2063 4602 2256 4656; x_wconf 90' lang='lat' dir='ltr'><strong>dubito</strong></span> <span class='ocrx_word' id='word_1_614' title='bbox 2281 4602 2413 4672; x_wconf 90' lang='lat' dir='ltr'><strong>quin</strong></span> <span class='ocrx_word' id='word_1_615' title='bbox 2449 4607 2491 4663; x_wconf 92' lang='lat' dir='ltr'><strong>D</strong></span> <span class='ocrx_word' id='word_1_616' title='bbox 2517 4602 2658 4658; x_wconf 86' lang='lat' dir='ltr'><strong>sium</strong></span> <span class='ocrx_word' id='word_1_617' title='bbox 2684 4619 2711 4656; x_wconf 73' lang='grc' dir='ltr'><strong>ν</strong></span> 
     </span>
    </p>
   </div>
   <div class='ocr_carea' id='block_1_88' title="bbox 2299 4597 4085 4672">
    <p class='ocr_par' dir='ltr' id='par_1_88' title="bbox 2299 4597 4085 4672">
     <span class='ocr_line' id='line_1_89' title="bbox 2299 4597 4085 4672; baseline -0.003 -16"><span class='ocrx_word' id='word_1_618' title='bbox 2299 4602 2413 4672; x_wconf 79' lang='lat' dir='ltr'><strong>plin</strong></span> <span class='ocrx_word' id='word_1_619' title='bbox 2449 4607 2491 4663; x_wconf 92' lang='lat' dir='ltr'><strong>D</strong></span> <span class='ocrx_word' id='word_1_620' title='bbox 2517 4602 2658 4658; x_wconf 87' lang='lat' dir='ltr'><strong>sium</strong></span> <span class='ocrx_word' id='word_1_621' title='bbox 2684 4618 2815 4658; x_wconf 88' lang='lat' dir='ltr'><strong>vero</strong></span> <span class='ocrx_word' id='word_1_622' title='bbox 2836 4605 3096 4660; x_wconf 88' lang='lat' dir='ltr'><strong>scribitur</strong></span> <span class='ocrx_word' id='word_1_623' title='bbox 3115 4599 3384 4672; x_wconf 70' lang='grc' dir='ltr'>άνασοβῆς</span> <span class='ocrx_word' id='word_1_624' title='bbox 3405 4599 3498 4672; x_wconf 77' lang='grc' dir='ltr'>καὶ</span> <span class='ocrx_word' id='word_1_625' title='bbox 3520 4597 3764 4672; x_wconf 54' lang='grc' dir='ltr'>στάσεως</span> <span class='ocrx_word' id='word_1_626' title='bbox 3791 4597 4085 4672; x_wconf 71' lang='grc' dir='ltr'>πρόφασιν,</span> 
     </span>
    </p>
   </div>
   <div class='ocr_carea' id='block_1_89' title="bbox 853 4671 2414 4742">
    <p class='ocr_par' dir='ltr' id='par_1_89' title="bbox 853 4671 2414 4742">
     <span class='ocr_line' id='line_1_90' title="bbox 853 4671 2414 4742; baseline -0.001 -15"><span class='ocrx_word' id='word_1_627' title='bbox 853 4671 1200 4742; x_wconf 86' lang='lat' dir='ltr'><strong>scribendum</strong></span> <span class='ocrx_word' id='word_1_628' title='bbox 1223 4671 1390 4742; x_wconf 76' lang='lat' dir='ltr'><strong>sitsi;</strong></span> <span class='ocrx_word' id='word_1_629' title='bbox 1419 4671 1516 4735; x_wconf 73' lang='grc' dir='ltr'><strong>τὰς</strong></span> <span class='ocrx_word' id='word_1_630' title='bbox 1545 4672 1795 4726; x_wconf 82' lang='grc' dir='ltr'>ἁπάντων</span> <span class='ocrx_word' id='word_1_631' title='bbox 1819 4673 1986 4736; x_wconf 70' lang='grc' dir='ltr'>ἀκοὰς</span> <span class='ocrx_word' id='word_1_632' title='bbox 2016 4671 2414 4742; x_wconf 76' lang='grc' dir='ltr'>διαϐαινούσης,</span> 
     </span>
    </p>
   </div>
   <div class='ocr_carea' id='block_1_90' title="bbox 853 4741 2264 4811">
    <p class='ocr_par' dir='ltr' id='par_1_90' title="bbox 853 4741 2264 4811">
     <span class='ocr_line' id='line_1_91' title="bbox 853 4741 2264 4811; baseline 0.002 -16"><span class='ocrx_word' id='word_1_633' title='bbox 853 4756 1014 4811; x_wconf 87' lang='lat' dir='ltr'><strong>quam</strong></span> <span class='ocrx_word' id='word_1_634' title='bbox 1046 4741 1334 4795; x_wconf 88' lang='lat' dir='ltr'><strong>lectionem</strong></span> <span class='ocrx_word' id='word_1_635' title='bbox 1363 4741 1416 4794; x_wconf 88' lang='lat' dir='ltr'><strong>in</strong></span> <span class='ocrx_word' id='word_1_636' title='bbox 1440 4743 1699 4811; x_wconf 63' lang='lat' dir='ltr'><strong>versione</strong></span> <span class='ocrx_word' id='word_1_637' title='bbox 1725 4758 1841 4796; x_wconf 90' lang='lat' dir='ltr'><strong>mea</strong></span> <span class='ocrx_word' id='word_1_638' title='bbox 1868 4759 1987 4798; x_wconf 90' lang='lat' dir='ltr'><strong>sum</strong></span> <span class='ocrx_word' id='word_1_639' title='bbox 2023 4751 2264 4798; x_wconf 90' lang='lat' dir='ltr'><strong>secutus.</strong></span> 
     </span>
    </p>
   </div>
   <div class='ocr_carea' id='block_1_91' title="bbox 925 4808 2414 4882">
    <p class='ocr_par' dir='ltr' id='par_1_91' title="bbox 925 4808 2414 4882">
     <span class='ocr_line' id='line_1_92' title="bbox 925 4808 2414 4882; baseline 0.001 -18"><span class='ocrx_word' id='word_1_640' title='bbox 925 4811 1033 4882; x_wconf 82' lang='lat'><strong>(70)</strong></span> <span class='ocrx_word' id='word_1_641' title='bbox 1054 4811 1268 4882; x_wconf 69' lang='grc' dir='ltr'>Πιίσης</span> <span class='ocrx_word' id='word_1_642' title='bbox 1297 4808 1500 4882; x_wconf 70' lang='grc' dir='ltr'>ψυχῆς</span> <span class='ocrx_word' id='word_1_643' title='bbox 1524 4810 1740 4881; x_wconf 78' lang='grc' dir='ltr'>γνώμῃ.</span> <span class='ocrx_word' id='word_1_644' title='bbox 1783 4813 1871 4867; x_wconf 90' lang='lat' dir='ltr'><strong>Sic</strong></span> <span class='ocrx_word' id='word_1_645' title='bbox 1919 4829 1982 4868; x_wconf 72' lang='lat' dir='ltr'><strong>ex</strong></span> <span class='ocrx_word' id='word_1_646' title='bbox 2036 4813 2225 4866; x_wconf 87' lang='lat' dir='ltr'><strong>codice</strong></span> <span class='ocrx_word' id='word_1_647' title='bbox 2265 4813 2414 4882; x_wconf 79' lang='lat' dir='ltr'><strong>regio</strong></span> 
     </span>
    </p>
   </div>
   <div class='ocr_carea' id='block_1_92' title="bbox 853 4880 2412 4950">
    <p class='ocr_par' dir='ltr' id='par_1_92' title="bbox 853 4880 2412 4950">
     <span class='ocr_line' id='line_1_93' title="bbox 853 4880 2412 4950; baseline 0.003 -16"><span class='ocrx_word' id='word_1_648' title='bbox 853 4880 1025 4936; x_wconf 85' lang='lat' dir='ltr'><strong>edidit</strong></span> <span class='ocrx_word' id='word_1_649' title='bbox 1053 4880 1326 4935; x_wconf 86' lang='lat' dir='ltr'><strong>Robertus</strong></span> <span class='ocrx_word' id='word_1_650' title='bbox 1353 4880 1680 4950; x_wconf 86' lang='lat' dir='ltr'><strong>Stephanus.</strong></span> <span class='ocrx_word' id='word_1_651' title='bbox 1703 4882 1903 4936; x_wconf 78' lang='lat' dir='ltr'><strong>Verum</strong></span> <span class='ocrx_word' id='word_1_652' title='bbox 1925 4899 1990 4938; x_wconf 82' lang='lat' dir='ltr'><strong>ex</strong></span> <span class='ocrx_word' id='word_1_653' title='bbox 2012 4883 2200 4938; x_wconf 92' lang='lat' dir='ltr'><strong>codice</strong></span> <span class='ocrx_word' id='word_1_654' title='bbox 2230 4880 2412 4938; x_wconf 85' lang='lat' dir='ltr'><strong>Allatii</strong></span> 
     </span>
    </p>
   </div>
   <div class='ocr_carea' id='block_1_93' title="bbox 853 4951 2414 5008">
    <p class='ocr_par' dir='ltr' id='par_1_93' title="bbox 853 4951 2414 5008">
     <span class='ocr_line' id='line_1_94' title="bbox 853 4951 2414 5008; baseline 0.001 -3"><span class='ocrx_word' id='word_1_655' title='bbox 853 4959 910 5005; x_wconf 85' lang='lat' dir='ltr'><strong>et</strong></span> <span class='ocrx_word' id='word_1_656' title='bbox 935 4968 1000 5005; x_wconf 74' lang='lat' dir='ltr'><strong>ex</strong></span> <span class='ocrx_word' id='word_1_657' title='bbox 1034 4951 1330 5006; x_wconf 84' lang='lat' dir='ltr'><strong>Athanasio</strong></span> <span class='ocrx_word' id='word_1_658' title='bbox 1366 4951 1544 5005; x_wconf 86' lang='lat' dir='ltr'><strong>locum</strong></span> <span class='ocrx_word' id='word_1_659' title='bbox 1576 4953 1914 5006; x_wconf 87' lang='lat' dir='ltr'><strong>restituimus</strong></span> <span class='ocrx_word' id='word_1_660' title='bbox 1953 4954 2056 5007; x_wconf 89' lang='lat' dir='ltr'><strong>hoc</strong></span> <span class='ocrx_word' id='word_1_661' title='bbox 2083 4953 2246 5007; x_wconf 86' lang='lat' dir='ltr'><strong>modo</strong></span> <span class='ocrx_word' id='word_1_662' title='bbox 2275 4971 2288 5006; x_wconf 91' lang='lat'><strong>:</strong></span> <span class='ocrx_word' id='word_1_663' title='bbox 2319 4957 2414 5008; x_wconf 72' lang='grc' dir='ltr'>καὶ</span> 
     </span>
    </p>
   </div>
   <div class='ocr_carea' id='block_1_94' title="bbox 855 5019 2420 5094">
    <p class='ocr_par' dir='ltr' id='par_1_94' title="bbox 855 5019 2420 5094">
     <span class='ocr_line' id='line_1_95' title="bbox 855 5019 2420 5094; baseline 0.003 -21"><span class='ocrx_word' id='word_1_664' title='bbox 855 5021 1002 5094; x_wconf 73' lang='grc' dir='ltr'>πάσῃ</span> <span class='ocrx_word' id='word_1_665' title='bbox 1032 5020 1174 5094; x_wconf 68' lang='grc' dir='ltr'>ψυχῇ</span> <span class='ocrx_word' id='word_1_666' title='bbox 1199 5022 1302 5094; x_wconf 50' lang='grc' dir='ltr'><strong>καί</strong></span> <span class='ocrx_word' id='word_1_667' title='bbox 1315 5019 1505 5094; x_wconf 59' lang='grc' dir='ltr'><strong>χνὼμῃ</strong></span> <span class='ocrx_word' id='word_1_668' title='bbox 1529 5023 1801 5094; x_wconf 54' lang='grc' dir='ltr'>άσπαξτδν</span> <span class='ocrx_word' id='word_1_669' title='bbox 1829 5024 2126 5094; x_wconf 81' lang='grc' dir='ltr'>ἡγήσασθε,</span> <span class='ocrx_word' id='word_1_670' title='bbox 2147 5024 2420 5094; x_wconf 88' lang='lat' dir='ltr'><strong>quomodo</strong></span> 
     </span>
    </p>
   </div>
   <div class='ocr_carea' id='block_1_95' title="bbox 854 5090 2419 5160">
    <p class='ocr_par' dir='ltr' id='par_1_95' title="bbox 854 5090 2419 5160">
     <span class='ocr_line' id='line_1_96' title="bbox 854 5090 2419 5160; baseline 0.001 -16"><span class='ocrx_word' id='word_1_671' title='bbox 854 5090 1018 5146; x_wconf 83' lang='lat' dir='ltr'><strong>etiam</strong></span> <span class='ocrx_word' id='word_1_672' title='bbox 1047 5091 1175 5160; x_wconf 81' lang='lat' dir='ltr'><strong>legit</strong></span> <span class='ocrx_word' id='word_1_673' title='bbox 1199 5090 1552 5160; x_wconf 81' lang='lat' dir='ltr'><strong>Epiphanius.</strong></span> <span class='ocrx_word' id='word_1_674' title='bbox 1577 5092 1637 5146; x_wconf 84' lang='lat' dir='ltr'><strong>In</strong></span> <span class='ocrx_word' id='word_1_675' title='bbox 1660 5090 1975 5148; x_wconf 80' lang='lat' dir='ltr'><strong>Florentino</strong></span> <span class='ocrx_word' id='word_1_676' title='bbox 1997 5090 2178 5149; x_wconf 74' lang='lat' dir='ltr'><strong>tamen</strong></span> <span class='ocrx_word' id='word_1_677' title='bbox 2197 5103 2252 5148; x_wconf 90' lang='lat' dir='ltr'><strong>et</strong></span> <span class='ocrx_word' id='word_1_678' title='bbox 2273 5094 2419 5149; x_wconf 80' lang='lat' dir='ltr'><strong>Sfor-</strong></span> 
     </span>
    </p>
   </div>
   <div class='ocr_carea' id='block_1_96' title="bbox 859 5161 2417 5247">
    <p class='ocr_par' dir='ltr' id='par_1_96' title="bbox 859 5161 2417 5247">
     <span class='ocr_line' id='line_1_97' title="bbox 859 5161 2417 5247; baseline 0.003 -34"><span class='ocrx_word' id='word_1_679' title='bbox 859 5161 1006 5247; x_wconf 78' lang='lat' dir='ltr'><strong>tiano</strong></span> <span class='ocrx_word' id='word_1_680' title='bbox 1050 5161 1342 5231; x_wconf 78' lang='lat' dir='ltr'><strong>exemplari</strong></span> <span class='ocrx_word' id='word_1_681' title='bbox 1403 5161 1665 5233; x_wconf 88' lang='lat' dir='ltr'><strong>scriptum</strong></span> <span class='ocrx_word' id='word_1_682' title='bbox 1712 5169 1816 5227; x_wconf 71' lang='lat' dir='ltr'><strong>cSt,</strong></span> <span class='ocrx_word' id='word_1_683' title='bbox 1874 5164 1968 5218; x_wconf 71' lang='grc' dir='ltr'>καὶ</span> <span class='ocrx_word' id='word_1_684' title='bbox 2018 5165 2168 5238; x_wconf 81' lang='grc' dir='ltr'>πάσῃ</span> <span class='ocrx_word' id='word_1_685' title='bbox 2214 5164 2417 5234; x_wconf 71' lang='grc' dir='ltr'>ψυχικῇ</span> 
     </span>
    </p>
   </div>
   <div class='ocr_carea' id='block_1_97' title="bbox 893 5249 1354 5284">
    <p class='ocr_par' dir='ltr' id='par_1_97' title="bbox 893 5249 1354 5284">
     <span class='ocr_line' id='line_1_98' title="bbox 893 5249 1354 5284; baseline 0.004 -2"><span class='ocrx_word' id='word_1_686' title='bbox 893 5249 1069 5284; x_wconf 71' lang='grc' dir='ltr'>νωμη.</span> <span class='ocrx_word' id='word_1_687' title='bbox 1351 5259 1354 5262; x_wconf 83' lang='grc'><strong>’</strong></span> 
     </span>
    </p>
   </div>
   <div class='ocr_carea' id='block_1_98' title="bbox 857 5247 2418 5369">
    <p class='ocr_par' dir='ltr' id='par_1_98' title="bbox 857 5247 2418 5369">
     <span class='ocr_line' id='line_1_99' title="bbox 977 5249 1354 5284; baseline -0.008 -8"><span class='ocrx_word' id='word_1_688' title='bbox 977 5249 986 5276; x_wconf 73' lang='grc' dir='ltr'><strong>ι</strong></span> <span class='ocrx_word' id='word_1_689' title='bbox 1056 5271 1069 5284; x_wconf 81' lang='grc'><strong>,</strong></span> <span class='ocrx_word' id='word_1_690' title='bbox 1351 5259 1354 5262; x_wconf 78' lang='lat'><strong><em>~</em></strong></span> 
     </span>
     <span class='ocr_line' id='line_1_100' title="bbox 857 5247 2418 5369; baseline 0.002 -14"><span class='ocrx_word' id='word_1_691' title='bbox 857 5247 1282 5369; x_wconf 46' lang='lat' dir='ltr'><strong>YV¥?JI&#39;?&#39;H(IU¢I?</strong></span> <span class='ocrx_word' id='word_1_692' title='bbox 1331 5299 1696 5366; x_wconf 76' lang='grc' dir='ltr'>ἀνασκευήν.</span> <span class='ocrx_word' id='word_1_693' title='bbox 1723 5302 1947 5358; x_wconf 84' lang='lat' dir='ltr'><strong>Rectius</strong></span> <span class='ocrx_word' id='word_1_694' title='bbox 1978 5304 2031 5358; x_wconf 91' lang='lat' dir='ltr'><strong>in</strong></span> <span class='ocrx_word' id='word_1_695' title='bbox 2058 5302 2332 5360; x_wconf 81' lang='lat' dir='ltr'><strong>Sl‘ortiano</strong></span> <span class='ocrx_word' id='word_1_696' title='bbox 2362 5313 2418 5358; x_wconf 91' lang='lat' dir='ltr'><strong>et</strong></span> 
     </span>
    </p>
   </div>
   <div class='ocr_carea' id='block_1_99' title="bbox 857 5369 2415 5444">
    <p class='ocr_par' dir='ltr' id='par_1_99' title="bbox 857 5369 2415 5444">
     <span class='ocr_line' id='line_1_101' title="bbox 857 5369 2415 5444; baseline 0.003 -20"><span class='ocrx_word' id='word_1_697' title='bbox 857 5369 1124 5427; x_wconf 86' lang='lat' dir='ltr'><strong>Allatiano</strong></span> <span class='ocrx_word' id='word_1_698' title='bbox 1153 5369 1342 5426; x_wconf 90' lang='lat' dir='ltr'><strong>codice</strong></span> <span class='ocrx_word' id='word_1_699' title='bbox 1391 5372 1590 5444; x_wconf 80' lang='lat' dir='ltr'><strong>legitur</strong></span> <span class='ocrx_word' id='word_1_700' title='bbox 1623 5373 1912 5443; x_wconf 81' lang='grc' dir='ltr'>ἀνασοϐήν.</span> <span class='ocrx_word' id='word_1_701' title='bbox 1957 5373 2113 5444; x_wconf 85' lang='lat' dir='ltr'><strong>Apud</strong></span> <span class='ocrx_word' id='word_1_702' title='bbox 2169 5375 2415 5430; x_wconf 86' lang='lat' dir='ltr'><strong>Athana-</strong></span> 
     </span>
    </p>
   </div>
   <div class='ocr_carea' id='block_1_100' title="bbox 2517 4667 4084 4744">
    <p class='ocr_par' dir='ltr' id='par_1_100' title="bbox 2517 4667 4084 4744">
     <span class='ocr_line' id='line_1_102' title="bbox 2517 4667 4084 4744; baseline -0.002 -19"><span class='ocrx_word' id='word_1_703' title='bbox 2517 4672 2662 4742; x_wconf 88' lang='lat' dir='ltr'><strong>quod</strong></span> <span class='ocrx_word' id='word_1_704' title='bbox 2691 4673 2862 4744; x_wconf 81' lang='lat' dir='ltr'><strong>magis</strong></span> <span class='ocrx_word' id='word_1_705' title='bbox 2890 4675 3085 4744; x_wconf 86' lang='lat' dir='ltr'><strong>placet.</strong></span> <span class='ocrx_word' id='word_1_706' title='bbox 3113 4673 3188 4727; x_wconf 90' lang='lat' dir='ltr'><strong>lta</strong></span> <span class='ocrx_word' id='word_1_707' title='bbox 3223 4667 3386 4744; x_wconf 85' lang='lat' dir='ltr'><strong>etiam</strong></span> <span class='ocrx_word' id='word_1_708' title='bbox 3429 4669 3560 4744; x_wconf 82' lang='lat' dir='ltr'><strong>legit</strong></span> <span class='ocrx_word' id='word_1_709' title='bbox 3601 4667 3956 4744; x_wconf 77' lang='lat' dir='ltr'><strong>Epiphanius,</strong></span> <span class='ocrx_word' id='word_1_710' title='bbox 3991 4670 4084 4738; x_wconf 86' lang='lat' dir='ltr'><strong>qui</strong></span> 
     </span>
    </p>
   </div>
   <div class='ocr_carea' id='block_1_101' title="bbox 2515 4738 4089 4800">
    <p class='ocr_par' dir='ltr' id='par_1_101' title="bbox 2515 4738 4089 4800">
     <span class='ocr_line' id='line_1_103' title="bbox 2515 4738 4089 4800; baseline -0.003 -3"><span class='ocrx_word' id='word_1_711' title='bbox 2515 4738 2595 4798; x_wconf 82' lang='lat' dir='ltr'><strong>sic</strong></span> <span class='ocrx_word' id='word_1_712' title='bbox 2615 4738 2814 4798; x_wconf 42' lang='lat' dir='ltr'><strong>vertit&quot;:</strong></span> <span class='ocrx_word' id='word_1_713' title='bbox 2843 4738 2906 4799; x_wconf 80' lang='lat' dir='ltr'><strong>Ut</strong></span> <span class='ocrx_word' id='word_1_714' title='bbox 2947 4752 3123 4800; x_wconf 82' lang='lat' dir='ltr'><strong>autem</strong></span> <span class='ocrx_word' id='word_1_715' title='bbox 3151 4743 3320 4796; x_wconf 78' lang='lat' dir='ltr'><strong>omnis</strong></span> <span class='ocrx_word' id='word_1_716' title='bbox 3354 4738 3519 4794; x_wconf 80' lang='lat' dir='ltr'><strong>turba:</strong></span> <span class='ocrx_word' id='word_1_717' title='bbox 3547 4747 3595 4792; x_wconf 89' lang='lat' dir='ltr'><strong>et</strong></span> <span class='ocrx_word' id='word_1_718' title='bbox 3625 4738 3892 4792; x_wconf 80' lang='lat' dir='ltr'><strong>seditionis</strong></span> <span class='ocrx_word' id='word_1_719' title='bbox 3939 4756 4089 4792; x_wconf 74' lang='lat' dir='ltr'><strong>orm-</strong></span> 
     </span>
    </p>
   </div>
   <div class='ocr_carea' id='block_1_102' title="bbox 2511 4815 3845 4888">
    <p class='ocr_par' dir='ltr' id='par_1_102' title="bbox 2511 4815 3845 4888">
     <span class='ocr_line' id='line_1_104' title="bbox 2511 4815 3845 4888; baseline 0.013 -22"><span class='ocrx_word' id='word_1_720' title='bbox 2511 4815 2956 4888; x_wconf 73' lang='lat' dir='ltr'><strong>sio__p_c_rimatur._</strong></span> <span class='ocrx_word' id='word_1_721' title='bbox 3026 4884 3038 4888; x_wconf 89' lang='lat'>_</span> <span class='ocrx_word' id='word_1_722' title='bbox 3171 4883 3184 4888; x_wconf 33' lang='grc' dir='ltr'><strong>Α</strong></span> <span class='ocrx_word' id='word_1_723' title='bbox 3512 4879 3524 4888; x_wconf 90' lang='lat'><strong>_</strong></span> <span class='ocrx_word' id='word_1_724' title='bbox 3645 4878 3664 4888; x_wconf 89' lang='lat'><em>_</em></span> <span class='ocrx_word' id='word_1_725' title='bbox 3811 4877 3845 4888; x_wconf 83' lang='lat'><strong>_.</strong></span> 
     </span>
    </p>
   </div>
   <div class='ocr_carea' id='block_1_103' title="bbox 2587 4877 4084 4955">
    <p class='ocr_par' dir='ltr' id='par_1_103' title="bbox 2587 4877 4084 4955">
     <span class='ocr_line' id='line_1_105' title="bbox 2587 4877 4084 4955; baseline -0.004 -19"><span class='ocrx_word' id='word_1_726' title='bbox 2587 4877 2698 4955; x_wconf 75' lang='grc'><strong>(72)</strong></span> <span class='ocrx_word' id='word_1_727' title='bbox 2731 4883 2838 4955; x_wconf 61' lang='grc' dir='ltr'><strong>Καὶ</strong></span> <span class='ocrx_word' id='word_1_728' title='bbox 2865 4885 2986 4950; x_wconf 84' lang='grc' dir='ltr'>τοῖς</span> <span class='ocrx_word' id='word_1_729' title='bbox 3013 4884 3082 4936; x_wconf 78' lang='grc' dir='ltr'><strong>ἐν</strong></span> <span class='ocrx_word' id='word_1_730' title='bbox 3110 4879 3618 4955; x_wconf 51' lang='grc' dir='ltr'>Λύγουστομνίκῃ.</span> <span class='ocrx_word' id='word_1_731' title='bbox 3645 4878 3703 4932; x_wconf 93' lang='lat' dir='ltr'><strong>ln</strong></span> <span class='ocrx_word' id='word_1_732' title='bbox 3727 4877 4084 4955; x_wconf 35' lang='lat' dir='ltr'><strong>codicelreo-</strong></span> 
     </span>
    </p>
   </div>
   <div class='ocr_carea' id='block_1_104' title="bbox 2513 4948 4080 5029">
    <p class='ocr_par' dir='ltr' id='par_1_104' title="bbox 2513 4948 4080 5029">
     <span class='ocr_line' id='line_1_106' title="bbox 2513 4948 4080 5029; baseline -0.006 -20"><span class='ocrx_word' id='word_1_733' title='bbox 2513 4948 2808 5029; x_wconf 27' lang='lat' dir='ltr'><strong>nisAAllatii</strong></span> <span class='ocrx_word' id='word_1_734' title='bbox 2852 4948 3114 5029; x_wconf 83' lang='lat' dir='ltr'><strong>scriptum</strong></span> <span class='ocrx_word' id='word_1_735' title='bbox 3152 4948 3238 5006; x_wconf 79' lang='lat' dir='ltr'><strong>est</strong></span> <span class='ocrx_word' id='word_1_736' title='bbox 3289 4948 3710 5029; x_wconf 65' lang='grc' dir='ltr'>ᾼῦγουστονζκῃ,</span> <span class='ocrx_word' id='word_1_737' title='bbox 3739 4949 3883 5029; x_wconf 68' lang='lat' dir='ltr'><strong>apud</strong></span> <span class='ocrx_word' id='word_1_738' title='bbox 3913 4948 4080 5029; x_wconf 40' lang='lat' dir='ltr'><strong>Allia:</strong></span> 
     </span>
    </p>
   </div>
   <div class='ocr_carea' id='block_1_105' title="bbox 2515 5018 4080 5092">
    <p class='ocr_par' dir='ltr' id='par_1_105' title="bbox 2515 5018 4080 5092">
     <span class='ocr_line' id='line_1_107' title="bbox 2515 5018 4080 5092; baseline -0.005 -14"><span class='ocrx_word' id='word_1_739' title='bbox 2515 5025 2730 5078; x_wconf 87' lang='lat' dir='ltr'><strong>nasium</strong></span> <span class='ocrx_word' id='word_1_740' title='bbox 2766 5041 2899 5080; x_wconf 85' lang='lat' dir='ltr'><strong>vero</strong></span> <span class='ocrx_word' id='word_1_741' title='bbox 2939 5018 3410 5092; x_wconf 71' lang='grc' dir='ltr'>Ᾱὺγουσταμνίκη.</span> <span class='ocrx_word' id='word_1_742' title='bbox 3472 5019 3876 5092; x_wconf 28' lang='grc' dir='ltr'>ὶίιιτίἰδΑΠίοιΙίς</span> <span class='ocrx_word' id='word_1_743' title='bbox 3915 5018 4080 5072; x_wconf 87' lang='lat' dir='ltr'><strong>scribi</strong></span> 
     </span>
    </p>
   </div>
   <div class='ocr_carea' id='block_1_106' title="bbox 2514 5088 4084 5164">
    <p class='ocr_par' dir='ltr' id='par_1_106' title="bbox 2514 5088 4084 5164">
     <span class='ocr_line' id='line_1_108' title="bbox 2514 5088 4084 5164; baseline -0.006 -15"><span class='ocrx_word' id='word_1_744' title='bbox 2514 5097 2653 5149; x_wconf 87' lang='lat' dir='ltr'><strong>solet</strong></span> <span class='ocrx_word' id='word_1_745' title='bbox 2685 5109 2882 5148; x_wconf 90' lang='lat' dir='ltr'><strong>nomen</strong></span> <span class='ocrx_word' id='word_1_746' title='bbox 2915 5088 3075 5164; x_wconf 78' lang='lat' dir='ltr'><strong>hujus</strong></span> <span class='ocrx_word' id='word_1_747' title='bbox 3107 5088 3418 5164; x_wconf 58' lang='lat' dir='ltr'><strong>provincias.</strong></span> <span class='ocrx_word' id='word_1_748' title='bbox 3459 5089 3562 5164; x_wconf 77' lang='lat' dir='ltr'><strong>Alii</strong></span> <span class='ocrx_word' id='word_1_749' title='bbox 3593 5088 3737 5164; x_wconf 79' lang='lat' dir='ltr'><strong>enim</strong></span> <span class='ocrx_word' id='word_1_750' title='bbox 3761 5090 4084 5164; x_wconf 83' lang='lat' dir='ltr'><strong>Augustam-</strong></span> 
     </span>
    </p>
   </div>
   <div class='ocr_carea' id='block_1_107' title="bbox 2513 5158 4079 5239">
    <p class='ocr_par' dir='ltr' id='par_1_107' title="bbox 2513 5158 4079 5239">
     <span class='ocr_line' id='line_1_109' title="bbox 2513 5158 4079 5239; baseline -0.005 -21"><span class='ocrx_word' id='word_1_751' title='bbox 2513 5165 2692 5239; x_wconf 80' lang='lat' dir='ltr'><strong>nicam</strong></span> <span class='ocrx_word' id='word_1_752' title='bbox 2737 5158 3032 5239; x_wconf 69' lang='lat' dir='ltr'><strong>appellant,</strong></span> <span class='ocrx_word' id='word_1_753' title='bbox 3077 5158 3171 5218; x_wconf 87' lang='lat' dir='ltr'><strong>alii</strong></span> <span class='ocrx_word' id='word_1_754' title='bbox 3217 5158 3786 5239; x_wconf 74' lang='lat' dir='ltr'><strong>Augu_slanican_i.__lta</strong></span> <span class='ocrx_word' id='word_1_755' title='bbox 3827 5159 3980 5239; x_wconf 73' lang='lat' dir='ltr'><strong>enim</strong></span> <span class='ocrx_word' id='word_1_756' title='bbox 4027 5158 4079 5211; x_wconf 91' lang='lat' dir='ltr'><strong>in</strong></span> 
     </span>
    </p>
   </div>
   <div class='ocr_carea' id='block_1_108' title="bbox 2513 5229 4080 5298">
    <p class='ocr_par' dir='ltr' id='par_1_108' title="bbox 2513 5229 4080 5298">
     <span class='ocr_line' id='line_1_110' title="bbox 2513 5229 4080 5298; baseline -0.004 -10"><span class='ocrx_word' id='word_1_757' title='bbox 2513 5229 2834 5289; x_wconf 75' lang='lat' dir='ltr'><strong>multistum</strong></span> <span class='ocrx_word' id='word_1_758' title='bbox 2861 5234 3081 5294; x_wconf 73' lang='lat' dir='ltr'><strong>Gneeis,</strong></span> <span class='ocrx_word' id='word_1_759' title='bbox 3118 5241 3231 5286; x_wconf 90' lang='lat' dir='ltr'><strong>tum</strong></span> <span class='ocrx_word' id='word_1_760' title='bbox 3269 5229 3478 5286; x_wconf 73' lang='lat' dir='ltr'><strong>Latinis</strong></span> <span class='ocrx_word' id='word_1_761' title='bbox 3503 5229 3787 5284; x_wconf 87' lang='lat' dir='ltr'><strong>codicibus</strong></span> <span class='ocrx_word' id='word_1_762' title='bbox 3819 5229 4080 5298; x_wconf 88' lang='lat' dir='ltr'><strong>scriptum</strong></span> 
     </span>
    </p>
   </div>
   <div class='ocr_carea' id='block_1_109' title="bbox 2512 5299 4078 5379">
    <p class='ocr_par' dir='ltr' id='par_1_109' title="bbox 2512 5299 4078 5379">
     <span class='ocr_line' id='line_1_111' title="bbox 2512 5299 4078 5379; baseline -0.005 -21"><span class='ocrx_word' id='word_1_763' title='bbox 2512 5304 2716 5379; x_wconf 78' lang='lat' dir='ltr'><strong>inveni.</strong></span> <span class='ocrx_word' id='word_1_764' title='bbox 2763 5304 3006 5379; x_wconf 72' lang='lat' dir='ltr'><strong>,Quidam</strong></span> <span class='ocrx_word' id='word_1_765' title='bbox 3047 5303 3210 5379; x_wconf 79' lang='lat' dir='ltr'><strong>etiam</strong></span> <span class='ocrx_word' id='word_1_766' title='bbox 3262 5300 3684 5379; x_wconf 62' lang='lat' dir='ltr'><strong>Augustouieam</strong></span> <span class='ocrx_word' id='word_1_767' title='bbox 3724 5299 4020 5379; x_wconf 46' lang='lat' dir='ltr'><strong>disserunt:</strong></span> <span class='ocrx_word' id='word_1_768' title='bbox 4049 5314 4078 5350; x_wconf 89' lang='lat' dir='ltr'><strong>a</strong></span> 
     </span>
    </p>
   </div>
   <div class='ocr_carea' id='block_1_110' title="bbox 2513 5367 4082 5444">
    <p class='ocr_par' dir='ltr' id='par_1_110' title="bbox 2513 5367 4082 5444">
     <span class='ocr_line' id='line_1_112' title="bbox 2513 5367 4082 5444; baseline -0.003 -18"><span class='ocrx_word' id='word_1_769' title='bbox 2513 5374 2742 5428; x_wconf 84' lang='lat' dir='ltr'><strong>victoria</strong></span> <span class='ocrx_word' id='word_1_770' title='bbox 2768 5367 3002 5430; x_wconf 73' lang='lat' dir='ltr'><strong>scilicet</strong></span> <span class='ocrx_word' id='word_1_771' title='bbox 3057 5373 3304 5444; x_wconf 81' lang='lat' dir='ltr'><strong>Augusti.</strong></span> <span class='ocrx_word' id='word_1_772' title='bbox 3348 5367 3450 5428; x_wconf 81' lang='lat' dir='ltr'><strong>Sic</strong></span> <span class='ocrx_word' id='word_1_773' title='bbox 3485 5372 3538 5425; x_wconf 92' lang='lat' dir='ltr'><strong>in</strong></span> <span class='ocrx_word' id='word_1_774' title='bbox 3583 5367 4082 5440; x_wconf 88' lang='lat' dir='ltr'><strong>subscriptionibus</strong></span> 
     </span>
    </p>
   </div>
   <div class='ocr_carea' id='block_1_111' title="bbox 2283 5527 2662 5583">
    <p class='ocr_par' dir='ltr' id='par_1_111' title="bbox 2283 5527 2662 5583">
     <span class='ocr_line' id='line_1_113' title="bbox 2283 5527 2662 5583; baseline -0.003 -2"><span class='ocrx_word' id='word_1_775' title='bbox 2283 5527 2640 5583; x_wconf 70' lang='lat' dir='ltr'><strong>VARIORUM</strong></span> <span class='ocrx_word' id='word_1_776' title='bbox 2651 5569 2662 5581; x_wconf 94' lang='lat'><strong>.</strong></span> 
     </span>
    </p>
   </div>
   <div class='ocr_carea' id='block_1_112' title="bbox 930 5615 2716 5701">
    <p class='ocr_par' dir='ltr' id='par_1_112' title="bbox 930 5615 2716 5701">
     <span class='ocr_line' id='line_1_114' title="bbox 930 5615 2716 5701; baseline 0.004 -34"><span class='ocrx_word' id='word_1_777' title='bbox 930 5617 1076 5695; x_wconf 56' lang='grc' dir='ltr'><strong>γεῖς</strong></span> <span class='ocrx_word' id='word_1_778' title='bbox 1119 5616 1230 5701; x_wconf 47' lang='grc' dir='ltr'>τὰς</span> <span class='ocrx_word' id='word_1_779' title='bbox 1269 5615 1547 5701; x_wconf 62' lang='grc' dir='ltr'><strong>ἁπᾴνζωις</strong></span> <span class='ocrx_word' id='word_1_780' title='bbox 1593 5619 1796 5701; x_wconf 79' lang='grc' dir='ltr'>εὐχᾴς.</span> <span class='ocrx_word' id='word_1_781' title='bbox 1822 5617 2072 5701; x_wconf 50' lang='grc' dir='ltr'>ᾖτιιιςείιιε</span> <span class='ocrx_word' id='word_1_782' title='bbox 2116 5618 2404 5688; x_wconf 88' lang='lat' dir='ltr'><strong>legendum</strong></span> <span class='ocrx_word' id='word_1_783' title='bbox 2509 5619 2716 5701; x_wconf 58' lang='grc' dir='ltr'><strong>ιιριὶὶςιἔ</strong></span> 
     </span>
    </p>
   </div>
   <div class='ocr_carea' id='block_1_113' title="bbox 1485 5615 3271 5701">
    <p class='ocr_par' dir='ltr' id='par_1_113' title="bbox 1485 5617 3271 5701">
     <span class='ocr_line' id='line_1_115' title="bbox 1485 5617 3271 5701; baseline 0 -31"><span class='ocrx_word' id='word_1_784' title='bbox 1485 5634 1547 5701; x_wconf 51' lang='lat' dir='ltr'><strong>air</strong></span> <span class='ocrx_word' id='word_1_785' title='bbox 1593 5619 1796 5701; x_wconf 79' lang='grc' dir='ltr'>εὐχᾴς.</span> <span class='ocrx_word' id='word_1_786' title='bbox 1822 5617 2072 5701; x_wconf 50' lang='grc' dir='ltr'>ᾖτιιιςείιιε</span> <span class='ocrx_word' id='word_1_787' title='bbox 2116 5618 2404 5688; x_wconf 88' lang='lat' dir='ltr'><strong>legendum</strong></span> <span class='ocrx_word' id='word_1_788' title='bbox 2509 5619 2724 5701; x_wconf 54' lang='lat' dir='ltr'><strong>nedic_-_t;</strong></span> <span class='ocrx_word' id='word_1_789' title='bbox 2753 5621 3127 5701; x_wconf 32' lang='lat' dir='ltr'><strong>Annotzupag.</strong></span> <span class='ocrx_word' id='word_1_790' title='bbox 3153 5620 3271 5674; x_wconf 77' lang='grc' dir='ltr'>ιτι.</span> 
     </span>
    </p>
   </div>
   <div class='ocr_carea' id='block_1_114' title="bbox 859 5685 2405 5750">
    <p class='ocr_par' dir='ltr' id='par_1_114' title="bbox 859 5685 2405 5750">
     <span class='ocr_line' id='line_1_116' title="bbox 859 5685 2405 5750; baseline 0.004 -12"><span class='ocrx_word' id='word_1_791' title='bbox 859 5685 1150 5746; x_wconf 76' lang='lat' dir='ltr'><strong>existimat,</strong></span> <span class='ocrx_word' id='word_1_792' title='bbox 1185 5687 1262 5748; x_wconf 85' lang='grc' dir='ltr'><strong>εἰς</strong></span> <span class='ocrx_word' id='word_1_793' title='bbox 1307 5685 1403 5747; x_wconf 78' lang='grc' dir='ltr'><strong>τὰς</strong></span> <span class='ocrx_word' id='word_1_794' title='bbox 1431 5685 1891 5750; x_wconf 28' lang='grc' dir='ltr'>ἁπάντωνίὰκοάς.</span> <span class='ocrx_word' id='word_1_795' title='bbox 1927 5688 2030 5743; x_wconf 83' lang='lat' dir='ltr'><strong>Sed</strong></span> <span class='ocrx_word' id='word_1_796' title='bbox 2063 5685 2252 5744; x_wconf 77' lang='lat' dir='ltr'><strong>omnes</strong></span> <span class='ocrx_word' id='word_1_797' title='bbox 2281 5705 2405 5744; x_wconf 90' lang='lat' dir='ltr'><strong>cum</strong></span> 
     </span>
    </p>
   </div>
   <div class='ocr_carea' id='block_1_115' title="bbox 857 5755 2404 5827">
    <p class='ocr_par' dir='ltr' id='par_1_115' title="bbox 857 5755 2404 5827">
     <span class='ocr_line' id='line_1_117' title="bbox 857 5755 2404 5827; baseline 0.003 -19"><span class='ocrx_word' id='word_1_798' title='bbox 857 5755 1012 5814; x_wconf 83' lang='lat' dir='ltr'><strong>editi.</strong></span> <span class='ocrx_word' id='word_1_799' title='bbox 1044 5763 1156 5809; x_wconf 91' lang='lat' dir='ltr'><strong>tum</strong></span> <span class='ocrx_word' id='word_1_800' title='bbox 1184 5771 1312 5827; x_wconf 65' lang='lat' dir='ltr'><strong>mss.</strong></span> <span class='ocrx_word' id='word_1_801' title='bbox 1341 5755 1617 5812; x_wconf 84' lang='lat' dir='ltr'><strong>Athanasii</strong></span> <span class='ocrx_word' id='word_1_802' title='bbox 1643 5767 1699 5812; x_wconf 93' lang='lat' dir='ltr'><strong>et</strong></span> <span class='ocrx_word' id='word_1_803' title='bbox 1729 5759 1968 5814; x_wconf 85' lang='lat' dir='ltr'><strong>Socratis</strong></span> <span class='ocrx_word' id='word_1_804' title='bbox 1990 5759 2152 5827; x_wconf 75' lang='grc' dir='ltr'>εὐχάς</span> <span class='ocrx_word' id='word_1_805' title='bbox 2182 5759 2404 5820; x_wconf 85' lang='lat' dir='ltr'><strong>habent,</strong></span> 
     </span>
    </p>
   </div>
   <div class='ocr_carea' id='block_1_116' title="bbox 861 5825 2407 5898">
    <p class='ocr_par' dir='ltr' id='par_1_116' title="bbox 861 5825 2407 5898">
     <span class='ocr_line' id='line_1_118' title="bbox 861 5825 2407 5898; baseline 0.005 -26"><span class='ocrx_word' id='word_1_806' title='bbox 861 5839 960 5898; x_wconf 68' lang='lat' dir='ltr'><strong>nec</strong></span> <span class='ocrx_word' id='word_1_807' title='bbox 983 5838 1202 5898; x_wconf 74' lang='lat' dir='ltr'><strong>necesse</strong></span> <span class='ocrx_word' id='word_1_808' title='bbox 1225 5825 1438 5880; x_wconf 76' lang='lat' dir='ltr'><strong>videtur</strong></span> <span class='ocrx_word' id='word_1_809' title='bbox 1463 5829 1629 5889; x_wconf 71' lang='grc' dir='ltr'>ἀκοὰς</span> <span class='ocrx_word' id='word_1_810' title='bbox 1649 5829 1827 5897; x_wconf 79' lang='lat' dir='ltr'><strong>legere</strong></span> <span class='ocrx_word' id='word_1_811' title='bbox 1861 5847 1873 5882; x_wconf 89' lang='lat'>:</span> <span class='ocrx_word' id='word_1_812' title='bbox 1902 5825 2234 5898; x_wconf 79' lang='lat' dir='ltr'><strong>Epiphanius</strong></span> <span class='ocrx_word' id='word_1_813' title='bbox 2259 5841 2407 5883; x_wconf 82' lang='lat' dir='ltr'><strong>certe</strong></span> 
     </span>
    </p>
   </div>
   <div class='ocr_carea' id='block_1_117' title="bbox 862 5895 2406 5954">
    <p class='ocr_par' dir='ltr' id='par_1_117' title="bbox 862 5895 2406 5954">
     <span class='ocr_line' id='line_1_119' title="bbox 862 5895 2406 5954; baseline 0.003 -7"><span class='ocrx_word' id='word_1_814' title='bbox 862 5895 1227 5952; x_wconf 60' lang='lat' dir='ltr'><strong>Sclwlastieus</strong></span> <span class='ocrx_word' id='word_1_815' title='bbox 1263 5899 1330 5950; x_wconf 75' lang='lat' dir='ltr'><strong>ad</strong></span> <span class='ocrx_word' id='word_1_816' title='bbox 1373 5899 1602 5952; x_wconf 74' lang='lat' dir='ltr'><strong>euntium</strong></span> <span class='ocrx_word' id='word_1_817' title='bbox 1645 5895 1759 5954; x_wconf 68' lang='lat' dir='ltr'><strong>ruta</strong></span> <span class='ocrx_word' id='word_1_818' title='bbox 1816 5895 1970 5953; x_wconf 64' lang='lat' dir='ltr'><strong>habet</strong></span> <span class='ocrx_word' id='word_1_819' title='bbox 2006 5895 2278 5952; x_wconf 39' lang='lat' dir='ltr'><strong>ﬂllonaehi</strong></span> <span class='ocrx_word' id='word_1_820' title='bbox 2310 5901 2406 5952; x_wconf 61' lang='lat' dir='ltr'><strong>lic:-</strong></span> 
     </span>
    </p>
   </div>
   <div class='ocr_carea' id='block_1_118' title="bbox 2581 5685 4079 5757">
    <p class='ocr_par' dir='ltr' id='par_1_118' title="bbox 2581 5685 4079 5757">
     <span class='ocr_line' id='line_1_120' title="bbox 2581 5685 4079 5757; baseline -0.005 -17"><span class='ocrx_word' id='word_1_821' title='bbox 2581 5701 2608 5740; x_wconf 75' lang='grc' dir='ltr'>(ι</span> <span class='ocrx_word' id='word_1_822' title='bbox 2646 5689 2724 5757; x_wconf 79' lang='grc' dir='ltr'><strong>Τῇ</strong></span> <span class='ocrx_word' id='word_1_823' title='bbox 2759 5689 2876 5742; x_wconf 80' lang='grc' dir='ltr'><strong>τῶν</strong></span> <span class='ocrx_word' id='word_1_824' title='bbox 2915 5685 3177 5742; x_wconf 73' lang='grc' dir='ltr'>εἰδώλων</span> <span class='ocrx_word' id='word_1_825' title='bbox 3205 5689 3408 5756; x_wconf 74' lang='grc' dir='ltr'>πλάνῃ</span> <span class='ocrx_word' id='word_1_826' title='bbox 3437 5688 3523 5742; x_wconf 81' lang='grc' dir='ltr'>ἔτι</span> <span class='ocrx_word' id='word_1_827' title='bbox 3549 5687 3644 5740; x_wconf 71' lang='grc' dir='ltr'>καὶ</span> <span class='ocrx_word' id='word_1_828' title='bbox 3693 5685 3823 5757; x_wconf 60' lang='grc' dir='ltr'><strong>νῦν·Δ</strong></span> <span class='ocrx_word' id='word_1_829' title='bbox 3859 5699 4079 5757; x_wconf 63' lang='grc' dir='ltr'>πρίνιν-</span> 
     </span>
    </p>
   </div>
   <div class='ocr_carea' id='block_1_119' title="bbox 2511 5753 4081 5829">
    <p class='ocr_par' dir='ltr' id='par_1_119' title="bbox 2511 5753 4081 5829">
     <span class='ocr_line' id='line_1_121' title="bbox 2511 5753 4081 5829; baseline -0.006 -15"><span class='ocrx_word' id='word_1_830' title='bbox 2511 5753 2770 5827; x_wconf 74' lang='grc' dir='ltr'>ἐχρντές.</span> <span class='ocrx_word' id='word_1_831' title='bbox 2799 5759 3106 5829; x_wconf 77' lang='lat' dir='ltr'><strong>Legendum</strong></span> <span class='ocrx_word' id='word_1_832' title='bbox 3133 5753 3572 5829; x_wconf 52' lang='grc' dir='ltr'>προσανέλοντες,</span> <span class='ocrx_word' id='word_1_833' title='bbox 3589 5753 3862 5826; x_wconf 86' lang='lat' dir='ltr'><strong>quomodo</strong></span> <span class='ocrx_word' id='word_1_834' title='bbox 3884 5753 4081 5824; x_wconf 79' lang='lat' dir='ltr'><strong>legitur</strong></span> 
     </span>
    </p>
   </div>
   <div class='ocr_carea' id='block_1_120' title="bbox 2514 5828 3573 5898">
    <p class='ocr_par' dir='ltr' id='par_1_120' title="bbox 2514 5828 3573 5898">
     <span class='ocr_line' id='line_1_122' title="bbox 2514 5828 3573 5898; baseline 0.001 -19"><span class='ocrx_word' id='word_1_835' title='bbox 2514 5830 2654 5898; x_wconf 78' lang='lat' dir='ltr'><strong>apud</strong></span> <span class='ocrx_word' id='word_1_836' title='bbox 2695 5828 2948 5883; x_wconf 73' lang='lat' dir='ltr'><strong>Albanas.</strong></span> <span class='ocrx_word' id='word_1_837' title='bbox 2981 5828 3134 5897; x_wconf 80' lang='lat' dir='ltr'><strong>Apol.</strong></span> <span class='ocrx_word' id='word_1_838' title='bbox 3163 5845 3217 5881; x_wconf 86' lang='lat' dir='ltr'><strong>II.</strong></span> <span class='ocrx_word' id='word_1_839' title='bbox 3248 5829 3333 5881; x_wconf 86' lang='lat' dir='ltr'><strong>W.</strong></span> <span class='ocrx_word' id='word_1_840' title='bbox 3361 5828 3573 5882; x_wconf 78' lang='lat' dir='ltr'><strong>Lowru.</strong></span> 
     </span>
    </p>
   </div>
   <div class='ocr_carea' id='block_1_121' title="bbox 2589 5893 4074 5967">
    <p class='ocr_par' dir='ltr' id='par_1_121' title="bbox 2589 5893 4074 5967">
     <span class='ocr_line' id='line_1_123' title="bbox 2589 5893 4074 5967; baseline -0.003 -17"><span class='ocrx_word' id='word_1_841' title='bbox 2589 5909 2608 5935; x_wconf 78' lang='grc' dir='ltr'><strong>τ</strong></span> <span class='ocrx_word' id='word_1_842' title='bbox 2650 5900 2984 5967; x_wconf 64' lang='grc' dir='ltr'>Ἐπιστολή.</span> <span class='ocrx_word' id='word_1_843' title='bbox 3021 5893 3220 5962; x_wconf 61' lang='lat' dir='ltr'><strong>Regius</strong></span> <span class='ocrx_word' id='word_1_844' title='bbox 3251 5899 3418 5952; x_wconf 60' lang='lat' dir='ltr'><strong>emlcs</strong></span> <span class='ocrx_word' id='word_1_845' title='bbox 3453 5911 3578 5953; x_wconf 80' lang='lat' dir='ltr'><strong>ante</strong></span> <span class='ocrx_word' id='word_1_846' title='bbox 3606 5899 3744 5952; x_wconf 85' lang='lat' dir='ltr'><strong>hanc</strong></span> <span class='ocrx_word' id='word_1_847' title='bbox 3787 5893 4074 5965; x_wconf 82' lang='lat' dir='ltr'><strong>epistolam</strong></span> 
     </span>
    </p>
   </div>
  </div>
