4524 6582
414 500 509 556 9.61

1399 493 1719 550 IIISTOIIIA
1761 496 2312 554 ECCLESIASTICA.
2354 530 2423 539 —-
2462 504 2589 558 LIB.
2632 506 2692 557 ll.

3557 513 3662 571 263

416 614 646 668 νούντων
684 606 987 677 Ἀθανασίῳ
1028 606 1105 677 τῷ
1149 606 1433 675 ἐπισκὸπῳ
1468 608 1709 677 πραχθὲν
1731 608 1981 679 εύρίσκε-
2013 623 2055 674 Λ
2087 615 2181 680 qui

1872 626 1981 662 ι’κε-
2013 623 2055 674 Λ
2087 615 2181 680 qui
2214 630 2337 667 eum
2373 615 2673 670 Athanasio
2708 619 3139 685 communicant,
3175 622 3407 679 antehac
3447 636 3658 695 gestum

415 723 534 767 ται,
568 700 724 755 τοῦτο
766 698 862 752 νῦν
906 696 1308 766 ἁπαλειφθῆναι
1357 696 1677 767 βουλόμεθα.
1724 700 1834 751 Καὶ
1878 698 1987 770 γὰρ

415 797 513 865 τὴν
555 788 1010 860 ἁλειτουργησίαν
1035 800 1054 826 ⁵
1087 790 1154 859 ἣν
1219 789 1268 840 οἱ
1314 788 1480 841 αὐτοῦ
1519 789 1771 861 κληρικοὶ
1807 785 1983 860 εἶχον,

416 887 513 956 τὴν
566 883 736 953 αὐτὴν
787 879 948 933 πάλιν
1003 879 1229 949 θέλομεν
1282 878 1444 948 ἔχειν.
1509 880 1727 951 Ταύτην
1778 882 1837 934 δὲ
1889 882 1986 952 τὴν

417 976 691 1047 ἡμετέραν
734 970 1029 1044 πρόσταξιν
1082 970 1419 1041 φυλαχθῆναι
1465 971 1799 1042 βουλόμεθαο
1843 973 1983 1028 ὥστε

416 1065 766 1129 ἀποδοθέντος
800 1064 1120 1119 Ἀθανασίου
1140 1062 1234 1116 τοῦ
1257 1064 1554 1118 ἐπισκόπου
1571 1068 1637 1134 τῇ
1667 1064 1983 1135 Ἐκκλησία,

416 1161 542 1222 τοὺς
590 1156 979 1219 κοινωνοῦντας
1030 1155 1180 1225 αὐτῷ
1224 1156 1368 1226 ἔχειν
1414 1156 1864 1227 ἀλειτουργησίαν
1919 1159 1985 1228 ἣν

416 1252 502 1305 ἀεὶ
543 1250 738 1320 ἔσχον,
785 1249 853 1320 ἢν
897 1248 990 1303 καὶ
1030 1249 1081 1300 οἱ
1128 1248 1303 1301 λοιποὶ
1348 1248 1600 1318 κληρικοὶ
1642 1248 1885 1319 ἔχουσιν
1920 1249 1986 1303 ἵν’

416 1341 588 1407 οὕτως
617 1343 832 1413 ἔχοντες
853 1378 868 1404 ,
898 1340 993 1393 καὶ
1025 1340 1177 1393 αὐτοὶ
1214 1341 1500 1411 χαίρωσιν.

1026 1558 1277 1614 ΚΕΦΑΛ.
1320 1559 1447 1612 KA'.

424 1660 524 1725 Ὠς
563 1654 904 1719 Ἀθσνὰσιος
947 1652 1043 1705 ἐπὶ
1083 1651 1199 1725 τὴν
1246 1649 1694 1725 Ἀλεξάνδρειαν
1728 1650 1826 1704 διὰ
1869 1650 1988 1705 τῶν

498 1721 921 1794 Ἱεροσολύμων
949 1722 1176 1794 παριῲν
1192 1759 1206 1782 ,
1232 1722 1356 1794 ι)πρ
1375 1721 1650 1794 Μαξίμου
1674 1725 1761 1794 εἰς
1781 1739 1984 1794 κοινωτ

484 1790 625 1852 νίἁν
655 1790 977 1861 ἀνεδέχθη,
1033 1791 1133 1844 καὶ
1173 1790 1439 1843 σύνοδον
1481 1792 1866 1858 ἐπισκόπων,
1912 1792 1986 1845 τὰ

482 1869 552 1921 ἐν
577 1867 790 1931 Νικαίᾳ
824 1862 1157 1931 κυροῦσαν,
1184 1861 1553 1930 συνήγαγεν.

2089 706 2388 772 reperitur,
2424 708 2475 761 id
2506 710 2731 763 omnino
2760 711 3014 765 volumus
3042 712 3269 768 aboleri.
3304 717 3437 771 Nam
3476 727 3533 771 et
3562 722 3663 774 im-

2087 796 2433 861 munitatem,
2468 815 2633 867 quam
2661 801 2780 870 ejus
2799 802 2985 856 clerici
3011 803 3141 858 olim
3161 806 3491 875 habuerunt,
3515 827 3662 866 eam-

2088 885 2211 938 dem
2248 904 2393 941 nunc
2421 890 2619 942 iterum
2664 891 2870 946 habere
2921 894 3291 951 decernimus.
3344 900 3492 956 IIanc
3529 919 3662 958 vero

2086 978 2385 1048 iussionem
2432 990 2675 1035 nostram
2716 984 2790 1038 ita
2837 986 3090 1040 volumus
3134 989 3420 1056 custodiri,
3465 1002 3525 1047 ut
3571 1011 3661 1049 re—

2089 1070 2281 1123 stituto
2311 1071 2571 1127 Ecclesia:
2627 1089 2738 1129 sua:
2787 1077 3085 1133 Athanasio
3146 1081 3433 1152 episcopo,
3482 1086 3537 1139 hi
3566 1088 3659 1155 qui

2087 1173 2211 1209 cum
2239 1174 2305 1212 eo
2332 1164 2755 1226 communicant,
2792 1168 3039 1221 eamdem
3068 1168 3305 1225 habeant
3342 1171 3664 1229 immunita-

2088 1257 2216 1313 tem,
2247 1266 2409 1319 quam
2439 1261 2495 1306 et
2522 1255 2623 1323 ipsi
2651 1256 2804 1324 prius
2839 1258 3168 1325 habuerunt,
3208 1269 3263 1315 et
3294 1263 3491 1333 reliqui
3516 1266 3659 1319 obti-

2087 1351 2220 1394 nent
2256 1343 2484 1398 clerici:
2528 1362 2637 1415 quo
2690 1348 2853 1401 rebus
2894 1350 3009 1404 suis
3046 1352 3123 1405 ita
3167 1354 3502 1421 constitutis,
3557 1356 3660 1426 ipsi

2087 1449 2305 1503 quoque
2335 1436 2522 1491 lmtitia
2554 1438 2929 1506 perfruantur.

2684 1573 2835 1628 CAP.
2871 1575 3059 1631 XXIV.

2087 1656 2356 1744 Qu'o'ntodo
2388 1660 2710 1744 Athanasius
2740 1665 3120 1744 Alexandriam
3158 1670 3380 1744 rediens,
3415 1690 3531 1726 cum
3569 1691 3665 1744 per

2156 1727 2578 1799 Hierosolymam
2617 1736 2886 1797 transiret,
2923 1756 2953 1788 α
2983 1738 3218 1791 Maximo
3249 1740 3301 1791 in
3335 1727 3660 1797 communio-

2155 1815 2273 1879 nem
2294 1810 2573 1880 susceptus
2607 1810 2703 1881 est,
2738 1814 2784 1857 et
2814 1807 3070 1881 synodum
3113 1812 3473 1881 episcoporum
3498 1814 3659 1867 colle-

2156 1870 2251 1938 git,
2287 1870 2340 1921 in
2376 1887 2481 1939 qua
2511 1870 2929 1939 conﬁrnzata'est
2959 1876 3087 1942 ﬁdes
3119 1870 3356 1934 Nirwria.

484 1979 615 2039 Ταῖς
656 1974 934 2035 τοιαύταις
979 1970 1290 2034 ἐπιστολαῖς
1322 1970 1622 2041 ὀχυρωοεὶς
1667 1971 1978 2035 Ἀθανάσιος
2018 1967 2058 2022 Β
2156 1982 2270 2052 11ιῲ

1876 1990 1978 2035 Ito;
2018 1967 2058 2022 Β
2156 1982 2481 2052 IIujusmodi
2524 1986 2731 2041 litteris
2773 1992 3021 2044 munitus
3070 1992 3405 2049 Athanasius
3446 1998 3662 2066 episeo-

416 2074 443 2123 ὁ
476 2070 803 2130 ἐπίσκοπος,
835 2065 924 2118 διὰ
965 2064 1066 2131 τῆς
1095 2063 1291 2133 Συρίας
1332 2065 1609 2135 ὁρμήσας,
1642 2065 1740 2133 τῆς
1782 2064 1980 2118 Παλαι-

417 2163 599 2230 στίνης
634 2158 804 2229 ὲπέὀη
848 2161 891 2211 ί.
928 2153 1267 2209 Καταλαὸών
1288 2173 1348 2209 τε
1383 2156 1450 2209 τὰ
1492 2156 1865 2226 Ἰεροσόλυμα,
1892 2157 1985 2210 καὶ

413 2255 492 2327 τῷ
548 2254 832 2321 ὲπισκόπῳ
889 2250 1129 2322 Μαξίμῳ
1179 2248 1468 2318 καταφανῆ
1521 2249 1750 2317 ποιήσας
1803 2247 1873 2301 τά
1924 2265 1985 2301 τε

415 2349 519 2401 ὑπὸ
552 2348 649 2418 τῆς
689 2348 745 2398 ἐν
781 2345 1018 2416 Σαρδικῇ
1066 2342 1283 2396 συνόδου
1316 2338 1664 2409 γνωσθέντα,
1716 2340 1809 2393 καὶ
1857 2340 1931 2401 ὡς
1958 2340 1985 2392 ὁ

419 2439 671 2510 βασιλεὺς
724 2436 1104 2498 Κωνστάντιος
1162 2438 1228 2505 τῇ
1273 2434 1497 2489 ἐκείνων
1548 2433 1727 2502 κρίσει
1769 2431 1987 2499 ἐγένετο

418 2531 736 2602 σύμψηφος,
777 2527 1186 2598 παρασκευάζει
1226 2525 1442 2578 σύνοδον
1459 2526 1569 2577 τῶν
1611 2527 1728 2577 ἐκεῖ
1768 2524 1987 2576 ἐπισκό-

416 2644 531 2679 πων
570 2624 840 2693 γενὲσθαι.
886 2620 1138 2691 Μάξιμός
1184 2635 1243 2673 τε
1292 2619 1456 2688 μηδὲν
1513 2617 1811 2687 μελλήσας,
1859 2634 1985 2686 μετ-

416 2718 693 2788 επέμπετο
740 2714 890 2777 τινὲς
919 2712 1027 2766 τῶν
1072 2712 1179 2765 ἀπὸ
1226 2711 1425 2781 Συρίας
1479 2709 1570 2763 καὶ
1618 2709 1985 2779 Παλαιστίνης

417 2810 763 2863 ἐπισκόπων·
790 2808 885 2861 καὶ
926 2805 1156 2868 καθίσας
1199 2804 1506 2875 συνέδριον,
1552 2802 1848 2856 ἀποδίδωσι
1892 2802 1987 2855 καὶ

417 2902 579 2964 αὐτὸς
615 2902 714 2969 τὴν
742 2898 1028 2953 κοινωνίαν
1073 2895 1371 2965 ’Δθανασίῳ
1396 2896 1491 2947 καὶ
1515 2896 1611 2965 τὴν
1638 2894 1814 2960 ἀξίαν.
1842 2894 1985 2964 Γρά-

416 3010 505 3061 φει
537 3010 595 3044 τε
614 2992 705 3045 καὶ
720 2989 859 3060 αὑτὴ
879 2991 913 3061 ἡ
932 2988 1271 3057 σύνοδος(ῖὸ)
1293 2990 1403 3049 τοῖς
1425 3003 1482 3038 τε
1502 2987 1558 3038 ὲν
1587 2986 1985 3057 Ἀλεξανδρείᾳ,

414 3083 510 3136 καὶ
540 3084 672 3135 πᾶσι
720 3082 832 3143 τοῖς
877 3080 933 3132 ὲν
965 3078 1226 3146 Αἰγύπτῳ
1268 3077 1363 3131 καὶ
1406 3076 1584 3146 Λιϐύῃ
1635 3078 1982 3141 ἐπισκόποις,

413 3174 483 3227 τὰ
511 3172 827 3243 ἐγνωσμένα
860 3172 953 3225 καὶ
981 3170 1327 3240 ἐψηφισμένα
1356 3169 1485 3240 περὶ
1516 3169 1836 3222 Ἀθανασίου
1855 3186 1869 3199 ο
1899 3170 1983 3238 ἐφ’

414 3259 459 3332 ᾧ
482 3264 684 3334 σςόδρα
729 3263 1193 3332 κατεμωκήσαντο
1230 3260 1323 3313 τοῦ
1364 3260 1619 3330 Μαξίμου
1647 3260 1697 3313 οἱ
1729 3261 1983 3329 ἀπεχθῶς

2086 2088 2209 2143 pus,
2243 2086 2466 2146 arrepto
2509 2094 2610 2147 per
2664 2080 2874 2150 Syriam
2930 2082 3148 2148 itinere,
3202 2086 3257 2139 in
3319 2087 3661 2143 Palaastinani

2085 2170 2357 2234 pervenit.
2384 2171 2778 2242 Ingressusque
2802 2173 3257 2246 Hierosolymam,
3289 2178 3520 2233 Maximo
3540 2181 3664 2250 ejus

2086 2259 2324 2314 civitatis
2356 2261 2617 2331 episcopo
2650 2272 2848 2319 cuncta
2891 2281 3013 2334 qua:
3043 2267 3098 2319 in
3136 2266 3449 2322 Serdicensi
3480 2271 3665 2325 conci-

2088 2351 2160 2403 lio
2201 2361 2350 2422 gesta
2408 2352 2627 2409 fuerant
2660 2357 2933 2426 exposuit,
2974 2366 3031 2411 et
3074 2360 3310 2428 qualiter
3364 2362 3662 2430 imperator

2084 2442 2440 2499 Constantius
2485 2446 2724 2501 decretis
2767 2449 2961 2518 synodi
3014 2452 3431 2506 consensisset:
3478 2452 3660 2507 dedit-

2088 2549 2195 2602 que
2222 2550 2447 2604 operam
2480 2544 2541 2589 ut
2570 2539 2955 2608 episcoporum
2996 2541 3145 2596 illius
3172 2544 3467 2611 provincia:
3497 2560 3661 2616 syno-

2086 2624 2190 2678 dus
2212 2634 2656 2695 congregaretur.
2691 2628 2957 2684 Maximus
2984 2646 3117 2685 vero
3164 2634 3301 2686 nihil
3348 2643 3660 2701 cunctatus,

2088 2714 2353 2783 quosdam
2390 2729 2458 2769 ex
2500 2717 2775 2787 episc0pis
2818 2718 2990 2790 Syriae
3034 2736 3099 2777 ac
3134 2722 3433 2779 Palaestina:
3479 2741 3665 2780 accer-

2088 2808 2195 2871 sit,
2245 2808 2638 2879 celebratoque
2684 2827 2750 2865 ex
2780 2828 2935 2867 more
2976 2815 3234 2881 concilio,
3279 2815 3395 2885 ipse
3443 2834 3665 2888 quoque

2086 2903 2531 2957 communionem
2578 2912 2635 2957 et
2677 2904 2965 2972 pristinam
3001 2905 3321 2976 dignitatem
3362 2910 3665 2966 Athanasio

2089 2994 2351 3048 restituit.
2396 2994 2501 3048 Sed
2540 3002 2594 3048 et
2621 2997 2862 3067 synodus
2888 2998 3275 3053 Alexandrinis
3298 3011 3353 3054 et
3390 3002 3665 3057 universis

2086 3101 2185 3155 per
2216 3085 2427 3157 Syriam
2455 3096 2509 3141 et
2545 3087 2835 3159 {Egyptum
2860 3090 3138 3159 episcopis
3165 3107 3227 3145 ea
3252 3108 3372 3160 qua:
3394 3092 3461 3147 de
3497 3094 3664 3148 Atha-

2088 3178 2242 3232 nasio
2276 3186 2480 3233 statuta
2503 3180 2856 3250 judiealaque
2891 3190 3072 3246 erant,
3096 3199 3195 3252 per
3233 3184 3447 3238 litteras
3492 3186 3663 3255 signi-

2090 3266 2292 3323 ﬁcavit.
2327 3266 2443 3333 Qua
2472 3269 2539 3322 de
2576 3286 2760 3335 causa,
2808 3271 3014 3326 inimici
3052 3271 3335 3327 Athanasii
3370 3274 3663 3330 Maximum

414 3331 629 3426 ἔχοντες
659 3354 796 3425 πρὸς
840 3331 1185 3418 Ἀθανὰσιον,
1216 3354 1296 3406 ὅτι
1326 3353 1588 3424 πρότερον
1616 3352 1857 3406 καθελὼν
1885 3354 1984 3406 αύ-
2009 3331 2053 3389 C
2087 3371 2197 3413 non

1885 3354 1984 3406 αύ-
2009 3331 2053 3389 C
2087 3371 2197 3413 non
2222 3358 2576 3413 mediocriter
2617 3360 2935 3425 irriserunt,
2965 3361 3112 3431 quod
3144 3378 3269 3416 cum
3307 3372 3465 3416 antea
3497 3364 3666 3433 depo-

413 3447 504 3502 τὸν
532 3456 560 3484 ιι
580 3488 593 3512 ,
622 3443 776 3510 αὖθις
804 3448 867 3499 ὲκ
910 3446 1272 3517 μεταμελείας
1297 3445 1374 3508 ὡς
1409 3445 1633 3516 μηδενὸς
1666 3446 1981 3515 γενομένου,

409 3539 592 3609 ψῆφον
618 3538 761 3609 ὑπὲρ
796 3537 1112 3591 Ἀθανασίου
1143 3536 1433 3608 ἐξήνεγκεν
1452 3577 1467 3599 ,
1496 3538 1597 3607 τήν
1620 3555 1678 3590 τε
1700 3539 1983 3591 κοινωνίαν

413 3632 563 3702 αὐτῷ
614 3633 711 3685 καὶ
748 3630 851 3701 τὴν
897 3630 1052 3694 ἀξίαν
1105 3630 1473 3700 παρέχουσαν.
1528 3630 1714 3683 Ταῦτα
1763 3630 1983 3697 γνόντες

412 3725 715 3794 Ούρσάκιος
779 3722 870 3775 καὶ
944 3721 1194 3793 Οὐάλης.
1259 3723 1309 3776 οἱ
1375 3721 1506 3792 περὶ
1556 3722 1618 3773 τὸ
1685 3722 1981 3791 ’Δρειὰνιον

410 3816 588 3885 δόγμα
617 3814 881 3885 πρότερον
908 3813 1185 3884 διαπύρως
1222 3812 1611 3876 σπουδάζοντες
1632 3853 1645 3875 ,
1678 3814 1977 3879 καταγνόν-

411 3922 501 3968 τες
528 3905 647 3957 τότε
672 3904 770 3974 τῆς
805 3902 1180 3975 προλαῦούσης
1210 3903 1441 3974 σπουδῆς
1460 3946 1473 3969 ,
1503 3902 1595 3955 ὲπὶ
1622 3903 1720 3974 τὴν
1757 3903 1976 3974 Ῥώμην

2085 3448 2287 3501 suisset
2318 3448 2699 3512 Athanasium,
2744 3460 2876 3507 tunc
2903 3460 3130 3523 repente
3156 3462 3369 3507 mutato
3407 3456 3662 3519 consilia,

2081 3540 2310 3609 perinde
2338 3543 2493 3609 quasi
2519 3542 2654 3596 nihil
2697 3544 2855 3612 prius
2883 3552 3094 3614 gestum
3125 3552 3292 3609 esset,
3336 3547 3662 3600 sententiam

2080 3648 2182 3701 pro
2227 3632 2423 3687 eodem
2458 3634 2686 3697 tulerat,
2720 3651 2827 3704 qua
2867 3636 3182 3689 communio
3211 3636 3289 3689 illi
3328 3651 3391 3690 ac
3426 3636 3662 3707 dignitas

2080 3721 2430 3778 reddebatur.
2476 3726 2576 3780 llis
2611 3727 2909 3796 compertis
2936 3727 3196 3782 Ursacius
3224 3735 3281 3781 et
3313 3729 3531 3793 Valens,
3564 3734 3661 3800 qui

2086 3815 2242 3884 prius
2286 3815 2618 3871 Arianorum
2668 3818 2906 3889 dogmati
2967 3817 3248 3873 mordicus
3299 3820 3662 3885 adhteserant.

2085 3905 2340 3961 damnato
2375 3909 2560 3977 priore
2606 3910 2809 3976 studio,
2845 3910 3074 3965 Romam
3129 3926 3188 3966 se
3236 3912 3547 3969 conferunt.
3596 3916 3663 3972 Et

1611 4077 1879 4132 VALESII
1920 4079 2469 4138 ANNOTATIONES.

409 4219 792 4289 episcoporum
823 4215 921 4289 qui
952 4215 1240 4289 formulam
1259 4287 1272 4289 _
1290 4216 1472 4289 Acacii
1494 4287 1507 4289 _
1524 4216 1975 4289 comprobarunt,

411 4286 548 4359 quas
572 4286 739 4343 refert
769 4286 1106 4359 Epiphanius
1150 4288 1205 4359 in
1258 4287 1450 4359 baaresi
1487 4287 1975 4359 Semiarianorum,

410 4356 643 4429 legimus
660 4359 801 4413 inter
818 4356 1036 4420 camara,
1060 4356 1386 4427 Πτολεμαῖος
1405 4358 1702 4420 ἐπίσκοπος
1723 4356 1980 4428 Θμούεως

412 4430 861 4497 Δὺγουστονίκης.

483 4498 595 4567 (ῑῖ.)
647 4494 871 4567 Γράφει
922 4515 986 4552 τε
1037 4494 1135 4550 καὶ
1185 4497 1338 4561 αὺτὴ
1371 4497 1409 4563 ἡ
1439 4494 1722 4563 σύνοδος.
1765 4494 1979 4567 Maiiem

412 4565 654 4623 scribere
686 4565 884 4638 γράφει
909 4568 986 4638 δέ.
1018 4569 1187 4623 Porro
1228 4567 1343 4638 haec
1365 4567 1595 4638 epistola
1626 4565 1820 4638 synodi
1849 4565 1980 4638 I_Iie-

414 4635 810 4709 rosolymitanaa
848 4637 1081 4693 habetur
1113 4636 1256 4708 apud
1293 4635 1667 4692 Athanasium
1690 4636 1747 4689 in
1780 4635 1981 4690 Defen-

2082 4233 2235 4273 suone
2273 4218 2511 4273 secunda
2548 4217 2811 4273 adversus
2838 4218 3089 4285 Arianos,
3121 4238 3229 4277 una
3268 4238 3392 4277 cum
3424 4223 3662 4278 nomini-

2083 4289 2187 4343 bus
2207 4289 2594 4362 episcoporum
2613 4289 2706 4357 qui
2727 4288 2777 4362 ei
2799 4291 3017 4362 synodo
3054 4293 3518 4362 subscripserunt.
3542 4293 3661 4349 Ca:-

2082 4367 2261 4412 terum
2292 4357 2631 4412 observanda
2652 4366 2735 4412 est
2757 4357 2851 4411 hic
2875 4360 3055 4414 obiter
3082 4357 3381 4417 auctoritas
3408 4365 3664 4418 Hieroso-

2084 4428 2329 4501 lymitani
2348 4428 2716 4501 episcopi,iqui
2743 4428 2875 4483 licet
2891 4432 3349 4501 metropolitanus
3364 4449 3473 4488 non
3491 4440 3661 4497 esset,

2082 4498 2294 4552 vicinos
2340 4507 2519 4570 tamen
2541 4499 2840 4570 episcopos
2858 4498 2924 4553 ad
2961 4498 3230 4570 synodum
3259 4505 3509 4559 evocavit
3530 4503 3661 4557 abs-

2085 4584 2192 4642 que
2218 4569 2492 4645 permissu
2525 4566 2877 4624 Cazsariensis
2905 4566 3175 4641 episcopi.

1848 4786 2229 4844 VARIORUM.

411 4926 596 5007 habe't,
621 4926 883 5007 ἑρμηνεία
909 4925 1132 5007 τούτων,
1166 4925 1366 5007 quibus
1404 4924 1582 5007 innuit
1610 4922 1983 5007 hanc‘episio-
2016 4928 2061 4982 D
2089 4924 2430 5007 pervenisset
2461 4922 2809 5007 Athanasius.
2837 4938 3025 5007 omnes
3048 4924 3200 5007 illius
3221 4928 3659 5007 provineheepij

412 5000 518 5051 lam
541 4994 730 5050 Latine
750 4994 991 5065 primum
1020 4997 1298 5065 scriptam,
1324 4994 1508 5051 Graece
1551 4994 1981 5065 fuisseitransla-

413 5079 540 5121 tam.
589 5062 777 5135 (Iidem
822 5065 1023 5120 Annot.
1050 5066 1103 5119 in
1132 5062 1419 5129 Albanas,
1450 5081 1504 5134 p.
1538 5062 1683 5135 I74.)
1715 5064 1848 5135 Erat
1879 5078 1980 5135 au-

414 5146 519 5217 tem
550 5133 970 5217 Augustamnica
1019 5152 1144 5217 mox
1177 5133 1496 5217 memorata,
1525 5133 1979 5217 pars"orienl'alis

411 5203 690 5265 inferioris
734 5207 970 5277 IEgypti,
1018 5207 1334 5277 Ptolemaio,
1376 5203 1538 5277 inter
1572 5203 1823 5277 Arabiam
1870 5203 1975 5257 Pe-

412 5293 597 5337 trzeam
626 5288 683 5332 et
702 5273 942 5332 Judiéa—m
965 5276 1031 5329 ad
1062 5285 1263 5338 ortum,
1289 5285 1344 5330 et
1364 5275 1573 5329 Deltam
1604 5273 1670 5326 ad
1694 5288 1969 5337 occasum,

410 5363 559 5405 mare
594 5347 1049 5403 Mediterraneum
1075 5348 1140 5401 ad
1173 5347 1420 5411 Boream,
1444 5354 1498 5400 et
1518 5343 1809 5415 IEgyptum
1852 5359 1973 5397 me-

409 5424 552 5475 diam
587 5420 652 5494 ad
680 5419 985 5494 meridiem.
1020 5417 1357 5494 BACDRANQ-u
1423 5484 1435 5494 ,
1626 5482 1661 5494 Α
1775 5492 1781 5494 _
1869 5484 1899 5494 Α.

481 5497 503 5523 ³
548 5488 667 5555 Τὴν
715 5489 1233 5555 ἀλειτουργησιάν.
1296 5484 1565 5539 Nimirum
1616 5482 1974 5555 Constantius

408 5558 654 5622 clericos,
678 5561 770 5627 qui
794 5554 1146 5613 adhwrebant
1171 5556 1485 5627 Athanasio,
1506 5555 1573 5609 iis
1612 5554 1973 5627 immunitati-

408 5631 510 5685 bus
529 5625 854 5697 privarerat,
876 5627 1075 5697 quibus
1090 5629 1269 5681 caeteri
1294 5625 1617 5697 fruebantur
1633 5642 1653 5697 _:
1670 5626 1812 5679 unde
1836 5639 1973 5697 quc-

407 5694 549 5755 ritur
587 5699 768 5753 Julius
792 5694 931 5769 papa
971 5697 1025 5751 in
1054 5696 1283 5769 epistola
1310 5695 1377 5750 ad
1407 5694 1739 5769 Orientales,
1757 5694 1972 5769 “ortho-

404 5768 577 5825 doxos
604 5764 835 5823 clericos
866 5764 1157 5837 δημοσίαις
1188 5766 1543 5837 λειτουργίαις
1570 5764 1972 5837 παραδίδοσθαι,

407 5836 851 5916 ppud_Ath_ana_s.
879 5836 1032 5916 Apol.
1070 5853 1127 5891 ιι.
1150 5836 1516 5916 δνεξιονιίτιι.“
1554 5905 1569 5916 ἱ

487 5916 501 5949 ι
541 5911 653 5975 Τῆς
682 5905 1090 5971 Παλαιστίνης
1137 5906 1341 5975 ἐπέϐη.
1381 5906 1441 5960 1η
1479 5905 1820 5962 Palaestinam
1851 5919 1975 5961 cum

2088 4992 2484 5066 Scopi,duobus
2509 4992 2596 5066 vei
2623 4993 2799 5050 tribus
2816 4995 3077 5064 exceptis,
3110 4992 3425 5066 Patrophilo
3451 4992 3661 5057 scilicet

2084 5072 2140 5136 et
2162 5064 2377 5136 Acacio,
2407 5069 2467 5116 ut
2492 5062 2726 5136 amicum
2761 5062 3053 5136 excepere;
3089 5062 3394 5136 litterisque
3423 5074 3659 5126 nonnul-

2082 5132 2150 5186 lis
2176 5134 2318 5203 apud
2347 5148 2495 5215 eum,
2522 5147 2580 5215 se
2607 5131 3165 5215 factorumpcenite‘re
3209 5131 3480 5193 testiﬁcati
3509 5152 3657 5205 sunt,

2080 5219 2181 5257 nec
2211 5209 2591 5273 su0pteﬂmotu
2626 5220 2689 5257 ac
2724 5204 2972 5267 consilio,
3018 5205 3111 5258 sed
3150 5215 3297 5260 metu
3340 5225 3402 5263 ac
3449 5204 3661 5266 terrore

2078 5272 2387 5343 compulsos
2407 5272 2618 5325 litteras
2638 5273 2900 5328 adversus
2920 5290 3046 5328 cum
3069 5275 3305 5331 dedisse.
3324 5278 3459 5332 Vide
3487 5280 3659 5334 Atha-

2076 5359 2194 5419 ηαξ.
2220 5343 2379 5419 Apol.
2410 5350 2603 5396 contra
2635 5344 2891 5408 Arianos,
2937 5360 3058 5416 pag.
3111 5346 3233 5409 I73,
3282 5357 3337 5402 et
3380 5349 3555 5419 Epist.
3591 5351 3659 5405 ad

2082 5413 2384 5469 Solitarios.

2150 5495 2177 5523 ιι
2206 5484 2324 5537 Ὅτι
2355 5485 2643 5554 πρότερον
2672 5484 2940 5537 καθελὼν
2962 5488 3168 5539 αὐτόν.
3197 5485 3255 5539 In
3283 5488 3518 5542 concilio
3552 5490 3661 5544 sci—

2080 5552 2208 5627 licet
2236 5554 2361 5627 Tyri
2386 5552 2541 5627 anno
2558 5556 2662 5609 555
2686 5554 2895 5627 habito,
2921 5555 3014 5608 ubi
3040 5556 3306 5610 Maximus
3331 5558 3662 5627 depositioni

2080 5624 2811 5697 Athanasiisubscripserat.
2849 5626 3042 5679 Postea
3076 5635 3256 5697 autem
3301 5624 3564 5697 reputans
3603 5643 3663 5683 se

2079 5694 2271 5765 fraude
2292 5694 2621 5750 Arianorum
2652 5694 3106 5765 circumventum,
3140 5704 3195 5749 et
3225 5696 3352 5751 facti
3367 5694 3663 5765 paeniten-

2083 5764 2211 5837 tiam
2248 5778 2435 5834 agens,
2463 5764 2783 5837 earumdem
2809 5764 2973 5819 coetui
2998 5765 3303 5837 Antiochiae
3331 5764 3663 5837 congregato

2082 5835 2351 5907 interesse
2390 5852 2497 5907 rion
2543 5835 2842 5907 sustinuit;
2876 5843 2933 5888 ut
2960 5835 3147 5907 scribit
3185 5835 3571 5907 Socrates—lib.
3597 5852 3660 5907 ιι,

2083 5920 2201 5976 cap.
2228 5904 2282 5972 8,
2316 5912 2373 5961 et
2400 5905 2616 5961 Sozom.
2649 5898 2745 5960 l'ib.
2781 5898 2859 5972 m,
2902 5920 3021 5975 cap.
3047 5906 3100 5972 6,
3125 5906 3227 5961 sub
3260 5905 3442 5961 ﬁnem.
