  <div class='ocr_page' id='page_1' title='image "/cluster/home/n/w/nwhite01/storage/ocr_20150623/67/pst.000009865921/149.png"; bbox 0 0 4524 6582; ppageno 0'>
   <div class='ocr_carea' id='block_1_1' title="bbox 790 434 2576 544">
    <p class='ocr_par' dir='ltr' id='par_1_1' title="bbox 790 434 2576 544">
     <span class='ocr_line' id='line_1_1' title="bbox 790 434 2576 544; baseline -0.004 -4"><span class='ocrx_word' id='word_1_1' title='bbox 790 434 791 437; x_wconf 4' lang='grc' dir='ltr'><strong><em>Ν</em></strong></span> <span class='ocrx_word' id='word_1_2' title='bbox 828 477 941 544; x_wconf 70' lang='lat'><strong>263</strong></span> <span class='ocrx_word' id='word_1_3' title='bbox 2311 476 2576 533; x_wconf 71' lang='lat' dir='ltr'><strong>soanr</strong></span> 
     </span>
    </p>
   </div>
   <div class='ocr_carea' id='block_1_2' title="bbox 2318 434 4104 544">
    <p class='ocr_par' dir='ltr' id='par_1_2' title="bbox 2318 476 4104 538">
     <span class='ocr_line' id='line_1_2' title="bbox 2318 476 4104 538; baseline 0.003 -5"><span class='ocrx_word' id='word_1_4' title='bbox 2318 476 2648 534; x_wconf 83' lang='lat' dir='ltr'><strong>SOCRATIS</strong></span> <span class='ocrx_word' id='word_1_5' title='bbox 3995 479 4104 538; x_wconf 62' lang='grc'><strong>264</strong></span> 
     </span>
    </p>
   </div>
   <div class='ocr_carea' id='block_1_3' title="bbox 829 593 2615 669">
    <p class='ocr_par' dir='ltr' id='par_1_3' title="bbox 829 595 2615 669">
     <span class='ocr_line' id='line_1_3' title="bbox 829 595 2615 669; baseline -0.005 -13"><span class='ocrx_word' id='word_1_6' title='bbox 829 599 1082 656; x_wconf 82' lang='lat' dir='ltr'><strong>libellum</strong></span> <span class='ocrx_word' id='word_1_7' title='bbox 1132 597 1473 669; x_wconf 69' lang='lat' dir='ltr'><strong>pmnitentia:</strong></span> <span class='ocrx_word' id='word_1_8' title='bbox 1522 596 1672 652; x_wconf 86' lang='lat' dir='ltr'><strong>Julio</strong></span> <span class='ocrx_word' id='word_1_9' title='bbox 1723 595 1988 666; x_wconf 83' lang='lat' dir='ltr'><strong>episcopo</strong></span> <span class='ocrx_word' id='word_1_10' title='bbox 2038 595 2420 665; x_wconf 81' lang='lat' dir='ltr'><strong>porrigentes,</strong></span> <span class='ocrx_word' id='word_1_11' title='bbox 2450 595 2615 660; x_wconf 74' lang='grc' dir='ltr'><strong>Αάνὶ</strong></span> 
     </span>
    </p>
   </div>
   <div class='ocr_carea' id='block_1_4' title="bbox 2323 593 4109 669">
    <p class='ocr_par' dir='ltr' id='par_1_4' title="bbox 2324 593 4109 667">
     <span class='ocr_line' id='line_1_4' title="bbox 2324 593 4109 667; baseline 0.001 -19"><span class='ocrx_word' id='word_1_12' title='bbox 2324 609 2420 659; x_wconf 90' lang='lat' dir='ltr'><strong>cs,</strong></span> <span class='ocrx_word' id='word_1_13' title='bbox 2450 601 2498 660; x_wconf 79' lang='grc' dir='ltr'><strong>Α</strong></span> <span class='ocrx_word' id='word_1_14' title='bbox 2525 595 2784 666; x_wconf 79' lang='grc' dir='ltr'><strong>ἀνῆλθον.</strong></span> <span class='ocrx_word' id='word_1_15' title='bbox 2819 594 3032 652; x_wconf 85' lang='grc' dir='ltr'><strong>Βιϐλίον</strong></span> <span class='ocrx_word' id='word_1_16' title='bbox 3065 611 3126 650; x_wconf 86' lang='grc' dir='ltr'><strong>τε</strong></span> <span class='ocrx_word' id='word_1_17' title='bbox 3170 593 3467 667; x_wconf 80' lang='grc' dir='ltr'><strong>μετανοίας</strong></span> <span class='ocrx_word' id='word_1_18' title='bbox 3497 604 3523 633; x_wconf 75' lang='grc' dir='ltr'><strong>ν</strong></span> <span class='ocrx_word' id='word_1_19' title='bbox 3550 593 3628 665; x_wconf 81' lang='grc' dir='ltr'><strong>τῷ</strong></span> <span class='ocrx_word' id='word_1_20' title='bbox 3651 593 3938 666; x_wconf 79' lang='grc' dir='ltr'><strong>ἐπισκόπῳ</strong></span> <span class='ocrx_word' id='word_1_21' title='bbox 3977 597 4109 650; x_wconf 79' lang='grc' dir='ltr'><strong>Ἰου-</strong></span> 
     </span>
    </p>
   </div>
   <div class='ocr_carea' id='block_1_5' title="bbox 830 685 2616 760">
    <p class='ocr_par' dir='ltr' id='par_1_5' title="bbox 830 687 2616 758">
     <span class='ocr_line' id='line_1_5' title="bbox 830 687 2616 758; baseline -0.003 -12"><span class='ocrx_word' id='word_1_22' title='bbox 830 707 1020 748; x_wconf 88' lang='lat' dir='ltr'><strong>vocem</strong></span> <span class='ocrx_word' id='word_1_23' title='bbox 1072 706 1136 746; x_wconf 92' lang='lat' dir='ltr'><strong>ac</strong></span> <span class='ocrx_word' id='word_1_24' title='bbox 1190 689 1355 745; x_wconf 83' lang='lat' dir='ltr'><strong>fidem</strong></span> <span class='ocrx_word' id='word_1_25' title='bbox 1409 688 1902 744; x_wconf 89' lang='lat' dir='ltr'><strong>consubstantialis</strong></span> <span class='ocrx_word' id='word_1_26' title='bbox 1959 689 2197 758; x_wconf 81' lang='lat' dir='ltr'><strong>amplexi</strong></span> <span class='ocrx_word' id='word_1_27' title='bbox 2254 697 2426 754; x_wconf 89' lang='lat' dir='ltr'><strong>sunt;</strong></span> <span class='ocrx_word' id='word_1_28' title='bbox 2525 687 2616 758; x_wconf 74' lang='grc' dir='ltr'><strong>λίῳ</strong></span> 
     </span>
    </p>
   </div>
   <div class='ocr_carea' id='block_1_6' title="bbox 2325 685 4111 760">
    <p class='ocr_par' dir='ltr' id='par_1_6' title="bbox 2325 685 4111 760">
     <span class='ocr_line' id='line_1_6' title="bbox 2325 685 4111 760; baseline 0 -18"><span class='ocrx_word' id='word_1_29' title='bbox 2325 697 2426 754; x_wconf 89' lang='lat' dir='ltr'><strong>nt;</strong></span> <span class='ocrx_word' id='word_1_30' title='bbox 2525 687 2626 758; x_wconf 83' lang='grc' dir='ltr'><strong>λίῳ</strong></span> <span class='ocrx_word' id='word_1_31' title='bbox 2673 688 2986 753; x_wconf 72' lang='grc' dir='ltr'><strong>ἐπιδόντες,</strong></span> <span class='ocrx_word' id='word_1_32' title='bbox 3043 687 3122 760; x_wconf 83' lang='grc' dir='ltr'><strong>τῷ</strong></span> <span class='ocrx_word' id='word_1_33' title='bbox 3170 704 3232 742; x_wconf 83' lang='grc' dir='ltr'><strong>τε</strong></span> <span class='ocrx_word' id='word_1_34' title='bbox 3290 685 3565 758; x_wconf 75' lang='grc' dir='ltr'><strong>ὁμοουσίῳ</strong></span> <span class='ocrx_word' id='word_1_35' title='bbox 3630 687 3951 742; x_wconf 80' lang='grc' dir='ltr'><strong>συνέθεντο·</strong></span> <span class='ocrx_word' id='word_1_36' title='bbox 4012 689 4111 742; x_wconf 74' lang='grc' dir='ltr'><strong>καὶ</strong></span> 
     </span>
    </p>
   </div>
   <div class='ocr_carea' id='block_1_7' title="bbox 831 778 2617 855">
    <p class='ocr_par' dir='ltr' id='par_1_7' title="bbox 831 780 2617 855">
     <span class='ocr_line' id='line_1_7' title="bbox 831 780 2617 855; baseline -0.003 -17"><span class='ocrx_word' id='word_1_37' title='bbox 831 784 1164 855; x_wconf 86' lang='lat' dir='ltr'><strong>scriptisque</strong></span> <span class='ocrx_word' id='word_1_38' title='bbox 1195 783 1265 838; x_wconf 90' lang='lat' dir='ltr'><strong>ad</strong></span> <span class='ocrx_word' id='word_1_39' title='bbox 1305 781 1671 836; x_wconf 86' lang='lat' dir='ltr'><strong>Athanasium</strong></span> <span class='ocrx_word' id='word_1_40' title='bbox 1723 780 1947 845; x_wconf 84' lang='lat' dir='ltr'><strong>litteris,</strong></span> <span class='ocrx_word' id='word_1_41' title='bbox 1982 780 2325 834; x_wconf 80' lang='lat' dir='ltr'><strong>allirmarunt</strong></span> <span class='ocrx_word' id='word_1_42' title='bbox 2368 795 2428 834; x_wconf 90' lang='lat' dir='ltr'><strong>se</strong></span> <span class='ocrx_word' id='word_1_43' title='bbox 2524 785 2617 850; x_wconf 71' lang='grc' dir='ltr'><strong>γρέ</strong></span> 
     </span>
    </p>
   </div>
   <div class='ocr_carea' id='block_1_8' title="bbox 2322 778 4108 855">
    <p class='ocr_par' dir='ltr' id='par_1_8' title="bbox 2322 778 4108 851">
     <span class='ocr_line' id='line_1_8' title="bbox 2322 778 4108 851; baseline 0.001 -20"><span class='ocrx_word' id='word_1_44' title='bbox 2322 819 2325 829; x_wconf 83' lang='lat'><strong>.</strong></span> <span class='ocrx_word' id='word_1_45' title='bbox 2368 795 2428 834; x_wconf 90' lang='lat' dir='ltr'><strong>se</strong></span> <span class='ocrx_word' id='word_1_46' title='bbox 2524 780 2834 850; x_wconf 81' lang='grc' dir='ltr'><strong>γράμματα</strong></span> <span class='ocrx_word' id='word_1_47' title='bbox 2865 781 3002 851; x_wconf 75' lang='grc' dir='ltr'><strong>πρὸς</strong></span> <span class='ocrx_word' id='word_1_48' title='bbox 3045 779 3368 835; x_wconf 82' lang='grc' dir='ltr'><strong>Ἀθανάσιον</strong></span> <span class='ocrx_word' id='word_1_49' title='bbox 3405 778 3880 851; x_wconf 69' lang='grc' dir='ltr'><strong>διαπεμψάμενοι,</strong></span> <span class='ocrx_word' id='word_1_50' title='bbox 3909 795 4108 832; x_wconf 84' lang='grc' dir='ltr'><strong>κοινω-</strong></span> 
     </span>
    </p>
   </div>
   <div class='ocr_carea' id='block_1_9' title="bbox 830 867 2616 942">
    <p class='ocr_par' dir='ltr' id='par_1_9' title="bbox 830 869 2616 940">
     <span class='ocr_line' id='line_1_9' title="bbox 830 869 2616 940; baseline -0.004 -12"><span class='ocrx_word' id='word_1_51' title='bbox 830 890 956 928; x_wconf 92' lang='lat' dir='ltr'><strong>cum</strong></span> <span class='ocrx_word' id='word_1_52' title='bbox 987 873 1082 927; x_wconf 93' lang='lat' dir='ltr'><strong>illo</strong></span> <span class='ocrx_word' id='word_1_53' title='bbox 1117 871 1564 926; x_wconf 89' lang='lat' dir='ltr'><strong>communionem</strong></span> <span class='ocrx_word' id='word_1_54' title='bbox 1593 871 1648 924; x_wconf 92' lang='lat' dir='ltr'><strong>in</strong></span> <span class='ocrx_word' id='word_1_55' title='bbox 1675 877 1961 940; x_wconf 88' lang='lat' dir='ltr'><strong>posterum</strong></span> <span class='ocrx_word' id='word_1_56' title='bbox 1996 880 2331 924; x_wconf 75' lang='lat' dir='ltr'><strong>servaturos.</strong></span> <span class='ocrx_word' id='word_1_57' title='bbox 2363 869 2426 924; x_wconf 85' lang='lat' dir='ltr'><strong>In</strong></span> <span class='ocrx_word' id='word_1_58' title='bbox 2524 870 2616 921; x_wconf 66' lang='grc' dir='ltr'><strong>νεῖε</strong></span> 
     </span>
    </p>
   </div>
   <div class='ocr_carea' id='block_1_10' title="bbox 2325 867 4111 942">
    <p class='ocr_par' dir='ltr' id='par_1_10' title="bbox 2325 867 4111 942">
     <span class='ocr_line' id='line_1_10' title="bbox 2325 867 4111 942; baseline 0.001 -19"><span class='ocrx_word' id='word_1_59' title='bbox 2325 869 2426 924; x_wconf 84' lang='lat' dir='ltr'><strong>.In</strong></span> <span class='ocrx_word' id='word_1_60' title='bbox 2524 870 2639 921; x_wconf 92' lang='grc' dir='ltr'><strong>νεῖν</strong></span> <span class='ocrx_word' id='word_1_61' title='bbox 2674 869 2828 940; x_wconf 81' lang='grc' dir='ltr'><strong>αὐτῷ</strong></span> <span class='ocrx_word' id='word_1_62' title='bbox 2869 869 2966 924; x_wconf 77' lang='grc' dir='ltr'><strong>τοῦ</strong></span> <span class='ocrx_word' id='word_1_63' title='bbox 3019 870 3208 924; x_wconf 77' lang='grc' dir='ltr'><strong>λοιποῦ</strong></span> <span class='ocrx_word' id='word_1_64' title='bbox 3255 870 3638 942; x_wconf 75' lang='grc' dir='ltr'><strong>ὡμολόγησαν.</strong></span> <span class='ocrx_word' id='word_1_65' title='bbox 3677 870 3837 924; x_wconf 72' lang='grc' dir='ltr'><strong>Οὕτω</strong></span> <span class='ocrx_word' id='word_1_66' title='bbox 3885 871 3984 941; x_wconf 85' lang='grc' dir='ltr'><strong>μὲν</strong></span> <span class='ocrx_word' id='word_1_67' title='bbox 4017 867 4111 925; x_wconf 82' lang='grc' dir='ltr'><strong>οὖν</strong></span> 
     </span>
    </p>
   </div>
   <div class='ocr_carea' id='block_1_11' title="bbox 830 959 2616 1036">
    <p class='ocr_par' dir='ltr' id='par_1_11' title="bbox 830 959 2616 1033">
     <span class='ocr_line' id='line_1_11' title="bbox 830 959 2616 1033; baseline -0.001 -17"><span class='ocrx_word' id='word_1_68' title='bbox 830 964 979 1017; x_wconf 87' lang='lat' dir='ltr'><strong>hunc</strong></span> <span class='ocrx_word' id='word_1_69' title='bbox 1028 963 1197 1033; x_wconf 83' lang='lat' dir='ltr'><strong>igitur</strong></span> <span class='ocrx_word' id='word_1_70' title='bbox 1238 962 1464 1016; x_wconf 92' lang='lat' dir='ltr'><strong>modum</strong></span> <span class='ocrx_word' id='word_1_71' title='bbox 1494 959 1756 1016; x_wconf 91' lang='lat' dir='ltr'><strong>Ursacius</strong></span> <span class='ocrx_word' id='word_1_72' title='bbox 1795 965 1854 1014; x_wconf 91' lang='lat' dir='ltr'><strong>et</strong></span> <span class='ocrx_word' id='word_1_73' title='bbox 1888 959 2112 1020; x_wconf 83' lang='lat' dir='ltr'><strong>Valens.</strong></span> <span class='ocrx_word' id='word_1_74' title='bbox 2159 973 2425 1028; x_wconf 90' lang='lat' dir='ltr'><strong>prospero</strong></span> <span class='ocrx_word' id='word_1_75' title='bbox 2523 963 2616 1015; x_wconf 83' lang='grc' dir='ltr'><strong>τότ</strong></span> 
     </span>
    </p>
   </div>
   <div class='ocr_carea' id='block_1_12' title="bbox 2323 959 4109 1036">
    <p class='ocr_par' dir='ltr' id='par_1_12' title="bbox 2323 963 4109 1036">
     <span class='ocr_line' id='line_1_12' title="bbox 2323 963 4109 1036; baseline 0.004 -25"><span class='ocrx_word' id='word_1_76' title='bbox 2323 973 2425 1011; x_wconf 78' lang='lat' dir='ltr'><strong>cro</strong></span> <span class='ocrx_word' id='word_1_77' title='bbox 2523 963 2646 1015; x_wconf 84' lang='grc' dir='ltr'><strong>τότε</strong></span> <span class='ocrx_word' id='word_1_78' title='bbox 2689 963 2997 1034; x_wconf 75' lang='grc' dir='ltr'><strong>Οὑρσέικιος</strong></span> <span class='ocrx_word' id='word_1_79' title='bbox 3027 964 3121 1018; x_wconf 76' lang='grc' dir='ltr'><strong>καὶ</strong></span> <span class='ocrx_word' id='word_1_80' title='bbox 3159 964 3374 1036; x_wconf 71' lang='grc' dir='ltr'><strong>Οὐάλης</strong></span> <span class='ocrx_word' id='word_1_81' title='bbox 3400 965 3514 1027; x_wconf 87' lang='grc' dir='ltr'><strong>τοῖς</strong></span> <span class='ocrx_word' id='word_1_82' title='bbox 3549 965 3642 1018; x_wconf 69' lang='grc' dir='ltr'><strong>ἐπὶ</strong></span> <span class='ocrx_word' id='word_1_83' title='bbox 3681 964 3986 1035; x_wconf 85' lang='grc' dir='ltr'><strong>Ἀθανασίῳ</strong></span> <span class='ocrx_word' id='word_1_84' title='bbox 4013 981 4109 1033; x_wconf 74' lang='grc' dir='ltr'><strong>γε-</strong></span> 
     </span>
    </p>
   </div>
   <div class='ocr_carea' id='block_1_13' title="bbox 829 1049 2615 1126">
    <p class='ocr_par' dir='ltr' id='par_1_13' title="bbox 829 1049 2615 1121">
     <span class='ocr_line' id='line_1_13' title="bbox 829 1049 2615 1121; baseline -0.001 -13"><span class='ocrx_word' id='word_1_85' title='bbox 829 1070 1019 1108; x_wconf 90' lang='lat' dir='ltr'><strong>rerum</strong></span> <span class='ocrx_word' id='word_1_86' title='bbox 1039 1053 1322 1108; x_wconf 86' lang='lat' dir='ltr'><strong>Athanasii</strong></span> <span class='ocrx_word' id='word_1_87' title='bbox 1344 1067 1606 1107; x_wconf 90' lang='lat' dir='ltr'><strong>successu</strong></span> <span class='ocrx_word' id='word_1_88' title='bbox 1633 1052 1676 1120; x_wconf 79' lang='grc' dir='ltr'><strong>ι</strong></span> <span class='ocrx_word' id='word_1_89' title='bbox 1690 1051 1791 1120; x_wconf 76' lang='grc'><strong>17</strong></span> <span class='ocrx_word' id='word_1_90' title='bbox 1809 1053 2069 1120; x_wconf 90' lang='lat' dir='ltr'><strong>prostrati</strong></span> <span class='ocrx_word' id='word_1_91' title='bbox 2087 1049 2422 1119; x_wconf 87' lang='lat' dir='ltr'><strong>devictique,</strong></span> <span class='ocrx_word' id='word_1_92' title='bbox 2520 1069 2615 1121; x_wconf 84' lang='grc' dir='ltr'><strong>γον</strong></span> 
     </span>
    </p>
   </div>
   <div class='ocr_carea' id='block_1_14' title="bbox 2313 1049 4099 1126">
    <p class='ocr_par' dir='ltr' id='par_1_14' title="bbox 2313 1052 4099 1126">
     <span class='ocr_line' id='line_1_14' title="bbox 2313 1052 4099 1126; baseline 0.003 -23"><span class='ocrx_word' id='word_1_93' title='bbox 2313 1065 2422 1119; x_wconf 76' lang='lat' dir='ltr'><strong>lue,</strong></span> <span class='ocrx_word' id='word_1_94' title='bbox 2520 1052 2734 1121; x_wconf 84' lang='grc' dir='ltr'><strong>γονόσιν</strong></span> <span class='ocrx_word' id='word_1_95' title='bbox 2751 1055 3102 1125; x_wconf 75' lang='grc' dir='ltr'><strong>ἡττηθέντες,</strong></span> <span class='ocrx_word' id='word_1_96' title='bbox 3122 1054 3198 1118; x_wconf 83' lang='grc' dir='ltr'><strong>ὡς</strong></span> <span class='ocrx_word' id='word_1_97' title='bbox 3218 1055 3354 1125; x_wconf 77' lang='grc' dir='ltr'><strong>ἔφην</strong></span> <span class='ocrx_word' id='word_1_98' title='bbox 3371 1096 3386 1115; x_wconf 91' lang='grc'><strong>,</strong></span> <span class='ocrx_word' id='word_1_99' title='bbox 3404 1055 3480 1126; x_wconf 80' lang='grc' dir='ltr'><strong>τῷ</strong></span> <span class='ocrx_word' id='word_1_100' title='bbox 3500 1055 3772 1126; x_wconf 76' lang='grc' dir='ltr'><strong>ὁμοουσίῳ</strong></span> <span class='ocrx_word' id='word_1_101' title='bbox 3790 1055 4099 1109; x_wconf 78' lang='grc' dir='ltr'><strong>συνέθεντο.</strong></span> 
     </span>
    </p>
   </div>
   <div class='ocr_carea' id='block_1_15' title="bbox 830 1143 2616 1218">
    <p class='ocr_par' dir='ltr' id='par_1_15' title="bbox 830 1143 2616 1216">
     <span class='ocr_line' id='line_1_15' title="bbox 830 1143 2616 1216; baseline -0.001 -17"><span class='ocrx_word' id='word_1_102' title='bbox 830 1155 967 1202; x_wconf 91' lang='lat' dir='ltr'><strong>tunc</strong></span> <span class='ocrx_word' id='word_1_103' title='bbox 992 1147 1256 1216; x_wconf 88' lang='lat' dir='ltr'><strong>temporis</strong></span> <span class='ocrx_word' id='word_1_104' title='bbox 1278 1146 1333 1200; x_wconf 93' lang='lat' dir='ltr'><strong>in</strong></span> <span class='ocrx_word' id='word_1_105' title='bbox 1365 1144 1529 1199; x_wconf 81' lang='lat' dir='ltr'><strong>ﬁdem</strong></span> <span class='ocrx_word' id='word_1_106' title='bbox 1551 1143 2041 1198; x_wconf 90' lang='lat' dir='ltr'><strong>consubstantialis</strong></span> <span class='ocrx_word' id='word_1_107' title='bbox 2068 1157 2419 1197; x_wconf 87' lang='lat' dir='ltr'><strong>consensere.</strong></span> <span class='ocrx_word' id='word_1_108' title='bbox 2534 1144 2616 1198; x_wconf 83' lang='grc' dir='ltr'><strong>Ἀ(</strong></span> 
     </span>
    </p>
   </div>
   <div class='ocr_carea' id='block_1_16' title="bbox 2325 1143 4111 1218">
    <p class='ocr_par' dir='ltr' id='par_1_16' title="bbox 2325 1144 4111 1218">
     <span class='ocr_line' id='line_1_16' title="bbox 2325 1144 4111 1218; baseline 0.001 -22"><span class='ocrx_word' id='word_1_109' title='bbox 2325 1157 2419 1196; x_wconf 76' lang='lat' dir='ltr'><strong>:re.</strong></span> <span class='ocrx_word' id='word_1_110' title='bbox 2534 1144 2858 1209; x_wconf 84' lang='grc' dir='ltr'><strong>Ἀθανάσιος</strong></span> <span class='ocrx_word' id='word_1_111' title='bbox 2887 1147 2945 1200; x_wconf 84' lang='grc' dir='ltr'><strong>δὲ</strong></span> <span class='ocrx_word' id='word_1_112' title='bbox 2971 1147 3058 1200; x_wconf 77' lang='grc' dir='ltr'><strong>διὰ</strong></span> <span class='ocrx_word' id='word_1_113' title='bbox 3093 1147 3396 1218; x_wconf 84' lang='grc' dir='ltr'><strong>Πηλουσίου</strong></span> <span class='ocrx_word' id='word_1_114' title='bbox 3431 1148 3524 1199; x_wconf 75' lang='grc' dir='ltr'><strong>ἐπὶ</strong></span> <span class='ocrx_word' id='word_1_115' title='bbox 3559 1146 3659 1217; x_wconf 77' lang='grc' dir='ltr'><strong>τὴν</strong></span> <span class='ocrx_word' id='word_1_116' title='bbox 3706 1145 4111 1215; x_wconf 78' lang='grc' dir='ltr'><strong>’Δλεξάνδρειαν</strong></span> 
     </span>
    </p>
   </div>
   <div class='ocr_carea' id='block_1_17' title="bbox 829 1234 2615 1310">
    <p class='ocr_par' dir='ltr' id='par_1_17' title="bbox 829 1234 2615 1308">
     <span class='ocr_line' id='line_1_17' title="bbox 829 1234 2615 1308; baseline -0.001 -16"><span class='ocrx_word' id='word_1_117' title='bbox 829 1239 1164 1294; x_wconf 84' lang='lat' dir='ltr'><strong>Athanasius</strong></span> <span class='ocrx_word' id='word_1_118' title='bbox 1184 1252 1318 1292; x_wconf 88' lang='lat' dir='ltr'><strong>vero</strong></span> <span class='ocrx_word' id='word_1_119' title='bbox 1349 1253 1449 1308; x_wconf 89' lang='lat' dir='ltr'><strong>per</strong></span> <span class='ocrx_word' id='word_1_120' title='bbox 1484 1235 1766 1291; x_wconf 85' lang='lat' dir='ltr'><strong>Pelusium</strong></span> <span class='ocrx_word' id='word_1_121' title='bbox 1797 1235 1903 1289; x_wconf 87' lang='lat' dir='ltr'><strong>iter</strong></span> <span class='ocrx_word' id='word_1_122' title='bbox 1941 1234 2152 1290; x_wconf 86' lang='lat' dir='ltr'><strong>faciens</strong></span> <span class='ocrx_word' id='word_1_123' title='bbox 2180 1234 2420 1288; x_wconf 59' lang='lat' dir='ltr'><strong>Alexan-</strong></span> <span class='ocrx_word' id='word_1_124' title='bbox 2521 1238 2615 1290; x_wconf 78' lang='grc' dir='ltr'><strong>ἐπι</strong></span> 
     </span>
    </p>
   </div>
   <div class='ocr_carea' id='block_1_18' title="bbox 2325 1234 4111 1310">
    <p class='ocr_par' dir='ltr' id='par_1_18' title="bbox 2325 1237 4111 1310">
     <span class='ocr_line' id='line_1_18' title="bbox 2325 1237 4111 1310; baseline 0.002 -22"><span class='ocrx_word' id='word_1_125' title='bbox 2325 1250 2420 1288; x_wconf 83' lang='lat' dir='ltr'><strong>an-</strong></span> <span class='ocrx_word' id='word_1_126' title='bbox 2521 1237 2850 1310; x_wconf 80' lang='grc' dir='ltr'><strong>ὲπορεύετο’</strong></span> <span class='ocrx_word' id='word_1_127' title='bbox 2882 1239 3026 1293; x_wconf 84' lang='grc' dir='ltr'><strong>κατά</strong></span> <span class='ocrx_word' id='word_1_128' title='bbox 3059 1240 3242 1304; x_wconf 83' lang='grc' dir='ltr'><strong>πόλεις</strong></span> <span class='ocrx_word' id='word_1_129' title='bbox 3288 1256 3349 1293; x_wconf 88' lang='grc' dir='ltr'><strong>τε</strong></span> <span class='ocrx_word' id='word_1_130' title='bbox 3399 1238 3611 1310; x_wconf 79' lang='grc' dir='ltr'><strong>παριὼν</strong></span> <span class='ocrx_word' id='word_1_131' title='bbox 3659 1238 3939 1299; x_wconf 80' lang='grc' dir='ltr'><strong>ἐδίδασκε,</strong></span> <span class='ocrx_word' id='word_1_132' title='bbox 3982 1239 4111 1301; x_wconf 73' lang='grc' dir='ltr'><strong>τοὺς</strong></span> 
     </span>
    </p>
   </div>
   <div class='ocr_carea' id='block_1_19' title="bbox 829 1326 2615 1401">
    <p class='ocr_par' dir='ltr' id='par_1_19' title="bbox 829 1326 2615 1400">
     <span class='ocr_line' id='line_1_19' title="bbox 829 1326 2615 1400; baseline -0.002 -16"><span class='ocrx_word' id='word_1_133' title='bbox 829 1330 1029 1396; x_wconf 86' lang='lat' dir='ltr'><strong>driam,</strong></span> <span class='ocrx_word' id='word_1_134' title='bbox 1057 1331 1115 1384; x_wconf 95' lang='lat' dir='ltr'><strong>in</strong></span> <span class='ocrx_word' id='word_1_135' title='bbox 1166 1329 1397 1400; x_wconf 83' lang='lat' dir='ltr'><strong>singulis</strong></span> <span class='ocrx_word' id='word_1_136' title='bbox 1435 1343 1536 1398; x_wconf 89' lang='lat' dir='ltr'><strong>per</strong></span> <span class='ocrx_word' id='word_1_137' title='bbox 1577 1342 1718 1396; x_wconf 91' lang='lat' dir='ltr'><strong>quas</strong></span> <span class='ocrx_word' id='word_1_138' title='bbox 1768 1326 2041 1380; x_wconf 88' lang='lat' dir='ltr'><strong>transibat</strong></span> <span class='ocrx_word' id='word_1_139' title='bbox 2077 1326 2416 1390; x_wconf 82' lang='lat' dir='ltr'><strong>civitatibus,</strong></span> <span class='ocrx_word' id='word_1_140' title='bbox 2520 1327 2615 1397; x_wconf 73' lang='grc' dir='ltr'><strong>μὲν</strong></span> 
     </span>
    </p>
   </div>
   <div class='ocr_carea' id='block_1_20' title="bbox 2319 1326 4105 1401">
    <p class='ocr_par' dir='ltr' id='par_1_20' title="bbox 2319 1327 4105 1401">
     <span class='ocr_line' id='line_1_20' title="bbox 2319 1327 4105 1401; baseline 0 -22"><span class='ocrx_word' id='word_1_141' title='bbox 2319 1342 2416 1390; x_wconf 60' lang='lat' dir='ltr'><strong>ius,</strong></span> <span class='ocrx_word' id='word_1_142' title='bbox 2520 1327 2621 1397; x_wconf 84' lang='grc' dir='ltr'><strong>μὲν</strong></span> <span class='ocrx_word' id='word_1_143' title='bbox 2651 1329 3055 1400; x_wconf 77' lang='grc' dir='ltr'><strong>ἁρειανίςοντας</strong></span> <span class='ocrx_word' id='word_1_144' title='bbox 3087 1329 3483 1401; x_wconf 77' lang='grc' dir='ltr'><strong>ἐκτρέπεσθαι,</strong></span> <span class='ocrx_word' id='word_1_145' title='bbox 3514 1327 3858 1392; x_wconf 76' lang='grc' dir='ltr'><strong>ἀσπάζεσθαι</strong></span> <span class='ocrx_word' id='word_1_146' title='bbox 3887 1327 3944 1380; x_wconf 78' lang='grc' dir='ltr'><strong>δὲ</strong></span> <span class='ocrx_word' id='word_1_147' title='bbox 3973 1327 4105 1391; x_wconf 76' lang='grc' dir='ltr'><strong>τοὺς</strong></span> 
     </span>
    </p>
   </div>
   <div class='ocr_carea' id='block_1_21' title="bbox 828 1415 2614 1490">
    <p class='ocr_par' dir='ltr' id='par_1_21' title="bbox 828 1415 2614 1486">
     <span class='ocr_line' id='line_1_21' title="bbox 828 1415 2614 1486; baseline -0.002 -12"><span class='ocrx_word' id='word_1_148' title='bbox 828 1426 1058 1475; x_wconf 81' lang='lat' dir='ltr'><strong>cunctos</strong></span> <span class='ocrx_word' id='word_1_149' title='bbox 1080 1417 1470 1473; x_wconf 90' lang='lat' dir='ltr'><strong>commonebat</strong></span> <span class='ocrx_word' id='word_1_150' title='bbox 1493 1425 1553 1471; x_wconf 92' lang='lat' dir='ltr'><strong>ut</strong></span> <span class='ocrx_word' id='word_1_151' title='bbox 1569 1417 1803 1471; x_wconf 91' lang='lat' dir='ltr'><strong>Arianos</strong></span> <span class='ocrx_word' id='word_1_152' title='bbox 1833 1415 2058 1486; x_wconf 83' lang='lat' dir='ltr'><strong>quidem</strong></span> <span class='ocrx_word' id='word_1_153' title='bbox 2096 1431 2419 1470; x_wconf 79' lang='lat' dir='ltr'><strong>aversaren-</strong></span> <span class='ocrx_word' id='word_1_154' title='bbox 2514 1419 2614 1470; x_wconf 64' lang='grc' dir='ltr'><strong>τδέ</strong></span> 
     </span>
    </p>
   </div>
   <div class='ocr_carea' id='block_1_22' title="bbox 2321 1415 4107 1490">
    <p class='ocr_par' dir='ltr' id='par_1_22' title="bbox 2321 1417 4107 1490">
     <span class='ocr_line' id='line_1_22' title="bbox 2321 1417 4107 1490; baseline 0 -20"><span class='ocrx_word' id='word_1_155' title='bbox 2321 1431 2419 1470; x_wconf 78' lang='lat' dir='ltr'><strong>en-</strong></span> <span class='ocrx_word' id='word_1_156' title='bbox 2514 1419 2577 1470; x_wconf 82' lang='grc' dir='ltr'><strong>τὸ</strong></span> <span class='ocrx_word' id='word_1_157' title='bbox 2602 1417 2891 1487; x_wconf 82' lang='grc' dir='ltr'><strong>ὁμοούσιον</strong></span> <span class='ocrx_word' id='word_1_158' title='bbox 2929 1419 3352 1490; x_wconf 74' lang='grc' dir='ltr'><strong>ὁμολογοῦντας.</strong></span> <span class='ocrx_word' id='word_1_159' title='bbox 3389 1419 3488 1472; x_wconf 84' lang='grc' dir='ltr'><strong>Ἐν</strong></span> <span class='ocrx_word' id='word_1_160' title='bbox 3515 1437 3625 1473; x_wconf 83' lang='grc' dir='ltr'><strong>τισι</strong></span> <span class='ocrx_word' id='word_1_161' title='bbox 3650 1420 3707 1472; x_wconf 73' lang='grc' dir='ltr'><strong>δὲ</strong></span> <span class='ocrx_word' id='word_1_162' title='bbox 3755 1419 3870 1471; x_wconf 82' lang='grc' dir='ltr'><strong>τῶν</strong></span> <span class='ocrx_word' id='word_1_163' title='bbox 3905 1417 4107 1485; x_wconf 80' lang='grc' dir='ltr'><strong>ἐκκλη-</strong></span> 
     </span>
    </p>
   </div>
   <div class='ocr_carea' id='block_1_23' title="bbox 830 1506 2616 1581">
    <p class='ocr_par' dir='ltr' id='par_1_23' title="bbox 830 1506 2616 1578">
     <span class='ocr_line' id='line_1_23' title="bbox 830 1506 2616 1578; baseline -0.001 -16"><span class='ocrx_word' id='word_1_164' title='bbox 830 1517 953 1575; x_wconf 87' lang='lat' dir='ltr'><strong>tur,</strong></span> <span class='ocrx_word' id='word_1_165' title='bbox 1002 1525 1100 1564; x_wconf 88' lang='lat' dir='ltr'><strong>eos</strong></span> <span class='ocrx_word' id='word_1_166' title='bbox 1130 1524 1266 1564; x_wconf 90' lang='lat' dir='ltr'><strong>vero</strong></span> <span class='ocrx_word' id='word_1_167' title='bbox 1304 1508 1654 1578; x_wconf 89' lang='lat' dir='ltr'><strong>susciperent</strong></span> <span class='ocrx_word' id='word_1_168' title='bbox 1678 1507 1775 1578; x_wconf 87' lang='lat' dir='ltr'><strong>qui</strong></span> <span class='ocrx_word' id='word_1_169' title='bbox 1813 1507 2306 1562; x_wconf 83' lang='lat' dir='ltr'><strong>consubstantialis</strong></span> <span class='ocrx_word' id='word_1_170' title='bbox 2338 1506 2405 1560; x_wconf 86' lang='lat' dir='ltr'><strong>li-</strong></span> <span class='ocrx_word' id='word_1_171' title='bbox 2525 1509 2616 1562; x_wconf 76' lang='grc' dir='ltr'><strong>σιιῖ</strong></span> 
     </span>
    </p>
   </div>
   <div class='ocr_carea' id='block_1_24' title="bbox 2323 1506 4109 1581">
    <p class='ocr_par' dir='ltr' id='par_1_24' title="bbox 2338 1506 4109 1581">
     <span class='ocr_line' id='line_1_24' title="bbox 2338 1506 4109 1581; baseline 0.001 -21"><span class='ocrx_word' id='word_1_172' title='bbox 2338 1506 2405 1560; x_wconf 87' lang='lat' dir='ltr'><strong>li-</strong></span> <span class='ocrx_word' id='word_1_173' title='bbox 2525 1509 2656 1562; x_wconf 86' lang='grc' dir='ltr'><strong>σιῶν</strong></span> <span class='ocrx_word' id='word_1_174' title='bbox 2681 1509 2772 1563; x_wconf 79' lang='grc' dir='ltr'><strong>καὶ</strong></span> <span class='ocrx_word' id='word_1_175' title='bbox 2794 1511 3130 1581; x_wconf 71' lang='grc' dir='ltr'><strong>χειροτονίας</strong></span> <span class='ocrx_word' id='word_1_176' title='bbox 3147 1513 3338 1565; x_wconf 78' lang='grc' dir='ltr'><strong>ἐποίει.</strong></span> <span class='ocrx_word' id='word_1_177' title='bbox 3363 1512 3472 1565; x_wconf 75' lang='grc' dir='ltr'><strong>Καὶ</strong></span> <span class='ocrx_word' id='word_1_178' title='bbox 3495 1511 3656 1564; x_wconf 79' lang='grc' dir='ltr'><strong>τοῦτο</strong></span> <span class='ocrx_word' id='word_1_179' title='bbox 3691 1510 3917 1579; x_wconf 77' lang='grc' dir='ltr'><strong>γέγονεν</strong></span> <span class='ocrx_word' id='word_1_180' title='bbox 3966 1510 4109 1581; x_wconf 77' lang='grc' dir='ltr'><strong>ἀρχὴ</strong></span> 
     </span>
    </p>
   </div>
   <div class='ocr_carea' id='block_1_25' title="bbox 829 1599 2615 1674">
    <p class='ocr_par' dir='ltr' id='par_1_25' title="bbox 829 1599 2609 1672">
     <span class='ocr_line' id='line_1_25' title="bbox 829 1599 2609 1672; baseline -0.002 -16"><span class='ocrx_word' id='word_1_181' title='bbox 829 1602 956 1657; x_wconf 87' lang='lat' dir='ltr'><strong>dem</strong></span> <span class='ocrx_word' id='word_1_182' title='bbox 1006 1601 1423 1672; x_wconf 83' lang='lat' dir='ltr'><strong>profiterentur.</strong></span> <span class='ocrx_word' id='word_1_183' title='bbox 1473 1601 1532 1655; x_wconf 86' lang='lat' dir='ltr'><strong>In</strong></span> <span class='ocrx_word' id='word_1_184' title='bbox 1587 1599 1922 1670; x_wconf 89' lang='lat' dir='ltr'><strong>quibusdam</strong></span> <span class='ocrx_word' id='word_1_185' title='bbox 1965 1600 2134 1654; x_wconf 90' lang='lat' dir='ltr'><strong>etiam</strong></span> <span class='ocrx_word' id='word_1_186' title='bbox 2173 1599 2425 1656; x_wconf 84' lang='lat' dir='ltr'><strong>ecclesiis</strong></span> <span class='ocrx_word' id='word_1_187' title='bbox 2519 1601 2609 1654; x_wconf 77' lang='grc' dir='ltr'><strong>ἑτέ</strong></span> 
     </span>
    </p>
   </div>
   <div class='ocr_carea' id='block_1_26' title="bbox 2325 1599 4111 1674">
    <p class='ocr_par' dir='ltr' id='par_1_26' title="bbox 2327 1599 4111 1674">
     <span class='ocr_line' id='line_1_26' title="bbox 2327 1599 4111 1674; baseline -0.001 -20"><span class='ocrx_word' id='word_1_188' title='bbox 2327 1599 2425 1656; x_wconf 91' lang='lat' dir='ltr'><strong>siis</strong></span> <span class='ocrx_word' id='word_1_189' title='bbox 2519 1601 2714 1674; x_wconf 77' lang='grc' dir='ltr'><strong>ἑτέρας</strong></span> <span class='ocrx_word' id='word_1_190' title='bbox 2745 1602 3005 1674; x_wconf 80' lang='grc' dir='ltr'><strong>μέμψεως</strong></span> <span class='ocrx_word' id='word_1_191' title='bbox 3038 1605 3160 1658; x_wconf 80' lang='grc' dir='ltr'><strong>κατ’</strong></span> <span class='ocrx_word' id='word_1_192' title='bbox 3183 1602 3350 1657; x_wconf 78' lang='grc' dir='ltr'><strong>αὐτοῦ</strong></span> <span class='ocrx_word' id='word_1_193' title='bbox 3375 1643 3390 1666; x_wconf 90' lang='grc'><strong>,</strong></span> <span class='ocrx_word' id='word_1_194' title='bbox 3421 1604 3504 1656; x_wconf 79' lang='grc' dir='ltr'><strong>ὅτι</strong></span> <span class='ocrx_word' id='word_1_195' title='bbox 3533 1603 3591 1656; x_wconf 78' lang='grc' dir='ltr'><strong>ὲν</strong></span> <span class='ocrx_word' id='word_1_196' title='bbox 3624 1604 3746 1666; x_wconf 83' lang='grc' dir='ltr'><strong>ταῖς</strong></span> <span class='ocrx_word' id='word_1_197' title='bbox 3770 1601 3946 1656; x_wconf 76' lang='grc' dir='ltr'><strong>ἄλλων</strong></span> <span class='ocrx_word' id='word_1_198' title='bbox 3974 1617 4111 1672; x_wconf 71' lang='lat' dir='ltr'><strong>nap-</strong></span> 
     </span>
    </p>
   </div>
   <div class='ocr_carea' id='block_1_27' title="bbox 829 1690 2615 1767">
    <p class='ocr_par' dir='ltr' id='par_1_27' title="bbox 829 1690 2612 1759">
     <span class='ocr_line' id='line_1_27' title="bbox 829 1690 2612 1759; baseline -0.001 -12"><span class='ocrx_word' id='word_1_199' title='bbox 829 1693 1209 1749; x_wconf 88' lang='lat' dir='ltr'><strong>ordinationes</strong></span> <span class='ocrx_word' id='word_1_200' title='bbox 1238 1693 1389 1748; x_wconf 91' lang='lat' dir='ltr'><strong>fecit.</strong></span> <span class='ocrx_word' id='word_1_201' title='bbox 1422 1691 1555 1759; x_wconf 71' lang='lat' dir='ltr'><strong>Quae</strong></span> <span class='ocrx_word' id='word_1_202' title='bbox 1579 1704 1670 1746; x_wconf 83' lang='lat' dir='ltr'><strong>res</strong></span> <span class='ocrx_word' id='word_1_203' title='bbox 1700 1692 1932 1746; x_wconf 87' lang='lat' dir='ltr'><strong>alterius</strong></span> <span class='ocrx_word' id='word_1_204' title='bbox 1960 1690 2226 1746; x_wconf 84' lang='lat' dir='ltr'><strong>adversus</strong></span> <span class='ocrx_word' id='word_1_205' title='bbox 2268 1692 2424 1746; x_wconf 91' lang='lat' dir='ltr'><strong>illum</strong></span> <span class='ocrx_word' id='word_1_206' title='bbox 2521 1709 2612 1746; x_wconf 87' lang='grc' dir='ltr'><strong>οικ</strong></span> 
     </span>
    </p>
   </div>
   <div class='ocr_carea' id='block_1_28' title="bbox 2325 1690 4111 1767">
    <p class='ocr_par' dir='ltr' id='par_1_28' title="bbox 2333 1690 4111 1767">
     <span class='ocr_line' id='line_1_28' title="bbox 2333 1690 4111 1767; baseline 0.001 -22"><span class='ocrx_word' id='word_1_207' title='bbox 2333 1707 2424 1746; x_wconf 91' lang='lat' dir='ltr'><strong>um</strong></span> <span class='ocrx_word' id='word_1_208' title='bbox 2521 1694 2723 1759; x_wconf 83' lang='grc' dir='ltr'><strong>οικίαις</strong></span> <span class='ocrx_word' id='word_1_209' title='bbox 2751 1698 3082 1767; x_wconf 85' lang='grc' dir='ltr'><strong>χειροτονεῖν</strong></span> <span class='ocrx_word' id='word_1_210' title='bbox 3105 1696 3378 1766; x_wconf 68' lang='grc' dir='ltr'><strong>ἐπεχείρει</strong></span> <span class='ocrx_word' id='word_1_211' title='bbox 3406 1695 3521 1766; x_wconf 76' lang='grc'><strong>(74)</strong></span> <span class='ocrx_word' id='word_1_212' title='bbox 3543 1708 3590 1749; x_wconf 79' lang='grc' dir='ltr'><strong>ι.</strong></span> <span class='ocrx_word' id='word_1_213' title='bbox 3615 1695 3699 1747; x_wconf 77' lang='grc' dir='ltr'><strong>Τὰ</strong></span> <span class='ocrx_word' id='word_1_214' title='bbox 3728 1693 3828 1766; x_wconf 69' lang='grc' dir='ltr'><strong>μὲν</strong></span> <span class='ocrx_word' id='word_1_215' title='bbox 3847 1690 3941 1748; x_wconf 78' lang='grc' dir='ltr'><strong>οὖν</strong></span> <span class='ocrx_word' id='word_1_216' title='bbox 3970 1692 4111 1747; x_wconf 79' lang='grc' dir='ltr'><strong>κατὰ</strong></span> 
     </span>
    </p>
   </div>
   <div class='ocr_carea' id='block_1_29' title="bbox 830 1781 2616 1859">
    <p class='ocr_par' dir='ltr' id='par_1_29' title="bbox 830 1781 2616 1853">
     <span class='ocr_line' id='line_1_29' title="bbox 830 1781 2616 1853; baseline -0.001 -13"><span class='ocrx_word' id='word_1_217' title='bbox 830 1785 1236 1840; x_wconf 89' lang='lat' dir='ltr'><strong>criminationis</strong></span> <span class='ocrx_word' id='word_1_218' title='bbox 1278 1798 1468 1838; x_wconf 90' lang='lat' dir='ltr'><strong>ansam</strong></span> <span class='ocrx_word' id='word_1_219' title='bbox 1510 1782 1770 1853; x_wconf 64' lang='lat' dir='ltr'><strong>praebuit,</strong></span> <span class='ocrx_word' id='word_1_220' title='bbox 1822 1790 2122 1851; x_wconf 87' lang='lat' dir='ltr'><strong>propterea</strong></span> <span class='ocrx_word' id='word_1_221' title='bbox 2165 1781 2316 1851; x_wconf 89' lang='lat' dir='ltr'><strong>quod</strong></span> <span class='ocrx_word' id='word_1_222' title='bbox 2370 1782 2426 1836; x_wconf 93' lang='lat' dir='ltr'><strong>in</strong></span> <span class='ocrx_word' id='word_1_223' title='bbox 2538 1785 2616 1839; x_wconf 78' lang='lat' dir='ltr'><strong>‘Al</strong></span> 
     </span>
    </p>
   </div>
   <div class='ocr_carea' id='block_1_30' title="bbox 1822 1781 3608 1859">
    <p class='ocr_par' dir='ltr' id='par_1_30' title="bbox 1822 1781 3608 1859">
     <span class='ocr_line' id='line_1_30' title="bbox 1822 1781 3608 1859; baseline 0.003 -25"><span class='ocrx_word' id='word_1_224' title='bbox 1822 1790 2122 1851; x_wconf 83' lang='lat' dir='ltr'><strong>propterea</strong></span> <span class='ocrx_word' id='word_1_225' title='bbox 2165 1781 2316 1851; x_wconf 87' lang='lat' dir='ltr'><strong>quod</strong></span> <span class='ocrx_word' id='word_1_226' title='bbox 2370 1782 2426 1836; x_wconf 90' lang='lat' dir='ltr'><strong>in</strong></span> <span class='ocrx_word' id='word_1_227' title='bbox 2538 1785 2858 1841; x_wconf 79' lang='grc' dir='ltr'><strong>Ἀθανάσιον</strong></span> <span class='ocrx_word' id='word_1_228' title='bbox 2889 1785 3065 1851; x_wconf 79' lang='grc' dir='ltr'><strong>οὕτως</strong></span> <span class='ocrx_word' id='word_1_229' title='bbox 3099 1787 3222 1841; x_wconf 85' lang='grc' dir='ltr'><strong>τότε</strong></span> <span class='ocrx_word' id='word_1_230' title='bbox 3263 1785 3608 1859; x_wconf 84' lang='grc' dir='ltr'><strong>προέϐαινεν.</strong></span> 
     </span>
    </p>
   </div>
   <div class='ocr_carea' id='block_1_31' title="bbox 831 1873 4108 1951">
    <p class='ocr_par' dir='ltr' id='par_1_31' title="bbox 831 1873 4108 1951">
     <span class='ocr_line' id='line_1_31' title="bbox 831 1873 4108 1951; baseline 0.001 -21"><span class='ocrx_word' id='word_1_231' title='bbox 831 1876 1065 1931; x_wconf 82' lang='lat' dir='ltr'><strong>aliorum</strong></span> <span class='ocrx_word' id='word_1_232' title='bbox 1116 1875 1368 1932; x_wconf 89' lang='lat' dir='ltr'><strong>ecclesiis</strong></span> <span class='ocrx_word' id='word_1_233' title='bbox 1415 1875 1674 1929; x_wconf 89' lang='lat' dir='ltr'><strong>ordinare</strong></span> <span class='ocrx_word' id='word_1_234' title='bbox 1735 1881 2024 1929; x_wconf 85' lang='lat' dir='ltr'><strong>tentasset.</strong></span> <span class='ocrx_word' id='word_1_235' title='bbox 2088 1873 2159 1928; x_wconf 86' lang='lat' dir='ltr'><strong>Et</strong></span> <span class='ocrx_word' id='word_1_236' title='bbox 2209 1890 2301 1931; x_wconf 90' lang='lat' dir='ltr'><strong>res</strong></span> <span class='ocrx_word' id='word_1_237' title='bbox 2349 1875 2576 1948; x_wconf 86' lang='lat' dir='ltr'><strong>quidem</strong></span> <span class='ocrx_word' id='word_1_238' title='bbox 2619 1877 2908 1935; x_wconf 82' lang='lat' dir='ltr'><strong>Athanasii</strong></span> <span class='ocrx_word' id='word_1_239' title='bbox 2973 1887 3106 1935; x_wconf 91' lang='lat' dir='ltr'><strong>tunc</strong></span> <span class='ocrx_word' id='word_1_240' title='bbox 3168 1878 3438 1950; x_wconf 82' lang='lat' dir='ltr'><strong>temporis</strong></span> <span class='ocrx_word' id='word_1_241' title='bbox 3483 1878 3541 1934; x_wconf 90' lang='lat' dir='ltr'><strong>in</strong></span> <span class='ocrx_word' id='word_1_242' title='bbox 3600 1876 3917 1951; x_wconf 87' lang='lat' dir='ltr'><strong>hujusmodi</strong></span> <span class='ocrx_word' id='word_1_243' title='bbox 3965 1884 4108 1932; x_wconf 82' lang='lat' dir='ltr'><strong>statu</strong></span> 
     </span>
    </p>
   </div>
   <div class='ocr_carea' id='block_1_32' title="bbox 830 1961 1014 2022">
    <p class='ocr_par' dir='ltr' id='par_1_32' title="bbox 830 1961 1014 2022">
     <span class='ocr_line' id='line_1_32' title="bbox 830 1961 1014 2022; baseline -0.005 -2"><span class='ocrx_word' id='word_1_244' title='bbox 830 1961 1014 2022; x_wconf 81' lang='lat' dir='ltr'><strong>c&#39;rant.</strong></span> 
     </span>
    </p>
   </div>
   <div class='ocr_carea' id='block_1_33' title="bbox 1481 2069 3511 2131">
    <p class='ocr_par' dir='ltr' id='par_1_33' title="bbox 1481 2069 3511 2131">
     <span class='ocr_line' id='line_1_33' title="bbox 1481 2069 3511 2131; baseline 0 -1"><span class='ocrx_word' id='word_1_245' title='bbox 1481 2075 1633 2130; x_wconf 84' lang='lat' dir='ltr'><strong>CAP.</strong></span> <span class='ocrx_word' id='word_1_246' title='bbox 1666 2073 1830 2131; x_wconf 77' lang='lat' dir='ltr'><strong>XXV.</strong></span> <span class='ocrx_word' id='word_1_247' title='bbox 2455 2069 2496 2124; x_wconf 75' lang='grc' dir='ltr'><strong>Β</strong></span> <span class='ocrx_word' id='word_1_248' title='bbox 3093 2077 3346 2130; x_wconf 74' lang='grc' dir='ltr'><strong>ΚΕΦΑΛ.</strong></span> <span class='ocrx_word' id='word_1_249' title='bbox 3382 2077 3511 2131; x_wconf 73' lang='grc' dir='ltr'><strong>κεν.</strong></span> 
     </span>
    </p>
   </div>
   <div class='ocr_carea' id='block_1_34' title="bbox 1055 2166 2188 2242">
    <p class='ocr_par' dir='ltr' id='par_1_34' title="bbox 1055 2166 2188 2242">
     <span class='ocr_line' id='line_1_34' title="bbox 1055 2166 2188 2242; baseline 0.002 -19"><span class='ocrx_word' id='word_1_250' title='bbox 1055 2167 1134 2223; x_wconf 86' lang='lat' dir='ltr'><strong>De</strong></span> <span class='ocrx_word' id='word_1_251' title='bbox 1165 2167 1474 2240; x_wconf 76' lang='lat' dir='ltr'><strong>Magnentio</strong></span> <span class='ocrx_word' id='word_1_252' title='bbox 1500 2177 1548 2221; x_wconf 88' lang='lat' dir='ltr'><strong>et</strong></span> <span class='ocrx_word' id='word_1_253' title='bbox 1577 2166 1896 2223; x_wconf 82' lang='lat' dir='ltr'><strong>Vetranione</strong></span> <span class='ocrx_word' id='word_1_254' title='bbox 1925 2170 2188 2242; x_wconf 76' lang='lat' dir='ltr'><strong>tyrannis.</strong></span> 
     </span>
    </p>
   </div>
   <div class='ocr_carea' id='block_1_35' title="bbox 901 2261 2418 2332">
    <p class='ocr_par' dir='ltr' id='par_1_35' title="bbox 901 2261 2418 2332">
     <span class='ocr_line' id='line_1_35' title="bbox 901 2261 2418 2332; baseline 0 -16"><span class='ocrx_word' id='word_1_255' title='bbox 901 2261 1117 2317; x_wconf 85' lang='lat' dir='ltr'><strong>Interea</strong></span> <span class='ocrx_word' id='word_1_256' title='bbox 1167 2277 1300 2316; x_wconf 90' lang='lat' dir='ltr'><strong>vero</strong></span> <span class='ocrx_word' id='word_1_257' title='bbox 1359 2261 1555 2332; x_wconf 77' lang='lat' dir='ltr'><strong>ingens</strong></span> <span class='ocrx_word' id='word_1_258' title='bbox 1602 2268 1790 2316; x_wconf 90' lang='lat' dir='ltr'><strong>motus</strong></span> <span class='ocrx_word' id='word_1_259' title='bbox 1833 2263 2230 2332; x_wconf 87' lang='lat' dir='ltr'><strong>rempublicam</strong></span> <span class='ocrx_word' id='word_1_260' title='bbox 2282 2277 2418 2316; x_wconf 90' lang='lat' dir='ltr'><strong>con-</strong></span> 
     </span>
    </p>
   </div>
   <div class='ocr_carea' id='block_1_36' title="bbox 832 2353 2420 2424">
    <p class='ocr_par' dir='ltr' id='par_1_36' title="bbox 832 2353 2420 2424">
     <span class='ocr_line' id='line_1_36' title="bbox 832 2353 2420 2424; baseline 0.004 -20"><span class='ocrx_word' id='word_1_261' title='bbox 832 2353 1024 2410; x_wconf 68' lang='lat' dir='ltr'><strong>cussit.</strong></span> <span class='ocrx_word' id='word_1_262' title='bbox 1057 2353 1134 2410; x_wconf 91' lang='lat' dir='ltr'><strong>De</strong></span> <span class='ocrx_word' id='word_1_263' title='bbox 1167 2368 1281 2424; x_wconf 89' lang='lat' dir='ltr'><strong>quo</strong></span> <span class='ocrx_word' id='word_1_264' title='bbox 1304 2367 1480 2424; x_wconf 87' lang='lat' dir='ltr'><strong>pauca</strong></span> <span class='ocrx_word' id='word_1_265' title='bbox 1523 2353 1732 2419; x_wconf 88' lang='lat' dir='ltr'><strong>dicam,</strong></span> <span class='ocrx_word' id='word_1_266' title='bbox 1767 2370 1984 2409; x_wconf 84' lang='lat' dir='ltr'><strong>summa</strong></span> <span class='ocrx_word' id='word_1_267' title='bbox 2015 2355 2285 2410; x_wconf 75' lang='lat' dir='ltr'><strong>duntaxat</strong></span> <span class='ocrx_word' id='word_1_268' title='bbox 2331 2372 2420 2411; x_wconf 85' lang='lat' dir='ltr'><strong>re-</strong></span> 
     </span>
    </p>
   </div>
   <div class='ocr_carea' id='block_1_37' title="bbox 834 2445 2416 2516">
    <p class='ocr_par' dir='ltr' id='par_1_37' title="bbox 834 2445 2416 2516">
     <span class='ocr_line' id='line_1_37' title="bbox 834 2445 2416 2516; baseline 0.001 -17"><span class='ocrx_word' id='word_1_269' title='bbox 834 2461 959 2500; x_wconf 92' lang='lat' dir='ltr'><strong>rum</strong></span> <span class='ocrx_word' id='word_1_270' title='bbox 991 2445 1171 2516; x_wconf 86' lang='lat' dir='ltr'><strong>capita</strong></span> <span class='ocrx_word' id='word_1_271' title='bbox 1219 2460 1343 2515; x_wconf 68' lang='lat' dir='ltr'><strong>qua:</strong></span> <span class='ocrx_word' id='word_1_272' title='bbox 1381 2446 1698 2500; x_wconf 87' lang='lat' dir='ltr'><strong>necessario</strong></span> <span class='ocrx_word' id='word_1_273' title='bbox 1748 2448 2229 2502; x_wconf 87' lang='lat' dir='ltr'><strong>commemoranda</strong></span> <span class='ocrx_word' id='word_1_274' title='bbox 2268 2457 2416 2510; x_wconf 90' lang='lat' dir='ltr'><strong>sunt,</strong></span> 
     </span>
    </p>
   </div>
   <div class='ocr_carea' id='block_1_38' title="bbox 835 2537 2418 2610">
    <p class='ocr_par' dir='ltr' id='par_1_38' title="bbox 835 2537 2418 2610">
     <span class='ocr_line' id='line_1_38' title="bbox 835 2537 2418 2610; baseline 0.002 -18"><span class='ocrx_word' id='word_1_275' title='bbox 835 2538 1001 2608; x_wconf 92' lang='lat' dir='ltr'><strong>paulo</strong></span> <span class='ocrx_word' id='word_1_276' title='bbox 1048 2537 1218 2592; x_wconf 89' lang='lat' dir='ltr'><strong>altius</strong></span> <span class='ocrx_word' id='word_1_277' title='bbox 1263 2546 1551 2608; x_wconf 88' lang='lat' dir='ltr'><strong>repetens.</strong></span> <span class='ocrx_word' id='word_1_278' title='bbox 1596 2538 1812 2593; x_wconf 81' lang='lat' dir='ltr'><strong>Mortuo</strong></span> <span class='ocrx_word' id='word_1_279' title='bbox 1863 2539 2418 2610; x_wconf 81' lang='lat' dir='ltr'><strong>Constantinopoleos</strong></span> 
     </span>
    </p>
   </div>
   <div class='ocr_carea' id='block_1_39' title="bbox 833 2627 2418 2702">
    <p class='ocr_par' dir='ltr' id='par_1_39' title="bbox 833 2627 2418 2702">
     <span class='ocr_line' id='line_1_39' title="bbox 833 2627 2418 2702; baseline 0.002 -19"><span class='ocrx_word' id='word_1_280' title='bbox 833 2627 1110 2684; x_wconf 91' lang='lat' dir='ltr'><strong>conditori</strong></span> <span class='ocrx_word' id='word_1_281' title='bbox 1143 2627 1527 2694; x_wconf 87' lang='lat' dir='ltr'><strong>Constantino,</strong></span> <span class='ocrx_word' id='word_1_282' title='bbox 1569 2638 1684 2684; x_wconf 88' lang='lat' dir='ltr'><strong>tres</strong></span> <span class='ocrx_word' id='word_1_283' title='bbox 1727 2631 1850 2700; x_wconf 86' lang='lat' dir='ltr'><strong>ejus</strong></span> <span class='ocrx_word' id='word_1_284' title='bbox 1880 2629 2043 2685; x_wconf 90' lang='lat' dir='ltr'><strong>liberi</strong></span> <span class='ocrx_word' id='word_1_285' title='bbox 2085 2631 2140 2685; x_wconf 91' lang='lat' dir='ltr'><strong>in</strong></span> <span class='ocrx_word' id='word_1_286' title='bbox 2182 2632 2418 2702; x_wconf 88' lang='lat' dir='ltr'><strong>imperio</strong></span> 
     </span>
    </p>
   </div>
   <div class='ocr_carea' id='block_1_40' title="bbox 833 2719 2418 2791">
    <p class='ocr_par' dir='ltr' id='par_1_40' title="bbox 833 2719 2418 2791">
     <span class='ocr_line' id='line_1_40' title="bbox 833 2719 2418 2791; baseline 0.003 -18"><span class='ocrx_word' id='word_1_287' title='bbox 833 2733 1172 2783; x_wconf 87' lang='lat' dir='ltr'><strong>successere,</strong></span> <span class='ocrx_word' id='word_1_288' title='bbox 1207 2719 1668 2788; x_wconf 90' lang='lat' dir='ltr'><strong>quemadmodum</strong></span> <span class='ocrx_word' id='word_1_289' title='bbox 1717 2721 1774 2775; x_wconf 89' lang='lat' dir='ltr'><strong>in</strong></span> <span class='ocrx_word' id='word_1_290' title='bbox 1820 2722 2108 2791; x_wconf 88' lang='lat' dir='ltr'><strong>superiore</strong></span> <span class='ocrx_word' id='word_1_291' title='bbox 2145 2722 2288 2776; x_wconf 91' lang='lat' dir='ltr'><strong>libro</strong></span> <span class='ocrx_word' id='word_1_292' title='bbox 2333 2739 2418 2777; x_wconf 88' lang='lat' dir='ltr'><strong>re-</strong></span> 
     </span>
    </p>
   </div>
   <div class='ocr_carea' id='block_1_41' title="bbox 833 2809 2416 2885">
    <p class='ocr_par' dir='ltr' id='par_1_41' title="bbox 833 2809 2416 2885">
     <span class='ocr_line' id='line_1_41' title="bbox 833 2809 2416 2885; baseline 0.003 -20"><span class='ocrx_word' id='word_1_293' title='bbox 833 2811 1083 2866; x_wconf 89' lang='lat' dir='ltr'><strong>tulimus.</strong></span> <span class='ocrx_word' id='word_1_294' title='bbox 1115 2809 1413 2866; x_wconf 91' lang='lat' dir='ltr'><strong>Sciendum</strong></span> <span class='ocrx_word' id='word_1_295' title='bbox 1450 2827 1619 2882; x_wconf 91' lang='lat' dir='ltr'><strong>porro</strong></span> <span class='ocrx_word' id='word_1_296' title='bbox 1655 2819 1743 2868; x_wconf 90' lang='lat' dir='ltr'><strong>est</strong></span> <span class='ocrx_word' id='word_1_297' title='bbox 1787 2829 1897 2867; x_wconf 88' lang='lat' dir='ltr'><strong>una</strong></span> <span class='ocrx_word' id='word_1_298' title='bbox 1930 2828 2055 2868; x_wconf 88' lang='lat' dir='ltr'><strong>eum</strong></span> <span class='ocrx_word' id='word_1_299' title='bbox 2092 2814 2204 2869; x_wconf 90' lang='lat' dir='ltr'><strong>illis</strong></span> <span class='ocrx_word' id='word_1_300' title='bbox 2240 2815 2416 2885; x_wconf 90' lang='lat' dir='ltr'><strong>impe-</strong></span> 
     </span>
    </p>
   </div>
   <div class='ocr_carea' id='block_1_42' title="bbox 834 2906 2416 2978">
    <p class='ocr_par' dir='ltr' id='par_1_42' title="bbox 834 2906 2416 2978">
     <span class='ocr_line' id='line_1_42' title="bbox 834 2906 2416 2978; baseline 0.003 -20"><span class='ocrx_word' id='word_1_301' title='bbox 834 2920 988 2959; x_wconf 86' lang='lat' dir='ltr'><strong>rasse</strong></span> <span class='ocrx_word' id='word_1_302' title='bbox 1053 2914 1351 2976; x_wconf 86' lang='lat' dir='ltr'><strong>cognatum</strong></span> <span class='ocrx_word' id='word_1_303' title='bbox 1409 2906 1656 2976; x_wconf 90' lang='lat' dir='ltr'><strong>ipsorum</strong></span> <span class='ocrx_word' id='word_1_304' title='bbox 1703 2907 2060 2972; x_wconf 88' lang='lat' dir='ltr'><strong>Dalmatium,</strong></span> <span class='ocrx_word' id='word_1_305' title='bbox 2109 2909 2256 2978; x_wconf 90' lang='lat' dir='ltr'><strong>patri</strong></span> <span class='ocrx_word' id='word_1_306' title='bbox 2315 2925 2416 2963; x_wconf 91' lang='lat' dir='ltr'><strong>suo</strong></span> 
     </span>
    </p>
   </div>
   <div class='ocr_carea' id='block_1_43' title="bbox 835 2997 2417 3071">
    <p class='ocr_par' dir='ltr' id='par_1_43' title="bbox 835 2997 2417 3071">
     <span class='ocr_line' id='line_1_43' title="bbox 835 2997 2417 3071; baseline 0.003 -20"><span class='ocrx_word' id='word_1_307' title='bbox 835 2998 1237 3067; x_wconf 81' lang='lat' dir='ltr'><strong>cognominem.</strong></span> <span class='ocrx_word' id='word_1_308' title='bbox 1290 2997 1392 3064; x_wconf 87' lang='lat' dir='ltr'><strong>Qui</strong></span> <span class='ocrx_word' id='word_1_309' title='bbox 1442 3014 1570 3052; x_wconf 91' lang='lat' dir='ltr'><strong>cum</strong></span> <span class='ocrx_word' id='word_1_310' title='bbox 1628 2999 1783 3054; x_wconf 85' lang='lat' dir='ltr'><strong>brevi</strong></span> <span class='ocrx_word' id='word_1_311' title='bbox 1842 3010 2088 3071; x_wconf 87' lang='lat' dir='ltr'><strong>tempore</strong></span> <span class='ocrx_word' id='word_1_312' title='bbox 2123 3000 2417 3070; x_wconf 89' lang='lat' dir='ltr'><strong>imperium</strong></span> 
     </span>
    </p>
   </div>
   <div class='ocr_carea' id='block_1_44' title="bbox 834 3088 2418 3162">
    <p class='ocr_par' dir='ltr' id='par_1_44' title="bbox 834 3088 2418 3162">
     <span class='ocr_line' id='line_1_44' title="bbox 834 3088 2418 3162; baseline 0.004 -20"><span class='ocrx_word' id='word_1_313' title='bbox 834 3088 1186 3152; x_wconf 89' lang='lat' dir='ltr'><strong>obtinuisset,</strong></span> <span class='ocrx_word' id='word_1_314' title='bbox 1205 3105 1236 3143; x_wconf 92' lang='lat' dir='ltr'><strong>a</strong></span> <span class='ocrx_word' id='word_1_315' title='bbox 1266 3088 1539 3144; x_wconf 90' lang='lat' dir='ltr'><strong>militibus</strong></span> <span class='ocrx_word' id='word_1_316' title='bbox 1577 3098 1663 3144; x_wconf 88' lang='lat' dir='ltr'><strong>est</strong></span> <span class='ocrx_word' id='word_1_317' title='bbox 1690 3090 2038 3156; x_wconf 86' lang='lat' dir='ltr'><strong>interfectus,</strong></span> <span class='ocrx_word' id='word_1_318' title='bbox 2053 3108 2164 3146; x_wconf 89' lang='lat' dir='ltr'><strong>non</strong></span> <span class='ocrx_word' id='word_1_319' title='bbox 2187 3092 2418 3162; x_wconf 86' lang='lat' dir='ltr'><strong>jubentc</strong></span> 
     </span>
    </p>
   </div>
   <div class='ocr_carea' id='block_1_45' title="bbox 837 3179 2418 3250">
    <p class='ocr_par' dir='ltr' id='par_1_45' title="bbox 837 3179 2418 3250">
     <span class='ocr_line' id='line_1_45' title="bbox 837 3179 2418 3250; baseline 0 -15"><span class='ocrx_word' id='word_1_320' title='bbox 837 3180 891 3235; x_wconf 83' lang='lat' dir='ltr'><strong>id</strong></span> <span class='ocrx_word' id='word_1_321' title='bbox 918 3180 1162 3250; x_wconf 89' lang='lat' dir='ltr'><strong>quidem,</strong></span> <span class='ocrx_word' id='word_1_322' title='bbox 1191 3179 1286 3233; x_wconf 89' lang='lat' dir='ltr'><strong>sed</strong></span> <span class='ocrx_word' id='word_1_323' title='bbox 1317 3195 1496 3250; x_wconf 88' lang='lat' dir='ltr'><strong>neque</strong></span> <span class='ocrx_word' id='word_1_324' title='bbox 1530 3180 1863 3250; x_wconf 88' lang='lat' dir='ltr'><strong>prohibente</strong></span> <span class='ocrx_word' id='word_1_325' title='bbox 1885 3179 2230 3235; x_wconf 88' lang='lat' dir='ltr'><strong>Constantio.</strong></span> <span class='ocrx_word' id='word_1_326' title='bbox 2268 3180 2418 3248; x_wconf 86' lang='lat' dir='ltr'><strong>Qua-</strong></span> 
     </span>
    </p>
   </div>
   <div class='ocr_carea' id='block_1_46' title="bbox 836 3267 2418 3340">
    <p class='ocr_par' dir='ltr' id='par_1_46' title="bbox 836 3267 2418 3340">
     <span class='ocr_line' id='line_1_46' title="bbox 836 3267 2418 3340; baseline 0.002 -17"><span class='ocrx_word' id='word_1_327' title='bbox 836 3269 965 3323; x_wconf 89' lang='lat' dir='ltr'><strong>liter</strong></span> <span class='ocrx_word' id='word_1_328' title='bbox 995 3276 1178 3322; x_wconf 89' lang='lat' dir='ltr'><strong>autem</strong></span> <span class='ocrx_word' id='word_1_329' title='bbox 1199 3267 1598 3323; x_wconf 89' lang='lat' dir='ltr'><strong>Constantinus</strong></span> <span class='ocrx_word' id='word_1_330' title='bbox 1625 3269 1834 3340; x_wconf 90' lang='lat' dir='ltr'><strong>junior,</strong></span> <span class='ocrx_word' id='word_1_331' title='bbox 1871 3269 2001 3324; x_wconf 91' lang='lat' dir='ltr'><strong>dum</strong></span> <span class='ocrx_word' id='word_1_332' title='bbox 2032 3270 2086 3324; x_wconf 90' lang='lat' dir='ltr'><strong>in</strong></span> <span class='ocrx_word' id='word_1_333' title='bbox 2118 3271 2305 3326; x_wconf 81' lang='lat' dir='ltr'><strong>fratris</strong></span> <span class='ocrx_word' id='word_1_334' title='bbox 2333 3271 2418 3326; x_wconf 91' lang='lat' dir='ltr'><strong>sui</strong></span> 
     </span>
    </p>
   </div>
   <div class='ocr_carea' id='block_1_47' title="bbox 2517 2166 4107 2239">
    <p class='ocr_par' dir='ltr' id='par_1_47' title="bbox 2517 2166 4107 2239">
     <span class='ocr_line' id='line_1_47' title="bbox 2517 2166 4107 2239; baseline 0.002 -17"><span class='ocrx_word' id='word_1_335' title='bbox 2517 2169 2658 2236; x_wconf 83' lang='lat' dir='ltr'><strong>Hepl</strong></span> <span class='ocrx_word' id='word_1_336' title='bbox 2681 2167 2801 2222; x_wconf 73' lang='grc' dir='ltr'><strong>τῶν</strong></span> <span class='ocrx_word' id='word_1_337' title='bbox 2817 2167 3131 2237; x_wconf 76' lang='grc' dir='ltr'><strong>τυράννων</strong></span> <span class='ocrx_word' id='word_1_338' title='bbox 3150 2169 3524 2239; x_wconf 77' lang='grc' dir='ltr'><strong>Μαγνεντίου</strong></span> <span class='ocrx_word' id='word_1_339' title='bbox 3563 2167 3664 2222; x_wconf 77' lang='grc' dir='ltr'><strong>καὶ</strong></span> <span class='ocrx_word' id='word_1_340' title='bbox 3681 2166 4107 2238; x_wconf 77' lang='grc' dir='ltr'><strong>Βετρανίωνος.</strong></span> 
     </span>
    </p>
   </div>
   <div class='ocr_carea' id='block_1_48' title="bbox 2601 2259 4111 2336">
    <p class='ocr_par' dir='ltr' id='par_1_48' title="bbox 2601 2259 4111 2336">
     <span class='ocr_line' id='line_1_48' title="bbox 2601 2259 4111 2336; baseline 0.003 -23"><span class='ocrx_word' id='word_1_341' title='bbox 2601 2261 2690 2315; x_wconf 82' lang='grc' dir='ltr'><strong>Ἐν</strong></span> <span class='ocrx_word' id='word_1_342' title='bbox 2719 2259 2897 2331; x_wconf 79' lang='grc' dir='ltr'><strong>τούτῳ</strong></span> <span class='ocrx_word' id='word_1_343' title='bbox 2927 2261 2984 2314; x_wconf 77' lang='grc' dir='ltr'><strong>δὲ</strong></span> <span class='ocrx_word' id='word_1_344' title='bbox 3018 2259 3089 2313; x_wconf 80' lang='grc' dir='ltr'><strong>τὰ</strong></span> <span class='ocrx_word' id='word_1_345' title='bbox 3118 2259 3355 2332; x_wconf 76' lang='grc' dir='ltr'><strong>δημόσια</strong></span> <span class='ocrx_word' id='word_1_346' title='bbox 3400 2261 3500 2332; x_wconf 84' lang='grc' dir='ltr'><strong>οὐχ</strong></span> <span class='ocrx_word' id='word_1_347' title='bbox 3541 2262 3575 2332; x_wconf 80' lang='grc' dir='ltr'><strong>η</strong></span> <span class='ocrx_word' id='word_1_348' title='bbox 3611 2260 3852 2333; x_wconf 78' lang='grc' dir='ltr'><strong>τυχοῦσα</strong></span> <span class='ocrx_word' id='word_1_349' title='bbox 3893 2263 4111 2336; x_wconf 78' lang='grc' dir='ltr'><strong>ταραχὴ</strong></span> 
     </span>
    </p>
   </div>
   <div class='ocr_carea' id='block_1_49' title="bbox 2515 2348 4111 2426">
    <p class='ocr_par' dir='ltr' id='par_1_49' title="bbox 2515 2348 4111 2426">
     <span class='ocr_line' id='line_1_49' title="bbox 2515 2348 4111 2426; baseline 0.001 -20"><span class='ocrx_word' id='word_1_350' title='bbox 2515 2351 2803 2423; x_wconf 81' lang='grc' dir='ltr'><strong>διεδέχετο.</strong></span> <span class='ocrx_word' id='word_1_351' title='bbox 2837 2353 2974 2424; x_wconf 71' lang='grc' dir='ltr'><strong>Περὶ</strong></span> <span class='ocrx_word' id='word_1_352' title='bbox 2997 2348 3065 2420; x_wconf 77' lang='grc' dir='ltr'><strong>ἧς</strong></span> <span class='ocrx_word' id='word_1_353' title='bbox 3095 2352 3197 2405; x_wconf 84' lang='grc' dir='ltr'><strong>ὅσα</strong></span> <span class='ocrx_word' id='word_1_354' title='bbox 3221 2351 3570 2425; x_wconf 77' lang='grc' dir='ltr'><strong>κεφαλαιώδη</strong></span> <span class='ocrx_word' id='word_1_355' title='bbox 3605 2353 3988 2426; x_wconf 69' lang='grc' dir='ltr'><strong>παραδράμεϊν</strong></span> <span class='ocrx_word' id='word_1_356' title='bbox 4009 2355 4111 2410; x_wconf 81' lang='grc' dir='ltr'><strong>οὐκ</strong></span> 
     </span>
    </p>
   </div>
   <div class='ocr_carea' id='block_1_50' title="bbox 2516 2444 4115 2518">
    <p class='ocr_par' dir='ltr' id='par_1_50' title="bbox 2516 2444 4115 2518">
     <span class='ocr_line' id='line_1_50' title="bbox 2516 2444 4115 2518; baseline 0.003 -21"><span class='ocrx_word' id='word_1_357' title='bbox 2516 2444 2834 2513; x_wconf 80' lang='grc' dir='ltr'><strong>ἀναγκαῖον.</strong></span> <span class='ocrx_word' id='word_1_358' title='bbox 2857 2445 3218 2510; x_wconf 77' lang='grc' dir='ltr'><strong>ἀναλαϐόντες</strong></span> <span class='ocrx_word' id='word_1_359' title='bbox 3242 2445 3416 2517; x_wconf 77' lang='grc' dir='ltr'><strong>βραχὺ</strong></span> <span class='ocrx_word' id='word_1_360' title='bbox 3432 2445 3678 2518; x_wconf 78' lang='grc' dir='ltr'><strong>λέξομεν.</strong></span> <span class='ocrx_word' id='word_1_361' title='bbox 3705 2447 3830 2500; x_wconf 87' lang='grc' dir='ltr'><strong>Ὅτι</strong></span> <span class='ocrx_word' id='word_1_362' title='bbox 3868 2447 3962 2502; x_wconf 73' lang='grc' dir='ltr'><strong>τοῦ</strong></span> <span class='ocrx_word' id='word_1_363' title='bbox 3996 2448 4115 2502; x_wconf 78' lang='grc' dir='ltr'><strong>κτι-</strong></span> 
     </span>
    </p>
   </div>
   <div class='ocr_carea' id='block_1_51' title="bbox 2518 2536 4114 2613">
    <p class='ocr_par' dir='ltr' id='par_1_51' title="bbox 2518 2536 4114 2613">
     <span class='ocr_line' id='line_1_51' title="bbox 2518 2536 4114 2613; baseline 0.003 -24"><span class='ocrx_word' id='word_1_364' title='bbox 2518 2553 2649 2590; x_wconf 87' lang='grc' dir='ltr'><strong>στου</strong></span> <span class='ocrx_word' id='word_1_365' title='bbox 2665 2538 2763 2606; x_wconf 80' lang='grc' dir='ltr'><strong>τῆς</strong></span> <span class='ocrx_word' id='word_1_366' title='bbox 2785 2537 3194 2591; x_wconf 80' lang='grc' dir='ltr'><strong>Κωνσταντίνου</strong></span> <span class='ocrx_word' id='word_1_367' title='bbox 3212 2538 3420 2602; x_wconf 79' lang='grc' dir='ltr'><strong>πόλεως</strong></span> <span class='ocrx_word' id='word_1_368' title='bbox 3439 2536 3877 2610; x_wconf 77' lang='grc' dir='ltr'><strong>τελευτήσαντος,</strong></span> <span class='ocrx_word' id='word_1_369' title='bbox 3891 2541 3940 2594; x_wconf 78' lang='grc' dir='ltr'><strong>οῖ</strong></span> <span class='ocrx_word' id='word_1_370' title='bbox 3963 2543 4114 2613; x_wconf 80' lang='grc' dir='ltr'><strong>τρεῖς</strong></span> 
     </span>
    </p>
   </div>
   <div class='ocr_carea' id='block_1_52' title="bbox 2516 2623 4112 2697">
    <p class='ocr_par' dir='ltr' id='par_1_52' title="bbox 2516 2623 4112 2697">
     <span class='ocr_line' id='line_1_52' title="bbox 2516 2623 4112 2697; baseline 0.005 -21"><span class='ocrx_word' id='word_1_371' title='bbox 2516 2623 2682 2677; x_wconf 80' lang='grc' dir='ltr'><strong>αὑτοῦ</strong></span> <span class='ocrx_word' id='word_1_372' title='bbox 2717 2624 2908 2687; x_wconf 86' lang='grc' dir='ltr'><strong>παῖδες</strong></span> <span class='ocrx_word' id='word_1_373' title='bbox 2939 2626 3037 2697; x_wconf 77' lang='grc' dir='ltr'><strong>τὴν</strong></span> <span class='ocrx_word' id='word_1_374' title='bbox 3078 2625 3357 2696; x_wconf 82' lang='grc' dir='ltr'><strong>βασιλείαν</strong></span> <span class='ocrx_word' id='word_1_375' title='bbox 3385 2627 3553 2682; x_wconf 79' lang='grc' dir='ltr'><strong>αὑτοῦ</strong></span> <span class='ocrx_word' id='word_1_376' title='bbox 3591 2627 3915 2696; x_wconf 78' lang='grc' dir='ltr'><strong>διεδέξαντο,</strong></span> <span class='ocrx_word' id='word_1_377' title='bbox 3945 2630 4022 2694; x_wconf 80' lang='grc' dir='ltr'><strong>ὡς</strong></span> <span class='ocrx_word' id='word_1_378' title='bbox 4050 2632 4112 2684; x_wconf 78' lang='grc' dir='ltr'><strong>ὲν</strong></span> 
     </span>
    </p>
   </div>
   <div class='ocr_carea' id='block_1_53' title="bbox 2515 2715 4114 2791">
    <p class='ocr_par' dir='ltr' id='par_1_53' title="bbox 2515 2715 4114 2791">
     <span class='ocr_line' id='line_1_53' title="bbox 2515 2715 4114 2791; baseline 0.005 -23"><span class='ocrx_word' id='word_1_379' title='bbox 2515 2715 2595 2787; x_wconf 84' lang='grc' dir='ltr'><strong>τῷ</strong></span> <span class='ocrx_word' id='word_1_380' title='bbox 2632 2715 2739 2786; x_wconf 85' lang='grc' dir='ltr'><strong>πρὸ</strong></span> <span class='ocrx_word' id='word_1_381' title='bbox 2769 2715 2960 2770; x_wconf 85' lang='grc' dir='ltr'><strong>τούτου</strong></span> <span class='ocrx_word' id='word_1_382' title='bbox 2997 2717 3189 2789; x_wconf 83' lang='grc' dir='ltr'><strong>βιϐλίῳ</strong></span> <span class='ocrx_word' id='word_1_383' title='bbox 3222 2719 3571 2790; x_wconf 78' lang='grc' dir='ltr'><strong>πεποιήμεθα</strong></span> <span class='ocrx_word' id='word_1_384' title='bbox 3611 2721 3853 2791; x_wconf 81' lang='grc' dir='ltr'><strong>μνήμην.</strong></span> <span class='ocrx_word' id='word_1_385' title='bbox 3915 2721 4114 2778; x_wconf 74' lang='grc' dir='ltr'><strong>’ἰστέον</strong></span> 
     </span>
    </p>
   </div>
   <div class='ocr_carea' id='block_1_54' title="bbox 2517 2802 4110 2879">
    <p class='ocr_par' dir='ltr' id='par_1_54' title="bbox 2517 2802 4110 2879">
     <span class='ocr_line' id='line_1_54' title="bbox 2517 2802 4110 2879; baseline 0.003 -20"><span class='ocrx_word' id='word_1_386' title='bbox 2517 2805 2575 2858; x_wconf 82' lang='grc' dir='ltr'><strong>δὲ</strong></span> <span class='ocrx_word' id='word_1_387' title='bbox 2605 2807 2688 2859; x_wconf 84' lang='grc' dir='ltr'><strong>ὅτι</strong></span> <span class='ocrx_word' id='word_1_388' title='bbox 2717 2806 3134 2861; x_wconf 73' lang='grc' dir='ltr'><strong>συνεϐασίλευσε</strong></span> <span class='ocrx_word' id='word_1_389' title='bbox 3167 2807 3381 2872; x_wconf 78' lang='grc' dir='ltr'><strong>τούτοις</strong></span> <span class='ocrx_word' id='word_1_390' title='bbox 3408 2808 3628 2878; x_wconf 76' lang='grc' dir='ltr'><strong>ἀνεψιὸς</strong></span> <span class='ocrx_word' id='word_1_391' title='bbox 3665 2809 3866 2874; x_wconf 76' lang='grc' dir='ltr'><strong>αὐτῶν,</strong></span> <span class='ocrx_word' id='word_1_392' title='bbox 3903 2802 3950 2879; x_wconf 77' lang='grc' dir='ltr'><strong>ᾧ</strong></span> <span class='ocrx_word' id='word_1_393' title='bbox 3989 2810 4110 2864; x_wconf 71' lang='grc' dir='ltr'><strong>δνο-</strong></span> 
     </span>
    </p>
   </div>
   <div class='ocr_carea' id='block_1_55' title="bbox 2522 2895 4114 2976">
    <p class='ocr_par' dir='ltr' id='par_1_55' title="bbox 2522 2895 4114 2976">
     <span class='ocr_line' id='line_1_55' title="bbox 2522 2895 4114 2976; baseline 0.007 -29"><span class='ocrx_word' id='word_1_394' title='bbox 2522 2913 2600 2966; x_wconf 88' lang='grc' dir='ltr'><strong>μα</strong></span> <span class='ocrx_word' id='word_1_395' title='bbox 2626 2895 2928 2967; x_wconf 82' lang='grc' dir='ltr'><strong>Δαλμάτιος</strong></span> <span class='ocrx_word' id='word_1_396' title='bbox 2979 2898 3091 2969; x_wconf 74' lang='lat'><strong>(75)</strong></span> <span class='ocrx_word' id='word_1_397' title='bbox 3125 2907 3154 2946; x_wconf 75' lang='grc'><strong><em>1</em></strong></span> <span class='ocrx_word' id='word_1_398' title='bbox 3189 2899 3480 2972; x_wconf 84' lang='grc' dir='ltr'><strong>ὁμώνυμος</strong></span> <span class='ocrx_word' id='word_1_399' title='bbox 3510 2901 3590 2972; x_wconf 82' lang='grc' dir='ltr'><strong>τῷ</strong></span> <span class='ocrx_word' id='word_1_400' title='bbox 3631 2901 3745 2973; x_wconf 75' lang='grc' dir='ltr'><strong>ἰδίῳ</strong></span> <span class='ocrx_word' id='word_1_401' title='bbox 3786 2903 3976 2976; x_wconf 78' lang='grc' dir='ltr'><strong>πατρί.</strong></span> <span class='ocrx_word' id='word_1_402' title='bbox 4013 2905 4114 2958; x_wconf 89' lang='grc' dir='ltr'><strong>Ὃν</strong></span> 
     </span>
    </p>
   </div>
   <div class='ocr_carea' id='block_1_56' title="bbox 2518 2989 4108 3066">
    <p class='ocr_par' dir='ltr' id='par_1_56' title="bbox 2518 2989 4108 3066">
     <span class='ocr_line' id='line_1_56' title="bbox 2518 2989 4108 3066; baseline 0.005 -23"><span class='ocrx_word' id='word_1_403' title='bbox 2518 2989 2606 3043; x_wconf 77' lang='grc' dir='ltr'><strong>ἐπ’</strong></span> <span class='ocrx_word' id='word_1_404' title='bbox 2647 2990 2828 3058; x_wconf 81' lang='grc' dir='ltr'><strong>ὀλίγον</strong></span> <span class='ocrx_word' id='word_1_405' title='bbox 2874 2991 3387 3061; x_wconf 75' lang='grc' dir='ltr'><strong>συμϐασιλεύσαντα</strong></span> <span class='ocrx_word' id='word_1_406' title='bbox 3419 2996 3468 3047; x_wconf 79' lang='grc' dir='ltr'><strong>οἱ</strong></span> <span class='ocrx_word' id='word_1_407' title='bbox 3519 2995 3850 3066; x_wconf 77' lang='grc' dir='ltr'><strong>στρατιιῖιται</strong></span> <span class='ocrx_word' id='word_1_408' title='bbox 3875 2997 4108 3062; x_wconf 79' lang='grc' dir='ltr'><strong>ἀνεῖλον,</strong></span> 
     </span>
    </p>
   </div>
   <div class='ocr_carea' id='block_1_57' title="bbox 2519 3081 4113 3160">
    <p class='ocr_par' dir='ltr' id='par_1_57' title="bbox 2519 3081 4113 3160">
     <span class='ocr_line' id='line_1_57' title="bbox 2519 3081 4113 3160; baseline 0.004 -24"><span class='ocrx_word' id='word_1_409' title='bbox 2519 3082 2581 3136; x_wconf 83' lang='grc' dir='ltr'><strong>οὐ</strong></span> <span class='ocrx_word' id='word_1_410' title='bbox 2641 3081 2958 3147; x_wconf 82' lang='grc' dir='ltr'><strong>κελεύοντος</strong></span> <span class='ocrx_word' id='word_1_411' title='bbox 3015 3085 3391 3139; x_wconf 79' lang='grc' dir='ltr'><strong>Κωνσταντίου</strong></span> <span class='ocrx_word' id='word_1_412' title='bbox 3423 3086 3536 3156; x_wconf 82' lang='grc'><strong>(76)</strong></span> <span class='ocrx_word' id='word_1_413' title='bbox 3568 3086 3668 3158; x_wconf 79' lang='grc' dir='ltr'><strong>τὴν</strong></span> <span class='ocrx_word' id='word_1_414' title='bbox 3705 3087 3939 3160; x_wconf 72' lang='grc' dir='ltr'><strong>σφαγὴν,</strong></span> <span class='ocrx_word' id='word_1_415' title='bbox 3973 3088 4113 3143; x_wconf 77' lang='grc' dir='ltr'><strong>ἀλλὰ</strong></span> 
     </span>
    </p>
   </div>
   <div class='ocr_carea' id='block_1_58' title="bbox 2525 3174 4114 3246">
    <p class='ocr_par' dir='ltr' id='par_1_58' title="bbox 2525 3174 4114 3246">
     <span class='ocr_line' id='line_1_58' title="bbox 2525 3174 4114 3246; baseline 0.005 -19"><span class='ocrx_word' id='word_1_416' title='bbox 2525 3174 2601 3246; x_wconf 81' lang='grc' dir='ltr'><strong>μὴ</strong></span> <span class='ocrx_word' id='word_1_417' title='bbox 2638 3175 2959 3239; x_wconf 83' lang='grc' dir='ltr'><strong>κωλύοντος.</strong></span> <span class='ocrx_word' id='word_1_418' title='bbox 2997 3176 3086 3239; x_wconf 80' lang='grc' dir='ltr'><strong>Ὠς</strong></span> <span class='ocrx_word' id='word_1_419' title='bbox 3104 3177 3161 3230; x_wconf 83' lang='grc' dir='ltr'><strong>δὲ</strong></span> <span class='ocrx_word' id='word_1_420' title='bbox 3195 3179 3602 3244; x_wconf 84' lang='grc' dir='ltr'><strong>Κωνσταντῖνος</strong></span> <span class='ocrx_word' id='word_1_421' title='bbox 3625 3184 3654 3233; x_wconf 76' lang='grc' dir='ltr'>ὁ</span> <span class='ocrx_word' id='word_1_422' title='bbox 3674 3180 3794 3244; x_wconf 82' lang='grc' dir='ltr'><strong>νέος</strong></span> <span class='ocrx_word' id='word_1_423' title='bbox 3823 3190 3846 3218; x_wconf 75' lang='grc' dir='ltr'><strong>ι</strong></span> <span class='ocrx_word' id='word_1_424' title='bbox 3876 3183 3989 3245; x_wconf 86' lang='grc' dir='ltr'><strong>τοῖς</strong></span> <span class='ocrx_word' id='word_1_425' title='bbox 4015 3180 4114 3235; x_wconf 80' lang='grc' dir='ltr'><strong>τοῦ</strong></span> 
     </span>
    </p>
   </div>
   <div class='ocr_carea' id='block_1_59' title="bbox 2521 3267 4111 3346">
    <p class='ocr_par' dir='ltr' id='par_1_59' title="bbox 2521 3267 4111 3346">
     <span class='ocr_line' id='line_1_59' title="bbox 2521 3267 4111 3346; baseline 0.004 -26"><span class='ocrx_word' id='word_1_426' title='bbox 2521 3267 2754 3337; x_wconf 84' lang='grc' dir='ltr'><strong>ἀδελφοῦ</strong></span> <span class='ocrx_word' id='word_1_427' title='bbox 2778 3269 3004 3341; x_wconf 89' lang='grc' dir='ltr'><strong>μέρεσιν</strong></span> <span class='ocrx_word' id='word_1_428' title='bbox 3043 3267 3237 3334; x_wconf 80' lang='grc' dir='ltr'><strong>ἐπιὼν,</strong></span> <span class='ocrx_word' id='word_1_429' title='bbox 3263 3272 3358 3324; x_wconf 73' lang='grc' dir='ltr'><strong>καὶ</strong></span> <span class='ocrx_word' id='word_1_430' title='bbox 3384 3272 3547 3336; x_wconf 77' lang='grc' dir='ltr'><strong>αὐτὸς</strong></span> <span class='ocrx_word' id='word_1_431' title='bbox 3579 3272 3686 3326; x_wconf 80' lang='grc' dir='ltr'><strong>ὑπὸ</strong></span> <span class='ocrx_word' id='word_1_432' title='bbox 3706 3272 3816 3328; x_wconf 83' lang='grc' dir='ltr'><strong>τῶν</strong></span> <span class='ocrx_word' id='word_1_433' title='bbox 3843 3291 4111 3346; x_wconf 85' lang='grc' dir='ltr'><strong>στρατιω-</strong></span> 
     </span>
    </p>
   </div>
   <div class='ocr_carea' id='block_1_60' title="bbox 837 3359 2623 3437">
    <p class='ocr_par' dir='ltr' id='par_1_60' title="bbox 837 3359 2623 3437">
     <span class='ocr_line' id='line_1_60' title="bbox 837 3359 2623 3437; baseline 0.001 -23"><span class='ocrx_word' id='word_1_434' title='bbox 837 3360 1103 3414; x_wconf 89' lang='lat' dir='ltr'><strong>ditionem</strong></span> <span class='ocrx_word' id='word_1_435' title='bbox 1131 3359 1362 3423; x_wconf 85' lang='lat' dir='ltr'><strong>invadit,</strong></span> <span class='ocrx_word' id='word_1_436' title='bbox 1391 3359 1507 3431; x_wconf 86' lang='lat' dir='ltr'><strong>ipse</strong></span> <span class='ocrx_word' id='word_1_437' title='bbox 1540 3375 1760 3431; x_wconf 91' lang='lat' dir='ltr'><strong>quoque</strong></span> <span class='ocrx_word' id='word_1_438' title='bbox 1793 3376 1825 3415; x_wconf 91' lang='lat' dir='ltr'><strong>a</strong></span> <span class='ocrx_word' id='word_1_439' title='bbox 1860 3360 2134 3416; x_wconf 91' lang='lat' dir='ltr'><strong>militibus</strong></span> <span class='ocrx_word' id='word_1_440' title='bbox 2197 3377 2420 3432; x_wconf 89' lang='lat' dir='ltr'><strong>perem-</strong></span> <span class='ocrx_word' id='word_1_441' title='bbox 2452 3420 2491 3437; x_wconf 47' lang='grc' dir='ltr'><strong>Α</strong></span> <span class='ocrx_word' id='word_1_442' title='bbox 2522 3360 2623 3416; x_wconf 66' lang='grc' dir='ltr'><strong>τῶν</strong></span> 
     </span>
    </p>
   </div>
   <div class='ocr_carea' id='block_1_61' title="bbox 2325 3359 4111 3437">
    <p class='ocr_par' dir='ltr' id='par_1_61' title="bbox 2325 3360 4111 3437">
     <span class='ocr_line' id='line_1_61' title="bbox 2325 3360 4111 3437; baseline 0.002 -24"><span class='ocrx_word' id='word_1_443' title='bbox 2325 3377 2420 3414; x_wconf 65' lang='lat' dir='ltr'><strong>rm-</strong></span> <span class='ocrx_word' id='word_1_444' title='bbox 2452 3420 2491 3437; x_wconf 48' lang='grc' dir='ltr'><strong>Α</strong></span> <span class='ocrx_word' id='word_1_445' title='bbox 2522 3360 2633 3416; x_wconf 78' lang='grc' dir='ltr'><strong>τῶν</strong></span> <span class='ocrx_word' id='word_1_446' title='bbox 2662 3363 2952 3433; x_wconf 86' lang='grc' dir='ltr'><strong>συμϐαλὼν</strong></span> <span class='ocrx_word' id='word_1_447' title='bbox 2990 3364 3230 3435; x_wconf 80' lang='grc' dir='ltr'><strong>ἀνῃρέθη</strong></span> <span class='ocrx_word' id='word_1_448' title='bbox 3252 3404 3267 3428; x_wconf 93' lang='grc'><strong>,</strong></span> <span class='ocrx_word' id='word_1_449' title='bbox 3297 3365 3400 3436; x_wconf 75' lang='grc' dir='ltr'><strong>ἤδη</strong></span> <span class='ocrx_word' id='word_1_450' title='bbox 3437 3364 3698 3430; x_wconf 82' lang='grc' dir='ltr'><strong>πολλάκις</strong></span> <span class='ocrx_word' id='word_1_451' title='bbox 3734 3366 3998 3437; x_wconf 81' lang='grc' dir='ltr'><strong>πρότερον</strong></span> <span class='ocrx_word' id='word_1_452' title='bbox 4034 3365 4111 3418; x_wconf 81' lang='grc' dir='ltr'><strong>εῖ-</strong></span> 
     </span>
    </p>
   </div>
   <div class='ocr_carea' id='block_1_62' title="bbox 838 3420 2624 3530">
    <p class='ocr_par' dir='ltr' id='par_1_62' title="bbox 838 3420 2624 3524">
     <span class='ocr_line' id='line_1_62' title="bbox 838 3420 2624 3524; baseline 0.001 -19"><span class='ocrx_word' id='word_1_453' title='bbox 838 3460 968 3521; x_wconf 90' lang='lat' dir='ltr'><strong>ptus</strong></span> <span class='ocrx_word' id='word_1_454' title='bbox 986 3459 1074 3506; x_wconf 90' lang='lat' dir='ltr'><strong>est</strong></span> <span class='ocrx_word' id='word_1_455' title='bbox 1103 3451 1160 3505; x_wconf 90' lang='lat' dir='ltr'><strong>in</strong></span> <span class='ocrx_word' id='word_1_456' title='bbox 1189 3420 1470 3517; x_wconf 76' lang='lat' dir='ltr'><strong>conflictu,</strong></span> <span class='ocrx_word' id='word_1_457' title='bbox 1494 3420 1606 3522; x_wconf 80' lang='lat' dir='ltr'><strong>jam</strong></span> <span class='ocrx_word' id='word_1_458' title='bbox 1653 3420 1814 3506; x_wconf 72' lang='lat' dir='ltr'><strong>antea</strong></span> <span class='ocrx_word' id='word_1_459' title='bbox 1861 3467 1892 3507; x_wconf 87' lang='lat' dir='ltr'><strong>a</strong></span> <span class='ocrx_word' id='word_1_460' title='bbox 1920 3453 2082 3508; x_wconf 90' lang='lat' dir='ltr'><strong>nobis</strong></span> <span class='ocrx_word' id='word_1_461' title='bbox 2111 3420 2223 3508; x_wconf 73' lang='lat' dir='ltr'><strong>non</strong></span> <span class='ocrx_word' id='word_1_462' title='bbox 2253 3452 2424 3508; x_wconf 88' lang='lat' dir='ltr'><strong>semel</strong></span> <span class='ocrx_word' id='word_1_463' title='bbox 2449 3420 2494 3478; x_wconf 63' lang='grc' dir='ltr'>ο</span> <span class='ocrx_word' id='word_1_464' title='bbox 2529 3470 2624 3524; x_wconf 86' lang='grc' dir='ltr'><strong>ρητ</strong></span> 
     </span>
    </p>
   </div>
   <div class='ocr_carea' id='block_1_63' title="bbox 2327 3420 4113 3530">
    <p class='ocr_par' dir='ltr' id='par_1_63' title="bbox 2327 3420 4113 3530">
     <span class='ocr_line' id='line_1_63' title="bbox 2327 3420 4113 3530; baseline 0.002 -24"><span class='ocrx_word' id='word_1_465' title='bbox 2327 3452 2424 3506; x_wconf 89' lang='lat' dir='ltr'><strong>mel</strong></span> <span class='ocrx_word' id='word_1_466' title='bbox 2449 3420 2494 3478; x_wconf 75' lang='lat' dir='ltr'>c</span> <span class='ocrx_word' id='word_1_467' title='bbox 2529 3470 2712 3524; x_wconf 88' lang='grc' dir='ltr'><strong>ρηται.</strong></span> <span class='ocrx_word' id='word_1_468' title='bbox 2733 3420 2903 3508; x_wconf 45' lang='grc' dir='ltr'><strong>,Μετὰ</strong></span> <span class='ocrx_word' id='word_1_469' title='bbox 2947 3455 3006 3508; x_wconf 82' lang='grc' dir='ltr'><strong>δὲ</strong></span> <span class='ocrx_word' id='word_1_470' title='bbox 3183 3420 3400 3510; x_wconf 43' lang='grc' dir='ltr'><strong>ἐλεινοί</strong></span> <span class='ocrx_word' id='word_1_471' title='bbox 3439 3420 3743 3528; x_wconf 64' lang='grc' dir='ltr'><strong>ἀναίρεσιν,</strong></span> <span class='ocrx_word' id='word_1_472' title='bbox 3846 3420 4113 3530; x_wconf 69' lang='grc' dir='ltr'><strong>Περσικὸς</strong></span> 
     </span>
    </p>
   </div>
   <div class='ocr_carea' id='block_1_64' title="bbox 839 3545 2625 3620">
    <p class='ocr_par' dir='ltr' id='par_1_64' title="bbox 839 3545 2625 3616">
     <span class='ocr_line' id='line_1_64' title="bbox 839 3545 2625 3616; baseline -0.001 -17"><span class='ocrx_word' id='word_1_473' title='bbox 839 3553 1330 3601; x_wconf 87' lang='lat' dir='ltr'><strong>commemoratum</strong></span> <span class='ocrx_word' id='word_1_474' title='bbox 1355 3552 1460 3599; x_wconf 89' lang='lat' dir='ltr'><strong>est.</strong></span> <span class='ocrx_word' id='word_1_475' title='bbox 1492 3545 1626 3600; x_wconf 82' lang='lat' dir='ltr'><strong>Post</strong></span> <span class='ocrx_word' id='word_1_476' title='bbox 1647 3546 1770 3616; x_wconf 85' lang='lat' dir='ltr'><strong>ejus</strong></span> <span class='ocrx_word' id='word_1_477' title='bbox 1798 3545 2027 3610; x_wconf 56' lang='lat' dir='ltr'><strong>caedem,</strong></span> <span class='ocrx_word' id='word_1_478' title='bbox 2054 3545 2260 3600; x_wconf 89' lang='lat' dir='ltr'><strong>bellum</strong></span> <span class='ocrx_word' id='word_1_479' title='bbox 2289 3546 2425 3600; x_wconf 91' lang='lat' dir='ltr'><strong>Per-</strong></span> <span class='ocrx_word' id='word_1_480' title='bbox 2522 3546 2625 3616; x_wconf 70' lang='grc' dir='ltr'><strong>πρδ</strong></span> 
     </span>
    </p>
   </div>
   <div class='ocr_carea' id='block_1_65' title="bbox 2327 3545 4113 3620">
    <p class='ocr_par' dir='ltr' id='par_1_65' title="bbox 2327 3545 4113 3620">
     <span class='ocr_line' id='line_1_65' title="bbox 2327 3545 4113 3620; baseline 0.002 -21"><span class='ocrx_word' id='word_1_481' title='bbox 2327 3556 2425 3599; x_wconf 79' lang='lat' dir='ltr'><strong>’er-</strong></span> <span class='ocrx_word' id='word_1_482' title='bbox 2522 3546 2661 3616; x_wconf 71' lang='grc' dir='ltr'><strong>πρὸς</strong></span> <span class='ocrx_word' id='word_1_483' title='bbox 2707 3545 3012 3617; x_wconf 81' lang='grc' dir='ltr'><strong>Ῥωμαίους</strong></span> <span class='ocrx_word' id='word_1_484' title='bbox 3039 3547 3263 3618; x_wconf 76' lang='grc' dir='ltr'><strong>ἐκινήθη</strong></span> <span class='ocrx_word' id='word_1_485' title='bbox 3295 3548 3552 3620; x_wconf 87' lang='grc' dir='ltr'><strong>πόλεμος,</strong></span> <span class='ocrx_word' id='word_1_486' title='bbox 3573 3548 3696 3604; x_wconf 80' lang='grc' dir='ltr'><strong>καθ’</strong></span> <span class='ocrx_word' id='word_1_487' title='bbox 3728 3548 3788 3602; x_wconf 84' lang='grc' dir='ltr'><strong>δν</strong></span> <span class='ocrx_word' id='word_1_488' title='bbox 3817 3551 4113 3604; x_wconf 79' lang='grc' dir='ltr'><strong>Κωνστάν-</strong></span> 
     </span>
    </p>
   </div>
   <div class='ocr_carea' id='block_1_66' title="bbox 841 3635 2627 3714">
    <p class='ocr_par' dir='ltr' id='par_1_66' title="bbox 841 3635 2627 3707">
     <span class='ocr_line' id='line_1_66' title="bbox 841 3635 2627 3707; baseline 0.001 -17"><span class='ocrx_word' id='word_1_489' title='bbox 841 3635 1016 3692; x_wconf 82' lang='lat' dir='ltr'><strong>sicam</strong></span> <span class='ocrx_word' id='word_1_490' title='bbox 1053 3635 1328 3692; x_wconf 88' lang='lat' dir='ltr'><strong>adversus</strong></span> <span class='ocrx_word' id='word_1_491' title='bbox 1368 3635 1649 3692; x_wconf 79' lang='lat' dir='ltr'><strong>Romanos</strong></span> <span class='ocrx_word' id='word_1_492' title='bbox 1684 3637 1988 3693; x_wconf 83' lang='lat' dir='ltr'><strong>excitatum</strong></span> <span class='ocrx_word' id='word_1_493' title='bbox 2035 3645 2120 3692; x_wconf 92' lang='lat' dir='ltr'><strong>est</strong></span> <span class='ocrx_word' id='word_1_494' title='bbox 2153 3655 2166 3690; x_wconf 90' lang='lat'>:</span> <span class='ocrx_word' id='word_1_495' title='bbox 2209 3638 2263 3692; x_wconf 88' lang='lat' dir='ltr'><strong>in</strong></span> <span class='ocrx_word' id='word_1_496' title='bbox 2313 3651 2426 3707; x_wconf 90' lang='lat' dir='ltr'><strong>quo</strong></span> <span class='ocrx_word' id='word_1_497' title='bbox 2521 3656 2627 3703; x_wconf 77' lang='grc' dir='ltr'><strong>τιος</strong></span> 
     </span>
    </p>
   </div>
   <div class='ocr_carea' id='block_1_67' title="bbox 2329 3635 4115 3714">
    <p class='ocr_par' dir='ltr' id='par_1_67' title="bbox 2329 3639 4115 3714">
     <span class='ocr_line' id='line_1_67' title="bbox 2329 3639 4115 3714; baseline 0.003 -25"><span class='ocrx_word' id='word_1_498' title='bbox 2329 3651 2426 3707; x_wconf 67' lang='lat' dir='ltr'><strong>luo</strong></span> <span class='ocrx_word' id='word_1_499' title='bbox 2521 3656 2636 3703; x_wconf 78' lang='grc' dir='ltr'><strong>τιος</strong></span> <span class='ocrx_word' id='word_1_500' title='bbox 2679 3639 2832 3692; x_wconf 82' lang='grc' dir='ltr'><strong>οὐδὲν</strong></span> <span class='ocrx_word' id='word_1_501' title='bbox 2879 3639 3147 3710; x_wconf 73' lang='grc' dir='ltr'><strong>ἔπραττεν</strong></span> <span class='ocrx_word' id='word_1_502' title='bbox 3193 3639 3438 3711; x_wconf 82' lang='grc' dir='ltr'><strong>εὐτυχῶς</strong></span> <span class='ocrx_word' id='word_1_503' title='bbox 3470 3652 3523 3701; x_wconf 76' lang='grc' dir='ltr'><strong>ι.</strong></span> <span class='ocrx_word' id='word_1_504' title='bbox 3572 3640 3960 3713; x_wconf 80' lang='grc' dir='ltr'><strong>Νυκτομαχίας</strong></span> <span class='ocrx_word' id='word_1_505' title='bbox 4005 3641 4115 3714; x_wconf 76' lang='grc' dir='ltr'><strong>γὰρ</strong></span> 
     </span>
    </p>
   </div>
   <div class='ocr_carea' id='block_1_68' title="bbox 2055 3811 2920 3868">
    <p class='ocr_par' dir='ltr' id='par_1_68' title="bbox 2055 3811 2920 3868">
     <span class='ocr_line' id='line_1_68' title="bbox 2055 3811 2920 3868; baseline 0 -1"><span class='ocrx_word' id='word_1_506' title='bbox 2055 3811 2326 3868; x_wconf 82' lang='lat' dir='ltr'><strong>VALESII</strong></span> <span class='ocrx_word' id='word_1_507' title='bbox 2365 3812 2810 3868; x_wconf 70' lang='lat' dir='ltr'><strong>ANNOTATION</strong></span> <span class='ocrx_word' id='word_1_508' title='bbox 2817 3811 2920 3867; x_wconf 84' lang='lat' dir='ltr'><strong>ES.</strong></span> 
     </span>
    </p>
   </div>
   <div class='ocr_carea' id='block_1_69' title="bbox 914 3925 2426 4007">
    <p class='ocr_par' dir='ltr' id='par_1_69' title="bbox 914 3925 2426 4007">
     <span class='ocr_line' id='line_1_69' title="bbox 914 3925 2426 4007; baseline -0.003 -24"><span class='ocrx_word' id='word_1_509' title='bbox 914 3927 1178 4007; x_wconf 51' lang='grc' dir='ltr'><strong>(ἩᾙΟτι</strong></span> <span class='ocrx_word' id='word_1_510' title='bbox 1304 3926 1434 4007; x_wconf 65' lang='grc' dir='ltr'><strong>ταῖς</strong></span> <span class='ocrx_word' id='word_1_511' title='bbox 1465 3927 1671 4007; x_wconf 50' lang='lat' dir='ltr'><strong>aliter</strong></span> <span class='ocrx_word' id='word_1_512' title='bbox 1697 3925 2036 4007; x_wconf 47' lang='grc' dir='ltr'><strong>παροικίαις</strong></span> <span class='ocrx_word' id='word_1_513' title='bbox 2061 3925 2426 4007; x_wconf 61' lang='grc' dir='ltr'><strong>χειροτρνεῖγ</strong></span> 
     </span>
    </p>
   </div>
   <div class='ocr_carea' id='block_1_70' title="bbox 841 3995 2425 4066">
    <p class='ocr_par' dir='ltr' id='par_1_70' title="bbox 841 3995 2425 4066">
     <span class='ocr_line' id='line_1_70' title="bbox 841 3995 2425 4066; baseline -0.002 -13"><span class='ocrx_word' id='word_1_514' title='bbox 841 3995 1150 4066; x_wconf 71' lang='grc' dir='ltr'><strong>ἐπεχείρει.</strong></span> <span class='ocrx_word' id='word_1_515' title='bbox 1192 3996 1748 4066; x_wconf 16' lang='grc' dir='ltr'><strong>υενοτύὶιιειιίοηὶδυε</strong></span> <span class='ocrx_word' id='word_1_516' title='bbox 1782 3995 1840 4050; x_wconf 88' lang='lat' dir='ltr'><strong>in</strong></span> <span class='ocrx_word' id='word_1_517' title='bbox 1887 3995 2120 4066; x_wconf 65' lang='lat' dir='ltr'><strong>Egypw</strong></span> <span class='ocrx_word' id='word_1_518' title='bbox 2153 3996 2312 4050; x_wconf 87' lang='lat' dir='ltr'><strong>factis</strong></span> <span class='ocrx_word' id='word_1_519' title='bbox 2354 3996 2425 4050; x_wconf 86' lang='lat' dir='ltr'><strong>ab</strong></span> 
     </span>
    </p>
   </div>
   <div class='ocr_carea' id='block_1_71' title="bbox 841 4065 2426 4137">
    <p class='ocr_par' dir='ltr' id='par_1_71' title="bbox 841 4065 2426 4137">
     <span class='ocr_line' id='line_1_71' title="bbox 841 4065 2426 4137; baseline -0.003 -12"><span class='ocrx_word' id='word_1_520' title='bbox 841 4065 1141 4125; x_wconf 66' lang='lat' dir='ltr'><strong>Athanasio</strong></span> <span class='ocrx_word' id='word_1_521' title='bbox 1159 4066 1264 4137; x_wconf 90' lang='lat' dir='ltr'><strong>hic</strong></span> <span class='ocrx_word' id='word_1_522' title='bbox 1284 4065 1529 4137; x_wconf 87' lang='lat' dir='ltr'><strong>loquitur</strong></span> <span class='ocrx_word' id='word_1_523' title='bbox 1554 4067 1831 4121; x_wconf 86' lang='lat' dir='ltr'><strong>Socrates.</strong></span> <span class='ocrx_word' id='word_1_524' title='bbox 1853 4066 1911 4120; x_wconf 94' lang='lat' dir='ltr'><strong>ld</strong></span> <span class='ocrx_word' id='word_1_525' title='bbox 1935 4065 2083 4120; x_wconf 84' lang='lat' dir='ltr'><strong>enim</strong></span> <span class='ocrx_word' id='word_1_526' title='bbox 2103 4076 2283 4120; x_wconf 92' lang='lat' dir='ltr'><strong>actum</strong></span> <span class='ocrx_word' id='word_1_527' title='bbox 2304 4082 2426 4122; x_wconf 81' lang='lat' dir='ltr'><strong>esse</strong></span> 
     </span>
    </p>
   </div>
   <div class='ocr_carea' id='block_1_72' title="bbox 841 4136 2428 4207">
    <p class='ocr_par' dir='ltr' id='par_1_72' title="bbox 841 4136 2428 4207">
     <span class='ocr_line' id='line_1_72' title="bbox 841 4136 2428 4207; baseline -0.002 -12"><span class='ocrx_word' id='word_1_528' title='bbox 841 4141 976 4195; x_wconf 91' lang='lat' dir='ltr'><strong>dicit</strong></span> <span class='ocrx_word' id='word_1_529' title='bbox 994 4138 1063 4192; x_wconf 93' lang='lat' dir='ltr'><strong>ab</strong></span> <span class='ocrx_word' id='word_1_530' title='bbox 1084 4136 1382 4207; x_wconf 74' lang='lat' dir='ltr'><strong>Athanasio</strong></span> <span class='ocrx_word' id='word_1_531' title='bbox 1405 4145 1694 4207; x_wconf 89' lang='lat' dir='ltr'><strong>postquam</strong></span> <span class='ocrx_word' id='word_1_532' title='bbox 1718 4137 1998 4192; x_wconf 88' lang='lat' dir='ltr'><strong>Pelusium</strong></span> <span class='ocrx_word' id='word_1_533' title='bbox 2025 4138 2287 4198; x_wconf 88' lang='lat' dir='ltr'><strong>venisset,</strong></span> <span class='ocrx_word' id='word_1_534' title='bbox 2305 4153 2428 4206; x_wconf 75' lang='lat' dir='ltr'><strong>qua:</strong></span> 
     </span>
    </p>
   </div>
   <div class='ocr_carea' id='block_1_73' title="bbox 841 4206 2423 4281">
    <p class='ocr_par' dir='ltr' id='par_1_73' title="bbox 841 4206 2423 4281">
     <span class='ocr_line' id='line_1_73' title="bbox 841 4206 2423 4281; baseline -0.001 -17"><span class='ocrx_word' id='word_1_535' title='bbox 841 4211 1020 4281; x_wconf 84' lang='lat' dir='ltr'><strong>prima</strong></span> <span class='ocrx_word' id='word_1_536' title='bbox 1053 4206 1281 4281; x_wconf 60' lang='grc' dir='ltr'><strong>Διδξίεγιηί</strong></span> <span class='ocrx_word' id='word_1_537' title='bbox 1313 4206 1448 4262; x_wconf 79' lang='lat' dir='ltr'><strong>urbs</strong></span> <span class='ocrx_word' id='word_1_538' title='bbox 1481 4209 1724 4281; x_wconf 83' lang='lat' dir='ltr'><strong>occurrit</strong></span> <span class='ocrx_word' id='word_1_539' title='bbox 1757 4207 2107 4281; x_wconf 73' lang='lat' dir='ltr'><strong>venientibus</strong></span> <span class='ocrx_word' id='word_1_540' title='bbox 2139 4223 2207 4262; x_wconf 80' lang='lat' dir='ltr'><strong>ex</strong></span> <span class='ocrx_word' id='word_1_541' title='bbox 2251 4208 2423 4281; x_wconf 79' lang='lat' dir='ltr'><strong>Syria.</strong></span> 
     </span>
    </p>
   </div>
   <div class='ocr_carea' id='block_1_74' title="bbox 840 4276 2424 4347">
    <p class='ocr_par' dir='ltr' id='par_1_74' title="bbox 840 4276 2424 4347">
     <span class='ocr_line' id='line_1_74' title="bbox 840 4276 2424 4347; baseline -0.001 -14"><span class='ocrx_word' id='word_1_542' title='bbox 840 4276 996 4346; x_wconf 74' lang='lat' dir='ltr'><strong>Quod</strong></span> <span class='ocrx_word' id='word_1_543' title='bbox 1022 4277 1066 4332; x_wconf 92' lang='lat' dir='ltr'><strong>si</strong></span> <span class='ocrx_word' id='word_1_544' title='bbox 1093 4276 1166 4347; x_wconf 87' lang='lat' dir='ltr'><strong>ita</strong></span> <span class='ocrx_word' id='word_1_545' title='bbox 1186 4284 1291 4339; x_wconf 88' lang='lat' dir='ltr'><strong>est,</strong></span> <span class='ocrx_word' id='word_1_546' title='bbox 1316 4285 1463 4332; x_wconf 87' lang='lat' dir='ltr'><strong>stare</strong></span> <span class='ocrx_word' id='word_1_547' title='bbox 1492 4279 1646 4331; x_wconf 91' lang='lat' dir='ltr'><strong>nullo</strong></span> <span class='ocrx_word' id='word_1_548' title='bbox 1673 4277 1836 4331; x_wconf 91' lang='lat' dir='ltr'><strong>modo</strong></span> <span class='ocrx_word' id='word_1_549' title='bbox 1852 4287 2031 4346; x_wconf 90' lang='lat' dir='ltr'><strong>potest</strong></span> <span class='ocrx_word' id='word_1_550' title='bbox 2053 4277 2104 4332; x_wconf 92' lang='lat' dir='ltr'><strong>id</strong></span> <span class='ocrx_word' id='word_1_551' title='bbox 2126 4277 2274 4347; x_wconf 92' lang='lat' dir='ltr'><strong>quod</strong></span> <span class='ocrx_word' id='word_1_552' title='bbox 2295 4276 2424 4346; x_wconf 87' lang='lat' dir='ltr'><strong>qui-</strong></span> 
     </span>
    </p>
   </div>
   <div class='ocr_carea' id='block_1_75' title="bbox 839 4346 2422 4417">
    <p class='ocr_par' dir='ltr' id='par_1_75' title="bbox 839 4346 2422 4417">
     <span class='ocr_line' id='line_1_75' title="bbox 839 4346 2422 4417; baseline -0.003 -13"><span class='ocrx_word' id='word_1_553' title='bbox 839 4352 966 4404; x_wconf 90' lang='lat' dir='ltr'><strong>dam</strong></span> <span class='ocrx_word' id='word_1_554' title='bbox 1005 4346 1168 4402; x_wconf 88' lang='lat' dir='ltr'><strong>hodie</strong></span> <span class='ocrx_word' id='word_1_555' title='bbox 1212 4359 1486 4410; x_wconf 86' lang='lat' dir='ltr'><strong>asserunt,</strong></span> <span class='ocrx_word' id='word_1_556' title='bbox 1531 4363 1723 4402; x_wconf 88' lang='lat' dir='ltr'><strong>omnes</strong></span> <span class='ocrx_word' id='word_1_557' title='bbox 1755 4346 2276 4402; x_wconf 32' lang='lat' dir='ltr'><strong>ordinationes’tam</strong></span> <span class='ocrx_word' id='word_1_558' title='bbox 2301 4347 2422 4417; x_wconf 90' lang='lat' dir='ltr'><strong>epi-</strong></span> 
     </span>
    </p>
   </div>
   <div class='ocr_carea' id='block_1_76' title="bbox 837 4418 2420 4490">
    <p class='ocr_par' dir='ltr' id='par_1_76' title="bbox 837 4418 2420 4490">
     <span class='ocr_line' id='line_1_76' title="bbox 837 4418 2420 4490; baseline -0.001 -16"><span class='ocrx_word' id='word_1_559' title='bbox 837 4432 1152 4488; x_wconf 91' lang='lat' dir='ltr'><strong>scoporum,</strong></span> <span class='ocrx_word' id='word_1_560' title='bbox 1185 4431 1349 4490; x_wconf 77' lang='lat' dir='ltr'><strong>quam</strong></span> <span class='ocrx_word' id='word_1_561' title='bbox 1390 4418 1974 4490; x_wconf 15' lang='lat' dir='ltr'><strong>presbyterorumiper</strong></span> <span class='ocrx_word' id='word_1_562' title='bbox 2011 4418 2303 4490; x_wconf 59' lang='lat' dir='ltr'><strong>[Egyptum</strong></span> <span class='ocrx_word' id='word_1_563' title='bbox 2353 4418 2420 4472; x_wconf 88' lang='lat' dir='ltr'><strong>ad</strong></span> 
     </span>
    </p>
   </div>
   <div class='ocr_carea' id='block_1_77' title="bbox 835 4486 2421 4559">
    <p class='ocr_par' dir='ltr' id='par_1_77' title="bbox 835 4486 2421 4559">
     <span class='ocr_line' id='line_1_77' title="bbox 835 4486 2421 4559; baseline -0.001 -15"><span class='ocrx_word' id='word_1_564' title='bbox 835 4486 1156 4559; x_wconf 59' lang='lat' dir='ltr'><strong>epiécopuln</strong></span> <span class='ocrx_word' id='word_1_565' title='bbox 1210 4486 1570 4559; x_wconf 68' lang='lat' dir='ltr'><strong>Alexandriae</strong></span> <span class='ocrx_word' id='word_1_566' title='bbox 1619 4486 1971 4558; x_wconf 78' lang='lat' dir='ltr'><strong>pertinuisse.</strong></span> <span class='ocrx_word' id='word_1_567' title='bbox 2018 4486 2222 4559; x_wconf 70' lang='lat' dir='ltr'><strong>Verum</strong></span> <span class='ocrx_word' id='word_1_568' title='bbox 2280 4488 2421 4542; x_wconf 87' lang='lat' dir='ltr'><strong>banc</strong></span> 
     </span>
    </p>
   </div>
   <div class='ocr_carea' id='block_1_78' title="bbox 834 4556 2420 4614">
    <p class='ocr_par' dir='ltr' id='par_1_78' title="bbox 834 4556 2420 4614">
     <span class='ocr_line' id='line_1_78' title="bbox 834 4556 2420 4614; baseline -0.001 0"><span class='ocrx_word' id='word_1_569' title='bbox 834 4556 1160 4614; x_wconf 80' lang='lat' dir='ltr'><strong>sententiam</strong></span> <span class='ocrx_word' id='word_1_570' title='bbox 1193 4556 1410 4612; x_wconf 89' lang='lat' dir='ltr'><strong>abunde</strong></span> <span class='ocrx_word' id='word_1_571' title='bbox 1432 4556 1664 4612; x_wconf 77' lang='lat' dir='ltr'><strong>refutavi</strong></span> <span class='ocrx_word' id='word_1_572' title='bbox 1696 4559 1749 4612; x_wconf 88' lang='lat' dir='ltr'><strong>in</strong></span> <span class='ocrx_word' id='word_1_573' title='bbox 1771 4559 2158 4613; x_wconf 85' lang='lat' dir='ltr'><strong>dissertatione</strong></span> <span class='ocrx_word' id='word_1_574' title='bbox 2174 4558 2242 4612; x_wconf 91' lang='lat' dir='ltr'><strong>de</strong></span> <span class='ocrx_word' id='word_1_575' title='bbox 2265 4565 2420 4612; x_wconf 76' lang='lat' dir='ltr'><strong>sexto</strong></span> 
     </span>
    </p>
   </div>
   <div class='ocr_carea' id='block_1_79' title="bbox 836 4627 1552 4684">
    <p class='ocr_par' dir='ltr' id='par_1_79' title="bbox 836 4627 1552 4684">
     <span class='ocr_line' id='line_1_79' title="bbox 836 4627 1552 4684; baseline -0.003 0"><span class='ocrx_word' id='word_1_576' title='bbox 836 4645 1044 4684; x_wconf 87' lang='lat' dir='ltr'><strong>canone</strong></span> <span class='ocrx_word' id='word_1_577' title='bbox 1083 4627 1299 4682; x_wconf 89' lang='lat' dir='ltr'><strong>concilii</strong></span> <span class='ocrx_word' id='word_1_578' title='bbox 1325 4630 1552 4682; x_wconf 67' lang='lat' dir='ltr'><strong>Niczeni.</strong></span> 
     </span>
    </p>
   </div>
   <div class='ocr_carea' id='block_1_80' title="bbox 909 4698 2421 4769">
    <p class='ocr_par' dir='ltr' id='par_1_80' title="bbox 909 4698 2421 4769">
     <span class='ocr_line' id='line_1_80' title="bbox 909 4698 2421 4769; baseline -0.001 -17"><span class='ocrx_word' id='word_1_579' title='bbox 909 4701 1022 4769; x_wconf 77' lang='lat'><strong>(75)</strong></span> <span class='ocrx_word' id='word_1_580' title='bbox 1047 4698 1530 4769; x_wconf 60' lang='lat' dir='ltr'><strong>Sureé’aclxevae</strong></span> <span class='ocrx_word' id='word_1_581' title='bbox 1561 4699 1794 4765; x_wconf 78' lang='grc' dir='ltr'><strong>τούτοις</strong></span> <span class='ocrx_word' id='word_1_582' title='bbox 1820 4699 2061 4768; x_wconf 80' lang='grc' dir='ltr'><strong>ὀνόματι</strong></span> <span class='ocrx_word' id='word_1_583' title='bbox 2081 4702 2421 4769; x_wconf 54' lang='lat' dir='ltr'><strong>[fair-grau-</strong></span> 
     </span>
    </p>
   </div>
   <div class='ocr_carea' id='block_1_81' title="bbox 838 4768 2430 4836">
    <p class='ocr_par' dir='ltr' id='par_1_81' title="bbox 838 4768 2430 4836">
     <span class='ocr_line' id='line_1_81' title="bbox 838 4768 2430 4836; baseline 0.001 -14"><span class='ocrx_word' id='word_1_584' title='bbox 838 4768 1022 4834; x_wconf 66' lang='grc' dir='ltr'><strong>τῖνος.</strong></span> <span class='ocrx_word' id='word_1_585' title='bbox 1055 4768 1228 4836; x_wconf 83' lang='lat' dir='ltr'><strong>Hujus</strong></span> <span class='ocrx_word' id='word_1_586' title='bbox 1275 4770 1379 4823; x_wconf 92' lang='lat' dir='ltr'><strong>loci</strong></span> <span class='ocrx_word' id='word_1_587' title='bbox 1416 4769 1695 4824; x_wconf 91' lang='lat' dir='ltr'><strong>restitutio</strong></span> <span class='ocrx_word' id='word_1_588' title='bbox 1728 4769 1963 4823; x_wconf 91' lang='lat' dir='ltr'><strong>debetur</strong></span> <span class='ocrx_word' id='word_1_589' title='bbox 1993 4768 2171 4824; x_wconf 90' lang='lat' dir='ltr'><strong>codici</strong></span> <span class='ocrx_word' id='word_1_590' title='bbox 2226 4768 2430 4824; x_wconf 89' lang='lat' dir='ltr'><strong>Leonis</strong></span> 
     </span>
    </p>
   </div>
   <div class='ocr_carea' id='block_1_82' title="bbox 839 4838 2429 4895">
    <p class='ocr_par' dir='ltr' id='par_1_82' title="bbox 839 4838 2429 4895">
     <span class='ocr_line' id='line_1_82' title="bbox 839 4838 2429 4895; baseline -0.001 -1"><span class='ocrx_word' id='word_1_591' title='bbox 839 4840 1042 4894; x_wconf 85' lang='lat' dir='ltr'><strong>Allatii.</strong></span> <span class='ocrx_word' id='word_1_592' title='bbox 1075 4839 1432 4895; x_wconf 83' lang='lat' dir='ltr'><strong>Florentinus</strong></span> <span class='ocrx_word' id='word_1_593' title='bbox 1459 4840 1608 4895; x_wconf 90' lang='lat' dir='ltr'><strong>enim</strong></span> <span class='ocrx_word' id='word_1_594' title='bbox 1647 4856 1713 4895; x_wconf 85' lang='lat' dir='ltr'><strong>ac</strong></span> <span class='ocrx_word' id='word_1_595' title='bbox 1745 4839 2058 4894; x_wconf 85' lang='lat' dir='ltr'><strong>Sfortianus</strong></span> <span class='ocrx_word' id='word_1_596' title='bbox 2117 4838 2255 4892; x_wconf 86' lang='lat' dir='ltr'><strong>nihil</strong></span> <span class='ocrx_word' id='word_1_597' title='bbox 2301 4854 2429 4893; x_wconf 86' lang='lat' dir='ltr'><strong>mu-</strong></span> 
     </span>
    </p>
   </div>
   <div class='ocr_carea' id='block_1_83' title="bbox 2527 3926 4114 3997">
    <p class='ocr_par' dir='ltr' id='par_1_83' title="bbox 2527 3926 4114 3997">
     <span class='ocr_line' id='line_1_83' title="bbox 2527 3926 4114 3997; baseline 0.004 -19"><span class='ocrx_word' id='word_1_598' title='bbox 2527 3931 2666 3997; x_wconf 81' lang='lat' dir='ltr'><strong>tant.</strong></span> <span class='ocrx_word' id='word_1_599' title='bbox 2706 3926 2811 3982; x_wconf 89' lang='lat' dir='ltr'><strong>Sed</strong></span> <span class='ocrx_word' id='word_1_600' title='bbox 2866 3927 3196 3997; x_wconf 88' lang='lat' dir='ltr'><strong>scripturam</strong></span> <span class='ocrx_word' id='word_1_601' title='bbox 3245 3927 3452 3982; x_wconf 89' lang='lat' dir='ltr'><strong>codicis</strong></span> <span class='ocrx_word' id='word_1_602' title='bbox 3482 3927 3741 3983; x_wconf 80' lang='lat' dir='ltr'><strong>Allatiani</strong></span> <span class='ocrx_word' id='word_1_603' title='bbox 3786 3927 3946 3997; x_wconf 81' lang='lat' dir='ltr'><strong>plane</strong></span> <span class='ocrx_word' id='word_1_604' title='bbox 3979 3944 4114 3985; x_wconf 86' lang='lat' dir='ltr'><strong>con-</strong></span> 
     </span>
    </p>
   </div>
   <div class='ocr_carea' id='block_1_84' title="bbox 2527 3996 4114 4070">
    <p class='ocr_par' dir='ltr' id='par_1_84' title="bbox 2527 3996 4114 4070">
     <span class='ocr_line' id='line_1_84' title="bbox 2527 3996 4114 4070; baseline 0.004 -21"><span class='ocrx_word' id='word_1_605' title='bbox 2527 3996 3083 4070; x_wconf 72' lang='lat' dir='ltr'><strong>f_irmat_Epiphanius</strong></span> <span class='ocrx_word' id='word_1_606' title='bbox 3134 3996 3526 4070; x_wconf 69' lang='lat' dir='ltr'><strong>scholasticus,</strong></span> <span class='ocrx_word' id='word_1_607' title='bbox 3577 3999 3669 4067; x_wconf 91' lang='lat' dir='ltr'><strong>qui</strong></span> <span class='ocrx_word' id='word_1_608' title='bbox 3726 3996 3908 4070; x_wconf 78' lang='lat' dir='ltr'><strong>locum</strong></span> <span class='ocrx_word' id='word_1_609' title='bbox 3963 3999 4114 4055; x_wconf 86' lang='lat' dir='ltr'><strong>hunc</strong></span> 
     </span>
    </p>
   </div>
   <div class='ocr_carea' id='block_1_85' title="bbox 2527 4066 4113 4125">
    <p class='ocr_par' dir='ltr' id='par_1_85' title="bbox 2527 4066 4113 4125">
     <span class='ocr_line' id='line_1_85' title="bbox 2527 4066 4113 4125; baseline 0.003 -5"><span class='ocrx_word' id='word_1_610' title='bbox 2527 4066 2874 4125; x_wconf 43' lang='lat' dir='ltr'><strong>Socratis—ita</strong></span> <span class='ocrx_word' id='word_1_611' title='bbox 2906 4067 3072 4122; x_wconf 86' lang='lat' dir='ltr'><strong>vertit</strong></span> <span class='ocrx_word' id='word_1_612' title='bbox 3105 4084 3120 4118; x_wconf 73' lang='grc' dir='ltr'><strong>ι</strong></span> <span class='ocrx_word' id='word_1_613' title='bbox 3155 4067 3438 4121; x_wconf 76' lang='lat' dir='ltr'><strong>Sciendum</strong></span> <span class='ocrx_word' id='word_1_614' title='bbox 3463 4066 3640 4122; x_wconf 80' lang='lat' dir='ltr'><strong>autem</strong></span> <span class='ocrx_word' id='word_1_615' title='bbox 3673 4069 3813 4125; x_wconf 81' lang='lat' dir='ltr'><strong>quod</strong></span> <span class='ocrx_word' id='word_1_616' title='bbox 3853 4086 3971 4122; x_wconf 83' lang='lat' dir='ltr'><strong>cum</strong></span> <span class='ocrx_word' id='word_1_617' title='bbox 4000 4072 4113 4125; x_wconf 88' lang='lat' dir='ltr'><strong>istis</strong></span> 
     </span>
    </p>
   </div>
   <div class='ocr_carea' id='block_1_86' title="bbox 2525 4137 4115 4202">
    <p class='ocr_par' dir='ltr' id='par_1_86' title="bbox 2525 4137 4115 4202">
     <span class='ocr_line' id='line_1_86' title="bbox 2525 4137 4115 4202; baseline 0.004 -13"><span class='ocrx_word' id='word_1_618' title='bbox 2525 4137 2805 4202; x_wconf 86' lang='lat' dir='ltr'><strong>imperavit</strong></span> <span class='ocrx_word' id='word_1_619' title='bbox 2839 4139 3176 4194; x_wconf 76' lang='lat' dir='ltr'><strong>consobrinus</strong></span> <span class='ocrx_word' id='word_1_620' title='bbox 3210 4154 3388 4191; x_wconf 88' lang='lat' dir='ltr'><strong>eorum</strong></span> <span class='ocrx_word' id='word_1_621' title='bbox 3433 4140 3643 4192; x_wconf 85' lang='lat' dir='ltr'><strong>nomine</strong></span> <span class='ocrx_word' id='word_1_622' title='bbox 3672 4137 3996 4202; x_wconf 80' lang='lat' dir='ltr'><strong>Dalmatius,</strong></span> <span class='ocrx_word' id='word_1_623' title='bbox 4020 4157 4115 4195; x_wconf 74' lang='lat' dir='ltr'><strong>no—</strong></span> 
     </span>
    </p>
   </div>
   <div class='ocr_carea' id='block_1_87' title="bbox 2527 4207 4117 4283">
    <p class='ocr_par' dir='ltr' id='par_1_87' title="bbox 2527 4207 4117 4283">
     <span class='ocr_line' id='line_1_87' title="bbox 2527 4207 4117 4283; baseline 0.003 -24"><span class='ocrx_word' id='word_1_624' title='bbox 2527 4207 2773 4263; x_wconf 81' lang='lat' dir='ltr'><strong>eabulum</strong></span> <span class='ocrx_word' id='word_1_625' title='bbox 2801 4208 3210 4283; x_wconf 65' lang='lat' dir='ltr'><strong>patrishabeus.</strong></span> <span class='ocrx_word' id='word_1_626' title='bbox 3249 4207 3350 4273; x_wconf 84' lang='lat' dir='ltr'><strong>Qui</strong></span> <span class='ocrx_word' id='word_1_627' title='bbox 3375 4209 3500 4261; x_wconf 89' lang='lat' dir='ltr'><strong>dum</strong></span> <span class='ocrx_word' id='word_1_628' title='bbox 3531 4210 3920 4283; x_wconf 71' lang='lat' dir='ltr'><strong>aliquantisper</strong></span> <span class='ocrx_word' id='word_1_629' title='bbox 3942 4212 4117 4283; x_wconf 79' lang='lat' dir='ltr'><strong>impe-</strong></span> 
     </span>
    </p>
   </div>
   <div class='ocr_carea' id='block_1_88' title="bbox 2531 4279 4114 4348">
    <p class='ocr_par' dir='ltr' id='par_1_88' title="bbox 2531 4279 4114 4348">
     <span class='ocr_line' id='line_1_88' title="bbox 2531 4279 4114 4348; baseline 0.003 -19"><span class='ocrx_word' id='word_1_630' title='bbox 2531 4288 2721 4342; x_wconf 90' lang='lat' dir='ltr'><strong>rasset,</strong></span> <span class='ocrx_word' id='word_1_631' title='bbox 2746 4299 2779 4333; x_wconf 92' lang='lat' dir='ltr'><strong>a</strong></span> <span class='ocrx_word' id='word_1_632' title='bbox 2802 4279 3064 4334; x_wconf 60' lang='lat' dir='ltr'><strong>&#39;militibus</strong></span> <span class='ocrx_word' id='word_1_633' title='bbox 3097 4279 3439 4348; x_wconf 82' lang='lat' dir='ltr'><strong>interemptus</strong></span> <span class='ocrx_word' id='word_1_634' title='bbox 3471 4288 3573 4343; x_wconf 82' lang='lat' dir='ltr'><strong>est,</strong></span> <span class='ocrx_word' id='word_1_635' title='bbox 3599 4279 3700 4332; x_wconf 90' lang='lat' dir='ltr'><strong>non</strong></span> <span class='ocrx_word' id='word_1_636' title='bbox 3725 4279 3944 4348; x_wconf 86' lang='lat' dir='ltr'><strong>jubente</strong></span> <span class='ocrx_word' id='word_1_637' title='bbox 3971 4279 4114 4335; x_wconf 76' lang='lat' dir='ltr'><strong>Con-</strong></span> 
     </span>
    </p>
   </div>
   <div class='ocr_carea' id='block_1_89' title="bbox 2529 4350 4113 4419">
    <p class='ocr_par' dir='ltr' id='par_1_89' title="bbox 2529 4350 4113 4419">
     <span class='ocr_line' id='line_1_89' title="bbox 2529 4350 4113 4419; baseline 0.004 -20"><span class='ocrx_word' id='word_1_638' title='bbox 2529 4351 2728 4419; x_wconf 82' lang='lat' dir='ltr'><strong>stantio</strong></span> <span class='ocrx_word' id='word_1_639' title='bbox 2757 4358 2815 4403; x_wconf 83' lang='lat' dir='ltr'><strong>ut</strong></span> <span class='ocrx_word' id='word_1_640' title='bbox 2846 4350 3186 4412; x_wconf 85' lang='lat' dir='ltr'><strong>occideretur,</strong></span> <span class='ocrx_word' id='word_1_641' title='bbox 3212 4365 3304 4401; x_wconf 82' lang='lat' dir='ltr'><strong>nec</strong></span> <span class='ocrx_word' id='word_1_642' title='bbox 3337 4359 3514 4403; x_wconf 81' lang='lat' dir='ltr'><strong>tamen</strong></span> <span class='ocrx_word' id='word_1_643' title='bbox 3537 4350 3857 4419; x_wconf 80' lang='lat' dir='ltr'><strong>prohibente.</strong></span> <span class='ocrx_word' id='word_1_644' title='bbox 3902 4351 4113 4405; x_wconf 83' lang='lat' dir='ltr'><strong>Conso-</strong></span> 
     </span>
    </p>
   </div>
   <div class='ocr_carea' id='block_1_90' title="bbox 2531 4416 4114 4489">
    <p class='ocr_par' dir='ltr' id='par_1_90' title="bbox 2531 4416 4114 4489">
     <span class='ocr_line' id='line_1_90' title="bbox 2531 4416 4114 4489; baseline 0.003 -19"><span class='ocrx_word' id='word_1_645' title='bbox 2531 4416 2754 4472; x_wconf 89' lang='lat' dir='ltr'><strong>brinum</strong></span> <span class='ocrx_word' id='word_1_646' title='bbox 2785 4420 2970 4489; x_wconf 90' lang='lat' dir='ltr'><strong>posuit</strong></span> <span class='ocrx_word' id='word_1_647' title='bbox 3001 4419 3339 4488; x_wconf 85' lang='lat' dir='ltr'><strong>Epiphanius</strong></span> <span class='ocrx_word' id='word_1_648' title='bbox 3369 4436 3469 4487; x_wconf 88' lang='lat' dir='ltr'><strong>pro</strong></span> <span class='ocrx_word' id='word_1_649' title='bbox 3501 4416 3770 4488; x_wconf 80' lang='lat' dir='ltr'><strong>patruele.</strong></span> <span class='ocrx_word' id='word_1_650' title='bbox 3800 4419 3936 4473; x_wconf 83' lang='lat' dir='ltr'><strong>Nam</strong></span> <span class='ocrx_word' id='word_1_651' title='bbox 3985 4421 4114 4474; x_wconf 84' lang='lat' dir='ltr'><strong>Dal-</strong></span> 
     </span>
    </p>
   </div>
   <div class='ocr_carea' id='block_1_91' title="bbox 2529 4489 4120 4560">
    <p class='ocr_par' dir='ltr' id='par_1_91' title="bbox 2529 4489 4120 4560">
     <span class='ocr_line' id='line_1_91' title="bbox 2529 4489 4120 4560; baseline 0.003 -20"><span class='ocrx_word' id='word_1_652' title='bbox 2529 4489 3026 4560; x_wconf 12' lang='lat' dir='ltr'><strong>matiusipatruelis</strong></span> <span class='ocrx_word' id='word_1_653' title='bbox 3056 4489 3531 4560; x_wconf 82' lang='lat' dir='ltr'><strong>eratConstantii,</strong></span> <span class='ocrx_word' id='word_1_654' title='bbox 3567 4499 3753 4559; x_wconf 90' lang='lat' dir='ltr'><strong>utpote</strong></span> <span class='ocrx_word' id='word_1_655' title='bbox 3779 4501 3941 4544; x_wconf 87' lang='lat' dir='ltr'><strong>natus</strong></span> <span class='ocrx_word' id='word_1_656' title='bbox 3960 4499 4120 4560; x_wconf 77' lang='lat' dir='ltr'><strong>patre</strong></span> 
     </span>
    </p>
   </div>
   <div class='ocr_carea' id='block_1_92' title="bbox 2528 4557 3686 4629">
    <p class='ocr_par' dir='ltr' id='par_1_92' title="bbox 2528 4557 3686 4629">
     <span class='ocr_line' id='line_1_92' title="bbox 2528 4557 3686 4629; baseline 0.001 -18"><span class='ocrx_word' id='word_1_657' title='bbox 2528 4557 2817 4623; x_wconf 68' lang='lat' dir='ltr'><strong>Dalmatii),</strong></span> <span class='ocrx_word' id='word_1_658' title='bbox 2847 4560 2941 4629; x_wconf 91' lang='lat' dir='ltr'><strong>qui</strong></span> <span class='ocrx_word' id='word_1_659' title='bbox 2979 4558 3152 4612; x_wconf 83' lang='lat' dir='ltr'><strong>frater</strong></span> <span class='ocrx_word' id='word_1_660' title='bbox 3177 4559 3282 4613; x_wconf 82' lang='lat' dir='ltr'><strong>luit</strong></span> <span class='ocrx_word' id='word_1_661' title='bbox 3313 4557 3686 4614; x_wconf 81' lang='lat' dir='ltr'><strong>Constantini.</strong></span> 
     </span>
    </p>
   </div>
   <div class='ocr_carea' id='block_1_93' title="bbox 2454 4628 4117 4709">
    <p class='ocr_par' dir='ltr' id='par_1_93' title="bbox 2454 4628 4117 4709">
     <span class='ocr_line' id='line_1_93' title="bbox 2454 4628 4117 4709; baseline 0 -27"><span class='ocrx_word' id='word_1_662' title='bbox 2454 4655 2498 4709; x_wconf 69' lang='grc' dir='ltr'>υ</span> <span class='ocrx_word' id='word_1_663' title='bbox 2731 4633 2822 4709; x_wconf 10' lang='grc' dir='ltr'><strong>7οὺ</strong></span> <span class='ocrx_word' id='word_1_664' title='bbox 2854 4628 3214 4709; x_wconf 45' lang='lat' dir='ltr'><strong>resisti-oryx</strong></span> <span class='ocrx_word' id='word_1_665' title='bbox 3239 4631 3678 4709; x_wconf 53' lang='grc' dir='ltr'><strong>ῌωνίζταγτίου,</strong></span> <span class='ocrx_word' id='word_1_666' title='bbox 3702 4628 3974 4709; x_wconf 62' lang='lat' dir='ltr'><strong>cthdem</strong></span> <span class='ocrx_word' id='word_1_667' title='bbox 3999 4637 4117 4682; x_wconf 84' lang='lat' dir='ltr'><strong>tra-</strong></span> 
     </span>
    </p>
   </div>
   <div class='ocr_carea' id='block_1_94' title="bbox 2526 4696 4116 4769">
    <p class='ocr_par' dir='ltr' id='par_1_94' title="bbox 2526 4696 4116 4769">
     <span class='ocr_line' id='line_1_94' title="bbox 2526 4696 4116 4769; baseline 0 -19"><span class='ocrx_word' id='word_1_668' title='bbox 2526 4696 2616 4751; x_wconf 53' lang='lat' dir='ltr'><strong>dit&#39;</strong></span> <span class='ocrx_word' id='word_1_669' title='bbox 2638 4696 2941 4768; x_wconf 87' lang='lat' dir='ltr'><strong>Eutropius</strong></span> <span class='ocrx_word' id='word_1_670' title='bbox 2980 4698 3324 4752; x_wconf 88' lang='lat' dir='ltr'><strong>:Dalmatius</strong></span> <span class='ocrx_word' id='word_1_671' title='bbox 3374 4699 3556 4769; x_wconf 71' lang='lat' dir='ltr'><strong>Caesar</strong></span> <span class='ocrx_word' id='word_1_672' title='bbox 3599 4700 3742 4754; x_wconf 85' lang='lat' dir='ltr'><strong>haud</strong></span> <span class='ocrx_word' id='word_1_673' title='bbox 3783 4699 3950 4754; x_wconf 78' lang='lat' dir='ltr'><strong>multo</strong></span> <span class='ocrx_word' id='word_1_674' title='bbox 3999 4709 4116 4769; x_wconf 79' lang='lat' dir='ltr'><strong>post</strong></span> 
     </span>
    </p>
   </div>
   <div class='ocr_carea' id='block_1_95' title="bbox 2526 4768 4118 4840">
    <p class='ocr_par' dir='ltr' id='par_1_95' title="bbox 2526 4768 4118 4840">
     <span class='ocr_line' id='line_1_95' title="bbox 2526 4768 4118 4840; baseline 0.001 -20"><span class='ocrx_word' id='word_1_675' title='bbox 2526 4784 2807 4839; x_wconf 77' lang='lat' dir='ltr'><strong>oppressus</strong></span> <span class='ocrx_word' id='word_1_676' title='bbox 2847 4779 2921 4823; x_wconf 87' lang='lat' dir='ltr'><strong>est</strong></span> <span class='ocrx_word' id='word_1_677' title='bbox 2950 4769 3178 4838; x_wconf 79' lang='lat' dir='ltr'><strong>factione</strong></span> <span class='ocrx_word' id='word_1_678' title='bbox 3231 4770 3478 4831; x_wconf 80' lang='lat' dir='ltr'><strong>militari,</strong></span> <span class='ocrx_word' id='word_1_679' title='bbox 3521 4768 3834 4824; x_wconf 85' lang='lat' dir='ltr'><strong>Constantio</strong></span> <span class='ocrx_word' id='word_1_680' title='bbox 3871 4768 4118 4840; x_wconf 73' lang='lat' dir='ltr'><strong>patruele</strong></span> 
     </span>
    </p>
   </div>
   <div class='ocr_carea' id='block_1_96' title="bbox 2526 4840 3514 4911">
    <p class='ocr_par' dir='ltr' id='par_1_96' title="bbox 2526 4840 3514 4911">
     <span class='ocr_line' id='line_1_96' title="bbox 2526 4840 3514 4911; baseline 0.002 -19"><span class='ocrx_word' id='word_1_681' title='bbox 2526 4855 2622 4892; x_wconf 87' lang='lat' dir='ltr'><strong>suo</strong></span> <span class='ocrx_word' id='word_1_682' title='bbox 2641 4840 2848 4894; x_wconf 86' lang='lat' dir='ltr'><strong>sinente</strong></span> <span class='ocrx_word' id='word_1_683' title='bbox 2875 4841 3050 4911; x_wconf 85' lang='lat' dir='ltr'><strong>potius</strong></span> <span class='ocrx_word' id='word_1_684' title='bbox 3081 4857 3243 4910; x_wconf 88' lang='lat' dir='ltr'><strong>quam</strong></span> <span class='ocrx_word' id='word_1_685' title='bbox 3269 4840 3514 4909; x_wconf 79' lang='lat' dir='ltr'><strong>jubente.</strong></span> 
     </span>
    </p>
   </div>
   <div class='ocr_carea' id='block_1_97' title="bbox 2304 4990 2688 5048">
    <p class='ocr_par' dir='ltr' id='par_1_97' title="bbox 2304 4990 2688 5048">
     <span class='ocr_line' id='line_1_97' title="bbox 2304 4990 2688 5048; baseline -0.005 0"><span class='ocrx_word' id='word_1_686' title='bbox 2304 4990 2688 5048; x_wconf 77' lang='lat' dir='ltr'><strong>VARIORUM.</strong></span> 
     </span>
    </p>
   </div>
   <div class='ocr_carea' id='block_1_98' title="bbox 909 5085 2428 5158">
    <p class='ocr_par' dir='ltr' id='par_1_98' title="bbox 909 5085 2428 5158">
     <span class='ocr_line' id='line_1_98' title="bbox 909 5085 2428 5158; baseline -0.001 -14"><span class='ocrx_word' id='word_1_687' title='bbox 909 5101 939 5129; x_wconf 79' lang='grc' dir='ltr'><strong>ν</strong></span> <span class='ocrx_word' id='word_1_688' title='bbox 966 5093 1208 5145; x_wconf 69' lang='grc' dir='ltr'><strong>Βιϐλίων</strong></span> <span class='ocrx_word' id='word_1_689' title='bbox 1223 5089 1565 5158; x_wconf 82' lang='grc' dir='ltr'><strong>μετανοίας.</strong></span> <span class='ocrx_word' id='word_1_690' title='bbox 1587 5087 1850 5158; x_wconf 73' lang='lat' dir='ltr'><strong>Videntur</strong></span> <span class='ocrx_word' id='word_1_691' title='bbox 1888 5087 1980 5141; x_wconf 90' lang='lat' dir='ltr'><strong>hic</strong></span> <span class='ocrx_word' id='word_1_692' title='bbox 2010 5085 2231 5158; x_wconf 83' lang='lat' dir='ltr'><strong>libellus</strong></span> <span class='ocrx_word' id='word_1_693' title='bbox 2285 5087 2428 5156; x_wconf 90' lang='lat' dir='ltr'><strong>apud</strong></span> 
     </span>
    </p>
   </div>
   <div class='ocr_carea' id='block_1_99' title="bbox 842 5156 2427 5226">
    <p class='ocr_par' dir='ltr' id='par_1_99' title="bbox 842 5156 2427 5226">
     <span class='ocr_line' id='line_1_99' title="bbox 842 5156 2427 5226; baseline -0.004 -9"><span class='ocrx_word' id='word_1_694' title='bbox 842 5163 1110 5217; x_wconf 81' lang='lat' dir='ltr'><strong>Hilarium</strong></span> <span class='ocrx_word' id='word_1_695' title='bbox 1137 5156 1328 5214; x_wconf 79' lang='lat' dir='ltr'><strong>Latine</strong></span> <span class='ocrx_word' id='word_1_696' title='bbox 1355 5159 1556 5218; x_wconf 87' lang='lat' dir='ltr'><strong>editus.</strong></span> <span class='ocrx_word' id='word_1_697' title='bbox 1601 5167 1656 5211; x_wconf 80' lang='lat' dir='ltr'><strong>et</strong></span> <span class='ocrx_word' id='word_1_698' title='bbox 1676 5156 1862 5212; x_wconf 64' lang='lat' dir='ltr'><strong>Graece</strong></span> <span class='ocrx_word' id='word_1_699' title='bbox 1887 5157 2031 5226; x_wconf 91' lang='lat' dir='ltr'><strong>apud</strong></span> <span class='ocrx_word' id='word_1_700' title='bbox 2067 5157 2427 5211; x_wconf 86' lang='lat' dir='ltr'><strong>Athanasium</strong></span> 
     </span>
    </p>
   </div>
   <div class='ocr_carea' id='block_1_100' title="bbox 842 5227 2428 5301">
    <p class='ocr_par' dir='ltr' id='par_1_100' title="bbox 842 5227 2428 5301">
     <span class='ocr_line' id='line_1_100' title="bbox 842 5227 2428 5301; baseline -0.003 -15"><span class='ocrx_word' id='word_1_701' title='bbox 842 5234 899 5287; x_wconf 90' lang='lat' dir='ltr'><strong>in</strong></span> <span class='ocrx_word' id='word_1_702' title='bbox 924 5233 1080 5301; x_wconf 84' lang='lat' dir='ltr'><strong>Apol.</strong></span> <span class='ocrx_word' id='word_1_703' title='bbox 1115 5239 1306 5285; x_wconf 90' lang='lat' dir='ltr'><strong>contra</strong></span> <span class='ocrx_word' id='word_1_704' title='bbox 1347 5229 1597 5301; x_wconf 85' lang='lat' dir='ltr'><strong>Arianos,</strong></span> <span class='ocrx_word' id='word_1_705' title='bbox 1630 5229 1836 5301; x_wconf 84' lang='lat' dir='ltr'><strong>p._l76.</strong></span> <span class='ocrx_word' id='word_1_706' title='bbox 1861 5229 2031 5282; x_wconf 84' lang='lat' dir='ltr'><strong>Porro</strong></span> <span class='ocrx_word' id='word_1_707' title='bbox 2061 5227 2284 5301; x_wconf 71' lang='lat' dir='ltr'><strong>quinam</strong></span> <span class='ocrx_word' id='word_1_708' title='bbox 2305 5228 2428 5301; x_wconf 83' lang='lat' dir='ltr'><strong>fue-</strong></span> 
     </span>
    </p>
   </div>
   <div class='ocr_carea' id='block_1_101' title="bbox 842 5298 2430 5369">
    <p class='ocr_par' dir='ltr' id='par_1_101' title="bbox 842 5298 2430 5369">
     <span class='ocr_line' id='line_1_101' title="bbox 842 5298 2430 5369; baseline -0.003 -12"><span class='ocrx_word' id='word_1_709' title='bbox 842 5298 1255 5358; x_wconf 59' lang='lat' dir='ltr'><strong>runtUrsacius</strong></span> <span class='ocrx_word' id='word_1_710' title='bbox 1286 5310 1343 5354; x_wconf 92' lang='lat' dir='ltr'><strong>et</strong></span> <span class='ocrx_word' id='word_1_711' title='bbox 1366 5300 1584 5363; x_wconf 84' lang='lat' dir='ltr'><strong>Valens,</strong></span> <span class='ocrx_word' id='word_1_712' title='bbox 1610 5299 1737 5354; x_wconf 84' lang='lat' dir='ltr'><strong>vide</strong></span> <span class='ocrx_word' id='word_1_713' title='bbox 1765 5314 1952 5369; x_wconf 86' lang='lat' dir='ltr'><strong>supra,</strong></span> <span class='ocrx_word' id='word_1_714' title='bbox 1982 5314 2103 5368; x_wconf 91' lang='lat' dir='ltr'><strong>cap.</strong></span> <span class='ocrx_word' id='word_1_715' title='bbox 2151 5298 2218 5350; x_wconf 77' lang='lat' dir='ltr'><strong>l2</strong></span> <span class='ocrx_word' id='word_1_716' title='bbox 2263 5298 2430 5369; x_wconf 91' lang='lat' dir='ltr'><strong>hujus</strong></span> 
     </span>
    </p>
   </div>
   <div class='ocr_carea' id='block_1_102' title="bbox 843 5373 991 5428">
    <p class='ocr_par' dir='ltr' id='par_1_102' title="bbox 843 5373 991 5428">
     <span class='ocr_line' id='line_1_102' title="bbox 843 5373 991 5428; baseline -0.02 0"><span class='ocrx_word' id='word_1_717' title='bbox 843 5373 991 5428; x_wconf 91' lang='lat' dir='ltr'><strong>libri.</strong></span> 
     </span>
    </p>
   </div>
   <div class='ocr_carea' id='block_1_103' title="bbox 916 5436 2423 5511">
    <p class='ocr_par' dir='ltr' id='par_1_103' title="bbox 916 5436 2423 5511">
     <span class='ocr_line' id='line_1_103' title="bbox 916 5436 2423 5511; baseline -0.004 -16"><span class='ocrx_word' id='word_1_718' title='bbox 916 5457 940 5485; x_wconf 70' lang='grc' dir='ltr'><strong>ι</strong></span> <span class='ocrx_word' id='word_1_719' title='bbox 964 5442 1068 5495; x_wconf 74' lang='grc' dir='ltr'><strong>Καὶ</strong></span> <span class='ocrx_word' id='word_1_720' title='bbox 1105 5442 1279 5495; x_wconf 77' lang='grc' dir='ltr'><strong>τοῦτο</strong></span> <span class='ocrx_word' id='word_1_721' title='bbox 1313 5444 1556 5511; x_wconf 58' lang='grc' dir='ltr'><strong>γέγονεν</strong></span> <span class='ocrx_word' id='word_1_722' title='bbox 1584 5439 1740 5508; x_wconf 80' lang='grc' dir='ltr'><strong>ἁρχὴ</strong></span> <span class='ocrx_word' id='word_1_723' title='bbox 1767 5439 1974 5506; x_wconf 75' lang='grc' dir='ltr'><strong>ἐτέρας</strong></span> <span class='ocrx_word' id='word_1_724' title='bbox 1991 5436 2272 5506; x_wconf 70' lang='grc' dir='ltr'><strong>μέμψεως</strong></span> <span class='ocrx_word' id='word_1_725' title='bbox 2295 5439 2423 5511; x_wconf 53' lang='grc' dir='ltr'><strong>κατ’</strong></span> 
     </span>
    </p>
   </div>
   <div class='ocr_carea' id='block_1_104' title="bbox 841 5508 2424 5578">
    <p class='ocr_par' dir='ltr' id='par_1_104' title="bbox 841 5508 2424 5578">
     <span class='ocr_line' id='line_1_104' title="bbox 841 5508 2424 5578; baseline -0.003 -13"><span class='ocrx_word' id='word_1_726' title='bbox 841 5512 1048 5573; x_wconf 81' lang='grc' dir='ltr'><strong>αὐτοῦ,</strong></span> <span class='ocrx_word' id='word_1_727' title='bbox 1085 5513 1173 5564; x_wconf 80' lang='grc' dir='ltr'><strong>ὅτι</strong></span> <span class='ocrx_word' id='word_1_728' title='bbox 1203 5514 1272 5563; x_wconf 68' lang='grc' dir='ltr'><strong>ἐν</strong></span> <span class='ocrx_word' id='word_1_729' title='bbox 1299 5508 1427 5576; x_wconf 59' lang='grc' dir='ltr'><strong>ταῖς</strong></span> <span class='ocrx_word' id='word_1_730' title='bbox 1454 5513 1659 5564; x_wconf 61' lang='grc' dir='ltr'><strong>ἄλλων</strong></span> <span class='ocrx_word' id='word_1_731' title='bbox 1677 5511 2020 5578; x_wconf 58' lang='lat' dir='ltr'><strong>dapem/atq</strong></span> <span class='ocrx_word' id='word_1_732' title='bbox 2060 5508 2424 5576; x_wconf 76' lang='grc' dir='ltr'><strong>χειροτονεῖν</strong></span> 
     </span>
    </p>
   </div>
   <div class='ocr_carea' id='block_1_105' title="bbox 839 5578 2426 5652">
    <p class='ocr_par' dir='ltr' id='par_1_105' title="bbox 839 5578 2426 5652">
     <span class='ocr_line' id='line_1_105' title="bbox 839 5578 2426 5652; baseline -0.002 -17"><span class='ocrx_word' id='word_1_733' title='bbox 839 5585 1152 5652; x_wconf 73' lang='grc' dir='ltr'><strong>ἐπεχείρει.</strong></span> <span class='ocrx_word' id='word_1_734' title='bbox 1190 5583 1302 5636; x_wconf 77' lang='lat' dir='ltr'><strong>Hoc</strong></span> <span class='ocrx_word' id='word_1_735' title='bbox 1328 5583 1522 5634; x_wconf 73' lang='lat' dir='ltr'><strong>acerbe</strong></span> <span class='ocrx_word' id='word_1_736' title='bbox 1556 5582 1810 5649; x_wconf 81' lang='lat' dir='ltr'><strong>sugillant</strong></span> <span class='ocrx_word' id='word_1_737' title='bbox 1837 5579 2081 5648; x_wconf 77' lang='lat' dir='ltr'><strong>episcopi</strong></span> <span class='ocrx_word' id='word_1_738' title='bbox 2123 5578 2426 5652; x_wconf 66' lang='lat' dir='ltr'><strong>Qrientales</strong></span> 
     </span>
    </p>
   </div>
   <div class='ocr_carea' id='block_1_106' title="bbox 842 5649 2426 5722">
    <p class='ocr_par' dir='ltr' id='par_1_106' title="bbox 842 5649 2426 5722">
     <span class='ocr_line' id='line_1_106' title="bbox 842 5649 2426 5722; baseline -0.004 -14"><span class='ocrx_word' id='word_1_739' title='bbox 842 5649 1080 5708; x_wconf 74' lang='lat' dir='ltr'><strong>Sardica:</strong></span> <span class='ocrx_word' id='word_1_740' title='bbox 1114 5653 1447 5722; x_wconf 77' lang='lat' dir='ltr'><strong>congregati,</strong></span> <span class='ocrx_word' id='word_1_741' title='bbox 1479 5653 1532 5705; x_wconf 92' lang='lat' dir='ltr'><strong>in</strong></span> <span class='ocrx_word' id='word_1_742' title='bbox 1572 5652 1803 5719; x_wconf 85' lang='lat' dir='ltr'><strong>epistola</strong></span> <span class='ocrx_word' id='word_1_743' title='bbox 1835 5666 1948 5722; x_wconf 13' lang='lat' dir='ltr'><strong>sua,</strong></span> <span class='ocrx_word' id='word_1_744' title='bbox 1975 5649 2253 5722; x_wconf 75' lang='lat' dir='ltr'><strong>synodica,</strong></span> <span class='ocrx_word' id='word_1_745' title='bbox 2278 5649 2426 5722; x_wconf 85' lang='lat' dir='ltr'><strong>Con-</strong></span> 
     </span>
    </p>
   </div>
   <div class='ocr_carea' id='block_1_107' title="bbox 842 5720 2425 5792">
    <p class='ocr_par' dir='ltr' id='par_1_107' title="bbox 842 5720 2425 5792">
     <span class='ocr_line' id='line_1_107' title="bbox 842 5720 2425 5792; baseline -0.003 -15"><span class='ocrx_word' id='word_1_746' title='bbox 842 5725 933 5778; x_wconf 91' lang='lat' dir='ltr'><strong>cil.</strong></span> <span class='ocrx_word' id='word_1_747' title='bbox 962 5733 1094 5778; x_wconf 89' lang='lat' dir='ltr'><strong>tom.</strong></span> <span class='ocrx_word' id='word_1_748' title='bbox 1123 5723 1186 5785; x_wconf 87' lang='lat' dir='ltr'><strong>ll,</strong></span> <span class='ocrx_word' id='word_1_749' title='bbox 1225 5720 1280 5792; x_wconf 82' lang='lat' dir='ltr'><strong>p.</strong></span> <span class='ocrx_word' id='word_1_750' title='bbox 1317 5724 1439 5776; x_wconf 80' lang='lat'><strong>703.</strong></span> <span class='ocrx_word' id='word_1_751' title='bbox 1482 5721 1585 5775; x_wconf 87' lang='lat' dir='ltr'><strong>Per</strong></span> <span class='ocrx_word' id='word_1_752' title='bbox 1639 5737 1846 5774; x_wconf 88' lang='lat' dir='ltr'><strong>omnem</strong></span> <span class='ocrx_word' id='word_1_753' title='bbox 1901 5721 2041 5792; x_wconf 63' lang='lat' dir='ltr'><strong>ciant</strong></span> <span class='ocrx_word' id='word_1_754' title='bbox 2090 5720 2425 5792; x_wconf 15' lang='lat' dir='ltr'><strong>reditusisui,</strong></span> 
     </span>
    </p>
   </div>
   <div class='ocr_carea' id='block_1_108' title="bbox 843 5791 2426 5862">
    <p class='ocr_par' dir='ltr' id='par_1_108' title="bbox 843 5791 2426 5862">
     <span class='ocr_line' id='line_1_108' title="bbox 843 5791 2426 5862; baseline -0.004 -14"><span class='ocrx_word' id='word_1_755' title='bbox 843 5793 1122 5862; x_wconf 88' lang='lat' dir='ltr'><strong>inquiunt,</strong></span> <span class='ocrx_word' id='word_1_756' title='bbox 1169 5791 1460 5847; x_wconf 66' lang='lat' dir='ltr'><strong>Ecclesiam</strong></span> <span class='ocrx_word' id='word_1_757' title='bbox 1508 5792 1856 5862; x_wconf 78' lang='lat' dir='ltr'><strong>subvertebat,</strong></span> <span class='ocrx_word' id='word_1_758' title='bbox 1889 5791 2179 5862; x_wconf 85' lang='lat' dir='ltr'><strong>damnatos</strong></span> <span class='ocrx_word' id='word_1_759' title='bbox 2224 5791 2426 5862; x_wconf 84' lang='lat' dir='ltr'><strong>episco-</strong></span> 
     </span>
    </p>
   </div>
   <div class='ocr_carea' id='block_1_109' title="bbox 844 5861 2425 6000">
    <p class='ocr_par' dir='ltr' id='par_1_109' title="bbox 844 5861 2425 6000">
     <span class='ocr_line' id='line_1_109' title="bbox 844 5861 2425 5984; baseline -0.004 -66"><span class='ocrx_word' id='word_1_760' title='bbox 844 5861 935 5936; x_wconf 82' lang='lat' dir='ltr'><strong>pos</strong></span> <span class='ocrx_word' id='word_1_761' title='bbox 967 5864 1169 5934; x_wconf 88' lang='lat' dir='ltr'><strong>aliquos</strong></span> <span class='ocrx_word' id='word_1_762' title='bbox 1200 5864 1566 5924; x_wconf 70' lang='lat' dir='ltr'><strong>rt’staurabat,</strong></span> <span class='ocrx_word' id='word_1_763' title='bbox 1598 5861 1858 5932; x_wconf 86' lang='lat' dir='ltr'><strong>aliquibus</strong></span> <span class='ocrx_word' id='word_1_764' title='bbox 1909 5877 2052 5930; x_wconf 80' lang='lat' dir='ltr'><strong>spem</strong></span> <span class='ocrx_word' id='word_1_765' title='bbox 2111 5861 2180 5913; x_wconf 91' lang='lat' dir='ltr'><strong>ad</strong></span> <span class='ocrx_word' id='word_1_766' title='bbox 2230 5861 2425 5984; x_wconf 56' lang='lat'><strong>$5860-</strong></span> 
     </span>
     <span class='ocr_line' id='line_1_110' title="bbox 846 5930 2425 6000; baseline -0.003 -12"><span class='ocrx_word' id='word_1_767' title='bbox 846 5945 1000 5995; x_wconf 82' lang='lat' dir='ltr'><strong>patus</strong></span> <span class='ocrx_word' id='word_1_768' title='bbox 1055 5936 1280 5989; x_wconf 79' lang='lat' dir='ltr'><strong>reditum</strong></span> <span class='ocrx_word' id='word_1_769' title='bbox 1337 5932 1714 6000; x_wconf 84' lang='lat' dir='ltr'><strong>promittebat,</strong></span> <span class='ocrx_word' id='word_1_770' title='bbox 1753 5931 1958 6000; x_wconf 81' lang='lat' dir='ltr'><strong>aliquos</strong></span> <span class='ocrx_word' id='word_1_771' title='bbox 2009 5947 2073 5984; x_wconf 71' lang='lat' dir='ltr'><strong>ex</strong></span> <span class='ocrx_word' id='word_1_772' title='bbox 2130 5930 2222 6000; x_wconf 69' lang='lat' dir='ltr'><strong>inti</strong></span> <span class='ocrx_word' id='word_1_773' title='bbox 2298 5930 2425 5984; x_wconf 82' lang='lat' dir='ltr'><strong>libus</strong></span> 
     </span>
    </p>
   </div>
   <div class='ocr_carea' id='block_1_110' title="bbox 846 5930 2430 6004">
    <p class='ocr_par' dir='ltr' id='par_1_110' title="bbox 846 5930 2430 6004">
     <span class='ocr_line' id='line_1_111' title="bbox 846 5930 2430 6004; baseline -0.003 -16"><span class='ocrx_word' id='word_1_774' title='bbox 846 5930 1000 5995; x_wconf 74' lang='lat' dir='ltr'><strong>putus</strong></span> <span class='ocrx_word' id='word_1_775' title='bbox 1055 5930 1280 5989; x_wconf 79' lang='lat' dir='ltr'><strong>reditum</strong></span> <span class='ocrx_word' id='word_1_776' title='bbox 1337 5930 1714 6004; x_wconf 76' lang='lat' dir='ltr'><strong>promittebat,</strong></span> <span class='ocrx_word' id='word_1_777' title='bbox 1753 5931 1958 6002; x_wconf 79' lang='lat' dir='ltr'><strong>aliquos</strong></span> <span class='ocrx_word' id='word_1_778' title='bbox 2009 5947 2073 5984; x_wconf 71' lang='lat' dir='ltr'><strong>ex</strong></span> <span class='ocrx_word' id='word_1_779' title='bbox 2130 5930 2430 6000; x_wconf 67' lang='lat' dir='ltr'><strong>infidelibus</strong></span> 
     </span>
    </p>
   </div>
   <div class='ocr_carea' id='block_1_111' title="bbox 2527 5086 4116 5160">
    <p class='ocr_par' dir='ltr' id='par_1_111' title="bbox 2527 5086 4116 5160">
     <span class='ocr_line' id='line_1_112' title="bbox 2527 5086 4116 5160; baseline -0.001 -17"><span class='ocrx_word' id='word_1_780' title='bbox 2527 5086 2876 5160; x_wconf 82' lang='lat' dir='ltr'><strong>constituebat</strong></span> <span class='ocrx_word' id='word_1_781' title='bbox 2910 5087 3399 5160; x_wconf 71' lang='lat' dir='ltr'><strong>episcopos,_salvis</strong></span> <span class='ocrx_word' id='word_1_782' title='bbox 3435 5097 3484 5142; x_wconf 89' lang='lat' dir='ltr'><strong>et</strong></span> <span class='ocrx_word' id='word_1_783' title='bbox 3513 5086 3940 5160; x_wconf 77' lang='lat' dir='ltr'><strong>permanentibus</strong></span> <span class='ocrx_word' id='word_1_784' title='bbox 3973 5087 4116 5142; x_wconf 85' lang='lat' dir='ltr'><strong>inte-</strong></span> 
     </span>
    </p>
   </div>
   <div class='ocr_carea' id='block_1_112' title="bbox 2528 5157 3425 5230">
    <p class='ocr_par' dir='ltr' id='par_1_112' title="bbox 2528 5157 3425 5230">
     <span class='ocr_line' id='line_1_113' title="bbox 2528 5157 3425 5230; baseline -0.001 -18"><span class='ocrx_word' id='word_1_785' title='bbox 2528 5160 2636 5230; x_wconf 85' lang='lat' dir='ltr'><strong>gris</strong></span> <span class='ocrx_word' id='word_1_786' title='bbox 2665 5157 3166 5230; x_wconf 61' lang='lat' dir='ltr'><strong>sacerdotibus.</strong></span> <span class='ocrx_word' id='word_1_787' title='bbox 3206 5157 3425 5230; x_wconf 63' lang='lat' dir='ltr'><strong>L0\_\&#39;TH.</strong></span> 
     </span>
    </p>
   </div>
   <div class='ocr_carea' id='block_1_113' title="bbox 2599 5226 4116 5299">
    <p class='ocr_par' dir='ltr' id='par_1_113' title="bbox 2599 5226 4116 5299">
     <span class='ocr_line' id='line_1_114' title="bbox 2599 5226 4116 5299; baseline 0.002 -20"><span class='ocrx_word' id='word_1_788' title='bbox 2599 5237 2626 5276; x_wconf 69' lang='grc' dir='ltr'><em>γ</em></span> <span class='ocrx_word' id='word_1_789' title='bbox 2661 5227 3007 5299; x_wconf 69' lang='grc' dir='ltr'><strong>Δαλμὰτιος.</strong></span> <span class='ocrx_word' id='word_1_790' title='bbox 3039 5229 3169 5299; x_wconf 83' lang='lat' dir='ltr'><strong>Ejus</strong></span> <span class='ocrx_word' id='word_1_791' title='bbox 3200 5228 3375 5299; x_wconf 58' lang='lat' dir='ltr'><strong>caedes</strong></span> <span class='ocrx_word' id='word_1_792' title='bbox 3398 5228 3466 5282; x_wconf 88' lang='lat' dir='ltr'><strong>ad</strong></span> <span class='ocrx_word' id='word_1_793' title='bbox 3493 5243 3694 5281; x_wconf 90' lang='lat' dir='ltr'><strong>annum</strong></span> <span class='ocrx_word' id='word_1_794' title='bbox 3720 5226 3824 5299; x_wconf 66' lang='grc'><strong>’557</strong></span> <span class='ocrx_word' id='word_1_795' title='bbox 3849 5228 4116 5299; x_wconf 81' lang='lat' dir='ltr'><strong>pertinet,</strong></span> 
     </span>
    </p>
   </div>
   <div class='ocr_carea' id='block_1_114' title="bbox 2528 5297 4112 5368">
    <p class='ocr_par' dir='ltr' id='par_1_114' title="bbox 2528 5297 4112 5368">
     <span class='ocr_line' id='line_1_115' title="bbox 2528 5297 4112 5368; baseline 0.001 -16"><span class='ocrx_word' id='word_1_796' title='bbox 2528 5307 2591 5353; x_wconf 82' lang='grc' dir='ltr'><strong>ιιι</strong></span> <span class='ocrx_word' id='word_1_797' title='bbox 2631 5314 2700 5352; x_wconf 83' lang='lat' dir='ltr'><strong>ex</strong></span> <span class='ocrx_word' id='word_1_798' title='bbox 2749 5297 3092 5366; x_wconf 79' lang='lat' dir='ltr'><strong>Theophane</strong></span> <span class='ocrx_word' id='word_1_799' title='bbox 3121 5298 3352 5368; x_wconf 86' lang='lat' dir='ltr'><strong>aliisque</strong></span> <span class='ocrx_word' id='word_1_800' title='bbox 3382 5299 3696 5363; x_wconf 87' lang='lat' dir='ltr'><strong>deducitur,</strong></span> <span class='ocrx_word' id='word_1_801' title='bbox 3759 5297 3939 5368; x_wconf 77' lang='lat' dir='ltr'><strong>inquit</strong></span> <span class='ocrx_word' id='word_1_802' title='bbox 3982 5299 4112 5353; x_wconf 86' lang='lat' dir='ltr'><strong>Ant.</strong></span> 
     </span>
    </p>
   </div>
   <div class='ocr_carea' id='block_1_115' title="bbox 2528 5368 3243 5440">
    <p class='ocr_par' dir='ltr' id='par_1_115' title="bbox 2528 5368 3243 5440">
     <span class='ocr_line' id='line_1_116' title="bbox 2528 5368 3243 5440; baseline -0.004 -17"><span class='ocrx_word' id='word_1_803' title='bbox 2528 5369 2655 5438; x_wconf 85' lang='lat' dir='ltr'><strong>Pagi</strong></span> <span class='ocrx_word' id='word_1_804' title='bbox 2680 5368 2745 5422; x_wconf 85' lang='lat' dir='ltr'><strong>ad</strong></span> <span class='ocrx_word' id='word_1_805' title='bbox 2785 5384 2910 5424; x_wconf 89' lang='lat' dir='ltr'><strong>eum</strong></span> <span class='ocrx_word' id='word_1_806' title='bbox 2937 5384 3070 5440; x_wconf 81' lang='lat' dir='ltr'><strong>ann.</strong></span> <span class='ocrx_word' id='word_1_807' title='bbox 3099 5385 3156 5440; x_wconf 90' lang='lat' dir='ltr'><strong>n_.</strong></span> <span class='ocrx_word' id='word_1_808' title='bbox 3193 5369 3243 5422; x_wconf 93' lang='lat'><strong>8.</strong></span> 
     </span>
    </p>
   </div>
   <div class='ocr_carea' id='block_1_116' title="bbox 2607 5438 4117 5509">
    <p class='ocr_par' dir='ltr' id='par_1_116' title="bbox 2607 5438 4117 5509">
     <span class='ocr_line' id='line_1_117' title="bbox 2607 5438 4117 5509; baseline 0 -17"><span class='ocrx_word' id='word_1_809' title='bbox 2607 5449 2628 5474; x_wconf 76' lang='grc' dir='ltr'><strong><em>ι</em></strong></span> <span class='ocrx_word' id='word_1_810' title='bbox 2665 5438 3116 5502; x_wconf 75' lang='grc' dir='ltr'><strong>Κωνσταντῖνος</strong></span> <span class='ocrx_word' id='word_1_811' title='bbox 3140 5438 3182 5509; x_wconf 80' lang='grc' dir='ltr'><strong>’ό</strong></span> <span class='ocrx_word' id='word_1_812' title='bbox 3208 5438 3364 5504; x_wconf 81' lang='grc' dir='ltr'><strong>νέος.</strong></span> <span class='ocrx_word' id='word_1_813' title='bbox 3393 5439 3661 5509; x_wconf 78' lang='lat' dir='ltr'><strong>Videatur</strong></span> <span class='ocrx_word' id='word_1_814' title='bbox 3705 5453 3895 5508; x_wconf 85' lang='lat' dir='ltr'><strong>supra,</strong></span> <span class='ocrx_word' id='word_1_815' title='bbox 3927 5440 4117 5509; x_wconf 42' lang='grc' dir='ltr'><strong>ειη).ίῦ</strong></span> 
     </span>
    </p>
   </div>
   <div class='ocr_carea' id='block_1_117' title="bbox 2531 5508 4121 5578">
    <p class='ocr_par' dir='ltr' id='par_1_117' title="bbox 2531 5508 4121 5578">
     <span class='ocr_line' id='line_1_118' title="bbox 2531 5508 4121 5578; baseline 0 -16"><span class='ocrx_word' id='word_1_816' title='bbox 2531 5508 2697 5578; x_wconf 89' lang='lat' dir='ltr'><strong>hujus</strong></span> <span class='ocrx_word' id='word_1_817' title='bbox 2731 5509 2850 5571; x_wconf 90' lang='lat' dir='ltr'><strong>lih.,</strong></span> <span class='ocrx_word' id='word_1_818' title='bbox 2875 5517 2931 5561; x_wconf 89' lang='lat' dir='ltr'><strong>et</strong></span> <span class='ocrx_word' id='word_1_819' title='bbox 2957 5509 3138 5562; x_wconf 77' lang='lat' dir='ltr'><strong>Victor</strong></span> <span class='ocrx_word' id='word_1_820' title='bbox 3163 5508 3214 5561; x_wconf 91' lang='lat' dir='ltr'><strong>in</strong></span> <span class='ocrx_word' id='word_1_821' title='bbox 3245 5509 3516 5578; x_wconf 84' lang='lat' dir='ltr'><strong>Epitome,</strong></span> <span class='ocrx_word' id='word_1_822' title='bbox 3545 5508 3638 5578; x_wconf 88' lang='lat' dir='ltr'><strong>qui</strong></span> <span class='ocrx_word' id='word_1_823' title='bbox 3674 5509 3788 5563; x_wconf 57' lang='lat' dir='ltr'><strong>haec</strong></span> <span class='ocrx_word' id='word_1_824' title='bbox 3818 5508 4027 5578; x_wconf 59' lang='lat' dir='ltr'><strong>habet}.</strong></span> <span class='ocrx_word' id='word_1_825' title='bbox 4041 5508 4121 5564; x_wconf 67' lang='grc' dir='ltr'><strong>οι</strong></span> 
     </span>
    </p>
   </div>
   <div class='ocr_carea' id='block_1_118' title="bbox 2532 5577 4116 5650">
    <p class='ocr_par' dir='ltr' id='par_1_118' title="bbox 2532 5577 4116 5650">
     <span class='ocr_line' id='line_1_119' title="bbox 2532 5577 4116 5650; baseline 0 -18"><span class='ocrx_word' id='word_1_826' title='bbox 2532 5577 2708 5632; x_wconf 76' lang='lat' dir='ltr'><strong>Italia:</strong></span> <span class='ocrx_word' id='word_1_827' title='bbox 2737 5580 3030 5650; x_wconf 67' lang='lat' dir='ltr'><strong>Africa&#39;que</strong></span> <span class='ocrx_word' id='word_1_828' title='bbox 3052 5581 3144 5650; x_wconf 87' lang='lat' dir='ltr'><strong>jus</strong></span> <span class='ocrx_word' id='word_1_829' title='bbox 3168 5577 3458 5650; x_wconf 80' lang='lat' dir='ltr'><strong>dissensere</strong></span> <span class='ocrx_word' id='word_1_830' title='bbox 3490 5577 3864 5650; x_wconf 79' lang='lat' dir='ltr'><strong>Constantinus</strong></span> <span class='ocrx_word' id='word_1_831' title='bbox 3900 5587 3952 5631; x_wconf 81' lang='lat' dir='ltr'><strong>et</strong></span> <span class='ocrx_word' id='word_1_832' title='bbox 3975 5577 4116 5632; x_wconf 88' lang='lat' dir='ltr'><strong>Con-</strong></span> 
     </span>
    </p>
   </div>
   <div class='ocr_carea' id='block_1_119' title="bbox 2532 5649 4117 5720">
    <p class='ocr_par' dir='ltr' id='par_1_119' title="bbox 2532 5649 4117 5720">
     <span class='ocr_line' id='line_1_120' title="bbox 2532 5649 4117 5720; baseline 0 -17"><span class='ocrx_word' id='word_1_833' title='bbox 2532 5659 2701 5703; x_wconf 87' lang='lat' dir='ltr'><strong>stans.</strong></span> <span class='ocrx_word' id='word_1_834' title='bbox 2737 5649 3114 5720; x_wconf 86' lang='lat' dir='ltr'><strong>Constantinus</strong></span> <span class='ocrx_word' id='word_1_835' title='bbox 3159 5649 3421 5703; x_wconf 77' lang='lat' dir='ltr'><strong>latrocinii</strong></span> <span class='ocrx_word' id='word_1_836' title='bbox 3471 5651 3637 5720; x_wconf 78' lang='lat' dir='ltr'><strong>specie</strong></span> <span class='ocrx_word' id='word_1_837' title='bbox 3692 5649 3816 5720; x_wconf 83' lang='lat' dir='ltr'><strong>dum</strong></span> <span class='ocrx_word' id='word_1_838' title='bbox 3873 5651 4117 5704; x_wconf 84' lang='lat' dir='ltr'><strong>incautus</strong></span> 
     </span>
    </p>
   </div>
   <div class='ocr_carea' id='block_1_120' title="bbox 2537 5719 4115 5791">
    <p class='ocr_par' dir='ltr' id='par_1_120' title="bbox 2537 5719 4115 5791">
     <span class='ocr_line' id='line_1_121' title="bbox 2537 5719 4115 5791; baseline -0.001 -18"><span class='ocrx_word' id='word_1_839' title='bbox 2537 5721 2772 5791; x_wconf 70' lang='lat' dir='ltr'><strong>fwdeque</strong></span> <span class='ocrx_word' id='word_1_840' title='bbox 2803 5719 3117 5774; x_wconf 83' lang='lat' dir='ltr'><strong>temulentus</strong></span> <span class='ocrx_word' id='word_1_841' title='bbox 3148 5722 3201 5772; x_wconf 86' lang='lat' dir='ltr'><strong>in</strong></span> <span class='ocrx_word' id='word_1_842' title='bbox 3235 5719 3412 5773; x_wconf 87' lang='lat' dir='ltr'><strong>aliena</strong></span> <span class='ocrx_word' id='word_1_843' title='bbox 3445 5719 3624 5791; x_wconf 81' lang='lat' dir='ltr'><strong>irruit,</strong></span> <span class='ocrx_word' id='word_1_844' title='bbox 3647 5719 4115 5791; x_wconf 79' lang='lat' dir='ltr'><strong>obtruncatusest,</strong></span> 
     </span>
    </p>
   </div>
   <div class='ocr_carea' id='block_1_121' title="bbox 2537 5789 4117 5914">
    <p class='ocr_par' dir='ltr' id='par_1_121' title="bbox 2537 5789 4117 5914">
     <span class='ocr_line' id='line_1_122' title="bbox 2537 5789 4117 5861; baseline -0.001 -18"><span class='ocrx_word' id='word_1_845' title='bbox 2537 5789 2904 5861; x_wconf 70' lang='lat' dir='ltr'><strong>projectusque</strong></span> <span class='ocrx_word' id='word_1_846' title='bbox 2939 5791 2992 5843; x_wconf 89' lang='lat' dir='ltr'><strong>in</strong></span> <span class='ocrx_word' id='word_1_847' title='bbox 3022 5793 3237 5859; x_wconf 77' lang='lat' dir='ltr'><strong>ﬂuvium</strong></span> <span class='ocrx_word' id='word_1_848' title='bbox 3261 5792 3342 5844; x_wconf 86' lang='lat' dir='ltr'><strong>cui</strong></span> <span class='ocrx_word' id='word_1_849' title='bbox 3366 5807 3554 5845; x_wconf 78' lang='lat' dir='ltr'><strong>nomen</strong></span> <span class='ocrx_word' id='word_1_850' title='bbox 3587 5789 3716 5844; x_wconf 77' lang='lat' dir='ltr'><strong>Alsa</strong></span> <span class='ocrx_word' id='word_1_851' title='bbox 3744 5799 3842 5855; x_wconf 80' lang='lat' dir='ltr'><strong>est,</strong></span> <span class='ocrx_word' id='word_1_852' title='bbox 3873 5806 3976 5851; x_wconf 77' lang='lat' dir='ltr'><strong>nan</strong></span> <span class='ocrx_word' id='word_1_853' title='bbox 3998 5789 4117 5843; x_wconf 87' lang='lat' dir='ltr'><strong>lon-</strong></span> 
     </span>
     <span class='ocr_line' id='line_1_123' title="bbox 2537 5860 2974 5914; baseline -0.002 0"><span class='ocrx_word' id='word_1_854' title='bbox 2537 5877 2600 5914; x_wconf 91' lang='lat' dir='ltr'><strong>ae</strong></span> <span class='ocrx_word' id='word_1_855' title='bbox 2625 5861 2690 5914; x_wconf 91' lang='lat' dir='ltr'><strong>ab</strong></span> <span class='ocrx_word' id='word_1_856' title='bbox 2714 5860 2974 5914; x_wconf 76' lang='lat' dir='ltr'><strong>Aquileia.</strong></span> 
     </span>
    </p>
   </div>
   <div class='ocr_carea' id='block_1_122' title="bbox 2573 5877 2974 5914">
    <p class='ocr_par' dir='ltr' id='par_1_122' title="bbox 2573 5877 2974 5914">
     <span class='ocr_line' id='line_1_124' title="bbox 2573 5877 2974 5914; baseline -0.002 0"><span class='ocrx_word' id='word_1_857' title='bbox 2573 5877 2600 5914; x_wconf 79' lang='grc' dir='ltr'><strong>ε</strong></span> <span class='ocrx_word' id='word_1_858' title='bbox 2625 5877 2690 5914; x_wconf 84' lang='grc' dir='ltr'><strong>αυ</strong></span> <span class='ocrx_word' id='word_1_859' title='bbox 2714 5877 2974 5914; x_wconf 69' lang='grc' dir='ltr'><strong>Ασυκεια.</strong></span> 
     </span>
    </p>
   </div>
   <div class='ocr_carea' id='block_1_123' title="bbox 2537 5878 4121 6001">
    <p class='ocr_par' dir='ltr' id='par_1_123' title="bbox 2537 5878 4121 6001">
     <span class='ocr_line' id='line_1_125' title="bbox 2573 5878 2974 5914; baseline -0.002 0"><span class='ocrx_word' id='word_1_860' title='bbox 2573 5878 2600 5914; x_wconf 89' lang='lat' dir='ltr'><strong>e</strong></span> <span class='ocrx_word' id='word_1_861' title='bbox 2625 5878 2690 5914; x_wconf 84' lang='lat' dir='ltr'><strong>ao</strong></span> <span class='ocrx_word' id='word_1_862' title='bbox 2714 5878 2752 5914; x_wconf 76' lang='grc' dir='ltr'><em>Α</em></span> <span class='ocrx_word' id='word_1_863' title='bbox 2797 5878 2974 5914; x_wconf 71' lang='lat' dir='ltr'><strong>arma.</strong></span> 
     </span>
     <span class='ocr_line' id='line_1_126' title="bbox 2537 5878 4121 6001; baseline 0 -17"><span class='ocrx_word' id='word_1_864' title='bbox 2537 5879 2567 5932; x_wconf 74' lang='lat' dir='ltr'><strong><em>g</em></strong></span> <span class='ocrx_word' id='word_1_865' title='bbox 2612 5943 2636 5970; x_wconf 79' lang='grc' dir='ltr'>ι</span> <span class='ocrx_word' id='word_1_866' title='bbox 2667 5878 2858 5985; x_wconf 59' lang='grc' dir='ltr'><strong>οὺὲἐν</strong></span> <span class='ocrx_word' id='word_1_867' title='bbox 2881 5930 3170 5998; x_wconf 65' lang='grc' dir='ltr'><strong>ἔπραττεν</strong></span> <span class='ocrx_word' id='word_1_868' title='bbox 3197 5932 3482 6001; x_wconf 78' lang='grc' dir='ltr'><strong>εὐτυχῶς.</strong></span> <span class='ocrx_word' id='word_1_869' title='bbox 3511 5930 3854 5987; x_wconf 86' lang='lat' dir='ltr'><strong>Constantius</strong></span> <span class='ocrx_word' id='word_1_870' title='bbox 3881 5949 3913 5986; x_wconf 92' lang='lat' dir='ltr'><strong>a</strong></span> <span class='ocrx_word' id='word_1_871' title='bbox 3941 5929 4121 5985; x_wconf 74' lang='lat' dir='ltr'><strong>Persis</strong></span> 
     </span>
    </p>
   </div>
  </div>
