4524 6582
423 493 531 554 9155

1420 489 1748 546 HISTORIA
1786 488 2344 546 ECCLESIASTICA.
2387 521 2456 529 —
2489 490 2622 545 LIB.
2663 491 2728 546 11.

3595 497 3700 554 266

425 608 554 678 περὶ
579 607 708 668 τοὺς
736 606 896 676 ὅρους
920 604 1032 676 (77)
1075 603 1366 675 Ῥωμαίων
1404 605 1500 658 καὶ
1537 605 1765 676 Περσῶν
1792 606 2017 675 γενομέ-
2049 623 2088 672 Α
2121 607 2210 660 bel

1909 606 2017 675 ιμέ-
2049 623 2088 672 Α
2121 607 2268 660 bello
2295 606 2653 661 Constantius
2697 620 2977 674 nunquam
3032 618 3296 674 prospere
3338 621 3452 660 rem
3507 609 3695 676 gessit.

427 716 554 768 νης,
603 697 1044 767 ἐπικρατέστερα
1083 697 1205 749 τότε
1256 696 1329 748 τὰ
1365 695 1594 767 Περσῶν
1649 695 1786 766 πρὸς
1834 695 2017 763 ὀλίγον

429 790 572 855 ἔδοξε
613 787 880 856 γίνεσθαι.
913 787 1052 841 Καθ’
1085 788 1144 839 ὃν
1175 787 1367 858 καιρὸν
1392 786 1516 840 οὔτε
1558 787 1628 840 τὰ
1675 785 2018 856 Χριστιανῶν

428 881 723 952 ἡσύχαζεν,
752 879 891 934 ἀλλὰ
909 880 976 933 δι’
1005 879 1343 941 ’Λθανάσιον,
1370 880 1466 932 καὶ
1485 879 1587 949 τὴν
1612 878 1707 931 τοῦ
1729 878 2019 946 ὁμοουσίου

429 972 574 1036 λέξιν
609 971 739 1042 περὶ
767 970 865 1032 τὰς
902 968 1232 1039 Ἐκκλησίας
1278 969 1513 1040 πόλεμος
1538 966 1629 1040 ἦν.
1672 969 1760 1021 Ἐν
1809 969 2021 1030 τούτοις

430 1062 793 1117 καθεστώτων
837 1062 949 1116 τῶν
997 1061 1363 1131 πραγμάτων,
1411 1061 1748 1128 Μαγνέντιος
1780 1058 1910 1130 περὶ
1950 1058 2020 1110 τὰ

433 1155 670 1226 ἑσπέρια
713 1155 854 1226 μέρη
902 1153 1116 1223 ἐπεφύη
1146 1152 1428 1224 τύραννος·
1457 1152 1516 1216 ὅς
1550 1151 1884 1206 Κώνσταντα
1913 1151 2022 1204 τῶν

434 1249 706 1319 ἑσπερίων
743 1247 926 1319 μερῶν
971 1245 1344 1316 βασιλεύοντα,
1395 1245 1525 1316 περὶ
1555 1246 1654 1308 τὰς
1691 1245 1920 1307 Γαλλίας
1947 1246 2020 1297 δι-

435 1345 661 1411 άγοντα,
700 1341 764 1393 ἐκ
791 1339 1065 1410 cnsuevi};
1097 1338 1275 1392 ἀνεῖλε
1310 1348 1358 1391 ε.
1383 1331 1459 1390 Οὗ
1493 1337 1810 1407 γενομένου,
1845 1336 2024 1406 ἐμφύ-

436 1431 548 1494 λιος
579 1431 835 1500 μέγιστος
865 1426 1224 1499 ἁνερῤιπίσθη
1258 1427 1512 1496 πόλεμος.
1558 1427 1896 1495 Μαγνέντιος
1928 1428 2026 1496 μὲν

437 1524 545 1594 γὰρ
573 1524 601 1575 ὁ
623 1523 879 1595 τύραννος
910 1522 1091 1591 πάσης
1127 1519 1355 1582 Ἰταλίας
1387 1519 1632 1590 ἐκράτει,
1675 1519 1944 1590 Ἀφρικὴν
1967 1535 2026 1569 τε

439 1618 535 1668 καὶ
567 1612 772 1682 Λιῦύην
797 1613 886 1679 ὑφ’
913 1609 1092 1680 ἑαυτῷ
1122 1610 1406 1678 πεποίητο,
1445 1609 1540 1663 καὶ
1571 1610 1737 1672 αὑτὰς
1763 1611 1860 1672 τὰς
1893 1610 2030 1663 Γαλ-

437 1702 556 1765 λίας
587 1701 710 1770 ἔσχε
733 1699 931 1753 λαϐών.
969 1699 1057 1752 Ἐν
1097 1699 1411 1769 Ἱλλυρικοῖς
1429 1698 1508 1764 δὲ,
1537 1699 1596 1751 ὲν
1614 1700 1825 1770 Σιρμίῳ
1855 1700 2028 1766 πόλει,

441 1794 546 1847 ὑπὸ
570 1793 678 1845 τῶν
709 1789 1058 1862 στρατιωτῶν
1090 1789 1276 1860 ἕτερος
1300 1789 1511 1859 ἐπῆρτο
1539 1787 1822 1858 τύραννος·
1857 1789 2030 1860 ὄνομα

442 1887 500 1940 δὲ
531 1885 681 1956 αὐτῷ
713 1883 1018 1955 Βετρανίων
1041 1881 1092 1936 ἀ.
1135 1881 1208 1934 Ού
1240 1879 1347 1951 μὴν
1370 1879 1507 1934 ἀλλὰ
1540 1883 1635 1934 καὶ
1661 1880 1760 1952 τὴν
1813 1882 2032 1952 Ῥώμην

2121 699 2399 753 Nocturna
2435 700 2582 753 enim
2615 713 2794 768 pugna
2825 698 2974 751 circa
2994 696 3368 751 Romanorum
3397 712 3460 752 ac
3503 698 3700 753 Persa-

2123 807 2244 845 rum
2286 790 2423 845 ﬁnes
2461 792 2772 855 commissa,
2820 791 3000 845 Persae
3046 798 3197 854 tunc,
3229 789 3359 844 licet
3413 790 3480 844 ad
3520 791 3703 845 modi-

2121 896 2248 934 cum
2289 890 2524 950 tempus,
2562 880 2877 950 superiores
2913 878 3083 933 fuisse
3110 878 3458 932 videbantur.
3494 879 3701 934 Eodem

2122 980 2367 1040 tempore
2400 986 2488 1023 res
2509 985 2730 1039 quoque
2759 969 3202 1023 Christianorum
3231 967 3378 1022 haud
3406 969 3581 1023 multo
3603 985 3702 1038 pa-

2123 1054 2367 1116 catiores
2405 1061 2561 1114 luere
2586 1079 2598 1113 :
2644 1059 2739 1114 sed
2765 1068 2992 1130 propter
3015 1059 3376 1114 Athanasium
3419 1069 3475 1114 et
3502 1060 3573 1113 ob
3603 1075 3705 1113 vo-

2126 1168 2247 1207 cem
2280 1153 2442 1223 118
2482 1151 2989 1214 eonsubstantialis,
3041 1150 3248 1204 bellum
3291 1165 3391 1221 per
3433 1150 3708 1206 Ecclesias

2124 1251 2267 1297 erat.
2297 1243 2436 1297 Dum
2463 1243 2519 1296 in
2561 1243 2666 1297 hoc
2710 1250 2856 1296 statu
2902 1256 2993 1294 res
3042 1249 3248 1306 essent,
3294 1241 3351 1295 in
3393 1239 3708 1296 Occidentis

2127 1332 2385 1402 partibus
2433 1332 2779 1402 Magnentius
2837 1330 3062 1401 quidam
3108 1338 3376 1402 tyrannus
3411 1332 3704 1386 exoritur:

2127 1424 2223 1493 qui
2271 1423 2623 1478 Constantem
2669 1439 2862 1477 earum
2908 1423 3150 1492 partium
3202 1423 3593 1492 imperatorem
3650 1423 3709 1478 in

2128 1517 2322 1571 Galliis
2357 1527 2471 1570 tum
2494 1517 2803 1586 degentem,
2831 1532 2929 1586 per
2974 1516 3204 1571 insidias
3248 1517 3547 1572 interemit.
3589 1519 3708 1584 Quo

2131 1609 2294 1672 facto,
2323 1609 2514 1679 ingens
2540 1609 2743 1662 bellum
2793 1608 2953 1662 civile
2979 1607 3271 1662 conﬂatum
3298 1619 3400 1663 est.
3430 1610 3562 1663 Nam
3597 1611 3708 1664 Mr.-

2130 1702 2388 1772 gncntius
2413 1701 2637 1771 quidem
2675 1709 2940 1772 tyrannus
2963 1701 3224 1754 universa
3265 1700 3422 1754 Italia
3457 1701 3710 1770 potieba-

2134 1793 2268 1857 bnr;
2297 1792 2534 1845 Africam
2556 1807 2774 1861 quoque
2800 1790 2903 1845 sub
2927 1791 3196 1844 ditionem
3213 1806 3365 1844 suam
3393 1791 3709 1861 redegerat,

2135 1882 2391 1951 ipsasque
2439 1881 2575 1935 adeo
2623 1880 2826 1936 Callias
2873 1880 3177 1934 obtinebat.
3213 1879 3272 1934 In
3315 1881 3536 1951 Illyrico
3579 1897 3714 1936 vero

442 1979 657 2050 ταραχὴ
685 1979 953 2046 κατεῖχεν·
986 1974 1079 2028 τοῦ
1111 1973 1491 2028 Κωνσταντίου
1523 1973 1633 2045 γὰρ
1661 1972 1973 2043 ἀδελφιδοῦς
2005 1984 2028 2012 ο
2062 1997 2104 2049 Β
2133 1989 2228 2042 apu

1924 1974 1973 2035 5,
2005 1984 2028 2012 ο
2062 1997 2104 2049 Β
2133 1973 2277 2042 apud
2307 1972 2501 2026 urbem
2529 1969 2793 2026 Sirmium
2819 1972 2959 2024 alter
3003 1987 3033 2024 a
3079 1971 3350 2025 militibus
3375 1971 3589 2025 levatus
3630 1982 3710 2026 est

441 2065 510 2140 ἦν
546 2069 682 2138 (78),
716 2061 760 2136 ᾧ
804 2065 1151 2128 Νεπωτιανὸς
1190 2065 1361 2134 ὄνομα
1385 2107 1400 2130 ,
1448 2064 1507 2127 ὃς
1552 2065 1885 2117 ἀντεποιεῖτο
1929 2065 2030 2136 τῆς

447 2162 744 2234 βασιλείας,
775 2160 918 2231 χειρὶ
953 2159 1277 2230 μονομάχων
1307 2156 1798 2231 δορυφορούμενος.
1836 2157 2032 2210 Nemo-

444 2255 625 2308 τιανδν
677 2253 775 2324 μὲν
818 2249 911 2305 οὖν
955 2253 1004 2304 οἱ
1055 2251 1396 2319 Μαγνεντίου
1435 2248 1680 2303 καθεῖλον
1713 2249 2027 2319 στρατηγοί.

447 2347 780 2416 Μαγνέντιος
809 2347 864 2399 δὲ
893 2343 1085 2410 ἐπιὼν,
1133 2346 1307 2399 πάντα
1351 2345 1421 2398 τὰ
1453 2342 1684 2413 ἑσπέρια
1738 2342 2026 2413 κατεστρέ-

449 2457 596 2511 (peto.

1015 2724 1264 2777 ΚΕΦΛΔ.
1313 2724 1459 2790 Kq'.

462 2821 562 2884 Ὦς
591 2817 696 2871 τοῦ
722 2815 1028 2881 ,βασιλέως
1058 2813 1175 2884 τῶν
1208 2814 1506 2884 ἑσπερίων
1528 2812 2029 2884 τελευτήσαιξτος,

527 2883 698 2952 αὖθις
729 2886 846 2939 τῶν
889 2885 1054 2938 ἰδίων
1089 2883 1510 2949 ἐξεϐλήθησαν
1546 2885 1746 2936 τόπων
1793 2883 2034 2948 Παῦλος

525 2960 626 3011 καὶ
650 2955 1022 3019 Ἀθανὰσιος·
1050 2956 1146 3007 καὶ
1175 2955 1256 3018 ὡς
1279 2952 1519 3017 Παῦλος
1541 2952 1656 3020 μὲν
1685 2956 1772 3018 εἰς
1795 2954 2037 3021 ἐξορίιιν

525 3029 832 3098 ἀγόμενος.
862 3023 1143 3093 ἀνῃρέθψ
1172 3021 1528 3088 Ἀθανάσιος
1561 3022 1631 3076 δὲ
1663 3022 1909 3092 ἀπέδρα.

528 3133 745 3186 Τούτων
782 3131 840 3182 δὲ
879 3130 1097 3183 πάντων
1130 3127 1239 3180 τῶν
1276 3127 1463 3181 κακῶν
1491 3129 1718 3200 σύρροια
1757 3130 1814 3183 ὲν
1848 3128 2038 3200 βραχεῖ

2137 2076 2419 2137 tyrannus,
2449 2064 2672 2118 nomine
2711 2062 2990 2117 Vetranio.
3021 2062 3126 2115 Sed
3173 2071 3233 2116 et
3282 2061 3338 2115 in
3365 2061 3502 2116 urbe
3543 2062 3713 2116 Roma

2137 2157 2404 2210 tumultus
2427 2156 2572 2209 haud
2598 2155 2827 2224 exiguus
2853 2154 2992 2218 fuit;
3021 2169 3144 2208 nam
3173 2152 3532 2223 Nepotianus,
3563 2168 3713 2206 soro-

2138 2246 2216 2298 ris
2261 2244 2568 2299 Constantii
2620 2242 2786 2305 ﬁlius,
2834 2243 3197 2311 gladiatorum
3242 2259 3408 2297 mann
3459 2243 3714 2313 stipatus,

2139 2335 2433 2407 imperium
2458 2335 2784 2404 arripuerat.
2811 2335 3014 2387 Verum
3041 2335 3187 2388 hunc
3207 2333 3428 2404 quidem
3456 2333 3714 2404 Magnen-

2137 2428 2200 2482 tii
2225 2426 2394 2481 duces
2419 2440 2724 2496 peremere.
2754 2425 2873 2495 Ipse
2911 2441 3041 2480 vero
3088 2426 3432 2495 Magnentius
3476 2424 3716 2494 reliquas

2135 2517 2449 2573 Occidentis
2473 2518 2786 2589 provincias
2821 2518 3100 2573 hostiliter
3145 2518 3433 2580 invadens.
3459 2517 3714 2572 universa

2135 2607 2404 2662 vastabat.

2735 2721 2888 2778 CAP.
2921 2720 3092 2776 XXVI

2133 2816 2377 2883 Qualiter
2437 2825 2646 2868 mortuo
2697 2812 3289 2884 Cecidentismartium
3357 2815 3717 2884 imperatore,

2203 2886 2479 2956 Paulusqet
2517 2885 2840 2956 Athanasius
2885 2886 3078 2937 iterum
3130 2885 3240 2956 suis
3295 2886 3500 2956 sedibus
3537 2885 3719 2956 pulsi:

2202 2965 2251 3009 et
2285 2954 2489 3009 Paulus
2530 2955 2740 3024 quidem
2783 2971 2904 3006 cum
2955 2955 3012 3007 in
3058 2955 3301 3008 exsilium
3351 2954 3718 3019 abduceretur,

2203 3028 2401 3080 occisus
2429 3034 2503 3078 est
2531 3041 2549 3078 :
2579 3026 2901 3078 Athanasius
2935 3024 3064 3095 fuga
3088 3041 3144 3078 se
3185 3026 3471 3096 proripuit.

2205 3131 2384 3199 Atque
2409 3128 2525 3183 haec
2549 3129 2733 3183 omnia
2765 3130 2906 3184 mala
2949 3147 3061 3186 uno
3095 3129 3212 3185 fere
3235 3131 3542 3201 eodemque
3583 3140 3720 3186 tem-

456 3227 647 3297 γέγονε
668 3224 864 3296 χρόνῳ.
892 3223 1148 3293 Ἰέτάρτῳ
1173 3222 1282 3292 γὰρ
1308 3220 1534 3294 ὓστερον
1557 3221 1668 3274 ἔτει
1693 3221 1832 3292 μετὰ
1857 3222 1956 3292 τὴν
1976 3223 2034 3274 ὲν
2061 3207 2102 3264 (ἶ
2135 3237 2242 3292 βοτη

1933 3223 2034 3274 νὲν
2061 3207 2102 3264 (Σ
2135 3237 2269 3292 pore
2302 3219 2703 3275 conﬁnxerunt.
2737 3220 2944 3288 Quarto
2979 3222 3128 3276 enim
3169 3238 3317 3278 anno
3365 3233 3492 3294 post
3538 3222 3719 3278 Serdi-

1658 3375 1930 3432 VALESII
1967 3375 2519 3438 ANNOTATIONES.

531 3495 643 3568 (77)
675 3493 1092 3562 Νυκτομαχίας
1251 3507 1397 3568 περὶ
1407 3490 1549 3556 τοὺς
1586 3489 1783 3568 dpovg.
1825 3489 2035 3568 Intelli-_

461 3559 890 3635 git'nocturnani
921 3559 1154 3635 pugnam
1189 3559 1342 3635 inter
1364 3562 1719 3635 Romanosac
1741 3560 1938 3635 Persas
1970 3559 2038 3613 ad

464 3628 691 3704 Singara
725 3628 965 3704 castrum
995 3628 1416 3704 Mesopotamize,
1439 3632 1492 3684 in
1530 3646 1636 3704 qua
1657 3628 1878 3704 Saporis
1906 3631 2040 3704 Per-_

467 3699 652 3759 sarum
686 3703 830 3772 regis
857 3703 1000 3756 ﬁlius
1026 3699 1288 3756 occubuit
1313 3741 1327 3772 ,
1352 3701 1595 3772 Romani
1638 3699 2040 3772 vero__inge_n_ti

464 3785 644 3844 strage
670 3767 902 3827 confossi
937 3780 1085 3833 sunt,
1114 3781 1176 3826 ut
1198 3771 1402 3844 scribit
1421 3770 1742 3844 Ammianus
1767 3767 2039 3844 Marcelli-

467 3839 657 3898 nuswin
683 3844 824 3896 libro
850 3857 998 3903 xvul,
1034 3858 1155 3911 pag.
1189 3840 1310 3893 112.
1341 3840 1444 3895 Ubi
1484 3839 1608 3911 vi_d_e
1633 3839 2040 3911 quaa_o_lim_an-

468 3913 668 3968 notavi.
697 3912 937 3980 Contigit
973 3907 1087 3964 haec
1110 3907 1302 3980 'pugna
1328 3924 1489 3980 anno,
1518 3908 1733 3980 Christi
1754 3907 1876 3980 548,
1908 3908 2036 3980 Plii-

467 3985 616 4052 lippo
643 3992 699 4052 et
728 3978 882 4035 Salia
903 3978 1240 4052 consulibus,
1273 3988 1334 4052 u_t
1369 3978 1560 4052 scribit
1590 3978 1807 4052 Aldatius
1837 3978 1892 4031 in
1937 3978 2037 4031 Fa-

469 4047 566 4109 stis
584 4055 630 4106 δε
652 4051 742 4106 llis
763 4051 1060 4105 consulibus
1077 4049 1266 4104 bellum
1285 4049 1552 4103 Persicum
1577 4047 1674 4117 fuit
1699 4056 2035 4101 nocturnum.

2206 3489 2318 3560 (78)
2351 3491 2462 3544 Τοῦ
2487 3493 2902 3546 Κωνσταντίου
2925 3492 3036 3560 γὰρ
3061 3490 3419 3560 ἀδελφιδοῦς
3443 3488 3540 3560 ἦν,
3571 3489 3726 3546 Scri-

2136 3558 2377 3630 benduni
2415 3570 2502 3614 est
2543 3558 2968 3614 Κωνςταντίνού.
3007 3561 3138 3615 Erat
3186 3558 3334 3615 enim
3385 3558 3724 3630 Nepotianus

2137 3629 2417 3697 Eutropia:
2451 3632 2658 3684 sororis
2687 3631 3032 3685 Constantini
3070 3632 3235 3694 ﬁlius,
3268 3639 3330 3684 ut
3363 3629 3629 3685 scribitur
3667 3633 3725 3685 in

2137 3699 2374 3770 Victoris
2408 3700 2676 3768 Epitome.
2712 3711 2769 3754 et
2819 3701 2962 3769 apud
3013 3701 3360 3770 Eutropitnn.
3389 3701 3550 3755 Certe
3590 3702 3723 3770 Epi-

2140 3768 2374 3839 phanius
2415 3771 2784 3823 Scholasticus
2811 3768 2884 3822 ita
2916 3771 3046 3839 legit
3074 3779 3134 3822 ut
3163 3768 3472 3824 emendavi.
3512 3768 3722 3825 Sed-in

2144 3854 2212 3891 eo
2248 3837 2470 3909 fallitur
2506 3840 2652 3907 quod
2705 3837 3019 3894 lratruelein
3053 3841 3192 3894 dixit
3223 3841 3592 3904 Constantini,
3627 3842 3723 3909 qui

2145 3916 2266 3961 erat
2300 3907 2505 3963 sororis
2533 3909 2694 3962 ﬁlius.
2716 3909 2806 3962 Sic
2827 3909 2973 3962 enim
3000 3912 3166 3964 vertit
3195 3929 3207 3963 :
3244 3910 3536 3964 Fratruelis
3568 3907 3722 3964 nam-
3805 3955 3820 3973 ,

2146 3993 2245 4047 que
2282 3977 2990 4051 ConstantinihNepotianus
3043 3983 3251 4051 nomine
3306 3982 3582 4051 imperium
3633 3998 3723 4034 as-

2144 4056 2464 4117 sumpserat,
2496 4047 2855 4118 gladiatorum
2888 4066 3049 4102 manu
3069 4050 3334 4120 suﬁultus.

1879 4199 2240 4255 VARIOBUM

474 4322 638 4378 multa
664 4331 710 4374 et
734 4323 917 4392 gravia
938 4336 1235 4392 perpessus,
1249 4333 1392 4392 saepe
1435 4319 1601 4392 captis
1627 4320 1850 4392 oppidis,
1873 4319 2042 4372 obses-

472 4397 543 4446 sis
578 4388 809 4455 urbibus,
845 4388 988 4445 cwsis
1026 4388 1363 4451 exercitibus;
1399 4388 1707 4458 nullumque
1753 4390 1798 4441 ei
1836 4398 2040 4458 contra

475 4462 727 4533 Saporem
755 4477 1059 4533 prosperum
1082 4458 1334 4533 pra’lium
1387 4459 1515 4533 fuit;
1550 4457 1649 4533 nisi
1705 4457 1842 4533 quod
1874 4459 2042 4533 ppud

475 4527 763 4602 Singaram
812 4527 954 4585 haud
1003 4527 1232 4602 dubium
1269 4530 1550 4602 victoriam
1579 4528 1774 4602 ferocia
1812 4527 2041 4602 militum

476 4597 670 4662 amisit,
707 4603 794 4670 qui
823 4617 1052 4670 pugnum
1083 4599 1324 4670 seditiose
1351 4607 1397 4651 et
1431 4597 1616 4650 stolide
1641 4607 1825 4670 cou_tra
1873 4600 2040 4650 ratio-

475 4687 592 4724 nem
619 4668 757 4732 belli,
794 4668 876 4723 die
897 4668 1016 4739 jam
1046 4669 1302 4739 prwcipiti
1314 4676 1688 4739 poposcerunt.
1721 4668 2037 4739 Eunomus.

547 4743 574 4780 δ
605 4739 807 4794 Idatius
856 4737 911 4794 in
960 4737 1132 4794 Fas‘tis
1158 4748 1213 4792 et
1262 4738 1624 4807 Hieronymus
1676 4737 1729 4789 in
1768 4737 2041 4807 Chronico

475 4809 720 4879 praelium
753 4810 886 4863 illud
909 4824 1193 4879 perperam
1219 4806 1481 4879 diﬁ‘erunt
1500 4806 1566 4879 ad
1583 4823 1710 4879 ann.
1729 4807 1850 4879 548.
1880 4806 2038 4879 Vale-

476 4875 670 4933 sinsin
703 4880 844 4933 notis
876 4875 942 4932 ad
969 4875 1063 4932 lii).
1108 4893 1232 4931 xvnl
1286 4875 1552 4930 Ammiani
1588 4876 1884 4939 existimat,
1919 4877 2041 4929 loco

476 4950 630 5002 ἕκτον
670 4947 810 5012 ἔτος,
835 4960 980 5002 sexto
1003 4949 1208 5000 circiter
1245 4962 1406 5008 anno,
1442 4946 1730 5015 legendum
1778 4961 1898 4999 esse
1923 4948 2042 5014 τρί-

474 5036 588 5080 τον,
621 5021 791 5071 tertio.
822 5018 924 5072 Sed
950 5018 1002 5072 id
1027 5018 1133 5071 alio
1156 5023 1475 5085 argumento
1499 5031 1608 5069 non
1658 5015 1853 5084 probat
1877 5030 2040 5085 quam

477 5087 800 5142 auctoritate
827 5088 1008 5151 Idatii,
1039 5088 1131 5155 qui
1175 5084 1236 5138 in
1281 5086 1625 5153 temporibus
1653 5084 2043 5155 consignandis

476 5175 587 5212 non
613 5172 735 5211 raro
749 5168 914 5220 errat,
938 5154 1115 5226 inquit
1136 5157 1261 5209 Ant.
1288 5155 1436 5225 Pagi,
1463 5155 1554 5225 qui
1576 5169 1813 5224 pugnam
1834 5155 1900 5208 ad
1917 5154 2042 5209 Sin-

476 5242 657 5298 garam
687 5227 852 5298 refert
883 5242 1026 5280 anno
1057 5227 1179 5279 545.

550 5309 571 5335 ε
607 5297 970 5361 Mari-eruat:
1009 5298 1076 5361 ὃς
1123 5295 1482 5348 Κώνσταντα
1510 5293 1728 5347 ἀνεῖλε.
1761 5292 2040 5360 Constans,

477 5369 612 5420 victo
648 5367 837 5436 fratre,
877 5367 1146 5429 tumidior,
1175 5363 1334 5417 simul
1359 5379 1452 5436 per
1477 5372 1688 5436 a’tatem
1718 5373 1903 5416 cautus
1944 5382 2044 5434 pa-

480 5454 618 5499 rum,
644 5433 799 5506 atque
831 5436 994 5506 animi
1014 5438 1304 5496 vehemens,
1329 5433 1498 5486 adhuc
1527 5434 1884 5506 ministrorum
1915 5433 2045 5506 pra-

481 5508 640 5559 vitate
671 5503 1022 5567 eissecrabilis,
1074 5515 1230 5574 atque
1277 5518 1505 5572 praeceps
1537 5505 1591 5556 in
1627 5503 1915 5574 avaritiam
1952 5505 2044 5556 de-

479 5586 810 5653 spectumque
831 5573 1162 5653 militarium,
1181 5582 1448 5653 annopost
1479 5573 1800 5653 triumphum
1827 5574 2042 5653 decimo,

479 5644 788 5715 Magnentii,
817 5648 983 5715 gentis
1005 5645 1264 5715 barbarie,
1295 5644 1409 5695 diro
1436 5651 1652 5713 atroque
1681 5644 1920 5715 ingenio,
1941 5659 2048 5715 scc-

483 5712 588 5766 leré
615 5712 991 5768 circumventus
1016 5723 1110 5768 est.
1145 5712 1402 5766 Constans
1429 5729 1550 5766 vero
1567 5712 1788 5766 venandi
1806 5713 2048 5782 cupidine

481 5784 684 5849 ductus,
709 5786 954 5854 cumjam
983 5801 1074 5854 per
1097 5783 1257 5836 silvas
1291 5781 1565 5852 saltusque
1589 5791 1813 5846 erraret,
1839 5785 2045 5904 conspi-

484 5869 665 5904 ravere
716 5855 915 5904 aliauot
950 5854 1206 5904 militares
1251 5854 1307 5904 in
1340 5854 1452 5904 eius
1493 5869 1692 5904 necem.
1745 5854 1950 5904 auctori
1986 5870 2045 5904 us

484 5869 665 5926 [avere
716 5855 915 5926 aliquot
950 5854 1214 5926 militares
1251 5854 1692 5926 in_ejus_r_tecem,
1719 5854 2045 5926 auctoribus

485 5921 715 5978 Chrestio
742 5934 788 5979 et
805 5921 1138 5989 Marcellino,
1172 5921 1429 5992 simulque
1459 5922 1780 5994 Magnentio.
1823 5922 1915 5977 Ubi
1941 5939 2043 5992 pa—

841 6017 1108 6077 PATBOL.
1149 6015 1264 6075 Gn.
1316 6013 1544 6075 LXVII.

2147 4319 2326 4392 trandi
2355 4321 2545 4392 negotii
2572 4320 2679 4373 dies
2718 4319 2937 4392 placuit,
2978 4320 3320 4376 Marcellinus
3353 4325 3589 4377 natalem
3619 4325 3722 4392 ﬁlii

2144 4389 2424 4473 simulans,
2455 4389 2815 4471 plerosque-ad
2839 4408 3037 4473 egenam
3067 4401 3236 4473 rogat.
3272 4393 3458 4473 Itaque
3488 4396 3540 4446 in
3583 4389 3720 4473 niui:

2148 4468 2260 4511 tam
2305 4469 2510 4533 noctem
2545 4461 2776 4533 convivio
2798 4461 3079 4533 celebrato,
3107 4461 3442 4533 Magnentius
3470 4466 3623 4533 quasi
3653 4464 3723 4517 ad

2146 4529 2341 4602 v_entris
2366 4539 2566 4582 secreta
2593 4530 2854 4602 secedens,
2890 4531 3124 4602 habitum
3159 4529 3510 4585 venerabilem
3555 4535 3717 4602 capit.

2077 4635 2117 4689 D
2146 4597 2228 4651 Ea
2257 4614 2311 4649 re
2339 4602 2567 4689 cognita,
2604 4599 2863 4689 (ionstans
2898 4601 3075 4681 fugere
3110 4610 3374 4689 conatus,“
3390 4604 3533 4684 apud
3562 4597 3719 4657 Hele-

2147 4685 2271 4738 nam
2321 4669 2564 4737 Oppidum
2621 4668 2870 4738 Cyrenato
2916 4668 3232 4738 proximum,
3270 4689 3302 4723 a
3333 4668 3558 4726 Gaisone
3603 4688 3722 4726 cum

2148 4736 2438 4790 lectissimis
2465 4742 2620 4792 misso
2646 4736 2982 4807 interﬁcitur,
3032 4757 3172 4792 anno
3205 4740 3359 4794 tertio
3387 4743 3584 4794 decimo
3607 4744 3722 4795 Au-

2144 4816 2312 4880 gusta:
2339 4807 2712 4880 dominationis
2740 4807 2887 4880 (nam
2917 4807 3103 4880 Ctesarﬁ
3125 4812 3352 4864 triennio
3380 4813 3598 4880 fuerat),
3626 4813 3722 4864 (cvi

2143 4877 2750 4950 septimoyicesimoque.
2779 4879 2961 4950 Victor
2986 4880 3055 4933 de
3077 4877 3404 4944 Caesaribus,
3427 4890 3482 4934 et
3511 4882 3563 4934 in
3589 4881 3720 4950 Epi-

2147 4896 2361 4945 sepumo
2393 4896 2629 4931 vicesimo
2669 4896 2750 4930 ue.
2785 4896 2961 4932 vneror
2986 4896 3055 4933 ue
3077 4896 3404 4944 Cesaribus,
3427 4896 3482 4934 et
3511 4897 3563 4934 In

2147 4953 2332 5020 tome.”
2349 4946 2521 5014 Hujus
2547 4896 2748 5020 uellem
2775 4949 2943 5002 refert
2964 4950 3088 5002 Ant.
3112 4950 3237 5020 Pagi
3260 4965 3405 5005 anno
3455 4951 3576 5004 550.

2214 5015 2241 5053 ἀ
2300 5017 3005 5091 Bstpariwr.”Constantis
3055 5015 3221 5073 morte
3271 5023 3499 5091 cognita,
3538 5021 3722 5074 Vetra-

2147 5087 2253 5160 nio,
2291 5087 2542 5160 magister
2561 5087 2819 5160 militum,
2853 5090 3134 5160 imperium
3169 5091 3223 5142 in
3267 5087 3546 5143 Pannonia
3581 5091 3723 5160 apud

2146 5155 2406 5228 Mursiam
2431 5159 2684 5226 corripuit
2714 5174 2730 5209 :
2757 5174 2908 5226 quem
2931 5155 3271 5212 Constantius
3305 5177 3407 5212 non
3451 5169 3566 5228 post
3588 5155 3725 5212 mul—

2148 5233 2224 5296 tos
2249 5226 2355 5296 dies
2387 5241 2546 5294 regno
2579 5228 2738 5290 exuit,
2779 5231 3074 5296 grandaeva:
3105 5233 3251 5283 astuti
3292 5246 3392 5281 non
3425 5226 3588 5283 vitam
3615 5246 3726 5281 mo-

2147 5295 2232 5357 do,
2265 5295 2354 5346 sed
2397 5297 2556 5349 etiam
2599 5295 2991 5366 voluptuarium
3047 5301 3214 5352 otium
3261 5299 3562 5352 concedens.
3605 5297 3724 5352 Fuit

2149 5374 2326 5438 autem
2369 5366 2626 5438 propepad
2662 5368 3394 5438 stultitiamsimplicissimus.
3432 5369 3642 5438 (Victor
3668 5369 3724 5422 in

2149 5435 2414 5508 Epitome.
2454 5436 2581 5508 Vide
2605 5446 2661 5490 et
2690 5435 3262 5508 Entmplum).'Mense
3297 5435 3487 5492 Martio
3515 5439 3728 5492 levatus

2147 5514 2230 5576 est
2270 5504 2337 5576 ad
2384 5504 2673 5573 imperium
2715 5504 3090 5569 Vetranio,'et
3132 5509 3416 5563 Decembri
3461 5517 3726 5576 sequente

2149 5573 2446 5642 depositus,
2477 5591 2621 5629 anno
2641 5576 2766 5641 550,
2804 5588 2865 5630 ut
2893 5578 3053 5632 docet
3070 5578 3195 5632 Ant.
3232 5578 3357 5649 Pagi
3379 5578 3445 5632 ad
3472 5573 3596 5633 enin
3624 5592 3724 5631 an-

2148 5659 2300 5698 num.

2223 5726 2247 5752 θ
2273 5715 2691 5768 Κωνσταντίου
2714 5715 3094 5784 ἀδελφιδοῦς.
3137 5718 3304 5772 Recte
3338 5716 3597 5772 emendat
3616 5715 3724 5770 Va-

2149 5783 2320 5858 lesius
2341 5785 2750 5858 Κωνσταντίνου
2771 5800 2786 5814 ’
2821 5783 3104 5858 Eutropia]
3117 5789 3283 5851 enim,
3305 5785 3588 5858 Nepotiani
3606 5800 3727 5858 ma-

2151 5862 2256 5926 ter,
2283 5855 2587 5926 Constantii
2621 5855 2738 5926 (ista
2768 5855 3002 5909 vocatur
3021 5855 3411 5913 ab'Athanasio
3438 5859 3496 5912 in
3521 5855 3725 5926 Apolo-

2150 5925 2236 5993 gia
2262 5925 2327 5978 ad
2356 5925 2868 6001 Constantiutn._w.
2902 5927 3120 5983 Lowrn.

3252 6017 3286 6079 9
