4524 6582
761 468 863 534 271

2208 463 2544 521 SOCRATIS

3921 461 4030 520 21!

764 591 1125 654 ducerentur,
1155 587 1334 642 necati
1360 593 1506 642 sunt.
1543 584 1611 639 Et
1640 582 1756 638 haec
1787 579 2010 651 quidem
2034 590 2133 649 per
2163 592 2355 634 omnes
2382 585 2423 640 Α
2453 580 2540 634 το)

2239 594 2355 634 mes
2382 585 2423 640 Α
2453 579 2672 643 τολικὰς
2715 579 2932 644 πόλεις,
2967 577 3262 652 ἐξαιρέτως
3291 572 3352 630 δὲ
3399 575 3460 629 ἐν
3499 578 3567 650 τῇ
3613 577 4025 633 Κωνσταντίνου

765 682 934 737 urbes
981 678 1268 734 orientalis
1310 675 1528 748 imperii
1560 672 1914 745 gerebantur,
1945 668 2179 725 maxime
2213 684 2348 724 vero

763 768 1259 840 Constantinopoli.
1320 767 1473 822 Hanc
1520 763 1836 820 intestinam
1878 761 2346 832 persecutionem,

767 881 895 921 cum
933 863 1169 918 antehac
1214 861 1428 916 modica
1470 865 1640 923 esset,
1671 855 2024 913 Macedonius
2058 854 2348 926 episcopa-

765 965 886 1013 tum
930 955 1162 1024 adeptus
1207 951 1360 1007 auxit
1405 950 1724 1021 plurimum.
1765 947 1985 1004 Achaiae
2019 961 2155 1001 vero
2187 951 2245 1000 et
2276 945 2349 1000 ll-

765 1045 924 1117 }yrici
955 1041 1224 1107 civitates,
1246 1050 1302 1096 et
1329 1041 1553 1110 reliqua:
1580 1039 1936 1096 occiduarum
1972 1037 2212 1109 partium
2241 1036 2348 1092 Ec-

767 1139 970 1202 clesiae,
1003 1136 1310 1208 tranquilla:
1331 1133 1513 1189 adhuc
1539 1140 1696 1188 erant
1731 1141 1788 1188 et
1821 1132 2190 1197 inconcussas;
2231 1138 2350 1185 tum

2455 673 2626 725 πόλει.
2653 671 2852 726 Τοῦτον
2875 671 2977 742 μὲν
3002 669 3096 726 οὖν
3119 672 3212 725 τὸν
3239 667 3504 741 ἐμφύλιον
3531 667 3792 740 διωγμὸν,
3823 667 4028 740 βραχὺν

2453 763 2584 816 ὄντα
2622 763 2910 834 πρότερον,
2942 764 3022 825 είς
3053 762 3152 832 τὴν
3183 759 3488 832 ἐπισκοπὴν
3516 757 3805 832 παρελθὼν
3835 761 4023 814 Μακε-

2454 855 2627 918 δόνιος
2673 853 2930 926 ηὔξησεν.
2964 855 3036 906 Al
3066 853 3124 906 δὲ
3155 851 3284 924 περὶ
3323 852 3422 922 τὴν
3460 851 3685 906 Ἑλλάδα
3717 851 3903 916 πόλεις
3932 852 4030 905 καὶ

2468 945 2760 1016 Ἰλλυριοὺς
2791 945 2886 998 καὶ
2912 945 2982 997 τὰ
3027 942 3258 1014 ἑσπέρια
3305 943 3470 1014 μέρη,
3507 940 3745 1014 ἐμμενον
3776 941 3856 995 ἔτι
3889 943 4028 997 acs-

2455 1035 2654 1102 λευτοι,
2686 1036 2764 1108 τῷ
2796 1038 3107 1107 συμφωνεῖν
3133 1051 3192 1088 τε
3224 1032 3499 1104 ἀλλήλοις,
3533 1033 3630 1087 καὶ
3659 1032 3753 1086 τὸν
3788 1032 4030 1103 παραδο-

2456 1128 2616 1182 θέντα
2649 1129 2713 1181 ἐκ
2741 1127 2839 1198 τῆς
2865 1132 2922 1180 ἐν
2953 1124 3162 1198 Νικαίᾳ
3200 1125 3419 1178 συνόδου
3447 1123 3648 1177 κανόνα
3671 1125 3916 1196 κρατεῖν.

767 1232 914 1303 quod
941 1233 1084 1286 inter
1111 1246 1168 1284 se
1200 1227 1612 1293 consentirent,
1673 1235 1788 1282 tum
1813 1227 1960 1298 quod
2011 1225 2138 1281 fidei
2181 1225 2425 1296 regulam
2462 1239 2492 1278 ι
2521 1225 2741 1280 Nicaeno
2779 1222 3016 1278 concilio
3054 1220 3306 1276 traditam
3345 1219 3782 1275 constantissime
3822 1219 4028 1274 retine-

769 1332 910 1379 rent.

1342 1427 1491 1484 CAP.
1531 1426 1766 1483 XXVIII.

3003 1423 3255 1477 KEOAA.
3291 1423 3426 1476 κη’.

772 1519 849 1576 De
879 1519 1036 1574 malis
1062 1519 1404 1602 Alexandria:
1453 1520 1844 1602 perpetratis}
1889 1519 2110 1602 Georgio
2157 1518 2360 1574 Ariano
2456 1520 2558 1602 Πεέ

2242 1521 2360 1573 iano
2456 1515 2597 1602 Περὶ
2645 1512 2766 1602 τῶς·
2809 1515 3140 1602 rewardng
3191 1514 3261 1568 ἐν
3311 1511 3387 1592 τῇ
3416 1513 3852 1602 ²Ἀλεξανςιξσιξὶειιμ
3909 1515 4028 1602 ι’ζπο

1101 1606 1164 1643 ex
1195 1583 1505 1644 narratione
1534 1583 1696 1660 ipsius
1723 1583 2049 1644 Athanasii:
2529 1583 2827 1660 Γεωργίού
2879 1603 2887 1636 1

2529 1583 2827 1660 Γεωργίου
2879 1583 2985 1638 τοῦ
3033 1583 3343 1652 Ἀρειανοῦ
3364 1619 3380 1648 ,
3405 1583 3476 1637 ἐκ
3506 1583 3618 1652 τῆς
3665 1585 4028 1639 Ἀθανασίου

2527 1653 2883 1725 διηγήσεως.

833 1765 964 1830 Quae
985 1778 1115 1818 vero
1134 1762 1399 1834 Georgius
1413 1763 1604 1817 eodem
1623 1771 1868 1834 tempore
1881 1765 2223 1820 Alexandriae
2241 1781 2366 1836 per.
2530 1762 2619 1819 Οἷα

2245 1781 2366 1836 ρετ,
2530 1762 2632 1819 Οἷα
2662 1765 2720 1818 δὲ
2752 1765 2818 1836 τῇ
2866 1762 3246 1834 Ἀλεξανδρείᾳ
3280 1762 3550 1835 Γεώργιος
3583 1762 3691 1817 ὑπὸ
3729 1763 3822 1817 τὸν
3867 1765 4031 1819 αὐτὸν

775 1857 1024 1927 petrarit,
1051 1855 1229 1924 ipsum
1257 1853 1639 1920 Athanasium,
1664 1854 1759 1924 qui
1781 1869 1846 1910 ea
1890 1855 2119 1924 pertulit
2165 1865 2222 1909 et
2269 1855 2365 1925 qui
2458 1861 2560 1931 χρό

2269 1855 2365 1925 qui
2458 1861 2650 1931 χρόνον
2684 1856 2988 1928 εἰργάζετο,
3014 1857 3113 1927 τῆς
3142 1856 3320 1928 φωνῆς
3364 1856 3680 1912 ’Δθανασίου
3707 1856 3803 1911 τοῦ
3832 1874 4034 1911 πέπονά

776 1948 990 2003 cunctis
1050 1945 1318 2009 interfuit,
1346 1953 1662 1999 narrantem
1709 1944 2016 1999 audiamus.
2056 1945 2158 2001 Hic
2192 1945 2360 2016 igitur
2389 1987 2432 2042 Β
2461 1950 2562 2004 θότ‹

2249 1945 2360 2042 itur
2389 1987 2432 2042 Β
2461 1950 2612 2012 θότος
2629 1950 2736 2042 *καὶ
2763 1947 3027 2042 παρόντος
3048 1949 3171 2042 τοῖς
3199 1948 3531 2042 γινομένοιςῖ
3557 1947 3882 2042 ἐπάκουσον.
3911 2037 3923 2042 μ
3941 1947 4031 2000 Ἐν

778 2041 833 2094 in
874 2037 1225 2109 Apologetico
1249 2051 1414 2106 quem
1439 2035 1507 2090 de
1533 2036 1657 2107 fuga
1683 2052 1781 2091 sua
1812 2035 2159 2105 conscripsit,
2178 2035 2247 2091 de
2268 2036 2356 2092 his

775 2146 897 2200 quae
951 2137 1080 2182 tunc
1121 2133 1274 2197 gesta
1322 2132 1452 2180 sunt
1497 2125 1747 2196 loquens,
1798 2126 1886 2200 his
1923 2125 2100 2180 utitur
2141 2126 2350 2181 verbis:

781 2221 935 2291 131
963 2219 1094 2274 Inde
1117 2217 1262 2272 enim
1285 2224 1555 2272 venerunt
1585 2216 1992 2282 Alexandriam,
2020 2217 2220 2272 iterum
2267 2233 2354 2273 me

777 2321 1087 2383 quaerentes
1113 2310 1179 2365 ad
1210 2324 1420 2364 necem.
1445 2309 1514 2364 Et
1537 2325 1660 2379 qua:
1687 2319 1802 2364 tum
1835 2319 1985 2380 gesta
2015 2320 2164 2374 sunt,
2196 2310 2356 2382 longe

779 2407 966 2476 pejora
995 2403 1148 2457 fuere
1172 2399 1471 2471 prioribus.
1513 2400 1714 2455 Milites
1742 2401 1888 2455 enim
1925 2411 2151 2470 repente
2175 2401 2354 2456 cccle-

780 2500 917 2553 siam
958 2493 1462 2556 circumdederunt,
1494 2502 1552 2548 et
1597 2493 1653 2546 in
1701 2492 1969 2548 orationis
2017 2493 2197 2546 locum
2233 2507 2357 2548 suc-

779 2590 945 2645 cessit
966 2587 1232 2659 praelium.
1262 2585 1392 2640 Post
1418 2585 1535 2640 haec
1557 2584 1842 2656 Georgius,
1861 2585 1967 2654 qui-
1982 2600 2048 2639 ex
2069 2583 2354 2654 Cappado-

781 2682 866 2736 cia
896 2681 964 2734 ab
997 2679 1131 2750 ipsis
1161 2678 1363 2732 missus
1391 2677 1590 2741 fuerat,
1627 2674 2068 2746 Quadragesimae
2113 2684 2356 2743 tempore

785 2769 1211 2842 superveniens,
1265 2769 1474 2823 scelera
1543 2782 1666 2836 qua:
1725 2766 1796 2820 ab
1863 2765 1998 2836 ipsis
2065 2764 2353 2829 didicerat,

783 2863 1023 2919 adauxit.
1051 2861 1185 2917 Nam
1207 2868 1330 2930 post
1361 2869 1582 2914 octavas
1607 2857 1846 2920 Paschae,
1873 2855 2113 2926 virgines
2142 2856 2198 2909 in
2227 2870 2352 2908 car-

781 2955 964 3009 cereni
996 2951 1394 3015 tradebantur;
1429 2949 1672 3020 episcopi
1706 2963 1737 3002 a
1770 2947 2040 3001 militibus
2076 2946 2354 3002 duceban-

784 3056 872 3101 tur
922 3045 1158 3100 vinculis
1214 3041 1533 3106 constricti;
1573 3040 1910 3111 pupillorum
1957 3038 2356 3108 viduarumque

782 3138 927 3192 aedes
961 3146 1017 3190 ct
1046 3150 1276 3190 annonae
1315 3132 1754 3202 diripiebantur:
1793 3128 2130 3200 irruptiones
2161 3129 2218 3184 in
2254 3129 2356 3184 do-

782 3245 903 3285 mos
958 3229 1151 3282 factae:
1199 3224 1499 3282 Christiani
1539 3233 1704 3278 noctu
1744 3221 1811 3276 ad
1852 3221 2122 3276 tumulum
2155 3219 2356 3291 depor-

2456 2039 2566 2110 γάρ
2586 2037 2664 2109 τῷ
2681 2036 3085 2109 Ἀπολογητικῷ
3109 2037 3238 2109 περὶ
3265 2038 3364 2107 τῆς
3390 2037 3568 2108 φυγῆς
3593 2039 3618 2078 ι
3647 2037 3839 2091 ἑαυτοῦ
3865 2037 4029 2108 λόγῳ,

2455 2132 2598 2186 κατὰ
2626 2128 2784 2196 λέξιν,
2818 2130 2947 2201 περὶ
2991 2128 3100 2183 τῶν
3153 2131 3270 2183 ἐκεῖ
3297 2129 3683 2201 γεγενημένων
3721 2129 3881 2201 φησί’
3921 2130 4033 2182 Kal

2456 2221 2566 2293 γὰρ
2599 2223 2680 2286 είς
2701 2222 2801 2292 τὴν
2844 2220 3249 2293 Ἀλεξάνδρειαν
3273 2221 3588 2291 ἐπεφύησαν
3607 2220 3896 2292 ζητοῦντες
3923 2222 4033 2276 1rd-

2455 2311 2542 2364 λιν
2566 2313 2714 2383 ἡμᾶς
2745 2312 3082 2365 ἀποκτείναι.
3121 2312 3230 2364 Kal
3257 2312 3447 2380 γέγονε
3469 2310 3538 2364 τὰ
3563 2310 3787 2382 ὕστερα,
3814 2312 4034 2383 χείρονα

2454 2402 2564 2455 τῶν
2596 2401 2849 2474 πρώτων.
2883 2400 3223 2472 Στρατιῶται
3252 2402 3362 2474 γὰρ
3402 2401 3664 2475 ἐξαίφνης
3692 2404 3796 2474 τὴν
3831 2404 4032 2474 ἐκκλη-

2457 2494 2580 2548 σίαν
2609 2493 2926 2547 ἐκύκλωσαν
2952 2533 2966 2556 ,
3001 2493 3096 2548 καὶ
3141 2494 3208 2547 τὰ
3251 2493 3507 2565 πολέμων
3546 2495 3668 2549 ἀντὶ
3711 2494 3821 2550 τῶν
3858 2495 4035 2565 εὐχῶν

2455 2585 2682 2654 ἐγίνετο.
2705 2579 2837 2638 Εἶτα
2857 2585 3114 2638 εἰσελθὼν
3137 2587 3204 2656 τῇ
3242 2585 3696 2658 Τεσσαρακοστῇ,
3732 2587 3764 2639 ὁ
3785 2585 3918 2656 παρ’
3942 2586 4036 2640 αὐ-

2455 2678 2564 2731 τῶν
2598 2678 2922 2742 ἀποσταλεὶς
2953 2679 3018 2731 ἐκ
3049 2677 3444 2742 Καππαδοκίας
3475 2677 3767 2750 Γεώργιος,
3796 2677 4036 2750 ηὔξησεν

2455 2771 2492 2823 ἃ
2522 2773 2653 2842 παρ’
2681 2770 2860 2825 αὐτῶν
2897 2770 3186 2842 μεμάθηκε
3213 2770 3380 2824 κακά.
3410 2769 3568 2825 Μετὰ
3600 2769 3710 2842 γὰρ
3733 2769 3804 2824 τὰ
3829 2769 4038 2840 ἐϐδομα

2455 2860 2549 2913 τοῦ
2598 2859 2825 2930 Πάσχα,
2855 2860 3115 2929 παρθένοι
3153 2862 3234 2922 είς
3277 2859 3654 2932 δεσμωτήριον
3699 2859 3988 2914 ἐϐάλλοντο
4017 2877 4031 2892 ’

2457 2953 2744 3006 ἐπίσκοποι
2769 2953 2964 3022 ήγοντο
2994 2953 3100 3007 ὑπὸ
3133 2951 3481 3024 στρατιωτῶν
3507 2951 3782 3022 δεδεμένοι
3805 2969 3819 2982 ·
3859 2953 4032 3024 ὀρφα-

2457 3045 2564 3100 νῶν
2595 3046 2689 3100 καὶ
2720 3045 2904 3117 χηρῶν
2933 3044 3243 3116 ἡρπάζοντο
3285 3047 3456 3099 οἰκίαι
3490 3062 3552 3099 τε
3590 3044 3686 3100 καὶ
3714 3045 3902 3116 ἄρτοιο
3936 3044 4033 3113 εφδ

2457 3136 2566 3190 οδοι
2592 3135 2735 3189 κατὰ
2759 3135 2869 3188 τῶν
2888 3136 3073 3189 οἰκιῶν
3089 3136 3326 3200 ἐγίνοντο
3341 3151 3357 3168 ο
3386 3136 3483 3188 καὶ
3499 3135 3692 3198 νυκτὸς
3705 3137 3755 3188 οἱ
3778 3136 4035 3206 Χριστια-

2459 3228 2540 3283 νοὶ
2602 3227 2986 3299 κατεφέροντο.
3064 3227 3616 3300 Ἐπεσφραγίσθησαν
3665 3227 3838 3281 οἰκίαι
3864 3241 3880 3256 ·
3939 3227 4036 3282 καὶ

782 3321 902 3376 tati.
947 3317 1387 3388 Obsignabantur
1428 3315 1644 3377 domus,
1691 3319 1750 3367 et
1782 3312 2110 3367 clericorum
2158 3310 2358 3364 fratres
2382 3333 2425 3391 ο
2457 3320 2568 3375 ἀδε)

2246 3318 2358 3364 "es
2382 3333 2425 3391 ο
2457 3320 2674 3389 ἀδελφοὶ
2726 3319 3004 3392 κληρικῶν
3033 3320 3174 3391 ὑπὲρ
3222 3320 3332 3373 τῶν
3377 3318 3623 3388 ἀδελφῶν
3673 3318 4031 3373 ἐκινδύνευον.

781 3427 882 3482 pro
921 3410 1185 3465 fratribus
1223 3407 1339 3462 suis
1366 3405 1838 3476 periclitabantur.
1886 3401 2085 3458 Gravia
2128 3400 2352 3472 quidem

785 3505 888 3558 ista
915 3520 928 3556 :
958 3501 1052 3556 sed
1078 3500 1248 3554 multo
1276 3497 1526 3569 graviora
1562 3496 1715 3550 fuere
1741 3511 1863 3564 quae
1888 3502 2078 3564 postea
2099 3493 2354 3549 commiso

784 3611 842 3649 sa
882 3601 1028 3648 sunt.
1063 3589 1412 3645 llebdomade
1442 3588 1589 3643 enim
1643 3602 1765 3656 quae
1805 3593 1891 3640 est
1939 3594 2064 3656 post
2109 3592 2351 3639 sanctam

783 3685 1166 3744 Pentecosten,
1240 3681 1472 3751 populus
1525 3694 1649 3733 cum
1707 3677 2039 3748 jejunasset,
2090 3675 2356 3730 orationis

785 3793 948 3832 causa
973 3790 1225 3847 egressus
1253 3782 1337 3828 est
1359 3773 1425 3826 ad
1466 3768 1866 3832 cmmcterium,
1893 3783 1959 3822 eo
1991 3767 2138 3836 quod
2165 3781 2356 3820 omnes

785 3868 1226 3925 communionem
1286 3880 1409 3919 cum
1445 3863 1678 3933 Georgio
1739 3866 2144 3915 aversarentur.
2199 3857 2354 3924 Quod

786 3962 880 4016 ubi
913 3959 1106 4015 didicit
1134 3955 1502 4027 nequissimus
1532 3953 1816 4023 Georgius,
1841 3950 2220 4006 Sebastianum
2249 3949 2354 4004 du-

786 4048 926 4116 cein,
959 4057 1105 4106 secta
1138 4047 1518 4109 Manicheum,
1564 4043 1827 4100 adversus
1861 4058 1956 4097 eos
1992 4041 2229 4111 instigat.
2260 4039 2355 4094 Ille

786 4160 911 4199 cum
967 4139 1316 4196 multitudine
1352 4137 1585 4192 militum
1628 4144 1984 4195 armatorum,
2029 4132 2237 4203 gladios
2273 4131 2355 4185 di-

787 4240 1010 4295 strictos
1038 4250 1306 4304 arcusque
1328 4241 1384 4288 et
1407 4231 1510 4286 tela
1537 4230 1883 4301 gestantinm,
1910 4227 2111 4298 impetu
2139 4225 2281 4280 facto
2299 4225 2352 4279 in

786 4330 1047 4401 populum
1097 4325 1260 4381 irruit
1297 4323 1388 4378 dic
1428 4321 1732 4376 Dominico.
1781 4318 2082 4387 Paucisque
2124 4317 2359 4371 inventis

786 4423 881 4494 cui
921 4419 1156 4477 orationi
1191 4416 1460 4472 vacabant
1492 4431 1505 4467 :
1546 4411 1797 4481 plerique
1835 4410 1984 4465 enim
2026 4409 2098 4463 ob
2141 4416 2359 4478 tempus

786 4513 894 4567 diei
921 4513 1029 4583 jam
1057 4509 1454 4564 discesserant:
1476 4503 1598 4558 talia
1616 4499 1800 4572 gessit,
1825 4500 2005 4571 qualia
2023 4499 2207 4554 decuit
2230 4513 2356 4553 cum

786 4620 946 4676 agere
976 4601 1070 4672 qui
1099 4597 1318 4654 Arianis
1343 4595 1590 4666 parebat.
1621 4593 1849 4647 Incenso
1870 4591 2016 4646 enim
2055 4605 2208 4660 rogo,
2241 4591 2354 4644 vir-

2451 3411 2563 3464 Kal
2587 3411 2737 3465 δεινὰ
2781 3411 2878 3481 μὲν
2915 3409 3119 3464 ταῦτα’
3165 3410 3443 3482 δεινότερα
3481 3396 3562 3472 δέ,
3589 3409 3662 3464 τὰ
3705 3410 3845 3481 μετὰ
3864 3409 4035 3464 ταῦτα

2451 3501 2852 3572 τετολμημένα.
2877 3501 2956 3572 Τῇ
2987 3500 3095 3571 γὰρ
3129 3501 3386 3571 ἐϐδομάδι
3417 3500 3559 3572 μετὰ
3583 3501 3684 3572 τὴν
3711 3501 3874 3572 ἁγίαν
3899 3502 4037 3556 IIch

2451 3591 2743 3664 τηκοστὴν,
2765 3593 2793 3644 ὁ
2822 3590 2951 3655 λαὸς
2983 3591 3284 3662 νηστεύσας
3316 3590 3505 3661 ἐξῆλθε
3530 3590 3658 3662 περὶ
3684 3591 3747 3644 τὸ
3771 3595 4037 3663 κοιμητή-

2456 3700 2572 3752 ριον
2615 3681 2876 3749 εὔξασθαι
2903 3722 2918 3747 ,
2967 3681 3057 3735 διὰ
3103 3681 3164 3734 τὸ
3203 3683 3415 3745 πάντας
3459 3682 3900 3754 ἀποστρέφεσθαι
3935 3684 4037 3754 τὴν

2455 3775 2590 3846 πρὸς
2609 3774 2878 3846 Γεώργιον
2898 3777 3204 3829 κοινωνίαν.
3248 3775 3408 3828 Ἀλλὰ
3432 3775 3590 3828 τοῦτο
3616 3773 3804 3845 μαθὼν
3833 3777 3861 3829 ὁ
3885 3792 3961 3829 πα
3969 3794 4036 3846 μ-

2457 3867 2691 3939 πόνηρος
2720 3867 2918 3933 αὐτὸς,
2954 3867 3248 3936 παροξύνει
3299 3867 3390 3920 τὸν
3436 3867 3816 3940 στρατηλάτην
3862 3868 4036 3923 Σεϐα-

2456 3959 2670 4012 στιανὸν
2703 3961 3001 4029 Μανιχαϊον
3023 3959 3172 4012 ὄντα.
3203 3959 3309 4012 Kal
3337 3959 3524 4013 λοιπὸν
3545 3959 3706 4023 αὐτὸς
3727 3961 3864 4031 μετὰ
3895 3961 4036 4032 πλήο

2457 4049 2582 4113 θους
2613 4049 2982 4121 στρατιωτῶν,
3013 4049 3154 4104 ὅπλα
3181 4050 3273 4104 καὶ
3302 4049 3432 4120 ξίφη
3460 4050 3644 4122 γυμνά
3671 4052 3764 4104 καὶ
3792 4052 3922 4116 τόξα
3943 4055 4038 4108 καὶ

2458 4140 2590 4211 βέλη
2619 4141 2916 4210 φερόντων,
2952 4140 3212 4212 ὥρμησεν
3250 4145 3308 4195 ἐν
3346 4142 3484 4213 αὐτῇ
3512 4145 3578 4213 τῇ
3607 4140 3858 4214 κυριακῇ
3893 4144 4035 4198 κατὰ

2455 4231 2562 4286 τῶν
2609 4232 2774 4284 λαῶν.
2825 4233 2936 4286 Kal
2969 4232 3184 4301 ὀλίγους
3215 4232 3392 4305 εὑρὼν
3422 4234 3750 4304 εὐχομένους
3779 4273 3796 4301 ,
3828 4235 3878 4287 οἱ
3925 4235 4036 4306 γὰρ

2457 4324 2698 4377 πλεῖστοι
2721 4324 2907 4377 λοιπὸν
2937 4323 3026 4376 διὰ
3045 4323 3146 4394 τὴν
3173 4323 3322 4396 ὤραν
3347 4325 3806 4396 ἀναχωρήσαντες
3820 4323 4030 4396 ἔτυχον,

2456 4414 2680 4468 τοιαῦτα
2713 4415 3058 4484 εἰργάσαντο,
3094 4409 3182 4467 οἷα
3225 4413 3356 4484 παρ’
3411 4413 3592 4468 αὐτῶν
3630 4413 3838 4486 ἔπρεπε
3889 4433 4034 4487 πρα-

2461 4507 2675 4578 χθῆναι.
2708 4510 2994 4580 Πυρκαῖάν
3025 4509 3134 4578 γὰρ
3163 4506 3327 4576 ἅψας,
3354 4507 3448 4560 καὶ
3491 4508 3694 4577 στήσας
3733 4508 4034 4579 παρθένους

2459 4600 2609 4672 παρὰ
2653 4600 2714 4654 τὸ
2754 4600 2885 4669 πῦρ,
2922 4599 3199 4668 ἠνάγκαζε
3241 4599 3418 4668 λέγειν
3461 4600 3629 4663 αὐτὰς
3664 4602 3764 4671 τῆς
3823 4601 4032 4671 Ἀρείου

786 4672 942 4765 gines
972 4691 1081 4763 igni
1115 4689 1361 4745 admotas
1382 4684 1628 4756 proﬁteri
1648 4683 1825 4754 coegit
1875 4698 1934 4738 se
1958 4681 2189 4737 Arianas
2211 4697 2352 4736 esse.
2386 4672 2434 4729 D
2459 4692 2572 4744 πίση

2247 4697 2352 4736 556-
2386 4672 2434 4729 D
2459 4692 2694 4754 πίστεως
2719 4687 2878 4744 εἶναι.
2920 4692 3009 4754 Ὡς
3032 4691 3088 4744 δὲ
3117 4689 3354 4752 νικώσας
3387 4689 3557 4754 αὑτὰς
3587 4690 3802 4754 ἑὸλεπε,
3839 4693 3934 4744 καὶ
3958 4693 4032 4764 μὴ

787 4787 1008 4841 Etcum
1053 4782 1173 4836 illas
1214 4779 1417 4834 invicto
1457 4777 1641 4831 animo
1678 4789 1798 4829 esse
1835 4773 2188 4843 flammasque
2222 4789 2356 4828 con-

789 4887 1030 4931 temnere
1068 4872 1302 4933 videret,
1324 4868 1588 4924 detractis
1621 4866 1824 4936 quibus
1852 4865 2178 4935 tegebantur
2200 4863 2357 4930 velis,

787 4968 861 5022 ita
896 4965 1088 5020 faciem
1119 4963 1334 5016 illarum
1366 4957 1588 5021 cecidit,
1617 4965 1678 5011 ut
1709 4966 1833 5026 post
1857 4956 2058 5010 multos
2078 4955 2200 5011 dies
2217 4972 2359 5026 aegre

2459 4777 2849 4847 φροντιζούσας
2874 4776 2966 4830 τοῦ
2995 4777 3186 4848 πυρὸς,
3215 4775 3510 4848 γυμνώσας
3536 4777 3742 4844 λοιπὸν,
3762 4777 3906 4834 οὕτω
3931 4799 4034 4835 κα-

2459 4867 2687 4937 τέκοψεν
2717 4868 2888 4932 αὑτὰς
2917 4871 2998 4932 εἰς
3029 4870 3099 4924 τὰ
3125 4868 3414 4940 πρόσωπα,
3449 4869 3525 4932 ὡς
3555 4870 3695 4937 μετὰ
3710 4872 3900 4943 χρόνον
3934 4877 4032 4944 μό-

2461 4975 2548 5028 γις
2617 4961 3022 5030 ἐπιγνωσθῆναι
3045 4977 3062 4992 ο
3101 4961 3302 5032 ἄνδρας
3339 4979 3398 5014 τε
3439 4965 3722 5035 κρατήσας
3762 4969 4033 5039 τεσσαρά-

1943 5131 2300 5188 VARIORUM
2341 5133 2665 5190 ΑΝΝΟΤΑΤ
2673 5135 2780 5190 1οΝ
2790 5137 2890 5192 ES.

856 5258 884 5298 ι
929 5263 1014 5312 ἦν
1051 5257 1130 5322 τῷ
1171 5255 1612 5325 Ἀπολογητικῷ
1639 5251 1921 5325 περί-τῆς
1955 5251 2171 5325 φυγῆς.
2211 5252 2349 5308 Cum

785 5331 992 5386 inimici
1038 5327 1320 5383 Athanasii
1354 5323 1518 5396 paulo
1540 5332 1666 5378 ante
1697 5324 1752 5377 in
1776 5323 1882 5376 fine
1910 5339 2029 5396 cap.
2055 5324 2124 5396 2t)
2146 5339 2350 5379 memo-

784 5402 911 5464 rati,
951 5416 1092 5470 aagre
1124 5399 1332 5470 ferrent
1355 5393 1490 5470 eum
1529 5396 1656 5470 fuga
1697 5408 1818 5447 sese
1867 5393 2226 5470 proripuisse,
2268 5410 2351 5470 ‘ac

783 5463 1274 5540 cruentaVsSyriani
1300 5467 1456 5540 ducis
1475 5463 1961 5540 _evasi_sse__manus
1981 5504 1994 5526 ,
2029 5463 2209 5540 fugam
2234 5466 2353 5540 ejus

783 5539 1062 5596 criminari
1089 5533 1348 5608 aggressi,
1373 5535 1683 5591 timiditatis
1709 5533 1861 5608 illum
1886 5535 2208 5608 arguebant,
2234 5533 2354 5608 ani-

782 5625 1045 5679 mumque
1096 5605 1454 5679 in'periculis
1499 5621 1600 5679 pr_o
1645 5605 1849 5674 populo
1911 5605 2356 5679 suo_subeundis

783 5675 1040 5749 ignavum
1087 5675 1510 5749 exprobrabant.
1543 5675 1716 5749 Quam
1758 5682 1818 5749 ut
1845 5675 2189 5749 propulsaret
2218 5690 2352 5749 con-

783 5743 1064 5804 tumeliam
1099 5743 1445 5810 Athanasius,
1492 5743 1710 5814 scripsit
1754 5743 2068 5814 Apologiam
2114 5745 2181 5799 dc
2229 5745 2353 5814 fuga

782 5835 921 5884 sua;
965 5820 1021 5874 in
1079 5834 1186 5888 qua
1235 5817 1543 5886 exemplum
1592 5814 1754 5888 affert
1799 5823 2046 5888 veterum
2097 5817 2351 5888 Patrum,

785 5884 1206 5956 prophetarum,
1268 5884 1482 5943 necnon
1541 5884 1964 5956 apostolorum;
2024 5885 2133 5941 imo
2182 5885 2356 5954 ipsius

2456 5255 2683 5333 Christi.
2706 5258 2809 5333 qui
2823 5274 2932 5333 non
2971 5260 3149 5333 solum
3185 5259 3569 5333 verbodocuit
3600 5277 3722 5317 esse
3759 5261 3816 5316 in
3843 5278 4034 5333 persc-

2459 5327 2680 5406 cutione
2701 5327 3017 5398 fugiendum
3044 5331 3113 5406 ab
3145 5347 3250 5406 una
3273 5330 3494 5406 civitate
3519 5333 3576 5386 in
3606 5333 3804 5406 aliam;
3841 5327 3958 5406 sed;
3978 5343 4036 5390 et

2460 5397 2574 5477 ipse
2603 5397 2671 5477 ad
2695 5397 2886 5453 necem
2917 5401 3278 5469 conquisitus,
3313 5401 3460 5454 haud
3493 5403 3660 5477 semel
3683 5397 4034 5477 sese_subdu-

2462 5467 2560 5545 x_it.
2603 5467 2836 5545 Domum
2861 5467 3084 5545 enarrat
3124 5486 3235 5545 quo
3273 5481 3434 5540 pacto
3473 5471 3698 5545 obsessa
3737 5487 3788 5545 a_
3804 5473 4036 5545 Syriano

2462 5486 2560 5520 χιι.
2603 5486 2836 5522 uemum
2861 5486 3084 5525 enarrat
3124 5486 3235 5593 quo
3273 5486 3434 5540 pacro
3473 5486 3698 5527 onsessa
3737 5487 3769 5526 a
3804 5486 4034 5545 synano

2462 5536 2602 5614 duce
2638 5538 2870 5594 ecclesia
2913 5539 2967 5593 in
2991 5556 3098 5614 qua
3125 5541 3141 5594 i
3167 5541 3216 5595 le
3241 5551 3360 5614 tum‘
3391 5542 3734 5614 versabatur,
3762 5543 3874 5598 Deo
3911 5547 4034 5614 opi-

2458 5608 2693 5683 tulante,
2719 5618 2931 5683 tantum
2954 5610 3483 5683 evasjtgpericulum.
3505 5611 3720 5683 Scripta
3743 5623 3828 5683 est
3849 5608 4034 5670 autem

2460 5627 2693 5672 lumine,
2719 5627 2931 5664 tantum
2954 5627 3129 5664 evasu
3191 5627 3483 5666 erieulum.
3505 5627 3720 5683 scripta
3743 5627 3828 5668 esr
3849 5627 4032 5670 autem

2460 5677 2576 5758 haec
2602 5679 3040 5758 Apologia_anno
3070 5627 3285 5758 55;)vel
3334 5681 3458 5746 558,
3499 5698 3645 5758 anno
3685 5682 3918 5748 scilicet,
3947 5686 4032 5758 vel

2459 5748 2682 5819 biennio
2711 5748 2834 5818 poSt
2872 5749 3072 5819 fugam,
3100 5760 3162 5805 ut
3205 5751 3408 5806 docent
3443 5752 3728 5808 eruditiss.
3779 5754 4033 5810 monachi

2459 5817 2801 5874 Benedictini
2832 5817 3018 5875 sua—in
3049 5836 3170 5876 eam
3199 5820 3606 5877 Admonitione.
