4524 6582
443 458 546 512 277

1461 458 1784 516 HISTORIA
1819 458 2372 514 ECCIESIASTICA.
2410 489 2477 498 —
2513 457 2640 513 LIB.
2680 458 2743 515 ll.
2776 520 2777 523 η

3587 455 3691 508 ἓῖξζ

460 573 681 627 σύνοδον
710 570 1024 624 ἐπισκόπων
1048 572 1104 622 ἐν
1128 567 1201 639 τῷ
1226 570 1433 640 Σιρμίῳ
1456 570 1565 639 (88)
1602 570 1854 639 γενέσθαι
1888 570 2011 621 ἐκέ·
2041 578 2083 633 Λ
2116 571 2246 624 01:0!

1908 570 2011 621 ;κέ-
2041 578 2083 633 Λ
2116 571 2368 634 obortus,
2412 572 2708 639 imperator
2746 567 3009 639 synodum
3061 568 3440 635 episc0porutu
3475 566 3529 621 in
3559 573 3694 623 urbe

448 662 897 730 λευσε.Συνῆλθον
913 660 1005 716 οὖν
1030 664 1162 723 ἐκεῖ,
1186 663 1291 716 τῶν
1312 665 1408 733 μέν
1431 664 1763 717 ἀνατολικῶν
1786 664 2012 733 Μάρκος

449 760 479 811 ὁ
509 755 847 826 Ἀρεθούσιος
869 754 1004 827 (89),
1030 754 1297 826 Γεώργιὸς
1313 758 1411 810 τεό
1445 756 1851 827 Ἀλεξανδρείας
1877 755 2011 827 (90),

450 848 511 900 ὃν
538 848 587 900 οἱ
615 846 1015 917 ἀρειανίζοντες
1045 846 1315 917 ἔπεμψαν,
1349 850 1778 920 ἀποκινήσαντες
1808 848 2016 919 Γρηγό-

457 956 589 1009 ριον,
614 938 688 1002 ὥς
713 956 802 1009 μοι
829 940 1094 1011 πρότερον
1123 938 1359 1011 εἴρηται,
1383 938 1661 1003 Βασίλειός
1686 958 1745 992 τε
1775 943 1802 993 ὁ
1829 940 2021 1011 ἐκϐλη-

455 1032 638 1094 θέντος
657 1031 977 1099 Μαρκέλλου
1002 1031 1099 1101 τῆς
1123 1033 1180 1084 ἐν
1218 1031 1463 1105 Ἀγκύρᾳ
1483 1031 1764 1102 προεστὼς
1802 1032 2021 1101 Ἐκκλη-

458 1123 577 1186 σίας
603 1162 617 1185 ,
654 1122 998 1193 Παγκράτιος
1054 1122 1355 1193 Πηλουσίου
1388 1163 1402 1185 ,
1470 1122 1795 1187 ’Υπατιανὸς
1860 1123 2024 1195 Ἥρα-

458 1214 645 1276 κλείας
673 1212 806 1283 (91).
840 1214 961 1267 Τῶν
992 1214 1048 1267 δὲ
1080 1214 1331 1276 δυτικῶν,
1366 1213 1578 1285 Οὐάλης
1608 1214 1896 1285 Μουρσῶν,
1930 1215 2025 1266 καὶ

456 1302 487 1354 ὁ
517 1300 840 1371 περιϐόητος
877 1304 993 1364 τοίς
1038 1301 1158 1354 τότε
1202 1300 1509 1363 ἀνθρώποις
1543 1300 1725 1362 ὐσιος
1751 1302 1779 1352 ὁ
1821 1300 1920 1369 τῆς
1968 1299 2025 1351 ἐν

473 1392 720 1463 Ίσπανίᾳ
751 1392 1097 1464 Κουδρούὸης
1122 1392 1419 1455 ἐπίσκοπος
1454 1391 1602 1445 ἄκων
1631 1391 1833 1461 παρῆν.
1865 1383 2024 1443 Οὗτοι

465 1481 601 1551 μετὰ
625 1482 725 1553 τὴν
752 1481 1015 1535 ὑπατείαν
1048 1482 1274 1554 Σεργίου
1325 1483 1419 1536 καὶ
1452 1480 1745 1552 Νιγριανοῦ
1767 1524 1779 1546 ,
1806 1480 1928 1534 καθ’
1967 1480 2025 1532 ὃν

463 1572 707 1627 ἐνιαυτὸν
739 1572 826 1625 διὰ
854 1573 981 1636 τοὺς
1006 1574 1071 1625 ἐκ
1097 1571 1204 1626 τῶν
1244 1560 1490 1643 πολέμων
1527 1571 1812 1643 θορύϐους,
1850 1571 2027 1633 οὐδεὶς

465 1664 671 1728 ὕπατος
698 1664 797 1728 τὰς
826 1663 1079 1735 συνήθεις
1108 1664 1370 1727 ὑπατείας
1404 1663 1687 1716 ἐπετέλεσε
1722 1663 1832 1732 (9‘2)
1855 1679 1868 1692 ·
1908 1679 2032 1715 συν-

466 1759 709 1821 ελθόντες
739 1758 795 1812 δέ
833 1758 890 1811 ἐν
932 1756 1164 1828 Σιρμίῳ,
1200 1757 1294 1810 καὶ
1325 1756 1416 1809 τὸν
1454 1755 1715 1809 Φωτεινδν
1755 1756 1813 1808 τὸ
1850 1756 2026 1825 δόγμα

468 1847 757 1901 Σαδελλίου
794 1846 888 1900 τοῦ
927 1846 1122 1909 Λίϐυος
1165 1847 1258 1899 καὶ⁵
1298 1845 1507 1900 Παύλου
1548 1845 1641 1899 τοῦ
1676 1845 2033 1915 Σαμοσατέως

2122 662 2321 716 Sinnio
2344 662 2460 717 fieri
2479 662 2659 733 jussit.
2680 659 3024 715 Conveniunt
3047 658 3213 728 igitur
3245 659 3393 723 illuc,
3416 674 3482 713 ex
3500 659 3697 714 Orien-

2121 751 2322 805 talibus
2360 752 2581 821 quidem
2621 749 2831 804 Marcus
2872 747 3218 810 Arethusius,
3262 746 3530 818 Georgius
3580 750 3698 818 epi-

2121 858 2319 911 scopus
2339 841 2703 905 Alexandrina,
2724 855 2907 911 quem,
2938 846 3149 893 remoto
3178 836 3461 909 Gregorio,
3487 840 3695 901 Ariani,

2123 935 2266 989 sicut
2289 944 2446 990 antea
2478 934 2735 996 diximus,
2772 934 2827 988 in
2863 934 3041 987 locum
3082 931 3231 986 illius
3254 931 3654 986 substituerant
3682 950 3694 985 :

2124 1024 2359 1078 Basilius
2377 1023 2492 1093 qui,
2519 1023 2675 1092 pulso
2693 1020 3266 1090 Marcello,Ancyrana:
3286 1018 3543 1074 Ecclesiae
3564 1035 3701 1088 prac-

2127 1115 2339 1170 sidebat
2370 1132 2382 1168 :
2417 1114 2732 1170 Pancratius
2771 1113 3060 1183 episcopus
3084 1111 3311 1180 Pelusii,
3348 1120 3403 1166 et
3440 1111 3697 1183 llypatia-

2127 1222 2232 1260 nus
2275 1206 2555 1260 Heraclize.
2604 1206 2683 1259 Ex
2718 1204 2993 1274 episcopis
3036 1213 3222 1259 autem
3259 1202 3700 1259 Occidentalibus

2130 1299 2328 1353 Valens
2359 1298 2577 1361 Μαι-δίε,
2605 1304 2659 1351 ει
2684 1296 3028 1351 celeberrimi
3060 1304 3186 1351 tunc
3210 1295 3449 1351 nominis
3480 1294 3696 1352 Hosius.

2130 1389 2398 1445 Cordubae
2439 1391 2491 1443 in
2529 1388 2785 1458 HiSpania
2815 1388 3125 1459 episcopus,
3160 1388 3333 1443 adfuit
3378 1386 3600 1442 invitus.
3636 1386 3698 1440 Hi

2133 1490 2256 1550 post
2282 1482 2623 1536 consulatum
2655 1480 2826 1550 Sergii
2859 1487 2914 1534 et
2951 1479 3276 1551 Nigriniani,
3324 1494 3432 1549 quo
3481 1478 3699 1549 quidem

2137 1591 2299 1641 anno,
2338 1583 2561 1646 propter
2612 1575 2875 1628 tumultus
2901 1572 3145 1637 bellicos,
3196 1587 3360 1627 nemo
3406 1572 3700 1625 solemnem

2138 1666 2303 1734 gessit
2347 1664 2709 1729 consulatum,
2752 1663 2939 1718 Sirmii
2992 1663 3324 1732 congregati,
3371 1659 3529 1730 124
3578 1674 3701 1713 cum

2139 1754 2431 1809 Photinum
2457 1753 2650 1824 dogma
2675 1751 2897 1808 Sabellii
2922 1750 3130 1822 Libyci,
3167 1750 3430 1819 Paulique
3456 1748 3705 1803 Samosa-

2104 1902 2109 1915 ,
2140 1846 2309 1901 tensis
2344 1860 2587 1900 asserere
2624 1842 3133 1914 deprehendissent,
3168 1840 3349 1896 statim
3384 1856 3511 1894 eum
3534 1840 3703 1909 depo-

469 1936 767 2007 φρονοΰντα
806 1937 1174 2008 φωράσαντες,
1231 1936 1477 1989 καθεῖλον
1506 1935 1685 1999 εὐθύς.
1720 1937 1829 1989 Καὶ
1882 1934 2040 1989 τοῦτο
2070 1934 2111 1989 Β
2140 1954 2255 1993 sue]

1919 1934 2040 1989 οὖτο
2070 1934 2111 1989 Β
2140 1946 2391 1993 suerunt.
2440 1937 2509 1992 Et
2566 1937 2673 1992 hoc
2699 1935 2918 2006 quidem
2973 1943 3235 2004 tanquam,
3271 1940 3419 1987 recte
3464 1947 3529 1986 ac
3581 1932 3705 2002 jurc

473 2030 571 2099 μὲν
611 2029 686 2092 ὠς
721 2028 901 2092 καλῶς
947 2029 1040 2083 καὶ
1071 2028 1289 2091 δικαίως
1332 2028 1653 2100 γενόμενον,
1696 2028 1895 2091 πάντες
1938 2030 2035 2081 ἐπ-

470 2119 667 2190 ῄνεσαν
698 2120 791 2174 καὶ
817 2120 936 2174 τότε
972 2122 1065 2175 καὶ
1105 2120 1440 2192 μεταταῦταο
1480 2122 1527 2174 ol
1563 2120 1619 2173 δέ
1642 2120 2035 2192 ἐπιμείναντες,

474 2212 717 2283 ἔπραξαν
755 2212 869 2283 (95)
896 2213 1033 2284 ὅπερ
1069 2212 1130 2266 οὐ
1162 2214 1324 2266 πᾶσιν
1351 2207 1419 2283 ἦν
1444 2214 1680 2282 ἄριστον.

2142 2032 2345 2085 factum
2390 2029 2633 2084 universi
2676 2037 2733 2084 et
2786 2036 2917 2083 tunc
2964 2034 3020 2082 et
3080 2035 3269 2097 postea
3312 2024 3704 2095 approbarunt.

2143 2123 2249 2180 Sed
2271 2124 2366 2195 qui
2394 2122 2507 2178 illic
2540 2126 2922 2177 remanserunt
2951 2119 3214 2191 episcopi,
3251 2117 3398 2173 aliud
3425 2116 3706 2188 quidpiam

2140 2221 2388 2285 egerunt,
2427 2211 2572 2283 quod
2604 2226 2713 2266 non
2751 2208 2975 2281 perinde
3013 2208 3083 2263 ab
3116 2208 3374 2263 omnibus
3419 2207 3705 2278 probatum

2144 2313 2247 2360 est.

1657 2462 1922 2519 VALESII
1964 2462 2508 2520 ANNOTATIONES.

554 2595 677 2667 (88)
698 2594 758 2649 Ὀ
777 2593 1074 2667 βασιλεὺς
1091 2594 1355 2667 σύνοδον
1375 2593 1721 2667 extendatur
1738 2596 1807 2647 ἐν
1824 2596 1900 2660 τῷ
1914 2599 1957 2649 Σ
1962 2613 2045 2661 Ip-

481 2664 611 2749 μίῲ.
648 2664 765 2749 Quo
810 2681 954 2747 anno
995 2665 1268 2749 celebrata
1314 2665 1387 2749 sit
1416 2664 1752 2749 _Sirmiensis
1786 2666 2041 2735 synodus,

485 2734 540 2791 in
564 2751 668 2805 qua
703 2735 1312 2805 Photinusepiscopatu
1343 2734 1584 2805 deiectus
1625 2744 1727 2797 est,
1769 2734 1876 2789 non
1910 2752 2043 2789 cou-

483 2804 635 2861 ven’it
663 2807 804 2860 inter
839 2804 1106 2858 eruditos.
1140 2804 1393 2858 Socrates
1423 2804 1640 2872 quidem
1675 2817 1835 2873 atque
1875 2806 2043 2859 Sozo-

484 2890 680 2931 menus
745 2874 1072 2928 celebratam
1124 2888 1241 2928 esse
1302 2874 1491 2927 dicunt
1538 2881 1661 2943 post
1706 2876 2045 2929 consulatum

486 2946 660 3014 Sergii
704 2952 759 2999 et
788 2943 1087 3014 Nigriniani
1125 2960 1138 2995 :
1164 2958 1273 3014 quo
1300 2958 1463 3007 anno,
1507 2945 1577 2997 ob
1604 2943 1779 2997 civilis
1804 2945 1931 2997 belli
1962 2954 2046 2998 tu—

486 3013 739 3076 multum,
780 3015 836 3068 in
866 3013 1088 3068 Oriente
1140 3013 1359 3081 quidem
1406 3014 1541 3066 nulli
1577 3015 1829 3067 consules
1854 3014 2039 3080 fuere;

488 3086 543 3140 in
571 3083 878 3154 Occidentis
899 3083 1362 3154 autemipartibus
1396 3083 1732 3152 Magnentius
1769 3084 2048 3154 Augustus

488 3170 615 3209 cum
649 3153 879 3207 Gaisone
919 3153 1258 3207 consulatum
1296 3154 1478 3221 gessit.
1517 3154 1779 3207 Baronius
1819 3153 1948 3207 vero
1992 3156 2045 3209 in

489 3224 791 3279 Annalibus
816 3222 1219 3292 ecclesiasticis,
1260 3238 1377 3275 eam
1421 3224 1685 3292 synodum
1721 3225 2047 3278 celebratam

490 3309 610 3348 esse
645 3291 927 3346 contendit
976 3308 1118 3347 anno
1165 3292 1366 3346 Christi
1415 3294 1545 3355 537,
1586 3294 1867 3347 consulatu
1902 3296 2047 3349 Con-

492 3363 680 3417 stantii
731 3361 956 3434 Augusti
988 3378 1132 3415 nono
1178 3370 1233 3434 ct
1286 3362 1484 3434 Juliani
1527 3363 1755 3434 Ctesaris
1786 3366 2045 3417 secundo.

494 3434 695 3501 ‘(erum
734 3433 1023 3501 Dionysius
1055 3432 1305 3485 Petavius
1333 3433 1565 3500 primum
1613 3432 1667 3486 in
1700 3434 2053 3487 Animadver-

496 3500 741 3556 siohibus
782 3500 1189 3570 Epi’pbanianis,
1226 3501 1422 3555 deinde
1453 3502 1506 3555 in
1549 3504 1943 3557 Dissertatione
1984 3505 2050 3558 de

495 3572 698 3641 duplici
750 3570 955 3642 synodo
1003 3571 1281 3642 Sirmiensi
1309 3610 1322 3633 ,
1361 3572 1682 3626 certissimis
1723 3575 2055 3642 argumentis

496 3641 887 3713 demonstravit
942 3655 1140 3695 annum
1178 3641 1296 3709 ejus
1324 3643 1511 3713 synodi
1542 3653 1687 3695 reete
1725 3641 2054 3713 aSSignatum

498 3711 663 3781 fuisse
696 3725 726 3763 a
775 3710 995 3781 Socrate
1033 3718 1155 3779 post
1184 3700 1519 3781 consulatum
1569 3712 1741 3779 Sergii
1778 3700 2052 3781 etUNigri-

501 3780 673 3842 niani,
704 3780 799 3847 qui
837 3778 941 3833 fuit
974 3778 1148 3833 annus
1196 3779 1397 3833 Christi
1452 3781 1572 3833 55L
1625 3778 1746 3835 scio
1795 3778 2054 3837 Jacnlium

501 3850 848 3919 Sirmondum
893 3850 1029 3903 duos
1071 3849 1283 3919 libellos
1306 3850 1611 3918 scripsisse,
1648 3852 1846 3919 quibus
1888 3853 2055 3905 Baro-

502 3920 577 3972 nii
614 3918 935 3973 sententiam
966 3919 1225 3989 adversus
1261 3918 1572 3989 Dionysium
1602 3918 1879 3975 Petavium
1913 3938 2059 3975 asse-

504 4005 624 4042 rere
653 3998 879 4042 conatus
916 3996 1017 4042 est.
1070 3987 1174 4042 Sed
1215 4003 1338 4041 cum
1395 3987 1509 4057 ipse
1551 4005 1647 4044 eos
1691 3992 1902 4044 libellos
1948 4008 2057 4044 non

502 4058 758 4131 ediderit,
781 4060 911 4112 satis
931 4058 1183 4131 ostendit
1220 4073 1278 4111 se
1326 4058 1613 4113 falsitatem
1642 4061 1914 4131 opinionis
1948 4077 2059 4116 suae

506 4129 723 4205 tandem
739 4128 1052 4205 agnovisse.

577 4198 687 4267 (89)
738 4196 856 4251 Τῶν
905 4197 1017 4264 μὲν
1079 4196 1449 4267 ἀνατολικῶν
1503 4197 1738 4264 Μάρκος
1810 4203 1841 4252 ὁ
1908 4202 2063 4266 Ἀρε-

509 4269 769 4347 {lonng
810 4267 1059 4347 Episcopi
1083 4277 1221 4347 quos
1262 4266 1351 4347 hic
1377 4269 1621 4347 nominat
1650 4269 1901 4347 Socrates
1953 4287 2063 4324 non

509 4337 563 4389 in
594 4337 682 4389 illa
711 4335 993 4406 SirmienSi
1024 4336 1229 4406 synodo
1255 4336 1535 4399 sederunt,
1573 4353 1692 4406 qua:
1720 4340 1942 4393 collecta
1980 4349 2064 4394 est

508 4406 772 4485 adversus
814 4404 1105 4485 Photinum
1136 4404 1649 4485 Apostconsulatuin
1689 4408 1860 4479 Sergii
1887 4419 1941 4463 et
1968 4411 2063 4485 Ni-

547 4475 764 4537 riniani,
786 4490 944 4548 anno
969 4474 1172 4548 Christi
1206 4475 1311 4548 551Δ
1336 4515 1351 4537 ,
1380 4476 1473 4529 sed
1502 4476 1751 4548 inialtera
1786 4474 2064 4548 (intercol-

530 4551 761 4624 ectaue‘st
786 4544 1023 4624 Eusebio
1044 4553 1100 4624 et
1126 4544 1352 4624 llypatio
1383 4546 1716 4624 consulibus,
1741 4544 1881 4603 anno
1909 4547 2067 4603 Chri-

511 4614 579 4686 sti
613 4613 735 4686 359,
776 4614 937 4686 paulo
982 4613 1474 4686 anteAriminense
1503 4617 1791 4670 concilium
1825 4626 1918 4671 :et
1946 4634 2068 4686 qua:

513 4682 800 4736 formulam
833 4684 977 4736 illam
1004 4683 1177 4737 edidit
1226 4699 1347 4752 qua:
1374 4693 1559 4752 postea
1589 4686 1816 4740 Arimini
1844 4682 2067 4741 recitata

514 4762 617 4813 est,
646 4752 733 4825 cui
760 4752 977 4825 prazﬁxa
1020 4760 1187 4825 erant
1210 4752 1501 4825 consulum
1530 4755 1765 4809 nomina.
1803 4757 1977 4825 Atque
2011 4758 2064 4809 id

516 4820 801 4875 manifeste
829 4821 988 4875 docet
1009 4820 1319 4875 Germinius
1343 4823 1399 4875 in
1421 4824 1647 4889 epistola
1668 4826 1732 4878 ad
1769 4820 2064 4889 Valentem,

516 4906 637 4964 qua:
690 4890 921 4964 refertur
944 4889 999 4964 in
1027 4891 1363 4964 Fragmentis
1394 4889 1605 4957 Hilarii,
1645 4903 1699 4947 et
1729 4896 2068 4964 Epiphanius

521 4959 575 5015 in
598 4959 1453 5033 haeresi_Semiarian0rum.Certe
1486 4964 1651 5031 priori
1687 4959 2066 5019 illi'Sirmicnsi
2101 4979 2144 5033 ι)

519 5029 725 5101 synodo
754 5029 1014 5101 adversus
1040 5029 1328 5101 Photinum
1360 5029 1710 5101 congregatur,
1746 5035 1844 5087 soli
1873 5033 2067 5088 Orien-

519 5100 654 5153 tales
698 5099 937 5168 episcopi
984 5099 1298 5161 interfuere,
1340 5110 1398 5153 ut
1425 5099 1689 5157 testantur
1738 5105 1976 5157 llilarius
2017 5105 2069 5157 in

520 5169 663 5254 libro
687 5169 763 5222 De
781 5168 1115 5254 'sy‘nodi‘sLet
1142 5170 1369 5254 Vigilius
1390 5171 1982 5254 'l‘apsensisepiscopus
2017 5174 2069 5225 in

522 5238 664 5312 libro
702 5236 895 5312 quinto
928 5237 1188 5312 adversus
1216 5236 1528 5312 'Eutycbe'm
1564 5259 1578 5312 ξ
1626 5236 1806 5312 Vigilii
1854 5236 2072 5310 quidem

523 5306 639 5381 haec
662 5307 829 5381 verba
860 5318 1040 5381 sunt:_
1055 5306 1204 5381 Illius
1236 5306 1354 5361 vero
1395 5309 1646 5381 Catholici
1691 5306 1894 5365 concilii
1937 5313 2076 5381 apud

523 5375 774 5451 Sirmium
795 5384 977 5451 contra
1004 5377 1297 5451 _P_ho_t_inum_
1311 5394 1381 5451 ex,
1395 5388 1500 5434 toto
1522 5380 1734 5435 Oriente
1756 5375 2074 5451 congregati,

524 5449 636 5566 guis
658 5447 876 5569 sultﬁciat
909 5446 1213 5517 multiplices
1263 5447 1383 5516 ﬁdei
1430 5453 1719 5505 sanctiones
1746 5446 2076 5521 comprehen-

561 5532 663 5569 ere.
692 5532 720 5569 e
749 5530 797 5567 c.

561 5532 663 5578 ere,
692 5530 797 5569 etc.

598 5585 705 5654 (90)
730 5583 1017 5659 Pediprtdq
1048 5602 1111 5638 τε
1141 5588 1173 5639 ό
1204 5586 1663 5659 Ἀλεξανδρείας.
1686 5589 1948 5659 Georgius
1977 5591 2080 5642 hoc

530 5662 791 5732 tempore,
824 5654 1006 5732 idest,
1032 5662 1153 5724 post
1211 5658 1552 5732 consulatum
1592 5659 1765 5732 Sergii
1805 5654 2082 5732 evtANigri-

528 5722 698 5785 niani,
719 5722 959 5795 nondum
996 5722 1114 5778 erat
1153 5726 1439 5795 episcopus
1468 5722 1821 5782 Alexandriae.
1855 5722 2081 5783 Crcatus

527 5800 612 5845 est
643 5792 787 5846 enim
837 5794 1123 5865 episcopus
1153 5792 1447 5865 consulatu
1493 5797 1797 5852 Constantii
1854 5798 2080 5865 Augusti

530 5869 737 5927 octavo,
789 5870 844 5916 et
895 5864 1090 5919 Juliani
1134 5863 1360 5921 Caesaris
1401 5868 1595 5934 primo,
1638 5869 1781 5937 quod
1829 5879 1912 5925 est
1940 5863 2082 5922 anno

2148 2594 2353 2649 Christi
2394 2594 2516 2649 356.
2571 2592 2835 2659 Quocirca
2859 2592 3050 2647 sedere
3101 2606 3210 2645 non
3243 2591 3420 2661 potuit
3448 2590 3504 2643 in
3531 2590 3711 2659 priore

2150 2666 2241 2736 illa
2268 2665 2473 2736 synodo
2500 2663 2780 2736 Sirmiensi
2807 2678 2927 2736 quae
2958 2660 3260 2736 Photinum
3290 2660 3542 2736 deposuit
3568 2677 3713 2714 anno

2149 2732 2353 2789 Christi
2383 2735 2507 2789 35!.
2549 2734 2694 2789 Idem
2727 2734 2795 2787 de
2842 2734 3006 2787 Hosio
3034 2748 3251 2803 quoque
3282 2732 3573 2803 dicendum
3602 2742 3709 2803 est,

2150 2807 2244 2874 qui
2292 2820 2359 2860 eo
2393 2813 2635 2874 tempore
2696 2804 2820 2874 sub
2844 2801 3067 2857 ditione’
3105 2804 3335 2871 degebat
3377 2801 3663 2871 Magnentii
3694 2842 3708 2866 ,

2150 2872 2251 2929 nec
2288 2872 2547 2930 Sirmium
2586 2874 2767 2928 adhuc
2802 2872 2977 2927 fuerat
3002 2874 3290 2944 relegatus.

2224 2945 2335 3015 (9|)
2382 2942 3142 3015 ’Υπατιανιδς’Ἠρακλείαᾲ
3178 2944 3334 3015 Anno
3361 2942 3713 3015 (Ζιιτίειξὸὃϐ

2150 3013 2423 3070 Heraclea!
2472 3016 2526 3069 in
2563 3013 2795 3068 Thracia
2839 3014 3125 3083 episcopus
3166 3014 3343 3069 adhuc
3384 3022 3503 3067 erat
3534 3013 3713 3068 T-heo-

2151 3086 2339 3150 dorus,
2385 3093 2450 3139 ut
2492 3094 2704 3139 constat
2741 3100 2807 3137 ex
2848 3085 3164 3153 Athanasio
3197 3085 3250 3137 in
3287 3083 3513 3153 epistola
3554 3100 3715 3153 ency-

2152 3155 2286 3209 clica
2327 3146 2407 3209 ad
2450 3156 2749 3233 episcopos
2794 3152 3007 3233 Aigypti
3065 3156 3127 3208 ac
3441 3170 3559 3233 pag.
3589 3146 3712 3216 9.90,

2154 3240 2314 3295 quam
2358 3223 2575 3295 scripsit
2628 3223 2954 3295 Athanasius
3001 3240 3144 3278 anno
3186 3223 3387 3295 Christi
3441 3224 3562 3286 556,
3599 3233 3718 3292 post

2156 3293 2747 3365 ingressum‘Georgii.
2798 3293 2975 3358 Quare
3031 3294 3362 3365 llypatianus
3415 3303 3536 3365 post
3562 3296 3719 3365 hunc

2156 3380 2357 3420 annum
2390 3366 2562 3419 factus
2593 3365 2663 3418 sit
2692 3374 2907 3433 oportet
2934 3365 3220 3434 episcopus
3241 3364 3531 3419 Heracleae.
3559 3364 3719 3433 Ejus-

2156 3436 2278 3489 dcm
2312 3436 2592 3506 Hypatiani
2623 3435 2866 3488 meminit
2895 3434 3227 3506 Sozomenus
3258 3434 3323 3506 in
3339 3434 3548 3506 libnvl,
3579 3449 3628 3506 c.
3662 3436 3717 3489 7.

2231 3506 2339 3573 (99.)
2362 3502 2694 3569 ⁷Υπατειάς
2761 3502 3094 3557 exercises.
3138 3504 3197 3558 In
3228 3505 3415 3558 codice
3446 3503 3720 3559 Sfortiano

2158 3578 2418 3644 scriptum
2445 3586 2526 3629 est
2571 3575 2891 3627 ἁπετέλεσε¹
2922 3574 3181 3636 ὑπατείας
3215 3582 3395 3628 autem
3434 3584 3592 3628 vocat
3618 3576 3718 3628 Su-

2157 3656 2337 3700 cratcs
2371 3646 2528 3699 ludos
2575 3645 2875 3707 circenses,
2929 3660 3065 3713 quos
3099 3645 3352 3698 consules
3392 3644 3546 3697 initio
3586 3661 3719 3699 con-

2158 3717 2367 3770 sulatus
2395 3716 2477 3769 sui
2509 3716 2743 3768 edebant
2788 3732 2799 3766 :
2843 3714 2987 3784 quod
3020 3714 3200 3768 Latini
3237 3714 3427 3768 dicunt
3467 3716 3720 3767 consula-

2161 3796 2275 3839 tum
2306 3787 2452 3839 darc.
2497 3786 2585 3839 Sio
2636 3786 2688 3837 in
2732 3786 2914 3838 libello
2960 3785 3340 3854 episcoporum
3386 3784 3721 3854 Arelatensis

2162 3856 2493 3925 provinciae,
2520 3857 2611 3924 qui
2661 3856 2876 3909 oblatus
2912 3852 3008 3925 gest
3039 3854 3214 3925 Leoni
3258 3869 3431 3923 papae,
3486 3852 3721 3922 loquun-

2160 3923 2249 3978 tur
2275 3924 2545 3979 antistites
2572 3924 2830 3979 Gallicani
2862 3942 2873 3976 :
2901 3924 2965 3979 In
2994 3926 3089 3977 hac
3130 3923 3276 3987 urbe,
3303 3924 3594 3994 quicunque
3636 3926 3721 3976 in-

2160 4006 2243 4048 tra
2272 3995 2469 4050 Gallias
2497 4012 2557 4048 ea:
2601 4002 2826 4065 tempore
2863 3995 3227 4065 prccdictorum
3268 4000 3529 4065 ostentare
3561 3995 3721 4065 voluit

2160 4067 2384 4135 insignia
2430 4063 2743 4135 dignitatis,
2794 4063 3122 4118 consulatum
3174 4063 3398 4135 suscepit
3448 4072 3495 4117 et
3564 4064 3720 4116 dedit.

2160 4132 2388 4200 Quidam
2438 4132 2619 4189 autem
2653 4138 2904 4188 consules
2937 4143 3130 4203 prazter
3159 4132 3407 4188 circense
3436 4143 3721 4203 spectacu-

2162 4205 2294 4266 lum,
2325 4204 2570 4259 scenicos
2595 4220 2809 4274 quoque
2843 4204 2998 4257 ludos
3046 4210 3103 4274 et
3134 4203 3483 4274 venationem
3524 4205 3724 4273 popqu

2164 4276 2386 4329 dabant.
2424 4273 2889 4340 Quemadmodum
2926 4274 3053 4328 fecit
3079 4273 3328 4327 Asterius
3364 4276 3584 4336 consul,
3615 4275 3723 4326 sic-

2165 4354 2226 4398 ut
2260 4346 2376 4415 ipse
2434 4352 2683 4415 testatur,
2717 4345 2803 4397 his
2842 4344 3113 4410 versibus,
3148 4358 3285 4413 quos
3316 4344 3541 4415 Virgilio
3586 4361 3617 4398 a
3668 4358 3719 4397 se

2163 4414 2450 4469 emendato
2484 4414 2714 4483 praefixit
2733 4431 2746 4467 :

2234 4506 2463 4576 Distinmi
2492 4506 2771 4561 emendans
2803 4515 3015 4576 gratum
3038 4507 3163 4576 mihi
3192 4522 3379 4559 manus
3410 4506 3565 4559 amici

2377 4574 2692 4645 Suscipiens,
2731 4574 2871 4645 operi
2904 4574 3109 4628 sedulus
3152 4576 3378 4629 incubui.

2238 4644 2484 4715 Tempore
2516 4644 2618 4714 quo
2654 4644 2867 4715 penaces
2894 4648 3028 4715 circo
3048 4645 3434 4713 subjunximns,
3470 4650 3627 4711 atque

2378 4714 2601 4769 Scenam
2624 4714 2825 4785 Euripo
2854 4714 3130 4785 extulimus
3154 4715 3380 4767 subitam
3400 4729 3418 4766 :

2245 4784 2310 4840 Ut
2351 4784 2519 4853 ludos,
2565 4782 2850 4853 currusque
2881 4784 3061 4853 simul,
3093 4786 3397 4851 variumque
3433 4782 3662 4850 ferarum

2382 4852 2655 4908 Certamen
2676 4852 2905 4922 junctim
2954 4852 3122 4906 Roma
3158 4861 3354 4905 teneret
3386 4868 3565 4903 ovans.

2244 4922 2467 4975 Tcrnnnt
2497 4919 2688 4991 quippe
2704 4923 2840 4989 sofos
2872 4924 3038 4975 merui
3062 4938 3079 4975 :
3103 4932 3252 4975 terna
3276 4922 3489 4991 agmina
3520 4919 3663 4990 vulgi

2381 4991 2485 5046 Per
2514 5008 2694 5045 caveas
2730 4992 2943 5061 plausus
2970 4993 3269 5044 concinuere
3299 5006 3453 5043 meos.

2245 5061 2308 5115 In
2351 5070 2607 5131 qua‘stum
2644 5058 2823 5128 (urnae,
2852 5078 3031 5114 census
3051 5062 3268 5131 jactura
3310 5058 3561 5131 cucurrit:

2384 5132 2525 5184 Nam
2556 5131 2725 5184 laudis
2766 5133 2988 5200 fructum
3018 5128 3149 5184 talia
3180 5130 3376 5200 damna
3400 5128 3601 5195 ferunt.

2248 5199 2333 5254 Sic
2359 5210 2432 5253 tot
2456 5198 2784 5269 consumptas
2810 5210 3016 5254 servant
3049 5198 3347 5269 spectacula
3379 5214 3561 5269 gasus,

2392 5267 2761 5339 Festorumque
2804 5272 2961 5323 trium
3002 5267 3268 5338 permanet
3300 5267 3407 5321 una
3435 5267 3563 5319 dies:

2250 5340 2610 5409 Asteriumqne
2632 5357 2785 5393 suum
2821 5342 2972 5393 vivax
3009 5340 3327 5409 transmittit
3341 5339 3396 5390 in
3425 5352 3613 5399 wvum,

2397 5408 2500 5473 Qui
2525 5407 2720 5479 ipartas
2755 5410 2943 5463 trabeis
2984 5416 3094 5462 tam
3131 5409 3256 5461 bene
3295 5407 3458 5459 donat
3494 5422 3632 5475 opes.

2243 5519 2353 5589 (95)
2386 5522 2447 5572 Ol
2490 5518 2556 5571 δὲ
2584 5520 2995 5589 ἐπιμείναντες
3014 5517 3299 5589 ἐπραξαν,
3334 5517 3446 5570 Hoc
3487 5516 3611 5589 loco
3651 5531 3746 5589 ουκ

2175 5580 2278 5643 dei
2310 5580 2618 5643 Sfortianus
2651 5580 2858 5658 aliquot
2888 5580 3071 5658 verbis
3086 5580 3320 5658 'auctior
3341 5595 3444 5658 est.
3482 5586 3571 5658 Sic
3594 5585 3743 5657 enim

2176 5660 2363 5722 habet,
2389 5660 2439 5711 oi.
2554 5656 2931 5728 ἐπιμείναντες
2956 5656 3195 5728 ἔπραξαν
3224 5658 3359 5728 ὅπερ
3380 5656 3448 5728 ⁸οὐ
3479 5657 3645 5728 πᾶσιν
3677 5656 3743 5719 ἣν

2177 5730 2415 5799 ἄριστον.
2449 5725 2683 5797 Optime,
2716 5737 2775 5781 ut
2803 5725 3058 5795 equidem
3082 5727 3286 5799 judico.
3340 5725 3397 5780 Id
3419 5732 3523 5789 est,
3551 5725 3601 5799 li
3627 5740 3745 5799 acra

2179 5796 2267 5865 qui
2291 5800 2346 5851 in
2384 5796 2507 5851 urbe
2541 5799 2731 5853 Sinnio
2771 5796 3153 5857 remanserant,
3191 5798 3417 5862 fecerunt
3478 5796 3748 5865 quidpiam

2177 5864 2314 5937 quod
2348 5887 2446 5923 non
2488 5885 2630 5935 n'quc
2654 5869 2714 5922 ab
2748 5870 2986 5922 omnibus
3023 5868 3299 5932 probatum
3328 5874 3422 5921 est.
3448 5864 3603 5923 Certe
3635 5864 3737 5918 for-
