4524 6582
779 444 885 525 279

1387 573 1535 629 CAP.
1569 573 1733 629 XXX.

786 670 857 722 De
893 668 1017 737 ﬁdei
1050 664 1291 738 formulis
1323 665 1505 792 Sirénii
1531 668 1775 737 expositis
1815 680 1991 718 coram
2035 666 2352 734 imperatore

1441 739 1723 791 onstantio.

1441 739 1723 791 onstantio.

852 827 1017 895 Quasi
1057 827 1204 883 enim
1232 843 1297 881 ea
1325 828 1436 898 jam
1467 827 1896 882 condemnarent
1924 841 2045 895 qua:
2072 824 2226 894 prius
2254 825 2353 893 ipsi

784 918 850 970 de
891 916 996 972 ﬁde
1039 917 1460 978 constituerant,
1503 916 1640 970 alias
1689 914 1812 968 ﬁdei
1862 913 2126 967 formulas
2172 911 2355 965 denuo

786 1009 1283 1079 promulgaverunt.
1327 1008 1502 1063 Unam
1549 1022 1711 1077 quam
1763 1005 1978 1061 Marcus
2032 1005 2356 1059 Arethusius

784 1099 975 1152 tiraaeo
1003 1113 1256 1152 sermone
1299 1098 1555 1164 dictavit;
1594 1097 1729 1152 alias
1759 1105 1943 1153 autem
1988 1097 2124 1151 duas
2166 1096 2358 1149 Latina

786 1188 967 1257 lingua
1019 1188 1373 1259 conscriptas,
1422 1204 1544 1258 qua:
1572 1203 1677 1243 nec
1715 1188 1902 1243 verbis
1945 1201 2047 1242 nec
2090 1185 2359 1255 composi-

789 1279 934 1332 tione
966 1279 1109 1333 inter
1135 1294 1195 1334 se
1227 1279 1582 1343 conveniunt,
1617 1294 1797 1348 neque
1842 1292 1967 1331 cum
2001 1276 2187 1331 Graeca
2217 1276 2306 1329 illa
2329 1291 2358 1328 a

788 1370 966 1425 Marco
989 1370 1209 1425 dictata.
1247 1371 1419 1426 Porro
1443 1387 1632 1425 earum
1654 1386 1775 1440 quze
1801 1369 1994 1423 Latine
2019 1376 2146 1423 sunt
2174 1367 2356 1430 edita),

786 1459 1011 1514 alteram
1040 1462 1262 1531 quidem
1288 1463 1392 1516 hoc
1412 1462 1534 1516 loco
1547 1463 1598 1515 ei
1625 1462 1947 1531 subjungam
1972 1474 2093 1527 quat
2121 1474 2151 1512 a
2180 1458 2360 1512 Marco

787 1552 1093 1624 perscripta
1141 1562 1241 1609 est.
1296 1554 1536 1609 Alteram
1583 1569 1715 1608 vero
1758 1567 1879 1624 quae
1939 1550 2125 1606 Sirmii
2175 1558 2362 1620 postea

790 1643 1013 1698 recitata
1055 1653 1139 1700 est
1182 1662 1283 1701 suo
1313 1647 1432 1700 loco
1471 1646 1791 1707 referemus,
1822 1643 1914 1696 ubi
1943 1658 2007 1697 ea
2039 1657 2161 1711 qua:
2214 1647 2362 1711 gesta

788 1742 915 1788 sunt
942 1735 1196 1799 Arimini,
1244 1751 1273 1789 a
1317 1736 1475 1790 nobis
1510 1741 1873 1805 exponentur.
1920 1733 2215 1788 Sciendum
2267 1747 2365 1784 au-

788 1829 897 1875 tem
931 1833 1016 1877 est
1083 1831 1371 1893 utramque
1414 1839 1604 1879 earum
1658 1824 1714 1878 in
1763 1822 2011 1877 Graecum
2053 1836 2362 1876 sermonem

2220 459 2554 517 SOCRATIS

2381 581 2431 636 Α

3926 458 4037 518 πο

3070 566 3321 626 ΚΕΦΑᾹ.
3364 572 3435 624 A'.

2456 670 2594 736 Περὶ
2634 667 2750 723 τῶν
2783 669 2849 719 ἐν
2870 666 2949 730 τῷ
2978 667 3194 733 Σιρμίῳ
3222 664 3578 736 ἑγιτεθεισών
3614 667 3894 728 πίστεων,
3924 680 4031 715 rm-

2640 737 2858 806 ρουσίᾳ
2891 736 2997 789 τοῦ
3024 731 3336 799 βασιλέως
3361 735 3805 789 Κωνσταντίου.

2531 831 2740 895 Ὥσπερ
2760 826 2867 894 γὰρ
2892 825 2980 879 καὶ
3010 821 3509 892 καταγινώσκοντες
3532 824 3640 877 τῶν
3667 825 3833 878 πάλαι
3850 825 4031 885 αὐτοῖς

2458 924 2585 993 περὶ
2614 921 2712 989 τῆς
2736 919 2968 981 πίστεως
2995 916 3355 988 δεδογμένων.
3384 914 3538 981 αὖθις
3564 916 3757 987 ἐτέρας
3785 916 3906 985 περὶ
3934 916 4031 983 τῆς

2459 1014 2692 1075 πίστεως
2726 1009 3078 1080 ἐνομοθέτουν
3109 1008 3373 1073 ἐκθέσεις.
3412 1009 3556 1062 Μίαν
3591 1008 3687 1078 μὲν
3714 1008 3779 1079 ἢν
3807 1009 4030 1075 Μάρκος

2456 1106 2484 1157 ὁ
2537 1099 2875 1173 Ἀρεθούσιος
2918 1098 3028 1170 (94)
3081 1098 3457 1168 ὑπηγόρευσεν
3516 1098 3726 1151 Ἐλλάδι
3765 1094 3983 1165 γλώσσῃ

2459 1195 2624 1256 ἄλλας
2658 1194 2715 1247 δὲ
2761 1196 2828 1263 τῇ
2891 1192 3178 1261 Ῥωμαίων
3222 1193 3373 1261 φωνῇ
3418 1190 3554 1261 (95),
3604 1188 3893 1259 σύμφωνον
3932 1190 4031 1240 οὐκ

2459 1286 2691 1355 ἐχούσας
2715 1282 2837 1337 οὔτε
2860 1283 2956 1354 τὴν
2986 1282 3151 1347 λέξιν,
3180 1281 3303 1335 οὔτε
3330 1283 3426 1352 τὴν
3448 1281 3719 1338 σύνθεσιν,
3749 1280 3872 1331 οὔτε
3896 1280 4030 1349 πρὸς

2462 1377 2679 1439 ἑαυτὰς,
2701 1375 2826 1428 οὔτε
2859 1375 2966 1445 μὴν
2999 1375 3133 1443 πρὸς
3159 1371 3606 1444 τὴνἙλληνικὴν,
3631 1373 3696 1441 ἦν
3726 1374 3755 1424 ὁ
3781 1369 4033 1442 ’Λρεθούο

2464 1487 2575 1532 σιος
2605 1467 2968 1537 ὑπηγόρευσε.
3008 1465 3119 1536 Τὴν
3151 1466 3249 1535 μὲν
3280 1461 3372 1519 οὖν
3406 1464 3535 1534 μίαν
3560 1462 3670 1516 τῶν
3709 1462 4045 1532 Ῥωμαϊκῶν-

2463 1561 2752 1622 ὲκθέσεων,
2791 1560 2855 1629 τῇ
2895 1556 3002 1610 ὑπὸ
3032 1558 3259 1627 Μάρκου
3301 1554 3616 1626 συντεθείσῃ
3660 1552 3919 1617 συζεύξας
3954 1554 4037 1604 ἐν·

2463 1649 2637 1705 ταῦθα
2673 1648 2942 1713 ὑποτάξω.
2974 1648 3084 1718 Τὴν
3107 1646 3164 1700 δὲ
3189 1647 3466 1717 δευτέραν,
3490 1646 3557 1716 ῆν
3576 1641 3702 1697 ὅστε
3712 1661 3801 1715 ρον
3823 1645 3879 1695 ὲν
3908 1645 4003 1712 Σιρ
4019 1670 4036 1681 ο

2467 1741 2573 1811 μίῳ
2601 1739 2916 1808 ἀνέγνωσαν
2953 1739 3091 1807 (96),
3124 1738 3204 1809 τῷ
3230 1738 3417 1807 οἰκείῳ
3458 1736 3712 1807 τάξωμεν
3742 1735 3911 1804 τόπῳ,
3947 1734 4037 1786 ὅτε

2464 1832 2533 1885 τὰ
2580 1835 2637 1884 ἐν
2687 1832 2966 1901 Ἀριμήνῳ
3014 1829 3283 1900 γενόμενα
3336 1828 3685 1899 ὲκτιθέμεθα.
3732 1827 3927 1879 ἰστέον
3959 1825 4039 1889 δὲ,

786 1928 906 1967 esse
982 1914 1321 1968 translatam.
1385 1914 1558 1985 Igitur
1621 1914 1889 1984 expositio
1954 1912 2077 1967 ﬁdei
2139 1928 2262 1982 qua:
2329 1927 2359 1966 a
2393 1918 2540 1975 Βότι

2250 1928 2262 1965 3
2329 1927 2359 1966 ει
2393 1918 2433 1972 Β
2459 1923 2540 1975 ὅτι
2583 1921 2892 1991 ἀμφότεραι
2930 1921 3009 1982 εἰς
3051 1918 3277 1972 Ἐλλάδα
3322 1916 3735 1987 μετεϐλήθησαν
3773 1913 4036 1981 γλῶτταν.

787 2000 967 2057 Marco
994 2002 1195 2057 dictata
1237 2011 1342 2066 est,
1391 2003 1470 2059 sic
1514 2003 1680 2057 habet
1712 2002 2037 2057 :Credimus
2092 2003 2145 2055 in
2187 2017 2358 2056 unum

793 2092 949 2162 125
987 2093 1159 2148 Deum
1210 2093 1426 2149 Patrem
1468 2094 1921 2164 omnipotentem,
1956 2101 2259 2147 creatorem
2305 2100 2361 2146 et

788 2182 1124 2236 conditorem
1167 2182 1433 2247 omnium,
1466 2198 1534 2237 ex
1571 2196 1681 2253 quo
1719 2182 1897 2237 omnis
1952 2183 2251 2252 paternitas
2304 2183 2359 2237 in

789 2273 930 2328 coelo
951 2284 1006 2327 et
1038 2275 1093 2327 in
1132 2275 1293 2328 terris
1316 2273 1714 2329 nominatur".
1753 2274 1823 2327 Et
1882 2273 1938 2327 in
1989 2273 2188 2327 Filium
2242 2275 2362 2344 ejus

790 2365 1152 2432 unigenitum,
1188 2366 1478 2420 Dominum
1530 2373 1779 2420 nostrum
1808 2365 1992 2421 Jesum
2040 2365 2360 2421 Christum:

791 2464 884 2527 qui
915 2467 1046 2513 ante
1078 2459 1261 2513 omnia
1284 2459 1481 2513 saecula
1505 2474 1573 2513 ex
1593 2458 1753 2512 Patre
1778 2467 1941 2512 natus
1970 2467 2072 2521 est,
2108 2458 2251 2512 Deus
2297 2475 2363 2513 ex

789 2547 921 2612 Deo,
951 2548 1136 2601 lumen
1165 2563 1235 2601 ex
1272 2547 1477 2600 lumine
1501 2565 1513 2597 ε
1547 2561 1646 2615 per
1668 2562 1831 2616 quem
1859 2546 1999 2601 facta
2029 2555 2157 2601 sunt
2180 2548 2364 2602 omnia

787 2666 913 2719 quae
944 2649 1001 2705 in
1027 2651 1183 2705 caelis
1212 2658 1340 2704 sunt
1368 2657 1425 2704 et
1457 2664 1579 2720 qua:
1604 2650 1660 2703 in
1687 2657 1855 2714 terra,
1878 2650 2118 2704 visihilia
2140 2658 2197 2704 et
2220 2650 2364 2704 invi-

790 2744 993 2799 sibilia.
1014 2744 1123 2811 Qui
1160 2753 1217 2799 et
1238 2744 1480 2800 Verbum
1504 2753 1664 2799 estet
1693 2746 1987 2815 sapientia:
2015 2748 2106 2799 lux
2143 2761 2271 2800 vera
2312 2753 2369 2798 et

790 2836 922 2890 vita.
946 2836 1051 2903 Qui
1086 2837 1142 2891 in
1180 2837 1494 2892 novissimis
1537 2836 1733 2891 diebus
1775 2845 1998 2906 propter
2050 2852 2154 2892 nos
2202 2837 2367 2890 homo

792 2927 968 2982 factus
995 2933 1099 2992 est,
1124 2934 1395 2997 natusque
1427 2943 1494 2982 ex
1536 2935 1723 2982 sancta
1767 2928 2027 2999 Virgine:
2072 2927 2367 2984 cruciﬁxus

792 3016 977 3081 etiam,
1017 3026 1266 3072 mortuus
1288 3034 1352 3073 ae
1372 3020 1649 3089 sepultus:
1684 3020 1777 3089 qui
1802 3019 2102 3074 resurrexit
2126 3036 2194 3074 ex
2223 3035 2370 3074 mor-

794 3105 904 3161 tuis
938 3106 1098 3163 tertia
1124 3106 1234 3173 die,
1270 3117 1325 3163 et
1364 3108 1612 3164 ascendit
1655 3109 1714 3163 in
1753 3110 1975 3174 ccelum,
2003 3110 2266 3180 sedetque
2305 3109 2372 3165 ad

866 3266 911 3300 δ’
953 3266 1152 3337 Ephes.
1179 3281 1257 3331 Ill,
1291 3266 1378 3321 15.

2464 2013 2616 2064 Ἔστι
2645 2012 2701 2064 δὲ
2733 2012 2765 2079 ἡ
2795 2009 2900 2063 ὑπὸ
2929 2010 3156 2081 Μάρκου
3192 2007 3636 2079 ὑπαγορευθείσα
3661 2006 3760 2074 τῆς
3800 2006 4039 2063 πίστεως

2460 2104 2673 2167 ἔκθεσις
2723 2103 2842 2173 ἣδε”
2904 2101 3239 2172 Πιστεύομεν
3288 2110 3316 2150 1
3360 2103 3439 2164 εἰς
3486 2099 3583 2152 ἕνα
3630 2099 3763 2151 Θεὸν
3824 2096 4043 2165 Πατέρα

2464 2196 2895 2267 παντοκράτορα,
2917 2196 3007 2248 τὸν
3035 2195 3260 2264 κτίστην
3283 2195 3383 2249 καὶ
3411 2192 3640 2264 ποιητὴν
3654 2192 3761 2245 τῶν
3789 2192 4006 2244 πάντων
4026 2205 4040 2217 ’

2469 2287 2528 2355 ἐξ
2560 2280 2620 2340 οὗ
2660 2289 2813 2341 πᾶσα
2847 2286 3053 2358 πατριὰ
3083 2288 3141 2339 ὲν
3179 2286 3427 2357 οὐρανοῖς
3462 2284 3555 2337 καὶ
3584 2283 3677 2335 ἐπὶ
3715 2282 3819 2350 γῆς
3845 2280 4043 2347 ὀνομά-

2471 2381 2642 2445 ζεται.
2670 2380 2781 2433 Καὶ
2815 2380 2895 2443 είς
2921 2379 3014 2436 τὸν
3043 2379 3303 2449 μονογενῆ
3335 2378 3499 2430 αὐτοῦ
3539 2377 3682 2435 Υίὸν.
3717 2374 3807 2428 τὸν
3840 2372 4043 2443 Κύριον

2470 2472 2626 2542 ἡμῶν
2668 2472 2878 2542 Ἰησοῦν
2904 2472 3162 2540 Χριστὸν,
3195 2470 3284 2523 τὸν
3310 2470 3416 2540 πρὸ
3436 2469 3655 2523 πάντων
3693 2466 3803 2520 τῶν
3832 2464 4046 2519 αἰώνων

2471 2566 2534 2614 ἐκ
2563 2562 2657 2613 τοῦ
2715 2562 2925 2632 ιῐατρὸς
2955 2561 3289 2632 γεννηθέντα
3316 2602 3330 2623 ,
3361 2559 3492 2613 Θεὸν
3540 2564 3604 2613 ὲκ
3633 2558 3766 2611 Θεοῦ
3788 2597 3803 2620 ,
3845 2557 3957 2625 φῶς
3982 2557 4046 2607 ἐκ

2466 2655 2640 2723 φωτὸς
2662 2696 2672 2716 ,
2697 2654 2764 2707 δι’
2784 2646 2845 2729 οὗ
2870 2643 3084 2722 ἐγένετο
3111 2654 3180 2706 τὰ
3208 2653 3408 2717 πάντα,
3435 2651 3506 2705 τὰ
3531 2653 3588 2704 ὲν
3620 2651 3736 2713 τοῖς
3770 2650 4040 2720 οὐρανοῖς,

2468 2747 2563 2798 καὶ
2588 2745 2657 2797 τὰ
2686 2745 2778 2798 ἐπὶ
2798 2732 2909 2813 τῆς
2938 2745 3058 2814 γῆς,
3086 2743 3156 2796 τὰ
3183 2743 3357 2815 ὁρατὰ
3387 2744 3482 2797 καὶ
3522 2741 3590 2795 τὰ
3615 2741 3843 2811 ἀόρατα.
3874 2739 4047 2805 Λόγον

2469 2839 2597 2891 ὄντα
2633 2837 2728 2890 καὶ⁸
2756 2836 2970 2904 σοφίαν,
3013 2836 3109 2888 καὶ
3146 2835 3261 2903 φῶς
3291 2834 3545 2904 ἀληθινὸν
3566 2874 3579 2898 ,
3616 2834 3710 2885 καὶ
3749 2832 3913 2901 ζωήν.
3943 2829 4048 2881 Τὸν

2471 2930 2555 2983 ἐπ’
2586 2930 2828 3000 ἐσχάτων
2856 2928 2963 2980 τῶν
2995 2926 3214 2998 ἡμερῶν
3248 2926 3313 2979 δι’
3337 2927 3485 2996 ἡμᾶς
3526 2922 4044 2993 ὲνανθρωπήσαντα.

2479 3021 2574 3075 καὶ
2600 3020 2929 3089 γεννηθέντα
2952 3021 3016 3071 ἐκ
3047 3021 3146 3089 τῆς
3168 3017 3330 3085 ἁγίας
3354 3014 3653 3085 Παρθένου,
3683 3012 3776 3065 καὶ
3803 3029 4049 3081 σταυρω-

2479 3112 2641 3166 θέντα
2681 3113 2777 3165 καὶ
2807 3110 3147 3164 ἀποθανόντα
3177 3110 3273 3162 καὶ
3306 3108 3547 3175 ταφέντα
3567 3150 3581 3171 ,
3616 3107 3708 3157 καὶ
3743 3102 4051 3158 ἀναστάντα

1997 3356 2267 3413 VALESH
2306 3356 2851 3413 ANNOTATIONES.

798 3450 1000 3505 mulam
1026 3447 1150 3502 ﬁdei
1194 3463 1317 3518 qua:
1348 3448 1401 3502 in
1432 3449 1665 3505 concilio
1690 3446 2200 3518 Sirmiensicontra
2227 3448 2371 3503 Pho-

800 3522 976 3574 tinum
1002 3519 1148 3572 edita
1177 3514 1280 3581 est,
1322 3519 1565 3577 Hilarius
1590 3518 1813 3587 quidem
1845 3517 1899 3587 in
1936 3514 2081 3572 libro
2110 3518 2185 3571 De
2212 3534 2371 3587 syno-

801 3590 909 3653 dis,
956 3597 1017 3641 ut
1071 3587 1408 3642 Catholicam
1452 3585 1799 3643 commendat
1829 3604 1843 3637 :
1870 3585 2200 3640 Athanasius
2239 3585 2372 3642 vero

805 3661 859 3713 in
907 3658 1131 3729 synodis
1181 3656 1413 3729 Arimini
1459 3666 1516 3712 et
1545 3657 1841 3729 Δδριεξιιοίῳ,
1890 3671 2011 3729 eam
2044 3656 2373 3729 condemnat

804 3743 869 3783 ac
911 3725 1107 3797 rejicit,
1138 3727 1365 3797 perinde
1392 3743 1455 3783 ac
1483 3727 1721 3797 reliquas
1767 3725 1854 3797 ab!
1878 3725 2095 3797 Arianis
2134 3727 2374 3797 conseri—

807 3794 1173 3867 ptastequé
1200 3813 1334 3851 vero
1372 3797 1440 3851 de
1480 3794 1733 3851 hae'sola
1788 3794 1914 3867 ﬁdei
1955 3794 2187 3867 formula
2229 3796 2376 3851 Hila-

808 3864 923 3921 rius
970 3876 1029 3921 et
1086 3864 1419 3921 Athanasius
1479 3868 1624 3920 inter
1680 3880 1737 3919 se
1776 3864 2145 3929 dissentiunt,
2181 3882 2376 3920 verum

803 3938 972 3993 etiam
1013 3935 1081 3991 de
1109 3938 1261 4001 aliis;
1295 3937 1450 3992 verbi
1490 3935 1773 4006 gratia,de
1826 3934 2185 4006 Antiochena.
2241 3936 2374 3990 Nam

805 4007 1045 4062 Hilarius
1088 4006 1309 4076 quidem
1363 4005 1563 4060 fatetur
1615 4005 1922 4060 Orientales
1969 4005 2164 4076 merito
2210 4021 2378 4060 novas

807 4076 933 4131 ﬁdei
977 4075 1240 4131 formulas
1284 4076 1614 4138 condidisse,
1650 4091 1774 4128 eum
1813 4090 1969 4129 nova:
2006 4075 2240 4129 haareses
2277 4076 2377 4130 ad—

804 4161 998 4201 versus
1058 4144 1355 4200 Ecclesium
1418 4147 1804 4201 surrexissent.
1857 4146 2190 4200 Athanasius
2249 4162 2379 4199 vero

808 4231 979 4270 novas
1029 4216 1150 4270 illas
1191 4215 1315 4270 ﬁdei
1352 4214 1615 4270 formulas
1641 4214 1837 4268 callide
1879 4215 1947 4267 ab
1976 4214 2194 4268 Arianis
2225 4230 2378 4269 com—

880 4285 1021 4356 sitas
1058 4300 1197 4356 esse.
1227 4286 1532 4352 contendit,
1568 4284 1635 4339 ad
1664 4284 2091 4356 destructionem
2126 4283 2376 4356 Nieaanae.

852 4370 978 4409 erro
1012 4355 1069 4408 in
1121 4355 1227 4409 hee
1268 4356 1512 4411 Socratis
1563 4356 1704 4417 loco,
1760 4370 1860 4424 pro
1905 4355 2121 4425 ἄριστον
2163 4355 2381 4409 mallem

809 4425 1052 4495 scribere
1082 4425 1328 4495 ἀρεστόν.

880 4493 990 4565 (94)
1005 4493 1291 4565 Μίακμὲν
1306 4493 1386 4560 ἣν
1403 4494 1636 4561 Μάρκος
1654 4496 1685 4546 ό
1719 4494 2110 4565 Ἀρεθούσιος.
2133 4493 2375 4563 Duplici-

812 4562 897 4617 ter
934 4562 1027 4618 hic
1069 4564 1277 4618 fallitur
1336 4565 1607 4627 Socrates,
1642 4571 1699 4618 et
1725 4579 1849 4618 eum
1890 4563 1983 4617 illo
2026 4562 2381 4619 Sozomenus.

809 4633 1054 4687 Primum
1112 4633 1259 4702 quod
1321 4642 1430 4689 tres
1486 4633 1611 4688 ﬁdei
1671 4633 1935 4687 formulas
1983 4633 2038 4685 in
2097 4632 2382 4688 Sirmiensi

2473 3450 2669 3519 igitur
2705 3456 2841 3519 tres
2876 3446 3489 3519 synodigSirmienscs,
3539 3458 3770 3519 quarum
3826 3442 4057 3519 singulm

2471 3516 2627 3573 suam
2653 3516 2940 3571 formulam
2974 3518 3286 3572 ediderunt.
3328 3516 3507 3568 Prima
3549 3516 3651 3569 fuit
3680 3521 3868 3566 contra
3909 3516 4047 3567 Pho-

2473 3590 2651 3642 tinum
2689 3603 2833 3642 anno
2859 3587 3063 3642 Christi
3095 3588 3219 3640 55L
3270 3586 3449 3647 Altera
3472 3586 3632 3646 anno
3660 3583 3863 3637 (lhristi
3921 3584 4047 3646 557,

2475 3659 2530 3712 in
2564 3673 2671 3727 qua
2712 3658 3022 3726 conscripta
3045 3665 3137 3727 est
3157 3655 3309 3727 Hosii
3331 3663 3387 3708 et
3408 3653 3651 3727 'Potamii
3693 3654 4049 3727 blasphemia.

2476 3724 2663 3782 Tertia
2691 3724 2967 3781 celebrata
2980 3733 3067 3781 est
3102 3725 3342 3781 Eusebio
3375 3732 3434 3778 et
3461 3724 3692 3794 Hypatio
3711 3725 4050 3794 consulibus,

2476 3813 2621 3852 anno
2648 3797 2851 3851 Christi
2884 3795 3022 3860 559,
3073 3796 3131 3849 in
3174 3811 3283 3865 qua
3336 3793 3644 3865 conscripta
3678 3801 3763 3849 est
3800 3793 3933 3847 ﬁdes
3962 3794 4058 3849 illa

2478 3884 2641 3937 quam
2675 3866 2888 3921 Marcus
2918 3864 3248 3937 Arethgsius
3291 3864 3537 3931 dictavit.

2552 3938 2661 4009 (95)
2678 3935 3017 4009 ΑἈλλῃνίδέ
3044 3934 3119 4009 τῇ
3132 3936 3455 4009 ,Ῥωμαίωνς
3693 3932 4054 4009 Scribendum

2478 4003 2569 4063 est
2610 4003 2776 4069 ἄλλας
2809 4006 3015 4068 δέ-,ηυι
3059 4005 3226 4060 habet
3250 4005 3421 4060 codex
3463 4003 3667 4058 Allatii.
3713 4003 3850 4058 Tres
3906 4005 4052 4058 enim

2480 4078 2607 4132 ﬁdei
2635 4076 2907 4136 formulas,
2944 4076 3129 4131 Sirmii
3173 4075 3512 4143 conscriptas
3555 4076 3645 4129 hic
3673 4084 3920 4127 recenset
3955 4074 4055 4127 So-

2481 4156 2699 4213 crates;
2746 4152 2980 4216 quarum
3030 4146 3169 4201 duas
3210 4146 3546 4216 posteriores
3576 4145 3665 4216 ait
3712 4143 3904 4216 Latino

2482 4232 2643 4272 mone
2667 4213 2906 4286 primum
2945 4217 3177 4286 scriptas
3203 4213 3394 4279 fuisse,
3417 4230 3481 4269 ac
3502 4214 3699 4269 deinde
3729 4213 4054 4286 in__Grtecum

2484 4283 2798 4341 translatas.
2819 4286 2973 4353 Quod
2994 4283 3176 4340 tamen
3204 4300 3396 4340 verum
3432 4301 3540 4338 non
3572 4294 3724 4354 puto.
3759 4283 3905 4354 illam
3930 4287 4053 4354 qui-

2483 4358 2776 4426 dem,qua:
2828 4357 2980 4412 Hosii
3027 4355 3367 4425 blasphemia
3421 4354 3662 4426 dicitur,
3726 4353 3794 4407 ab
3850 4354 4057 4408 Hilario

2482 4424 2949 4497 Latine—primum
2995 4424 3199 4481 editam
3253 4426 3423 4497 fuisse
3463 4424 3623 4497 facile
3668 4426 4031 4477 concesserim

2483 4493 2731 4551 Alteram
2776 4512 2931 4562 vero,
2978 4512 3100 4565 quae
3153 4495 3405 4550 consules
3462 4493 3654 4547 habuit
3706 4502 4054 4561 praenotatos,

2483 4567 2670 4621 Gneeo
2720 4582 2973 4621 sermone
3026 4567 3265 4636 primum
3304 4566 3737 4636 dictatam_csse
3778 4579 3876 4636 pro
3906 4572 4058 4636 certo

2485 4637 2681 4691 habeo.
2716 4637 2766 4690 Is
2813 4637 2961 4691 enim
2991 4633 3087 4706 qui
3119 4651 3238 4689 eam
3271 4635 3522 4692 dictavit.
3555 4633 3766 4687 Marcus
3817 4635 4055 4706 Arethu—

809 4712 997 4757 eontra
1037 4702 1329 4778 Photinum
1359 4703 1566 4778 synodo
1593 4704 1824 4772 scriptas
1844 4718 1963 4778 esse
1993 4703 2226 4778 censuit,
2253 4719 2376 4778 cum
2412 4711 2456 4765 Ι)
2482 4707 2617 4778 sius,
2649 4715 2719 4778 et
2772 4708 2970 4776 reliqui
3011 4702 3119 4778 'qui
3173 4714 3288 4759 tum
3349 4712 3722 4778 concenerant
3776 4704 4057 4778 episcopi,

813 4787 917 4826 una
965 4780 1170 4829 tantum
1204 4773 1259 4845 in
1293 4789 1357 4828 ea
1391 4773 1600 4845 Synon
1650 4774 1967 4845 conscripta;
2004 4773 2075 4825 sit
2122 4773 2375 4845 formula,

810 4855 973 4913 quam
995 4849 1191 4913 praeter
1213 4842 1503 4913 Socratem,
1518 4843 1687 4897 refert
1711 4842 2041 4913 Athanasius
2061 4850 2117 4895 et
2141 4843 2380 4913 Hilarius

812 4911 868 4965 in
901 4911 1043 4983 libro
1073 4913 1147 4983 De
1193 4914 1436 4983 synodis;
1477 4912 1674 4966 deinde
1718 4913 1863 4981 quod
1904 4912 2191 4983 formulam
2208 4981 2229 4983 ι
2247 4912 2377 4967 ﬁdei

810 4995 934 5050 qua!
990 4982 1046 5035 in
1096 4981 1383 5037 Sirmiensi
1410 4990 1600 5037 contra
1634 4982 1927 5036 Photinum
1956 4981 2163 5050 synodo
2192 4981 2381 5037 Graece

812 5040 1151 5122 promulgata
1195 5060 1319 5122 est,
1352 5067 1382 5105 a
1429 5051 1611 5107 Marco
1650 5052 1942 5107 Arethusio
1970 5040 2227 5106 dictatam
2260 5067 2381 5107 esse

811 5121 1047 5191 asserit.
1076 5122 1241 5191 Atqui
1272 5121 1486 5177 Marcus
1524 5122 1853 5187 Arethusius
1895 5138 2006 5176 non
2042 5121 2185 5191 hanc
2220 5137 2384 5191 quam

812 5189 925 5243 dixi
991 5189 1276 5246 formulam
1332 5192 1578 5257 dictavit,
1640 5193 1736 5246 sed
1792 5194 1975 5255 aliam,
2013 5190 2100 5245 cui
2167 5189 2387 5257 praeﬁxa

811 5266 971 5332 erant
1020 5262 1305 5317 consulum
1342 5263 1586 5332 nomina,
1636 5270 1691 5317 et
1739 5278 1863 5332 quae
1909 5271 2099 5331 postea
2152 5262 2384 5332 Arimini

812 5329 1039 5402 recitata
1085 5340 1300 5402 est,‘ut
1350 5347 1417 5385 ex
1461 5331 1726 5402 Germinii
1758 5329 2013 5402 'epistola
2059 5331 2385 5401 jampridem

812 5397 1131 5471 observavit
1177 5400 1434 5471 Nieolaus
1491 5399 1666 5471 Faber
1725 5401 1780 5456 in
1819 5397 2187 5456 'Praafatione'
2221 5416 2385 5471 quam

813 5468 1034 5536 scripsit
1068 5469 1136 5523 ad
1174 5469 1499 5541 Fragmenta
1558 5470 1771 5526 Hilarii.
1811 5468 2389 5542 Distinguendas'sunt

2487 4775 2661 4830 Graeci
2694 4776 2807 4831 fere
2830 4773 3315 4831 omnes—fuerunt.
3349 4773 3593 4844 Denique
3625 4773 4060 4844 subscriptiones

2486 4848 2869 4917 episcoporum
2929 4845 3024 4917 qui
3086 4847 3218 4900 huic
3272 4843 4055 4917 formulie‘suhscripscrunt,

2485 4913 2692 4998 Grece
2716 4913 3229 4998 scriptae—leguntur
3266 4914 3411 4985 apud
3460 4913 3827 4984 Epiphanium
3856 4914 3914 4966 in
3944 4914 4057 4967 hae—

2486 4987 2592 5040 resi
2627 4986 3110 5041 Semiarianorum.

2584 5055 2672 5124 96)
2716 5057 3012 5123 ’Ὕστερον
3056 5059 3124 5110 ἐν
3172 5055 3388 5125 Σιρμίῳ
3436 5053 3806 5125 ἀνέγνωσαν.
3833 5052 4056 5125 _Prcoeul

2487 5122 2661 5180 dubio
2681 5127 3030 5180 scribendum
3067 5136 3153 5181 est
3190 5122 3247 5176 ἐν
3273 5122 3573 5195 ”Αριμίνῳ,
3616 5132 3781 5195 atque
3832 5122 3906 5195 ita
3932 5122 4059 5191 legit

2489 5196 2832 5266 Epiphanius
2857 5197 3247 5259 Scholastieus,
3295 5192 3459 5266 ut'e’x
3491 5192 3747 5266 versione
3798 5193 3918 5261 ejus
3962 5208 4059 5266 ap-

2488 5263 2664 5336 paret.
2729 5267 2822 5321 Sic
2862 5268 3011 5321 enim
3059 5266 3227 5320 vertit
3261 5282 3274 5317 :
3314 5263 3609 5336 Secundam
3641 5281 3781 5336 vero,
3815 5278 3973 5330 quam
4006 5263 4060 5314 in

2490 5333 2730 5407 Arimino
2780 5346 2961 5407 postea
3007 5335 3340 5407 relegerent,
3385 5333 3497 5387 loco
3539 5335 3755 5404 proprio
3788 5347 4057 5403 ponemus.

2491 5406 2626 5461 Vide
2663 5406 2825 5469 infra,
2865 5422 2983 5476 cap.
3009 5407 3096 5460 '57.

2250 5623 2337 5679 VA
2345 5622 2555 5679 RIORU
2563 5622 2630 5676 Μ.

885 5728 914 5769 οι
957 5720 1337 5787 Πίστεύομεν.
1384 5719 1510 5774 Haec
1553 5717 1677 5773 ﬁdei
1721 5718 1992 5773 confessio
2020 5727 2194 5773 exstat
2239 5716 2383 5785 apud

817 5789 1075 5844 Athanas.
1102 5790 1176 5843 De
1204 5789 1424 5857 synodis
1444 5789 1615 5843 Arim.
1638 5798 1689 5841 et
1717 5788 1932 5843 Selene.
1956 5788 2062 5842 vol.
2087 5789 2152 5847 ll,
2175 5805 2227 5857 p.
2253 5787 2375 5848 742,

817 5858 957 5928 apud
988 5859 1213 5929 Niceph.
1234 5848 1338 5917 lib.
1374 5876 1447 5919 Di,
1475 5876 1589 5928 cap.
1631 5859 1718 5922 3|,
1744 5869 1794 5913 et
1822 5858 1963 5928 apud
2009 5848 2273 5913 Hilarium
2302 5859 2376 5914 De

2495 5714 2741 5780 synodis,
2773 5716 2878 5770 col.
2909 5715 3064 5770 H74.
3109 5716 3171 5769 ln
3215 5729 3283 5769 ea
3306 5712 3520 5767 tametsi
3566 5711 3703 5767 nihil
3754 5718 4066 5780 compareat

2490 5782 2559 5839 ab
2582 5784 2953 5841 ecclesiastica
2976 5784 3079 5840 ﬁde
3105 5785 3393 5847 absonum,
3416 5782 3469 5839 id
3492 5782 3857 5852 suspiciosum
3884 5789 4069 5834 tamen

2483 5863 2588 5921 est,
2617 5855 2763 5925 quod
2789 5854 2883 5911 τοῦ
2906 5856 3184 5927 ὁμοουσίον
3207 5870 3406 5911 nomen
3442 5862 3673 5908 tacetur.
