4524 6582
463 499 560 566 181

1453 497 1771 552 HISTORIA
1812 495 2368 552 ECCLESIASTICA.
2413 528 2474 535 -
2519 496 2646 549 LIB.
2693 496 2758 548 ll.

3603 489 3712 546 282

462 618 527 666 ὲκ
556 611 760 683 νεκρῶν
792 613 856 682 τῇ
883 611 1040 682 τρίτῃ
1063 611 1245 681 ἡμέρα
1265 651 1280 675 ,
1312 613 1402 662 καὶ
1433 611 1810 682 ἀναληφθέντα
1833 612 1911 673 εἰς
1935 611 2026 662 οὑ-
2058 620 2097 671 Α
2129 612 2248 667 dext

1935 611 2026 662 οὑ-
2058 620 2097 671 Α
2129 612 2410 667 dexteram
2474 612 2680 666 Patris:
2743 617 2798 665 et
2865 610 2917 661 in
2957 615 3202 660 extrema
3246 605 3428 660 saeculi
3466 606 3710 664 clausula

465 709 644 780 ρανὸν.
673 705 764 758 καὶ
795 703 1091 757 καθίσαντα
1119 705 1182 754 έκ
1207 703 1393 768 δεξιῶν
1419 703 1511 756 τοῦ
1539 704 1749 772 [ἰατρὸς
1767 743 1782 762 .
1807 705 1901 756 καὶ
1933 706 2028 774 ἐρ-

464 793 687 863 χόμενον
714 791 806 842 ἐπὶ
837 789 1116 858 συντελείᾳ.
1140 789 1230 841 τοῦ
1262 790 1452 850 αἰῶνος
1485 793 1665 860 κρῖναι
1695 791 1901 853 ζῶντας
1935 791 2030 845 καὶ

463 883 714 952 νεκροὺς,
742 881 836 933 καὶ
860 881 1152 934 ἀποδοῦναι
1179 881 1390 951 ἑκάστῳ
1415 884 1554 934 κατὰ
1579 882 1646 936 τά
1671 882 1806 952 ἔργα
1829 882 1994 935 αὑτοῦ
2014 899 2026 911 ·

461 967 523 1024 οῦ
557 974 589 1041 ή
628 970 872 1040 βασιλεία
909 971 1328 1033 ἀκατάπαυστος
1352 969 1484 1024 οὖσα
1513 972 1759 1042 διαμένει
1790 974 1870 1035 εἰς
1901 975 2029 1036 τοὺς

464 1063 721 1133 ἀπείρους
751 1062 971 1124 αἰῶνας·
995 1061 1147 1113 ἔσται
1168 1062 1272 1132 γάρ
1297 1062 1656 1132 καθεζόμενος
1673 1064 1729 1116 ὲν
1748 1061 1896 1133 δεξιᾷ
1935 1063 2028 1117 τοῦ

465 1153 703 1222 Πατρὸς,
726 1152 787 1204 οὐ
821 1152 978 1222 μόνον
1005 1153 1063 1203 ὲν
1086 1151 1162 1220 τῷ
1193 1151 1554 1222 αἰῶνιτούτῳ,
1585 1153 1720 1206 ἀλλά
1749 1156 1841 1207 καὶ
1865 1157 1922 1208 ἐν
1954 1155 2032 1226 τῷ

467 1243 845 1314 μέλλοντι.Καὶ
866 1244 946 1305 είς
964 1242 1023 1294 τὸ
1040 1242 1258 1312 Πνεῦμα
1275 1243 1336 1296 τὸ
1361 1245 1532 1311 άγιον,
1546 1245 1787 1300 τουτέστι
1809 1247 1900 1300 τὸν
1918 1249 2034 1300 lla-

469 1333 754 1404 ράκλητονο
770 1333 907 1403 ὅπερ
922 1332 1379 1403 ἐπαγγειλάμενος
1403 1337 1517 1397 τοῖς
1545 1337 1862 1400 ἀποστόλοις
1897 1338 2035 1408 μετά

465 1424 562 1494 τὴν
592 1425 670 1487 είς
697 1423 957 1489 οὐρανοὺς
984 1423 1166 1478 ἀνοδον
1205 1425 1519 1480 ἀποστεῖλαι
1552 1427 1759 1492 διδάξαι
1789 1430 1884 1482 καὶ
1905 1431 2034 1484 ὑπο-

469 1516 667 1586 μνῆσαι
696 1516 891 1578 αὐτοὺς
918 1515 1114 1578 πάντα,
1145 1515 1405 1586 ἔπεμψεν·
1430 1513 1568 1572 δι’οὗ
1595 1521 1690 1573 καὶ
1713 1521 2034 1589 ἀγιάζονται

466 1608 522 1658 αἱ
543 1607 649 1659 τῶν
661 1605 966 1678 εἰλικρινῶς
981 1624 1004 1659 ε
1014 1607 1058 1670 ίς
1070 1606 1228 1659 αὑτὸν
1241 1609 1681 1663 πεπιστευκότων
1702 1610 2038 1681 ψυχαί.Τοὺς

467 1696 521 1747 δὲ
550 1694 804 1762 λέγοντας
830 1693 888 1760 ἐξ
915 1693 1016 1747 οὐκ
1041 1693 1210 1747 ὄντων
1237 1695 1326 1748 τὸν
1359 1696 1504 1758 Υἰὸν,
1546 1698 1578 1768 ἢ
1609 1698 1668 1764 ἐξ
1688 1700 1876 1770 ἑτέρας
1895 1701 2034 1753 ὑπο-

470 1785 731 1847 στάσεως,
748 1786 839 1837 καὶ
854 1785 928 1855 μὴ
956 1786 1021 1838 ἐκ
1035 1783 1130 1837 τοῦ
1150 1785 1306 1851 Θεοῦ,
1325 1787 1418 1839 καὶ
1448 1789 1529 1840 ὅτι
1543 1783 1611 1858 ἦν
1627 1789 1817 1859 χρόνος
1845 1791 1875 1859 ἢ
1903 1791 2038 1845 αἰὼν

469 1884 555 1934 ὅτε
587 1880 689 1933 οὐκ
726 1875 793 1949 ἦν
819 1919 833 1942 ,
876 1879 1188 1951 ἀλλοτρίους
1220 1875 1357 1934 οἶδεν
1383 1883 1415 1950 ἡ
1465 1882 1593 1949 ἀγία
1624 1882 1718 1934 καὶ
1759 1883 2036 1955 Καθολικὴ

2128 717 2398 763 venturus
2426 715 2530 768 est,
2564 716 2626 760 ut
2666 705 2875 775 judicet
2909 703 3062 756 vivos
3087 716 3151 754 ac
3183 709 3450 764 mortuos,
3501 712 3556 755 et
3591 703 3706 757 uni-

2129 798 2328 867 cuique
2373 797 2566 852 reddat
2609 795 2918 849 mercedem
2964 807 3189 861 operum
3244 806 3507 844 suorum:
3558 795 3713 863 cujus

2130 905 2359 960 regnum
2382 897 2731 958 perpetuum,
2765 902 2870 941 nec
2897 899 3136 952 unquam
3169 882 3497 947 desiturum,
3529 885 3581 938 in
3631 885 3714 939 in-

2131 981 2283 1036 ﬁnita
2308 989 2594 1051 permanet
2620 980 2856 1034 sazcula:
2890 977 2994 1033 erit
3027 975 3173 1030 enim
3221 976 3419 1029 sedens
3466 977 3533 1030 ad
3579 977 3713 1030 dex—

2131 1080 2304 1127 teram
2336 1073 2536 1134 Patris,
2582 1087 2691 1124 non
2744 1069 2921 1123 solum
2975 1067 3029 1120 in
3088 1066 3194 1118 hoc
3245 1065 3464 1126 smculo,
3523 1080 3711 1118 verum

2129 1163 2296 1216 etiam
2327 1162 2382 1214 in
2408 1161 2612 1214 futuro.
2659 1161 2726 1213 Et
2775 1159 2830 1212 in
2873 1157 3140 1226 Spiritum
3205 1162 3476 1214 sanctum,
3524 1153 3576 1207 id
3632 1162 3716 1207 est

2131 1252 2506 1306 Paraelctum:
2545 1266 2706 1318 quem
2738 1247 3019 1318 pollicitus
3056 1245 3316 1315 apostolis
3365 1245 3482 1298 suis
3533 1244 3718 1298 Domi-

2132 1356 2258 1405 nus,
2283 1348 2408 1410 post
2437 1355 2722 1394 ascensum
2754 1341 2806 1394 in
2835 1339 3034 1394 ccelum
3076 1337 3245 1399 misit,
3283 1344 3344 1390 ut
3394 1336 3615 1390 doceret
3653 1336 3718 1388 il-

2134 1431 2219 1486 los
2237 1439 2294 1486 et
2323 1439 2573 1485 moneret
2599 1430 2813 1492 omnia;
2843 1445 2942 1498 per
2968 1442 3130 1497 quem
3167 1426 3331 1480 etiam
3367 1423 3716 1478 sanctiﬁcan-

2137 1528 2230 1575 tur
2280 1521 2476 1574 anima:
2504 1535 2695 1574 eorum
2735 1519 2827 1587 qui
2870 1518 2928 1572 in
2975 1517 3153 1585 ipsum
3199 1516 3413 1568 sincere
3470 1512 3719 1567 credide-

2137 1614 2269 1668 rint.
2300 1613 2409 1667 Eos
2429 1620 2613 1666 autem
2640 1611 2734 1680 qui
2760 1611 2954 1664 dicunt
2992 1608 3193 1662 Filium
3225 1607 3323 1660 Dei
3364 1621 3431 1659 ex
3482 1605 3550 1657 iis
3597 1619 3727 1672 qua:-

2138 1722 2246 1760 non
2284 1711 2462 1768 erant,
2501 1713 2598 1758 aut
2639 1719 2707 1756 ex
2739 1703 2847 1756 alia
2877 1715 2998 1755 esse
3021 1698 3350 1759 substantia,
3387 1711 3495 1749 non
3535 1704 3718 1749 autem

2139 1811 2206 1849 ex
2251 1795 2400 1847 Deo:
2435 1801 2491 1846 et
2534 1792 2703 1846 fuisse
2749 1800 2967 1859 tempus
3001 1796 3096 1842 aut
3133 1785 3392 1841 saeculum
3439 1800 3563 1838 cum
3610 1800 3721 1836 non

2142 1885 2449 1946 exsisteret,
2484 1883 2691 1936 alienos
2731 1898 2761 1935 a
2801 1897 2858 1934 se
2880 1887 3066 1933 censet
3105 1885 3288 1931 sancta
3341 1882 3397 1929 et
3440 1875 3722 1928 Catholica

482 1968 790 2037 Ἐκκλησία.
826 1971 992 2024 Πάλιν
1011 1966 1104 2024 οὖν
1135 1971 1388 2041 ἐροῦμεν,
1413 1972 1566 2035 εἴτις
1593 1973 1680 2026 τὸν
1705 1975 1923 2046 Πατέρα
1946 1978 2040 2030 καὶ
2074 1975 2114 2028 Β
2140 1977 2265 2030 Eccl

1946 1978 2040 2030 καὶ
2074 1975 2114 2028 Β
2140 1975 2406 2030 Ecclesia.
2435 1975 2639 2026 lterum
2666 1987 2796 2041 ergo
2824 1971 3086 2023 dicimus:
3145 1969 3189 2020 si
3226 1966 3350 2035 quis
3400 1966 3614 2019 Patrem
3662 1973 3716 2017 et

471 2057 556 2108 τὸν
585 2057 714 2110 Υίὸν
742 2058 832 2111 δύο
861 2059 1004 2126 λέγει
1034 2059 1198 2120 Θεοὺς
1220 2100 1232 2120 ,
1272 2059 1518 2128 ἀνάθεμα
1549 2060 1703 2112 ἔστω.
1743 2062 1851 2114 Καὶ
1882 2063 2032 2123 εἴτις

469 2150 639 2214 λέγων
675 2148 808 2201 Θεὸν
844 2149 934 2202 τὸν
965 2149 1196 2218 Χριστὸν
1227 2151 1336 2218 (97)
1393 2149 1489 2218 ,τρὸ
1529 2151 1738 2204 αἰώνων
1771 2152 1895 2202 Υἱὸν
1935 2152 2030 2204 τοῦ

469 2238 631 2303 Ηεοῦ,
662 2239 1045 2310 ὑπονργηκότα
1082 2239 1157 2308 τῷ
1191 2240 1362 2309 [hth
1394 2242 1471 2302 εἰς
1497 2241 1595 2309 τὴν
1621 2241 1729 2293 τῶν
1767 2241 1902 2295 ὅλων
1936 2244 2033 2313 δην-

473 2330 754 2400 μιοοργίαν
791 2332 865 2402 μὴ
908 2331 1226 2401 ὁμολογοίη,
1258 2332 1505 2400 ἀνάθεμα
1535 2333 1694 2385 ἔστω.
1725 2335 1788 2386 Εἴ
1811 2352 1894 2398 τις
1942 2338 2034 2388 τὸν

469 2423 781 2492 ἀγέννητον,
811 2422 844 2491 ἢ
884 2421 1047 2492 μέρος
1075 2421 1262 2483 αὑτοῦ,
1308 2425 1370 2474 ἐκ
1403 2424 1620 2493 Μαρίας
1648 2423 1824 2491 λέγειν
1845 2442 2035 2493 γεγενοο

473 2514 664 2582 νῆσθαι
686 2513 875 2583 τολμᾷ,
913 2513 1157 2583 ἀνάθεμα
1178 2513 1337 2566 ἔστω.
1369 2512 1435 2566 Εἴ
1451 2530 1534 2576 τις
1562 2515 1702 2566 κατά
1728 2516 2034 2584 πρόγνωσιν

472 2605 561 2657 τὸν
583 2606 646 2656 ἐκ
673 2604 892 2674 Μαρίας
920 2603 1068 2671 λέγοι
1112 2605 1222 2656 υἱὸν
1255 2598 1415 2663 εἶναι,
1461 2604 1553 2655 καὶ
1588 2603 1662 2672 μὴ
1698 2604 1798 2674 πρὸ
1824 2604 2035 2658 αἰώνων

469 2698 533 2749 lx
565 2696 657 2748 τοῦ
688 2695 901 2763 Πατρὸς
942 2694 1336 2763 γεγεννημένον
1385 2693 1521 2763 πρὸς
1566 2693 1656 2746 τὸν
1695 2694 1827 2745 Θεὸν
1867 2693 2030 2755 εἶναι,

475 2787 566 2838 καὶ
593 2786 657 2838 δι’
692 2784 856 2838 αὐτοῦ
883 2785 1210 2855 γεγενῆσθαι
1237 2784 1306 2837 τά
1350 2785 1556 2847 πάντα,
1588 2785 1837 2855 ἀνάθεμα
1873 2785 2034 2840 ἔστω.

477 2877 538 2928 Εἴ
569 2894 651 2939 τις
678 2876 776 2946 τὴν
806 2876 991 2929 οὐσίαν
1021 2875 1112 2929 τοῦ
1138 2875 1272 2929 Θεοῦ
1317 2875 1708 2939 πλατύνεσθαι,
1739 2877 1770 2947 ἢ
1820 2876 2038 2928 συστέλ-

476 2965 658 3018 λεσθαι
695 2967 928 3034 φάσκοι,
968 2966 1215 3036 ἀνάθεμα
1244 2966 1403 3019 ἔστω.
1438 2967 1506 3020 Εἴ
1525 2984 1608 3030 τις
1635 2967 2039 3037 πλατυνομένην

475 3057 572 3126 τὴν
597 3058 783 3110 οὐσίαν
799 3059 892 3110 τοῦ
916 3058 1050 3110 Θεοῦ
1078 3059 1168 3110 τὸν
1192 3058 1317 3111 Υίὸν
1338 3059 1482 3125 λέγοι
1503 3061 1696 3120 ποιεῖν,
1725 3059 1756 3128 ἢ
1786 3059 1876 3111 τὸν
1901 3060 2037 3112 πλαι·

476 3150 677 3219 τυσμὸν
720 3150 818 3219 τῆς
860 3150 1048 3212 οὐσίας
1092 3149 1258 3202 αὐτοῦ
1306 3149 1432 3202 Υἱὸν
1461 3148 1750 3218 ὀνομάζει,
1790 3149 2039 3220 ἀνάθεμα

477 3241 636 3295 ἔστω.
671 3241 836 3305 Εῐτις
862 3241 1160 3294 ἐνδιάθετον
1188 3241 1220 3308 ἢ
1253 3241 1578 3311 προφορικὸν
1597 3240 1749 3308 λόγον
1782 3240 1926 3309 λέγοι
1948 3242 2040 3294 τὸν

2135 2064 2330 2117 Filium
2365 2063 2504 2116 duos
2533 2061 2735 2114 dixerit
2765 2061 2924 2120 Deos,
2954 2057 3238 2110 anathema
3265 2055 3354 2106 sit.
3405 2054 3473 2106 Et
3505 2054 3549 2107 si
3594 2053 3720 2122 quis

2131 2155 2411 2209 Christum
2452 2154 2621 2205 Deum
2673 2151 2879 2219 Deique
2928 2149 3126 2202 Filium
3179 2155 3306 2202 ante
3362 2146 3558 2200 sarcula
3604 2161 3721 2200 esse

2133 2244 2342 2307 dicens,
2386 2243 2640 2297 eumdem
2671 2258 2782 2295 non
2817 2239 3152 2294 confiteatur
3185 2237 3239 2290 in
3275 2236 3552 2290 creatione
3601 2251 3720 2288 om-

2134 2335 2286 2387 nimn
2345 2350 2526 2386 rerum
2573 2331 2720 2386 Patri
2775 2331 3140 2392 ministrasse,
3178 2327 3469 2380 anathema
3520 2325 3610 2378 sit.
3663 2323 3719 2378 Si

2133 2432 2258 2501 quis
2299 2430 2619 2500 ingenitum,
2655 2436 2750 2482 aut
2793 2434 3002 2497 partem
3031 2425 3169 2494 ejus,
3197 2439 3264 2476 ex
3313 2422 3482 2474 Maria
3531 2428 3718 2473 natum

2134 2539 2253 2577 esse
2282 2521 2480 2575 audeat
2506 2521 2712 2584 dicere,
2744 2519 3034 2573 anathema
3056 2517 3146 2569 sit.
3178 2515 3234 2569 Si
3267 2516 3392 2584 quis
3417 2513 3719 2568 secundum

2134 2613 2533 2684 prmscientiam
2585 2628 2653 2666 ex
2696 2611 2865 2664 Maria
2899 2608 3048 2662 dicat
3080 2606 3278 2660 Filium
3307 2621 3448 2668 esse,
3477 2621 3586 2658 non
3626 2620 3723 2657 au—

2139 2707 2245 2756 tem
2276 2712 2402 2757 ante
2433 2703 2628 2756 saecula
2660 2717 2727 2755 ex
2760 2702 2921 2754 Patre
2960 2705 3146 2751 natum
3173 2695 3317 2764 apud
3361 2696 3530 2748 Deum
3579 2709 3720 2754 esse,

2137 2803 2193 2848 et
2225 2809 2322 2863 per
2362 2810 2489 2847 eum
2532 2793 2675 2846 facta
2720 2791 2887 2845 fuisse
2935 2790 3142 2852 omnia,
3191 2786 3482 2841 anathema
3525 2785 3614 2837 sit.
3666 2783 3722 2837 Si

2138 2885 2263 2953 quis
2295 2883 2657 2937 substantiam
2704 2881 2799 2934 Dei
2850 2878 3069 2934 dilatari
3123 2883 3221 2931 aut
3261 2874 3509 2930 contrahi
3555 2873 3720 2935 dicat,

2138 2975 2429 3029 anathema
2458 2974 2547 3028 sit.
2596 2973 2651 3026 Si
2702 2971 2827 3041 quis
2876 2971 3159 3024 dilatatam
3209 2965 3570 3022 substantiam
3627 2964 3723 3017 Dei

2139 3066 2337 3120 Filium
2404 3067 2585 3120 facere
2627 3063 2796 3125 dicat,
2849 3069 2946 3115 aut
2986 3059 3362 3115 dilatationem
3407 3055 3725 3110 substantia:

2139 3160 2259 3228 ejus
2280 3159 2526 3211 nominet
2546 3157 2764 3220 Filium,
2789 3154 3078 3209 anathema
3103 3152 3192 3206 sit.
3218 3150 3274 3204 Si
3297 3149 3421 3219 quis
3445 3149 3725 3203 inter-mnu

2141 3258 2235 3304 aut
2261 3249 2589 3320 prolativum
2621 3247 2848 3300 verbum
2885 3244 3089 3298 dixerit
3126 3244 3220 3297 Dei
3252 3242 3473 3305 Filium,
3501 3241 3730 3294 anathe-

480 3330 605 3384 Υίὸν
626 3330 718 3384 τοῦ
741 3331 898 3394 Θεοῦ,
929 3330 1172 3400 ἀνάθεμα
1194 3330 1352 3383 ἔστω.
1386 3329 1453 3382 Εἴ
1465 3347 1547 3393 τις
1578 3330 1859 3401 ἄνθρωπον
1881 3331 2038 3401 μόνον
2065 3312 2111 3372 C
2142 3357 2228 3394 ma
2261 3312 2266 3320 ⁸

1940 3331 2038 3384 ivov
2065 3312 2111 3372 (ἶ
2142 3357 2228 3394 ma
2261 3312 2357 3392 sit.
2384 3339 2439 3393 Si
2463 3339 2587 3409 quis
2626 3338 2826 3390 Filium
2859 3352 2927 3390 ex
2969 3335 3138 3389 Maria
3187 3341 3398 3396 natum,
3450 3331 3726 3386 hominem

479 3421 625 3490 λέγοι
644 3420 732 3472 τὸν
758 3420 882 3473 Υἱὸν
906 3421 996 3473 τὸν
1029 3422 1092 3473 ὲκ
1121 3420 1336 3490 Μαρίας
1359 3460 1373 3483 ,
1403 3420 1648 3490 ἀνάθεμα
1687 3421 1846 3474 ἔστω.
1875 3423 1940 3474 El‘
1957 3439 2040 3487 τις

480 3511 610 3564 Θεὸν
635 3513 727 3564 καὶ
752 3511 1034 3581 ἄνθρωπον
1064 3511 1156 3564 τὸν
1192 3512 1256 3564 ὲκ
1303 3511 1523 3582 Μαρίας
1553 3511 1746 3580 λέγων,
1787 3513 1918 3566 Θεὸν
1950 3514 2041 3566 τὸν

480 3603 769 3672 ἀγέννητον
792 3601 953 3655 αὐτὸν
976 3604 1116 3664 νοεῖ,
1141 3601 1387 3672 ἀνάθεμα
1423 3602 1581 3657 ἔστω.
1602 3602 1669 3656 Εἴ
1687 3621 1770 3669 τις
1798 3605 1876 3670 τὸ,
1895 3606 2045 3676 Ἐγὼ

484 3695 627 3757 Θεὸς
652 3693 899 3762 πρῶτος,
931 3694 1025 3749 καί
1052 3694 1167 3763 ἐγὼ
1191 3695 1551 3764 μεταταῦτα,
1581 3696 1677 3749 καὶ
1714 3696 1881 3766 πλὴν
1898 3697 2044 3764 ἐμοῦ

483 3787 591 3837 οὐκ
633 3785 764 3838 ἔστι
805 3785 968 3850 Θεὸς,
1008 3786 1068 3839 τὸ
1106 3787 1189 3838 ἐπ’
1220 3788 1494 3860 ἀναιρέσει
1533 3789 1764 3842 εἰδώλων
1804 3793 1898 3843 καὶ
1937 3792 2044 3843 τῶν

489 3877 561 3944 μὴ
592 3878 758 3929 ὄντων
785 3875 924 3928 θεῶν
955 3877 1258 3946 εἰρημένον,
1283 3879 1366 3930 ἐπ’
1395 3881 1669 3950 ἀναιρέσει
1692 3880 1784 3933 τοῦ
1821 3899 2044 3950 μονογε-

486 3968 605 4030 νοῦς
640 3968 747 4038 πρὸ
774 3967 882 4020 τῶν
922 3967 1128 4020 αἰώνων
1162 3968 1294 4021 Θεοῦ
1337 3969 1634 4034 Ἰουδαϊκῶς
1675 3972 2043 4042 ἐκλαμϐάνοι,

485 4059 730 4129 ἀνάθεμα
755 4058 914 4113 ἔστω.
959 4059 1025 4111 Εἴ
1049 4076 1130 4121 τις
1168 4059 1262 4124 τὶ,
1310 4061 1372 4113 '0
1413 4063 1609 4130 Λόγος
1627 4063 1781 4132 σὰρξ
1809 4065 2045 4133 ἐγένετο

483 4149 716 4214 ἀκούων,
743 4149 832 4202 τὸν
851 4153 1020 4217 Λόγον
1049 4152 1129 4213 εἰς
1151 4152 1327 4222 σάρκα
1353 4153 1788 4223 μεταϐεϐλῆσθαι
1813 4157 2044 4226 νομίζοι,

487 4242 757 4312 ἤτροπὴν
809 4242 1262 4312 ὑπομεμενηκότα
1311 4243 1655 4314 ἀνειληφέναι
1699 4246 1796 4314 τὴν
1846 4249 2044 4318 σάρκα,

486 4333 730 4403 ἀνάθεμα
768 4332 927 4387 ἔστω.
978 4334 1047 4386 Εἴ
1072 4351 1156 4398 τις
1190 4334 1280 4387 τὸν
1316 4339 1573 4406 μονογενῆ
1602 4337 1723 4390 Υὶὸν
1769 4338 1862 4391 τοῦ
1912 4340 2045 4393 Θεοῦ

487 4427 896 4496 ἐσταυρωμένον
921 4425 1154 4487 ἀκούων,
1186 4425 1391 4496 φθορὰν
1419 4426 1451 4496 ἢ
1485 4428 1656 4490 πάθος
1688 4428 1824 4500 (98),
1851 4431 1882 4500 ἢ
1923 4448 2048 4502 τρο-

488 4517 614 4587 πὴν,
646 4517 678 4587 ἢ
715 4518 957 4585 μείωσιν,
989 4517 1020 4586 ἥ
1055 4518 1334 4588 ἀναίρεσιν
1373 4519 1846 4588 ὑπομεμενηκέναι
1876 4522 2044 4591 λέγοι,

487 4607 730 4676 ἀνάθεμα
758 4607 990 4659 ἔστω.Εῐ
1011 4624 1092 4667 τις
1120 4604 1199 4673 τὸ,
1234 4605 1580 4675 Ποιήσωμεν
1610 4607 1939 4674 ἄνθρωπον,
1972 4613 2045 4682 μὴ
2083 4644 2121 4694 υ

486 4699 575 4750 τὸν
604 4697 821 4768 Πατέρα
851 4696 985 4768 πρὸς
1010 4697 1100 4748 τὸν
1149 4698 1274 4749 Υἰὸν
1298 4699 1496 4765 λέγειν,
1539 4699 1674 4751 ἀλλὰ
1715 4701 1875 4752 αὑτὸν
1914 4703 2051 4772 πρὸς

487 4789 675 4841 ἑαυτὸν
693 4788 840 4855 λέγοι
868 4788 957 4840 τὸν
969 4787 1100 4840 Θεὸν
1119 4789 1419 4857 εἰρηκέναι,
1437 4788 1683 4858 ἀνάθεμα
1705 4789 1862 4844 ἔστω.
1885 4793 1951 4844 Et
1968 4809 2050 4854 τις

492 4880 564 4949 μὴ
601 4881 692 4932 τὸν
739 4880 858 4932 Υἱὸν
880 4880 1026 4947 λέγοι
1053 4879 1131 4949 τῷ
1172 4879 1418 4951 Ἀϐραάμ
1445 4881 1715 4951 ἑωρᾶσθαι
1738 4922 1750 4944 ,
1785 4882 1920 4935 ἀλλὰ
1961 4884 2052 4937 τὸν

489 4973 777 5040 ἀγέννητον
793 4971 967 5041 Θεὸνῆ
1000 4971 1158 5041 μέρος
1169 4969 1355 5031 αὑτοῦ,
1374 4970 1616 5040 ἀνάθεμα
1633 4970 1862 5025 ἔστω.Εἰ’
1873 4990 1954 5036 τις
1977 4974 2052 5042 τῷ

559 5135 605 5162 δ’
631 5133 728 5185 lsa.
769 5147 868 5194 xu,
901 5131 965 5184 ιε
997 5147 1136 5192 xuv,
1171 5130 1235 5194 6;
1265 5146 1439 5191 xum,
1487 5131 1568 5184 l2.

1648 5133 1689 5162 δ’
1716 5133 1867 5187 Jaan.
1909 5152 1942 5195 I.
1997 5137 2077 5189 Η.

2145 3438 2356 3484 tantum
2380 3445 2499 3484 esse
2532 3429 2699 3490 dicat,
2729 3425 3016 3480 anathema
3048 3425 3138 3478 sit.
3178 3424 3234 3478 Si
3281 3422 3405 3492 quis
3450 3423 3620 3476 Deum
3673 3428 3729 3474 et

2145 3521 2425 3576 hominem
2453 3535 2522 3574 ex
2559 3519 2726 3573 Maria
2764 3524 2956 3572 natum
3007 3531 3128 3570 esse
3174 3514 3382 3576 dicens,
3429 3511 3725 3582 ingenitum

2147 3613 2324 3682 ipsum
2355 3612 2641 3680 intelligat,
2683 3608 2972 3663 anathema
3012 3606 3101 3659 sit.
3143 3604 3198 3658 Si
3237 3603 3362 3674 quis
3411 3600 3544 3655 illud
3582 3601 3727 3670 quod

2146 3704 2410 3772 scriptum
2440 3710 2557 3756 est:
2605 3701 2719 3768 Ego
2748 3699 2889 3752 Deus
2928 3698 3148 3768 primus,
3180 3704 3228 3747 et
3264 3710 3356 3764 ego
3398 3700 3596 3762 postea,
3641 3708 3731 3744 nec

2145 3805 2222 3848 est
2247 3793 2386 3848 alius
2417 3793 2556 3846 Deus
2603 3799 2796 3862 prwter
2846 3789 3027 3854 me“;
3071 3785 3217 3857 quod
3259 3785 3479 3854 quidem
3521 3783 3727 3837 dictum

2145 3885 2315 3940 estad
2353 3885 2772 3937 simulacrorum
2824 3888 2879 3935 et
2927 3879 3186 3933 falsorum
3231 3876 3516 3930 numinum
3577 3889 3729 3928 ever-

2147 3977 2384 4038 sionem,
2419 3975 2650 4030 Judaico
2671 3988 2821 4026 more
2844 3971 3128 4039 intelligat,
3157 3967 3311 4038 quasi
3339 3967 3543 4020 dictum
3569 3965 3638 4018 sit
3661 3964 3725 4018 ad

2149 4067 2564 4121 subversionem
2600 4063 2862 4133 unigeniti
2889 4062 3010 4116 Filii
3043 4061 3137 4115 Dei
3165 4061 3258 4130 qui
3290 4067 3372 4114 est
3410 4066 3534 4113 ante
3563 4074 3725 4112 samu-

2156 4161 2227 4224 la,
2264 4160 2551 4213 anathema
2580 4158 2668 4211 sit.
2699 4158 2753 4212 Si
2795 4156 2919 4226 quis
2955 4155 3185 4210 audiens
3211 4155 3327 4208 haec
3371 4153 3557 4217 verba,
3603 4151 3728 4206 Ver—

2152 4250 2272 4303 bum
2308 4267 2432 4302 caro
2469 4249 2667 4318 factum
2710 4247 2868 4311 est",
2908 4246 3148 4300 Verbum
3190 4245 3247 4298 in
3287 4259 3506 4298 carnem
3554 4253 3724 4296 muta-

2149 4350 2265 4394 tum
2296 4357 2416 4394 esse
2437 4341 2732 4403 existimet,
2757 4346 2854 4392 aut
2894 4337 3315 4392 conversionem
3348 4336 3584 4404 aliquam
3626 4349 3725 4403 pa-

2149 4432 2336 4486 tiendo
2372 4430 2728 4500 assumpsisse
2761 4444 3004 4492 carnem,
3029 4428 3318 4480 anathema
3358 4425 3445 4479 sit.
3493 4424 3548 4477 Si
3605 4424 3726 4493 quis

2149 4510 2491 4593 unigenitum
2518 4521 2714 4574 Filium
2740 4519 2836 4573 Dei
2864 4517 3092 4572 audiens
3117 4533 3236 4571 esse
3267 4514 3608 4578 cruciﬁxum,
3640 4513 3724 4567 di—

2148 4615 2432 4669 vinitatem
2462 4613 2581 4681 ejus
2607 4609 2968 4679 corruptioni,
3000 4616 3094 4662 aut
3119 4606 3381 4677 passioni,
3421 4613 3517 4659 aut
3550 4613 3723 4657 muta-

2155 4707 2289 4759 tioni
2319 4705 2477 4774 126
2503 4703 2793 4757 obnoxiam
2828 4701 2994 4756 fuisse
3023 4701 3191 4764 dicat,
3225 4706 3280 4753 et
3304 4697 3718 4751 diminutionem

2156 4797 2393 4866 aliquam
2415 4796 2500 4848 vel
2534 4794 2815 4848 interitum
2839 4791 3185 4853 sustinuisse,
3218 4789 3502 4843 anathema
3542 4787 3630 4841 sit.
3669 4785 3723 4839 Si

2157 4887 2282 4957 quis
2306 4885 2462 4950 illud,
2487 4885 2766 4939 Faciamus
2787 4881 3128 4940 hominem“,
3153 4896 3260 4932 non
3282 4881 3496 4933 Patrem
3527 4877 3726 4931 dixisse

2159 4979 2227 5033 ad
2252 4978 2471 5042 Filium,
2506 4976 2600 5031 sed
2638 4975 2704 5029 ad
2744 4975 3092 5042 semetipsum
3128 4973 3368 5024 locutum
3409 4986 3526 5023 esse
3558 4969 3725 5022 Deum

2154 5136 2198 5167 “
2229 5137 2363 5191 Gen.
2397 5154 2434 5199 ι,
2469 5137 2553 5190 26.

1681 5271 1946 5326 V’ALESII
1987 5271 2533 5326 ANNOTATIONES.

564 5413 674 5482 (97)
693 5409 878 5482 καί-εἷ
896 5425 986 5482 τις
1015 5406 1210 5482 {terror
1224 5406 1330 5482 tor
1351 5408 1632 5482 Xp_lrrto'r.
1663 5407 1830 5482 Aliter
1856 5408 2050 5482 legisse

493 5476 713 5540 videtur
738 5478 998 5533 Hilarius.
1015 5476 1164 5547 Nam,
1182 5478 1237 5530 in
1261 5476 1403 5531 libro
1427 5478 1500 5530 De
1527 5478 1748 5547 synodis
1771 5476 2051 5532 hanc‘tidei

493 5551 778 5608 formulam
824 5548 1099 5610 referens,
1154 5545 1228 5599 ita
1287 5547 1454 5599 vertit
1493 5564 1504 5598 :
1553 5545 1621 5600 Et
1665 5549 1710 5600 si
1731 5546 1857 5616 'qnis
1891 5565 2054 5600 unum

494 5626 664 5676 dicens
719 5619 907 5680 Deum,
941 5616 1204 5671 Christum
1252 5623 1424 5668 autent
1481 5617 1644 5670 Deum
1687 5628 1808 5670 ante
1860 5617 2056 5671 serrula

498 5691 686 5745 Filium
721 5687 836 5750 Dei,
879 5688 1172 5741 obsecutum
1225 5685 1378 5739 Patri
1427 5688 1480 5740 in
1531 5689 1793 5740 creatione
1821 5689 2056 5740 omnium

496 5780 598 5815 non
627 5757 920 5825 conﬁtetur,
963 5758 1243 5810 anathema
1267 5758 1351 5809 sit.

553 5829 661 5897 (98)
723 5828 980 5881 Ἀκούων
1019 5826 1243 5897 φθορᾲν
1366 5825 1583 5897 πάθος,
1619 5835 1724 5878 etc.
1769 5827 1825 5880 In
1859 5826 2052 5897 codice

497 5895 696 5956 Leonis
722 5897 930 5958 Allatii,
969 5905 1023 5948 et
1052 5895 1192 5962 apud
1218 5895 1574 5953 Athanasium
1607 5897 1657 5949 in
1684 5897 1826 5949 lihro
1856 5896 1925 5950 De
1961 5913 2046 5948 sv-

2161 5407 2339 5470 nodis.
2370 5407 2462 5462 hic
2509 5403 2992 5459 anathematismus
3042 5403 3116 5456 ita
3161 5401 3469 5470 concipitur
3502 5417 3514 5452 :
3554 5401 3622 5470 Et
3647 5414 3730 5460 τις

2160 5479 2249 5530 τὸν
2307 5477 2565 5545 μονογενῆ
2599 5475 2734 5545 Υίὸν
2757 5474 2851 5545 τοῦ
2886 5473 3018 5545 Θεοῦ
3059 5469 3471 5545 ἐσταυρωμένον
3496 5469 3726 5545 ἀκούων.

2162 5549 2258 5614 τὴν
2302 5540 2750 5611 θεότήταάῦτοῦ
2791 5543 3074 5614 φθοράνᾉῆ
3128 5540 3330 5614 πάθος,
3384 5547 3514 5614 etc._
3543 5540 3727 5608 Neque

2163 5609 2319 5669 aliter
2343 5609 2474 5684 legit
2501 5615 2778 5684 Hilarius;
2805 5609 3072 5684 Sic'enim'
3106 5612 3288 5684 vertit
3314 5611 3460 5664 hunc
3500 5609 3678 5684 locum
3710 5627 3722 5661 :

2163 5685 2219 5738 Si
2273 5678 2425 5754 quis:
2462 5685 2676 5736 unicum
2731 5681 2924 5754 Filium
2966 5680 3063 5733 Dei
3111 5678 3418 5754 cruri/imum
3480 5678 3722 5741 audiens,

2161 5747 2409 5807 deitatem
2463 5754 2574 5823 ejus
2625 5752 3029 5823 corruptionem,
3058 5749 3136 5802 vel
3174 5747 3595 5823 possibilitatem,
3633 5757 3726 5799 aut

2161 5817 2586 5884 (Ιρηιιιεαῑὶοιιὶιηι,
2615 5831 2708 5875 aut
2747 5817 3163 5880 diminutionem,
3205 5818 3282 5872 vel
3315 5817 3724 5886 interfectionem

2162 5895 2465 5946 sustinuisse
2492 5891 2647 5945 dicat.
2690 5891 2968 5944 anathema
2993 5889 3076 5942 sit.
