4524 6582
779 488 889 548 983
2237 492 2568 550 SOCRATIS
3926 498 4027 552 ΞΜ

784 612 1016 672 asserat,
1041 565 1327 662 anathema
1348 605 1437 662 sit.
1460 604 1516 662 Si
1546 565 1672 677 quis
1690 621 1798 662 non
1824 606 2022 663 Filium
2046 604 2360 664 Abrahamo
2387 633 2431 689 Α
2474 608 2570 661 ἰω

2240 624 2360 664 amo
2387 633 2431 689 Α
2474 606 2668 662 ’ἰακὼό
2700 606 2811 676 (99)
2842 607 2917 679 μὴ
2943 607 3032 662 τὸν
3060 607 3188 661 Υίὸν
3207 606 3283 670 ὡς
3309 604 3593 679 ἄνθρωπον
3615 609 4026 679 πεπαλαικέναι.

785 695 967 750 visum
995 707 1115 750 esse
1139 692 1289 750 dicat
1299 694 1367 761 “,
1389 694 1483 750 sed
1510 695 1810 767 ingenitum
1829 697 2001 753 Deum
2027 706 2123 753 aut
2148 707 2359 768 partem
2460 699 2571 752 ἀλλέ

2241 707 2359 753 'tem
2460 699 2593 753 ἀλλά
2627 698 2718 752 τὸν
2739 699 3030 767 ἀγέννητον
3048 698 3203 763 Θεὸν,
3237 696 3269 769 ἢ
3308 697 3470 770 μέρος
3497 699 3661 754 αὑτοῦ
3689 700 3836 772 λέγοι
3854 743 3870 769 ,
3896 704 4027 760 ἀνά-

782 786 926 854 cjus,
956 783 1246 841 anathema
1286 785 1374 841 sit.
1428 784 1484 841 Si
1521 787 1644 858 quis
1688 803 1800 844 non
1847 788 2045 845 Filium
2102 798 2359 861 tanquam
2460 788 2564 860 θεμ

2241 805 2359 845 nam
2460 788 2603 860 θεμα
2638 789 2794 843 ἔστω.
2834 789 2901 844 El
2928 807 3014 854 τις
3042 790 3123 855 τὸ,
3176 790 3421 859 Ἕϐρεξε
3456 794 3670 860 Κύριος
3713 794 3872 861 παρὰ
3916 799 4027 852 Κυο

787 873 1068 930 hominem
1100 890 1226 931 eum
1250 875 1454 933 Iacobo
1486 878 1839 939 colluctatam
1867 895 1989 936 esse
2008 880 2157 937 dicat
2169 881 2237 948 “,
2263 880 2361 937 sed

788 963 1096 1034 ingenitum
1119 966 1289 1021 Deum
1313 977 1407 1023 aut
1426 979 1634 1040 partem
1660 970 1827 1037 illius,
1849 972 2141 1029 anathema
2165 973 2257 1028 sit.
2303 973 2362 1030 Si

789 1055 916 1126 quis
936 1055 1092 1123 illud,
1136 1057 1285 1113 Pluit
1309 1059 1563 1116 Dominus
1609 1079 1643 1117 α
1677 1063 1901 1118 Domino
1916 1064 1986 1130 δ’,
2015 1080 2127 1120 non
2158 1065 2227 1121 de
2256 1064 2361 1121 Pa-

792 1152 878 1203 tre
905 1162 969 1204 ac
997 1147 1135 1204 Filio
1161 1149 1451 1222 intelligat,
1465 1152 1560 1207 sed
1584 1152 1763 1224 ipsum
1788 1170 1819 1210 a
1844 1155 2139 1226 semetipso
2157 1155 2362 1225 pluisse

792 1238 959 1304 dicat,
996 1241 1287 1297 anathema
1316 1244 1403 1299 sit.
1440 1244 1587 1300 Pluit
1627 1246 1773 1301 enim
1811 1247 2076 1303 Dominus
2120 1246 2292 1303 Filius
2332 1262 2362 1302 a

793 1331 1025 1387 Domino
1047 1334 1226 1389 Patre.
1261 1334 1318 1390 Si
1345 1337 1469 1407 quis
1488 1338 1713 1395 audiens
1742 1339 2029 1395 Dominum
2065 1340 2284 1396 Patrem
2310 1349 2367 1396 et

799 1422 1087 1478 Dominum
1104 1425 1321 1492 Filium,
1336 1436 1429 1483 aut
1441 1430 1727 1485 Dominum
1739 1431 1954 1487 Patrem
1966 1441 2022 1488 et
2036 1432 2253 1497 Filium,
2271 1442 2367 1488 aut

798 1510 1065 1582 Dominus
1087 1532 1155 1571 ex
1174 1517 1406 1573 Domino
1421 1520 1628 1586 dicens,
1660 1521 1800 1579 duos
1818 1522 2018 1578 dixerit
2044 1524 2205 1589 Deos,
2233 1540 2366 1579 ana-

799 1606 983 1661 thema
1016 1607 1105 1663 sit.
1133 1607 1251 1663 Non
1289 1610 1435 1664 enim
1473 1611 1669 1667 Filium
1698 1629 2044 1684 exmquamus
2070 1615 2239 1680 Patri,
2271 1615 2366 1671 sed

796 1695 1104 1767 subjectum
1126 1698 1204 1753 illi
1223 1714 1342 1755 esse
1363 1702 1731 1772 intelligimus.
1749 1703 1937 1775 Neque
1956 1704 2103 1760 enim
2128 1707 2245 1761 sine
2268 1722 2367 1761 vo-

796 1783 1005 1842 luntate
1022 1787 1200 1845 Patris
1219 1789 1498 1847 descendit
1517 1793 1829 1860 Sodomam,
1860 1812 2039 1868 neque
2069 1798 2207 1868 pluit
2225 1814 2256 1853 a
2285 1814 2370 1852 se-

796 1877 1050 1948 metipso,
1069 1880 1164 1935 sed
1183 1896 1214 1936 a
1229 1881 1479 1949 Domino,
1500 1884 1604 1940 hoc
1620 1894 1702 1942 est
1730 1902 1761 1941 a
1796 1887 1979 1952 Patre,
2007 1904 2176 1958 penes
2204 1906 2367 1960 quem

2451 882 2612 950 plov,
2653 881 2727 953 μὴ
2774 881 2867 935 ἐπὶ
2898 882 2992 936 τοῦ
3028 883 3239 955 Πατρὸς
3262 884 3355 938 καὶ
3392 884 3485 939 τοῦ
3515 886 3642 939 Υίοῦ
3672 886 4026 957 ἐκλαμϐάνοι,

2460 972 2575 1026 ἀλλ’
2609 973 2772 1027 αὑτὸν
2810 974 2941 1046 παρ’
2980 974 3173 1029 ἑαυτοῦ
3201 974 3349 1044 λέγοι
3396 975 3749 1048 βεϐρεχέναι,
3780 978 4031 1049 ἀνάθεμα

2460 1063 2617 1118 ἔστω.
2644 1064 2871 1137 Ἔϐρεξε
2905 1065 3013 1138 γάρ
3041 1065 3246 1138 Κύριος
3271 1068 3300 1120 ὁ
3335 1068 3485 1131 Υἱὸς,
3516 1068 3667 1136 παρά
3696 1069 3903 1140 Κυρίου
3938 1069 4030 1123 τοῦ

2462 1156 2691 1228 Πατρός.
2715 1155 2880 1222 Εῐτις
2900 1157 3110 1213 ἀκούων
3127 1158 3330 1230 Κύριον
3350 1159 3423 1228 (l)
3443 1158 3532 1212 τὸν
3562 1159 3801 1231 Πατέρα,
3827 1158 3919 1213 καὶ
3943 1159 4032 1212 τὸν

2464 1249 2591 1304 Υίδν
2630 1249 2857 1320 Κύριον,
2891 1250 2983 1304 καὶ
3031 1250 3237 1322 Κύριον
3265 1250 3358 1305 τὸν
3394 1250 3615 1322 Πατέρα
3643 1252 3739 1306 καὶ
3773 1249 3868 1306 τὸν
3901 1250 4031 1304 Υῑὸν

2462 1338 2629 1404 εἴποι,
2659 1341 2755 1393 xal.
2777 1339 2980 1410 Κύριος
3018 1340 3084 1393 ὲκ
3105 1340 3311 1413 Κυρίου
3336 1340 3532 1410 λέγων,
3554 1341 3647 1395 δύο
3662 1341 3812 1411 λέγοι
3841 1340 4028 1405 Θεοὺς,

2463 1428 2713 1500 ἀνάθεμα
2757 1428 2915 1484 ἔστω.
2963 1427 3040 1485 Ob
3082 1429 3192 1502 γάρ
3236 1429 3606 1502 συντάσσομεν
3653 1432 3744 1485 τὸν
3783 1431 3913 1485 Υίδν
3953 1430 4032 1502 τῷ

2464 1518 2684 1591 Πατρὶ,
2715 1519 2829 1574 ἀλλ’
2885 1519 3326 1591 ὑποτεταγμένον
3372 1519 3451 1591 τῷ
3493 1521 3686 1591 Πατρί.
3748 1520 3885 1575 Οὔτε
3922 1521 4032 1594 γάρ

2465 1596 2732 1679 κατῆλθεν
2746 1612 2825 1674 εἰς
2852 1610 3009 1681 σῶμα
3037 1611 3205 1666 ’ἄνευ
3239 1609 3436 1682 βουλῆς
3472 1610 3565 1664 τοῦ
3613 1612 3824 1682 Πατρός
3843 1629 3857 1643 ⁸
3912 1612 4033 1666 οὐδὲ

2467 1698 2684 1770 ἔϐρεξεν
2703 1699 2794 1768 ἀφ’
2822 1698 3043 1764 ἑαυτοῦ,
3064 1698 3202 1753 ἀλλά
3222 1698 3373 1771 παρά
3392 1700 3599 1770 Κυρίου
3626 1700 4030 1764 αύθεντοῦντος.

2466 1789 2665 1861 δηλαδὴ
2713 1788 2809 1843 τοῦ
2857 1789 3091 1862 Πατρός.
3138 1786 3277 1842 Οΰτε
3325 1789 3558 1860 κάθηται
3599 1791 3662 1843 ὲκ
3705 1789 3892 1856 δεξιῶν
3940 1791 4035 1857 ἀφ’

2469 1881 2682 1945 ἑαυτοῦ,
2709 1881 2824 1935 ἀλλ’
2846 1880 3031 1935 ἀκούει
3051 1879 3146 1935 τοῦ
3168 1879 3380 1952 Πατρὸς
3402 1880 3669 1950 λέγοντος·
3692 1883 3886 1936 Κάθου
3911 1890 3933 1919 ⁸
3965 1882 4034 1935 ἐκ

797 1979 881 2025 est
894 1972 1214 2029 auctoritas.
1225 1974 1335 2030 Nec
1351 1976 1503 2031 sedet
1514 1977 1565 2031 in
1582 1976 1802 2033 dextera
1816 1978 1992 2035 Patris
2004 1995 2036 2033 a
2049 1959 2362 2051 semetipso;
2398 1968 2438 2023 Β
2468 1971 2583 2037 δεξέ

2248 1995 2362 2051 p30;
2398 1968 2438 2023 Β
2468 1970 2681 2037 δεξιῶν
2695 1990 2838 2042 μου,
2860 1959 3105 2043 ἀνάθέμα
3126 1969 3285 2026 ἔστω.
3309 1972 3470 2037 Εῐτις
3489 1972 3580 2026 τὸν
3597 1973 3815 2045 Πατέρα
3831 1973 4034 2025 καὶτὸν

798 2063 895 2119 sed
927 2065 1141 2122 Patrem
1160 2069 1314 2123 audit
1339 2070 1635 2138 dicentem,
1661 2071 1794 2128 Sede
1824 2091 1859 2127 a
1887 2074 2083 2129 dextris
2105 2075 2370 2131 meis“.Si

798 2155 921 2223 quis
940 2155 1177 2225 Patrem,
1189 2158 1386 2215 Filium
1404 2170 1458 2215 et
1473 2160 1737 2233 Spiritum
1754 2170 2001 2217 sanctum
2013 2179 2176 2219 unam
2186 2178 2375 2235 perso-

799 2259 924 2298 nam
948 2261 1066 2303 esse
1085 2248 1249 2315 dicat,
1276 2251 1564 2307 anathema
1586 2252 1676 2307 sit.
1712 2252 1769 2307 Si
1788 2253 1912 2323 quis
1936 2251 2198 2323 Spiritum
2248 2270 2374 2309 san-

799 2341 947 2389 ctum
964 2337 1301 2394 Paracletum
1316 2342 1826 2414 dicens,ingenitum
1837 2344 2007 2399 Deum
2022 2345 2375 2410 dixerit,ana-
2396 2394 2403 2398 .

801 2429 981 2484 thema
1003 2429 1092 2485 sit.
1125 2430 1181 2486 Si
1209 2432 1332 2502 quis
1361 2449 1469 2488 non
1490 2436 1657 2490 alium
1685 2451 1847 2506 quam
1873 2437 2070 2491 Filium
2087 2436 2232 2491 dicat
2250 2452 2371 2492 esse

800 2520 1162 2589 Paracletum,
1199 2524 1342 2579 sicut
1374 2526 1488 2596 ipse
1514 2527 1683 2583 Filius
1710 2544 1810 2585 nos
1836 2527 2042 2595 docuit,
2069 2545 2194 2584 cum
2225 2530 2373 2585 dice-

803 2620 917 2665 ret:
948 2612 1128 2668 Alium
1171 2613 1506 2671 Paracletum
1533 2620 1699 2673 mittet
1730 2620 1869 2675 vobis
1900 2620 2065 2675 Pater
2085 2638 2237 2693 quem
2279 2638 2371 2693 ego

802 2701 1072 2772 rogabo",
1103 2706 1391 2766 anathema
1421 2708 1511 2762 sit.
1530 2707 1586 2764 Si
1606 2710 1730 2780 quis
1754 2710 2017 2781 Spiritum
2041 2719 2251 2782 partem
2270 2713 2372 2767 Pa—

801 2792 903 2846 tris
930 2801 987 2847 et
1012 2792 1133 2847 Filii
1160 2810 1279 2851 esse
1311 2795 1533 2861 dixerit,
1564 2799 1853 2856 anathema
1878 2801 1967 2855 sit.
1998 2800 2053 2856 Si
2094 2802 2218 2872 quis
2265 2801 2369 2857 Pa-

801 2892 942 2939 trem
968 2893 1024 2939 et
1055 2885 1254 2942 Filium
1292 2896 1348 2944 et
1401 2889 1664 2960 Spiritum
1714 2903 1961 2948 sanctum
2010 2901 2124 2948 tres
2170 2894 2371 2949 dixerit

802 2976 962 3040 Deos,
1003 2977 1290 3034 anathema
1328 2979 1422 3034 sit.
1452 2980 1508 3035 Si
1556 2981 1681 3051 quis
1728 2982 1927 3037 Filium
1962 2984 2058 3039 Dei
2089 2985 2369 3041 voluntate

802 3064 979 3121 Patris
999 3075 1255 3138 tanquam
1290 3086 1450 3126 unam
1489 3088 1555 3127 ex
1582 3075 1847 3130 creaturis
1887 3077 2160 3132 exstitisse
2201 3077 2365 3143 dicat,

803 3155 1093 3211 anathema
1124 3157 1211 3215 sit.
1245 3157 1300 3213 Si
1328 3161 1453 3229 quis
1478 3162 1673 3217 Filium
1702 3179 1812 3218 non
1846 3165 2060 3220 volente
2081 3166 2239 3221 Patre
2271 3182 2367 3237 ge-

2471 2061 2601 2116 Υἱὸν
2631 2062 2725 2116 καὶ
2764 2061 2825 2115 τὸ
2864 2062 3016 2131 ἅγιον
3062 2059 3283 2132 Πνεῦμα
3320 2059 3378 2115 ἓν
3419 2062 3708 2134 πρόσωπον
3757 2062 3903 2131 λέγοι
3963 2064 3980 2099 ί
4018 2104 4033 2128 ,

2468 2153 2716 2225 ἀνάθεμα
2747 2153 2903 2207 ἔστω.
2933 2153 3002 2208 El
3022 2170 3106 2218 τις
3135 2152 3195 2207 τὸ
3223 2151 3448 2224 Πνεῦμα
3483 2155 3544 2208 τὸ
3571 2154 3722 2223 ἀγιον
3749 2156 4037 2227 Παράκλη-

2468 2262 2560 2300 τον
2593 2246 2787 2315 λέγων,
2820 2245 2910 2298 τὸν
2938 2245 3230 2317 ἀγέννητον
3255 2245 3400 2316 λέγοι
3421 2245 3573 2313 Θεὸν,
3601 2245 3847 2316 ἀνάθεμα
3875 2246 4033 2299 ἔστω.

2470 2335 2633 2403 Εττις
2661 2337 2737 2402 ὡς
2769 2335 3004 2402 ἐδίδαξεν
3023 2339 3187 2409 ἡμᾶς,
3225 2338 3300 2411 μὴ
3324 2338 3480 2394 ἀλλον
3503 2337 3649 2407 λέγει
3668 2338 3729 2391 τὸ
3750 2338 4037 2409 Παράκλη-

2467 2446 2559 2484 τον
2584 2429 2734 2501 παρά
2752 2431 2842 2482 τὸν
2867 2429 2994 2484 Υῑόν
3015 2444 3032 2461 ο
3050 2429 3235 2504 εῐρηκε
3258 2429 3624 2502 γάρ.’Δ.ιλον
3648 2429 4038 2497 [laeduntur

2468 2523 2687 2593 πέμψει
2714 2523 2856 2593 ὑμῖν
2882 2527 2915 2580 d
2942 2524 3162 2594 Πατὴρ,
3195 2524 3268 2579 δν
3305 2523 3420 2594 ἐγὼ
3449 2520 3754 2592 ἐρωτήσω,
3791 2522 4037 2593 ἀνάθεμα

2468 2614 2629 2670 ἔστω.
2657 2613 2725 2670 Ei’
2746 2633 2827 2680 τις
2850 2616 2911 2669 τὸ
2946 2616 3171 2688 Πνεῦμα
3201 2615 3364 2688 μέρος
3398 2613 3546 2683 λέγοι
3572 2613 3666 2668 τοῦ
3698 2614 3909 2686 Πατρδς
3948 2616 4039 2668 καὶ

2466 2705 2562 2760 τοῦ
2591 2706 2741 2768 Υἱοῦ.
2778 2706 3029 2777 ἀνάθεμα
3059 2706 3219 2761 ἔστω.
3248 2705 3317 2760 Et
3343 2724 3427 2770 τις
3458 2706 3549 2760 τὸν
3574 2704 3793 2777 Πατέρα
3818 2707 3911 2758 καὶ
3949 2704 4038 2756 τὸν

2468 2796 2599 2850 Υῑὸν
2642 2796 2739 2850 καὶ
2773 2796 2837 2851 τὸ
2868 2796 3020 2866 ἅγιον
3054 2797 3277 2868 Πνεῦμα
3316 2799 3463 2869 τρεῖς
3502 2796 3648 2864 λέγοι
3678 2795 3878 2861 Θεοὺς,
3908 2796 4036 2848 ἀνά-

2469 2890 2611 2961 θεμα
2632 2890 2790 2946 ἔστω.
2823 2892 2985 2955 Εῐτις
3014 2890 3263 2964 βουλήσει
3288 2891 3382 2946 τοῦ
3405 2892 3562 2951 Θεοῦ,
3593 2891 3675 2956 ὡς
3701 2889 3760 2944 ἒν
3777 2889 3886 2943 τῶν
3924 2907 4037 2943 κτι-

2470 2982 2691 3052 σμάτων
2734 2982 3007 3053 γεγονέναι
3036 2982 3183 3051 λέγοι
3209 2982 3299 3037 τὸν
3327 2982 3452 3037 Υἱὺν
3476 2981 3570 3037 τοῦ
3606 2980 3760 3042 Θεοῦ,
3793 2980 4036 3049 ἀνάθεμα

2467 3072 2626 3128 ἔστω.
2659 3072 2726 3127 Εἴ
2748 3089 2832 3138 τις
2865 3073 2939 3157 μῄ
2964 3072 3286 3144 θελήσαντος
3308 3074 3400 3127 τοῦ
3446 3073 3655 3143 Πατρος
3686 3071 4038 3141 γεγεννῆσθαι

2466 3163 2558 3218 τὸν
2595 3164 2726 3219 Υίὸν
2766 3165 2944 3235 λέγοι.
2993 3164 3242 3236 ἀνάθεμα
3272 3166 3431 3219 ἔστω.
3476 3166 3550 3219 Οὐ
3590 3164 3699 3235 γὰρ
3734 3161 3973 3233 βιασθεὶς
4009 3162 4038 3213 ὁ

802 3243 978 3298 nitum
1006 3259 1126 3299 esse
1154 3245 1320 3312 dicat,
1353 3249 1644 3305 anathema
1667 3251 1755 3305 sit.
1795 3252 1914 3306 Non
1954 3253 2101 3308 enim
2144 3262 2366 3309 coactus
2402 3314 2438 3328 Α
2469 3258 2588 3312 Πατ

2248 3262 2366 3309 ctus
2402 3314 2438 3328 Α
2469 3256 2658 3328 Πατὴρ
2682 3257 2759 3327 (2)
2796 3256 2902 3311 ὑπὸ
2928 3256 3177 3328 ἀνάγκης
3214 3257 3446 3328 φυσικῆς
3466 3296 3481 3318 ,
3508 3252 3665 3319 αὖθις
3687 3254 3763 3317 ὼς
3788 3254 3889 3306 οὐκ
3912 3252 4034 3324 ἠθε-

805 3335 992 3400 Pater,
1021 3337 1104 3391 vel
1132 3339 1367 3393 naturali
1395 3341 1718 3401 necessitate
1766 3341 1985 3408 ductus,
2023 3358 2149 3398 cum
2199 3345 2369 3400 nollet
2397 3314 2439 3375 ϐ
2470 3347 2562 3401 λεν
2589 3372 2591 3394 ι

2250 3345 2369 3400 )llet
2397 3314 2439 3375 C
2470 3347 2562 3401 λεν
2589 3314 2843 3417 εἶπεν...
2868 3348 2959 3402 τὸν
3001 3314 3173 3402 Υέωῗ
3214 3314 3330 3403 ἁλλ’
3356 3314 3477 3417 alia
3515 3364 3576 3400 τε
3608 3314 3872 3416 mare,
3895 3386 3910 3409 ,
3933 3314 4036 3397 ’και

804 3418 993 3487 genuit
1019 3419 1245 3474 Filium:
1278 3422 1373 3477 sed
1409 3423 1569 3479 simul
1598 3440 1662 3479 ac
1680 3425 1874 3503 voluit,
1899 3425 2016 3482 sine
2045 3435 2290 3498 tempore
2312 3437 2368 3484 et
2475 3437 2590 3507 ἀχρ

2251 3444 2290 3483 'e
2312 3437 2368 3484 et
2475 3437 2724 3507 ἀχρὸνως
2768 3438 2865 3491 καὶ
2917 3437 3145 3501 ἀπαθῶς
3185 3437 3243 3504 ἐξ
3299 3435 3493 3491 ἑαυτοῦ
3556 3435 3716 3489 αὑτὸν
3770 3434 4037 3503 γεννήσας

805 3509 923 3564 sine
953 3511 1205 3579 passione
1229 3529 1295 3568 ex
1323 3530 1380 3570 se
1409 3517 1653 3587 genitum
1675 3516 1829 3571 illum
1855 3518 2117 3574 ostendit.
2145 3519 2202 3574 Si
2244 3521 2367 3591 quis
2471 3527 2591 3580 ἀπέἐ

2244 3521 2367 3591 quis
2471 3526 2771 3594 ἀπέδειξεν,
2793 3527 3043 3598 ἀνάθεμα
3058 3528 3217 3583 ἔστω.
3254 3526 3322 3582 Εἴ
3358 3543 3441 3590 τις
3459 3525 3749 3594 ἀγέννητον
3766 3524 3858 3577 καὶ
3880 3523 4027 3590 άναρ

806 3598 1004 3653 Filium
1063 3599 1363 3671 ingenitum
1414 3614 1471 3660 et
1514 3606 1767 3677 principii
1808 3617 2091 3678 expertem
2141 3609 2363 3678 dixerit,
2442 3601 2564 3688 ’χον

2250 3614 2363 3678 πει,
2442 3601 2564 3688 ’χον
2592 3618 2739 3688 λέγοι
2761 3617 2850 3672 τὸν
2870 3619 2996 3673 Υίὺν
3011 3627 3040 3655 ιι
3069 3619 3175 3685 ,ὡς
3194 3618 3286 3672 δύο
3311 3609 3522 3689 ἀναρχα
3541 3617 3635 3672 καὶ
3655 3614 3749 3670 δύο
3773 3613 4036 3684 ἀγέννητον

880 3755 925 3789 ⁸⁸
973 3754 1131 3812 Joan.
1173 3775 1285 3826 rm,
1332 3761 1420 3818 56.
1495 3762 1542 3796 “
1570 3761 1706 3819 Gen.
1770 3779 1933 3830 xxxu,
1970 3763 2041 3818 24
2093 3779 2213 3835 sqq.
2288 3766 2331 3798 "
2360 3767 2499 3824 Gen.
2553 3787 2661 3836 xix,
2728 3771 2816 3825 Et.
2893 3771 2938 3803 “
2997 3771 3139 3826 Psal.
3170 3771 3354 3837 crx,l.
3432 3770 3659 3826 "Joan.
3693 3784 3805 3835 xlv,
3845 3767 3930 3822 16.

2002 3946 2271 4004 VALESll
2307 3948 2853 4005 ANNOTATIONES.

884 4086 995 4158 (99)
1026 4086 1098 4140 El
1126 4102 1215 4158 τις
1245 4084 1325 4150 τῷ
1371 4085 1591 4142 Ἰακώϐ.
1641 4085 1888 4149 Omissus
1910 4097 2047 4158 erat
2092 4088 2197 4143 hoc
2249 4090 2369 4144 loco
2469 4091 2753 4147 Dominum
2796 4098 2845 4145 et
2874 4088 3158 4145 Dominum
3194 4089 3321 4144 duos
3367 4090 3508 4144 dicat
3534 4087 3670 4143 Deos
3707 4103 3726 4142 :
3760 4090 4041 4144 anathema

812 4156 1295 4233 anathematismus
1321 4157 1552 4233 integer,
1587 4172 1748 4227 quem
1791 4173 1859 4213 ex
1891 4157 2171 4213 Athanasii
2196 4168 2253 4215 et
2278 4160 2371 4214 lli-
2469 4161 2598 4217 sit.l

2278 4160 2371 4214 Hi-
2469 4164 2558 4217 sit.
2584 4161 2741 4233 Legit
2772 4161 2939 4233 igitur
2970 4160 3212 4233 Hilarius
3238 4178 3254 4233 ς
3289 4161 3354 4214 Et
3378 4176 3463 4233 τις
3488 4158 3699 4233 ἀκούων
3720 4158 4040 4233 Κύριον-τὸν

813 4228 1104 4302 ιοτίίιῃῃο
1127 4227 1396 4302 suppleyi.
1685 4298 1730 4302 __
1862 4298 1876 4302 _
2261 4299 2271 4302 _
2472 4233 2599 4285 Πατι

2261 4299 2271 4302 _
2472 4227 2696 4302 Πατέρα
2744 4227 2837 4284 καὶ
2866 4230 2967 4302 ,τὸν
3003 4230 3132 4302 Υίδν
3170 4230 3396 4302 Κύριον,
3421 4229 3545 4302 ius!
3560 4227 3903 4302 _Kbpto;'ix_
3925 4231 4028 4302 Κύ-

885 4297 961 4379 (l)
986 4297 1053 4378 Et
1074 4314 1162 4363 τις
1193 4297 1841 4379 ἀκούωνζςύέιον.-Ηιιηο
1862 4298 2042 4379 lecum
2064 4298 2215 4379 edidi
2226 4299 2375 4379 sicut
2473 4302 2590 4379 ρίου
2611 4297 2671 4379 ,ξ

2254 4299 2375 4355 icut
2473 4302 2590 4379 ρίου
2611 4297 2760 4379 ,λεῖος⁸
2790 4300 3001 4379 ,Κύριον
3030 4300 3142 4379 ,καὶ
3172 4297 3406 4379 Κύριον,
3433 4297 3526 4351 τὸν
3560 4297 3781 4369 Πατέρα
3821 4300 3917 4351 καὶ
3948 4299 4040 4352 τὸν

812 4366 1010 4438 legitur
1039 4367 1094 4420 in
1118 4366 1336 4438 Optimis
1356 4367 1638 4438 codicibus
1665 4369 1978 4438 Florentino
1994 4377 2050 4423 et
2075 4369 2370 4424 Slortiano.
2473 4366 2598 4425 raw

1450 4368 1638 4423 licibus
1665 4369 1978 4438 Florentino
1994 4377 2050 4423 et
2075 4369 2370 4424 Sfortiano.
2473 4366 2605 4425 Υίὺν
2631 4369 2724 4424 δύο
2745 4366 2899 4438 λέγοι
2913 4368 3100 4438 Θεούς.
3128 4377 3236 4425 etc.

813 4440 987 4508 Aliter
1044 4445 1222 4508 tamen
1272 4437 1473 4508 legitur
1535 4439 1677 4508 apud
1756 4437 2152 4500 Athanasium:
2184 4438 2250 4492 Ei’
2292 4455 2375 4501 τις

2544 4440 2619 4512 (2)
2648 4443 2729 4494 Οὐ
2896 4441 2981 4509 μὴ
3012 4435 3395 4512 ,θουελομέιςου
3447 4437 3551 4492 τοῦ
3601 4437 3851 4506 Πατρός.
3889 4435 4040 4512 _Qua-

812 4507 1024 4587 ἀκρύων
1056 4507 1255 4587 Κύριον
1270 4507 1359 4587 τὸν
1381 4507 1615 4587 Πατέρα,
1637 4508 1845 4587 Pinifer:
1879 4508 2245 4587 l'ibvﬁbptov,
2279 4508 2372 4587 καὶ
2404 4530 2449 4587 D
2477 4507 2598 4587 tuor

2279 4508 2372 4587 καὶ
2404 4530 2449 4587 Ι)
2477 4507 2910 4587 tuor'postremze
2943 4524 3105 4564 voces
3126 4508 3373 4587 delendae
3401 4519 3581 4587 sunt}.
3601 4515 3856 4587 totusque
3884 4507 4041 4587 locus

815 4577 1039 4648 Κύριον,
1074 4577 1166 4648 τον
1204 4577 1424 4648 Πατέρα
1470 4579 1565 4631 καὶ
1601 4578 1712 4648 τὸν
1738 4578 1893 4631 Πάν’
1921 4581 2040 4631 ἐπεὶ

813 4645 1042 4717 Κυρίου,
1082 4646 1174 4699 δύο
1203 4645 1559 4717 λέγει’Θεοὺς,
1590 4647 1834 4717 ἀνάθεμα
1873 4648 2030 4702 ἔστω.
2057 4645 2187 4714 Quae
2210 4646 2377 4702 lectio

816 4716 1115 4785 simplicior
1156 4716 1287 4785 mihi
1334 4717 1548 4771 videtur
1595 4733 1657 4771 ac
1710 4718 1926 4772 rectior.
1968 4718 2205 4772 llilarius
2246 4732 2379 4771 vero

816 4784 890 4855 ita
922 4783 1087 4839 uertit
1110 4802 1124 4839 :
1151 4783 1207 4840 Si
1231 4787 1343 4855 quis
1376 4787 1677 4849 Dominum,
1703 4796 1751 4839 et
1780 4788 2059 4841 Dominum
2086 4787 2302 4841 Patrem
2330 4794 2381 4839 et

817 4854 1039 4921 Filium,
1073 4855 1224 4925 quasi
1245 4854 1542 4911 Dominum
1588 4875 1621 4911 a
1661 4857 1888 4912 Domino
1920 4857 2225 4928 intelligat:
2254 4858 2380 4927 quia

2139 4577 2288 4648 ύριος
2310 4579 2374 4648 ἔκ
2404 4576 2443 4587 ’
2476 4583 2551 4635 ita
2584 4576 2909 4635 séribendus
2942 4587 3028 4634 est
3060 4594 3126 4634 ex
3164 4578 3471 4648 Athanasio
3516 4577 3590 4631 Οὐ
3618 4576 3726 4648 γὰρ
3755 4576 3993 4648 βιασθεὶς
4015 4579 4041 4629 ὁ

2477 4651 2667 4720 Πατὴρ
2718 4651 2823 4703 ὑπὸ
2850 4651 3092 4720 άνάγκης
3116 4650 3351 4720 φυσικῆς
3380 4646 3585 4720 ἀχθεὶς.
3617 4645 3814 4710 ὼς⁷οὑκ
3834 4645 4040 4720 ἠθέλη-

2480 4702 2892 4802 σε’),Ῐέ-γέννησε
2938 4702 3061 4802 sbi.
3247 4702 3451 4802 9.3521”.
3465 4702 3792 4802 scripturam
3837 4702 4042 4771 contir-

2477 4797 2628 4845 mant
2654 4786 2894 4845 Hilarius
2916 4796 2973 4845 et
3000 4788 3343 4859 Epiphanius
3366 4786 3760 4843 Scholasticus.

2247 5005 2626 5063 VARIORUM.

899 5127 919 5153 τ
971 5116 1117 5189 Οὔτε
1175 5116 1284 5189 γὰρ
1328 5114 1624 5189 κατῆλθεν
1670 5120 1754 5184 είς
1797 5116 1985 5186 σῶμα.
2031 5118 2284 5173 Socrates
2330 5125 2387 5173 et
2481 5116 2652 5189 Deum

2258 5134 2284 5172 s
2330 5125 2387 5173 et
2481 5116 2652 5189 Deum
2694 5115 3096 5189 singulumesse
3122 5123 3172 5189 et
3200 5115 3519 5189 solitarium,
3556 5123 3605 5169 et
3642 5130 3785 5168 more
3820 5113 4044 5169 Iudaico

821 5187 1163 5258 Nicephorus
1198 5188 1570 5258 minusurecte
1607 5188 1792 5257 legunt
1844 5191 2019 5258 σῶμα.
2053 5189 2384 5243 Athanasius

825 5255 990 5330 habet
1009 5256 1223 5330 Didone
1245 5298 1275 5330 ,γ
1294 5255 1612 5330 et‘lli‘larius
1633 5255 1757 5313 cum
1779 5255 1994 5314 Valesio
2012 5259 2198 5323 vertit,
2218 5274 2384 5330 neque

825 5328 963 5381 enim
984 5323 1241 5380 descendit
1261 5329 1314 5380 in
1342 5323 1644 5381 Sodomam.

895 5408 918 5436 ι
942 5394 1154 5451 Κάθου.
1177 5395 1304 5452 Post
1321 5396 1486 5451 verba
1513 5396 1679 5451 κάθου
1716 5397 1779 5451 ἐκ
1800 5397 1985 5465 δεξιῶν
2007 5397 2382 5465 μου,ᾶθιθῐι(1ίιξ

824 5465 1230 5537 videnturduae
1256 5482 1417 5537 voces
1437 5483 1557 5536 qua:
1574 5479 1898 5537 sequuntur,
1926 5465 2168 5536 ἀνάθεμα
2197 5468 2337 5520 ἔστω
2354 5484 2368 5499 -

826 5553 962 5608 quas
981 5535 1209 5608 proinde
1221 5535 1465 5608 Valesius
1485 5537 1540 5591 in
1560 5535 1919 5608 sua—versione
1945 5535 2147 5592 omisit.
2167 5537 2373 5592 Occur-

828 5606 958 5678 runt
985 5614 1164 5678 tamen
1183 5607 1288 5662 hoc
1305 5606 1358 5660 in
1376 5608 1494 5662 loco
1520 5607 1661 5678 apud
1680 5608 2031 5663 Athanasium
2059 5609 2133 5661 De
2155 5608 2376 5676 synodis

827 5676 999 5748 Arim.
1023 5684 1082 5748 et
1133 5676 1371 5741 Selene,
1408 5687 1464 5734 et
1503 5676 1644 5748 apud
1682 5678 1967 5748 Hilarium.
2016 5678 2134 5732 Mox
2180 5681 2379 5734 iterum

829 5746 1137 5803 redundant
1163 5756 1287 5817 post
1323 5746 1586 5817 γεννήσας
1608 5746 1903 5812 ἀπέδειξεν.
1935 5748 2022 5802 W.
2055 5748 2271 5803 Lowru.

907 5820 925 5854 ⁸
952 5817 1025 5887 ΕΙ
1052 5834 1141 5882 τις
1162 5816 1266 5887 τὸν
1298 5816 1544 5886 Πατέρα,
1571 5818 1788 5872 καὶτὸν
1825 5820 1977 5881 Υἱὸν,
2005 5818 2102 5872 καὶ
2126 5820 2189 5870 τὸ
2211 5819 2381 5887 ἅγιον

833 5885 1103 5958 Πνεῦμα,
1144 5885 1211 5940 ἓν
1236 5885 1555 5957 aferen;ch
1586 5887 1763 5956 λέγω.
1824 5887 2026 5942 Phnttni
2074 5900 2217 5942 ειτῑτι
2260 5885 2381 5942 dio-it

2480 5185 2854 5255 conﬁtendum.
2898 5187 3169 5241 Trinitatis
3225 5185 3603 5257 plenitudinem
3649 5192 3830 5254 negat,
3876 5200 4044 5255 neque

2480 5256 2649 5310 ullam
2671 5257 2768 5310 Dei
2788 5256 2957 5310 Verbi.
2988 5264 3081 5310 aut
3105 5255 3277 5310 ullam
3302 5253 3530 5310 Spiritus
3551 5254 3723 5308 sancti
3759 5262 3911 5310 nutat
3935 5271 4044 5309 esse

2479 5257 2649 5311 ullam
2671 5257 2768 5311 Dei
2788 5257 2957 5321 Verbi,
2988 5264 3081 5310 aut
3105 5257 3277 5310 ullam
3302 5257 3530 5325 Spiritus
3551 5257 3723 5308 sancti
3759 5262 3911 5324 putat
3935 5271 4045 5309 esse

2478 5344 2757 5405 personam
2782 5326 3086 5405 :Christum
3107 5343 3227 5405 vero
3253 5326 3513 5405 hominem
3556 5322 3918 5405 tan-tummodo
3957 5341 4043 5405 εο-

2480 5391 2719 5451 litarium
2746 5397 2955 5467 asserit,
2991 5397 3083 5467 cui
3116 5396 3433 5467 principium
3468 5393 3678 5467 ascribit
3724 5408 3788 5446 ea;
3832 5391 4041 5459 Maria;

2477 5475 2527 5521 et
2568 5467 2662 5537 hoe
2687 5466 2921 5537 omnibus
2948 5462 3487 5537 modis'gdogrnatizat,
3522 5462 3826 5537 solam_nos
3864 5478 4045 5537 perso-

2478 5553 2605 5591 nam
2626 5536 2722 5590 Dei
2746 5536 2945 5601 Patris,
2983 5546 3033 5590 et
3055 5531 3232 5589 soluat
3262 5533 3525 5591 Christum
3577 5534 3837 5586 hominem
3865 5531 4041 5586 colere

2478 5606 2678 5660 debere.
2705 5606 2955 5663 Vincent.
2973 5605 3273 5660 Lirinensis
3301 5604 3576 5658 Adversus
3607 5603 3825 5665 baeres.,
3871 5616 3920 5655 c.
3950 5601 4034 5656 l7.

2550 5684 2578 5713 "
2613 5676 2683 5730 Et
2709 5693 2797 5741 τις
2817 5675 3144 5745 ἀγέννητον
3169 5674 3265 5745 καὶ
3283 5672 3547 5745 ἄναρχον
3567 5674 3728 5740 dero:
3751 5670 3854 5745 τὸν
3881 5672 4034 5745 fier.

2481 5745 2685 5818 Eadem
2714 5739 2925 5818 ratione
2953 5754 3011 5818 et
3024 5739 3291 5818 Catholici
3313 5743 3407 5818 Dei
3429 5739 3694 5818 unitatem
3712 5739 4034 5818 probabant.

2483 5815 2587 5870 Sed
2613 5816 2728 5871 haec
2754 5832 2783 5870 a
2804 5815 3196 5871 Sirmiensibus
3216 5814 3364 5887 haud
3392 5815 3531 5868 bona
3558 5811 3681 5876 ﬁde,
3711 5809 3803 5865 sed
3832 5809 4035 5887 Amphi-

2483 5887 2621 5942 stico
2656 5902 2755 5942 suo
2787 5902 2937 5942 more
2982 5887 3181 5955 scripta
3209 5884 3373 5939 fuisse
3417 5893 3626 5937 certum
3673 5889 3773 5934 est.
3825 5878 4033 5948 Quippe
