4524 6582
401 448 507 505 295

976 564 1227 618 ΚΕΦΑΛ.
1268 564 1390 618 ΛΒ¹.

528 655 666 722 Περὶ
692 654 802 723 τῆς
827 653 1012 723 ἣττης
1034 657 1405 723 Mari-ardet;
1421 655 1525 709 τοῦ
1545 655 1866 723 τυράννου.

478 745 814 813 Μαγνέντιος
880 746 979 815 μὲν
1027 742 1122 797 οὖν
1170 746 1268 815 τὴν
1322 745 1707 815 βασιλεύουσαν
1770 744 1993 813 Ῥώμην

411 836 756 901 καταλαὸὼν,
798 836 1024 899 πολλοὺς
1061 838 1159 906 μὲν
1189 837 1287 903 τῆς
1327 836 1639 906 συγκλήτου
1673 835 1869 905 βουλῆς
1900 834 1995 886 ἁν-

414 934 558 1000 ήρει,
590 928 817 989 πολλοὺς
842 926 897 978 δὲ
924 925 1134 979 καὶτοῦ
1177 926 1347 996 δήμου
1386 926 1690 979 ἀπώλλυεν.
1730 925 1817 987 Ὠς
1846 924 1901 976 δὲ
1943 924 1993 977 οί

415 1020 711 1090 στρατηγοὶ
768 1017 1149 1070 Κωνσταντίου
1220 1018 1321 1085 τὴν
1395 1016 1714 1086 Ῥωμαϊκὴν
1765 1014 1993 1084 δύναμιν

414 1111 881 1182 συγκροτήσαντες
908 1109 994 1161 ἐπ’
1021 1108 1183 1160 αὐτὸν
1218 1106 1477 1177 ἐχώρουν,
1503 1106 1866 1176 ἀναχωρήσας
1897 1106 1993 1175 τῆς

426 1205 663 1274 Ῥώμης,
698 1200 799 1263 τὰς
847 1198 1076 1262 Γαλλίας
1128 1196 1446 1251 κατέλαϐεν.
1506 1196 1676 1250 Ἔνθα
1725 1196 1996 1265 συμϐολαὶ

419 1296 662 1364 συνεχεῖς
698 1291 955 1361 ὲγίνοντου
982 1290 1078 1343 καὶ
1106 1289 1235 1342 ποτὲ
1263 1288 1360 1359 μὲν
1385 1287 1543 1342 τοῦτο
1566 1288 1627 1341 τὸ
1654 1288 1838 1360 μέρος,
1871 1287 1998 1341 ποτὲ

410 1388 472 1440 ⁴δὲ
506 1385 735 1455 θάτερον
766 1382 1004 1453 ἐκράτει.
1052 1380 1216 1444 Τέλος
1249 1380 1306 1433 δὲ
1340 1380 1468 1450 περὶ
1498 1378 1778 1451 Μούρσαν,
1832 1379 1998 1450 φρού-

420 1496 531 1549 ριον
552 1477 610 1531 δὲ
636 1476 794 1529 τοῦτο
816 1473 926 1526 τῶν
955 1472 1194 1527 Γαλλιῶν
1215 1472 1266 1538 ἀ,
1290 1473 1319 1525 ὁ
1338 1473 1673 1540 Μαγνέντιος
1696 1471 1947 1541 ἡττηθεὶς
1973 1482 1995 1510 e

418 1568 795 1636 συνεκλείσθη.
845 1566 933 1619 Ἐν
1046 1565 1293 1636 φρουρίῳ
1329 1564 1545 1633 λέγεται
1577 1565 1780 1617 τοιόνδε
1816 1562 1999 1632 Οαῦμα

419 1660 716 1732 ωμῦἦναι·
757 1660 815 1711 Ὀ
844 1657 1177 1725 Μαγνέντιος
1200 1656 1304 1709 ὑπὸ
1327 1656 1426 1727 τῆς
1447 1657 1616 1726 ἥττης
1639 1670 1999 1708 καταπεπτω-

418 1752 582 1811 κότας
604 1766 729 1806 τους
751 1744 945 1799 ἑαυτοῦ
969 1744 1309 1815 στρατιώτας
1328 1744 1644 1816 ἀναρρῶσαι
1662 1741 1996 1803 σπουδάζων,

420 1839 625 1910 ὑψηλοῦ
656 1838 895 1908 βήματος
938 1835 1131 1904 ἐπέϐη.
1170 1836 1230 1887 Οἱ
1263 1834 1352 1897 δὲ,
1396 1837 1494 1904 τὴν
1526 1832 1728 1903 συνήθη
1756 1834 1866 1894 τοῖς
1908 1830 2001 1899 βα-

423 1932 657 1985 σιλεῦσιν
688 1928 961 2000 εὐφημίαν
995 1927 1281 1996 ὲπιὸοῆσαι
1320 1925 1655 1996 βουλόμενοι.
1694 1922 1843 1994 παρὰ
1870 1921 2003 1990 γνώ-

426 2042 532 2095 μην
571 2024 663 2075 ἐπὶ
701 2021 792 2073 τὸν
826 2019 1204 2073 Κωνστάντιον
1238 2020 1440 2088 ταύτην
1476 2016 1888 2087 μετάφέρουσιν.
1926 2013 2001 2066 Οὐ

422 2113 527 2182 γὰρ
549 2111 907 2179 Μαγνέντιον,
939 2109 1074 2162 ἀλλὰ
1108 2110 1486 2162 Κωνστάντιον
1511 2106 1817 2174 Αὔγουστον
1848 2107 2001 2175 κοινῇ

424 2206 621 2266 πάντες
654 2203 902 2273 ἐϐόησαν.
938 2200 1107 2253 Τοῦτο
1145 2199 1413 2271 σύμϐολον
1444 2198 1564 2252 καθ’
1605 2197 1796 2250 ἑαυτοῦ
1825 2198 1852 2249 ὁ
1881 2198 2001 2249 Μα-

426 2298 665 2363 γνέντιος
690 2294 1061 2365 ἡγησάμενος,
1100 2295 1163 2345 ἐκ
1199 2291 1293 2344 τοῦ
1342 2290 1601 2361 φρουρίου
1632 2288 1791 2352 εὐθὺς
1830 2289 2003 2340 ἁπανο

429 2391 640 2441 ίςταται
676 2386 718 2449 τ,
751 2390 895 2456 φυγῇ
930 2386 1022 2437 ἐπὶ
1048 2384 1115 2437 τὰ
1164 2384 1471 2455 περαιτέρω
1504 2383 1600 2452 τῆς
1631 2381 1859 2443 Γαλλίας
1902 2399 2005 2449 χω-

422 2478 552 2550 ρῶν.
601 2476 909 2529 Ἐπέκειντο
955 2475 1012 2527 δὲ
1060 2475 1107 2527 οἱ
1160 2472 1252 2525 τοῦ
1296 2472 1672 2526 Κωνσταντίου
1714 2471 2005 2544 στρατηγοὶ

424 2569 706 2631 διώκοντες
728 2608 742 2631 ,
774 2562 927 2630 αὖθίς
966 2583 1025 2619 τε
1056 2565 1267 2633 γίνεται
1308 2564 1548 2634 συμϐολὴ
1580 2564 1708 2635 περὶ
1746 2563 1929 2620 τόπον.
1963 2553 2005 2628 ᾧ

425 2662 599 2730 ὄνομα
636 2657 1065 2719 Μιλτοσέλευκος
1099 2657 1249 2726 (15)·
1288 2658 1344 2707 ἐν
1375 2650 1418 2723 ᾧ
1448 2656 1792 2726 κατακράτος
1839 2655 2005 2722 ἡττη-

428 2753 540 2815 θεὶς
577 2754 604 2804 ὁ
634 2750 985 2819 Μαγνέντιος,
1025 2749 1217 2818 φεύγει
1260 2748 1420 2819 μόνος
1442 2748 1519 2811 είς
1546 2747 1876 2814 Λουγδοῦνον
1913 2746 2007 2797 πό-

425 2845 508 2897 λιν
537 2844 633 2914 τῆς
662 2842 906 2904 Γαλλίας,
940 2842 1019 2905 είς
1044 2842 1111 2911 ἢν
1143 2842 1249 2894 άπὸ
1277 2841 1544 2910 Μούρσων
1572 2840 1687 2891 ἐστὶ
1712 2838 1804 2891 τοῦ
1840 2844 2008 2908 φρου-

432 2934 568 3002 ρίου,
598 2933 763 3003 τριῶν
797 2931 1017 3002 ήμερῶν
1056 2932 1191 2995 ὁδός.
1240 2931 1327 2983 Ἐν
1360 2930 1532 3001 ταύτῃ
1577 2932 1642 3000 τῇ
1695 2927 2009 2997 Λουγδούνῳ

427 3023 717 3094 γενόμενος
756 3024 805 3075 ὁ.
842 3022 1178 3090 Μαγνέντιος
1203 3062 1218 3086 ,
1268 3021 1483 3091 ἀναιρεῖ
1527 3019 1625 3088 μὲν
1676 3018 1772 3090 τήν
1815 3017 2006 3072 ἑαυτοῦ

433 3117 675 3187 μητέραο
730 3113 933 3168 ἀνελὼν
980 3108 1036 3166 δὲ
1087 3113 1182 3166 καὶ
1219 3112 1309 3165 τὸν
1363 3111 1613 3179 ἀδελφὸν,
1641 3110 1699 3163 ὃν
1753 3110 2008 3180 Καίσαρα

1394 446 1718 503 HISTORIA
1756 440 2313 500 ECCLESIAS’I‘ICA.
2359 473 2427 482 ——-
2463 443 2593 498 LIB.
2637 444 2700 497 II.

2009 566 2071 622 Δ

2033 1901 2073 1954 Β

3572 445 3682 502 294

2684 559 2834 615 CAP.
2875 558 3089 614 XXXII.

2447 649 2524 702 De
2562 648 2853 719 Magnentii
2896 650 3111 719 tyranni
3147 648 3324 701 exitio.

2166 743 2383 796 Interea
2407 742 2751 812 Magnentius
2787 756 2912 795 cum
2950 740 3144 794 urbem
3177 740 3407 794 Romam
3438 751 3671 809 occupa

2095 833 2293 897 vissct,
2337 833 2540 886 mullos
2584 830 2847 886 senatorii
2892 830 3135 895 ordinis,
3187 829 3389 883 multos
3433 828 3566 883 item
3611 843 3676 881 ex

2095 923 2255 992 plebe
2294 922 2591 977 interemit.
2629 921 2737 976 Sed
2770 938 2895 975 eum
2931 921 3101 976 duces
3153 919 3481 985 Constantii,
3510 920 3663 975 colle-

2096 1015 2201 1068 ctis
2224 1015 2595 1068 Romanorum
2620 1013 2854 1067 militum
2880 1013 3072 1081 copiis,
3098 1012 3250 1082 signa
3266 1012 3531 1067 adversus
3551 1021 3677 1066 eum

2096 1105 2418 1168 movissent,
2463 1105 2634 1157 Roma
2678 1104 2979 1174 digrcssus,
3018 1104 3071 1157 in
3110 1103 3313 1158 Gallias
3349 1119 3408 1158 se
3448 1103 3678 1173 recepit.

2097 1198 2178 1252 Ibi
2199 1198 2369 1251 variis
2394 1198 2595 1267 praaliis
2620 1198 2911 1261 consertis,
2936 1197 3098 1250 modo
3119 1196 3425 1251 Constantii
3454 1197 3677 1263 milites,

2100 1289 2264 1344 modo
2299 1289 2663 1358 Magnentiani
2700 1289 3014 1359 superiores
3050 1288 3224 1343 fuere.
3264 1288 3508 1342 Tandem
3546 1303 3678 1341 vero

2100 1381 2243 1449 apud
2285 1379 2553 1445 Mursam,
2594 1380 2738 1450 quod
2777 1379 3060 1435 castellum
3113 1386 3199 1433 est
3241 1377 3461 1443 Galliae,
3499 1379 3679 1433 victus

2102 1471 2444 1541 Magnentius
2467 1470 2603 1524 etin
2629 1472 3028 1526 munimentum
3066 1470 3199 1524 illud
3237 1479 3533 1525 contrusus
3572 1476 3675 1523 est.

2100 1560 2218 1625 Quo
2242 1560 2463 1628 Quideut
2492 1560 2548 1613 in
2572 1560 2694 1613 loco
2732 1560 3043 1630 hujusmodi
3072 1560 3248 1613 fertur
3282 1560 3547 1615 accidisse
3573 1560 3677 1614 mi-

2101 1652 2381 1704 raculum:
2409 1651 2750 1720 Magnentius
2784 1667 2909 1705 cum
2945 1652 3178 1705 militum
3207 1666 3433 1705 suorum
3468 1652 3680 1705 animos

2100 1743 2172 1795 ob
2204 1750 2485 1809 acceptam
2527 1741 2737 1796 cladem
2778 1741 2982 1796 fractos
3022 1757 3085 1796 ac
3123 1742 3439 1797 debilitatos
3477 1742 3680 1797 confir~

2102 1850 2253 1888 mare
2278 1834 2460 1897 vellet,
2490 1834 2725 1889 sublime
2764 1834 3007 1889 tribunal
3052 1835 3393 1889 conscendit.
3433 1835 3514 1889 Illi
3548 1851 3680 1890 vero

2103 1926 2232 1979 dum
2270 1925 2446 1979 fausta
2479 1926 2873 1981 acclamatione
2906 1941 3026 1995 quae
3053 1926 3478 1996 imperatoribus
3499 1928 3679 1982 accla-

2104 2019 2243 2069 mari
2281 2017 2449 2081 solet,
2488 2017 2855 2087 Magnentium
2895 2018 3149 2088 excipere
3186 2020 3455 2089 gestiunt,
3482 2029 3681 2089 praeter

2104 2109 2271 2162 animi
2297 2108 2380 2162 sui
2422 2110 2749 2163 sententiam
2788 2110 2841 2163 in
2875 2110 3253 2165 Constantium
3289 2127 3409 2165 eam
3438 2119 3680 2166 transtu-

2105 2202 2309 2255 lerunt.
2353 2202 2473 2255 Non
2524 2202 2674 2257 enim
2717 2202 3112 2273 Magnentium,
3163 2203 3259 2258 sed
3300 2203 3679 2259 Constantium

2105 2293 2408 2362 Augustum
2433 2309 2625 2348 omnes
2656 2310 2766 2348 uno
2798 2310 3068 2349 consensu
3100 2296 3489 2350 acclamarunt.
3526 2296 3679 2362 Quod

2111 2385 2262 2454 131
2305 2398 2468 2439 omen
2509 2385 2847 2441 imminentis
2885 2387 2990 2441 sibi
3032 2387 3184 2442 exitii
3224 2388 3525 2442 arbitratus
3566 2390 3679 2443 Ma-

2106 2476 2383 2547 gnentius,
2413 2477 2603 2540 relicto
2646 2478 3007 2543 munimento,
3051 2479 3119 2533 ad
3162 2479 3456 2536 ulteriores
3495 2480 3681 2536 Gallia»

2106 2574 2291 2637 partes
2332 2567 2621 2623 confestim
2666 2569 2928 2639 profugit.
2977 2569 3149 2636 Quem
3196 2571 3327 2625 dum
3375 2571 3679 2627 Constantii

2108 2659 2277 2713 duces
2302 2659 2487 2713 acrius
2528 2659 2913 2729 insequuntur,
2942 2660 3139 2715 iterum
3181 2677 3360 2733 pugna
3392 2662 3679 2718 commissa

2108 2758 2192 2804 est
2229 2750 2284 2803 in
2319 2750 2441 2805 loco
2483 2750 2577 2820 qui
2623 2750 2825 2805 dicitur
2862 2767 3019 2806 mons
3062 2751 3323 2807 Seleucus
3347 2770 3362 2809 :
3389 2769 3455 2807 eo
3495 2754 3683 2824 prmlio

2108 2841 2289 2895 victus
2312 2841 2671 2912 Magnentius,
2698 2843 2851 2897 caesis
2888 2843 2954 2897 ad
2996 2844 3424 2900 internecionem
3447 2846 3562 2900 suis
3592 2860 3684 2899 co-

2110 2933 2234 3002 piis,
2262 2933 2410 2987 solus
2432 2932 2611 3003 fugam
2649 2932 2914 3003 arripuit,
2955 2933 3279 3003 Lugdunum
3313 2935 3679 2997 contendens.

2110 3025 2303 3079 urbem
2336 3024 2543 3089 Galliae,
2569 3040 2689 3094 quae
2726 3040 2756 3078 a
2801 3025 3117 3095 supradicto
3153 3028 3493 3081 munimento
3519 3026 3684 3081 distat

2111 3119 2280 3173 tridui
2309 3119 2524 3172 itinere.
2553 3116 2878 3187 Lugdunum
2920 3117 3084 3186 igitur
3121 3117 3398 3187 ingressus
3432 3116 3685 3187 Magnen‘

428 3201 609 3276 ἑαυτῷ
630 3206 940 3276 πεποιήκει,
969 3205 1121 3268 τέλος
1144 3204 1579 3273 ἐπικατέσφαξεν
1606 3202 1813 3257 ἑαυτόν.
1840 3201 2010 3255 Τοῦτο
2038 3232 2082 3291 c
2113 3211 2214 3264 ιίιιε

1898 3202 2010 3255 >ὖτο
2038 3232 2082 3291 c
2113 3211 2243 3274 tius,
2269 3209 2505 3279 primum
2529 3207 2750 3277 quidem
2776 3215 3005 3260 matrem
3032 3206 3304 3261 interfecit
3330 3223 3344 3271 ;
3373 3206 3571 3262 deinde
3594 3222 3684 3261 oce

430 3296 681 3369 ὲπράχθη
708 3298 765 3349 ὲν
789 3297 1023 3367 ὑπατείᾳ⁴
1049 3295 1433 3350 Κωνσταντίου
1463 3295 1522 3348 τὸ
1546 3296 1722 3360 ἕκτον,
1739 3294 1833 3347 καὶ
1853 3296 2006 3346 Κων-

433 3390 682 3444 σταντίου
711 3387 805 3441 τοῦ
839 3388 1043 3440 Γάλλου
1069 3388 1130 3440 τὸ
1150 3388 1424 3457 δεύτερον,
1457 3389 1585 3459 περὶ
1611 3388 1708 3458 τὴν
1734 3404 2012 3441 πεντεκαι-

2104 3304 2220 3357 ciso
2242 3302 2408 3356 etiam
2446 3300 2640 3365 fratre,
2665 3314 2828 3368 quem
2850 3298 3115 3353 Caesarem
3157 3299 3261 3352 sibi
3301 3300 3589 3363 asciverat,
3617 3300 3683 3352 ad

2105 3402 2415 3448 extremum
2439 3405 2637 3445 manus
2662 3389 2768 3443 sibi
2808 3389 3010 3442 intulit.
3050 3390 3107 3443 Id
3140 3399 3323 3443 autem
3360 3398 3570 3459 gestum
3601 3399 3685 3443 est

429 3481 664 3551 δεκάτην
701 3476 793 3533 τοῦ
825 3478 1138 3547 Αὐγούστου
1171 3479 1337 3547 μηνός
1366 3477 1501 3548 (14).
1546 3478 1658 3531 Οὐκ
1688 3480 1766 3542 είς
1796 3479 2012 3549 μακρὰν
2106 3482 2215 3539 Con

1899 3479 2012 3549 ιρὰν
2106 3482 2427 3547 Constantio
2452 3481 2696 3552 Augusto
2727 3487 2941 3534 sextum
2972 3488 3027 3533 et
3051 3480 3368 3535 Constantio
3394 3479 3547 3535 Gallo
3586 3481 3685 3533 itc-

431 3574 522 3640 δὲ,
550 3575 643 3626 καὶ
673 3574 701 3625 ὁ
727 3573 912 3641 ἕτερος
956 3570 1051 3624 τοῦ
1086 3570 1425 3637 Μαγνεντίου
1457 3570 1685 3639 ἁδελφὸς
1707 3611 1722 3635 ,
1766 3570 2016 3634 Δεκένιος
2110 3592 2217 3631 run

1898 3587 2016 3634 ινιος
2110 3592 2234 3631 rum
2276 3576 2624 3639 consulibus,
2667 3591 2795 3630 xvin
2838 3573 3106 3629 Kalendas
3152 3572 3524 3642 Septembres.
3573 3573 3684 3627 Nec

434 3667 602 3737 ὄνομα
625 3664 791 3735 αὐτῷ,
815 3663 909 3717 τοῦ
962 3663 1078 3734 βίου
1107 3663 1374 3732 ἐξήγαγεν
1404 3662 1615 3729 ἑαυτὸν,
1641 3660 1847 3735 ἀγχόνῃ
1869 3680 2005 3733 χρη-
2114 3666 2220 3719 mul

1896 3680 2005 3733 [ρη-
2114 3666 2287 3719 multo
2309 3674 2431 3735 post
2455 3666 2765 3729 Decentius,
2793 3666 2931 3720 alter
2957 3664 3246 3735 Magnentii
3273 3663 3463 3728 frater,
3488 3664 3682 3733 laqueo

436 3761 691 3829 σάμενος.
722 3757 803 3810 Τά
831 3758 929 3829 μὲν
958 3752 1048 3809 οὖν
1082 3755 1222 3810 κατὰ
1238 3755 1595 3825 Μαγνέντιον,
1619 3754 1770 3817 τέλος
1798 3752 2010 3806 τοιοῦτο
2112 3755 2222 3810 frac

1893 3752 2010 3806 οὖτο
2112 3754 2303 3810 fractis
2336 3754 2587 3810 faucibus
2625 3764 2857 3810 mortem
2901 3754 3005 3809 sibi
3041 3754 3324 3809 conscivit.
3361 3754 3679 3824 Hujusmodi

435 3847 669 3913 ἐδέξατο.
702 3847 782 3899 Τὰ
808 3845 865 3898 δὲ
890 3846 1125 3915 δημόσια
1154 3844 1352 3906 τελέως
1378 3844 1475 3913 οὐχ
1503 3841 1791 3914 ἡσύχαζεν.
1828 3844 2011 3896 Μετα-
2108 3846 2215 3899 fuit

1896 3859 2011 3895 ετα·
2108 3846 2215 3899 fuit
2236 3846 2415 3900 exitus
2436 3846 2747 3916 Magnentii.
2775 3847 2883 3899 Nec
2906 3854 3084 3901 tamen
3109 3846 3176 3899 ad
3214 3846 3510 3916 perfectam
3538 3855 3682 3900 tran-

434 3939 605 3992 ταῦτα
639 3939 746 4009 γὰρ
770 3937 927 3999 εὐθὺς
948 3936 1033 3989 ἱιτε
1042 3952 1135 4006 ρος
1162 3934 1435 4005 ἐπανέστη
1460 3933 1743 4009 τύραννος,
1770 3919 1814 4002 ᾧ
1841 3933 2013 4004 ὄνομα
2110 3937 2220 4006 quil

1896 3949 2013 4004 νομα
2110 3937 2438 4006 quillitatem
2482 3938 2647 3991 rediit
2703 3938 3029 4007 respublica.
3076 3938 3211 3993 Nam
3257 3939 3519 3993 continuo
3561 3947 3682 4009 post

436 4030 717 4095 Σιλουανός
748 4039 774 4079 8
831 4028 942 4084 Καὶ
974 4026 1158 4082 τοῦτον
1184 4026 1241 4080 δὲ
1272 4027 1321 4079 οἱ
1355 4026 1734 4081 Κωνσταντίου
1778 4044 2009 4098 στρατη-

2115 4030 2255 4084 alius
2296 4038 2522 4084 exortus
2560 4038 2646 4085 est
2669 4038 2960 4101 tyrannus,
2996 4030 3216 4085 nomine
3259 4029 3528 4085 Silvanus.
3575 4029 3681 4085 Sed

1629 4179 1901 4238 VALESII
1934 4182 2486 4241 ANNOTATIONES.

514 4306 623 4373 (l3)
652 4299 1154 4373 Miltoo'éxevxoc.
1204 4298 1429 4373 Rectius
1473 4297 1526 4373 in
1574 4297 1762 4373 codice
1787 4367 1799 4373 _
1823 4296 2007 4373 Allatii
2042 4304 2086 4358 D
2107 4298 2300 4373 μητός

1892 4297 2007 4373 latii
2042 4304 2086 4358 D
2107 4298 2320 4373 μητός.
2347 4298 2516 4373 Paulo
2549 4298 2708 4373 aliter
2733 4297 3028 4373 ldatiusjn
3056 4298 3234 4373 Fastis
3259 4318 3271 4353 :
3300 4298 3604 4373 Constantia
3632 4323 3678 4359 γι

441 4366 700 4433 scribitur
738 4370 1185 4431 Μοντοσέλευκος.
1247 4366 1585 4438 Epiphanius
1642 4367 2011 4438 Scholasticus

440 4454 683 4501 montem
722 4442 1009 4496 Seleucum
1041 4448 1215 4495 vocat.
1258 4436 1431 4508 Hujus
1472 4437 1573 4492 loci
1631 4438 1797 4490 situm
1836 4436 2007 4508 habe-

442 4532 563 4572 mus
595 4517 647 4568 in
695 4512 983 4567 Itinerario
1022 4505 1533 4577 Hierosolymitano.
1574 4508 1707 4561 Nam
1749 4505 2012 4577 postrde-

441 4599 695 4642 scensum
729 4583 920 4636 Gaurze
949 4581 1170 4641 montis,
1207 4574 1456 4647 sequitur
1500 4577 1720 4629 mutatio
1746 4574 2009 4629 Cambono

443 4657 615 4711 millia
649 4654 699 4707 8.
735 4652 941 4705 Mansio
970 4659 1145 4703 monte
1165 4647 1363 4703 Seleuci
1386 4647 1556 4701 millia
1588 4647 1638 4699 8.

514 4727 625 4799 (H)
653 4722 791 4789 Περὶ
830 4720 943 4788 τὴν
973 4717 1512 4786 πεντεκαιδεκάτην
1530 4717 1635 4770 τοῦ
1660 4717 2011 4785 Αὐγούστου

2117 4376 2165 4440 e_t
2188 4367 2496 4440 Constantio
2523 4384 2584 4440 ll.
2618 4366 2710 4421 His
2751 4385 2882 4431 coss.
2908 4368 3238 4440 Magnentius
3267 4388 3320 4423 se
3352 4372 3603 4439 interfecit
3628 4377 3682 4427 in

2116 4437 2303 4511 Galliis
2341 4437 2845 4511 apud‘Lugdunum,
2880 4440 2961 4493 die
2988 4437 3044 4494 lit
3065 4440 3190 4495 Idus
3221 4440 3377 4511 Aug.,
3414 4451 3461 4494 et
3490 4437 3687 4496 Decem

2118 4509 2221 4579 tius
2253 4511 2419 4577 frater
2449 4507 2739 4579 Magnentii
2792 4508 2975 4579 laqueo
3020 4526 3074 4563 se
3131 4507 3402 4579 suspendit
3444 4528 3511 4564 xv
3554 4512 3680 4567 Kal.

2117 4575 2381 4650 Septemb.
2402 4579 2459 4650 In
2477 4575 2758 4650 Chronico
2781 4575 2960 4632 autem
2980 4575 3347 4650 Alexandrino
3362 4597 3539 4635 annus
3559 4585 3683 4650 qui-

2118 4647 2242 4700 dem
2266 4649 2417 4701 necis
2445 4648 3034 4720 Magn‘entiiperperam
3058 4649 3409 4720 designatur:
3442 4652 3558 4707 dies
3577 4647 3686 4707 ’νε-

2122 4731 2184 4770 ro
2216 4728 2439 4772 notatur
2465 4734 2516 4772 Iv
2540 4716 2678 4772 Idus
2717 4716 2967 4790 Augusti.

1898 4869 2260 4925 VARIORUM

516 4969 549 5024 d
563 4968 849 5040 Μοῦρσαν
871 4966 1155 5040 φρούριον
1174 4962 1243 5016 δὲ
1274 4960 1451 5040 tofm
1476 4959 1601 5040 τῶτς
1613 4959 1908 5040 [fall-1Q}:
1927 4961 2007 5015 Ita

445 5038 558 5092 fere
594 5031 947 5093 Soiomenus.
969 5031 1075 5089 Alii
1099 5048 1288 5088 omnes
1325 5031 1560 5085 Mursam
1590 5031 1747 5084 istam
1782 5031 2007 5085 in'Pan-

444 5111 607 5162 nonia
629 5109 789 5161 sitam
817 5121 935 5159 esse
960 5105 1207 5158 referunt
1232 5118 1247 5165 ;
1283 5101 1585 5171 praesertim
1614 5100 1883 5170 Sulpitius
1912 5100 2009 5154 Se-

443 5194 609 5231 verus
628 5178 724 5231 lib.
752 5192 809 5237 u.
837 5175 931 5245 qui
964 5176 1103 5228 hanc
1123 5173 1714 5245 historiamenarrans,
1738 5171 2007 5245 insignem

444 5249 547 5301 hac
594 5249 651 5301 in
678 5262 737 5300 re
798 5240 1152 5314 iuiposturam
1206 5241 1453 5297 Valentis
1511 5240 1707 5295 Mursa:
1762 5240 2007 5310 episc0pi

443 5327 727 5371 memorat.
745 5316 833 5370 W.
853 5314 1067 5369 Lowru.

521 5400 544 5425 ε
582 5390 645 5439 '0
693 5382 1405 5453 Μαγνέντιοςιὴττηθείς.
1461 5379 1541 5432 Ad
1591 5379 1829 5453 Mitt-sam
1884 5394 2009 5432 cum

442 5456 764 5511 Constantio
788 5448 995 5525 pugnat
1024 5463 1080 5507 et
1106 5448 1357 5525 vincitur
1407 5465 1551 5503 anno
1599 5448 1740 5525 551ζ
1757 5450 1929 5503 Roma
1955 5457 2011 5525 et

445 5527 619 5590 Italia,
645 5542 753 5594 quo
778 5518 836 5579 se
859 5518 980 5593 post
1001 5524 1210 5594 cladem
1244 5526 1545 5594 receperat,
1574 5534 1672 5594 per
1702 5518 2009 5594 Constantii

2190 4962 2205 4999 ¹
2240 4962 2459 5029 Εὐθὺς,
2488 4962 2904 5018 ἀπανίσταται.
2949 4964 3063 5019 Imo
3122 4967 3339 5021 nonnisi
3373 4984 3500 5022 vere
3556 4967 3682 5024 annI

2115 5032 2459 5101 insequentis
2503 5035 2749 5097 ineunte,
2786 5042 2923 5089 teste
2949 5034 3166 5089 Juliano
3204 5047 3343 5091 orat.
3378 5053 3395 5090 ι
3428 5039 3494 5091 ad
3537 5039 3684 5093 Con-

2114 5112 2302 5176 st_ant.,
2346 5103 2631 5176 siquidem
2647 5112 2911 5158 autumno
2958 5107 3242 5175 superiore
3271 5107 3416 5176 apud
3451 5109 3685 5163 Mursam

2114 5174 2293 5227 victus
2320 5182 2459 5227 erat.
2490 5174 2577 5227 W.
2610 5174 2825 5227 Lowrn.

2186 5251 2212 5314 β
2236 5244 2580 5314 Σιλουανός.
2611 5242 2919 5311 Respublica
2955 5261 3129 5298 recens
3155 5247 3330 5314 quieta
3356 5264 3388 5299 a
3418 5248 3557 5301 civili
3587 5256 3691 5300 tre-

2115 5312 2399 5383 pidatione,
2425 5311 2641 5383 Silvano
2678 5315 2729 5366 in
2769 5314 3044 5383 imperium
3068 5311 3265 5377 coacto,
3295 5319 3486 5371 tentari
3507 5335 3689 5372 rursus

2115 5382 2421 5451 accaeperat.
2463 5382 2515 5435 Is
2544 5399 2773 5452 namque
2811 5382 3059 5437 Silvanus
3088 5386 3140 5436 in
3181 5385 3360 5440 Gallia
3391 5394 3537 5440 ortus
3562 5387 3683 5440 bar-

2114 5453 2257 5524 baris
2293 5454 2616 5522 parentibus,
2646 5454 2830 5505 ordine
2868 5454 3071 5506 militia:
3105 5454 3265 5507 simul
3308 5472 3339 5507 ιι
3386 5456 3691 5524 Magnentio

2114 5524 2184 5575 ad
2212 5521 2589 5595 Constantium?
2625 5524 3275 5595 transgressus,_pedestre
3325 5526 3395 5577 ad
3438 5521 3686 5595 magistr-

446 5588 615 5651 duces
640 5588 726 5649 abi
769 5588 898 5656 itur,
955 5610 1041 5647 an.
1080 5593 1201 5649 552.
1244 5591 1447 5645 Iterum
1474 5589 1543 5643 ad
1598 5588 1763 5657 Alpes
1794 5588 2003 5643 Cottias
2104 5595 2243 5645 rium
2276 5592 2655 5645 adolescentior
2686 5588 2969 5645 meruerat.
3002 5592 3049 5645 E
3080 5610 3181 5661 quo
3222 5594 3347 5645 dum
3396 5588 3553 5648 altius
3598 5612 3691 5663 per

446 5612 1097 5720 adversuséonstantium
1134 5662 1379 5720 nmlium
1410 5660 1529 5720 init,
1562 5658 1871 5720 iterumque
1906 5658 2003 5711 de-
2108 5673 2303 5716 metum
2321 5679 2411 5715 seu
2434 5664 2751 5717 dementiam
2776 5663 3172 5720 conscendisset.
3198 5661 3477 5720 leqionnm.
3501 5666 3691 5720 aaneis

446 5658 1097 5720 adversusConstantium
1134 5662 1379 5733 praelium
1410 5660 1529 5721 init,
1562 5658 2003 5733 iterumquede-

447 5737 703 5809 bellatur,
734 5750 852 5809 _an.
1056 5726 1175 5787 Μοᾶ
1230 5729 1557 5799 Lugdunum
1607 5726 2005 5809 fugin—ibique

447 5816 569 5876 post
600 5806 710 5859 tr‘es
734 5805 946 5876 impegi-ii
982 5820 1153 5858 annos
1175 5814 1227 5857 et
1259 5812 1473 5855 menSes
1510 5813 1601 5851 sex
1648 5805 1888 5867 seipsum
1922 5805 2009 5851 in-

450 5875 678 5931 terimit.
714 5876 836 5928 Ant.
868 5875 1012 5928 pAGl.

2108 5673 2303 5716 metum
2321 5679 2411 5715 seu
2434 5664 2751 5717 dementiam
2776 5663 3172 5733 conscendisset,
3198 5661 3477 5731 legionum,
3501 5681 3532 5717 η
3549 5661 3691 5733 queis

2111 5732 2415 5803 praesidium
2439 5742 2780 5803 speraverat,
2810 5731 3061 5795 tumultu,
3091 5742 3329 5803 octavum
3352 5735 3496 5803 circa
3525 5731 3586 5803 at:
3610 5736 3688 5788 vi-

2112 5801 2355 5855 cesimum
2407 5805 2564 5867 diem,
2613 5801 2901 5855 trucidatus
2946 5811 3038 5855 est.
3088 5801 3199 5871 (ΝΚ,
3228 5802 3293 5857 de
3335 5801 3688 5866 Caesaribus.)
