4524 6582
793 427 796 431 ’
846 449 955 508 295

2303 449 2643 510 SOCRATIS

4019 448 4126 506 τοο

848 563 998 619 hunc
1019 563 1077 618 in
1098 562 1290 620 Galliis
1316 564 1765 631 tumultuantem,
1798 563 1969 620 duces
1990 560 2306 619 Constantii
2344 580 2438 620 ee-
2467 575 2513 632 Α
2542 570 2631 638 γοὶ

2344 580 2438 620 ce-
2467 575 2513 632 Α
2542 570 2631 638 γοὶ
2654 569 2783 641 περὶ
2811 568 2910 639 τὴν
2972 566 3208 622 Γαλλίαν
3237 564 3569 632 ταράττοντα
3608 582 3817 640 ταχεως
3852 565 4124 628 καθεῖλον.

846 654 1041 711 lcriter
1074 655 1480 711 exstinxerunt.

1425 771 1580 827 CAP.
1620 771 1863 828 XXXIII.

915 862 997 918 De
1020 862 1222 919 Judais
1251 861 1641 919 Diocasaream
1667 862 1974 920 Palastina
1999 862 2367 919 incolentibus.

918 1021 1035 1077 Sub
1059 1020 1203 1076 idem
1228 1029 1447 1090 tempus
1470 1019 1640 1075 etiam
1666 1019 1721 1075 in
1742 1018 1988 1075 Orientis
2011 1018 2265 1090 partibus
2289 1017 2440 1072 aliud

848 1113 1053 1169 bellum
1078 1113 1404 1167 intestinum
1426 1111 1660 1167 exstitit.
1686 1112 1822 1166 Nam
1845 1111 2018 1166 Judaei
2043 1110 2139 1180 qui
2174 1110 2443 1164 Diocmsa-

848 1220 999 1261 rcam
1026 1202 1314 1259 Palestina:
1340 1203 1534 1257 urbem
1573 1203 1911 1269 incolebant,
1938 1212 2130 1257 contra
2165 1202 2441 1258 Romanos

849 1310 1001 1350 arma
1042 1302 1344 1359 sumentes,
1381 1294 1563 1351 vicina
1605 1294 1727 1349 loca
1762 1294 2186 1350 excursionibus
2224 1302 2440 1349 vastare

847 1396 1155 1457 creperum.
1192 1387 1397 1441 Verum
1434 1384 1793 1441 Constantius
1815 1386 2022 1450 Gallus,
2059 1401 2224 1456 quem
2267 1385 2440 1455 impe-

847 1484 998 1530 rator
1020 1483 1241 1531 auctum
1271 1476 1505 1531 Caesaris
1545 1477 1811 1547 dignitate
1852 1478 1907 1531 in
1944 1477 2230 1533 Orientem
2270 1477 2441 1531 desti-

844 1574 1093 1630 naverat,
1131 1568 1299 1622 misso
1341 1568 1593 1622 exercitu
1634 1584 1731 1623 eos
1763 1568 2096 1639 proﬂigavit,
2131 1552 2439 1638 urbemque

840 1670 1038 1711 eorum
1062 1657 1456 1713 Diocazsarcam
1482 1659 1601 1713 solo
1621 1660 1827 1729 aquari
1852 1660 2130 1731 praecepit.

1422 1859 1574 1915 CAP.
1615 1860 1853 1915 XXXIV.

1374 1951 1448 2005 De
1478 1952 1636 2007 Gallo
1674 1950 1905 2007 Casare.

915 2044 1012 2100 llis
1036 2045 1204 2100 rebus
1243 2046 1433 2117 gestis,
1457 2047 1646 2102 Gallus
1681 2048 1981 2103 secundam
2016 2046 2294 2103 fortunam
2321 2064 2438 2104 mo-

843 2137 1037 2193 derate
1082 2138 1228 2194 ferre
1271 2155 1381 2192 non
1426 2140 1618 2193 valuit.
1680 2138 1786 2193 sed
1836 2139 2128 2194 confestim
2171 2139 2440 2196 adversus

846 2229 1003 2283 illum
1029 2245 1060 2284 a
1083 2246 1196 2300 quo
1214 2230 1396 2285 Caesar
1421 2231 1602 2285 fuerat
1625 2239 1996 2302 nuncupatus,
2020 2247 2111 2287 res
2131 2248 2303 2288 novas
2324 2249 2441 2289 mo-

843 2319 937 2375 liri
963 2322 1153 2392 capit,
1175 2330 1233 2378 et
1268 2323 1615 2395 tyrannidem
1645 2324 1761 2395 ipse
1785 2339 2004 2394 quoque.
2032 2325 2282 2396 arripere
2320 2334 2441 2382 ten-

844 2411 1001 2466 tavit.
1028 2411 1137 2467 Sed
1161 2429 1288 2468 cum
1318 2413 1476 2484 132
1510 2415 1631 2486 ejus
1665 2416 1958 2470 consilium
1986 2416 2142 2471 brevi
2172 2416 2441 2474 innotuis-

843 2512 930 2558 εει
993 2503 1317 2561 Constantio
1365 2523 1379 2559 :
1430 2507 1635 2578 quippe
1679 2507 1772 2563 ille
1827 2508 2201 2563 Domitianum
2248 2509 2441 2580 praefe-

843 2604 995 2650 ctum
1010 2598 1274 2667 praetorio
1289 2614 1391 2669 per
1414 2598 1722 2665 Orientem,
1748 2609 1805 2655 et
1825 2601 2079 2672 Magnum
2106 2611 2440 2671 quiestorem

843 2704 944 2744 sua
981 2690 1153 2760 ipsius
1177 2692 1511 2746 auctoritate
1537 2691 1780 2761 iusserat
1803 2692 2059 2758 interfici,
2084 2710 2152 2748 eo
2173 2694 2318 2764 quod
2344 2709 2439 2748 co-

846 2791 1009 2836 natus
1034 2781 1208 2852 ipsius
1232 2782 1574 2837 indicassent
1596 2782 1918 2838 Constantio
1945 2801 1958 2837 :
1983 2800 2049 2839 ea
2075 2800 2135 2839 re
2158 2794 2443 2854 permotus

845 2872 1150 2943 imperator
1191 2872 1409 2928 Gallum
1450 2873 1519 2928 ad
1573 2889 1633 2929 se
1675 2874 1948 2929 evocavit.
1992 2875 2062 2930 At
2106 2874 2197 2929 ille
2245 2874 2441 2930 timore

842 2964 1155 3033 perculsus,
1179 2964 1431 3035 perrexit
1471 2965 1699 3019 invitus.
1734 2965 1984 3036 Cumque
2019 2966 2087 3020 ad
2126 2964 2442 3021 Occidentis

841 3063 1031 3125 partes
1051 3064 1109 3110 et
1130 3055 1200 3109 ad
1225 3056 1462 3111 insulam
1496 3071 1672 3125 usque
1698 3056 1995 3111 Flanonam
2019 3058 2131 3128 jam
2160 3057 2443 3127 pervenis-

841 3153 948 3210 set,
984 3145 1342 3202 Constantius
1384 3147 1497 3203 illic
1528 3163 1655 3203 eum
1674 3148 1841 3218 jussit
1869 3148 2068 3202 occidi.
2113 3149 2227 3203 Nec
2268 3150 2442 3204 multo

3130 763 3388 820 ΚΕΦΔΛ.
3438 762 3560 817 ΛΓ.
3581 752 3590 758 ’

2541 859 2685 929 Περὶ
2707 856 2914 913 τῶνέν
2937 853 3498 980 Διοκαισαίὲῗὲωςῆς
3544 850 3955 919 Παλαιστίνης
3996 848 4127 907 Ἰουι

2628 1018 3001 1090 Ἑπισυνήχθη
3026 1018 3084 1072 δὲ
3117 1019 3230 1081 τοῖς
3255 1013 3562 1085 γινομένοις
3595 1013 3692 1067 καὶ
3719 1013 3851 1083 περὶ
3874 1011 3974 1083 τὴν
4001 1011 4129 1065 ἀναμ-

2539 1112 2702 1185 τολὴν
2729 1113 2918 1183 ἕτερος
2954 1111 3221 1183 ἐγχώριος
3249 1110 3503 1180 πόλεμος.
3526 1108 3591 1161 Oi
3620 1107 3730 1178 γάρ
3754 1107 3812 1159 ἐν
3846 1108 4127 1158 Διοκαισα-

2542 1204 2665 1275 pcta
2690 1203 2792 1273 τῆς
2813 1202 3181 1272 Παλαιστίνης
3213 1201 3461 1255 Ἰουδαῖοι
3501 1198 3643 1252 κατὰ
3675 1196 3966 1267 Ῥωμαίων
3987 1194 4127 1248 ὅπλα

2542 1296 2808 1365 ἀντῆραν,
2840 1294 2936 1348 καὶ
2964 1294 3094 1366 περὶ
3118 1293 3244 1356 τοὺς
3267 1292 3468 1355 τόπους
3501 1288 3744 1351 ἐκείνους
3774 1285 4123 1357 κατέτρεχον.

2553 1385 2713 1439 Ἀλλά
2744 1385 2972 1450 τούτους
3017 1385 3117 1458 μὲν
3155 1384 3358 1447 Γάλλος
3399 1385 3430 1437 ὁ
3478 1380 3576 1435 καὶ
3619 1378 4022 1440 Κωνστάντιος,
4066 1375 4127 1428 ὃν

2540 1479 2798 1552 Καίσαρα
2836 1480 3187 1551 καταστήσας
3237 1478 3267 1530 ὁ
3333 1474 3588 1545 βασιλεὺς
3652 1476 3732 1535 εις
3804 1473 3903 1541 τὴν
3985 1467 4126 1540 ἑῴαν

2539 1572 2936 1638 ἐξαπέστειλεν,
2948 1572 3177 1644 δύναμιν
3195 1569 3520 1631 ἀποστείλας
3538 1565 3953 1637 κατηγωνίσατο
3964 1564 4015 1603 δ’
4031 1561 4125 1615 καὶ

2536 1664 2641 1733 τὴν
2678 1663 2835 1717 πόλιν
2870 1663 3052 1718 αὐτῶν
3079 1662 3494 1734 Διοκαισάρειαν
3547 1660 3628 1722 είς
3657 1657 3854 1726 ἔδαφος
3896 1670 4122 1710 κατενε-

2537 1753 2734 1826 χθῆναι
2762 1753 3066 1808 ἐκέλευσεν.

3126 1867 3376 1921 ΚΕΦΑΛ.
3410 1864 3528 1921 ΔΔΖ

2877 1958 3020 2028 Περὶ
3050 1956 3298 2012 Γάλλου
3327 1955 3434 2011 τοῦ
3466 1955 3786 2023 Καίσαρος.

2612 2049 2800 2104 ταῦτα
2825 2051 3041 2122 πράξας
3063 2052 3092 2103 ὁ
3111 2048 3333 2112 Γάλλος,
3359 2047 3459 2118 τὴν
3481 2046 3735 2116 εὐτυχίαν
3753 2045 3853 2098 ούκ
3867 2044 4120 2116 ἧνεγκεν.

2553 2141 2694 2195 Ἀλλ’
2727 2141 2888 2205 εὐθὺς
2933 2140 3272 2213 νεωτερίζειν
3305 2138 3447 2194 κατά
3493 2137 3588 2192 τοῦ
3634 2135 4124 2209 προχειρισαμένου

2540 2235 2703 2288 αὐτὸν
2732 2235 3109 2306 ἐπεχείρησεν,
3139 2235 3425 2305 τυραννεῖν
3449 2248 3510 2285 τε
3540 2231 3636 2284 καὶ
3659 2230 3823 2293 αὐτὸς
3852 2227 4124 2284 ἐϐούλετο.

2545 2326 2711 2379 ’Ὥστε
2736 2327 2838 2380 ούκ
2863 2329 2943 2388 είς
2974 2323 3193 2397 μακρὰν
3219 2326 3248 2378 ὀ
3280 2322 3483 2385 σκοπὸς
3507 2320 3674 2377 αὑτοῦ
3708 2320 3815 2374 ύπδ
3841 2322 4127 2375 Κώνσταν-

2539 2417 2657 2471 τίυυ
2702 2416 3026 2486 κατάφωρος
3071 2413 3310 2483 ἐγένετο,
3354 2410 3681 2483 Δομετιανὸν
3727 2409 3834 2481 γάρ
3867 2408 3959 2462 τὸν
4003 2408 4125 2462 τότε

2543 2508 2781 2579 ἔπαρχον
2811 2508 2911 2577 τῆς
2955 2505 3120 2576 ἑῴας,
3173 2504 3270 2559 καὶ
3320 2504 3544 2572 Μάγνον
3576 2502 3891 2572 κυαίστωρα
3935 2498 4125 2553 αύοενο

2540 2603 2715 2669 τὴσας
2733 2599 2933 2660 ἀνεῖλε,
2960 2598 3306 2670 μηνύσαντας
3332 2597 3412 2669 τῷ
3437 2596 3646 2668 βασιλεῖ
3665 2596 3778 2666 (l5)
3809 2595 3899 2648 τὸν
3921 2591 4128 2647 σκοπὸν

2542 2692 2730 2748 αὑτοῦ.
2774 2690 2893 2761 Ἐφ’
2918 2684 2963 2759 ᾧ
2986 2690 3229 2762 κινηθεὶς
3245 2692 3276 2744 ὁ
3301 2688 3705 2752 Κωνστάντιος,
3732 2686 4128 2757 μετάπεμπτον

2541 2784 2727 2839 ἐκάλει
2771 2784 2864 2839 τὸν
2908 2783 3110 2838 Γάλλον
3149 2783 3288 2855 πρὸς
3338 2781 3553 2836 ἑαυτόν.
3608 2780 3668 2834 Ὀ
3705 2779 3797 2844 δὲ,
3829 2777 4127 2851 περίφοϐος

2541 2876 2833 2949 γενόμενος
2852 2917 2868 2939 ,
2902 2877 3052 2932 ἄκων
3084 2874 3397 2947 ἐπορεύετο.
3431 2871 3822 2928 Καταλαϐόντα
3854 2870 3913 2924 δὲ
3961 2868 4127 2923 αύτδν

2540 2967 2611 3021 τά
2657 2966 2888 3037 ἑσπέρια
2947 2964 3089 3036 μέρη
3112 3002 3129 3025 ,
3181 2964 3277 3018 καὶ
3319 2964 3450 3034 περὶ
3479 2961 3735 3015 Φλάνωνα
3769 2960 3869 3019 τὴν
3905 2958 4067 3030 νῆσον
4099 2959 4118 2999 ί

2541 3057 2854 3128 γενόμενον,
2895 3057 2925 3109 ὁ
2954 3053 3333 3118 Κωνστάντιος
3365 3051 3721 3125 ἀναιρεθῆναι
3757 3049 4045 3104 ἐκέλευσεν
4072 3052 4123 3106 l.

2542 3147 2679 3202 Μετ’
2708 3145 2771 3199 ού
2805 3144 2940 3199 πολὺ
2970 3144 3028 3198 δὲ
3066 3144 3353 3199 Ἰουλιανὸν
3380 3143 3474 3199 τοῦ
3504 3143 3709 3197 Γάλλου
3735 3141 3963 3212 ἀδελφὸν
3986 3141 4127 3195 Καί-

842 3245 988 3306 post,
1035 3237 1315 3292 lulianum
1338 3238 1567 3294 fratrem
1594 3240 1732 3301 Galli
1771 3255 1896 3294 cum
1922 3238 2193 3295 Caesarem
2220 3257 2439 3294 nuncu-
2466 3277 2510 3333 ϐ
2545 3255 2628 3308 σαι

2339 3257 2439 3294 cu-
2466 3277 2510 3333 ο
2545 3254 2688 3308 σαρα
2715 3237 3061 3307 καταστήσας
3090 3235 3142 3303 Ιι,
3186 3236 3279 3289 ἐπὶ
3304 3237 3432 3299 τοὺς
3473 3237 3531 3289 ἐν
3575 3233 3775 3306 Γαλλίᾳ
3820 3231 4125 3306 βαρϐάρους

842 3336 1049 3396 passct,
1085 3329 1141 3383 in
1179 3327 1385 3383 Gallias
1428 3330 1580 3384 misit
1619 3330 1887 3384 adversus
1931 3330 2215 3384 barbaros.
2261 3330 2436 3385 Porro

838 3415 1048 3482 Gallus,
1070 3418 1166 3489 qui
1191 3427 1245 3474 et
1269 3418 1625 3475 Constantius
1647 3420 1969 3486 vocabatur,
1996 3420 2321 3475 interfectus
2352 3429 2438 3477 est

839 3513 1130 3567 consulatu
1176 3511 1529 3582 imperatoris
1568 3511 1875 3567 Constantii
1916 3522 2132 3576 octavo,
2170 3521 2227 3567 et
2263 3513 2437 3582 ipsius

842 3604 1029 3659 tertio.
1055 3604 1214 3659 Anno
1238 3612 1422 3658 autem
1460 3604 1709 3674 proxime
1743 3612 2026 3673 sequente,
2050 3602 2300 3657 Julianus
2321 3601 2438 3658 Cac-

842 3710 935 3749 sar
968 3704 1188 3750 creatus
1231 3702 1336 3756 est.
1381 3696 1682 3752 Arbetione
1713 3703 1770 3749 et
1813 3694 2058 3748 Lolliano
2091 3695 2432 3759 consulibus,

843 3786 935 3841 die
961 3785 1197 3855 septimo
1225 3785 1354 3840 Idus
1383 3784 1731 3841 Novembris.
1764 3783 1843 3838 Ac
1872 3783 1940 3838 de
1966 3783 2185 3838 Juliano
2211 3783 2435 3852 quidem

843 3875 902 3929 in
943 3876 1196 3945 sequenti
1244 3876 1389 3930 libro
1426 3874 1629 3930 dicturi
1674 3890 1882 3929 sumus.
1915 3872 2272 3928 Constantius
2302 3889 2437 3928 vero

843 3966 1004 4021 malis
1048 3966 1251 4036 quibus
1300 3966 1657 4037 premebatur
1685 3968 1797 4037 jam
1843 3963 2067 4027 sedatis,
2113 3962 2179 4017 ad
2229 3964 2433 4019 bellum

843 4058 1215 4115 Ecclesiarum
1262 4058 1703 4130 componendum
1762 4068 2003 4113 mentem
2053 4074 2207 4114 suam
2253 4059 2437 4115 denuo

843 4150 1138 4204 convertit.
1171 4148 1371 4204 Sirmio
1398 4148 1568 4220 igitur
1595 4148 1896 4219 digressus,
1925 4156 1984 4203 et
2023 4148 2093 4203 ad
2123 4150 2319 4206 urbem
2345 4168 2437 4207 re—

2543 3324 2882 3379 άπέστειλεν.
2915 3323 3117 3388 Γάλλος
3150 3325 3250 3397 μὲν
3278 3321 3392 3390 οὖν,
3439 3328 3469 3379 ὁ
3509 3324 3604 3379 καὶ
3641 3323 4038 3387 Κωνστάντιος,
4065 3324 4126 3376 ἐν

2543 3419 2611 3488 τῇ
2641 3415 2845 3487 ἐϐδόμῃ
2873 3415 2967 3468 τοῦ
2994 3415 3259 3487 βασιλέως
3296 3416 3676 3471 Κωνσταντίου
3711 3415 3945 3487 ὑπατείᾳ
3979 3413 3997 3454 ι
4030 3414 4124 3469 ἁν-

2541 3510 2736 3581 ῃρέθη,
2763 3511 2888 3564 καθ’
2916 3510 2985 3581 ἣν
3022 3510 3119 3564 καὶ
3147 3511 3310 3573 αὐτὸς
3335 3508 3539 3573 ὕπατος
3568 3505 3635 3580 ἦν
3655 3508 3717 3562 τὸ
3744 3509 3948 3580 τριτον,
3991 3508 4123 3562 ἰου-

2541 3588 2723 3667 λιανὸς
2743 3603 2799 3657 δὲ
2816 3605 2883 3675 τῇ
2906 3602 3033 3673 ἐξῆς
3055 3603 3291 3675 ὑπατείᾳ
3322 3602 3671 3674 Ἀρϐιτίωνος
3692 3603 3787 3656 καὶ
3807 3600 4121 3667 Λολλιανοῠ,

2541 3695 2778 3766 κατέστη
2803 3697 3043 3766 Καῖσαρ,
3070 3697 3137 3767 τῇ
3160 3695 3295 3766 ἕκτη
3314 3694 3409 3748 τοῦ
3438 3693 3747 3765 Νοεμϐρίου
3771 3693 3959 3765 μηνός.
3987 3694 4123 3765 Περὶ

2544 3786 2643 3856 μὲν
2674 3782 2768 3841 οὖν
2810 3786 3121 3853 ’ἰουλιανοῦ,
3163 3789 3221 3840 ἐν
3269 3785 3346 3858 τῷ
3391 3786 3530 3857 μετά
3561 3785 3720 3840 τοῦτο
3749 3784 3936 3857 βιϐλίῳ
3976 3802 4126 3857 ποιη-

2542 3878 2746 3949 σόμεθα
2774 3880 3018 3951 μνήμην.
3048 3879 3428 3943 Κωνστάντιος
3449 3879 3508 3932 δὲ
3537 3879 3603 3932 ἐκ
3641 3877 3748 3932 τῶν
3780 3880 3838 3931 ἐν
3872 3878 3996 3931 ποσὶ
4030 3894 4123 3930 κα-

2541 3969 2655 4023 κῶν
2685 3971 2971 4041 ἡσυχάσας
2994 4011 3009 4033 ,
3039 3970 3131 4024 ἐπὶ
3159 3971 3250 4024 τὸν
3284 3969 3746 4041 ἐκκλησιαστικὸν
3776 3964 3933 4032 αὖθις
3966 3966 4123 4022 πόλει·

2547 4077 2648 4130 μον
2674 4060 2775 4132 τὴν
2796 4061 3003 4115 οἰκείαν
3030 4060 3225 4132 ἔτρεπε
3241 4060 3488 4133 γνώμην.
3523 4060 3619 4115 Ἐκ
3641 4059 3751 4131 γὰρ
3773 4058 3867 4113 τοῦ
3893 4057 4119 4130 Σιρμίου

2544 4152 2639 4206 ἐπὶ
2663 4155 2764 4223 τὴν
2796 4152 3181 4223 βασιλεύουσαν
3214 4154 3370 4208 πόλιν
3412 4153 3633 4225 Ῥώμην
3661 4150 3862 4219 άπιὼν,
3904 4149 4121 4206 σύνοδον

2060 4303 2329 4360 VALESII
2369 4305 2927 4365 ANNOTATIONES.

919 4420 1031 4493 (l5)
1060 4419 1155 4487 Μὴ
1178 4417 1578 4493 μηνύοςαςξτῷ
1605 4415 1878 4493 βασιλεῖ.
1913 4416 2074 4473 Hunc
2103 4418 2286 4493 locum
2311 4434 2434 4474 cor-

846 4487 963 4547 rexi
989 4487 1056 4544 ex
1091 4490 1281 4545 codice
1315 4487 1520 4552 Allatii,
1552 4497 1611 4542 et
1640 4504 1707 4542 ex
1734 4488 2040 4541 Sozomeno
2069 4503 2132 4543 ac
2160 4488 2431 4544 Cedreno.

842 4561 979 4617 Nam
1014 4560 1183 4615 codex
1207 4558 1426 4630 quidem
1454 4558 1633 4630 Allatii
1655 4558 1749 4630 ita
1775 4556 2036 4630 scriptum
2058 4557 2233 4630 habet
2256 4577 2291 4630 :A
2313 4561 2433 4614 Ἀν-

844 4632 958 4685 εϊλε
991 4627 1341 4702 μηνύσαντας
1353 4627 1573 4702 ,βασιλεί
1620 4627 1712 4681 τὸν
1756 4629 1958 4702 σκοπὸν
2010 4627 2199 4702 αὐτού.
2250 4627 2431 4702 _S_ozo-

846 4697 1202 4756 menus'vero
1230 4699 1284 4752 in
1328 4699 1471 4753 libro
1504 4715 1576 4763 Iv,
1607 4713 1730 4768 cap.
1765 4698 1818 4768 7,
1871 4697 1947 4752 ita
1987 4697 2222 4768 scribit:
2249 4700 2438 4752 Κατα-

847 4770 1197 4842 μηνύσαντας
1224 4769 1282 4823 δὲ
1328 4768 1409 4839 τῷ
1466 4766 1689 4839 βασιλεῖ
1730 4766 1822 4820 τὸν
1847 4766 2016 4822 αὑτοῦ
2047 4769 2432 4839 νεωτερισμὸν,

2535 4423 2761 4503 Μάγνον
2774 4441 2833 4503 τε
2853 4424 2946 4503 τὸν
2977 4427 3332 4503 κοιαίστ-ῳρα2
3488 4429 3588 4499 τῆς
3610 4429 3727 4485 Ἕω
3754 4429 3846 4503 τὸν
3872 4429 4119 4503 ὕπαρχον

2536 4494 2887 4618 Δομετιανὸν,
2913 4496 3143 4578 ἀνεῖλεν.
3176 4494 3517 4568 Epiphanius
3540 4494 3718 4555 tamen
3748 4494 4119 4585 Scholasticus

2536 4580 2606 4618 vu
2631 4572 2810 4618 catam
2843 4564 3136 4618 lectionem
3163 4578 3387 4618 secutus
3416 4577 3521 4618 est-
3554 4586 3718 4618 annm
3747 4581 3804 4618 et
3824 4582 3996 4618 nostri
4027 4589 4119 4618 ηι-

2534 4564 2821 4640 νυιεοιεπι.
2843 4564 3136 4622 lectionem
3163 4564 3388 4640 secutus
3416 4577 3521 4635 est,
3554 4586 3718 4640 quam
3747 4581 3804 4627 et
3824 4573 3997 4628 nostri
4027 4589 4120 4629 co—

2536 4634 2982 4759 gil'cégtretinent,
3014 4646 3072 4693 et
3098 4648 3293 4695 auctor
3316 4634 3588 4697 Chronici‘
3605 4641 3959 4699 Alexandrini
3979 4657 4115 4699 con-

2290 4927 2680 4986 VARIORUM.

913 5039 956 5119 δ’
979 5040 1222 5119 Pallor;
1248 5043 1719 5119 κατηγωνίσατο.
1750 5042 1935 5100 Gallus
1961 5042 2199 5119 ludant,
2211 5043 2429 5119 _qui.in-
2462 5048 2506 5102 D
2532 5060 2639 5099 nus
2674 5034 2699 5100 i‘

2324 5043 2429 5119 _in-
2462 5048 2506 5102 D
2532 5060 2639 5099 nus
2674 5034 2733 5100 in
2771 5046 2879 5103 ﬁne
2907 5047 3005 5103 lib.
3033 5064 3122 5104 xtv
3142 5067 3155 5102 :
3177 5048 3418 5104 Excessit
3438 5051 3591 5119 evita
3608 5052 3780 5106 atatis
3806 5068 3949 5107 anno
3973 5071 4110 5112 nono

842 5112 1073 5181 terfectis
1112 5128 1207 5183 per
1250 5112 1453 5168 noctem
1484 5113 1749 5169 militibus
1779 5130 1933 5167 arma
1965 5114 2035 5167 ad
2059 5112 2423 5183 rebellandum

2535 5123 2696 5185 atque
2746 5119 3013 5191 vicesimo.
3058 5137 3175 5191 cum
3226 5121 3577 5191 quadriennio
3618 5122 3949 5191 imperasset.
3983 5125 4113 5182 Erat

844 5181 1486 5307 invaserunﬂpressit,
1517 5186 1663 5239 casis
1698 5183 1876 5238 multis
1939 5185 2210 5267 hominum
2258 5181 2424 5236 ntilli-
2531 5181 2713 5241 autem
2744 5203 2921 5244 annus
2946 5189 3080 5245 Chr.
3109 5181 3395 5247 55L'Vide
3432 5191 3647 5247 Sozom.
3681 5181 3779 5247 lib.
3812 5209 3886 5260 tv,
3915 5211 4035 5267 cap.

844 5254 958 5307 bus.
986 5268 1150 5307 usque
1278 5270 1552 5307 mnoa‘mm
1593 5264 1826 5307 atatem.
1870 5261 1917 5307 et
1963 5261 2196 5307 ciuitates
2246 5268 2427 5307 eorum
2532 5262 2590 5307 et
2626 5256 2857 5307 Idalium
2891 5260 2944 5307 in
2982 5261 3172 5307 Fastis-

843 5254 958 5314 bus,
986 5268 1150 5321 usque
1179 5254 1248 5307 ad
1278 5255 1552 5309 innoxiam
1593 5264 1826 5319 atatem,
1870 5261 1917 5307 et
1963 5255 2196 5308 ciuitates
2246 5268 2427 5307 eorum

842 5320 1255 5396 Diacasaream,
1290 5323 1639 5396 Tiberiadem,
1667 5334 1716 5379 et
1746 5323 2056 5396 Diospolim,
2094 5323 2429 5396 plurimaque

845 5390 1040 5466 oppida
1062 5393 1173 5466 igni
1201 5394 1440 5466 tradidit.
1473 5394 1643 5466 (Hier.
1668 5397 1734 5466 in
1753 5390 2049 5466 Chronico,
2083 5390 2150 5448 ad
2168 5409 2260 5448 an.
2278 5390 2425 5466 555).

1278 5255 1552 5309 innoxiam
1593 5264 1826 5319 atatem,
1870 5261 1917 5307 et
1963 5255 2196 5308 ciuitates
2246 5268 2427 5307 eorum
2532 5262 2590 5309 et
2626 5256 2858 5312 Idalium
2891 5260 2944 5314 in
2980 5261 3172 5316 Fastis.

2609 5327 2634 5364 ι
2680 5328 3004 5401 Ἰουλιανόν
3036 5333 3305 5399 Καίσαρα
3333 5331 3741 5401 καταστήσας.
3771 5334 4111 5393 Constantius

2537 5394 2821 5454 Claudium
2863 5400 3165 5465 Iulianum,
3209 5394 3625 5471 fratrem‘Gan,
3655 5394 3851 5460 honore
3884 5406 4110 5463 Casaris

921 5462 938 5501 ἱ
977 5462 1116 5530 Περὶ
1149 5462 1440 5519 duarum:
1470 5462 1589 5548 τῂν·
1612 5464 1833 5548 νῆσον.
1852 5464 2115 5547 Flauona,
2146 5479 2240 5546 seu
2264 5464 2429 5543 eliam
2540 5471 2780 5548 assumit,
2812 5489 2979 5530 annos
3008 5462 3326 5541 natum'fere
3348 5483 3452 5529 tres
3504 5462 3663 5546 atque
3689 5478 3741 5530 vi
3782 5462 3905 5544 ‘nti,
3931 5462 4112 5549 inquit

921 5546 1104 5603 avona,
1137 5541 1198 5587 ut
1223 5534 1429 5589 habent
1452 5536 1545 5590 aln
1579 5536 1820 5601 codices,
1850 5536 1985 5589 urbs
2010 5534 2291 5588 Liburnia
2313 5533 2421 5586 Ριι-
2526 5535 2716 5592 Victor
2752 5541 2808 5595 in
2832 5542 3103 5603 Epitome.
3136 5543 3266 5597 Erat
3294 5553 3477 5600 autem
3517 5561 3694 5600 annus
3713 5493 3836 5603 5%.5.

845 5529 1104 5601 Flavona,
1137 5541 1198 5587 ut
1223 5534 1429 5589 habent
1452 5529 1545 5590 alii
1579 5529 1820 5601 codices,
1850 5536 1985 5589 urbs
2010 5534 2291 5588 Liburnia
2313 5533 2421 5586 Pli-

843 5600 939 5676 nio
965 5612 1022 5656 et
1046 5602 1363 5676 Ptolemaeo,
1390 5621 1539 5662 nunc
1573 5606 1834 5669 Fianona,
1862 5605 2184 5676 oppidulum
2222 5604 2416 5676 Istrae,

846 5670 905 5724 in
936 5686 1033 5725 ora
1062 5674 1502 5731 marisAdriatici
1526 5686 1582 5731 et
1608 5677 1764 5732 sinus
1792 5670 2054 5732 Flanatici
2080 5675 2151 5730 ab
2169 5689 2238 5729 eo
2260 5673 2415 5738 dicti;

844 5740 962 5822 sub.
986 5742 1230 5822 dominio
1262 5745 1619 5813 Venetorum,
1650 5763 1775 5802 cum
1820 5755 1981 5817 portu
2010 5746 2222 5800 munito
2248 5752 2305 5799 et
2330 5758 2424 5797 ca—

844 5812 987 5886 paci.
1027 5812 1233 5869 BAUDIM
1242 5832 1328 5886 nn.

919 5883 934 5930 ί
989 5885 1378 5956 Ἀναιρεθῆτηι
1412 5886 1761 5944 ἐκέλευσεν.
1798 5886 2117 5943 Ammianus
2148 5883 2421 5941 Marcelli-

2526 5535 2716 5613 Victor
2752 5541 2808 5595 in
2832 5542 3103 5613 Epitome.
3136 5535 3266 5597 Erat
3294 5553 3477 5600 autem
3517 5535 3747 5600 annusﬁ

2602 5608 2620 5648 ι
2667 5611 2763 5685 Er
2798 5608 3115 5685 τῃᾋϐδόιέῃ
3147 5616 3569 5670 Κώνσταν-τίον
3606 5617 3849 5685 ὐπατιᾳ.
3875 5617 4110 5674 Verten-

2526 5677 2680 5747 dum,
2699 5681 2756 5735 in
2786 5677 3007 5755 septima
3031 5677 3333 5740 causam
3361 5685 3660 5751 consulatu,
3683 5677 3879 5742 non'in
3904 5698 4107 5755 octavo,

2535 5763 2596 5807 ut
2648 5753 2910 5809 mendose
2961 5753 3229 5810 Valesius.
3284 5755 3422 5812 Cum
3485 5756 3709 5813 Socrate
3755 5753 4109 5816 consentiunt

2534 5822 2677 5881 Fasti
2703 5825 2953 5881 Idatiani.
2985 5825 3074 5881 W.
3107 5825 3322 5882 Lowru.
