4524 6582
468 487 571 543 297

1461 487 1789 542 HISTORIA
1829 485 2385 542 ECCLESIASTICA.
2426 518 2492 525 —
2528 485 2655 544 LIB.
2703 489 2767 542 II.

3627 491 3730 546 9.98

468 595 782 650 ἐπισκόπων
801 591 956 660 αὖθις
976 597 1262 667 ἐκήρυξεν,
1283 597 1377 650 καί
1393 615 1546 660 τινας
1560 598 1668 650 τῶν
1708 597 2044 653 ἀνατολικῶν
2075 607 2119 662 Α
2146 599 2254 668 giat

1944 597 2044 653 κῶν
2075 607 2119 662 Α
2146 599 2289 668 giam
2315 598 2564 664 tendens,
2591 615 2784 655 rursus
2803 596 3190 672 episcoporum
3211 605 3480 676 synodum
3506 606 3730 672 indicit,

470 688 780 743 ἐπισκόπων
807 689 898 741 ἐπὶ
922 687 1020 759 τὴν
1046 689 1277 742 Γαλλίαν
1310 689 1420 759 (I6)
1456 690 1708 744 σπεύδειν
1739 690 2044 743 ἐκέλευσεν·

468 782 527 834 ὲν
583 779 766 850 ταυτῷ
803 779 860 832 δὲ
899 781 1036 832 ίὲναι
1090 781 1183 833 καὶ
1221 781 1348 844 τοὺς
1392 780 1501 834 τῶν
1551 781 1822 850 ἑσπερίων
1869 781 2048 853 μερῶν

469 872 897 943 παρεσκεύαζεν.
939 871 1027 924 Ἐν
1056 872 1298 942 τοσούτῳ
1337 872 1395 925 δὲ
1423 872 1629 926 τούτων
1656 874 1748 926 ἐπὶ
1776 873 1875 945 τὴν
1912 875 2049 927 ἰτα-

469 960 587 1017 λίαν
611 962 1179 1032 παρασκευαζομένων
1207 961 1568 1032 πορεύεσθαι,
1602 963 1726 1015 τάδε
1757 963 2048 1032 ἐπισυνέϐη

467 1053 750 1120 γενέσθαι·
795 1050 1009 1113 Ἰούλιος
1043 1049 1142 1120 μὲν
1171 1051 1200 1103 ὁ
1231 1051 1332 1121 τῆς
1373 1050 1592 1121 Ῥώμης
1623 1051 1920 1114 ἐπίσκοπος
1945 1054 2053 1105 ἐτε-

469 1144 700 1213 λεύτησε
735 1143 852 1212 (I7)
885 1155 946 1205 ω,
979 1143 1138 1195 πέντε
1171 1142 1308 1213 πρὸς
1335 1146 1446 1208 τοῖς
1475 1144 1609 1197 δέκα
1647 1147 1924 1208 ἐνιαυτοὺς
1953 1146 2052 1215 τῆς

471 1240 531 1291 ἐν
555 1237 694 1308 αὐτῇ
738 1234 1063 1305 Ἐκκλησίας
1089 1236 1332 1304 προστάς
1355 1251 1368 1264 ·
1406 1235 1655 1306 Λιὸἐριος
1679 1237 1735 1290 δὲ
1763 1237 1930 1290 αὑτοῦ
1954 1237 2054 1307 τὴν

471 1328 780 1399 ἐπισκοπὴν
813 1326 1136 1397 διαδέχεται.

1059 1441 1314 1496 ΚΕΦΑΛ.
1353 1441 1476 1494 AE'.

470 1535 609 1604 Περὶ
662 1534 888 1588 Ἀετίου
928 1531 1035 1586 τοῦ
1078 1533 1294 1617 Σύρου,
1335 1531 1442 1585 τοῦ
1471 1530 1846 1585 διδασκάλου
1879 1533 2056 1584 Euro-

1169 1619 1335 1671 μιου.

555 1694 644 1750 Ἐν
672 1695 730 1749 δὲ
773 1693 1072 1765 Ἀντιοχείᾳ
1104 1693 1204 1764 τῆς
1238 1693 1437 1764 Συρίας
1484 1692 1670 1762 ἕτερος
1727 1692 1940 1763 ἐπεφύη
1978 1692 2058 1746 αἱ·

473 1788 769 1862 ρεσιὰρχης
803 1787 1007 1844 Ἀἐτιος
1043 1794 1092 1851 ³,
1131 1788 1160 1839 ό
1188 1785 1500 1856 ἐπικληθεὶς
1545 1784 1752 1848 Ἀοεος.
1788 1780 1957 1844 Οὗτος
1989 1785 2058 1839 τὰ

471 1882 612 1935 αὐτὰ
634 1880 850 1952 ἐφρόνει
884 1880 1098 1950 Ἀρείῳ,
1118 1879 1212 1932 καὶ
1236 1877 1335 1949 τὴν
1350 1877 1518 1949 αὐτὴν
1543 1877 1858 1948 συνεκρότει
1876 1876 2051 1942 δόξαν.

2149 695 2206 742 et
2229 689 2495 758 quosdam
2528 705 2597 744 ex
2618 691 2982 746 orientalibus
3003 694 3279 763 episcopis
3302 695 3356 748 in
3382 695 3586 748 Italiam
3612 712 3739 765 pro-

2150 794 2369 848 perare,
2404 795 2582 851 eoque
2607 782 2774 836 etiam
2810 784 3188 840 occidentales
3213 787 3499 856 episcopos
3533 802 3738 842 conve-

2151 871 2271 924 nire
2291 871 2468 940 jubet.
2509 872 2724 927 Interea
2770 875 3032 943 temporis
3071 876 3202 929 dum
3242 877 3333 930 isti
3373 878 3646 947 proficisci
3682 878 3740 931 in

2151 961 2362 1017 Italiam
2409 973 2625 1034 parant,
2651 965 2828 1022 Julius
2869 969 3126 1023 Romana:
3152 969 3310 1023 urbis
3342 970 3634 1041 cpiscopus
3673 988 3739 1025 ex

2153 1053 2256 1106 hac
2291 1053 2414 1108 luce
2451 1056 2728 1125 migravit,
2769 1072 2894 1111 cum
2933 1075 3032 1128 per
3069 1059 3385 1129 quindecim
3425 1077 3600 1116 annos
3623 1065 3741 1132 ejus

2152 1143 2260 1198 loci
2304 1145 2608 1201 Eeclesiam
2659 1151 3097 1206 administrassct
3145 1170 3158 1204 :
3205 1153 3460 1208 Liberius
3509 1169 3639 1208 vero
3685 1155 3739 1209 in

2153 1237 2273 1306 ejus
2295 1239 2669 1309 episcOpatum
2697 1244 2979 1297 successit.

2741 1442 2890 1495 CAP.
2936 1442 3148 1495 XXXV.

2437 1530 2516 1583 De
2534 1531 2683 1585 Aetio
2708 1530 2863 1602 Syro,
2904 1532 3149 1585 Euuomii
3184 1536 3454 1602 magistro.

2228 1689 2382 1743 Tunc
2411 1690 2578 1742 etiam
2603 1691 2747 1759 apud
2779 1691 3124 1745 Antiochiam
3151 1692 3342 1744 urbem
3372 1691 3541 1762 Syria:
3569 1708 3741 1748 novus

2158 1780 2552 1837 bzeresiarches
2611 1784 2838 1837 emersit
2879 1786 3102 1849 Aetius,
3164 1786 3320 1855 133
3380 1795 3741 1856 cognomento

2158 1873 2387 1928 Atheus.
2423 1875 2522 1930 IIie
2553 1891 2677 1929 eum
2711 1876 2843 1930 Ario
2875 1878 3096 1946 quidem
3145 1879 3544 1941 consentiebat,
3589 1895 3740 1933 eam-

471 1973 614 2043 Πρὸς
642 1972 699 2026 δὲ
738 1971 1170 2041 Ἀρειανίξοντας
1197 1969 1516 2039 διεκρίνετο,
1546 1969 1682 2023 διότι
1717 1969 1934 2039 ’Ἄρειον
1971 1969 2052 2031 είς
2085 1957 2128 2012 Β
2151 1964 2257 2019 den

1971 1969 2052 2031 είς
2085 1957 2387 2035 Bdemque
2438 1982 2564 2020 cum
2611 1967 2703 2021 illo
2748 1968 3088 2038 Opinionem
3115 1970 3388 2024 tuebatur.
3427 1972 3627 2024 Verum
3673 1971 3740 2023 ab

469 2062 755 2116 κοινωνίαν
783 2061 1049 2126 ἐδέξαντο.
1084 2062 1302 2131 ’Ἄρειος
1337 2059 1467 2132 γὰρ,
1494 2061 1572 2125 ὡς
1603 2061 1867 2132 πρότερον
1893 2058 2050 2130 ἔφην,

471 2157 640 2227 ἕτερα
669 2155 811 2210 κατὰ
838 2155 1078 2209 διάνοιαν
1111 2154 1346 2225 φρονῶν,
1375 2154 1538 2225 ἕτερα
1576 2157 1644 2226 τῇ
1674 2156 1826 2224 φωνῇ
1855 2152 2054 2223 ὡμολό-

470 2268 658 2320 γησεν,
690 2251 778 2303 ὅτε
810 2249 900 2301 τὸν
932 2249 990 2300 ὲν
1021 2248 1226 2318 Νικαίᾳ
1263 2247 1362 2316 τῆς
1392 2246 1611 2299 συνόδου
1632 2245 1802 2300 τύπον
1829 2245 2054 2316 δεχόμε-

473 2361 561 2406 νος
587 2340 1000 2412 καθυπέγραψε,
1018 2340 1110 2394 τὸν
1127 2340 1249 2392 τότε
1275 2339 1498 2408 βασιλέα
1528 2338 1766 2393 πλανῶν.
1798 2337 2054 2392 Διατοῦτο

475 2436 572 2505 μὲν
599 2429 692 2486 οὖν
716 2434 808 2486 καὶ
847 2432 1052 2495 Ἀἐτιος
1086 2432 1222 2502 πρὸς
1258 2432 1571 2503 Ἀρειανοῦς
1597 2431 1914 2501 διεκρίνετο.
1946 2426 2056 2483 Ἦν

471 2526 644 2580 δὲκαὶ
681 2525 943 2597 πρότερον
984 2523 1188 2586 Ἀἑτιος
1223 2523 1498 2593 αἱρετικδς
1521 2522 1827 2595 ἄνθρωπος,
1859 2522 1955 2576 καὶ
1978 2522 2057 2592 τῷ

485 2617 695 2686 ’Λρείου
724 2617 956 2686 δόγματι
996 2617 1318 2685 συνηγορεῖν
1342 2613 1622 2684 διαπύρως
1648 2611 1927 2666 ἔσπευδεν.
1971 2613 2057 2664 Ἐν

473 2709 584 2778 γὰρ
609 2710 676 2779 τῇ
720 2707 1095 2778 Ἀλεξανδρείᾳ
1125 2705 1297 2776 μικρὰ
1318 2704 1648 2768 παιδευθεὶς,
1674 2703 2055 2771 ἀναζεύγνυσιν

474 2802 569 2852 καὶ
609 2797 934 2853 καταλαϐὼν
961 2800 1063 2868 τὴν
1106 2799 1164 2850 ὲν
1202 2797 1372 2867 Συρίᾳ
1417 2795 1771 2865 Ἀντιόχειαν,
1812 2793 2059 2847 ἐντεῦθεν

475 2894 585 2964 γὰρ
615 2889 700 2962 ἦν,
733 2891 839 2944 ὑπὸ
865 2889 1118 2944 Λεοντίου
1145 2887 1240 2940 τοῦ
1283 2887 1407 2939 τότε
1439 2886 1540 2955 τῆς
1586 2885 1914 2954 Ἀντιοχείας
1945 2886 2060 2936 ἑπιο

477 2985 679 3036 σκόπου
707 2985 1093 3054 χειροτονεῖται
1117 2980 1385 3042 διάκονος.
1418 2978 1594 3041 Εὐθὺς
1617 2975 1711 3030 οὖν
1737 2976 2060 3046 ὲξενοφώνει

475 3074 602 3136 τοὺς
638 3073 1088 3142 ἐντυγχάνοντας.
1135 3068 1306 3122 Τοῦτο
1335 3067 1394 3120 δὲ
1435 3067 1643 3130 ἐποίει,
1679 3069 1798 3129 ταῖς
1835 3083 2063 3137 κατηγο-

480 3167 623 3238 ρίαις
659 3163 1058 3235 Ἀριστοτέλους
1081 3160 1375 3215 πιστεύων·
1408 3158 1610 3230 βιὸλίον
1635 3159 1690 3212 δὲ
1713 3159 1885 3220 οὕτως
1912 3161 2060 3212 ἐστὶν

477 3255 956 3326 ἐπιγεγραμμένον
979 3253 1148 3324 αὐτῷ’
1173 3254 1231 3320 ἐξ
1257 3252 1436 3306 αὐτῶν
1459 3269 1517 3305 τε
1537 3251 1938 3322 διαλεγόμενος,
1968 3252 2062 3304 καὶ

479 3349 656 3419 ἐαυτῷ
704 3348 944 3418 σόφισμα
991 3347 1160 3400 ποιῶν
1189 3347 1298 3418 (I8)
1347 3345 1446 3398 οὐκ
1483 3343 1702 3416 ᾔσθετο,
1746 3343 1868 3397 οὐδὲ
1910 3344 2062 3414 παρὰ

480 3443 593 3494 τῶν
631 3440 1014 3510 ἐπιστημόνων
1046 3438 1218 3509 ἔμαθε
1257 3439 1348 3490 τὸν
1403 3436 1807 3507 Ἀριστοτέλους
1835 3435 2059 3488 σκοπόν.

492 3534 729 3594 Ἐκεῖνος
756 3531 867 3601 γὰρ
894 3530 982 3583 διὰ
1013 3532 1140 3592 τοὺς
1171 3528 1433 3598 σοφιστὰς
1466 3526 1565 3595 τὴν
1595 3527 1916 3596 φιλοσοφίαν
1945 3527 2065 3579 τότε

482 3620 841 3694 χλευάζοντας
865 3661 882 3684 ,
934 3621 1244 3692 γυμνασίαν
1305 3618 1510 3689 ταύτην
1577 3619 1902 3688 συγγράψας
1956 3621 2068 3680 τοῖς

483 3716 657 3780 νέοις,
689 3715 788 3785 τὴν
813 3713 1156 3783 διαλεκτικὴν
1181 3713 1294 3774 τοῖς
1341 3713 1628 3778 σοφισταῖς
1664 3709 1752 3761 διὰ
1781 3709 1888 3760 τῶν
1923 3726 2068 3777 σοφι-

487 3806 704 3873 σμάτων
737 3802 1054 3874 ἀντέθηκεν.
1079 3803 1141 3854 Ol
1167 3799 1296 3869 γοῦν
1323 3799 1602 3869 ἐφεκτικοὶ
1629 3797 1741 3869 (I9)
1774 3797 1883 3850 τῶν
1917 3797 2065 3865 φιλο-

2151 2059 2483 2114 Arianorum
2521 2061 2774 2131 partibus
2812 2079 2870 2117 se
2908 2050 3116 2118 idcirco
3167 2064 3433 2132 seiunxit,
3471 2064 3616 2134 quod
3663 2064 3739 2118 illi

2153 2153 2343 2206 Arium
2375 2153 2442 2207 ad
2485 2154 2928 2208 communionem
2971 2155 3326 2224 recepissent.
3361 2155 3527 2210 Arius
3569 2156 3743 2222 enim,

2153 2241 2298 2296 sicut
2339 2251 2498 2296 antea
2543 2242 2676 2307 dixi,
2723 2243 2869 2298 aliud
2914 2245 2969 2297 in
3017 2255 3199 2298 mente
3234 2246 3479 2299 clausum
3514 2262 3740 2315 gerens,

2154 2331 2303 2385 aliud
2338 2347 2433 2386 ore
2463 2333 2771 2401 professus,
2805 2333 3037 2388 Nicaeum
3069 2334 3260 2404 synodi
3294 2335 3586 2390 formulam
3617 2352 3741 2390 sus-

2155 2425 2398 2493 cipiens,
2450 2425 2855 2495 subscriptione
2890 2441 2989 2479 sua
3033 2424 3364 2491 finuaverat,
3402 2437 3462 2481 ut
3502 2428 3741 2498 impera-

2158 2524 2331 2570 torem
2363 2518 2458 2585 qui
2495 2525 2626 2572 tunc
2669 2517 2934 2587 temporis
2973 2518 3252 2587 regnabat,
3294 2519 3738 2574 circumveniret.

2159 2607 2310 2662 Ilane
2368 2609 2534 2678 igitur
2591 2609 2663 2662 ob
2725 2624 2946 2663 causam
2993 2608 3184 2662 Aetius
3239 2609 3308 2662 ab
3354 2610 3568 2664 Arianis
3623 2629 3742 2667 sese

2159 2701 2398 2770 abrupit.
2434 2703 2562 2756 Erat
2595 2718 2759 2771 porro
2789 2701 2983 2757 Aetius
3021 2703 3131 2772 jam
3165 2703 3396 2758 antehac
3431 2685 3742 2766 litercticus,

2159 2802 2214 2845 et
2244 2808 2341 2860 pro
2368 2792 2482 2846 Arii
2527 2793 2776 2864 dOgmate
2819 2794 3202 2848 ardentissime
3234 2811 3576 2863 propugnare
3609 2811 3744 2850 con-

2161 2894 2432 2938 sueverat.
2479 2885 2612 2939 Nam
2658 2901 2783 2939 cum
2840 2886 3183 2941 Alexandria:
3219 2887 3413 2941 leviter
3452 2888 3744 2942 admodum

2162 2975 2447 3030 institutus
2472 2976 2686 3041 fuisset,
2716 2977 2841 3032 inde
2873 2993 3128 3032 reversus
3164 2989 3248 3033 est
3270 2979 3615 3034 Antiochiam
3645 2981 3746 3052 Sy-

2164 3066 2276 3131 riae,
2307 3083 2376 3122 ex
2409 3084 2517 3136 qua
2551 3069 2772 3123 civitate
2799 3079 2920 3124 erat
2950 3070 3252 3137 oriundus;
3291 3072 3401 3126 illic
3433 3088 3464 3126 a
3495 3073 3744 3134 Leontio,

2162 3158 2257 3226 qui
2307 3167 2437 3213 tunc
2483 3159 2839 3215 Antioeheme
2877 3163 3032 3217 urbis
3077 3165 3452 3240 episcopatum
3501 3167 3746 3236 gerebat,

2163 3249 2431 3304 diaconus
2458 3261 2543 3305 est
2565 3251 2871 3308 ordinatus.
2897 3255 3183 3326 Extemplo
3207 3257 3374 3328 igitur
3399 3273 3496 3313 eos
3525 3259 3752 3328 quibus-

2166 3356 2291 3394 cum
2342 3343 2790 3412 colloquebatur,
2840 3361 3156 3402 sermonum
3209 3349 3450 3406 novitate
3488 3350 3750 3420 obstupe-

2165 3432 2314 3487 fecit.
2364 3434 2421 3487 Id
2468 3445 2651 3489 autem
2693 3437 2907 3506 agebat,
2955 3437 3130 3492 fretus
3163 3441 3453 3509 categoriis
3481 3442 3750 3495 Aristote-

2161 3526 2230 3579 lis
2262 3544 2273 3576 :
2307 3527 2352 3579 is
2385 3526 2525 3580 liber
2550 3537 2635 3581 est
2661 3529 2730 3581 ab
2773 3541 2998 3583 auctore
3030 3530 3104 3584 ita
3144 3531 3441 3602 inscriptus
3474 3551 3486 3585 :
3519 3549 3582 3586 ex
3613 3549 3749 3602 qua-

2165 3632 2286 3669 rum
2334 3619 2622 3686 praeceptis
2655 3618 2962 3687 disputans,
3009 3636 3119 3673 non
3161 3621 3548 3677 animadvertit
3588 3639 3646 3677 se
3693 3625 3749 3678 in

2163 3723 2320 3761 suam
2378 3707 2553 3776 ipsius
2608 3708 2856 3764 fraudem
2915 3711 3188 3779 captiosas
3249 3715 3750 3782 argumentationes

2165 3814 2495 3868 componere
2527 3840 2542 3864 ,
2575 3816 2676 3855 nec
2714 3801 2887 3870 ipsius
2919 3802 3232 3858 Aristotelis
3273 3815 3512 3860 mentem
3557 3808 3751 3863 didicit

1692 3952 1954 4008 VALESII
1997 3953 2548 4009 ANNOTATIONES.

559 4077 669 4147 (16)
713 4076 838 4128 Ἐπὶ
871 4075 985 4147 τὴν
1015 4075 1305 4128 Γαλλίαν.
1339 4073 1565 4147 Rectius
1598 4073 1659 4147 in
1703 4072 1894 4147 codice
1907 4071 2068 4147 λιθο-

489 4142 576 4202 nis
609 4142 792 4202 Allatii
839 4145 1105 4215 scriptum
1160 4153 1245 4198 est
1311 4145 1405 4196 ἐπὶ
1449 4148 1548 4212 τὴν
1595 4143 1844 4197 Ἰταλίαν.
1896 4142 2070 4209 Quam

489 4220 818 4286 scripturam
854 4217 910 4270 in
945 4219 1198 4286 versione
1228 4231 1345 4286 mea
1387 4221 1611 4286 secutus
1640 4229 1784 4267 sum.

2167 4073 3069 4147 stissimolibro‘derpontificibus
3123 4076 3405 4142 Romanis,
3447 4077 3543 4147 qui
3571 4079 3754 4135 editus

2167 4154 2388 4216 estuugna
2425 4143 2742 4216 cumCyclo
2766 4146 2987 4200 Victorii
3029 4147 3308 4216 Aquitani.

2242 4213 2354 4284 (I8)
2397 4216 2500 4267 Καὶ
2532 4213 2722 4280 ἐαύτῷ
2753 4218 3023 4284 σόφισμα
3055 4213 3259 4269 ποιῶν.
3297 4217 3356 4270 In
3388 4218 3576 4272 codice
3609 4220 3750 4273 Leo-

560 4283 671 4358 (I'7)
692 4289 931 4350 Ἰούλιος
940 4285 1057 4358 μὲν
1074 4285 1466 4358 ὁτῆς-Ῥώμης
1483 4285 1814 4358 ἐπίσκοπος
1828 4283 2078 4358 ἐτελεύ-ο
2170 4285 2257 4358 nis
2285 4285 2346 4358 Al

1965 4285 2078 4358 εύ-
2170 4285 2257 4358 IIIS
2285 4285 2474 4358 Allatii
2521 4285 2805 4358 Iticlocus
2829 4288 2902 4340 ita
2930 4287 3131 4356 legitur
3163 4305 3176 4339 :
3211 4287 3300 4351 Ἐξ
3334 4288 3509 4340 αὐτῶν
3539 4289 3595 4340 δὲ
3633 4291 3749 4342 δια-

492 4353 662 4424 mea.
679 4358 830 4413 Obiit
843 4357 1021 4412 Julius
1037 4356 1214 4426 pridie
1231 4355 1360 4408 Idus
1375 4355 1610 4426 Apriles,
1623 4353 2069 4426 QonstantioAu-

2172 4354 2488 4429 λεγόμενος,
2512 4357 2606 4429 καί
2624 4357 2799 4429 ἐαυτῷ
2823 4354 3062 4429 σόφισμα
3083 4359 3316 4410 ὲκποιῶν
3335 4360 3433 4410 οὑκ
3464 4360 3747 4429 ᾐσθάνετο.

492 4423 650 4497 gusto
677 4445 729 4492 v,
755 4436 811 4483 et
831 4423 1156 4483 Constantio
1180 4424 1392 4497 Caesare
1425 4423 1767 4487 Consulibus,
1814 4423 1960 4497 quod
1983 4434 2080 4497 est
2175 4425 2291 4497 Ego
2312 4441 2445 4497 vero
2471 4423 2792 4497 particulam
2835 4423 2927 4480 καὶ
2964 4423 3250 4482 delendam
3283 4444 3404 4482 esse
3442 4423 3660 4483 ecuseo.

492 4494 636 4552 anno
665 4498 872 4554 Christi
905 4497 1030 4557 352,
1072 4512 1195 4550 cum
1237 4495 1473 4549 sedisset
1525 4509 1700 4548 annos
1735 4494 2076 4562 quindecim,

495 4585 735 4624 mensem
771 4584 961 4633 unum,
1001 4568 1120 4621 dies
1153 4565 1429 4630 undecim,
1461 4572 1523 4620 ut
1567 4565 1769 4635 legitur
1814 4564 1870 4617 in
1919 4573 2074 4617 vetu-

2248 4493 2358 4567 (I9)
2393 4498 2453 4567 Οἱ
2480 4495 2630 4567 γοῦν
2649 4496 2968 4563 ἐφεκτικοί.
3001 4499 3342 4567 Epiphanius
3373 4499 3751 4555 Scholasticus

2181 4564 2377 4634 legisse
2405 4565 2624 4620 videtur
2656 4567 2954 4622 σκεπτικοί.
2989 4564 3077 4622 Sic
3094 4564 3240 4623 enim
3266 4569 3431 4623 vertit
3460 4587 3471 4621 :
3505 4567 3751 4624 Contem-

1943 4744 2323 4800 V'ARIORCM.

567 4882 603 4907 ll
644 4867 884 4927 Ἰούλιος
919 4861 1315 4934 ἐτελεύτησε.Δ
1330 4859 1528 4934 Julius,
1555 4861 1733 4934 patria
1772 4862 2150 4925 Romanus,“
2180 4861 2353 4930 (“gem

1965 4868 2150 4925 ius,-[)
2180 4861 2496 4934 digentibus
2519 4877 2739 4931 operam
2772 4865 3094 4931 praestabat;
3137 4865 3252 4934 ipse
3289 4863 3506 4918 interim
3532 4863 3751 4933 epiﬁeio

498 4938 691 4994 rustici
735 4936 901 4996 filius,
931 4932 1094 4985 Marci
1131 4929 1404 4998 pontificis
1428 4931 1480 4982 in
1517 4930 1646 4984 sede
1675 4932 1916 4988 Romana
1944 4950 2070 4987 suc-

497 5025 702 5070 cessor,
739 5007 828 5060 die
853 5020 904 5057 vi
938 5000 1222 5056 Februarii
1259 5000 1387 5054 anni
1444 5000 1546 5053 557
1584 5001 1890 5066 ordinatus,
1929 5004 2073 5057 sedit

499 5095 675 5134 annos
711 5073 1051 5146 quindecim,
1091 5071 1496 5146 mensesduos,
1528 5070 1646 5124 dies
1680 5087 1795 5146 se},
1827 5074 2072 5146 obiitque

498 5165 640 5204 anno
670 5141 795 5222 55?,
831 5145 920 5198 die
960 5159 1031 5222 DEI!
1062 5142 1280 5222 mensi_s_
1301 5141 1802 5222 Apr‘ilis,.qt1:t_d_ie
1846 5141 2069 5222 politi".

498 5222 558 5275 In
601 5222 720 5288 ejus
743 5213 1046 5288 locum_die
1074 5228 1182 5265 xm
1236 5211 1646 5288 M_a_ii__deligitur
1677 5213 1930 5288 Liberius
1969 5215 2076 5288 Βοὴ

500 5282 713 5345 manus.
747 5287 893 5358 (Ant.
919 5283 1332 5358 Pagi,monachi
1351 5282 1628 5358 Benedict.
1644 5290 1714 5358 ‘et
1733 5283 1875 5358 Guil.
1891 5285 2076 5358 Cave.)

573 5372 599 5398 ιι
641 5352 871 5422 Ἀέτίος.
905 5353 1312 5414 Antiochensis,
1345 5352 1537 5405 militis
1570 5353 1852 5421 cujusdam
1911 5352 2072 5408 filius.

500 5421 854 5485 Aurifabrum
891 5425 1059 5479 fuisse
1088 5423 1306 5476 Aetium
1350 5421 1557 5475 certius
1604 5433 1836 5478 constat.
1865 5426 2076 5480 Mortua

502 5509 694 5559 matre.
730 5498 796 5554 ad
829 5492 1232 5567 philosophicas
1263 5492 1579 5567 disciplinas
1621 5495 1878 5567 animum
1905 5497 2077 5565 appli-

504 5571 636 5624 cuit.
675 5570 752 5624 Ac
779 5561 1016 5637 primum
1045 5561 1614 5637 iquideinPaulinum
1672 5561 2071 5637 Antiochenam

503 5640 733 5704 audivit,
775 5633 958 5707 postea
993 5634 1258 5689 Anazarbi
1285 5633 1662 5707 Athanasium,
1694 5635 1892 5707 deinde
1919 5637 2072 5690 Tarsi

504 5703 797 5790 Antonium
828 5707 1231 5790 presbyterum,
1261 5713 1382 5790 post
1409 5703 1524 5790 haec
1552 5706 2078 5790 Leontiumnpresliy-

506 5789 684 5834 terum
719 5774 1139 5840 Antiochenum,
1174 5774 1389 5828 tandem
1449 5774 1790 5831 Alexandriae
1834 5774 2073 5845 Sopoliin

506 5851 777 5905 medicum
805 5848 1244 5905 celeberrimum,
1281 5845 1384 5898 sub
1407 5859 1518 5916 quo
1540 5846 1823 5902 medicinae
1853 5864 2075 5916 operam

507 5921 688 5988 dedit;
723 5929 779 5976 et
810 5935 932 5974 cum
966 5919 1019 5971 in
1054 5918 1156 5972 hac
1182 5925 1299 5969 arts
1326 5914 1640 5982 excelleret,
1671 5914 1962 5988 gratuitam
1991 5921 2077 5972 in-

863 6016 1136 6076 P.\TnoL.
1175 6013 1290 6071 Gn.
1331 6009 1559 6069 LXVII.

2179 4949 2279 4983 suo
2311 4933 2614 4986 aurifabrili
2642 4943 2802 4986 noctu
2843 4933 3174 4989 incumbens
3194 4935 3358 4989 vitam
3390 4936 3748 4989 sustentabat.

2179 5002 2526 5074 Antiochiam
2559 5019 2831 5074 reversus,
2868 5023 2894 5058 a
2930 5007 3160 5058 Leontio
3187 5007 3443 5074 episcopo
3489 5004 3753 5059 diaconus

2179 5072 2489 5134 ordinatur,
2521 5074 2614 5141 qui
2650 5073 2900 5143 dogmata
2929 5093 3023 5129 sua
3056 5077 3107 5128 in
3131 5072 3371 5130 Ecclesia
3411 5074 3626 5143 publice
3658 5075 3754 5128 do-

2181 5143 2337 5215 cendi
2363 5144 2411 5195 ei
2443 5152 2764 5213 potestatem
2793 5145 2940 5199 fecit.
2961 5146 3144 5215 Capita
3170 5147 3449 5200 hzeresems
3474 5145 3752 5212 potissima

2187 5213 2438 5267 fuerunt.
2476 5215 2674 5268 Filium
2705 5230 2824 5268 esse
2865 5213 3098 5276 κτιστόν,
3133 5218 3224 5269 καὶ
3259 5218 3315 5281 ἐξ
3355 5216 3452 5268 οὐκ
3487 5215 3672 5280 ὄντων,
3700 5227 3755 5269 rt

2169 5298 2283 5352 'per
2317 5285 2499 5356 omnia
2558 5285 2807 5356 ἁνόμοιον
2829 5285 2906 5354 τῷ
2945 5288 3140 5356 Πατρί.
3174 5301 3236 5340 ac
3281 5285 3507 5356 proinde
3548 5287 3755 5356 ἑτερού-

2186 5370 2318 5415 σιον,
2373 5355 2668 5408 substantia
2728 5354 2884 5424 plane
2933 5354 3234 5410 divcrsum:
3264 5354 3408 5410 tinde
3463 5356 3602 5408 (ιιὴοί
3641 5354 3755 5409 ἐο-

2183 5439 2415 5495 gnomen
2457 5426 2505 5477 ei
2541 5425 2737 5479 merito
2765 5425 3012 5480 adhaesit.
3056 5428 3282 5495 Reliqua
3323 5443 3387 5480 ex
3425 5425 3754 5494 Epiphanio,

2184 5493 2540 5575 Theodorito,
2570 5505 2626 5549 et
2654 5495 3138 5577 lﬁicetaﬁhoniate
3167 5493 3444 5582 petantur.
3475 5493 3756 5582 ’F’am‘osus

2182 5580 2301 5618 esse
2342 5565 2508 5635 carpit
2537 5568 2769 5620 maxime
2811 5567 2956 5620 circa
2995 5583 3122 5620 ann.
3167 5565 3270 5620 559
3326 5575 3382 5621 et
3414 5576 3755 5635 sequentem,

2182 5636 2400 5703 quando
2447 5636 2591 5705 apud
2641 5637 3019 5692 Constantium
3080 5647 3388 5699 accusatus,
3441 5636 3583 5707 quod
3627 5653 3760 5692 con-

2183 5707 2412 5777 sciuset
2446 5707 2718 5776 particeps
2742 5707 2934 5777 fuisset
2964 5709 3355 5774 conjurationis
3385 5709 3543 5768 Galli,
3577 5707 3757 5776 I’epu-
3786 5771 3792 5777 _

2185 5791 2299 5828 zam
2343 5776 2589 5844 Phrygiae
2621 5778 2675 5830 in
2705 5776 2958 5830 exsilium
3007 5777 3204 5833 missus
3249 5788 3350 5832 est.
3389 5779 3502 5834 Sub
3538 5777 3758 5833 Juliano

2184 5847 2560 5914 episc0patum
2615 5846 2859 5916 accepit;
2921 5848 3204 5917 cujusaam
3256 5864 3386 5902 vero
3447 5847 3600 5903 urbis
3647 5864 3758 5902 non

2186 5925 2417 5971 constat.
2459 5917 2499 5971 Ε
2526 5917 2634 5972 vita
2662 5918 2914 5972 (bscessit
2938 5934 3081 5974 circa
3105 5935 3230 5974 ann.
3264 5920 3385 5974 366.
3422 5919 3565 5974 Guil.
3590 5917 3756 5974 Cava.

3340 6013 3404 6073 10
