  <div class='ocr_page' id='page_1' title='image "/cluster/home/n/w/nwhite01/storage/ocr_20150623/67/pst.000009865921/170.png"; bbox 0 0 4524 6582; ppageno 0'>
   <div class='ocr_carea' id='block_1_1' title="bbox 491 479 3758 538">
    <p class='ocr_par' dir='ltr' id='par_1_1' title="bbox 491 479 3758 538">
     <span class='ocr_line' id='line_1_1' title="bbox 491 479 3758 538; baseline 0.001 -3"><span class='ocrx_word' id='word_1_1' title='bbox 491 481 588 535; x_wconf 77' lang='grc'><strong>301</strong></span> <span class='ocrx_word' id='word_1_2' title='bbox 1491 480 1815 536; x_wconf 77' lang='lat' dir='ltr'><strong>HISTORIA</strong></span> <span class='ocrx_word' id='word_1_3' title='bbox 1852 479 2406 535; x_wconf 77' lang='lat' dir='ltr'><strong>ECCLESIASTICA.</strong></span> <span class='ocrx_word' id='word_1_4' title='bbox 2447 512 2512 519; x_wconf 87' lang='lat'><strong>—-</strong></span> <span class='ocrx_word' id='word_1_5' title='bbox 2551 482 2677 536; x_wconf 77' lang='lat' dir='ltr'><strong>LIB.</strong></span> <span class='ocrx_word' id='word_1_6' title='bbox 2723 481 2784 534; x_wconf 89' lang='lat' dir='ltr'><strong>ll.</strong></span> <span class='ocrx_word' id='word_1_7' title='bbox 3654 485 3758 538; x_wconf 74' lang='lat'><strong>509.</strong></span> 
     </span>
    </p>
   </div>
   <div class='ocr_carea' id='block_1_2' title="bbox 490 593 2276 668">
    <p class='ocr_par' dir='ltr' id='par_1_2' title="bbox 490 593 2276 668">
     <span class='ocr_line' id='line_1_2' title="bbox 490 593 2276 668; baseline 0.001 -20"><span class='ocrx_word' id='word_1_8' title='bbox 490 597 592 668; x_wconf 65' lang='grc' dir='ltr'>τὴν</span> <span class='ocrx_word' id='word_1_9' title='bbox 621 595 860 651; x_wconf 82' lang='grc' dir='ltr'><strong>σύνοδον.</strong></span> <span class='ocrx_word' id='word_1_10' title='bbox 913 594 1050 648; x_wconf 76' lang='grc' dir='ltr'>Καθ’</span> <span class='ocrx_word' id='word_1_11' title='bbox 1073 595 1138 666; x_wconf 68' lang='grc' dir='ltr'>ἢν</span> <span class='ocrx_word' id='word_1_12' title='bbox 1177 593 1557 658; x_wconf 81' lang='grc' dir='ltr'><strong>συνελθόντων,</strong></span> <span class='ocrx_word' id='word_1_13' title='bbox 1587 596 1638 647; x_wconf 81' lang='lat' dir='ltr'><strong>oi</strong></span> <span class='ocrx_word' id='word_1_14' title='bbox 1669 597 1734 648; x_wconf 76' lang='grc' dir='ltr'>ἐκ</span> <span class='ocrx_word' id='word_1_15' title='bbox 1759 594 1857 664; x_wconf 84' lang='grc' dir='ltr'>τῆς</span> <span class='ocrx_word' id='word_1_16' title='bbox 1883 595 2074 648; x_wconf 80' lang='grc' dir='ltr'>άνατο·</span> <span class='ocrx_word' id='word_1_17' title='bbox 2104 600 2148 655; x_wconf 78' lang='grc' dir='ltr'><strong>Α</strong></span> <span class='ocrx_word' id='word_1_18' title='bbox 2179 595 2276 649; x_wconf 75' lang='lat' dir='ltr'><strong>hab</strong></span> 
     </span>
    </p>
   </div>
   <div class='ocr_carea' id='block_1_3' title="bbox 1972 593 3758 668">
    <p class='ocr_par' dir='ltr' id='par_1_3' title="bbox 1972 594 3758 655">
     <span class='ocr_line' id='line_1_3' title="bbox 1972 594 3758 655; baseline 0.004 -9"><span class='ocrx_word' id='word_1_19' title='bbox 1972 611 2074 646; x_wconf 82' lang='grc' dir='ltr'>ιτο-</span> <span class='ocrx_word' id='word_1_20' title='bbox 2104 600 2148 655; x_wconf 78' lang='grc' dir='ltr'><strong>Α</strong></span> <span class='ocrx_word' id='word_1_21' title='bbox 2179 595 2493 651; x_wconf 71' lang='lat' dir='ltr'><strong>haberetur.</strong></span> <span class='ocrx_word' id='word_1_22' title='bbox 2547 597 2624 650; x_wconf 87' lang='lat' dir='ltr'><strong>lbi</strong></span> <span class='ocrx_word' id='word_1_23' title='bbox 2651 611 2777 650; x_wconf 89' lang='lat' dir='ltr'><strong>cum</strong></span> <span class='ocrx_word' id='word_1_24' title='bbox 2822 609 3012 649; x_wconf 87' lang='lat' dir='ltr'><strong>omnes</strong></span> <span class='ocrx_word' id='word_1_25' title='bbox 3039 594 3092 649; x_wconf 91' lang='lat' dir='ltr'><strong>in</strong></span> <span class='ocrx_word' id='word_1_26' title='bbox 3137 611 3306 649; x_wconf 90' lang='lat' dir='ltr'><strong>unum</strong></span> <span class='ocrx_word' id='word_1_27' title='bbox 3351 597 3758 654; x_wconf 80' lang='lat' dir='ltr'><strong>convenissent.</strong></span> 
     </span>
    </p>
   </div>
   <div class='ocr_carea' id='block_1_4' title="bbox 492 684 2278 759">
    <p class='ocr_par' dir='ltr' id='par_1_4' title="bbox 492 684 2278 759">
     <span class='ocr_line' id='line_1_4' title="bbox 492 684 2278 759; baseline 0.001 -21"><span class='ocrx_word' id='word_1_28' title='bbox 492 687 591 759; x_wconf 87' lang='grc' dir='ltr'><strong>λῆς</strong></span> <span class='ocrx_word' id='word_1_29' title='bbox 642 687 750 757; x_wconf 78' lang='grc' dir='ltr'>πρὸ</span> <span class='ocrx_word' id='word_1_30' title='bbox 798 685 1020 740; x_wconf 83' lang='grc' dir='ltr'>πάντων</span> <span class='ocrx_word' id='word_1_31' title='bbox 1068 684 1252 755; x_wconf 73' lang='grc' dir='ltr'>ψῆφον</span> <span class='ocrx_word' id='word_1_32' title='bbox 1299 686 1486 756; x_wconf 78' lang='grc' dir='ltr'>κοινὴν</span> <span class='ocrx_word' id='word_1_33' title='bbox 1546 687 1688 740; x_wconf 83' lang='grc' dir='ltr'>κατὰ</span> <span class='ocrx_word' id='word_1_34' title='bbox 1756 685 2074 739; x_wconf 80' lang='grc' dir='ltr'>’Δθανασίου</span> <span class='ocrx_word' id='word_1_35' title='bbox 2179 695 2278 740; x_wconf 71' lang='lat' dir='ltr'><strong>ant</strong></span> 
     </span>
    </p>
   </div>
   <div class='ocr_carea' id='block_1_5' title="bbox 1971 684 3757 759">
    <p class='ocr_par' dir='ltr' id='par_1_5' title="bbox 1971 686 3757 757">
     <span class='ocr_line' id='line_1_5' title="bbox 1971 686 3757 757; baseline 0.003 -19"><span class='ocrx_word' id='word_1_36' title='bbox 1971 687 2074 738; x_wconf 77' lang='grc' dir='ltr'>ςίου</span> <span class='ocrx_word' id='word_1_37' title='bbox 2179 695 2304 740; x_wconf 89' lang='lat' dir='ltr'><strong>ante</strong></span> <span class='ocrx_word' id='word_1_38' title='bbox 2325 687 2510 741; x_wconf 89' lang='lat' dir='ltr'><strong>omnia</strong></span> <span class='ocrx_word' id='word_1_39' title='bbox 2534 686 2777 742; x_wconf 76' lang='lat' dir='ltr'><strong>Orientis</strong></span> <span class='ocrx_word' id='word_1_40' title='bbox 2801 687 3041 757; x_wconf 79' lang='lat' dir='ltr'><strong>episcopi</strong></span> <span class='ocrx_word' id='word_1_41' title='bbox 3067 689 3435 756; x_wconf 89' lang='lat' dir='ltr'><strong>postularunt,</strong></span> <span class='ocrx_word' id='word_1_42' title='bbox 3463 697 3523 742; x_wconf 93' lang='lat' dir='ltr'><strong>ut</strong></span> <span class='ocrx_word' id='word_1_43' title='bbox 3569 691 3757 744; x_wconf 86' lang='lat' dir='ltr'><strong>adver-</strong></span> 
     </span>
    </p>
   </div>
   <div class='ocr_carea' id='block_1_6' title="bbox 490 775 2276 850">
    <p class='ocr_par' dir='ltr' id='par_1_6' title="bbox 490 775 2274 849">
     <span class='ocr_line' id='line_1_6' title="bbox 490 775 2274 849; baseline -0.001 -18"><span class='ocrx_word' id='word_1_44' title='bbox 490 777 750 849; x_wconf 74' lang='grc' dir='ltr'>ἐκφέρειν</span> <span class='ocrx_word' id='word_1_45' title='bbox 777 775 999 846; x_wconf 67' lang='grc' dir='ltr'>ἠξίουνο</span> <span class='ocrx_word' id='word_1_46' title='bbox 1030 777 1181 838; x_wconf 82' lang='grc' dir='ltr'>ὅπως</span> <span class='ocrx_word' id='word_1_47' title='bbox 1205 775 1273 829; x_wconf 83' lang='grc' dir='ltr'>ἂν</span> <span class='ocrx_word' id='word_1_48' title='bbox 1297 776 1488 830; x_wconf 88' lang='grc' dir='ltr'>τούτου</span> <span class='ocrx_word' id='word_1_49' title='bbox 1519 776 1811 846; x_wconf 78' lang='grc' dir='ltr'><strong>γενομένου</strong></span> <span class='ocrx_word' id='word_1_50' title='bbox 1829 819 1843 840; x_wconf 90' lang='grc'><strong>,</strong></span> <span class='ocrx_word' id='word_1_51' title='bbox 1879 776 2074 840; x_wconf 78' lang='grc' dir='ltr'><strong>τελέως</strong></span> <span class='ocrx_word' id='word_1_52' title='bbox 2179 792 2274 830; x_wconf 85' lang='lat' dir='ltr'><strong>sus</strong></span> 
     </span>
    </p>
   </div>
   <div class='ocr_carea' id='block_1_7' title="bbox 1971 775 3757 850">
    <p class='ocr_par' dir='ltr' id='par_1_7' title="bbox 1971 776 3757 850">
     <span class='ocr_line' id='line_1_7' title="bbox 1971 776 3757 850; baseline 0.003 -21"><span class='ocrx_word' id='word_1_53' title='bbox 1971 776 2074 840; x_wconf 84' lang='grc' dir='ltr'><strong>έως</strong></span> <span class='ocrx_word' id='word_1_54' title='bbox 2179 792 2274 830; x_wconf 87' lang='lat' dir='ltr'><strong>sus</strong></span> <span class='ocrx_word' id='word_1_55' title='bbox 2298 777 2663 831; x_wconf 82' lang='lat' dir='ltr'><strong>Athanasium</strong></span> <span class='ocrx_word' id='word_1_56' title='bbox 2689 778 2997 832; x_wconf 89' lang='lat' dir='ltr'><strong>communis</strong></span> <span class='ocrx_word' id='word_1_57' title='bbox 3029 779 3277 832; x_wconf 90' lang='lat' dir='ltr'><strong>omnium</strong></span> <span class='ocrx_word' id='word_1_58' title='bbox 3303 780 3575 833; x_wconf 80' lang='lat' dir='ltr'><strong>sententia</strong></span> <span class='ocrx_word' id='word_1_59' title='bbox 3627 797 3757 850; x_wconf 89' lang='lat' dir='ltr'><strong>pro-</strong></span> 
     </span>
    </p>
   </div>
   <div class='ocr_carea' id='block_1_8' title="bbox 489 867 2077 938">
    <p class='ocr_par' dir='ltr' id='par_1_8' title="bbox 489 867 2077 938">
     <span class='ocr_line' id='line_1_8' title="bbox 489 867 2077 938; baseline -0.003 -15"><span class='ocrx_word' id='word_1_60' title='bbox 489 870 693 933; x_wconf 76' lang='grc' dir='ltr'>άδατος</span> <span class='ocrx_word' id='word_1_61' title='bbox 746 868 942 936; x_wconf 75' lang='grc' dir='ltr'>ἐκείνῳ</span> <span class='ocrx_word' id='word_1_62' title='bbox 998 869 1033 938; x_wconf 78' lang='grc' dir='ltr'><strong>ἡ</strong></span> <span class='ocrx_word' id='word_1_63' title='bbox 1106 867 1484 938; x_wconf 81' lang='grc' dir='ltr'>’Δλεξάνδρεια</span> <span class='ocrx_word' id='word_1_64' title='bbox 1548 868 1794 937; x_wconf 84' lang='grc' dir='ltr'>γένηται.</span> <span class='ocrx_word' id='word_1_65' title='bbox 1874 867 1961 930; x_wconf 83' lang='grc' dir='ltr'>Ὧς</span> <span class='ocrx_word' id='word_1_66' title='bbox 2019 867 2077 919; x_wconf 83' lang='grc' dir='ltr'>δὲ</span> 
     </span>
    </p>
   </div>
   <div class='ocr_carea' id='block_1_9' title="bbox 487 957 2075 1032">
    <p class='ocr_par' dir='ltr' id='par_1_9' title="bbox 487 957 2075 1032">
     <span class='ocr_line' id='line_1_9' title="bbox 487 957 2075 1032; baseline -0.003 -18"><span class='ocrx_word' id='word_1_67' title='bbox 487 960 719 1032; x_wconf 59' lang='grc' dir='ltr'><strong>⁴ᾔσθοντο</strong></span> <span class='ocrx_word' id='word_1_68' title='bbox 740 959 1026 1023; x_wconf 79' lang='grc' dir='ltr'>Παυλῖνος,</span> <span class='ocrx_word' id='word_1_69' title='bbox 1070 960 1101 1011; x_wconf 88' lang='grc' dir='ltr'><strong>ό</strong></span> <span class='ocrx_word' id='word_1_70' title='bbox 1127 961 1228 1030; x_wconf 80' lang='grc' dir='ltr'>τῆς</span> <span class='ocrx_word' id='word_1_71' title='bbox 1281 960 1343 1012; x_wconf 77' lang='grc' dir='ltr'>ὲν</span> <span class='ocrx_word' id='word_1_72' title='bbox 1383 957 1583 1028; x_wconf 66' lang='grc' dir='ltr'><strong>Γαλλίᾳ⁵</strong></span> <span class='ocrx_word' id='word_1_73' title='bbox 1622 957 1929 1028; x_wconf 76' lang='grc' dir='ltr'>Τριϐέρεως</span> <span class='ocrx_word' id='word_1_74' title='bbox 1962 957 2075 1025; x_wconf 73' lang='lat'><strong>(25)</strong></span> 
     </span>
    </p>
   </div>
   <div class='ocr_carea' id='block_1_10' title="bbox 490 1043 2076 1120">
    <p class='ocr_par' dir='ltr' id='par_1_10' title="bbox 490 1043 2076 1120">
     <span class='ocr_line' id='line_1_10' title="bbox 490 1043 2076 1120; baseline -0.004 -12"><span class='ocrx_word' id='word_1_75' title='bbox 490 1054 811 1117; x_wconf 72' lang='grc' dir='ltr'>ἐπίσκοπος,</span> <span class='ocrx_word' id='word_1_76' title='bbox 835 1051 1114 1115; x_wconf 84' lang='grc' dir='ltr'>Διονύσιός</span> <span class='ocrx_word' id='word_1_77' title='bbox 1141 1069 1201 1105; x_wconf 90' lang='grc' dir='ltr'><strong>τε</strong></span> <span class='ocrx_word' id='word_1_78' title='bbox 1235 1053 1332 1106; x_wconf 73' lang='grc' dir='ltr'>καὶ</span> <span class='ocrx_word' id='word_1_79' title='bbox 1353 1050 1635 1114; x_wconf 79' lang='grc' dir='ltr'>Εὐσέϐιος,</span> <span class='ocrx_word' id='word_1_80' title='bbox 1659 1043 1734 1104; x_wconf 83' lang='grc' dir='ltr'>ὧν</span> <span class='ocrx_word' id='word_1_81' title='bbox 1763 1052 1792 1103; x_wconf 90' lang='grc' dir='ltr'><strong>ὁ</strong></span> <span class='ocrx_word' id='word_1_82' title='bbox 1822 1050 1920 1120; x_wconf 83' lang='grc' dir='ltr'>μὲν</span> <span class='ocrx_word' id='word_1_83' title='bbox 1949 1049 2076 1102; x_wconf 78' lang='grc' dir='ltr'><strong>’Λλ-</strong></span> 
     </span>
    </p>
   </div>
   <div class='ocr_carea' id='block_1_11' title="bbox 489 1134 2072 1213">
    <p class='ocr_par' dir='ltr' id='par_1_11' title="bbox 489 1134 2072 1213">
     <span class='ocr_line' id='line_1_11' title="bbox 489 1134 2072 1213; baseline -0.004 -17"><span class='ocrx_word' id='word_1_84' title='bbox 489 1143 592 1207; x_wconf 83' lang='grc' dir='ltr'>6ας</span> <span class='ocrx_word' id='word_1_85' title='bbox 624 1142 730 1213; x_wconf 80' lang='grc' dir='ltr'>τῆς</span> <span class='ocrx_word' id='word_1_86' title='bbox 784 1142 1006 1196; x_wconf 79' lang='grc' dir='ltr'>Ἰταλῶν</span> <span class='ocrx_word' id='word_1_87' title='bbox 1060 1140 1452 1213; x_wconf 78' lang='grc' dir='ltr'><strong>μητροπόλεως</strong></span> <span class='ocrx_word' id='word_1_88' title='bbox 1480 1139 1595 1211; x_wconf 72' lang='grc'><strong>(24)</strong></span> <span class='ocrx_word' id='word_1_89' title='bbox 1639 1139 1938 1201; x_wconf 81' lang='grc' dir='ltr'><strong>ἐπίσκοπος</strong></span> <span class='ocrx_word' id='word_1_90' title='bbox 1984 1134 2072 1208; x_wconf 79' lang='grc' dir='ltr'>ἦν,</span> 
     </span>
    </p>
   </div>
   <div class='ocr_carea' id='block_1_12' title="bbox 491 1230 2075 1304">
    <p class='ocr_par' dir='ltr' id='par_1_12' title="bbox 491 1230 2075 1304">
     <span class='ocr_line' id='line_1_12' title="bbox 491 1230 2075 1304; baseline -0.003 -17"><span class='ocrx_word' id='word_1_91' title='bbox 491 1234 752 1298; x_wconf 73' lang='grc' dir='ltr'>Εὐσέϐιος</span> <span class='ocrx_word' id='word_1_92' title='bbox 789 1233 848 1288; x_wconf 83' lang='grc' dir='ltr'>δὲ</span> <span class='ocrx_word' id='word_1_93' title='bbox 873 1231 1214 1304; x_wconf 78' lang='grc' dir='ltr'>Βρεκέλλων,</span> <span class='ocrx_word' id='word_1_94' title='bbox 1246 1232 1401 1295; x_wconf 83' lang='grc' dir='ltr'>πόλις</span> <span class='ocrx_word' id='word_1_95' title='bbox 1428 1231 1486 1285; x_wconf 85' lang='grc' dir='ltr'>δὲ</span> <span class='ocrx_word' id='word_1_96' title='bbox 1519 1230 1660 1301; x_wconf 74' lang='grc' dir='ltr'>αὕτη</span> <span class='ocrx_word' id='word_1_97' title='bbox 1693 1231 1803 1284; x_wconf 84' lang='grc' dir='ltr'><strong>τῶν</strong></span> <span class='ocrx_word' id='word_1_98' title='bbox 1835 1232 1896 1282; x_wconf 81' lang='grc' dir='ltr'>ἐν</span> <span class='ocrx_word' id='word_1_99' title='bbox 1939 1231 2075 1283; x_wconf 86' lang='grc' dir='ltr'>Ἰτα-</span> 
     </span>
    </p>
   </div>
   <div class='ocr_carea' id='block_1_13' title="bbox 490 1323 2076 1396">
    <p class='ocr_par' dir='ltr' id='par_1_13' title="bbox 490 1323 2076 1396">
     <span class='ocr_line' id='line_1_13' title="bbox 490 1323 2076 1396; baseline -0.003 -17"><span class='ocrx_word' id='word_1_100' title='bbox 490 1327 583 1395; x_wconf 55' lang='lat' dir='ltr'><strong>At;</strong></span> <span class='ocrx_word' id='word_1_101' title='bbox 630 1325 871 1394; x_wconf 82' lang='grc' dir='ltr'>Λιγύων,</span> <span class='ocrx_word' id='word_1_102' title='bbox 910 1325 989 1389; x_wconf 81' lang='grc' dir='ltr'>ὡς</span> <span class='ocrx_word' id='word_1_103' title='bbox 1033 1326 1127 1379; x_wconf 73' lang='grc' dir='ltr'><strong>ἐπὶ</strong></span> <span class='ocrx_word' id='word_1_104' title='bbox 1167 1323 1488 1396; x_wconf 77' lang='grc' dir='ltr'>καθαιρέσει</span> <span class='ocrx_word' id='word_1_105' title='bbox 1521 1324 1621 1394; x_wconf 85' lang='grc' dir='ltr'>τῆς</span> <span class='ocrx_word' id='word_1_106' title='bbox 1667 1326 1904 1387; x_wconf 87' lang='grc' dir='ltr'>πίστεως</span> <span class='ocrx_word' id='word_1_107' title='bbox 1949 1323 2076 1384; x_wconf 82' lang='grc' dir='ltr'>τοὺς</span> 
     </span>
    </p>
   </div>
   <div class='ocr_carea' id='block_1_14' title="bbox 492 1413 2073 1489">
    <p class='ocr_par' dir='ltr' id='par_1_14' title="bbox 492 1413 2073 1489">
     <span class='ocr_line' id='line_1_14' title="bbox 492 1413 2073 1489; baseline -0.004 -17"><span class='ocrx_word' id='word_1_108' title='bbox 492 1418 846 1482; x_wconf 81' lang='grc' dir='ltr'>ἁνατολικοὺς</span> <span class='ocrx_word' id='word_1_109' title='bbox 897 1416 1152 1471; x_wconf 83' lang='grc' dir='ltr'>σπεύδειν</span> <span class='ocrx_word' id='word_1_110' title='bbox 1185 1417 1434 1489; x_wconf 84' lang='grc' dir='ltr'>κυρῶσαι</span> <span class='ocrx_word' id='word_1_111' title='bbox 1482 1415 1547 1468; x_wconf 78' lang='grc' dir='ltr'>τὸ</span> <span class='ocrx_word' id='word_1_112' title='bbox 1571 1414 1714 1469; x_wconf 82' lang='grc' dir='ltr'>κατὰ</span> <span class='ocrx_word' id='word_1_113' title='bbox 1755 1413 2073 1468; x_wconf 82' lang='grc' dir='ltr'>Ἀθανασίου</span> 
     </span>
    </p>
   </div>
   <div class='ocr_carea' id='block_1_15' title="bbox 487 1507 2075 1582">
    <p class='ocr_par' dir='ltr' id='par_1_15' title="bbox 487 1507 2075 1582">
     <span class='ocr_line' id='line_1_15' title="bbox 487 1507 2075 1582; baseline -0.015 0"><span class='ocrx_word' id='word_1_114' title='bbox 487 1511 768 1582; x_wconf 55' lang='lat' dir='ltr'><strong>Miami“.</strong></span> <span class='ocrx_word' id='word_1_115' title='bbox 795 1508 1130 1572; x_wconf 77' lang='grc' dir='ltr'><strong>ἀναστάντες</strong></span> <span class='ocrx_word' id='word_1_116' title='bbox 1155 1508 1327 1562; x_wconf 76' lang='grc' dir='ltr'>ἐϐόων</span> <span class='ocrx_word' id='word_1_117' title='bbox 1353 1508 1567 1579; x_wconf 85' lang='grc' dir='ltr'>μακρὰ,</span> <span class='ocrx_word' id='word_1_118' title='bbox 1595 1507 1749 1561; x_wconf 83' lang='grc' dir='ltr'>δόλον</span> <span class='ocrx_word' id='word_1_119' title='bbox 1777 1507 2075 1576; x_wconf 68' lang='grc' dir='ltr'><strong>⁹3πομ.ἐνειν</strong></span> 
     </span>
    </p>
   </div>
   <div class='ocr_carea' id='block_1_16' title="bbox 497 1599 2068 1673">
    <p class='ocr_par' dir='ltr' id='par_1_16' title="bbox 497 1599 2068 1673">
     <span class='ocr_line' id='line_1_16' title="bbox 497 1599 2068 1673; baseline -0.003 -16"><span class='ocrx_word' id='word_1_120' title='bbox 497 1604 594 1657; x_wconf 76' lang='grc' dir='ltr'>καὶ</span> <span class='ocrx_word' id='word_1_121' title='bbox 624 1603 842 1673; x_wconf 77' lang='grc' dir='ltr'>ἀπάτην</span> <span class='ocrx_word' id='word_1_122' title='bbox 888 1603 978 1656; x_wconf 80' lang='grc' dir='ltr'>διὰ</span> <span class='ocrx_word' id='word_1_123' title='bbox 1005 1601 1118 1655; x_wconf 85' lang='grc' dir='ltr'><strong>τῶν</strong></span> <span class='ocrx_word' id='word_1_124' title='bbox 1154 1601 1456 1672; x_wconf 77' lang='grc' dir='ltr'>γινομένων</span> <span class='ocrx_word' id='word_1_125' title='bbox 1494 1599 1587 1654; x_wconf 75' lang='grc' dir='ltr'><strong>τὸν</strong></span> <span class='ocrx_word' id='word_1_126' title='bbox 1618 1599 2068 1670; x_wconf 82' lang='grc' dir='ltr'>Χριστιανισμόν.</span> 
     </span>
    </p>
   </div>
   <div class='ocr_carea' id='block_1_17' title="bbox 488 1677 2073 1767">
    <p class='ocr_par' dir='ltr' id='par_1_17' title="bbox 488 1677 2073 1767">
     <span class='ocr_line' id='line_1_17' title="bbox 488 1677 2073 1767; baseline -0.004 -18"><span class='ocrx_word' id='word_1_127' title='bbox 488 1698 565 1750; x_wconf 81' lang='grc' dir='ltr'><strong>Οὐ</strong></span> <span class='ocrx_word' id='word_1_128' title='bbox 606 1696 717 1767; x_wconf 83' lang='grc' dir='ltr'>γὰρ</span> <span class='ocrx_word' id='word_1_129' title='bbox 745 1695 920 1766; x_wconf 81' lang='grc' dir='ltr'>ἀληθῆ</span> <span class='ocrx_word' id='word_1_130' title='bbox 951 1695 1052 1766; x_wconf 76' lang='grc' dir='ltr'>τὴν</span> <span class='ocrx_word' id='word_1_131' title='bbox 1096 1694 1239 1747; x_wconf 73' lang='grc' dir='ltr'>κατὰ</span> <span class='ocrx_word' id='word_1_132' title='bbox 1292 1677 1614 1747; x_wconf 78' lang='grc' dir='ltr'>’Δθανασίου</span> <span class='ocrx_word' id='word_1_133' title='bbox 1649 1691 1855 1763; x_wconf 81' lang='grc' dir='ltr'>μέμψιν</span> <span class='ocrx_word' id='word_1_134' title='bbox 1887 1691 2073 1759; x_wconf 76' lang='grc' dir='ltr'>ἔλεγον</span> 
     </span>
    </p>
   </div>
   <div class='ocr_carea' id='block_1_18' title="bbox 490 1780 2071 1855">
    <p class='ocr_par' dir='ltr' id='par_1_18' title="bbox 490 1780 2071 1855">
     <span class='ocr_line' id='line_1_18' title="bbox 490 1780 2071 1855; baseline -0.004 -16"><span class='ocrx_word' id='word_1_135' title='bbox 490 1782 656 1849; x_wconf 71' lang='grc' dir='ltr'>εἶναι,</span> <span class='ocrx_word' id='word_1_136' title='bbox 701 1785 817 1838; x_wconf 78' lang='grc' dir='ltr'>ἀλλ’</span> <span class='ocrx_word' id='word_1_137' title='bbox 869 1785 966 1838; x_wconf 72' lang='grc' dir='ltr'><strong>ἐπὶ</strong></span> <span class='ocrx_word' id='word_1_138' title='bbox 1005 1785 1334 1855; x_wconf 75' lang='grc' dir='ltr'>παρατροπῇ</span> <span class='ocrx_word' id='word_1_139' title='bbox 1364 1783 1464 1854; x_wconf 82' lang='grc' dir='ltr'>τῆς</span> <span class='ocrx_word' id='word_1_140' title='bbox 1492 1783 1730 1845; x_wconf 82' lang='grc' dir='ltr'>πίστεως</span> <span class='ocrx_word' id='word_1_141' title='bbox 1771 1780 1943 1834; x_wconf 79' lang='grc' dir='ltr'>ταῦτα</span> <span class='ocrx_word' id='word_1_142' title='bbox 1971 1781 2071 1832; x_wconf 82' lang='grc' dir='ltr'>αύ-</span> 
     </span>
    </p>
   </div>
   <div class='ocr_carea' id='block_1_19' title="bbox 488 1871 2071 1946">
    <p class='ocr_par' dir='ltr' id='par_1_19' title="bbox 488 1871 2071 1946">
     <span class='ocr_line' id='line_1_19' title="bbox 488 1871 2071 1946; baseline -0.003 -14"><span class='ocrx_word' id='word_1_143' title='bbox 488 1882 612 1943; x_wconf 77' lang='grc' dir='ltr'>τοὺς</span> <span class='ocrx_word' id='word_1_144' title='bbox 644 1879 897 1932; x_wconf 77' lang='grc' dir='ltr'>ἐπινοεῖν.</span> <span class='ocrx_word' id='word_1_145' title='bbox 938 1875 1178 1931; x_wconf 79' lang='grc' dir='ltr'>Τοιαῦτα</span> <span class='ocrx_word' id='word_1_146' title='bbox 1225 1875 1604 1946; x_wconf 84' lang='grc' dir='ltr'>κεκραγότων,</span> <span class='ocrx_word' id='word_1_147' title='bbox 1658 1871 1938 1927; x_wconf 83' lang='grc' dir='ltr'>διαλύεται</span> <span class='ocrx_word' id='word_1_148' title='bbox 1971 1874 2071 1942; x_wconf 84' lang='grc' dir='ltr'>μὲν</span> 
     </span>
    </p>
   </div>
   <div class='ocr_carea' id='block_1_20' title="bbox 488 1966 1452 2035">
    <p class='ocr_par' dir='ltr' id='par_1_20' title="bbox 488 1966 1452 2035">
     <span class='ocr_line' id='line_1_20' title="bbox 488 1966 1452 2035; baseline -0.003 -12"><span class='ocrx_word' id='word_1_149' title='bbox 488 1969 612 2024; x_wconf 84' lang='grc' dir='ltr'>τότε</span> <span class='ocrx_word' id='word_1_150' title='bbox 637 1967 748 2022; x_wconf 81' lang='grc' dir='ltr'><strong>τῶν</strong></span> <span class='ocrx_word' id='word_1_151' title='bbox 769 1967 1086 2022; x_wconf 75' lang='grc' dir='ltr'>ἐπισκόπων</span> <span class='ocrx_word' id='word_1_152' title='bbox 1111 1969 1142 2021; x_wconf 78' lang='grc' dir='ltr'><strong>ό</strong></span> <span class='ocrx_word' id='word_1_153' title='bbox 1169 1966 1452 2035; x_wconf 85' lang='grc' dir='ltr'>σύλλογος.</span> 
     </span>
    </p>
   </div>
   <div class='ocr_carea' id='block_1_21' title="bbox 1061 2164 1480 2220">
    <p class='ocr_par' dir='ltr' id='par_1_21' title="bbox 1061 2164 1480 2220">
     <span class='ocr_line' id='line_1_21' title="bbox 1061 2164 1480 2220; baseline -0.005 0"><span class='ocrx_word' id='word_1_154' title='bbox 1061 2166 1317 2220; x_wconf 67' lang='grc' dir='ltr'><strong>ΚΕΦΔΛ.</strong></span> <span class='ocrx_word' id='word_1_155' title='bbox 1357 2164 1480 2218; x_wconf 87' lang='lat' dir='ltr'><strong>AZ&#39;.</strong></span> 
     </span>
    </p>
   </div>
   <div class='ocr_carea' id='block_1_22' title="bbox 493 2255 2072 2328">
    <p class='ocr_par' dir='ltr' id='par_1_22' title="bbox 493 2255 2072 2328">
     <span class='ocr_line' id='line_1_22' title="bbox 493 2255 2072 2328; baseline -0.001 -16"><span class='ocrx_word' id='word_1_156' title='bbox 493 2257 628 2328; x_wconf 74' lang='grc' dir='ltr'>Περὶ</span> <span class='ocrx_word' id='word_1_157' title='bbox 681 2255 789 2328; x_wconf 81' lang='grc' dir='ltr'>τῆς</span> <span class='ocrx_word' id='word_1_158' title='bbox 837 2259 908 2312; x_wconf 80' lang='grc' dir='ltr'>ἐν</span> <span class='ocrx_word' id='word_1_159' title='bbox 969 2259 1244 2327; x_wconf 79' lang='grc' dir='ltr'><strong>Ἀριμίνῳ</strong></span> <span class='ocrx_word' id='word_1_160' title='bbox 1298 2257 1588 2319; x_wconf 82' lang='grc' dir='ltr'><strong>συνόδου,</strong></span> <span class='ocrx_word' id='word_1_161' title='bbox 1640 2258 1739 2313; x_wconf 75' lang='grc' dir='ltr'>καὶ</span> <span class='ocrx_word' id='word_1_162' title='bbox 1782 2258 1916 2326; x_wconf 77' lang='grc' dir='ltr'>περὶ</span> <span class='ocrx_word' id='word_1_163' title='bbox 1965 2257 2072 2322; x_wconf 82' lang='grc' dir='ltr'>τῆς</span> 
     </span>
    </p>
   </div>
   <div class='ocr_carea' id='block_1_23' title="bbox 840 2328 1714 2396">
    <p class='ocr_par' dir='ltr' id='par_1_23' title="bbox 840 2328 1714 2396">
     <span class='ocr_line' id='line_1_23' title="bbox 840 2328 1714 2396; baseline -0.001 -14"><span class='ocrx_word' id='word_1_164' title='bbox 840 2328 1040 2383; x_wconf 76' lang='grc' dir='ltr'>ἐκεῖσε</span> <span class='ocrx_word' id='word_1_165' title='bbox 1059 2329 1410 2396; x_wconf 75' lang='grc' dir='ltr'>ἑκτεθείσης</span> <span class='ocrx_word' id='word_1_166' title='bbox 1436 2329 1714 2393; x_wconf 65' lang='grc' dir='ltr'>πίστεως.</span> 
     </span>
    </p>
   </div>
   <div class='ocr_carea' id='block_1_24' title="bbox 561 2420 2073 2492">
    <p class='ocr_par' dir='ltr' id='par_1_24' title="bbox 561 2420 2073 2492">
     <span class='ocr_line' id='line_1_24' title="bbox 561 2420 2073 2492; baseline -0.001 -17"><span class='ocrx_word' id='word_1_167' title='bbox 561 2421 729 2485; x_wconf 79' lang='grc' dir='ltr'>Γνοὺς</span> <span class='ocrx_word' id='word_1_168' title='bbox 761 2421 818 2474; x_wconf 82' lang='grc' dir='ltr'>δὲ</span> <span class='ocrx_word' id='word_1_169' title='bbox 841 2423 872 2474; x_wconf 84' lang='grc' dir='ltr'><strong>δ</strong></span> <span class='ocrx_word' id='word_1_170' title='bbox 896 2420 1174 2492; x_wconf 83' lang='grc' dir='ltr'>βασιλεὺς,</span> <span class='ocrx_word' id='word_1_171' title='bbox 1204 2421 1332 2485; x_wconf 79' lang='grc' dir='ltr'>τοὺς</span> <span class='ocrx_word' id='word_1_172' title='bbox 1355 2420 1454 2491; x_wconf 81' lang='grc' dir='ltr'>μὲν</span> <span class='ocrx_word' id='word_1_173' title='bbox 1479 2420 1725 2474; x_wconf 73' lang='grc' dir='ltr'>ἐκποδὼν</span> <span class='ocrx_word' id='word_1_174' title='bbox 1755 2420 1824 2473; x_wconf 82' lang='grc' dir='ltr'><strong>δι’</strong></span> <span class='ocrx_word' id='word_1_175' title='bbox 1855 2420 2073 2492; x_wconf 79' lang='grc' dir='ltr'>ὲξορίας</span> 
     </span>
    </p>
   </div>
   <div class='ocr_carea' id='block_1_25' title="bbox 493 2511 2072 2584">
    <p class='ocr_par' dir='ltr' id='par_1_25' title="bbox 493 2511 2072 2584">
     <span class='ocr_line' id='line_1_25' title="bbox 493 2511 2072 2584; baseline -0.003 -15"><span class='ocrx_word' id='word_1_176' title='bbox 493 2515 666 2569; x_wconf 82' lang='grc' dir='ltr'>ποιεῖ·</span> <span class='ocrx_word' id='word_1_177' title='bbox 703 2512 1096 2584; x_wconf 80' lang='grc' dir='ltr'>οἱκουμηνικὴν</span> <span class='ocrx_word' id='word_1_178' title='bbox 1146 2513 1204 2567; x_wconf 83' lang='grc' dir='ltr'>δὲ</span> <span class='ocrx_word' id='word_1_179' title='bbox 1254 2511 1472 2566; x_wconf 86' lang='grc' dir='ltr'>σύνοδον</span> <span class='ocrx_word' id='word_1_180' title='bbox 1529 2515 1852 2583; x_wconf 85' lang='grc' dir='ltr'>συγκροτεῖν</span> <span class='ocrx_word' id='word_1_181' title='bbox 1918 2512 2072 2568; x_wconf 72' lang='grc' dir='ltr'>ἐδού-</span> 
     </span>
    </p>
   </div>
   <div class='ocr_carea' id='block_1_26' title="bbox 492 2605 2066 2677">
    <p class='ocr_par' dir='ltr' id='par_1_26' title="bbox 492 2605 2066 2677">
     <span class='ocr_line' id='line_1_26' title="bbox 492 2605 2066 2677; baseline -0.001 -18"><span class='ocrx_word' id='word_1_182' title='bbox 492 2607 637 2671; x_wconf 83' lang='grc' dir='ltr'>λετο,</span> <span class='ocrx_word' id='word_1_183' title='bbox 665 2609 814 2670; x_wconf 77' lang='grc' dir='ltr'>ὅπως</span> <span class='ocrx_word' id='word_1_184' title='bbox 844 2606 911 2660; x_wconf 81' lang='grc' dir='ltr'>ἂν</span> <span class='ocrx_word' id='word_1_185' title='bbox 956 2605 1169 2668; x_wconf 80' lang='grc' dir='ltr'>πάντας</span> <span class='ocrx_word' id='word_1_186' title='bbox 1212 2606 1338 2669; x_wconf 78' lang='grc' dir='ltr'>τοὺς</span> <span class='ocrx_word' id='word_1_187' title='bbox 1383 2606 1485 2674; x_wconf 85' lang='grc' dir='ltr'>τῆς</span> <span class='ocrx_word' id='word_1_188' title='bbox 1537 2606 1801 2677; x_wconf 84' lang='grc' dir='ltr'>ἀνατολῆς</span> <span class='ocrx_word' id='word_1_189' title='bbox 1841 2606 2066 2660; x_wconf 77' lang='grc' dir='ltr'>ἐπισκό-</span> 
     </span>
    </p>
   </div>
   <div class='ocr_carea' id='block_1_27' title="bbox 491 2697 2067 2768">
    <p class='ocr_par' dir='ltr' id='par_1_27' title="bbox 491 2697 2067 2768">
     <span class='ocr_line' id='line_1_27' title="bbox 491 2697 2067 2768; baseline -0.001 -16"><span class='ocrx_word' id='word_1_190' title='bbox 491 2716 631 2763; x_wconf 82' lang='grc' dir='ltr'>πους</span> <span class='ocrx_word' id='word_1_191' title='bbox 657 2700 739 2762; x_wconf 77' lang='grc' dir='ltr'>εἰς</span> <span class='ocrx_word' id='word_1_192' title='bbox 769 2698 868 2768; x_wconf 73' lang='grc' dir='ltr'>τὴν</span> <span class='ocrx_word' id='word_1_193' title='bbox 894 2697 1046 2751; x_wconf 87' lang='grc' dir='ltr'>δύσιν</span> <span class='ocrx_word' id='word_1_194' title='bbox 1090 2698 1354 2761; x_wconf 78' lang='grc' dir='ltr'>ἑλκύσας,</span> <span class='ocrx_word' id='word_1_195' title='bbox 1387 2697 1678 2768; x_wconf 77' lang='grc' dir='ltr'>ὁμοδόξους</span> <span class='ocrx_word' id='word_1_196' title='bbox 1702 2739 1718 2760; x_wconf 97' lang='grc'><strong>,</strong></span> <span class='ocrx_word' id='word_1_197' title='bbox 1753 2700 1803 2750; x_wconf 80' lang='grc' dir='ltr'>εἰ</span> <span class='ocrx_word' id='word_1_198' title='bbox 1833 2698 2067 2765; x_wconf 83' lang='grc' dir='ltr'>δύναιτο,</span> 
     </span>
    </p>
   </div>
   <div class='ocr_carea' id='block_1_28' title="bbox 489 2789 2068 2862">
    <p class='ocr_par' dir='ltr' id='par_1_28' title="bbox 489 2789 2068 2862">
     <span class='ocr_line' id='line_1_28' title="bbox 489 2789 2068 2862; baseline 0.001 -20"><span class='ocrx_word' id='word_1_199' title='bbox 489 2792 618 2854; x_wconf 78' lang='grc' dir='ltr'>τοὺς</span> <span class='ocrx_word' id='word_1_200' title='bbox 649 2791 857 2853; x_wconf 81' lang='grc' dir='ltr'>πάντας</span> <span class='ocrx_word' id='word_1_201' title='bbox 906 2789 1202 2862; x_wconf 72' lang='grc' dir='ltr'>ποιήσειεν.</span> <span class='ocrx_word' id='word_1_202' title='bbox 1255 2790 1342 2852; x_wconf 82' lang='grc' dir='ltr'>Ὠς</span> <span class='ocrx_word' id='word_1_203' title='bbox 1366 2789 1422 2842; x_wconf 82' lang='grc' dir='ltr'>δὲ</span> <span class='ocrx_word' id='word_1_204' title='bbox 1455 2789 1603 2860; x_wconf 79' lang='grc' dir='ltr'>αὑτῷ</span> <span class='ocrx_word' id='word_1_205' title='bbox 1633 2789 1805 2842; x_wconf 82' lang='grc' dir='ltr'>ταῦτα</span> <span class='ocrx_word' id='word_1_206' title='bbox 1837 2806 2068 2843; x_wconf 77' lang='grc' dir='ltr'>σκεπτο-</span> 
     </span>
    </p>
   </div>
   <div class='ocr_carea' id='block_1_29' title="bbox 495 2880 2068 2954">
    <p class='ocr_par' dir='ltr' id='par_1_29' title="bbox 495 2880 2068 2954">
     <span class='ocr_line' id='line_1_29' title="bbox 495 2880 2068 2954; baseline -0.001 -18"><span class='ocrx_word' id='word_1_207' title='bbox 495 2884 664 2954; x_wconf 84' lang='grc' dir='ltr'>μένῳ,</span> <span class='ocrx_word' id='word_1_208' title='bbox 731 2880 946 2952; x_wconf 85' lang='grc' dir='ltr'>χαλεπὰ</span> <span class='ocrx_word' id='word_1_209' title='bbox 995 2883 1066 2934; x_wconf 82' lang='grc' dir='ltr'>τὰ</span> <span class='ocrx_word' id='word_1_210' title='bbox 1111 2881 1212 2952; x_wconf 81' lang='grc' dir='ltr'>τῆς</span> <span class='ocrx_word' id='word_1_211' title='bbox 1258 2881 1380 2934; x_wconf 76' lang='grc' dir='ltr'>ὁδοῦ</span> <span class='ocrx_word' id='word_1_212' title='bbox 1434 2881 1814 2950; x_wconf 83' lang='grc' dir='ltr'>κατεφαίνετο,</span> <span class='ocrx_word' id='word_1_213' title='bbox 1870 2883 2068 2953; x_wconf 87' lang='grc' dir='ltr'>διμερῆ</span> 
     </span>
    </p>
   </div>
   <div class='ocr_carea' id='block_1_30' title="bbox 490 2972 2069 3046">
    <p class='ocr_par' dir='ltr' id='par_1_30' title="bbox 490 2972 2069 3046">
     <span class='ocr_line' id='line_1_30' title="bbox 490 2972 2069 3046; baseline -0.001 -18"><span class='ocrx_word' id='word_1_214' title='bbox 490 2975 747 3045; x_wconf 80' lang='grc' dir='ltr'>γενέσθαι</span> <span class='ocrx_word' id='word_1_215' title='bbox 775 2975 875 3046; x_wconf 74' lang='grc' dir='ltr'>τὴν</span> <span class='ocrx_word' id='word_1_216' title='bbox 921 2973 1140 3027; x_wconf 81' lang='grc' dir='ltr'>σύνοδον</span> <span class='ocrx_word' id='word_1_217' title='bbox 1171 2973 1356 3035; x_wconf 83' lang='grc' dir='ltr'>αὐτοῖς</span> <span class='ocrx_word' id='word_1_218' title='bbox 1387 2972 1740 3044; x_wconf 77' lang='grc' dir='ltr'>προσέταξεν.</span> <span class='ocrx_word' id='word_1_219' title='bbox 1794 2974 1882 3026; x_wconf 81' lang='grc' dir='ltr'>Ἐν</span> <span class='ocrx_word' id='word_1_220' title='bbox 1924 2973 2069 3042; x_wconf 79' lang='grc' dir='ltr'>’Δρι-</span> 
     </span>
    </p>
   </div>
   <div class='ocr_carea' id='block_1_31' title="bbox 495 3064 2066 3138">
    <p class='ocr_par' dir='ltr' id='par_1_31' title="bbox 495 3064 2066 3138">
     <span class='ocr_line' id='line_1_31' title="bbox 495 3064 2066 3138; baseline -0.003 -19"><span class='ocrx_word' id='word_1_221' title='bbox 495 3066 634 3138; x_wconf 79' lang='grc' dir='ltr'>μξνῳ</span> <span class='ocrx_word' id='word_1_222' title='bbox 663 3065 763 3136; x_wconf 79' lang='grc' dir='ltr'>μὲν</span> <span class='ocrx_word' id='word_1_223' title='bbox 798 3065 900 3136; x_wconf 84' lang='grc' dir='ltr'>τῆς</span> <span class='ocrx_word' id='word_1_224' title='bbox 939 3064 1192 3126; x_wconf 83' lang='grc' dir='ltr'>Ἰταλίας,</span> <span class='ocrx_word' id='word_1_225' title='bbox 1235 3064 1362 3125; x_wconf 83' lang='grc' dir='ltr'>τοὺς</span> <span class='ocrx_word' id='word_1_226' title='bbox 1388 3064 1512 3116; x_wconf 86' lang='grc' dir='ltr'>τότε</span> <span class='ocrx_word' id='word_1_227' title='bbox 1557 3065 1830 3134; x_wconf 85' lang='grc' dir='ltr'>παρόντας</span> <span class='ocrx_word' id='word_1_228' title='bbox 1884 3065 2066 3116; x_wconf 85' lang='grc' dir='ltr'>συνελ-</span> 
     </span>
    </p>
   </div>
   <div class='ocr_carea' id='block_1_32' title="bbox 491 3155 2068 3227">
    <p class='ocr_par' dir='ltr' id='par_1_32' title="bbox 491 3155 2068 3227">
     <span class='ocr_line' id='line_1_32' title="bbox 491 3155 2068 3227; baseline -0.001 -17"><span class='ocrx_word' id='word_1_229' title='bbox 491 3158 606 3210; x_wconf 80' lang='grc' dir='ltr'>θεῖν</span> <span class='ocrx_word' id='word_1_230' title='bbox 634 3157 932 3226; x_wconf 62' lang='grc' dir='ltr'>ἑπιτρὲψας</span> <span class='ocrx_word' id='word_1_231' title='bbox 951 3173 965 3185; x_wconf 87' lang='grc'><strong>·</strong></span> <span class='ocrx_word' id='word_1_232' title='bbox 993 3157 1121 3218; x_wconf 84' lang='grc' dir='ltr'>τοὺς</span> <span class='ocrx_word' id='word_1_233' title='bbox 1139 3155 1196 3209; x_wconf 86' lang='grc' dir='ltr'>δὲ</span> <span class='ocrx_word' id='word_1_234' title='bbox 1224 3157 1283 3207; x_wconf 84' lang='grc' dir='ltr'>ὲν</span> <span class='ocrx_word' id='word_1_235' title='bbox 1312 3155 1566 3226; x_wconf 82' lang='grc' dir='ltr'>ἀνατολῇ,</span> <span class='ocrx_word' id='word_1_236' title='bbox 1599 3155 1688 3208; x_wconf 85' lang='grc' dir='ltr'><strong>διὰ</strong></span> <span class='ocrx_word' id='word_1_237' title='bbox 1726 3156 2068 3227; x_wconf 84' lang='grc' dir='ltr'>γραμμάτων</span> 
     </span>
    </p>
   </div>
   <div class='ocr_carea' id='block_1_33' title="bbox 2177 869 3759 940">
    <p class='ocr_par' dir='ltr' id='par_1_33' title="bbox 2177 869 3759 940">
     <span class='ocr_line' id='line_1_33' title="bbox 2177 869 3759 940; baseline 0.004 -20"><span class='ocrx_word' id='word_1_238' title='bbox 2177 876 2430 922; x_wconf 90' lang='lat' dir='ltr'><strong>meretur</strong></span> <span class='ocrx_word' id='word_1_239' title='bbox 2480 883 2590 922; x_wconf 88' lang='lat' dir='ltr'><strong>:eo</strong></span> <span class='ocrx_word' id='word_1_240' title='bbox 2613 869 2824 923; x_wconf 87' lang='lat' dir='ltr'><strong>scilicet</strong></span> <span class='ocrx_word' id='word_1_241' title='bbox 2867 869 3115 929; x_wconf 90' lang='lat' dir='ltr'><strong>consilio.</strong></span> <span class='ocrx_word' id='word_1_242' title='bbox 3164 879 3224 923; x_wconf 91' lang='lat' dir='ltr'><strong>ut</strong></span> <span class='ocrx_word' id='word_1_243' title='bbox 3251 872 3478 940; x_wconf 85' lang='lat' dir='ltr'><strong>posthac</strong></span> <span class='ocrx_word' id='word_1_244' title='bbox 3523 872 3759 926; x_wconf 65' lang='lat' dir='ltr'><strong>Alexan-</strong></span> 
     </span>
    </p>
   </div>
   <div class='ocr_carea' id='block_1_34' title="bbox 2176 960 3760 1032">
    <p class='ocr_par' dir='ltr' id='par_1_34' title="bbox 2176 960 3760 1032">
     <span class='ocr_line' id='line_1_34' title="bbox 2176 960 3760 1032; baseline 0.003 -18"><span class='ocrx_word' id='word_1_245' title='bbox 2176 960 2352 1014; x_wconf 88' lang='lat' dir='ltr'><strong>driam</strong></span> <span class='ocrx_word' id='word_1_246' title='bbox 2401 960 2614 1031; x_wconf 84' lang='lat' dir='ltr'><strong>ingredi</strong></span> <span class='ocrx_word' id='word_1_247' title='bbox 2662 962 2882 1032; x_wconf 91' lang='lat' dir='ltr'><strong>penitus</strong></span> <span class='ocrx_word' id='word_1_248' title='bbox 2931 963 2979 1015; x_wconf 89' lang='lat' dir='ltr'><strong>ei</strong></span> <span class='ocrx_word' id='word_1_249' title='bbox 3030 979 3138 1016; x_wconf 84' lang='lat' dir='ltr'><strong>non</strong></span> <span class='ocrx_word' id='word_1_250' title='bbox 3187 964 3395 1018; x_wconf 85' lang='lat' dir='ltr'><strong>liceret.</strong></span> <span class='ocrx_word' id='word_1_251' title='bbox 3444 963 3601 1029; x_wconf 91' lang='lat' dir='ltr'><strong>Quod</strong></span> <span class='ocrx_word' id='word_1_252' title='bbox 3634 982 3760 1019; x_wconf 92' lang='lat' dir='ltr'><strong>cum</strong></span> 
     </span>
    </p>
   </div>
   <div class='ocr_carea' id='block_1_35' title="bbox 2176 1051 3757 1126">
    <p class='ocr_par' dir='ltr' id='par_1_35' title="bbox 2176 1051 3757 1126">
     <span class='ocr_line' id='line_1_35' title="bbox 2176 1051 3757 1126; baseline 0.002 -21"><span class='ocrx_word' id='word_1_253' title='bbox 2176 1051 2533 1106; x_wconf 82' lang='lat' dir='ltr'><strong>intellexisset</strong></span> <span class='ocrx_word' id='word_1_254' title='bbox 2558 1053 2818 1108; x_wconf 84' lang='lat' dir='ltr'><strong>Paulinus</strong></span> <span class='ocrx_word' id='word_1_255' title='bbox 2845 1053 3194 1108; x_wconf 81' lang='lat' dir='ltr'><strong>Trevirorum</strong></span> <span class='ocrx_word' id='word_1_256' title='bbox 3227 1055 3278 1108; x_wconf 90' lang='lat' dir='ltr'><strong>in</strong></span> <span class='ocrx_word' id='word_1_257' title='bbox 3321 1055 3494 1110; x_wconf 88' lang='lat' dir='ltr'><strong>Gallia</strong></span> <span class='ocrx_word' id='word_1_258' title='bbox 3541 1057 3757 1126; x_wconf 81' lang='lat' dir='ltr'><strong>cpisco-</strong></span> 
     </span>
    </p>
   </div>
   <div class='ocr_carea' id='block_1_36' title="bbox 2175 1145 3760 1217">
    <p class='ocr_par' dir='ltr' id='par_1_36' title="bbox 2175 1145 3760 1217">
     <span class='ocr_line' id='line_1_36' title="bbox 2175 1145 3760 1217; baseline 0.004 -20"><span class='ocrx_word' id='word_1_259' title='bbox 2175 1160 2298 1213; x_wconf 85' lang='lat' dir='ltr'><strong>pus,</strong></span> <span class='ocrx_word' id='word_1_260' title='bbox 2326 1155 2382 1199; x_wconf 92' lang='lat' dir='ltr'><strong>et</strong></span> <span class='ocrx_word' id='word_1_261' title='bbox 2408 1145 2702 1215; x_wconf 88' lang='lat' dir='ltr'><strong>Dionysius</strong></span> <span class='ocrx_word' id='word_1_262' title='bbox 2725 1153 2889 1216; x_wconf 88' lang='lat' dir='ltr'><strong>atque</strong></span> <span class='ocrx_word' id='word_1_263' title='bbox 2906 1148 3178 1202; x_wconf 88' lang='lat' dir='ltr'><strong>Eusebius</strong></span> <span class='ocrx_word' id='word_1_264' title='bbox 3201 1165 3212 1200; x_wconf 91' lang='grc'>;</span> <span class='ocrx_word' id='word_1_265' title='bbox 3232 1164 3466 1217; x_wconf 88' lang='lat' dir='ltr'><strong>quorum</strong></span> <span class='ocrx_word' id='word_1_266' title='bbox 3496 1148 3586 1204; x_wconf 88' lang='lat' dir='ltr'><strong>ille</strong></span> <span class='ocrx_word' id='word_1_267' title='bbox 3609 1149 3760 1203; x_wconf 78' lang='lat' dir='ltr'><strong>Alba</strong></span> 
     </span>
    </p>
   </div>
   <div class='ocr_carea' id='block_1_37' title="bbox 2177 1236 3760 1309">
    <p class='ocr_par' dir='ltr' id='par_1_37' title="bbox 2177 1236 3760 1309">
     <span class='ocr_line' id='line_1_37' title="bbox 2177 1236 3760 1309; baseline 0.001 -19"><span class='ocrx_word' id='word_1_268' title='bbox 2177 1236 2490 1306; x_wconf 83' lang='lat' dir='ltr'><strong>Metropolis</strong></span> <span class='ocrx_word' id='word_1_269' title='bbox 2517 1237 2684 1292; x_wconf 87' lang='lat' dir='ltr'><strong>Italia</strong></span> <span class='ocrx_word' id='word_1_270' title='bbox 2705 1279 2719 1302; x_wconf 92' lang='lat'><strong>,</strong></span> <span class='ocrx_word' id='word_1_271' title='bbox 2748 1238 2838 1291; x_wconf 90' lang='lat' dir='ltr'><strong>hic</strong></span> <span class='ocrx_word' id='word_1_272' title='bbox 2865 1240 3122 1294; x_wconf 80' lang='lat' dir='ltr'><strong>Vercella</strong></span> <span class='ocrx_word' id='word_1_273' title='bbox 3167 1255 3288 1308; x_wconf 80' lang='lat' dir='ltr'><strong>qua</strong></span> <span class='ocrx_word' id='word_1_274' title='bbox 3309 1239 3543 1309; x_wconf 83' lang='lat' dir='ltr'><strong>Liguria</strong></span> <span class='ocrx_word' id='word_1_275' title='bbox 3565 1240 3760 1294; x_wconf 84' lang='lat' dir='ltr'><strong>civitas</strong></span> 
     </span>
    </p>
   </div>
   <div class='ocr_carea' id='block_1_38' title="bbox 2174 1329 3760 1402">
    <p class='ocr_par' dir='ltr' id='par_1_38' title="bbox 2174 1329 3760 1402">
     <span class='ocr_line' id='line_1_38' title="bbox 2174 1329 3760 1402; baseline 0.004 -22"><span class='ocrx_word' id='word_1_276' title='bbox 2174 1337 2279 1390; x_wconf 81' lang='lat' dir='ltr'><strong>est,</strong></span> <span class='ocrx_word' id='word_1_277' title='bbox 2308 1337 2428 1382; x_wconf 88' lang='lat' dir='ltr'><strong>erat</strong></span> <span class='ocrx_word' id='word_1_278' title='bbox 2451 1329 2744 1399; x_wconf 85' lang='lat' dir='ltr'><strong>episcopus</strong></span> <span class='ocrx_word' id='word_1_279' title='bbox 2775 1346 2787 1380; x_wconf 85' lang='lat'>:</span> <span class='ocrx_word' id='word_1_280' title='bbox 2815 1331 3110 1384; x_wconf 86' lang='lat' dir='ltr'><strong>orientales</strong></span> <span class='ocrx_word' id='word_1_281' title='bbox 3146 1331 3403 1384; x_wconf 79' lang='lat' dir='ltr'><strong>videlicet</strong></span> <span class='ocrx_word' id='word_1_282' title='bbox 3429 1331 3480 1384; x_wconf 93' lang='lat' dir='ltr'><strong>id</strong></span> <span class='ocrx_word' id='word_1_283' title='bbox 3507 1347 3669 1402; x_wconf 80' lang='lat' dir='ltr'><strong>agere</strong></span> <span class='ocrx_word' id='word_1_284' title='bbox 3695 1349 3760 1386; x_wconf 84' lang='lat' dir='ltr'><strong>ac</strong></span> 
     </span>
    </p>
   </div>
   <div class='ocr_carea' id='block_1_39' title="bbox 2176 1419 3754 1489">
    <p class='ocr_par' dir='ltr' id='par_1_39' title="bbox 2176 1419 3754 1489">
     <span class='ocr_line' id='line_1_39' title="bbox 2176 1419 3754 1489; baseline 0.004 -20"><span class='ocrx_word' id='word_1_285' title='bbox 2176 1420 2376 1481; x_wconf 89' lang='lat' dir='ltr'><strong>moliri,</strong></span> <span class='ocrx_word' id='word_1_286' title='bbox 2427 1427 2488 1473; x_wconf 91' lang='lat' dir='ltr'><strong>ut</strong></span> <span class='ocrx_word' id='word_1_287' title='bbox 2555 1435 2654 1489; x_wconf 89' lang='lat' dir='ltr'><strong>per</strong></span> <span class='ocrx_word' id='word_1_288' title='bbox 2699 1419 3170 1474; x_wconf 82' lang='lat' dir='ltr'><strong>conﬁrmationem</strong></span> <span class='ocrx_word' id='word_1_289' title='bbox 3221 1422 3507 1475; x_wconf 83' lang='lat' dir='ltr'><strong>sententia</strong></span> <span class='ocrx_word' id='word_1_290' title='bbox 3566 1433 3754 1476; x_wconf 83' lang='lat' dir='ltr'><strong>contra</strong></span> 
     </span>
    </p>
   </div>
   <div class='ocr_carea' id='block_1_40' title="bbox 2172 1512 3758 1584">
    <p class='ocr_par' dir='ltr' id='par_1_40' title="bbox 2172 1512 3758 1584">
     <span class='ocr_line' id='line_1_40' title="bbox 2172 1512 3758 1584; baseline 0.001 -18"><span class='ocrx_word' id='word_1_291' title='bbox 2172 1512 2530 1568; x_wconf 79' lang='lat' dir='ltr'><strong>Athanasium</strong></span> <span class='ocrx_word' id='word_1_292' title='bbox 2571 1515 2814 1584; x_wconf 78' lang='lat' dir='ltr'><strong>prolata,</strong></span> <span class='ocrx_word' id='word_1_293' title='bbox 2863 1514 2998 1567; x_wconf 81' lang='lat' dir='ltr'><strong>ﬁdes</strong></span> <span class='ocrx_word' id='word_1_294' title='bbox 3044 1514 3500 1568; x_wconf 87' lang='lat' dir='ltr'><strong>subverteretur:</strong></span> <span class='ocrx_word' id='word_1_295' title='bbox 3530 1530 3758 1568; x_wconf 87' lang='lat' dir='ltr'><strong>consur-</strong></span> 
     </span>
    </p>
   </div>
   <div class='ocr_carea' id='block_1_41' title="bbox 2173 1605 3755 1675">
    <p class='ocr_par' dir='ltr' id='par_1_41' title="bbox 2173 1605 3755 1675">
     <span class='ocr_line' id='line_1_41' title="bbox 2173 1605 3755 1675; baseline 0.002 -18"><span class='ocrx_word' id='word_1_296' title='bbox 2173 1613 2364 1673; x_wconf 79' lang='lat' dir='ltr'><strong>gentes</strong></span> <span class='ocrx_word' id='word_1_297' title='bbox 2387 1607 2626 1675; x_wconf 82' lang='lat' dir='ltr'><strong>graviter</strong></span> <span class='ocrx_word' id='word_1_298' title='bbox 2647 1605 2932 1660; x_wconf 83' lang='lat' dir='ltr'><strong>vociferari</strong></span> <span class='ocrx_word' id='word_1_299' title='bbox 2961 1617 3269 1675; x_wconf 73' lang='lat' dir='ltr'><strong>caperunt,</strong></span> <span class='ocrx_word' id='word_1_300' title='bbox 3295 1605 3480 1660; x_wconf 87' lang='lat' dir='ltr'><strong>dolum</strong></span> <span class='ocrx_word' id='word_1_301' title='bbox 3520 1622 3582 1660; x_wconf 80' lang='lat' dir='ltr'><strong>ac</strong></span> <span class='ocrx_word' id='word_1_302' title='bbox 3606 1606 3755 1662; x_wconf 81' lang='lat' dir='ltr'><strong>frau-</strong></span> 
     </span>
    </p>
   </div>
   <div class='ocr_carea' id='block_1_42' title="bbox 2173 1697 3753 1769">
    <p class='ocr_par' dir='ltr' id='par_1_42' title="bbox 2173 1697 3753 1769">
     <span class='ocr_line' id='line_1_42' title="bbox 2173 1697 3753 1769; baseline 0.003 -20"><span class='ocrx_word' id='word_1_303' title='bbox 2173 1697 2298 1752; x_wconf 90' lang='lat' dir='ltr'><strong>dem</strong></span> <span class='ocrx_word' id='word_1_304' title='bbox 2324 1697 2461 1751; x_wconf 87' lang='lat' dir='ltr'><strong>strui</strong></span> <span class='ocrx_word' id='word_1_305' title='bbox 2483 1698 2807 1754; x_wconf 85' lang='lat' dir='ltr'><strong>Christiana</strong></span> <span class='ocrx_word' id='word_1_306' title='bbox 2828 1697 3076 1769; x_wconf 81' lang='lat' dir='ltr'><strong>religioni</strong></span> <span class='ocrx_word' id='word_1_307' title='bbox 3106 1714 3202 1768; x_wconf 90' lang='lat' dir='ltr'><strong>per</strong></span> <span class='ocrx_word' id='word_1_308' title='bbox 3229 1715 3292 1752; x_wconf 84' lang='lat' dir='ltr'><strong>ea</strong></span> <span class='ocrx_word' id='word_1_309' title='bbox 3320 1715 3440 1768; x_wconf 84' lang='lat' dir='ltr'><strong>qua</strong></span> <span class='ocrx_word' id='word_1_310' title='bbox 3487 1700 3753 1768; x_wconf 80' lang='lat' dir='ltr'><strong>gereban-</strong></span> 
     </span>
    </p>
   </div>
   <div class='ocr_carea' id='block_1_43' title="bbox 2174 1790 3754 1861">
    <p class='ocr_par' dir='ltr' id='par_1_43' title="bbox 2174 1790 3754 1861">
     <span class='ocr_line' id='line_1_43' title="bbox 2174 1790 3754 1861; baseline 0.002 -19"><span class='ocrx_word' id='word_1_311' title='bbox 2174 1797 2283 1842; x_wconf 90' lang='lat' dir='ltr'><strong>tur.</strong></span> <span class='ocrx_word' id='word_1_312' title='bbox 2329 1790 2518 1858; x_wconf 85' lang='lat' dir='ltr'><strong>Neque</strong></span> <span class='ocrx_word' id='word_1_313' title='bbox 2562 1790 2711 1844; x_wconf 88' lang='lat' dir='ltr'><strong>enim</strong></span> <span class='ocrx_word' id='word_1_314' title='bbox 2737 1805 2865 1844; x_wconf 88' lang='lat' dir='ltr'><strong>vera</strong></span> <span class='ocrx_word' id='word_1_315' title='bbox 2887 1805 3008 1846; x_wconf 90' lang='lat' dir='ltr'><strong>esse</strong></span> <span class='ocrx_word' id='word_1_316' title='bbox 3029 1805 3154 1860; x_wconf 83' lang='lat' dir='ltr'><strong>qua</strong></span> <span class='ocrx_word' id='word_1_317' title='bbox 3200 1790 3500 1844; x_wconf 82' lang='lat' dir='ltr'><strong>Athanasio</strong></span> <span class='ocrx_word' id='word_1_318' title='bbox 3525 1791 3754 1861; x_wconf 84' lang='lat' dir='ltr'><strong>objicie-</strong></span> 
     </span>
    </p>
   </div>
   <div class='ocr_carea' id='block_1_44' title="bbox 2175 1879 3755 1941">
    <p class='ocr_par' dir='ltr' id='par_1_44' title="bbox 2175 1879 3755 1941">
     <span class='ocr_line' id='line_1_44' title="bbox 2175 1879 3755 1941; baseline 0.003 -10"><span class='ocrx_word' id='word_1_319' title='bbox 2175 1879 2395 1941; x_wconf 76' lang='lat' dir='ltr'><strong>liantur,</strong></span> <span class='ocrx_word' id='word_1_320' title='bbox 2425 1879 2522 1933; x_wconf 87' lang='lat' dir='ltr'><strong>sed</strong></span> <span class='ocrx_word' id='word_1_321' title='bbox 2547 1879 2613 1933; x_wconf 89' lang='lat' dir='ltr'><strong>ad</strong></span> <span class='ocrx_word' id='word_1_322' title='bbox 2641 1879 2766 1933; x_wconf 83' lang='lat' dir='ltr'><strong>ﬁdei</strong></span> <span class='ocrx_word' id='word_1_323' title='bbox 2796 1879 3229 1934; x_wconf 87' lang='lat' dir='ltr'><strong>destructionem</strong></span> <span class='ocrx_word' id='word_1_324' title='bbox 3261 1881 3375 1934; x_wconf 84' lang='lat' dir='ltr'><strong>hac</strong></span> <span class='ocrx_word' id='word_1_325' title='bbox 3399 1880 3466 1933; x_wconf 93' lang='lat' dir='ltr'><strong>ab</strong></span> <span class='ocrx_word' id='word_1_326' title='bbox 3511 1881 3618 1935; x_wconf 87' lang='lat' dir='ltr'><strong>illis</strong></span> <span class='ocrx_word' id='word_1_327' title='bbox 3662 1897 3755 1935; x_wconf 80' lang='lat' dir='ltr'><strong>ex-</strong></span> 
     </span>
    </p>
   </div>
   <div class='ocr_carea' id='block_1_45' title="bbox 2174 1968 3753 2039">
    <p class='ocr_par' dir='ltr' id='par_1_45' title="bbox 2174 1968 3753 2039">
     <span class='ocr_line' id='line_1_45' title="bbox 2174 1968 3753 2039; baseline 0.003 -17"><span class='ocrx_word' id='word_1_328' title='bbox 2174 1968 2414 2039; x_wconf 84' lang='lat' dir='ltr'><strong>cogitari.</strong></span> <span class='ocrx_word' id='word_1_329' title='bbox 2464 1968 2595 2036; x_wconf 84' lang='lat' dir='ltr'><strong>Qua</strong></span> <span class='ocrx_word' id='word_1_330' title='bbox 2660 1985 2784 2023; x_wconf 90' lang='lat' dir='ltr'><strong>cum</strong></span> <span class='ocrx_word' id='word_1_331' title='bbox 2830 1971 2905 2023; x_wconf 93' lang='lat' dir='ltr'><strong>illi</strong></span> <span class='ocrx_word' id='word_1_332' title='bbox 2951 1971 3153 2022; x_wconf 81' lang='lat' dir='ltr'><strong>acriter</strong></span> <span class='ocrx_word' id='word_1_333' title='bbox 3198 1970 3574 2034; x_wconf 84' lang='lat' dir='ltr'><strong>inclamarcnt,</strong></span> <span class='ocrx_word' id='word_1_334' title='bbox 3623 1980 3753 2026; x_wconf 82' lang='lat' dir='ltr'><strong>tunc</strong></span> 
     </span>
    </p>
   </div>
   <div class='ocr_carea' id='block_1_46' title="bbox 2175 2065 3516 2135">
    <p class='ocr_par' dir='ltr' id='par_1_46' title="bbox 2175 2065 3516 2135">
     <span class='ocr_line' id='line_1_46' title="bbox 2175 2065 3516 2135; baseline 0 -17"><span class='ocrx_word' id='word_1_335' title='bbox 2175 2065 2396 2135; x_wconf 79' lang='lat' dir='ltr'><strong>quidem</strong></span> <span class='ocrx_word' id='word_1_336' title='bbox 2420 2066 2659 2120; x_wconf 89' lang='lat' dir='ltr'><strong>solutum</strong></span> <span class='ocrx_word' id='word_1_337' title='bbox 2685 2075 2769 2118; x_wconf 86' lang='lat' dir='ltr'><strong>est</strong></span> <span class='ocrx_word' id='word_1_338' title='bbox 2796 2065 3089 2119; x_wconf 88' lang='lat' dir='ltr'><strong>concilium</strong></span> <span class='ocrx_word' id='word_1_339' title='bbox 3114 2065 3516 2134; x_wconf 78' lang='lat' dir='ltr'><strong>epismporum.</strong></span> 
     </span>
    </p>
   </div>
   <div class='ocr_carea' id='block_1_47' title="bbox 2634 2176 3289 2248">
    <p class='ocr_par' dir='ltr' id='par_1_47' title="bbox 2634 2176 3289 2248">
     <span class='ocr_line' id='line_1_47' title="bbox 2634 2176 3289 2248; baseline -0.017 -9"><span class='ocrx_word' id='word_1_340' title='bbox 2634 2177 2792 2248; x_wconf 80' lang='grc'><strong>135</strong></span> <span class='ocrx_word' id='word_1_341' title='bbox 2835 2176 2983 2232; x_wconf 83' lang='lat' dir='ltr'><strong>CAP.</strong></span> <span class='ocrx_word' id='word_1_342' title='bbox 3029 2176 3289 2230; x_wconf 70' lang='lat' dir='ltr'>XXXVII.</span> 
     </span>
    </p>
   </div>
   <div class='ocr_carea' id='block_1_48' title="bbox 2177 2269 3748 2392">
    <p class='ocr_par' dir='ltr' id='par_1_48' title="bbox 2177 2269 3748 2392">
     <span class='ocr_line' id='line_1_48' title="bbox 2177 2269 3748 2392; baseline -0.003 -68"><span class='ocrx_word' id='word_1_343' title='bbox 2177 2271 2250 2324; x_wconf 79' lang='lat' dir='ltr'><strong>De</strong></span> <span class='ocrx_word' id='word_1_344' title='bbox 2282 2272 2600 2326; x_wconf 75' lang='lat' dir='ltr'><strong>Ariminenai</strong></span> <span class='ocrx_word' id='word_1_345' title='bbox 2621 2270 2856 2337; x_wconf 70' lang='lat' dir='ltr'><strong>&#39;sqnodo,</strong></span> <span class='ocrx_word' id='word_1_346' title='bbox 2888 2281 2944 2392; x_wconf 63' lang='lat' dir='ltr'><strong>et!</strong></span> <span class='ocrx_word' id='word_1_347' title='bbox 2967 2271 3029 2322; x_wconf 72' lang='lat' dir='ltr'><strong>de</strong></span> <span class='ocrx_word' id='word_1_348' title='bbox 3052 2269 3175 2337; x_wconf 80' lang='lat' dir='ltr'><strong>ﬁdei</strong></span> <span class='ocrx_word' id='word_1_349' title='bbox 3216 2271 3442 2338; x_wconf 76' lang='lat' dir='ltr'><strong>formula</strong></span> <span class='ocrx_word' id='word_1_350' title='bbox 3475 2271 3582 2322; x_wconf 69' lang='lat' dir='ltr'><strong>21hr</strong></span> <span class='ocrx_word' id='word_1_351' title='bbox 3626 2287 3748 2340; x_wconf 44' lang='lat' dir='ltr'><strong>pro,</strong></span> 
     </span>
     <span class='ocr_line' id='line_1_49' title="bbox 2834 2351 3092 2392; baseline 0 0"><span class='ocrx_word' id='word_1_352' title='bbox 2834 2359 2917 2392; x_wconf 81' lang='lat' dir='ltr'><strong>mu</strong></span> <span class='ocrx_word' id='word_1_353' title='bbox 2946 2351 3092 2392; x_wconf 77' lang='lat' dir='ltr'><strong>ante.</strong></span> 
     </span>
    </p>
   </div>
   <div class='ocr_carea' id='block_1_49' title="bbox 2834 2351 3092 2411">
    <p class='ocr_par' dir='ltr' id='par_1_49' title="bbox 2834 2351 3092 2411">
     <span class='ocr_line' id='line_1_50' title="bbox 2834 2351 3092 2411; baseline -0.004 -17"><span class='ocrx_word' id='word_1_354' title='bbox 2834 2351 3092 2411; x_wconf 81' lang='lat' dir='ltr'><strong>mulgata.</strong></span> 
     </span>
    </p>
   </div>
   <div class='ocr_carea' id='block_1_50' title="bbox 2242 2427 3750 2500">
    <p class='ocr_par' dir='ltr' id='par_1_50' title="bbox 2242 2427 3750 2500">
     <span class='ocr_line' id='line_1_51' title="bbox 2242 2427 3750 2500; baseline -0.001 -16"><span class='ocrx_word' id='word_1_355' title='bbox 2242 2430 2394 2496; x_wconf 87' lang='lat' dir='ltr'><strong>Quod</strong></span> <span class='ocrx_word' id='word_1_356' title='bbox 2415 2430 2504 2484; x_wconf 89' lang='lat' dir='ltr'><strong>ubi</strong></span> <span class='ocrx_word' id='word_1_357' title='bbox 2524 2429 2793 2500; x_wconf 87' lang='lat' dir='ltr'><strong>comperit</strong></span> <span class='ocrx_word' id='word_1_358' title='bbox 2816 2428 3132 2497; x_wconf 80' lang='lat' dir='ltr'><strong>imperator,</strong></span> <span class='ocrx_word' id='word_1_359' title='bbox 3153 2427 3275 2481; x_wconf 91' lang='lat' dir='ltr'><strong>illos</strong></span> <span class='ocrx_word' id='word_1_360' title='bbox 3291 2428 3512 2497; x_wconf 83' lang='lat' dir='ltr'><strong>quidem</strong></span> <span class='ocrx_word' id='word_1_361' title='bbox 3533 2429 3585 2482; x_wconf 93' lang='lat' dir='ltr'><strong>in</strong></span> <span class='ocrx_word' id='word_1_362' title='bbox 3603 2430 3750 2484; x_wconf 80' lang='lat' dir='ltr'><strong>exsi-</strong></span> 
     </span>
    </p>
   </div>
   <div class='ocr_carea' id='block_1_51' title="bbox 2172 2516 3750 2590">
    <p class='ocr_par' dir='ltr' id='par_1_51' title="bbox 2172 2516 3750 2590">
     <span class='ocr_line' id='line_1_52' title="bbox 2172 2516 3750 2590; baseline -0.002 -16"><span class='ocrx_word' id='word_1_363' title='bbox 2172 2521 2306 2575; x_wconf 91' lang='lat' dir='ltr'><strong>lium</strong></span> <span class='ocrx_word' id='word_1_364' title='bbox 2333 2519 2606 2590; x_wconf 85' lang='lat' dir='ltr'><strong>ablegavit</strong></span> <span class='ocrx_word' id='word_1_365' title='bbox 2653 2537 2664 2572; x_wconf 91' lang='lat'>:</span> <span class='ocrx_word' id='word_1_366' title='bbox 2691 2517 2942 2588; x_wconf 80' lang='lat' dir='ltr'><strong>generale</strong></span> <span class='ocrx_word' id='word_1_367' title='bbox 2978 2525 3108 2570; x_wconf 76' lang='lat' dir='ltr'><strong>vero</strong></span> <span class='ocrx_word' id='word_1_368' title='bbox 3134 2516 3424 2570; x_wconf 87' lang='lat' dir='ltr'><strong>concilium</strong></span> <span class='ocrx_word' id='word_1_369' title='bbox 3448 2530 3750 2571; x_wconf 86' lang='lat' dir='ltr'><strong>convocare</strong></span> 
     </span>
    </p>
   </div>
   <div class='ocr_carea' id='block_1_52' title="bbox 2173 2607 3751 2677">
    <p class='ocr_par' dir='ltr' id='par_1_52' title="bbox 2173 2607 3751 2677">
     <span class='ocr_line' id='line_1_53' title="bbox 2173 2607 3751 2677; baseline -0.002 -12"><span class='ocrx_word' id='word_1_370' title='bbox 2173 2611 2385 2673; x_wconf 89' lang='lat' dir='ltr'><strong>statuit,</strong></span> <span class='ocrx_word' id='word_1_371' title='bbox 2420 2619 2480 2664; x_wconf 87' lang='lat' dir='ltr'><strong>ut</strong></span> <span class='ocrx_word' id='word_1_372' title='bbox 2501 2610 2715 2665; x_wconf 87' lang='lat' dir='ltr'><strong>cunctis</strong></span> <span class='ocrx_word' id='word_1_373' title='bbox 2745 2607 2984 2662; x_wconf 85' lang='lat' dir='ltr'><strong>Orientis</strong></span> <span class='ocrx_word' id='word_1_374' title='bbox 3020 2608 3296 2677; x_wconf 83' lang='lat' dir='ltr'><strong>episcopis</strong></span> <span class='ocrx_word' id='word_1_375' title='bbox 3336 2609 3403 2662; x_wconf 90' lang='lat' dir='ltr'><strong>ad</strong></span> <span class='ocrx_word' id='word_1_376' title='bbox 3437 2607 3751 2663; x_wconf 87' lang='lat' dir='ltr'><strong>Occidentis</strong></span> 
     </span>
    </p>
   </div>
   <div class='ocr_carea' id='block_1_53' title="bbox 2172 2699 3752 2772">
    <p class='ocr_par' dir='ltr' id='par_1_53' title="bbox 2172 2699 3752 2772">
     <span class='ocr_line' id='line_1_54' title="bbox 2172 2699 3752 2772; baseline 0 -16"><span class='ocrx_word' id='word_1_377' title='bbox 2172 2713 2356 2772; x_wconf 87' lang='lat' dir='ltr'><strong>partes</strong></span> <span class='ocrx_word' id='word_1_378' title='bbox 2380 2701 2678 2764; x_wconf 88' lang='lat' dir='ltr'><strong>accersitis,</strong></span> <span class='ocrx_word' id='word_1_379' title='bbox 2704 2701 2992 2755; x_wconf 88' lang='lat' dir='ltr'><strong>universos</strong></span> <span class='ocrx_word' id='word_1_380' title='bbox 3013 2741 3026 2763; x_wconf 90' lang='lat'><strong>,</strong></span> <span class='ocrx_word' id='word_1_381' title='bbox 3053 2701 3097 2755; x_wconf 92' lang='lat' dir='ltr'><strong>si</strong></span> <span class='ocrx_word' id='word_1_382' title='bbox 3124 2699 3240 2754; x_wconf 86' lang='lat' dir='ltr'><strong>ﬁeri</strong></span> <span class='ocrx_word' id='word_1_383' title='bbox 3267 2711 3469 2770; x_wconf 83' lang='lat' dir='ltr'><strong>posset,</strong></span> <span class='ocrx_word' id='word_1_384' title='bbox 3495 2702 3562 2756; x_wconf 91' lang='lat' dir='ltr'><strong>ad</strong></span> <span class='ocrx_word' id='word_1_385' title='bbox 3588 2703 3752 2756; x_wconf 87' lang='lat' dir='ltr'><strong>unius</strong></span> 
     </span>
    </p>
   </div>
   <div class='ocr_carea' id='block_1_54' title="bbox 2173 2789 3749 2863">
    <p class='ocr_par' dir='ltr' id='par_1_54' title="bbox 2173 2789 3749 2863">
     <span class='ocr_line' id='line_1_55' title="bbox 2173 2789 3749 2863; baseline 0 -15"><span class='ocrx_word' id='word_1_386' title='bbox 2173 2793 2296 2849; x_wconf 83' lang='lat' dir='ltr'><strong>ﬁdei</strong></span> <span class='ocrx_word' id='word_1_387' title='bbox 2315 2795 2660 2849; x_wconf 83' lang='lat' dir='ltr'><strong>concordiam</strong></span> <span class='ocrx_word' id='word_1_388' title='bbox 2678 2793 2994 2848; x_wconf 87' lang='lat' dir='ltr'><strong>adduceret.</strong></span> <span class='ocrx_word' id='word_1_389' title='bbox 3011 2791 3116 2847; x_wconf 88' lang='lat' dir='ltr'><strong>Sed</strong></span> <span class='ocrx_word' id='word_1_390' title='bbox 3137 2808 3261 2846; x_wconf 90' lang='lat' dir='ltr'><strong>cum</strong></span> <span class='ocrx_word' id='word_1_391' title='bbox 3279 2789 3330 2847; x_wconf 88' lang='lat' dir='ltr'><strong>ei</strong></span> <span class='ocrx_word' id='word_1_392' title='bbox 3354 2794 3477 2846; x_wconf 88' lang='lat' dir='ltr'><strong>talia</strong></span> <span class='ocrx_word' id='word_1_393' title='bbox 3491 2793 3749 2863; x_wconf 83' lang='lat' dir='ltr'><strong>cogitanti</strong></span> 
     </span>
    </p>
   </div>
   <div class='ocr_carea' id='block_1_55' title="bbox 2171 2881 3754 2952">
    <p class='ocr_par' dir='ltr' id='par_1_55' title="bbox 2171 2881 3754 2952">
     <span class='ocr_line' id='line_1_56' title="bbox 2171 2881 3754 2952; baseline -0.002 -12"><span class='ocrx_word' id='word_1_394' title='bbox 2171 2886 2540 2940; x_wconf 80' lang='lat' dir='ltr'><strong>dillicultatem</strong></span> <span class='ocrx_word' id='word_1_395' title='bbox 2558 2884 2779 2938; x_wconf 74' lang='lat' dir='ltr'><strong>alien-et</strong></span> <span class='ocrx_word' id='word_1_396' title='bbox 2795 2882 3010 2937; x_wconf 89' lang='lat' dir='ltr'><strong>itineris</strong></span> <span class='ocrx_word' id='word_1_397' title='bbox 3028 2881 3332 2951; x_wconf 78' lang='lat' dir='ltr'><strong>longitudo,</strong></span> <span class='ocrx_word' id='word_1_398' title='bbox 3354 2882 3556 2937; x_wconf 80' lang='lat' dir='ltr'><strong>duasin</strong></span> <span class='ocrx_word' id='word_1_399' title='bbox 3569 2893 3754 2952; x_wconf 88' lang='lat' dir='ltr'><strong>partes</strong></span> 
     </span>
    </p>
   </div>
   <div class='ocr_carea' id='block_1_56' title="bbox 2171 2974 3754 3048">
    <p class='ocr_par' dir='ltr' id='par_1_56' title="bbox 2171 2974 3754 3048">
     <span class='ocr_line' id='line_1_57' title="bbox 2171 2974 3754 3048; baseline -0.003 -15"><span class='ocrx_word' id='word_1_400' title='bbox 2171 2979 2460 3033; x_wconf 81' lang='lat' dir='ltr'><strong>concilium</strong></span> <span class='ocrx_word' id='word_1_401' title='bbox 2481 2978 2650 3033; x_wconf 89' lang='lat' dir='ltr'><strong>dividi</strong></span> <span class='ocrx_word' id='word_1_402' title='bbox 2668 2977 2852 3048; x_wconf 83' lang='lat' dir='ltr'><strong>jussit.</strong></span> <span class='ocrx_word' id='word_1_403' title='bbox 2893 2975 2960 3029; x_wconf 86' lang='lat' dir='ltr'><strong>Et</strong></span> <span class='ocrx_word' id='word_1_404' title='bbox 2995 2989 3091 3028; x_wconf 90' lang='lat' dir='ltr'><strong>eos</strong></span> <span class='ocrx_word' id='word_1_405' title='bbox 3113 2974 3333 3043; x_wconf 90' lang='lat' dir='ltr'><strong>quidem</strong></span> <span class='ocrx_word' id='word_1_406' title='bbox 3361 2976 3453 3045; x_wconf 86' lang='lat' dir='ltr'><strong>qui</strong></span> <span class='ocrx_word' id='word_1_407' title='bbox 3485 2985 3599 3029; x_wconf 92' lang='lat' dir='ltr'><strong>tum</strong></span> <span class='ocrx_word' id='word_1_408' title='bbox 3627 2976 3754 3030; x_wconf 76' lang='lat' dir='ltr'><strong>ade-</strong></span> 
     </span>
    </p>
   </div>
   <div class='ocr_carea' id='block_1_57' title="bbox 2171 3066 3754 3142">
    <p class='ocr_par' dir='ltr' id='par_1_57' title="bbox 2171 3066 3754 3142">
     <span class='ocr_line' id='line_1_58' title="bbox 2171 3066 3754 3142; baseline -0.004 -13"><span class='ocrx_word' id='word_1_409' title='bbox 2171 3083 2314 3132; x_wconf 86' lang='lat' dir='ltr'><strong>rant.</strong></span> <span class='ocrx_word' id='word_1_410' title='bbox 2344 3073 2486 3142; x_wconf 90' lang='lat' dir='ltr'><strong>apud</strong></span> <span class='ocrx_word' id='word_1_411' title='bbox 2526 3071 2718 3124; x_wconf 87' lang='lat' dir='ltr'><strong>urbem</strong></span> <span class='ocrx_word' id='word_1_412' title='bbox 2747 3068 2914 3122; x_wconf 90' lang='lat' dir='ltr'><strong>Italia</strong></span> <span class='ocrx_word' id='word_1_413' title='bbox 2937 3066 3241 3121; x_wconf 86' lang='lat' dir='ltr'><strong>Ariminum</strong></span> <span class='ocrx_word' id='word_1_414' title='bbox 3257 3068 3570 3137; x_wconf 84' lang='lat' dir='ltr'><strong>congregari</strong></span> <span class='ocrx_word' id='word_1_415' title='bbox 3595 3083 3754 3122; x_wconf 90' lang='lat' dir='ltr'><strong>man-</strong></span> 
     </span>
    </p>
   </div>
   <div class='ocr_carea' id='block_1_58' title="bbox 2170 3153 3754 3228">
    <p class='ocr_par' dir='ltr' id='par_1_58' title="bbox 2170 3153 3754 3228">
     <span class='ocr_line' id='line_1_59' title="bbox 2170 3153 3754 3228; baseline -0.006 -11"><span class='ocrx_word' id='word_1_416' title='bbox 2170 3162 2319 3217; x_wconf 80' lang='lat' dir='ltr'><strong>davit</strong></span> <span class='ocrx_word' id='word_1_417' title='bbox 2344 3179 2355 3212; x_wconf 87' lang='lat'>:</span> <span class='ocrx_word' id='word_1_418' title='bbox 2380 3159 2664 3228; x_wconf 88' lang='lat' dir='ltr'><strong>episcopos</strong></span> <span class='ocrx_word' id='word_1_419' title='bbox 2681 3164 2862 3210; x_wconf 89' lang='lat' dir='ltr'><strong>autem</strong></span> <span class='ocrx_word' id='word_1_420' title='bbox 2881 3153 3121 3209; x_wconf 82' lang='lat' dir='ltr'><strong>Orientis</strong></span> <span class='ocrx_word' id='word_1_421' title='bbox 3149 3153 3499 3217; x_wconf 85' lang='lat' dir='ltr'><strong>Nicomedia,</strong></span> <span class='ocrx_word' id='word_1_422' title='bbox 3525 3171 3646 3224; x_wconf 88' lang='lat' dir='ltr'><strong>qua</strong></span> <span class='ocrx_word' id='word_1_423' title='bbox 3677 3156 3754 3208; x_wconf 89' lang='lat' dir='ltr'><strong>ci-</strong></span> 
     </span>
    </p>
   </div>
   <div class='ocr_carea' id='block_1_59' title="bbox 492 3245 2278 3332">
    <p class='ocr_par' dir='ltr' id='par_1_59' title="bbox 492 3246 2278 3332">
     <span class='ocr_line' id='line_1_60' title="bbox 492 3246 2278 3332; baseline 0.001 -30"><span class='ocrx_word' id='word_1_424' title='bbox 492 3251 551 3302; x_wconf 78' lang='grc' dir='ltr'>ἰν</span> <span class='ocrx_word' id='word_1_425' title='bbox 573 3248 915 3320; x_wconf 75' lang='grc' dir='ltr'>Νικομηδείᾳ</span> <span class='ocrx_word' id='word_1_426' title='bbox 931 3247 1033 3318; x_wconf 83' lang='grc' dir='ltr'>τῆς</span> <span class='ocrx_word' id='word_1_427' title='bbox 1053 3246 1303 3310; x_wconf 79' lang='grc' dir='ltr'>Βιθυνίας</span> <span class='ocrx_word' id='word_1_428' title='bbox 1319 3247 1629 3317; x_wconf 81' lang='grc' dir='ltr'>ἀπαντῆσαι</span> <span class='ocrx_word' id='word_1_429' title='bbox 1651 3247 1904 3301; x_wconf 76' lang='grc' dir='ltr'>ἐκέλευσε</span> <span class='ocrx_word' id='word_1_430' title='bbox 1929 3248 2064 3319; x_wconf 72' lang='grc'><strong>(25).</strong></span> <span class='ocrx_word' id='word_1_431' title='bbox 2094 3275 2136 3332; x_wconf 73' lang='lat' dir='ltr'>c</span> <span class='ocrx_word' id='word_1_432' title='bbox 2169 3254 2278 3307; x_wconf 83' lang='lat' dir='ltr'><strong>vita</strong></span> 
     </span>
    </p>
   </div>
   <div class='ocr_carea' id='block_1_60' title="bbox 1964 3245 3750 3332">
    <p class='ocr_par' dir='ltr' id='par_1_60' title="bbox 1964 3245 3750 3332">
     <span class='ocr_line' id='line_1_61' title="bbox 1964 3245 3750 3332; baseline -0.002 -30"><span class='ocrx_word' id='word_1_433' title='bbox 1964 3248 2064 3316; x_wconf 66' lang='lat'><strong>25).</strong></span> <span class='ocrx_word' id='word_1_434' title='bbox 2094 3275 2136 3332; x_wconf 70' lang='grc' dir='ltr'><strong>ρ</strong></span> <span class='ocrx_word' id='word_1_435' title='bbox 2169 3254 2309 3307; x_wconf 83' lang='lat' dir='ltr'><strong>vitas</strong></span> <span class='ocrx_word' id='word_1_436' title='bbox 2322 3263 2406 3306; x_wconf 89' lang='lat' dir='ltr'><strong>est</strong></span> <span class='ocrx_word' id='word_1_437' title='bbox 2422 3249 2707 3319; x_wconf 79' lang='lat' dir='ltr'><strong>Bithynia,</strong></span> <span class='ocrx_word' id='word_1_438' title='bbox 2729 3247 2931 3316; x_wconf 78' lang='lat' dir='ltr'><strong>colligi,</strong></span> <span class='ocrx_word' id='word_1_439' title='bbox 2951 3245 3092 3299; x_wconf 90' lang='lat' dir='ltr'><strong>datis</strong></span> <span class='ocrx_word' id='word_1_440' title='bbox 3127 3245 3195 3298; x_wconf 88' lang='lat' dir='ltr'><strong>ad</strong></span> <span class='ocrx_word' id='word_1_441' title='bbox 3215 3261 3311 3300; x_wconf 89' lang='lat' dir='ltr'><strong>eos</strong></span> <span class='ocrx_word' id='word_1_442' title='bbox 3326 3246 3525 3300; x_wconf 89' lang='lat' dir='ltr'><strong>litteris</strong></span> <span class='ocrx_word' id='word_1_443' title='bbox 3545 3262 3750 3316; x_wconf 84' lang='lat' dir='ltr'><strong>prace-</strong></span> 
     </span>
    </p>
   </div>
   <div class='ocr_carea' id='block_1_61' title="bbox 493 3337 2068 3410">
    <p class='ocr_par' dir='ltr' id='par_1_61' title="bbox 493 3337 2068 3410">
     <span class='ocr_line' id='line_1_62' title="bbox 493 3337 2068 3410; baseline -0.003 -16"><span class='ocrx_word' id='word_1_444' title='bbox 493 3341 682 3394; x_wconf 83' lang='grc' dir='ltr'>Ταῦτα</span> <span class='ocrx_word' id='word_1_445' title='bbox 734 3340 836 3410; x_wconf 81' lang='grc' dir='ltr'>μὲν</span> <span class='ocrx_word' id='word_1_446' title='bbox 869 3342 899 3393; x_wconf 87' lang='grc' dir='ltr'><strong>ό</strong></span> <span class='ocrx_word' id='word_1_447' title='bbox 933 3338 1186 3409; x_wconf 84' lang='grc' dir='ltr'>βασιλεὺς</span> <span class='ocrx_word' id='word_1_448' title='bbox 1239 3337 1429 3408; x_wconf 87' lang='grc' dir='ltr'>σκοπῷ</span> <span class='ocrx_word' id='word_1_449' title='bbox 1478 3338 1578 3409; x_wconf 81' lang='grc' dir='ltr'>τῆς</span> <span class='ocrx_word' id='word_1_450' title='bbox 1607 3338 1915 3407; x_wconf 77' lang='grc' dir='ltr'>ὁμοφωνίας</span> <span class='ocrx_word' id='word_1_451' title='bbox 1946 3337 2068 3391; x_wconf 76' lang='grc' dir='ltr'>ἐκέ-</span> 
     </span>
    </p>
   </div>
   <div class='ocr_carea' id='block_1_62' title="bbox 491 3428 2070 3500">
    <p class='ocr_par' dir='ltr' id='par_1_62' title="bbox 491 3428 2070 3500">
     <span class='ocr_line' id='line_1_63' title="bbox 491 3428 2070 3500; baseline -0.003 -15"><span class='ocrx_word' id='word_1_452' title='bbox 491 3432 708 3487; x_wconf 88' lang='grc' dir='ltr'>λευσεν.</span> <span class='ocrx_word' id='word_1_453' title='bbox 766 3431 842 3485; x_wconf 80' lang='grc' dir='ltr'><strong>Οὐ</strong></span> <span class='ocrx_word' id='word_1_454' title='bbox 892 3431 1001 3500; x_wconf 81' lang='grc' dir='ltr'>μὴν</span> <span class='ocrx_word' id='word_1_455' title='bbox 1050 3428 1203 3500; x_wconf 83' lang='grc' dir='ltr'>αὐτῷ</span> <span class='ocrx_word' id='word_1_456' title='bbox 1262 3430 1293 3482; x_wconf 86' lang='grc' dir='ltr'><strong>ό</strong></span> <span class='ocrx_word' id='word_1_457' title='bbox 1355 3429 1556 3492; x_wconf 79' lang='grc' dir='ltr'>σκοπὸς</span> <span class='ocrx_word' id='word_1_458' title='bbox 1612 3428 1854 3500; x_wconf 78' lang='grc' dir='ltr'>χρηστὴν</span> <span class='ocrx_word' id='word_1_459' title='bbox 1913 3428 2070 3497; x_wconf 72' lang='grc' dir='ltr'>ἔσχεν</span> 
     </span>
    </p>
   </div>
   <div class='ocr_carea' id='block_1_63' title="bbox 493 3518 2072 3594">
    <p class='ocr_par' dir='ltr' id='par_1_63' title="bbox 493 3518 2072 3594">
     <span class='ocr_line' id='line_1_64' title="bbox 493 3518 2072 3594; baseline -0.004 -15"><span class='ocrx_word' id='word_1_460' title='bbox 493 3526 754 3579; x_wconf 68' lang='grc' dir='ltr'>ἔκϐασιν*</span> <span class='ocrx_word' id='word_1_461' title='bbox 786 3523 1043 3594; x_wconf 84' lang='grc' dir='ltr'>οὐδετέρα</span> <span class='ocrx_word' id='word_1_462' title='bbox 1068 3523 1178 3594; x_wconf 79' lang='grc' dir='ltr'>γὰρ</span> <span class='ocrx_word' id='word_1_463' title='bbox 1212 3522 1322 3574; x_wconf 85' lang='grc' dir='ltr'>τῶν</span> <span class='ocrx_word' id='word_1_464' title='bbox 1361 3521 1596 3575; x_wconf 88' lang='grc' dir='ltr'>συνόδων</span> <span class='ocrx_word' id='word_1_465' title='bbox 1631 3523 1798 3591; x_wconf 75' lang='grc' dir='ltr'>ἑαυτῇ</span> <span class='ocrx_word' id='word_1_466' title='bbox 1832 3518 2072 3590; x_wconf 81' lang='grc' dir='ltr'>συνεφώ-</span> 
     </span>
    </p>
   </div>
   <div class='ocr_carea' id='block_1_64' title="bbox 498 3611 2072 3688">
    <p class='ocr_par' dir='ltr' id='par_1_64' title="bbox 498 3611 2072 3688">
     <span class='ocr_line' id='line_1_65' title="bbox 498 3611 2072 3688; baseline -0.005 -18"><span class='ocrx_word' id='word_1_467' title='bbox 498 3635 682 3688; x_wconf 81' lang='grc' dir='ltr'>νησεν,</span> <span class='ocrx_word' id='word_1_468' title='bbox 728 3615 844 3669; x_wconf 80' lang='grc' dir='ltr'>ἀλλ’</span> <span class='ocrx_word' id='word_1_469' title='bbox 893 3615 1128 3686; x_wconf 79' lang='grc' dir='ltr'>ἑκατέρα</span> <span class='ocrx_word' id='word_1_470' title='bbox 1153 3612 1398 3685; x_wconf 80' lang='grc' dir='ltr'>διῃρέθη.</span> <span class='ocrx_word' id='word_1_471' title='bbox 1431 3611 1567 3666; x_wconf 79' lang='grc' dir='ltr'>Οὔτε</span> <span class='ocrx_word' id='word_1_472' title='bbox 1597 3612 1706 3684; x_wconf 80' lang='grc' dir='ltr'><strong>γὰρ</strong></span> <span class='ocrx_word' id='word_1_473' title='bbox 1737 3614 1787 3665; x_wconf 77' lang='grc' dir='ltr'>οἱ</span> <span class='ocrx_word' id='word_1_474' title='bbox 1829 3615 1887 3666; x_wconf 80' lang='grc' dir='ltr'>ὲν</span> <span class='ocrx_word' id='word_1_475' title='bbox 1930 3614 2072 3682; x_wconf 82' lang='grc' dir='ltr'>’Δρι-</span> 
     </span>
    </p>
   </div>
   <div class='ocr_carea' id='block_1_65' title="bbox 498 3703 2069 3780">
    <p class='ocr_par' dir='ltr' id='par_1_65' title="bbox 498 3703 2069 3780">
     <span class='ocr_line' id='line_1_66' title="bbox 498 3703 2069 3780; baseline -0.005 -17"><span class='ocrx_word' id='word_1_476' title='bbox 498 3711 639 3780; x_wconf 85' lang='grc' dir='ltr'>μίνῳ</span> <span class='ocrx_word' id='word_1_477' title='bbox 689 3706 1059 3772; x_wconf 81' lang='grc' dir='ltr'>συνελθόντες,</span> <span class='ocrx_word' id='word_1_478' title='bbox 1093 3707 1446 3777; x_wconf 82' lang='grc' dir='ltr'>όμοφωνῆσαι</span> <span class='ocrx_word' id='word_1_479' title='bbox 1495 3703 1808 3774; x_wconf 80' lang='grc' dir='ltr'>δεδύνηνται</span> <span class='ocrx_word' id='word_1_480' title='bbox 1831 3721 1846 3736; x_wconf 74' lang='grc' dir='ltr'><strong>ο</strong></span> <span class='ocrx_word' id='word_1_481' title='bbox 1896 3706 1992 3757; x_wconf 81' lang='grc' dir='ltr'>καὶ</span> <span class='ocrx_word' id='word_1_482' title='bbox 2020 3705 2069 3756; x_wconf 85' lang='grc' dir='ltr'>οἱ</span> 
     </span>
    </p>
   </div>
   <div class='ocr_carea' id='block_1_66' title="bbox 494 3795 2070 3871">
    <p class='ocr_par' dir='ltr' id='par_1_66' title="bbox 494 3795 2070 3871">
     <span class='ocr_line' id='line_1_67' title="bbox 494 3795 2070 3871; baseline -0.006 -15"><span class='ocrx_word' id='word_1_483' title='bbox 494 3802 596 3871; x_wconf 79' lang='grc' dir='ltr'>τῆς</span> <span class='ocrx_word' id='word_1_484' title='bbox 619 3800 882 3870; x_wconf 77' lang='grc' dir='ltr'>ἀνατολῆς</span> <span class='ocrx_word' id='word_1_485' title='bbox 924 3797 1270 3860; x_wconf 87' lang='grc' dir='ltr'>συνελθόντες</span> <span class='ocrx_word' id='word_1_486' title='bbox 1318 3798 1376 3850; x_wconf 81' lang='grc' dir='ltr'>ὲν</span> <span class='ocrx_word' id='word_1_487' title='bbox 1403 3795 1738 3866; x_wconf 74' lang='grc' dir='ltr'>Σελευκείᾳρ</span> <span class='ocrx_word' id='word_1_488' title='bbox 1763 3795 1861 3866; x_wconf 82' lang='grc' dir='ltr'>τῆς</span> <span class='ocrx_word' id='word_1_489' title='bbox 1901 3795 2070 3848; x_wconf 80' lang='grc' dir='ltr'>Ἰσαυ-</span> 
     </span>
    </p>
   </div>
   <div class='ocr_carea' id='block_1_67' title="bbox 499 3882 2069 3966">
    <p class='ocr_par' dir='ltr' id='par_1_67' title="bbox 499 3882 2069 3966">
     <span class='ocr_line' id='line_1_68' title="bbox 499 3882 2069 3966; baseline -0.005 -18"><span class='ocrx_word' id='word_1_490' title='bbox 499 3895 643 3966; x_wconf 83' lang='grc' dir='ltr'>ρίας,</span> <span class='ocrx_word' id='word_1_491' title='bbox 687 3893 875 3964; x_wconf 70' lang='grc' dir='ltr'>ἕτερον</span> <span class='ocrx_word' id='word_1_492' title='bbox 927 3889 1133 3961; x_wconf 84' lang='grc' dir='ltr'>σχίσμα</span> <span class='ocrx_word' id='word_1_493' title='bbox 1187 3888 1536 3959; x_wconf 77' lang='grc' dir='ltr'>εἰργάσαντο.</span> <span class='ocrx_word' id='word_1_494' title='bbox 1585 3887 1774 3950; x_wconf 83' lang='grc' dir='ltr'>Ὅπως</span> <span class='ocrx_word' id='word_1_495' title='bbox 1824 3887 1922 3956; x_wconf 79' lang='grc' dir='ltr'>μὲν</span> <span class='ocrx_word' id='word_1_496' title='bbox 1975 3882 2069 3940; x_wconf 73' lang='grc' dir='ltr'><strong>οὖν</strong></span> 
     </span>
    </p>
   </div>
   <div class='ocr_carea' id='block_1_68' title="bbox 494 3975 2068 4048">
    <p class='ocr_par' dir='ltr' id='par_1_68' title="bbox 494 3975 2068 4048">
     <span class='ocr_line' id='line_1_69' title="bbox 494 3975 2068 4048; baseline -0.004 -11"><span class='ocrx_word' id='word_1_497' title='bbox 494 3985 703 4037; x_wconf 69' lang='grc' dir='ltr'>ἕκαστα</span> <span class='ocrx_word' id='word_1_498' title='bbox 741 3980 946 4034; x_wconf 87' lang='grc' dir='ltr'>τούτων</span> <span class='ocrx_word' id='word_1_499' title='bbox 985 3979 1223 4047; x_wconf 73' lang='grc' dir='ltr'>ἐγένετο,</span> <span class='ocrx_word' id='word_1_500' title='bbox 1253 3977 1533 4048; x_wconf 82' lang='grc' dir='ltr'>προϊόντες</span> <span class='ocrx_word' id='word_1_501' title='bbox 1565 3975 1901 4048; x_wconf 83' lang='grc' dir='ltr'>δηλώσομεν,</span> <span class='ocrx_word' id='word_1_502' title='bbox 1932 3979 2068 4048; x_wconf 87' lang='grc' dir='ltr'>πρό-</span> 
     </span>
    </p>
   </div>
   <div class='ocr_carea' id='block_1_69' title="bbox 493 4069 2068 4150">
    <p class='ocr_par' dir='ltr' id='par_1_69' title="bbox 493 4069 2068 4150">
     <span class='ocr_line' id='line_1_70' title="bbox 493 4069 2068 4150; baseline -0.006 -19"><span class='ocrx_word' id='word_1_503' title='bbox 493 4095 654 4150; x_wconf 83' lang='grc' dir='ltr'>τερον</span> <span class='ocrx_word' id='word_1_504' title='bbox 689 4076 821 4146; x_wconf 77' lang='grc' dir='ltr'>περὶ</span> <span class='ocrx_word' id='word_1_505' title='bbox 863 4072 1114 4136; x_wconf 82' lang='grc' dir='ltr'>Εύδοξίου</span> <span class='ocrx_word' id='word_1_506' title='bbox 1165 4069 1339 4142; x_wconf 79' lang='grc' dir='ltr'>μικρὰ</span> <span class='ocrx_word' id='word_1_507' title='bbox 1387 4069 1879 4141; x_wconf 88' lang='grc' dir='ltr'>μνημονεύσαντες.</span> <span class='ocrx_word' id='word_1_508' title='bbox 1931 4071 2068 4140; x_wconf 78' lang='grc' dir='ltr'>Περὶ</span> 
     </span>
    </p>
   </div>
   <div class='ocr_carea' id='block_1_70' title="bbox 496 4160 2062 4241">
    <p class='ocr_par' dir='ltr' id='par_1_70' title="bbox 496 4160 2062 4241">
     <span class='ocr_line' id='line_1_71' title="bbox 496 4160 2062 4241; baseline -0.006 -18"><span class='ocrx_word' id='word_1_509' title='bbox 496 4172 607 4241; x_wconf 82' lang='grc' dir='ltr'><strong>γὰρ</strong></span> <span class='ocrx_word' id='word_1_510' title='bbox 634 4167 786 4222; x_wconf 84' lang='grc' dir='ltr'>τόνδε</span> <span class='ocrx_word' id='word_1_511' title='bbox 831 4165 924 4219; x_wconf 81' lang='grc' dir='ltr'>τὸν</span> <span class='ocrx_word' id='word_1_512' title='bbox 961 4162 1154 4234; x_wconf 86' lang='grc' dir='ltr'>χρόνον</span> <span class='ocrx_word' id='word_1_513' title='bbox 1189 4160 1442 4216; x_wconf 85' lang='grc' dir='ltr'>Λεοντίου</span> <span class='ocrx_word' id='word_1_514' title='bbox 1476 4161 1898 4233; x_wconf 78' lang='grc' dir='ltr'>τελευτήσαντος</span> <span class='ocrx_word' id='word_1_515' title='bbox 1929 4161 2062 4229; x_wconf 75' lang='grc'><strong>(26),</strong></span> 
     </span>
    </p>
   </div>
   <div class='ocr_carea' id='block_1_71' title="bbox 2167 3337 3753 3415">
    <p class='ocr_par' dir='ltr' id='par_1_71' title="bbox 2167 3337 3753 3415">
     <span class='ocr_line' id='line_1_72' title="bbox 2167 3337 3753 3415; baseline -0.005 -16"><span class='ocrx_word' id='word_1_516' title='bbox 2167 3347 2263 3415; x_wconf 85' lang='lat' dir='ltr'><strong>pit.</strong></span> <span class='ocrx_word' id='word_1_517' title='bbox 2285 3345 2352 3398; x_wconf 88' lang='lat' dir='ltr'><strong>Et</strong></span> <span class='ocrx_word' id='word_1_518' title='bbox 2374 3344 2476 3397; x_wconf 91' lang='lat' dir='ltr'><strong>ista</strong></span> <span class='ocrx_word' id='word_1_519' title='bbox 2491 3340 2716 3412; x_wconf 79' lang='lat' dir='ltr'><strong>quidem</strong></span> <span class='ocrx_word' id='word_1_520' title='bbox 2738 3342 3034 3408; x_wconf 89' lang='lat' dir='ltr'><strong>imperator</strong></span> <span class='ocrx_word' id='word_1_521' title='bbox 3051 3337 3357 3392; x_wconf 81' lang='lat' dir='ltr'><strong>concordia</strong></span> <span class='ocrx_word' id='word_1_522' title='bbox 3373 3353 3534 3393; x_wconf 86' lang='lat' dir='ltr'><strong>causa</strong></span> <span class='ocrx_word' id='word_1_523' title='bbox 3559 3340 3753 3394; x_wconf 86' lang='lat' dir='ltr'><strong>decre-</strong></span> 
     </span>
    </p>
   </div>
   <div class='ocr_carea' id='block_1_72' title="bbox 2167 3427 3747 3503">
    <p class='ocr_par' dir='ltr' id='par_1_72' title="bbox 2167 3427 3747 3503">
     <span class='ocr_line' id='line_1_73' title="bbox 2167 3427 3747 3503; baseline -0.003 -13"><span class='ocrx_word' id='word_1_524' title='bbox 2167 3445 2338 3491; x_wconf 85' lang='lat' dir='ltr'><strong>verat.</strong></span> <span class='ocrx_word' id='word_1_525' title='bbox 2355 3435 2462 3489; x_wconf 86' lang='lat' dir='ltr'><strong>Sed</strong></span> <span class='ocrx_word' id='word_1_526' title='bbox 2475 3435 2594 3503; x_wconf 84' lang='lat' dir='ltr'><strong>ejus</strong></span> <span class='ocrx_word' id='word_1_527' title='bbox 2606 3430 2894 3485; x_wconf 90' lang='lat' dir='ltr'><strong>consilium</strong></span> <span class='ocrx_word' id='word_1_528' title='bbox 2905 3427 3049 3482; x_wconf 81' lang='lat' dir='ltr'><strong>felici</strong></span> <span class='ocrx_word' id='word_1_529' title='bbox 3065 3443 3319 3483; x_wconf 83' lang='lat' dir='ltr'><strong>successu</strong></span> <span class='ocrx_word' id='word_1_530' title='bbox 3333 3430 3527 3483; x_wconf 89' lang='lat' dir='ltr'><strong>caruit.</strong></span> <span class='ocrx_word' id='word_1_531' title='bbox 3547 3431 3747 3486; x_wconf 71' lang='lat' dir='ltr'><strong>Neutra</strong></span> 
     </span>
    </p>
   </div>
   <div class='ocr_carea' id='block_1_73' title="bbox 2168 3520 3745 3597">
    <p class='ocr_par' dir='ltr' id='par_1_73' title="bbox 2168 3520 3745 3597">
     <span class='ocr_line' id='line_1_74' title="bbox 2168 3520 3745 3597; baseline -0.004 -16"><span class='ocrx_word' id='word_1_532' title='bbox 2168 3529 2314 3582; x_wconf 89' lang='lat' dir='ltr'><strong>enim</strong></span> <span class='ocrx_word' id='word_1_533' title='bbox 2359 3525 2599 3597; x_wconf 71' lang='lat' dir='ltr'><strong>synodus</strong></span> <span class='ocrx_word' id='word_1_534' title='bbox 2638 3522 3020 3592; x_wconf 88' lang='lat' dir='ltr'><strong>episcoporum</strong></span> <span class='ocrx_word' id='word_1_535' title='bbox 3065 3534 3250 3574; x_wconf 87' lang='lat' dir='ltr'><strong>secum</strong></span> <span class='ocrx_word' id='word_1_536' title='bbox 3279 3520 3396 3589; x_wconf 90' lang='lat' dir='ltr'><strong>ipsa</strong></span> <span class='ocrx_word' id='word_1_537' title='bbox 3445 3525 3745 3586; x_wconf 81' lang='lat' dir='ltr'><strong>consensit,</strong></span> 
     </span>
    </p>
   </div>
   <div class='ocr_carea' id='block_1_74' title="bbox 2171 3609 3747 3684">
    <p class='ocr_par' dir='ltr' id='par_1_74' title="bbox 2171 3609 3747 3684">
     <span class='ocr_line' id='line_1_75' title="bbox 2171 3609 3747 3684; baseline -0.002 -13"><span class='ocrx_word' id='word_1_538' title='bbox 2171 3617 2266 3672; x_wconf 86' lang='lat' dir='ltr'><strong>sed</strong></span> <span class='ocrx_word' id='word_1_539' title='bbox 2319 3624 2550 3684; x_wconf 86' lang='lat' dir='ltr'><strong>utraque</strong></span> <span class='ocrx_word' id='word_1_540' title='bbox 2594 3610 2899 3668; x_wconf 89' lang='lat' dir='ltr'><strong>contrarias</strong></span> <span class='ocrx_word' id='word_1_541' title='bbox 2946 3609 3001 3664; x_wconf 92' lang='lat' dir='ltr'><strong>in</strong></span> <span class='ocrx_word' id='word_1_542' title='bbox 3029 3619 3212 3680; x_wconf 88' lang='lat' dir='ltr'><strong>partes</strong></span> <span class='ocrx_word' id='word_1_543' title='bbox 3253 3610 3426 3666; x_wconf 89' lang='lat' dir='ltr'><strong>divisa</strong></span> <span class='ocrx_word' id='word_1_544' title='bbox 3463 3621 3564 3666; x_wconf 89' lang='lat' dir='ltr'><strong>est.</strong></span> <span class='ocrx_word' id='word_1_545' title='bbox 3614 3613 3747 3668; x_wconf 74' lang='lat' dir='ltr'><strong>Nam</strong></span> 
     </span>
    </p>
   </div>
   <div class='ocr_carea' id='block_1_75' title="bbox 2174 3703 3749 3776">
    <p class='ocr_par' dir='ltr' id='par_1_75' title="bbox 2174 3703 3749 3776">
     <span class='ocr_line' id='line_1_76' title="bbox 2174 3703 3749 3776; baseline -0.002 -14"><span class='ocrx_word' id='word_1_546' title='bbox 2174 3723 2352 3775; x_wconf 87' lang='lat' dir='ltr'><strong>neque</strong></span> <span class='ocrx_word' id='word_1_547' title='bbox 2393 3706 2635 3776; x_wconf 85' lang='lat' dir='ltr'><strong>episcopi</strong></span> <span class='ocrx_word' id='word_1_548' title='bbox 2680 3706 2824 3776; x_wconf 89' lang='lat' dir='ltr'><strong>apud</strong></span> <span class='ocrx_word' id='word_1_549' title='bbox 2863 3706 3169 3761; x_wconf 87' lang='lat' dir='ltr'><strong>Ariminum</strong></span> <span class='ocrx_word' id='word_1_550' title='bbox 3215 3703 3529 3774; x_wconf 74' lang='lat' dir='ltr'><strong>congregati</strong></span> <span class='ocrx_word' id='word_1_551' title='bbox 3584 3706 3749 3768; x_wconf 81' lang='lat' dir='ltr'><strong>unius</strong></span> 
     </span>
    </p>
   </div>
   <div class='ocr_carea' id='block_1_76' title="bbox 2173 3793 3748 3867">
    <p class='ocr_par' dir='ltr' id='par_1_76' title="bbox 2173 3793 3748 3867">
     <span class='ocr_line' id='line_1_77' title="bbox 2173 3793 3748 3867; baseline -0.001 -16"><span class='ocrx_word' id='word_1_552' title='bbox 2173 3797 2526 3867; x_wconf 85' lang='lat' dir='ltr'><strong>ejusdemque</strong></span> <span class='ocrx_word' id='word_1_553' title='bbox 2553 3795 2844 3849; x_wconf 82' lang='lat' dir='ltr'><strong>sententia</strong></span> <span class='ocrx_word' id='word_1_554' title='bbox 2867 3811 2987 3850; x_wconf 86' lang='lat' dir='ltr'><strong>esse</strong></span> <span class='ocrx_word' id='word_1_555' title='bbox 3009 3802 3309 3864; x_wconf 87' lang='lat' dir='ltr'><strong>potuerunt</strong></span> <span class='ocrx_word' id='word_1_556' title='bbox 3336 3812 3347 3846; x_wconf 93' lang='lat'>:</span> <span class='ocrx_word' id='word_1_557' title='bbox 3375 3801 3431 3848; x_wconf 89' lang='lat' dir='ltr'><strong>et</strong></span> <span class='ocrx_word' id='word_1_558' title='bbox 3451 3793 3748 3849; x_wconf 87' lang='lat' dir='ltr'><strong>orientales</strong></span> 
     </span>
    </p>
   </div>
   <div class='ocr_carea' id='block_1_77' title="bbox 2177 3884 3744 3958">
    <p class='ocr_par' dir='ltr' id='par_1_77' title="bbox 2177 3884 3744 3958">
     <span class='ocr_line' id='line_1_78' title="bbox 2177 3884 3744 3958; baseline -0.001 -16"><span class='ocrx_word' id='word_1_559' title='bbox 2177 3887 2320 3958; x_wconf 88' lang='lat' dir='ltr'><strong>apud</strong></span> <span class='ocrx_word' id='word_1_560' title='bbox 2349 3886 2656 3942; x_wconf 83' lang='lat' dir='ltr'><strong>Seleuciam</strong></span> <span class='ocrx_word' id='word_1_561' title='bbox 2685 3887 2909 3941; x_wconf 78' lang='lat' dir='ltr'><strong>Isauria</strong></span> <span class='ocrx_word' id='word_1_562' title='bbox 2929 3887 3143 3940; x_wconf 89' lang='lat' dir='ltr'><strong>collecti</strong></span> <span class='ocrx_word' id='word_1_563' title='bbox 3192 3901 3396 3939; x_wconf 89' lang='lat' dir='ltr'><strong>novum</strong></span> <span class='ocrx_word' id='word_1_564' title='bbox 3449 3884 3744 3940; x_wconf 88' lang='lat' dir='ltr'><strong>discidium</strong></span> 
     </span>
    </p>
   </div>
   <div class='ocr_carea' id='block_1_78' title="bbox 2175 3972 3743 4045">
    <p class='ocr_par' dir='ltr' id='par_1_78' title="bbox 2175 3972 3743 4045">
     <span class='ocr_line' id='line_1_79' title="bbox 2175 3972 3743 4045; baseline -0.003 -13"><span class='ocrx_word' id='word_1_565' title='bbox 2175 3979 2502 4033; x_wconf 73' lang='lat' dir='ltr'><strong>excitavere.</strong></span> <span class='ocrx_word' id='word_1_566' title='bbox 2532 3977 2703 4030; x_wconf 86' lang='lat' dir='ltr'><strong>Porro</strong></span> <span class='ocrx_word' id='word_1_567' title='bbox 2727 3992 2834 4045; x_wconf 89' lang='lat' dir='ltr'><strong>qua</strong></span> <span class='ocrx_word' id='word_1_568' title='bbox 2863 3976 3073 4029; x_wconf 87' lang='lat' dir='ltr'><strong>ratione</strong></span> <span class='ocrx_word' id='word_1_569' title='bbox 3098 3982 3246 4042; x_wconf 79' lang='lat' dir='ltr'><strong>gesta</strong></span> <span class='ocrx_word' id='word_1_570' title='bbox 3272 3974 3383 4027; x_wconf 89' lang='lat' dir='ltr'><strong>sint</strong></span> <span class='ocrx_word' id='word_1_571' title='bbox 3425 3972 3658 4042; x_wconf 87' lang='lat' dir='ltr'><strong>singula,</strong></span> <span class='ocrx_word' id='word_1_572' title='bbox 3691 3978 3743 4028; x_wconf 89' lang='lat' dir='ltr'><strong>in</strong></span> 
     </span>
    </p>
   </div>
   <div class='ocr_carea' id='block_1_79' title="bbox 2174 4064 3744 4140">
    <p class='ocr_par' dir='ltr' id='par_1_79' title="bbox 2174 4064 3744 4140">
     <span class='ocr_line' id='line_1_80' title="bbox 2174 4064 3744 4140; baseline -0.001 -17"><span class='ocrx_word' id='word_1_573' title='bbox 2174 4085 2462 4140; x_wconf 81' lang='lat' dir='ltr'><strong>progressu</strong></span> <span class='ocrx_word' id='word_1_574' title='bbox 2492 4068 2822 4122; x_wconf 89' lang='lat' dir='ltr'><strong>narrationis</strong></span> <span class='ocrx_word' id='word_1_575' title='bbox 2844 4066 3267 4126; x_wconf 88' lang='lat' dir='ltr'><strong>declarabimus,</strong></span> <span class='ocrx_word' id='word_1_576' title='bbox 3294 4065 3337 4118; x_wconf 91' lang='lat' dir='ltr'><strong>si</strong></span> <span class='ocrx_word' id='word_1_577' title='bbox 3364 4064 3527 4118; x_wconf 88' lang='lat' dir='ltr'><strong>modo</strong></span> <span class='ocrx_word' id='word_1_578' title='bbox 3571 4081 3744 4134; x_wconf 81' lang='lat' dir='ltr'><strong>pauca</strong></span> 
     </span>
    </p>
   </div>
   <div class='ocr_carea' id='block_1_80' title="bbox 2177 4157 3746 4233">
    <p class='ocr_par' dir='ltr' id='par_1_80' title="bbox 2177 4157 3746 4233">
     <span class='ocr_line' id='line_1_81' title="bbox 2177 4157 3746 4233; baseline 0.001 -19"><span class='ocrx_word' id='word_1_579' title='bbox 2177 4165 2328 4233; x_wconf 81' lang='lat' dir='ltr'><strong>prius</strong></span> <span class='ocrx_word' id='word_1_580' title='bbox 2355 4163 2421 4216; x_wconf 86' lang='lat' dir='ltr'><strong>de</strong></span> <span class='ocrx_word' id='word_1_581' title='bbox 2446 4161 2693 4216; x_wconf 79' lang='lat' dir='ltr'><strong>Eudoxio</strong></span> <span class='ocrx_word' id='word_1_582' title='bbox 2715 4160 3038 4214; x_wconf 80' lang='lat' dir='ltr'><strong>dixerimus.</strong></span> <span class='ocrx_word' id='word_1_583' title='bbox 3063 4157 3273 4227; x_wconf 85' lang='lat' dir='ltr'><strong>Quippe</strong></span> <span class='ocrx_word' id='word_1_584' title='bbox 3311 4158 3455 4213; x_wconf 89' lang='lat' dir='ltr'><strong>circa</strong></span> <span class='ocrx_word' id='word_1_585' title='bbox 3502 4160 3556 4214; x_wconf 93' lang='lat' dir='ltr'><strong>id</strong></span> <span class='ocrx_word' id='word_1_586' title='bbox 3606 4170 3746 4216; x_wconf 87' lang='lat' dir='ltr'><strong>tem-</strong></span> 
     </span>
    </p>
   </div>
   <div class='ocr_carea' id='block_1_81' title="bbox 1693 4345 2547 4402">
    <p class='ocr_par' dir='ltr' id='par_1_81' title="bbox 1693 4345 2547 4402">
     <span class='ocr_line' id='line_1_82' title="bbox 1693 4345 2547 4402; baseline -0.005 0"><span class='ocrx_word' id='word_1_587' title='bbox 1693 4346 1958 4402; x_wconf 74' lang='lat' dir='ltr'><strong>VALESII</strong></span> <span class='ocrx_word' id='word_1_588' title='bbox 2001 4345 2547 4400; x_wconf 68' lang='lat' dir='ltr'><strong>ANNOTATIONES.</strong></span> 
     </span>
    </p>
   </div>
   <div class='ocr_carea' id='block_1_82' title="bbox 568 4461 2067 4542">
    <p class='ocr_par' dir='ltr' id='par_1_82' title="bbox 568 4461 2067 4542">
     <span class='ocr_line' id='line_1_83' title="bbox 568 4461 2067 4542; baseline -0.009 -17"><span class='ocrx_word' id='word_1_589' title='bbox 568 4472 678 4542; x_wconf 72' lang='lat'><strong>(23)</strong></span> <span class='ocrx_word' id='word_1_590' title='bbox 726 4469 1024 4542; x_wconf 67' lang='grc' dir='ltr'>Παυλῖνος</span> <span class='ocrx_word' id='word_1_591' title='bbox 1057 4485 1090 4521; x_wconf 92' lang='lat' dir='ltr'><strong>o</strong></span> <span class='ocrx_word' id='word_1_592' title='bbox 1129 4464 1235 4542; x_wconf 79' lang='grc' dir='ltr'>τῆς</span> <span class='ocrx_word' id='word_1_593' title='bbox 1276 4463 1900 4542; x_wconf 46' lang='lat' dir='ltr'><strong>Tptﬁépﬁppj’atiliiiiis</strong></span> <span class='ocrx_word' id='word_1_594' title='bbox 1933 4461 2067 4512; x_wconf 80' lang='lat' dir='ltr'><strong>&#39;I&#39;re-</strong></span> 
     </span>
    </p>
   </div>
   <div class='ocr_carea' id='block_1_83' title="bbox 2176 4457 3743 4527">
    <p class='ocr_par' dir='ltr' id='par_1_83' title="bbox 2176 4457 3743 4527">
     <span class='ocr_line' id='line_1_84' title="bbox 2176 4457 3743 4527; baseline -0.003 -14"><span class='ocrx_word' id='word_1_595' title='bbox 2176 4460 2401 4526; x_wconf 90' lang='lat' dir='ltr'><strong>diolani,</strong></span> <span class='ocrx_word' id='word_1_596' title='bbox 2429 4469 2489 4514; x_wconf 91' lang='lat' dir='ltr'><strong>ut</strong></span> <span class='ocrx_word' id='word_1_597' title='bbox 2519 4469 2750 4515; x_wconf 88' lang='lat' dir='ltr'><strong>testatur</strong></span> <span class='ocrx_word' id='word_1_598' title='bbox 2770 4461 3099 4514; x_wconf 80' lang='lat' dir='ltr'><strong>Athanasius</strong></span> <span class='ocrx_word' id='word_1_599' title='bbox 3143 4475 3197 4513; x_wconf 86' lang='lat' dir='ltr'><strong>in</strong></span> <span class='ocrx_word' id='word_1_600' title='bbox 3245 4457 3476 4527; x_wconf 88' lang='lat' dir='ltr'><strong>epistola</strong></span> <span class='ocrx_word' id='word_1_601' title='bbox 3508 4457 3577 4511; x_wconf 89' lang='lat' dir='ltr'><strong>ad</strong></span> <span class='ocrx_word' id='word_1_602' title='bbox 3609 4457 3743 4508; x_wconf 80' lang='lat' dir='ltr'><strong>Soli-</strong></span> 
     </span>
    </p>
   </div>
   <div class='ocr_carea' id='block_1_84' title="bbox 495 4530 2356 4610">
    <p class='ocr_par' dir='ltr' id='par_1_84' title="bbox 495 4530 2356 4610">
     <span class='ocr_line' id='line_1_85' title="bbox 495 4530 2356 4610; baseline -0.008 -14"><span class='ocrx_word' id='word_1_603' title='bbox 495 4530 730 4596; x_wconf 72' lang='lat' dir='ltr'><strong>virensis</strong></span> <span class='ocrx_word' id='word_1_604' title='bbox 755 4530 1048 4610; x_wconf 83' lang='lat' dir='ltr'><strong>episcopus</strong></span> <span class='ocrx_word' id='word_1_605' title='bbox 1073 4530 1194 4610; x_wconf 83' lang='lat' dir='ltr'><strong>non</strong></span> <span class='ocrx_word' id='word_1_606' title='bbox 1213 4530 1467 4610; x_wconf 71' lang='lat' dir='ltr'><strong>interfuit</strong></span> <span class='ocrx_word' id='word_1_607' title='bbox 1515 4531 1910 4610; x_wconf 67' lang='lat' dir='ltr'><strong>Mediolanensi</strong></span> <span class='ocrx_word' id='word_1_608' title='bbox 1929 4546 2063 4610; x_wconf 48' lang='lat' dir='ltr'><strong>conf</strong></span> <span class='ocrx_word' id='word_1_609' title='bbox 2097 4530 2138 4584; x_wconf 93' lang='lat' dir='ltr'>D</span> <span class='ocrx_word' id='word_1_610' title='bbox 2169 4531 2356 4610; x_wconf 55' lang='lat' dir='ltr'><strong>lanios.</strong></span> 
     </span>
    </p>
   </div>
   <div class='ocr_carea' id='block_1_85' title="bbox 495 4600 2064 4675">
    <p class='ocr_par' dir='ltr' id='par_1_85' title="bbox 495 4600 2064 4675">
     <span class='ocr_line' id='line_1_86' title="bbox 495 4600 2064 4675; baseline -0.01 -8"><span class='ocrx_word' id='word_1_611' title='bbox 495 4614 645 4675; x_wconf 88' lang='lat' dir='ltr'><strong>cilio,</strong></span> <span class='ocrx_word' id='word_1_612' title='bbox 675 4610 773 4666; x_wconf 87' lang='lat' dir='ltr'><strong>sed</strong></span> <span class='ocrx_word' id='word_1_613' title='bbox 791 4600 1138 4669; x_wconf 56' lang='lat' dir='ltr'><strong>&#39;Arelatensi,</strong></span> <span class='ocrx_word' id='word_1_614' title='bbox 1183 4606 1330 4675; x_wconf 92' lang='lat' dir='ltr'><strong>quod</strong></span> <span class='ocrx_word' id='word_1_615' title='bbox 1373 4601 1844 4675; x_wconf 12' lang='lat' dir='ltr'><strong>anteirbiennium</strong></span> <span class='ocrx_word' id='word_1_616' title='bbox 1885 4600 2064 4654; x_wconf 80' lang='lat' dir='ltr'><strong>fuerat</strong></span> 
     </span>
    </p>
   </div>
   <div class='ocr_carea' id='block_1_86' title="bbox 495 4672 1965 4754">
    <p class='ocr_par' dir='ltr' id='par_1_86' title="bbox 495 4672 1965 4754">
     <span class='ocr_line' id='line_1_87' title="bbox 495 4672 1965 4754; baseline -0.01 -16"><span class='ocrx_word' id='word_1_617' title='bbox 495 4672 880 4754; x_wconf 70' lang='lat' dir='ltr'><strong>congregatum</strong></span> <span class='ocrx_word' id='word_1_618' title='bbox 907 4693 1054 4754; x_wconf 77' lang='lat' dir='ltr'><strong>anno</strong></span> <span class='ocrx_word' id='word_1_619' title='bbox 1074 4672 1286 4754; x_wconf 53' lang='lat' dir='ltr'><strong>ﬁbristi</strong></span> <span class='ocrx_word' id='word_1_620' title='bbox 1474 4673 1613 4754; x_wconf 70' lang='lat' dir='ltr'><strong>_dee</strong></span> <span class='ocrx_word' id='word_1_621' title='bbox 1652 4672 1965 4754; x_wconf 78' lang='lat' dir='ltr'><strong>Baronium.</strong></span> 
     </span>
    </p>
   </div>
   <div class='ocr_carea' id='block_1_87' title="bbox 568 4742 2059 4822">
    <p class='ocr_par' dir='ltr' id='par_1_87' title="bbox 568 4742 2059 4822">
     <span class='ocr_line' id='line_1_88' title="bbox 568 4742 2059 4822; baseline -0.01 -15"><span class='ocrx_word' id='word_1_622' title='bbox 568 4742 679 4822; x_wconf 54' lang='lat'><strong>(9:4)</strong></span> <span class='ocrx_word' id='word_1_623' title='bbox 695 4742 776 4822; x_wconf 70' lang='grc' dir='ltr'><strong>’Ὅ</strong></span> <span class='ocrx_word' id='word_1_624' title='bbox 801 4751 919 4817; x_wconf 82' lang='grc' dir='ltr'><strong>μὲν</strong></span> <span class='ocrx_word' id='word_1_625' title='bbox 951 4750 1167 4822; x_wconf 72' lang='lat' dir='ltr'><strong>&#39;A._16_ac</strong></span> <span class='ocrx_word' id='word_1_626' title='bbox 1197 4745 1305 4812; x_wconf 78' lang='grc' dir='ltr'>τῆς</span> <span class='ocrx_word' id='word_1_627' title='bbox 1345 4742 2059 4822; x_wconf 47' lang='grc' dir='ltr'>ἰτιιιρν-μῃτροαςόλεως.</span> 
     </span>
    </p>
   </div>
   <div class='ocr_carea' id='block_1_88' title="bbox 494 4811 2061 4891">
    <p class='ocr_par' dir='ltr' id='par_1_88' title="bbox 494 4811 2061 4891">
     <span class='ocr_line' id='line_1_89' title="bbox 494 4811 2061 4891; baseline -0.009 -15"><span class='ocrx_word' id='word_1_628' title='bbox 494 4811 874 4891; x_wconf 64' lang='grc' dir='ltr'><strong>Ιόόηιῖεςίιῖιιν</strong></span> <span class='ocrx_word' id='word_1_629' title='bbox 897 4811 1457 4891; x_wconf 64' lang='lat' dir='ltr'><strong>apud__Soaomenum.</strong></span> <span class='ocrx_word' id='word_1_630' title='bbox 1501 4813 1607 4867; x_wconf 89' lang='lat' dir='ltr'><strong>Sed</strong></span> <span class='ocrx_word' id='word_1_631' title='bbox 1655 4811 1920 4891; x_wconf 75' lang='lat' dir='ltr'><strong>Baronius</strong></span> <span class='ocrx_word' id='word_1_632' title='bbox 1951 4811 2061 4891; x_wconf 75' lang='lat' dir='ltr'><strong>jam</strong></span> 
     </span>
    </p>
   </div>
   <div class='ocr_carea' id='block_1_89' title="bbox 494 4880 2067 4962">
    <p class='ocr_par' dir='ltr' id='par_1_89' title="bbox 494 4880 2067 4962">
     <span class='ocr_line' id='line_1_90' title="bbox 494 4880 2067 4962; baseline -0.009 -16"><span class='ocrx_word' id='word_1_633' title='bbox 494 4893 704 4962; x_wconf 88' lang='lat' dir='ltr'><strong>pridem</strong></span> <span class='ocrx_word' id='word_1_634' title='bbox 728 4880 972 4962; x_wconf 74' lang='grc' dir='ltr'>ἶιιοιιιιίἱ,</span> <span class='ocrx_word' id='word_1_635' title='bbox 992 4888 1188 4962; x_wconf 75' lang='lat' dir='ltr'><strong>Albam</strong></span> <span class='ocrx_word' id='word_1_636' title='bbox 1217 4886 1307 4940; x_wconf 89' lang='lat' dir='ltr'><strong>hic</strong></span> <span class='ocrx_word' id='word_1_637' title='bbox 1339 4884 1829 4962; x_wconf 63' lang='lat' dir='ltr'><strong>positamessepro</strong></span> <span class='ocrx_word' id='word_1_638' title='bbox 1864 4880 2067 4962; x_wconf 59' lang='lat' dir='ltr'><strong>Medio-</strong></span> 
     </span>
    </p>
   </div>
   <div class='ocr_carea' id='block_1_90' title="bbox 495 4951 2064 5036">
    <p class='ocr_par' dir='ltr' id='par_1_90' title="bbox 495 4951 2064 5036">
     <span class='ocr_line' id='line_1_91' title="bbox 495 4951 2064 5036; baseline -0.008 -19"><span class='ocrx_word' id='word_1_639' title='bbox 495 4951 638 5036; x_wconf 81' lang='lat' dir='ltr'><strong>lano.</strong></span> <span class='ocrx_word' id='word_1_640' title='bbox 667 4962 787 5016; x_wconf 84' lang='lat' dir='ltr'><strong>Non</strong></span> <span class='ocrx_word' id='word_1_641' title='bbox 806 4951 1112 5036; x_wconf 61' lang='lat' dir='ltr'><strong>enimAlba</strong></span> <span class='ocrx_word' id='word_1_642' title='bbox 1139 4951 1464 5036; x_wconf 72' lang='lat' dir='ltr'><strong>metropolis</strong></span> <span class='ocrx_word' id='word_1_643' title='bbox 1489 4951 1592 5036; x_wconf 69' lang='lat' dir='ltr'><strong>fuit</strong></span> <span class='ocrx_word' id='word_1_644' title='bbox 1621 4951 1810 5036; x_wconf 77' lang='lat' dir='ltr'><strong>Italia,</strong></span> <span class='ocrx_word' id='word_1_645' title='bbox 1823 4951 2064 5036; x_wconf 39' lang='lat' dir='ltr'><strong>sed‘Me-</strong></span> 
     </span>
    </p>
   </div>
   <div class='ocr_carea' id='block_1_91' title="bbox 494 5021 2064 5098">
    <p class='ocr_par' dir='ltr' id='par_1_91' title="bbox 494 5021 2064 5098">
     <span class='ocr_line' id='line_1_92' title="bbox 494 5021 2064 5098; baseline -0.008 -10"><span class='ocrx_word' id='word_1_646' title='bbox 494 5035 794 5088; x_wconf 89' lang='lat' dir='ltr'><strong>diolanum.</strong></span> <span class='ocrx_word' id='word_1_647' title='bbox 837 5031 907 5086; x_wconf 85' lang='lat' dir='ltr'><strong>Et</strong></span> <span class='ocrx_word' id='word_1_648' title='bbox 934 5028 1226 5098; x_wconf 81' lang='lat' dir='ltr'><strong>Dionysius</strong></span> <span class='ocrx_word' id='word_1_649' title='bbox 1249 5021 1344 5094; x_wconf 84' lang='lat' dir='ltr'><strong>qui</strong></span> <span class='ocrx_word' id='word_1_650' title='bbox 1374 5035 1506 5080; x_wconf 84' lang='lat' dir='ltr'><strong>tunc</strong></span> <span class='ocrx_word' id='word_1_651' title='bbox 1544 5021 1872 5098; x_wconf 85' lang='lat' dir='ltr'><strong>_Constantio</strong></span> <span class='ocrx_word' id='word_1_652' title='bbox 1896 5029 2064 5098; x_wconf 65' lang='lat' dir='ltr'><strong>atque</strong></span> 
     </span>
    </p>
   </div>
   <div class='ocr_carea' id='block_1_92' title="bbox 493 5091 2067 5166">
    <p class='ocr_par' dir='ltr' id='par_1_92' title="bbox 493 5091 2067 5166">
     <span class='ocr_line' id='line_1_93' title="bbox 493 5091 2067 5166; baseline -0.009 -8"><span class='ocrx_word' id='word_1_653' title='bbox 493 5103 714 5158; x_wconf 85' lang='lat' dir='ltr'><strong>Arianis</strong></span> <span class='ocrx_word' id='word_1_654' title='bbox 747 5101 969 5166; x_wconf 86' lang='lat' dir='ltr'><strong>restitit,</strong></span> <span class='ocrx_word' id='word_1_655' title='bbox 1003 5091 1116 5153; x_wconf 71' lang='lat' dir='ltr'><strong>non</strong></span> <span class='ocrx_word' id='word_1_656' title='bbox 1144 5091 1296 5153; x_wconf 78' lang='lat' dir='ltr'><strong>Alba</strong></span> <span class='ocrx_word' id='word_1_657' title='bbox 1324 5105 1445 5150; x_wconf 83' lang='lat' dir='ltr'><strong>erat</strong></span> <span class='ocrx_word' id='word_1_658' title='bbox 1470 5093 1779 5164; x_wconf 89' lang='lat' dir='ltr'><strong>episcopus,</strong></span> <span class='ocrx_word' id='word_1_659' title='bbox 1817 5091 1909 5145; x_wconf 88' lang='lat' dir='ltr'><strong>sed</strong></span> <span class='ocrx_word' id='word_1_660' title='bbox 1957 5092 2067 5146; x_wconf 82' lang='lat' dir='ltr'><strong>Me-</strong></span> 
     </span>
    </p>
   </div>
   <div class='ocr_carea' id='block_1_93' title="bbox 2241 4597 3741 4671">
    <p class='ocr_par' dir='ltr' id='par_1_93' title="bbox 2241 4597 3741 4671">
     <span class='ocr_line' id='line_1_94' title="bbox 2241 4597 3741 4671; baseline -0.003 -17"><span class='ocrx_word' id='word_1_661' title='bbox 2241 4600 2352 4671; x_wconf 69' lang='lat'><strong>(25)</strong></span> <span class='ocrx_word' id='word_1_662' title='bbox 2392 4600 2749 4671; x_wconf 64' lang='lat' dir='ltr'><strong>‘Anartﬁo&#39;qc</strong></span> <span class='ocrx_word' id='word_1_663' title='bbox 2776 4599 3123 4671; x_wconf 67' lang='grc' dir='ltr'>ἐκέλευσεν.</span> <span class='ocrx_word' id='word_1_664' title='bbox 3155 4601 3283 4671; x_wconf 80' lang='lat' dir='ltr'><strong>Post</strong></span> <span class='ocrx_word' id='word_1_665' title='bbox 3329 4597 3445 4650; x_wconf 84' lang='lat' dir='ltr'><strong>hac</strong></span> <span class='ocrx_word' id='word_1_666' title='bbox 3477 4597 3645 4671; x_wconf 79' lang='lat' dir='ltr'><strong>verba</strong></span> <span class='ocrx_word' id='word_1_667' title='bbox 3689 4598 3741 4650; x_wconf 92' lang='lat' dir='ltr'><strong>in</strong></span> 
     </span>
    </p>
   </div>
   <div class='ocr_carea' id='block_1_94' title="bbox 2169 4667 3738 4738">
    <p class='ocr_par' dir='ltr' id='par_1_94' title="bbox 2169 4667 3738 4738">
     <span class='ocr_line' id='line_1_95' title="bbox 2169 4667 3738 4738; baseline -0.003 -13"><span class='ocrx_word' id='word_1_668' title='bbox 2169 4667 2414 4726; x_wconf 85' lang='lat' dir='ltr'><strong>editione</strong></span> <span class='ocrx_word' id='word_1_669' title='bbox 2438 4671 2661 4725; x_wconf 80' lang='lat' dir='ltr'><strong>Roberti</strong></span> <span class='ocrx_word' id='word_1_670' title='bbox 2689 4669 2948 4738; x_wconf 87' lang='lat' dir='ltr'><strong>Stephani</strong></span> <span class='ocrx_word' id='word_1_671' title='bbox 2974 4669 3186 4738; x_wconf 87' lang='lat' dir='ltr'><strong>integra</strong></span> <span class='ocrx_word' id='word_1_672' title='bbox 3215 4668 3358 4721; x_wconf 86' lang='lat' dir='ltr'><strong>linea</strong></span> <span class='ocrx_word' id='word_1_673' title='bbox 3383 4676 3500 4738; x_wconf 81' lang='lat' dir='ltr'><strong>erat</strong></span> <span class='ocrx_word' id='word_1_674' title='bbox 3515 4667 3738 4738; x_wconf 89' lang='lat' dir='ltr'><strong>omissa,</strong></span> 
     </span>
    </p>
   </div>
   <div class='ocr_carea' id='block_1_95' title="bbox 2170 4736 3744 4811">
    <p class='ocr_par' dir='ltr' id='par_1_95' title="bbox 2170 4736 3744 4811">
     <span class='ocr_line' id='line_1_96' title="bbox 2170 4736 3744 4811; baseline -0.003 -16"><span class='ocrx_word' id='word_1_675' title='bbox 2170 4756 2332 4810; x_wconf 92' lang='lat' dir='ltr'><strong>quam</strong></span> <span class='ocrx_word' id='word_1_676' title='bbox 2362 4757 2427 4795; x_wconf 82' lang='lat' dir='ltr'><strong>ex</strong></span> <span class='ocrx_word' id='word_1_677' title='bbox 2459 4741 2680 4811; x_wconf 90' lang='lat' dir='ltr'><strong>optimis</strong></span> <span class='ocrx_word' id='word_1_678' title='bbox 2705 4736 2990 4795; x_wconf 85' lang='lat' dir='ltr'><strong>codicibus</strong></span> <span class='ocrx_word' id='word_1_679' title='bbox 3031 4736 3351 4794; x_wconf 77' lang='lat' dir='ltr'><strong>Florentino</strong></span> <span class='ocrx_word' id='word_1_680' title='bbox 3379 4752 3442 4791; x_wconf 93' lang='lat' dir='ltr'><strong>ac</strong></span> <span class='ocrx_word' id='word_1_681' title='bbox 3466 4736 3744 4792; x_wconf 76' lang='lat' dir='ltr'><strong>Siortiano</strong></span> 
     </span>
    </p>
   </div>
   <div class='ocr_carea' id='block_1_96' title="bbox 2171 4813 2410 4866">
    <p class='ocr_par' dir='ltr' id='par_1_96' title="bbox 2171 4813 2410 4866">
     <span class='ocr_line' id='line_1_97' title="bbox 2171 4813 2410 4866; baseline 0 -2"><span class='ocrx_word' id='word_1_682' title='bbox 2171 4813 2410 4866; x_wconf 88' lang='lat' dir='ltr'><strong>restitui.</strong></span> 
     </span>
    </p>
   </div>
   <div class='ocr_carea' id='block_1_97' title="bbox 2243 4875 3742 4950">
    <p class='ocr_par' dir='ltr' id='par_1_97' title="bbox 2243 4875 3742 4950">
     <span class='ocr_line' id='line_1_98' title="bbox 2243 4875 3742 4950; baseline -0.003 -15"><span class='ocrx_word' id='word_1_683' title='bbox 2243 4882 2354 4950; x_wconf 69' lang='lat'><strong>(26)</strong></span> <span class='ocrx_word' id='word_1_684' title='bbox 2379 4881 2662 4935; x_wconf 83' lang='grc' dir='ltr'>Λεοντίου</span> <span class='ocrx_word' id='word_1_685' title='bbox 2690 4880 3180 4944; x_wconf 67' lang='grc' dir='ltr'>τελευτήσαντος.</span> <span class='ocrx_word' id='word_1_686' title='bbox 3213 4877 3356 4950; x_wconf 62' lang='lat' dir='ltr'><strong>Mors</strong></span> <span class='ocrx_word' id='word_1_687' title='bbox 3384 4875 3742 4950; x_wconf 64' lang='lat' dir='ltr'><strong>Leon_tii_An-</strong></span> 
     </span>
    </p>
   </div>
   <div class='ocr_carea' id='block_1_98' title="bbox 2169 4945 3742 5019">
    <p class='ocr_par' dir='ltr' id='par_1_98' title="bbox 2169 4945 3742 5019">
     <span class='ocr_line' id='line_1_99' title="bbox 2169 4945 3742 5019; baseline -0.004 -13"><span class='ocrx_word' id='word_1_688' title='bbox 2169 4945 2469 5006; x_wconf 83' lang='lat' dir='ltr'><strong>tiochensis</strong></span> <span class='ocrx_word' id='word_1_689' title='bbox 2515 4950 2754 5019; x_wconf 88' lang='lat' dir='ltr'><strong>episc0pi</strong></span> <span class='ocrx_word' id='word_1_690' title='bbox 2797 4951 2996 5011; x_wconf 84' lang='lat' dir='ltr'><strong>accidit</strong></span> <span class='ocrx_word' id='word_1_691' title='bbox 3038 4965 3182 5004; x_wconf 90' lang='lat' dir='ltr'><strong>anno</strong></span> <span class='ocrx_word' id='word_1_692' title='bbox 3215 4945 3418 5019; x_wconf 77' lang='lat' dir='ltr'><strong>Christi</strong></span> <span class='ocrx_word' id='word_1_693' title='bbox 3443 4947 3566 5011; x_wconf 76' lang='lat'><strong>556,</strong></span> <span class='ocrx_word' id='word_1_694' title='bbox 3595 4947 3742 5019; x_wconf 75' lang='lat' dir='ltr'><strong>Gon-</strong></span> 
     </span>
    </p>
   </div>
   <div class='ocr_carea' id='block_1_99' title="bbox 2169 5016 3744 5087">
    <p class='ocr_par' dir='ltr' id='par_1_99' title="bbox 2169 5016 3744 5087">
     <span class='ocr_line' id='line_1_100' title="bbox 2169 5016 3744 5087; baseline -0.002 -12"><span class='ocrx_word' id='word_1_695' title='bbox 2169 5023 2371 5076; x_wconf 89' lang='lat' dir='ltr'><strong>stantio</strong></span> <span class='ocrx_word' id='word_1_696' title='bbox 2407 5016 2592 5075; x_wconf 79' lang='lat' dir='ltr'><strong>Roma</strong></span> <span class='ocrx_word' id='word_1_697' title='bbox 2619 5016 2731 5074; x_wconf 87' lang='lat' dir='ltr'><strong>tum</strong></span> <span class='ocrx_word' id='word_1_698' title='bbox 2774 5019 3025 5087; x_wconf 85' lang='lat' dir='ltr'><strong>degente,</strong></span> <span class='ocrx_word' id='word_1_699' title='bbox 3064 5028 3124 5072; x_wconf 91' lang='lat' dir='ltr'><strong>ut</strong></span> <span class='ocrx_word' id='word_1_700' title='bbox 3152 5028 3300 5073; x_wconf 87' lang='lat' dir='ltr'><strong>recte</strong></span> <span class='ocrx_word' id='word_1_701' title='bbox 3341 5016 3596 5072; x_wconf 85' lang='lat' dir='ltr'><strong>observat</strong></span> <span class='ocrx_word' id='word_1_702' title='bbox 3639 5018 3744 5072; x_wconf 91' lang='lat' dir='ltr'><strong>Ba-</strong></span> 
     </span>
    </p>
   </div>
   <div class='ocr_carea' id='block_1_100' title="bbox 2169 5103 2428 5146">
    <p class='ocr_par' dir='ltr' id='par_1_100' title="bbox 2169 5103 2428 5146">
     <span class='ocr_line' id='line_1_101' title="bbox 2169 5103 2428 5146; baseline -0.004 -1"><span class='ocrx_word' id='word_1_703' title='bbox 2169 5108 2360 5146; x_wconf 90' lang='lat' dir='ltr'><strong>romus</strong></span> <span class='ocrx_word' id='word_1_704' title='bbox 2380 5103 2428 5144; x_wconf 69' lang='grc'><strong>(1.</strong></span> 
     </span>
    </p>
   </div>
   <div class='ocr_carea' id='block_1_101' title="bbox 1936 5248 2319 5304">
    <p class='ocr_par' dir='ltr' id='par_1_101' title="bbox 1936 5248 2319 5304">
     <span class='ocr_line' id='line_1_102' title="bbox 1936 5248 2319 5304; baseline -0.01 0"><span class='ocrx_word' id='word_1_705' title='bbox 1936 5248 2319 5304; x_wconf 66' lang='lat' dir='ltr'><strong>VARIORI’M.</strong></span> 
     </span>
    </p>
   </div>
   <div class='ocr_carea' id='block_1_102' title="bbox 491 5363 2063 5442">
    <p class='ocr_par' dir='ltr' id='par_1_102' title="bbox 491 5363 2063 5442">
     <span class='ocr_line' id='line_1_103' title="bbox 491 5363 2063 5442; baseline -0.008 -15"><span class='ocrx_word' id='word_1_706' title='bbox 491 5372 574 5427; x_wconf 86' lang='lat' dir='ltr'><strong>eis</strong></span> <span class='ocrx_word' id='word_1_707' title='bbox 599 5370 931 5442; x_wconf 69' lang='lat' dir='ltr'><strong>praesulibus</strong></span> <span class='ocrx_word' id='word_1_708' title='bbox 960 5368 1053 5442; x_wconf 78' lang='lat' dir='ltr'><strong>vis</strong></span> <span class='ocrx_word' id='word_1_709' title='bbox 1073 5368 1242 5442; x_wconf 82' lang='lat' dir='ltr'><strong>illata,</strong></span> <span class='ocrx_word' id='word_1_710' title='bbox 1293 5366 1493 5442; x_wconf 70' lang='lat' dir='ltr'><strong>oblata</strong></span> <span class='ocrx_word' id='word_1_711' title='bbox 1527 5364 1703 5418; x_wconf 76' lang='lat' dir='ltr'><strong>exsilii</strong></span> <span class='ocrx_word' id='word_1_712' title='bbox 1762 5363 2063 5442; x_wconf 84' lang='lat' dir='ltr'><strong>capitisque</strong></span> 
     </span>
    </p>
   </div>
   <div class='ocr_carea' id='block_1_103' title="bbox 493 5435 2060 5510">
    <p class='ocr_par' dir='ltr' id='par_1_103' title="bbox 493 5435 2060 5510">
     <span class='ocr_line' id='line_1_104' title="bbox 493 5435 2060 5510; baseline -0.007 -15"><span class='ocrx_word' id='word_1_713' title='bbox 493 5435 760 5510; x_wconf 80' lang='lat' dir='ltr'><strong>pericula,</strong></span> <span class='ocrx_word' id='word_1_714' title='bbox 811 5440 919 5495; x_wconf 86' lang='lat' dir='ltr'><strong>nisi</strong></span> <span class='ocrx_word' id='word_1_715' title='bbox 967 5438 1324 5494; x_wconf 84' lang='lat' dir='ltr'><strong>Athanasium</strong></span> <span class='ocrx_word' id='word_1_716' title='bbox 1394 5435 1624 5489; x_wconf 84' lang='lat' dir='ltr'><strong>ferirent</strong></span> <span class='ocrx_word' id='word_1_717' title='bbox 1695 5435 2060 5510; x_wconf 80' lang='lat' dir='ltr'><strong>anathemate.</strong></span> 
     </span>
    </p>
   </div>
   <div class='ocr_carea' id='block_1_104' title="bbox 494 5503 2065 5580">
    <p class='ocr_par' dir='ltr' id='par_1_104' title="bbox 494 5503 2065 5580">
     <span class='ocr_line' id='line_1_105' title="bbox 494 5503 2065 5580; baseline -0.007 -15"><span class='ocrx_word' id='word_1_718' title='bbox 494 5503 861 5567; x_wconf 73' lang='lat' dir='ltr'><strong>Mediolanum</strong></span> <span class='ocrx_word' id='word_1_719' title='bbox 921 5510 1108 5579; x_wconf 85' lang='lat' dir='ltr'><strong>igitur.</strong></span> <span class='ocrx_word' id='word_1_720' title='bbox 1170 5517 1231 5580; x_wconf 87' lang='lat' dir='ltr'><strong>ut</strong></span> <span class='ocrx_word' id='word_1_721' title='bbox 1285 5512 1550 5580; x_wconf 45' lang='lat' dir='ltr'><strong>statutum</strong></span> <span class='ocrx_word' id='word_1_722' title='bbox 1621 5518 1765 5580; x_wconf 79' lang='lat' dir='ltr'><strong>anno</strong></span> <span class='ocrx_word' id='word_1_723' title='bbox 1785 5503 2065 5580; x_wconf 36' lang='lat' dir='ltr'><strong>’prox‘imo</strong></span> 
     </span>
    </p>
   </div>
   <div class='ocr_carea' id='block_1_105' title="bbox 493 5571 2064 5648">
    <p class='ocr_par' dir='ltr' id='par_1_105' title="bbox 493 5571 2064 5648">
     <span class='ocr_line' id='line_1_106' title="bbox 493 5571 2064 5648; baseline -0.006 -13"><span class='ocrx_word' id='word_1_724' title='bbox 493 5583 692 5644; x_wconf 81' lang='lat' dir='ltr'><strong>fuerat,</strong></span> <span class='ocrx_word' id='word_1_725' title='bbox 709 5571 1084 5637; x_wconf 48' lang='lat' dir='ltr'><strong>convenerunt</strong></span> <span class='ocrx_word' id='word_1_726' title='bbox 1097 5571 1363 5648; x_wconf 82' lang='lat' dir='ltr'><strong>episcopi.</strong></span> <span class='ocrx_word' id='word_1_727' title='bbox 1390 5573 1490 5645; x_wconf 88' lang='lat' dir='ltr'><strong>(Cl.</strong></span> <span class='ocrx_word' id='word_1_728' title='bbox 1510 5574 1761 5648; x_wconf 68' lang='lat' dir='ltr'><strong>monachi</strong></span> <span class='ocrx_word' id='word_1_729' title='bbox 1777 5571 2064 5648; x_wconf 83' lang='lat' dir='ltr'><strong>_Bcnedi_ct.</strong></span> 
     </span>
    </p>
   </div>
   <div class='ocr_carea' id='block_1_106' title="bbox 497 5643 2064 5718">
    <p class='ocr_par' dir='ltr' id='par_1_106' title="bbox 497 5643 2064 5718">
     <span class='ocr_line' id='line_1_107' title="bbox 497 5643 2064 5718; baseline -0.006 -13"><span class='ocrx_word' id='word_1_730' title='bbox 497 5652 611 5706; x_wconf 85' lang='lat' dir='ltr'><strong>Vita</strong></span> <span class='ocrx_word' id='word_1_731' title='bbox 636 5643 962 5718; x_wconf 73' lang='lat' dir='ltr'><strong>Athanasii.)</strong></span> <span class='ocrx_word' id='word_1_732' title='bbox 1019 5643 1155 5704; x_wconf 57' lang='lat' dir='ltr'><strong>Hac&#39;</strong></span> <span class='ocrx_word' id='word_1_733' title='bbox 1189 5643 1351 5703; x_wconf 79' lang='lat' dir='ltr'><strong>tertia</strong></span> <span class='ocrx_word' id='word_1_734' title='bbox 1401 5643 1644 5717; x_wconf 68' lang='lat' dir='ltr'><strong>Synodus</strong></span> <span class='ocrx_word' id='word_1_735' title='bbox 1683 5643 1885 5698; x_wconf 91' lang='lat' dir='ltr'><strong>ibidem</strong></span> <span class='ocrx_word' id='word_1_736' title='bbox 1920 5643 2064 5696; x_wconf 87' lang='lat' dir='ltr'><strong>cele-</strong></span> 
     </span>
    </p>
   </div>
   <div class='ocr_carea' id='block_1_107' title="bbox 493 5720 1442 5790">
    <p class='ocr_par' dir='ltr' id='par_1_107' title="bbox 493 5720 1442 5790">
     <span class='ocr_line' id='line_1_108' title="bbox 493 5720 1442 5790; baseline -0.008 -13"><span class='ocrx_word' id='word_1_737' title='bbox 493 5722 648 5776; x_wconf 85' lang='lat' dir='ltr'><strong>brata</strong></span> <span class='ocrx_word' id='word_1_738' title='bbox 686 5723 758 5777; x_wconf 86' lang='lat' dir='ltr'><strong>ab</strong></span> <span class='ocrx_word' id='word_1_739' title='bbox 779 5722 907 5776; x_wconf 86' lang='lat' dir='ltr'><strong>Ant.</strong></span> <span class='ocrx_word' id='word_1_740' title='bbox 938 5720 1064 5790; x_wconf 84' lang='lat' dir='ltr'><strong>Pagi</strong></span> <span class='ocrx_word' id='word_1_741' title='bbox 1086 5725 1442 5790; x_wconf 53' lang='lat' dir='ltr'><strong>memoratur.</strong></span> 
     </span>
    </p>
   </div>
   <div class='ocr_carea' id='block_1_108' title="bbox 566 5782 2069 5856">
    <p class='ocr_par' dir='ltr' id='par_1_108' title="bbox 566 5782 2069 5856">
     <span class='ocr_line' id='line_1_109' title="bbox 566 5782 2069 5856; baseline -0.005 -14"><span class='ocrx_word' id='word_1_742' title='bbox 566 5803 595 5842; x_wconf 75' lang='grc' dir='ltr'>ι»</span> <span class='ocrx_word' id='word_1_743' title='bbox 638 5794 740 5846; x_wconf 77' lang='grc' dir='ltr'>Ἐν</span> <span class='ocrx_word' id='word_1_744' title='bbox 782 5782 1121 5856; x_wconf 72' lang='grc' dir='ltr'>Σελευκέίᾳ.</span> <span class='ocrx_word' id='word_1_745' title='bbox 1174 5788 1333 5843; x_wconf 90' lang='lat' dir='ltr'><strong>Anno</strong></span> <span class='ocrx_word' id='word_1_746' title='bbox 1378 5786 1502 5847; x_wconf 83' lang='lat'><strong>559,</strong></span> <span class='ocrx_word' id='word_1_747' title='bbox 1554 5799 1693 5856; x_wconf 8' lang='lat' dir='ltr'><strong>cum?</strong></span> <span class='ocrx_word' id='word_1_748' title='bbox 1716 5782 2069 5856; x_wconf 73' lang='lat' dir='ltr'><strong>Constantius</strong></span> 
     </span>
    </p>
   </div>
   <div class='ocr_carea' id='block_1_109' title="bbox 495 5853 2067 5930">
    <p class='ocr_par' dir='ltr' id='par_1_109' title="bbox 495 5853 2067 5930">
     <span class='ocr_line' id='line_1_110' title="bbox 495 5853 2067 5930; baseline -0.01 -10"><span class='ocrx_word' id='word_1_749' title='bbox 495 5863 891 5920; x_wconf 72' lang='lat' dir='ltr'><strong>acumenicam</strong></span> <span class='ocrx_word' id='word_1_750' title='bbox 943 5853 1559 5930; x_wconf 64' lang='lat' dir='ltr'><strong>synodumindisisset,</strong></span> <span class='ocrx_word' id='word_1_751' title='bbox 1615 5855 1914 5930; x_wconf 85' lang='lat' dir='ltr'><strong>oriental_es</strong></span> <span class='ocrx_word' id='word_1_752' title='bbox 1968 5853 2067 5930; x_wconf 77' lang='lat' dir='ltr'><strong>Se-</strong></span> 
     </span>
    </p>
   </div>
   <div class='ocr_carea' id='block_1_110' title="bbox 495 5924 2067 6002">
    <p class='ocr_par' dir='ltr' id='par_1_110' title="bbox 495 5924 2067 6002">
     <span class='ocr_line' id='line_1_111' title="bbox 495 5924 2067 6002; baseline -0.008 -12"><span class='ocrx_word' id='word_1_753' title='bbox 495 5936 708 6002; x_wconf 83' lang='lat' dir='ltr'><strong>leucia,</strong></span> <span class='ocrx_word' id='word_1_754' title='bbox 741 5924 1110 5990; x_wconf 75' lang='lat' dir='ltr'><strong>occidentales</strong></span> <span class='ocrx_word' id='word_1_755' title='bbox 1150 5927 1383 5985; x_wconf 87' lang='lat' dir='ltr'><strong>Arimini</strong></span> <span class='ocrx_word' id='word_1_756' title='bbox 1408 5935 1803 5982; x_wconf 88' lang='lat' dir='ltr'><strong>convenerunt.</strong></span> <span class='ocrx_word' id='word_1_757' title='bbox 1832 5924 1899 5978; x_wconf 88' lang='lat' dir='ltr'><strong>Et</strong></span> <span class='ocrx_word' id='word_1_758' title='bbox 1944 5924 2067 5993; x_wconf 88' lang='lat' dir='ltr'><strong>qui-</strong></span> 
     </span>
    </p>
   </div>
   <div class='ocr_carea' id='block_1_111' title="bbox 2170 5355 3744 5427">
    <p class='ocr_par' dir='ltr' id='par_1_111' title="bbox 2170 5355 3744 5427">
     <span class='ocr_line' id='line_1_112' title="bbox 2170 5355 3744 5427; baseline -0.004 -14"><span class='ocrx_word' id='word_1_759' title='bbox 2170 5360 2295 5414; x_wconf 88' lang='lat' dir='ltr'><strong>dem</strong></span> <span class='ocrx_word' id='word_1_760' title='bbox 2352 5355 2726 5413; x_wconf 88' lang='lat' dir='ltr'><strong>Ariminenses</strong></span> <span class='ocrx_word' id='word_1_761' title='bbox 2765 5357 3006 5427; x_wconf 85' lang='lat' dir='ltr'><strong>episcopi</strong></span> <span class='ocrx_word' id='word_1_762' title='bbox 3053 5373 3284 5411; x_wconf 84' lang='lat' dir='ltr'><strong>nuniero</strong></span> <span class='ocrx_word' id='word_1_763' title='bbox 3344 5355 3564 5409; x_wconf 86' lang='lat' dir='ltr'><strong>circiter</strong></span> <span class='ocrx_word' id='word_1_764' title='bbox 3608 5369 3744 5427; x_wconf 82' lang='lat' dir='ltr'><strong>qua-</strong></span> 
     </span>
    </p>
   </div>
   <div class='ocr_carea' id='block_1_112' title="bbox 2171 5425 3742 5498">
    <p class='ocr_par' dir='ltr' id='par_1_112' title="bbox 2171 5425 3742 5498">
     <span class='ocr_line' id='line_1_113' title="bbox 2171 5425 3742 5498; baseline -0.004 -16"><span class='ocrx_word' id='word_1_765' title='bbox 2171 5429 2446 5498; x_wconf 76' lang='lat' dir='ltr'><strong>dringenti</strong></span> <span class='ocrx_word' id='word_1_766' title='bbox 2477 5447 2491 5492; x_wconf 88' lang='lat'><strong>;</strong></span> <span class='ocrx_word' id='word_1_767' title='bbox 2535 5425 2917 5483; x_wconf 84' lang='lat' dir='ltr'><strong>Seleucienses</strong></span> <span class='ocrx_word' id='word_1_768' title='bbox 2956 5425 3096 5481; x_wconf 13' lang='lat' dir='ltr'><strong>ivero</strong></span> <span class='ocrx_word' id='word_1_769' title='bbox 3125 5435 3346 5482; x_wconf 87' lang='lat' dir='ltr'><strong>centum</strong></span> <span class='ocrx_word' id='word_1_770' title='bbox 3380 5434 3434 5479; x_wconf 87' lang='lat' dir='ltr'><strong>et</strong></span> <span class='ocrx_word' id='word_1_771' title='bbox 3463 5425 3742 5493; x_wconf 77' lang='lat' dir='ltr'><strong>sexaginta</strong></span> 
     </span>
    </p>
   </div>
   <div class='ocr_carea' id='block_1_113' title="bbox 2175 5507 2724 5554">
    <p class='ocr_par' dir='ltr' id='par_1_113' title="bbox 2175 5507 2724 5554">
     <span class='ocr_line' id='line_1_114' title="bbox 2175 5507 2724 5554; baseline 0 -2"><span class='ocrx_word' id='word_1_772' title='bbox 2175 5508 2383 5554; x_wconf 89' lang='lat' dir='ltr'><strong>tantum</strong></span> <span class='ocrx_word' id='word_1_773' title='bbox 2413 5507 2724 5554; x_wconf 88' lang='lat' dir='ltr'><strong>censentur.</strong></span> 
     </span>
    </p>
   </div>
   <div class='ocr_carea' id='block_1_114' title="bbox 2246 5562 3744 5636">
    <p class='ocr_par' dir='ltr' id='par_1_114' title="bbox 2246 5562 3744 5636">
     <span class='ocr_line' id='line_1_115' title="bbox 2246 5562 3744 5636; baseline -0.003 -17"><span class='ocrx_word' id='word_1_774' title='bbox 2246 5580 2274 5619; x_wconf 75' lang='grc' dir='ltr'><strong>ιι</strong></span> <span class='ocrx_word' id='word_1_775' title='bbox 2303 5570 2506 5624; x_wconf 78' lang='lat' dir='ltr'><strong>Verum</strong></span> <span class='ocrx_word' id='word_1_776' title='bbox 2533 5568 2862 5623; x_wconf 88' lang='lat' dir='ltr'><strong>Athanasius</strong></span> <span class='ocrx_word' id='word_1_777' title='bbox 2902 5567 2956 5621; x_wconf 91' lang='lat' dir='ltr'><strong>in</strong></span> <span class='ocrx_word' id='word_1_778' title='bbox 2990 5564 3218 5636; x_wconf 86' lang='lat' dir='ltr'><strong>epistola</strong></span> <span class='ocrx_word' id='word_1_779' title='bbox 3253 5564 3318 5618; x_wconf 88' lang='lat' dir='ltr'><strong>ad</strong></span> <span class='ocrx_word' id='word_1_780' title='bbox 3346 5563 3652 5636; x_wconf 77' lang='lat' dir='ltr'><strong>Solitarios,</strong></span> <span class='ocrx_word' id='word_1_781' title='bbox 3690 5562 3744 5614; x_wconf 93' lang='lat' dir='ltr'><strong>in</strong></span> 
     </span>
    </p>
   </div>
   <div class='ocr_carea' id='block_1_115' title="bbox 2175 5632 3743 5709">
    <p class='ocr_par' dir='ltr' id='par_1_115' title="bbox 2175 5632 3743 5709">
     <span class='ocr_line' id='line_1_116' title="bbox 2175 5632 3743 5709; baseline -0.006 -15"><span class='ocrx_word' id='word_1_782' title='bbox 2175 5656 2280 5709; x_wconf 87' lang='lat' dir='ltr'><strong>qua</strong></span> <span class='ocrx_word' id='word_1_783' title='bbox 2313 5640 2380 5693; x_wconf 90' lang='lat' dir='ltr'><strong>de</strong></span> <span class='ocrx_word' id='word_1_784' title='bbox 2412 5641 2563 5709; x_wconf 89' lang='lat' dir='ltr'><strong>lapsu</strong></span> <span class='ocrx_word' id='word_1_785' title='bbox 2592 5639 2796 5693; x_wconf 89' lang='lat' dir='ltr'><strong>Liberii</strong></span> <span class='ocrx_word' id='word_1_786' title='bbox 2839 5632 3145 5709; x_wconf 79' lang='lat' dir='ltr'><strong>sermonem</strong></span> <span class='ocrx_word' id='word_1_787' title='bbox 3190 5636 3374 5696; x_wconf 87' lang='lat' dir='ltr'><strong>habet,</strong></span> <span class='ocrx_word' id='word_1_788' title='bbox 3426 5633 3504 5709; x_wconf 81' lang='lat' dir='ltr'><strong>ait</strong></span> <span class='ocrx_word' id='word_1_789' title='bbox 3532 5651 3543 5685; x_wconf 92' lang='lat'><strong>:</strong></span> <span class='ocrx_word' id='word_1_790' title='bbox 3574 5632 3743 5684; x_wconf 81' lang='lat' dir='ltr'><strong>Leon-</strong></span> 
     </span>
    </p>
   </div>
   <div class='ocr_carea' id='block_1_116' title="bbox 2175 5707 3746 5794">
    <p class='ocr_par' dir='ltr' id='par_1_116' title="bbox 2175 5707 3746 5794">
     <span class='ocr_line' id='line_1_117' title="bbox 2175 5707 3746 5794; baseline -0.008 -30"><span class='ocrx_word' id='word_1_791' title='bbox 2175 5707 2276 5764; x_wconf 74' lang='lat' dir='ltr'><strong>tius</strong></span> <span class='ocrx_word' id='word_1_792' title='bbox 2318 5709 2416 5794; x_wconf 53' lang='lat' dir='ltr'><strong>ille</strong></span> <span class='ocrx_word' id='word_1_793' title='bbox 2454 5707 2878 5794; x_wconf 35' lang='lat' dir='ltr'><strong>castratum-.3?</strong></span> <span class='ocrx_word' id='word_1_794' title='bbox 2903 5707 3186 5794; x_wconf 55' lang='lat' dir='ltr'><strong>Antiochia</strong></span> <span class='ocrx_word' id='word_1_795' title='bbox 3218 5707 3746 5794; x_wconf 41' lang='lat' dir='ltr'><strong>nunc‘episcopa‘tum</strong></span> 
     </span>
    </p>
   </div>
   <div class='ocr_carea' id='block_1_117' title="bbox 2177 5770 3744 5847">
    <p class='ocr_par' dir='ltr' id='par_1_117' title="bbox 2177 5770 3744 5847">
     <span class='ocr_line' id='line_1_118' title="bbox 2177 5770 3744 5847; baseline -0.008 -12"><span class='ocrx_word' id='word_1_796' title='bbox 2177 5792 2334 5835; x_wconf 77' lang='lat' dir='ltr'><strong>tenet.</strong></span> <span class='ocrx_word' id='word_1_797' title='bbox 2376 5780 2555 5846; x_wconf 89' lang='lat' dir='ltr'><strong>Quare</strong></span> <span class='ocrx_word' id='word_1_798' title='bbox 2587 5770 2732 5834; x_wconf 87' lang='lat' dir='ltr'><strong>anno</strong></span> <span class='ocrx_word' id='word_1_799' title='bbox 2750 5770 2873 5839; x_wconf 74' lang='lat'><strong>538,</strong></span> <span class='ocrx_word' id='word_1_800' title='bbox 2903 5793 3013 5847; x_wconf 87' lang='lat' dir='ltr'><strong>quo</strong></span> <span class='ocrx_word' id='word_1_801' title='bbox 3049 5775 3304 5847; x_wconf 88' lang='lat' dir='ltr'><strong>Liberius</strong></span> <span class='ocrx_word' id='word_1_802' title='bbox 3330 5846 3336 5847; x_wconf 16' lang='grc' dir='ltr'><strong>γ</strong></span> <span class='ocrx_word' id='word_1_803' title='bbox 3363 5770 3576 5847; x_wconf 77' lang='lat' dir='ltr'><strong>Ariana</strong></span> <span class='ocrx_word' id='word_1_804' title='bbox 3631 5770 3744 5825; x_wconf 79' lang='lat' dir='ltr'><strong>for-</strong></span> 
     </span>
    </p>
   </div>
   <div class='ocr_carea' id='block_1_118' title="bbox 2177 5845 3742 5912">
    <p class='ocr_par' dir='ltr' id='par_1_118' title="bbox 2177 5845 3742 5912">
     <span class='ocr_line' id='line_1_119' title="bbox 2177 5845 3742 5912; baseline -0.008 -6"><span class='ocrx_word' id='word_1_805' title='bbox 2177 5853 2337 5906; x_wconf 74' lang='lat' dir='ltr'><strong>mula</strong></span> <span class='ocrx_word' id='word_1_806' title='bbox 2385 5845 2728 5912; x_wconf 82' lang='lat' dir='ltr'><strong>subscripsit,</strong></span> <span class='ocrx_word' id='word_1_807' title='bbox 2792 5845 3052 5903; x_wconf 79' lang='lat' dir='ltr'><strong>Leontius</strong></span> <span class='ocrx_word' id='word_1_808' title='bbox 3099 5846 3279 5899; x_wconf 84' lang='lat' dir='ltr'><strong>adhuc</strong></span> <span class='ocrx_word' id='word_1_809' title='bbox 3327 5846 3382 5898; x_wconf 90' lang='lat' dir='ltr'><strong>in</strong></span> <span class='ocrx_word' id='word_1_810' title='bbox 3421 5845 3558 5897; x_wconf 85' lang='lat' dir='ltr'><strong>vivis</strong></span> <span class='ocrx_word' id='word_1_811' title='bbox 3605 5850 3742 5911; x_wconf 63' lang='lat' dir='ltr'><strong>erat,</strong></span> 
     </span>
    </p>
   </div>
   <div class='ocr_carea' id='block_1_119' title="bbox 2179 5913 3742 5992">
    <p class='ocr_par' dir='ltr' id='par_1_119' title="bbox 2179 5913 3742 5992">
     <span class='ocr_line' id='line_1_120' title="bbox 2179 5913 3742 5992; baseline -0.008 -15"><span class='ocrx_word' id='word_1_812' title='bbox 2179 5937 2354 5992; x_wconf 84' lang='lat' dir='ltr'><strong>coque</strong></span> <span class='ocrx_word' id='word_1_813' title='bbox 2394 5937 2536 5976; x_wconf 85' lang='lat' dir='ltr'><strong>anno</strong></span> <span class='ocrx_word' id='word_1_814' title='bbox 2584 5913 2839 5978; x_wconf 82' lang='lat' dir='ltr'><strong>decessit.</strong></span> <span class='ocrx_word' id='word_1_815' title='bbox 2885 5918 3022 5974; x_wconf 84' lang='lat' dir='ltr'><strong>Hinc</strong></span> <span class='ocrx_word' id='word_1_816' title='bbox 3077 5915 3476 5987; x_wconf 85' lang='lat' dir='ltr'><strong>Philostorgius</strong></span> <span class='ocrx_word' id='word_1_817' title='bbox 3537 5913 3634 5968; x_wconf 84' lang='lat' dir='ltr'><strong>lib.</strong></span> <span class='ocrx_word' id='word_1_818' title='bbox 3671 5927 3742 5977; x_wconf 85' lang='lat' dir='ltr'><strong>iv,</strong></span> 
     </span>
    </p>
   </div>
  </div>
