  <div class='ocr_page' id='page_1' title='image "/cluster/home/n/w/nwhite01/storage/ocr_20150623/67/pst.000009865921/172.png"; bbox 0 0 4524 6582; ppageno 0'>
   <div class='ocr_carea' id='block_1_1' title="bbox 442 471 552 528">
    <p class='ocr_par' dir='ltr' id='par_1_1' title="bbox 442 471 552 528">
     <span class='ocr_line' id='line_1_1' title="bbox 442 471 552 528; baseline 0.018 -2"><span class='ocrx_word' id='word_1_1' title='bbox 442 471 552 528; x_wconf 75' lang='lat'><strong>305</strong></span> 
     </span>
    </p>
   </div>
   <div class='ocr_carea' id='block_1_2' title="bbox 1443 483 2758 544">
    <p class='ocr_par' dir='ltr' id='par_1_2' title="bbox 1443 483 2758 544">
     <span class='ocr_line' id='line_1_2' title="bbox 1443 483 2758 544; baseline 0.005 -8"><span class='ocrx_word' id='word_1_2' title='bbox 1443 483 1769 540; x_wconf 71' lang='lat' dir='ltr'><strong>HISTORIA</strong></span> <span class='ocrx_word' id='word_1_3' title='bbox 1813 487 2372 543; x_wconf 74' lang='lat' dir='ltr'><strong>ECCLESLASTICA.</strong></span> <span class='ocrx_word' id='word_1_4' title='bbox 2413 520 2480 527; x_wconf 96' lang='lat'>—</span> <span class='ocrx_word' id='word_1_5' title='bbox 2524 489 2652 543; x_wconf 81' lang='lat' dir='ltr'><strong>LIB.</strong></span> <span class='ocrx_word' id='word_1_6' title='bbox 2698 489 2758 544; x_wconf 89' lang='lat' dir='ltr'><strong>ll.</strong></span> 
     </span>
    </p>
   </div>
   <div class='ocr_carea' id='block_1_3' title="bbox 3615 488 3718 543">
    <p class='ocr_par' dir='ltr' id='par_1_3' title="bbox 3615 488 3718 543">
     <span class='ocr_line' id='line_1_3' title="bbox 3615 488 3718 543; baseline 0.029 -3"><span class='ocrx_word' id='word_1_7' title='bbox 3615 488 3718 543; x_wconf 68' lang='lat'><strong>306</strong></span> 
     </span>
    </p>
   </div>
   <div class='ocr_carea' id='block_1_4' title="bbox 442 592 2228 676">
    <p class='ocr_par' dir='ltr' id='par_1_4' title="bbox 442 592 2228 676">
     <span class='ocr_line' id='line_1_4' title="bbox 442 592 2228 676; baseline 0.01 -32"><span class='ocrx_word' id='word_1_8' title='bbox 442 593 604 663; x_wconf 80' lang='grc' dir='ltr'>ετεθη</span> <span class='ocrx_word' id='word_1_9' title='bbox 635 592 819 659; x_wconf 79' lang='grc' dir='ltr'>πίστις</span> <span class='ocrx_word' id='word_1_10' title='bbox 847 597 883 667; x_wconf 78' lang='grc' dir='ltr'><strong>ἠ</strong></span> <span class='ocrx_word' id='word_1_11' title='bbox 920 597 1187 670; x_wconf 85' lang='grc' dir='ltr'>καθολικὴ</span> <span class='ocrx_word' id='word_1_12' title='bbox 1223 599 1318 652; x_wconf 71' lang='grc' dir='ltr'>ἐπὶ</span> <span class='ocrx_word' id='word_1_13' title='bbox 1352 602 1625 674; x_wconf 72' lang='grc' dir='ltr'>παρουσία</span> <span class='ocrx_word' id='word_1_14' title='bbox 1655 602 1749 656; x_wconf 89' lang='grc' dir='ltr'><strong>τοῦ</strong></span> <span class='ocrx_word' id='word_1_15' title='bbox 1772 604 2036 658; x_wconf 84' lang='grc' dir='ltr'><strong>δεσπότου</strong></span> <span class='ocrx_word' id='word_1_16' title='bbox 2065 615 2112 670; x_wconf 78' lang='grc' dir='ltr'>Α</span> <span class='ocrx_word' id='word_1_17' title='bbox 2141 607 2228 676; x_wconf 88' lang='lat' dir='ltr'><strong>qui</strong></span> 
     </span>
    </p>
   </div>
   <div class='ocr_carea' id='block_1_5' title="bbox 1929 592 3715 676">
    <p class='ocr_par' dir='ltr' id='par_1_5' title="bbox 1929 602 3715 676">
     <span class='ocr_line' id='line_1_5' title="bbox 1929 602 3715 676; baseline 0 -19"><span class='ocrx_word' id='word_1_18' title='bbox 1929 604 2036 658; x_wconf 67' lang='grc' dir='ltr'>ὅτου</span> <span class='ocrx_word' id='word_1_19' title='bbox 2065 615 2112 670; x_wconf 78' lang='grc' dir='ltr'>Α</span> <span class='ocrx_word' id='word_1_20' title='bbox 2141 607 2365 676; x_wconf 84' lang='lat' dir='ltr'><strong>quidem</strong></span> <span class='ocrx_word' id='word_1_21' title='bbox 2403 607 2674 661; x_wconf 77' lang='lat' dir='ltr'><strong>occultam</strong></span> <span class='ocrx_word' id='word_1_22' title='bbox 2710 613 3024 666; x_wconf 85' lang='lat' dir='ltr'><strong>tenuerunt,</strong></span> <span class='ocrx_word' id='word_1_23' title='bbox 3063 611 3139 657; x_wconf 84' lang='lat' dir='ltr'><strong>uti</strong></span> <span class='ocrx_word' id='word_1_24' title='bbox 3168 602 3426 673; x_wconf 79' lang='lat' dir='ltr'><strong>superius</strong></span> <span class='ocrx_word' id='word_1_25' title='bbox 3476 619 3715 657; x_wconf 83' lang='lat' dir='ltr'><strong>conuue-</strong></span> 
     </span>
    </p>
   </div>
   <div class='ocr_carea' id='block_1_6' title="bbox 447 683 2034 762">
    <p class='ocr_par' dir='ltr' id='par_1_6' title="bbox 447 683 2034 762">
     <span class='ocr_line' id='line_1_6' title="bbox 447 683 2034 762; baseline 0.008 -26"><span class='ocrx_word' id='word_1_26' title='bbox 447 683 604 754; x_wconf 68' lang='grc' dir='ltr'>ημῶν</span> <span class='ocrx_word' id='word_1_27' title='bbox 631 687 1014 742; x_wconf 83' lang='grc' dir='ltr'>Κωνσταντίου</span> <span class='ocrx_word' id='word_1_28' title='bbox 1036 729 1052 750; x_wconf 86' lang='grc'><strong>,</strong></span> <span class='ocrx_word' id='word_1_29' title='bbox 1094 691 1155 742; x_wconf 86' lang='grc' dir='ltr'><strong>ἐν</strong></span> <span class='ocrx_word' id='word_1_30' title='bbox 1205 691 1442 762; x_wconf 80' lang='grc' dir='ltr'><strong>ὑπατείᾳ</strong></span> <span class='ocrx_word' id='word_1_31' title='bbox 1488 693 1721 748; x_wconf 73' lang='grc' dir='ltr'>Φλαϐίου</span> <span class='ocrx_word' id='word_1_32' title='bbox 1771 696 2034 751; x_wconf 79' lang='grc' dir='ltr'>Εὑσεϐἰου</span> 
     </span>
    </p>
   </div>
   <div class='ocr_carea' id='block_1_7' title="bbox 444 775 2031 861">
    <p class='ocr_par' dir='ltr' id='par_1_7' title="bbox 444 775 2031 861">
     <span class='ocr_line' id='line_1_7' title="bbox 444 775 2031 861; baseline 0.008 -33"><span class='ocrx_word' id='word_1_33' title='bbox 444 777 543 829; x_wconf 74' lang='grc' dir='ltr'>καὶ</span> <span class='ocrx_word' id='word_1_34' title='bbox 603 775 870 831; x_wconf 82' lang='grc' dir='ltr'>’Υπατίου</span> <span class='ocrx_word' id='word_1_35' title='bbox 891 789 914 817; x_wconf 77' lang='grc'><strong>⁸</strong></span> <span class='ocrx_word' id='word_1_36' title='bbox 960 779 1072 834; x_wconf 90' lang='grc' dir='ltr'><strong>τῶν</strong></span> <span class='ocrx_word' id='word_1_37' title='bbox 1129 779 1551 852; x_wconf 77' lang='grc' dir='ltr'><strong>λαμπροτάτων,</strong></span> <span class='ocrx_word' id='word_1_38' title='bbox 1601 786 1660 838; x_wconf 82' lang='grc' dir='ltr'><strong>ἐν</strong></span> <span class='ocrx_word' id='word_1_39' title='bbox 1709 786 1918 858; x_wconf 86' lang='grc' dir='ltr'>Σιρμίῳ</span> <span class='ocrx_word' id='word_1_40' title='bbox 1965 792 2031 861; x_wconf 80' lang='grc' dir='ltr'>τῇ</span> 
     </span>
    </p>
   </div>
   <div class='ocr_carea' id='block_1_8' title="bbox 445 865 2034 946">
    <p class='ocr_par' dir='ltr' id='par_1_8' title="bbox 445 865 2034 946">
     <span class='ocr_line' id='line_1_8' title="bbox 445 865 2034 946; baseline 0.009 -29"><span class='ocrx_word' id='word_1_41' title='bbox 445 865 746 935; x_wconf 85' lang='grc' dir='ltr'>προένδεκα</span> <span class='ocrx_word' id='word_1_42' title='bbox 789 866 1073 923; x_wconf 79' lang='grc' dir='ltr'><strong>καλανδῶν</strong></span> <span class='ocrx_word' id='word_1_43' title='bbox 1131 871 1388 926; x_wconf 85' lang='grc' dir='ltr'>Ἰουνίων.</span> <span class='ocrx_word' id='word_1_44' title='bbox 1433 874 1772 946; x_wconf 86' lang='grc' dir='ltr'>Πιστεύομεν</span> <span class='ocrx_word' id='word_1_45' title='bbox 1819 879 1900 942; x_wconf 89' lang='grc' dir='ltr'><strong>εἰς</strong></span> <span class='ocrx_word' id='word_1_46' title='bbox 1938 879 2034 933; x_wconf 72' lang='grc' dir='ltr'>ἕνα</span> 
     </span>
    </p>
   </div>
   <div class='ocr_carea' id='block_1_9' title="bbox 445 955 2033 1040">
    <p class='ocr_par' dir='ltr' id='par_1_9' title="bbox 445 955 2033 1040">
     <span class='ocr_line' id='line_1_9' title="bbox 445 955 2033 1040; baseline 0.01 -33"><span class='ocrx_word' id='word_1_47' title='bbox 445 955 537 1008; x_wconf 77' lang='grc' dir='ltr'>τὸν</span> <span class='ocrx_word' id='word_1_48' title='bbox 569 956 730 1026; x_wconf 88' lang='grc' dir='ltr'>μόνον</span> <span class='ocrx_word' id='word_1_49' title='bbox 755 958 851 1010; x_wconf 84' lang='grc' dir='ltr'>καὶ</span> <span class='ocrx_word' id='word_1_50' title='bbox 878 958 1135 1029; x_wconf 80' lang='grc' dir='ltr'>ἀληθινὸν</span> <span class='ocrx_word' id='word_1_51' title='bbox 1165 961 1319 1026; x_wconf 81' lang='grc' dir='ltr'>Θεὸν,</span> <span class='ocrx_word' id='word_1_52' title='bbox 1352 963 1571 1036; x_wconf 82' lang='grc' dir='ltr'>Πατέρα</span> <span class='ocrx_word' id='word_1_53' title='bbox 1598 969 2033 1040; x_wconf 84' lang='grc' dir='ltr'>παντοκράτορα,</span> 
     </span>
    </p>
   </div>
   <div class='ocr_carea' id='block_1_10' title="bbox 446 1047 2036 1130">
    <p class='ocr_par' dir='ltr' id='par_1_10' title="bbox 446 1047 2036 1130">
     <span class='ocr_line' id='line_1_10' title="bbox 446 1047 2036 1130; baseline 0.011 -32"><span class='ocrx_word' id='word_1_54' title='bbox 446 1047 675 1118; x_wconf 80' lang='grc' dir='ltr'>κτίστην</span> <span class='ocrx_word' id='word_1_55' title='bbox 700 1049 798 1103; x_wconf 74' lang='grc' dir='ltr'>καὶ</span> <span class='ocrx_word' id='word_1_56' title='bbox 821 1049 1154 1123; x_wconf 80' lang='grc' dir='ltr'>δημιουργὸν</span> <span class='ocrx_word' id='word_1_57' title='bbox 1174 1053 1285 1106; x_wconf 91' lang='grc' dir='ltr'><strong>τῶν</strong></span> <span class='ocrx_word' id='word_1_58' title='bbox 1307 1055 1526 1109; x_wconf 86' lang='grc' dir='ltr'>πάντων</span> <span class='ocrx_word' id='word_1_59' title='bbox 1541 1073 1555 1085; x_wconf 89' lang='grc'><strong>·</strong></span> <span class='ocrx_word' id='word_1_60' title='bbox 1592 1058 1688 1111; x_wconf 76' lang='grc' dir='ltr'>καὶ</span> <span class='ocrx_word' id='word_1_61' title='bbox 1710 1060 1791 1123; x_wconf 83' lang='grc' dir='ltr'><strong>εἰς</strong></span> <span class='ocrx_word' id='word_1_62' title='bbox 1818 1060 1914 1114; x_wconf 72' lang='grc' dir='ltr'>ἕνα</span> <span class='ocrx_word' id='word_1_63' title='bbox 1939 1078 2036 1130; x_wconf 82' lang='grc' dir='ltr'>μο-</span> 
     </span>
    </p>
   </div>
   <div class='ocr_carea' id='block_1_11' title="bbox 446 1140 2032 1217">
    <p class='ocr_par' dir='ltr' id='par_1_11' title="bbox 446 1140 2032 1217">
     <span class='ocr_line' id='line_1_11' title="bbox 446 1140 2032 1217; baseline 0.01 -27"><span class='ocrx_word' id='word_1_64' title='bbox 446 1142 640 1210; x_wconf 83' lang='grc' dir='ltr'>νογενῆ</span> <span class='ocrx_word' id='word_1_65' title='bbox 675 1140 803 1194; x_wconf 83' lang='grc' dir='ltr'>Υἰδν</span> <span class='ocrx_word' id='word_1_66' title='bbox 833 1142 930 1195; x_wconf 91' lang='grc' dir='ltr'><strong>τοῦ</strong></span> <span class='ocrx_word' id='word_1_67' title='bbox 950 1143 1106 1208; x_wconf 88' lang='grc' dir='ltr'>Θεοῦ,</span> <span class='ocrx_word' id='word_1_68' title='bbox 1146 1146 1238 1198; x_wconf 79' lang='grc' dir='ltr'>τὸν</span> <span class='ocrx_word' id='word_1_69' title='bbox 1277 1146 1386 1217; x_wconf 77' lang='grc' dir='ltr'>πρὸ</span> <span class='ocrx_word' id='word_1_70' title='bbox 1405 1148 1623 1203; x_wconf 88' lang='grc' dir='ltr'>πάντων</span> <span class='ocrx_word' id='word_1_71' title='bbox 1655 1150 1766 1204; x_wconf 89' lang='grc' dir='ltr'><strong>τῶν</strong></span> <span class='ocrx_word' id='word_1_72' title='bbox 1801 1153 2032 1217; x_wconf 79' lang='grc' dir='ltr'>αἰώνων,</span> 
     </span>
    </p>
   </div>
   <div class='ocr_carea' id='block_1_12' title="bbox 447 1229 2035 1314">
    <p class='ocr_par' dir='ltr' id='par_1_12' title="bbox 447 1229 2035 1314">
     <span class='ocr_line' id='line_1_12' title="bbox 447 1229 2035 1314; baseline 0.011 -35"><span class='ocrx_word' id='word_1_73' title='bbox 447 1229 544 1314; x_wconf 66' lang='grc' dir='ltr'>καὶ.</span> <span class='ocrx_word' id='word_1_74' title='bbox 575 1229 688 1314; x_wconf 79' lang='grc' dir='ltr'>πρὸ</span> <span class='ocrx_word' id='word_1_75' title='bbox 713 1230 897 1302; x_wconf 77' lang='grc' dir='ltr'>πάσης</span> <span class='ocrx_word' id='word_1_76' title='bbox 929 1232 1124 1304; x_wconf 83' lang='grc' dir='ltr'>ἀρχῆς,</span> <span class='ocrx_word' id='word_1_77' title='bbox 1155 1236 1252 1290; x_wconf 79' lang='grc' dir='ltr'>καὶ</span> <span class='ocrx_word' id='word_1_78' title='bbox 1278 1237 1388 1309; x_wconf 87' lang='grc' dir='ltr'>πρὸ</span> <span class='ocrx_word' id='word_1_79' title='bbox 1412 1240 1614 1304; x_wconf 86' lang='grc' dir='ltr'>παντὸς</span> <span class='ocrx_word' id='word_1_80' title='bbox 1649 1243 2035 1314; x_wconf 84' lang='grc' dir='ltr'>ἐπινοουμένου</span> 
     </span>
    </p>
   </div>
   <div class='ocr_carea' id='block_1_13' title="bbox 447 1313 2034 1402">
    <p class='ocr_par' dir='ltr' id='par_1_13' title="bbox 447 1313 2034 1402">
     <span class='ocr_line' id='line_1_13' title="bbox 447 1313 2034 1402; baseline 0.011 -34"><span class='ocrx_word' id='word_1_81' title='bbox 447 1313 666 1385; x_wconf 73' lang='grc' dir='ltr'>χρόνου,</span> <span class='ocrx_word' id='word_1_82' title='bbox 703 1317 798 1370; x_wconf 80' lang='grc' dir='ltr'><strong>καί</strong></span> <span class='ocrx_word' id='word_1_83' title='bbox 838 1320 945 1388; x_wconf 78' lang='grc' dir='ltr'><strong>πρὸ</strong></span> <span class='ocrx_word' id='word_1_84' title='bbox 992 1321 1174 1392; x_wconf 86' lang='grc' dir='ltr'>πάσης</span> <span class='ocrx_word' id='word_1_85' title='bbox 1217 1327 1573 1398; x_wconf 85' lang='grc' dir='ltr'>καταληπτῆς</span> <span class='ocrx_word' id='word_1_86' title='bbox 1612 1313 2034 1402; x_wconf 45' lang='lat' dir='ltr'><strong>inmotam—(51),</strong></span> 
     </span>
    </p>
   </div>
   <div class='ocr_carea' id='block_1_14' title="bbox 447 1407 2036 1481">
    <p class='ocr_par' dir='ltr' id='par_1_14' title="bbox 447 1407 2036 1481">
     <span class='ocr_line' id='line_1_14' title="bbox 447 1407 2036 1481; baseline 0.011 -23"><span class='ocrx_word' id='word_1_87' title='bbox 447 1407 1096 1477; x_wconf 81' lang='grc' dir='ltr'>γεγεννημένον,ἀπαθῶς</span> <span class='ocrx_word' id='word_1_88' title='bbox 1135 1413 1202 1464; x_wconf 93' lang='grc' dir='ltr'><strong>ἐκ</strong></span> <span class='ocrx_word' id='word_1_89' title='bbox 1227 1413 1325 1467; x_wconf 89' lang='grc' dir='ltr'><strong>τοῦ</strong></span> <span class='ocrx_word' id='word_1_90' title='bbox 1346 1415 1482 1469; x_wconf 91' lang='grc' dir='ltr'>Θεοῦ</span> <span class='ocrx_word' id='word_1_91' title='bbox 1501 1455 1517 1481; x_wconf 87' lang='grc'><strong>,</strong></span> <span class='ocrx_word' id='word_1_92' title='bbox 1543 1417 1610 1471; x_wconf 87' lang='grc' dir='ltr'><strong>δι’</strong></span> <span class='ocrx_word' id='word_1_93' title='bbox 1635 1413 1696 1473; x_wconf 74' lang='grc' dir='ltr'><strong>οὗ</strong></span> <span class='ocrx_word' id='word_1_94' title='bbox 1741 1420 1877 1474; x_wconf 83' lang='grc' dir='ltr'>οἵτε</span> <span class='ocrx_word' id='word_1_95' title='bbox 1902 1423 2036 1475; x_wconf 86' lang='grc' dir='ltr'>αἰῶ-</span> 
     </span>
    </p>
   </div>
   <div class='ocr_carea' id='block_1_15' title="bbox 447 1502 2038 1586">
    <p class='ocr_par' dir='ltr' id='par_1_15' title="bbox 447 1502 2038 1586">
     <span class='ocr_line' id='line_1_15' title="bbox 447 1502 2038 1586; baseline 0.01 -34"><span class='ocrx_word' id='word_1_96' title='bbox 447 1517 538 1563; x_wconf 87' lang='grc' dir='ltr'><strong>νες</strong></span> <span class='ocrx_word' id='word_1_97' title='bbox 563 1502 1007 1576; x_wconf 84' lang='grc' dir='ltr'>κατηρτίσθησαν</span> <span class='ocrx_word' id='word_1_98' title='bbox 1025 1547 1043 1572; x_wconf 97' lang='grc'><strong>,</strong></span> <span class='ocrx_word' id='word_1_99' title='bbox 1076 1507 1173 1560; x_wconf 82' lang='grc' dir='ltr'>καὶ</span> <span class='ocrx_word' id='word_1_100' title='bbox 1195 1507 1265 1561; x_wconf 86' lang='grc' dir='ltr'><strong>τά</strong></span> <span class='ocrx_word' id='word_1_101' title='bbox 1293 1509 1468 1563; x_wconf 87' lang='grc' dir='ltr'>πάντα</span> <span class='ocrx_word' id='word_1_102' title='bbox 1514 1511 1752 1578; x_wconf 76' lang='grc' dir='ltr'>ἐγένετοο</span> <span class='ocrx_word' id='word_1_103' title='bbox 1778 1530 2038 1586; x_wconf 87' lang='grc' dir='ltr'>γεγεννη-</span> 
     </span>
    </p>
   </div>
   <div class='ocr_carea' id='block_1_16' title="bbox 450 1591 2034 1676">
    <p class='ocr_par' dir='ltr' id='par_1_16' title="bbox 450 1591 2034 1676">
     <span class='ocr_line' id='line_1_16' title="bbox 450 1591 2034 1676; baseline 0.011 -33"><span class='ocrx_word' id='word_1_104' title='bbox 450 1591 612 1661; x_wconf 85' lang='grc' dir='ltr'>μένον</span> <span class='ocrx_word' id='word_1_105' title='bbox 639 1592 698 1645; x_wconf 76' lang='grc' dir='ltr'><strong>δέ</strong></span> <span class='ocrx_word' id='word_1_106' title='bbox 734 1596 1000 1667; x_wconf 78' lang='grc' dir='ltr'>μονογενῆ</span> <span class='ocrx_word' id='word_1_107' title='bbox 1021 1639 1035 1660; x_wconf 87' lang='grc'><strong>,</strong></span> <span class='ocrx_word' id='word_1_108' title='bbox 1073 1597 1234 1668; x_wconf 87' lang='grc' dir='ltr'>μόνον</span> <span class='ocrx_word' id='word_1_109' title='bbox 1261 1601 1328 1652; x_wconf 87' lang='grc' dir='ltr'><strong>ἐκ</strong></span> <span class='ocrx_word' id='word_1_110' title='bbox 1352 1601 1516 1670; x_wconf 89' lang='grc' dir='ltr'>μόνου</span> <span class='ocrx_word' id='word_1_111' title='bbox 1542 1604 1648 1656; x_wconf 79' lang='grc' dir='ltr'><strong>ὑπὸ</strong></span> <span class='ocrx_word' id='word_1_112' title='bbox 1680 1604 1776 1657; x_wconf 88' lang='grc' dir='ltr'><strong>τοῦ</strong></span> <span class='ocrx_word' id='word_1_113' title='bbox 1799 1606 2034 1676; x_wconf 78' lang='grc' dir='ltr'>Πατρὸς,</span> 
     </span>
    </p>
   </div>
   <div class='ocr_carea' id='block_1_17' title="bbox 445 1679 2036 1769">
    <p class='ocr_par' dir='ltr' id='par_1_17' title="bbox 445 1679 2036 1769">
     <span class='ocr_line' id='line_1_17' title="bbox 445 1679 2036 1769; baseline 0.011 -38"><span class='ocrx_word' id='word_1_114' title='bbox 445 1679 581 1734; x_wconf 77' lang='grc' dir='ltr'>Θεὸν</span> <span class='ocrx_word' id='word_1_115' title='bbox 628 1683 693 1734; x_wconf 80' lang='grc' dir='ltr'><strong>ἐκ</strong></span> <span class='ocrx_word' id='word_1_116' title='bbox 732 1683 892 1751; x_wconf 85' lang='grc' dir='ltr'>Θεοῦ,</span> <span class='ocrx_word' id='word_1_117' title='bbox 944 1686 1131 1757; x_wconf 85' lang='grc' dir='ltr'>ὅμοιον</span> <span class='ocrx_word' id='word_1_118' title='bbox 1176 1688 1258 1760; x_wconf 84' lang='grc' dir='ltr'><strong>τῷ</strong></span> <span class='ocrx_word' id='word_1_119' title='bbox 1307 1692 1630 1762; x_wconf 74' lang='grc' dir='ltr'>γεννήσαντι</span> <span class='ocrx_word' id='word_1_120' title='bbox 1663 1695 1828 1748; x_wconf 82' lang='grc' dir='ltr'>αὑτὸν</span> <span class='ocrx_word' id='word_1_121' title='bbox 1859 1697 2036 1769; x_wconf 80' lang='grc' dir='ltr'>Πατρὶ</span> 
     </span>
    </p>
   </div>
   <div class='ocr_carea' id='block_1_18' title="bbox 447 1771 2032 1854">
    <p class='ocr_par' dir='ltr' id='par_1_18' title="bbox 447 1771 2032 1854">
     <span class='ocr_line' id='line_1_18' title="bbox 447 1771 2032 1854; baseline 0.011 -31"><span class='ocrx_word' id='word_1_122' title='bbox 447 1771 588 1824; x_wconf 79' lang='grc' dir='ltr'>κατὰ</span> <span class='ocrx_word' id='word_1_123' title='bbox 615 1773 716 1837; x_wconf 72' lang='grc' dir='ltr'><strong>τὰς</strong></span> <span class='ocrx_word' id='word_1_124' title='bbox 737 1774 962 1846; x_wconf 84' lang='grc' dir='ltr'>Γραφάς</span> <span class='ocrx_word' id='word_1_125' title='bbox 981 1795 997 1808; x_wconf 88' lang='grc'><strong>·</strong></span> <span class='ocrx_word' id='word_1_126' title='bbox 1018 1771 1082 1832; x_wconf 77' lang='grc' dir='ltr'><strong>οῦ</strong></span> <span class='ocrx_word' id='word_1_127' title='bbox 1109 1778 1210 1851; x_wconf 74' lang='grc' dir='ltr'>τὴν</span> <span class='ocrx_word' id='word_1_128' title='bbox 1230 1780 1485 1852; x_wconf 81' lang='grc' dir='ltr'>γέννησιν</span> <span class='ocrx_word' id='word_1_129' title='bbox 1508 1783 1685 1849; x_wconf 79' lang='grc' dir='ltr'>οὐδεὶς</span> <span class='ocrx_word' id='word_1_130' title='bbox 1720 1787 2032 1854; x_wconf 86' lang='grc' dir='ltr'>ἐπίσταται,</span> 
     </span>
    </p>
   </div>
   <div class='ocr_carea' id='block_1_19' title="bbox 447 1862 2034 1949">
    <p class='ocr_par' dir='ltr' id='par_1_19' title="bbox 447 1862 2034 1949">
     <span class='ocr_line' id='line_1_19' title="bbox 447 1862 2034 1949; baseline 0.011 -35"><span class='ocrx_word' id='word_1_131' title='bbox 447 1862 481 1930; x_wconf 81' lang='grc' dir='ltr'><strong>ἢ</strong></span> <span class='ocrx_word' id='word_1_132' title='bbox 520 1863 681 1933; x_wconf 81' lang='grc' dir='ltr'>μόνος</span> <span class='ocrx_word' id='word_1_133' title='bbox 709 1866 739 1918; x_wconf 86' lang='grc' dir='ltr'>ὁ</span> <span class='ocrx_word' id='word_1_134' title='bbox 778 1869 1049 1938; x_wconf 79' lang='grc' dir='ltr'>γεννήσας</span> <span class='ocrx_word' id='word_1_135' title='bbox 1070 1871 1236 1925; x_wconf 79' lang='grc' dir='ltr'>αὐτὸν</span> <span class='ocrx_word' id='word_1_136' title='bbox 1257 1874 1472 1944; x_wconf 86' lang='grc' dir='ltr'>Πατήρ.</span> <span class='ocrx_word' id='word_1_137' title='bbox 1505 1876 1709 1930; x_wconf 90' lang='grc' dir='ltr'>Τοῦτον</span> <span class='ocrx_word' id='word_1_138' title='bbox 1743 1879 1902 1949; x_wconf 82' lang='grc' dir='ltr'>ἴσμεν</span> <span class='ocrx_word' id='word_1_139' title='bbox 1941 1880 2034 1934; x_wconf 86' lang='grc' dir='ltr'>τὸν</span> 
     </span>
    </p>
   </div>
   <div class='ocr_carea' id='block_1_20' title="bbox 2135 693 3716 767">
    <p class='ocr_par' dir='ltr' id='par_1_20' title="bbox 2135 693 3716 767">
     <span class='ocr_line' id='line_1_20' title="bbox 2135 693 3716 767; baseline -0.003 -15"><span class='ocrx_word' id='word_1_140' title='bbox 2135 699 2383 764; x_wconf 87' lang='lat' dir='ltr'><strong>moravi;</strong></span> <span class='ocrx_word' id='word_1_141' title='bbox 2414 707 2546 752; x_wconf 90' lang='lat' dir='ltr'><strong>tunc</strong></span> <span class='ocrx_word' id='word_1_142' title='bbox 2584 697 2845 767; x_wconf 87' lang='lat' dir='ltr'><strong>temporis</strong></span> <span class='ocrx_word' id='word_1_143' title='bbox 2894 712 3024 750; x_wconf 77' lang='lat' dir='ltr'><strong>vero</strong></span> <span class='ocrx_word' id='word_1_144' title='bbox 3072 695 3300 748; x_wconf 81' lang='lat' dir='ltr'><strong>Arimini</strong></span> <span class='ocrx_word' id='word_1_145' title='bbox 3346 693 3716 764; x_wconf 86' lang='lat' dir='ltr'><strong>publicarunt.</strong></span> 
     </span>
    </p>
   </div>
   <div class='ocr_carea' id='block_1_21' title="bbox 2135 783 3721 843">
    <p class='ocr_par' dir='ltr' id='par_1_21' title="bbox 2135 783 3721 843">
     <span class='ocr_line' id='line_1_21' title="bbox 2135 783 3721 843; baseline -0.003 -1"><span class='ocrx_word' id='word_1_146' title='bbox 2135 789 2263 843; x_wconf 69' lang='lat' dir='ltr'><strong>Haec</strong></span> <span class='ocrx_word' id='word_1_147' title='bbox 2313 797 2494 843; x_wconf 87' lang='lat' dir='ltr'><strong>autem</strong></span> <span class='ocrx_word' id='word_1_148' title='bbox 2551 803 2617 842; x_wconf 76' lang='lat' dir='ltr'><strong>ex</strong></span> <span class='ocrx_word' id='word_1_149' title='bbox 2644 787 2840 841; x_wconf 88' lang='lat' dir='ltr'><strong>Latino</strong></span> <span class='ocrx_word' id='word_1_150' title='bbox 2889 801 3141 842; x_wconf 89' lang='lat' dir='ltr'><strong>sermone</strong></span> <span class='ocrx_word' id='word_1_151' title='bbox 3191 785 3247 838; x_wconf 88' lang='lat' dir='ltr'><strong>in</strong></span> <span class='ocrx_word' id='word_1_152' title='bbox 3289 783 3537 840; x_wconf 73' lang='lat' dir='ltr'><strong>Graecum</strong></span> <span class='ocrx_word' id='word_1_153' title='bbox 3590 800 3721 838; x_wconf 85' lang='lat' dir='ltr'><strong>con-</strong></span> 
     </span>
    </p>
   </div>
   <div class='ocr_carea' id='block_1_22' title="bbox 2133 878 3718 951">
    <p class='ocr_par' dir='ltr' id='par_1_22' title="bbox 2133 878 3718 951">
     <span class='ocr_line' id='line_1_22' title="bbox 2133 878 3718 951; baseline -0.003 -16"><span class='ocrx_word' id='word_1_154' title='bbox 2133 897 2291 936; x_wconf 85' lang='lat' dir='ltr'><strong>versa</strong></span> <span class='ocrx_word' id='word_1_155' title='bbox 2323 883 2403 936; x_wconf 90' lang='lat' dir='ltr'><strong>sic</strong></span> <span class='ocrx_word' id='word_1_156' title='bbox 2426 881 2592 936; x_wconf 81' lang='lat' dir='ltr'><strong>habet</strong></span> <span class='ocrx_word' id='word_1_157' title='bbox 2629 899 2641 934; x_wconf 90' lang='lat'>:</span> <span class='ocrx_word' id='word_1_158' title='bbox 2671 881 2926 951; x_wconf 79' lang='lat' dir='ltr'><strong>Exposita</strong></span> <span class='ocrx_word' id='word_1_159' title='bbox 2978 889 3066 934; x_wconf 87' lang='lat' dir='ltr'><strong>est</strong></span> <span class='ocrx_word' id='word_1_160' title='bbox 3098 878 3234 933; x_wconf 88' lang='lat' dir='ltr'><strong>ﬁdes</strong></span> <span class='ocrx_word' id='word_1_161' title='bbox 3291 879 3558 933; x_wconf 83' lang='lat' dir='ltr'><strong>catholica</strong></span> <span class='ocrx_word' id='word_1_162' title='bbox 3580 894 3718 947; x_wconf 76' lang='lat' dir='ltr'><strong>pra:-</strong></span> 
     </span>
    </p>
   </div>
   <div class='ocr_carea' id='block_1_23' title="bbox 2135 968 3721 1032">
    <p class='ocr_par' dir='ltr' id='par_1_23' title="bbox 2135 968 3721 1032">
     <span class='ocr_line' id='line_1_23' title="bbox 2135 968 3721 1032; baseline -0.004 -5"><span class='ocrx_word' id='word_1_163' title='bbox 2135 980 2290 1027; x_wconf 88' lang='lat' dir='ltr'><strong>sente</strong></span> <span class='ocrx_word' id='word_1_164' title='bbox 2313 972 2540 1026; x_wconf 89' lang='lat' dir='ltr'><strong>domino</strong></span> <span class='ocrx_word' id='word_1_165' title='bbox 2574 980 2763 1025; x_wconf 89' lang='lat' dir='ltr'><strong>nostro</strong></span> <span class='ocrx_word' id='word_1_166' title='bbox 2795 969 3140 1032; x_wconf 88' lang='lat' dir='ltr'><strong>Constantio,</strong></span> <span class='ocrx_word' id='word_1_167' title='bbox 3173 968 3360 1022; x_wconf 80' lang='lat' dir='ltr'><strong>Flavio</strong></span> <span class='ocrx_word' id='word_1_168' title='bbox 3377 968 3617 1022; x_wconf 86' lang='lat' dir='ltr'><strong>Eusebio</strong></span> <span class='ocrx_word' id='word_1_169' title='bbox 3663 974 3721 1021; x_wconf 89' lang='lat' dir='ltr'><strong>et</strong></span> 
     </span>
    </p>
   </div>
   <div class='ocr_carea' id='block_1_24' title="bbox 2135 1059 3718 1136">
    <p class='ocr_par' dir='ltr' id='par_1_24' title="bbox 2135 1059 3718 1136">
     <span class='ocr_line' id='line_1_24' title="bbox 2135 1059 3718 1136; baseline -0.005 -17"><span class='ocrx_word' id='word_1_170' title='bbox 2135 1065 2368 1136; x_wconf 82' lang='lat' dir='ltr'><strong>Hypatio</strong></span> <span class='ocrx_word' id='word_1_171' title='bbox 2413 1065 2548 1118; x_wconf 83' lang='lat' dir='ltr'><strong>viris</strong></span> <span class='ocrx_word' id='word_1_172' title='bbox 2611 1063 2930 1118; x_wconf 88' lang='lat' dir='ltr'><strong>clarissimis</strong></span> <span class='ocrx_word' id='word_1_173' title='bbox 2981 1061 3321 1122; x_wconf 84' lang='lat' dir='ltr'><strong>consulibus,</strong></span> <span class='ocrx_word' id='word_1_174' title='bbox 3390 1060 3574 1114; x_wconf 88' lang='lat' dir='ltr'><strong>Sirmii</strong></span> <span class='ocrx_word' id='word_1_175' title='bbox 3628 1059 3718 1112; x_wconf 92' lang='lat' dir='ltr'><strong>die</strong></span> 
     </span>
    </p>
   </div>
   <div class='ocr_carea' id='block_1_25' title="bbox 2136 1151 3722 1210">
    <p class='ocr_par' dir='ltr' id='par_1_25' title="bbox 2136 1151 3722 1210">
     <span class='ocr_line' id='line_1_25' title="bbox 2136 1151 3722 1210; baseline -0.004 -1"><span class='ocrx_word' id='word_1_176' title='bbox 2136 1157 2428 1210; x_wconf 89' lang='lat' dir='ltr'><strong>undecimo</strong></span> <span class='ocrx_word' id='word_1_177' title='bbox 2459 1156 2726 1210; x_wconf 78' lang='lat' dir='ltr'><strong>Kalendas</strong></span> <span class='ocrx_word' id='word_1_178' title='bbox 2751 1155 2960 1210; x_wconf 86' lang='lat' dir='ltr'><strong>Junias.</strong></span> <span class='ocrx_word' id='word_1_179' title='bbox 3001 1154 3293 1208; x_wconf 86' lang='lat' dir='ltr'><strong>Credimus</strong></span> <span class='ocrx_word' id='word_1_180' title='bbox 3317 1151 3374 1205; x_wconf 90' lang='lat' dir='ltr'><strong>in</strong></span> <span class='ocrx_word' id='word_1_181' title='bbox 3404 1166 3574 1204; x_wconf 91' lang='lat' dir='ltr'><strong>unum</strong></span> <span class='ocrx_word' id='word_1_182' title='bbox 3633 1165 3722 1203; x_wconf 89' lang='lat' dir='ltr'><strong>so-</strong></span> 
     </span>
    </p>
   </div>
   <div class='ocr_carea' id='block_1_26' title="bbox 2135 1242 3721 1311">
    <p class='ocr_par' dir='ltr' id='par_1_26' title="bbox 2135 1242 3721 1311">
     <span class='ocr_line' id='line_1_26' title="bbox 2135 1242 3721 1311; baseline -0.006 -11"><span class='ocrx_word' id='word_1_183' title='bbox 2135 1247 2248 1300; x_wconf 91' lang='lat' dir='ltr'><strong>lum</strong></span> <span class='ocrx_word' id='word_1_184' title='bbox 2279 1261 2344 1300; x_wconf 89' lang='lat' dir='ltr'><strong>ac</strong></span> <span class='ocrx_word' id='word_1_185' title='bbox 2379 1261 2573 1299; x_wconf 83' lang='lat' dir='ltr'><strong>verum</strong></span> <span class='ocrx_word' id='word_1_186' title='bbox 2605 1247 2798 1306; x_wconf 91' lang='lat' dir='ltr'><strong>Deum,</strong></span> <span class='ocrx_word' id='word_1_187' title='bbox 2827 1245 3040 1299; x_wconf 90' lang='lat' dir='ltr'><strong>Patrem</strong></span> <span class='ocrx_word' id='word_1_188' title='bbox 3079 1242 3532 1311; x_wconf 89' lang='lat' dir='ltr'><strong>omnipotentem,</strong></span> <span class='ocrx_word' id='word_1_189' title='bbox 3569 1255 3721 1293; x_wconf 89' lang='lat' dir='ltr'><strong>crea-</strong></span> 
     </span>
    </p>
   </div>
   <div class='ocr_carea' id='block_1_27' title="bbox 2137 1332 3718 1405">
    <p class='ocr_par' dir='ltr' id='par_1_27' title="bbox 2137 1332 3718 1405">
     <span class='ocr_line' id='line_1_27' title="bbox 2137 1332 3718 1405; baseline -0.006 -13"><span class='ocrx_word' id='word_1_190' title='bbox 2137 1345 2312 1392; x_wconf 88' lang='lat' dir='ltr'><strong>torem</strong></span> <span class='ocrx_word' id='word_1_191' title='bbox 2363 1337 2811 1405; x_wconf 86' lang='lat' dir='ltr'><strong>conditoremque</strong></span> <span class='ocrx_word' id='word_1_192' title='bbox 2835 1336 3100 1400; x_wconf 87' lang='lat' dir='ltr'><strong>omnium;</strong></span> <span class='ocrx_word' id='word_1_193' title='bbox 3136 1344 3192 1388; x_wconf 91' lang='lat' dir='ltr'><strong>et</strong></span> <span class='ocrx_word' id='word_1_194' title='bbox 3222 1335 3465 1386; x_wconf 70' lang='lat' dir='ltr'><strong>inimum</strong></span> <span class='ocrx_word' id='word_1_195' title='bbox 3521 1332 3718 1386; x_wconf 82' lang='lat' dir='ltr'><strong>Filium</strong></span> 
     </span>
    </p>
   </div>
   <div class='ocr_carea' id='block_1_28' title="bbox 2136 1425 3717 1498">
    <p class='ocr_par' dir='ltr' id='par_1_28' title="bbox 2136 1425 3717 1498">
     <span class='ocr_line' id='line_1_28' title="bbox 2136 1425 3717 1498; baseline -0.004 -16"><span class='ocrx_word' id='word_1_196' title='bbox 2136 1429 2234 1483; x_wconf 89' lang='lat' dir='ltr'><strong>Dei</strong></span> <span class='ocrx_word' id='word_1_197' title='bbox 2252 1429 2616 1498; x_wconf 84' lang='lat' dir='ltr'><strong>unigenitum,</strong></span> <span class='ocrx_word' id='word_1_198' title='bbox 2647 1428 2740 1496; x_wconf 88' lang='lat' dir='ltr'><strong>qui</strong></span> <span class='ocrx_word' id='word_1_199' title='bbox 2783 1435 2908 1480; x_wconf 87' lang='lat' dir='ltr'><strong>ante</strong></span> <span class='ocrx_word' id='word_1_200' title='bbox 2940 1426 3123 1479; x_wconf 86' lang='lat' dir='ltr'><strong>omnia</strong></span> <span class='ocrx_word' id='word_1_201' title='bbox 3149 1425 3367 1488; x_wconf 61' lang='lat' dir='ltr'><strong>saecula,</strong></span> <span class='ocrx_word' id='word_1_202' title='bbox 3399 1433 3525 1477; x_wconf 87' lang='lat' dir='ltr'><strong>ante</strong></span> <span class='ocrx_word' id='word_1_203' title='bbox 3553 1438 3717 1476; x_wconf 86' lang='lat' dir='ltr'><strong>omne</strong></span> 
     </span>
    </p>
   </div>
   <div class='ocr_carea' id='block_1_29' title="bbox 2137 1514 3715 1590">
    <p class='ocr_par' dir='ltr' id='par_1_29' title="bbox 2137 1514 3715 1590">
     <span class='ocr_line' id='line_1_29' title="bbox 2137 1514 3715 1590; baseline -0.004 -18"><span class='ocrx_word' id='word_1_204' title='bbox 2137 1520 2468 1590; x_wconf 88' lang='lat' dir='ltr'><strong>principium</strong></span> <span class='ocrx_word' id='word_1_205' title='bbox 2498 1528 2554 1573; x_wconf 92' lang='lat' dir='ltr'><strong>et</strong></span> <span class='ocrx_word' id='word_1_206' title='bbox 2581 1534 2739 1572; x_wconf 87' lang='lat' dir='ltr'><strong>omne</strong></span> <span class='ocrx_word' id='word_1_207' title='bbox 2772 1527 2992 1586; x_wconf 89' lang='lat' dir='ltr'><strong>tempus</strong></span> <span class='ocrx_word' id='word_1_208' title='bbox 3012 1515 3159 1584; x_wconf 88' lang='lat' dir='ltr'><strong>quod</strong></span> <span class='ocrx_word' id='word_1_209' title='bbox 3185 1514 3546 1583; x_wconf 78' lang='lat' dir='ltr'><strong>intelligentia</strong></span> <span class='ocrx_word' id='word_1_210' title='bbox 3588 1528 3715 1582; x_wconf 85' lang='lat' dir='ltr'><strong>per—</strong></span> 
     </span>
    </p>
   </div>
   <div class='ocr_carea' id='block_1_30' title="bbox 2135 1604 3716 1682">
    <p class='ocr_par' dir='ltr' id='par_1_30' title="bbox 2135 1604 3716 1682">
     <span class='ocr_line' id='line_1_30' title="bbox 2135 1604 3716 1682; baseline -0.007 -16"><span class='ocrx_word' id='word_1_211' title='bbox 2135 1613 2241 1682; x_wconf 87' lang='lat' dir='ltr'><strong>cipi</strong></span> <span class='ocrx_word' id='word_1_212' title='bbox 2280 1621 2479 1682; x_wconf 88' lang='lat' dir='ltr'><strong>potest,</strong></span> <span class='ocrx_word' id='word_1_213' title='bbox 2511 1619 2637 1665; x_wconf 89' lang='lat' dir='ltr'><strong>ante</strong></span> <span class='ocrx_word' id='word_1_214' title='bbox 2666 1626 2882 1665; x_wconf 91' lang='lat' dir='ltr'><strong>omnem</strong></span> <span class='ocrx_word' id='word_1_215' title='bbox 2905 1609 3142 1677; x_wconf 90' lang='lat' dir='ltr'><strong>denique</strong></span> <span class='ocrx_word' id='word_1_216' title='bbox 3166 1604 3716 1675; x_wconf 85' lang='lat' dir='ltr'><strong>comprehensibilem</strong></span> 
     </span>
    </p>
   </div>
   <div class='ocr_carea' id='block_1_31' title="bbox 2134 1697 3720 1772">
    <p class='ocr_par' dir='ltr' id='par_1_31' title="bbox 2134 1697 3720 1772">
     <span class='ocr_line' id='line_1_31' title="bbox 2134 1697 3720 1772; baseline -0.006 -15"><span class='ocrx_word' id='word_1_217' title='bbox 2134 1705 2438 1768; x_wconf 89' lang='lat' dir='ltr'><strong>notionem,</strong></span> <span class='ocrx_word' id='word_1_218' title='bbox 2484 1704 2602 1757; x_wconf 88' lang='lat' dir='ltr'><strong>sine</strong></span> <span class='ocrx_word' id='word_1_219' title='bbox 2667 1704 2919 1772; x_wconf 88' lang='lat' dir='ltr'><strong>passione</strong></span> <span class='ocrx_word' id='word_1_220' title='bbox 2964 1700 3183 1771; x_wconf 89' lang='lat' dir='ltr'><strong>genitus</strong></span> <span class='ocrx_word' id='word_1_221' title='bbox 3237 1706 3419 1752; x_wconf 78' lang='lat' dir='ltr'><strong>estex</strong></span> <span class='ocrx_word' id='word_1_222' title='bbox 3449 1697 3720 1764; x_wconf 87' lang='lat' dir='ltr'><strong>Deo;per</strong></span> 
     </span>
    </p>
   </div>
   <div class='ocr_carea' id='block_1_32' title="bbox 2134 1786 3716 1864">
    <p class='ocr_par' dir='ltr' id='par_1_32' title="bbox 2134 1786 3716 1864">
     <span class='ocr_line' id='line_1_32' title="bbox 2134 1786 3716 1864; baseline -0.006 -16"><span class='ocrx_word' id='word_1_223' title='bbox 2134 1810 2298 1864; x_wconf 91' lang='lat' dir='ltr'><strong>quem</strong></span> <span class='ocrx_word' id='word_1_224' title='bbox 2335 1803 2392 1849; x_wconf 91' lang='lat' dir='ltr'><strong>et</strong></span> <span class='ocrx_word' id='word_1_225' title='bbox 2414 1795 2612 1849; x_wconf 72' lang='lat' dir='ltr'><strong>saecula</strong></span> <span class='ocrx_word' id='word_1_226' title='bbox 2642 1793 2880 1857; x_wconf 90' lang='lat' dir='ltr'><strong>condita,</strong></span> <span class='ocrx_word' id='word_1_227' title='bbox 2917 1801 2973 1846; x_wconf 88' lang='lat' dir='ltr'><strong>et</strong></span> <span class='ocrx_word' id='word_1_228' title='bbox 2995 1791 3179 1844; x_wconf 90' lang='lat' dir='ltr'><strong>omnia</strong></span> <span class='ocrx_word' id='word_1_229' title='bbox 3226 1789 3369 1844; x_wconf 82' lang='lat' dir='ltr'><strong>facta</strong></span> <span class='ocrx_word' id='word_1_230' title='bbox 3413 1796 3543 1842; x_wconf 88' lang='lat' dir='ltr'><strong>sunt</strong></span> <span class='ocrx_word' id='word_1_231' title='bbox 3577 1805 3589 1840; x_wconf 89' lang='lat'><strong>:</strong></span> <span class='ocrx_word' id='word_1_232' title='bbox 3621 1786 3716 1855; x_wconf 91' lang='lat' dir='ltr'><strong>qui</strong></span> 
     </span>
    </p>
   </div>
   <div class='ocr_carea' id='block_1_33' title="bbox 2134 1877 3719 1956">
    <p class='ocr_par' dir='ltr' id='par_1_33' title="bbox 2134 1877 3719 1956">
     <span class='ocr_line' id='line_1_33' title="bbox 2134 1877 3719 1956; baseline -0.007 -17"><span class='ocrx_word' id='word_1_233' title='bbox 2134 1886 2351 1956; x_wconf 85' lang='lat' dir='ltr'><strong>genitus</strong></span> <span class='ocrx_word' id='word_1_234' title='bbox 2378 1892 2462 1939; x_wconf 90' lang='lat' dir='ltr'><strong>est</strong></span> <span class='ocrx_word' id='word_1_235' title='bbox 2489 1900 2556 1936; x_wconf 76' lang='lat' dir='ltr'><strong>ex</strong></span> <span class='ocrx_word' id='word_1_236' title='bbox 2585 1885 2743 1936; x_wconf 83' lang='lat' dir='ltr'><strong>Patre</strong></span> <span class='ocrx_word' id='word_1_237' title='bbox 2768 1881 3101 1950; x_wconf 82' lang='lat' dir='ltr'><strong>unigenitus,</strong></span> <span class='ocrx_word' id='word_1_238' title='bbox 3131 1880 3280 1933; x_wconf 89' lang='lat' dir='ltr'><strong>solus</strong></span> <span class='ocrx_word' id='word_1_239' title='bbox 3313 1895 3380 1932; x_wconf 81' lang='lat' dir='ltr'><strong>ex</strong></span> <span class='ocrx_word' id='word_1_240' title='bbox 3415 1877 3551 1940; x_wconf 90' lang='lat' dir='ltr'><strong>solo,</strong></span> <span class='ocrx_word' id='word_1_241' title='bbox 3575 1877 3719 1929; x_wconf 85' lang='lat' dir='ltr'><strong>Deus</strong></span> 
     </span>
    </p>
   </div>
   <div class='ocr_carea' id='block_1_34' title="bbox 451 1959 2237 2041">
    <p class='ocr_par' dir='ltr' id='par_1_34' title="bbox 451 1959 2205 2041">
     <span class='ocr_line' id='line_1_34' title="bbox 451 1959 2205 2041; baseline 0.011 -34"><span class='ocrx_word' id='word_1_242' title='bbox 451 1959 723 2028; x_wconf 84' lang='grc' dir='ltr'>μονογενῆ</span> <span class='ocrx_word' id='word_1_243' title='bbox 765 1959 934 2013; x_wconf 84' lang='grc' dir='ltr'>αὐτοῦ</span> <span class='ocrx_word' id='word_1_244' title='bbox 963 1961 1113 2027; x_wconf 84' lang='grc' dir='ltr'>Υἰὸν,</span> <span class='ocrx_word' id='word_1_245' title='bbox 1152 1962 1379 2034; x_wconf 84' lang='grc' dir='ltr'>νεύματι</span> <span class='ocrx_word' id='word_1_246' title='bbox 1424 1968 1676 2039; x_wconf 89' lang='grc' dir='ltr'>πατρικῷ</span> <span class='ocrx_word' id='word_1_247' title='bbox 1728 1971 2036 2041; x_wconf 85' lang='grc' dir='ltr'>παραγενό-</span> <span class='ocrx_word' id='word_1_248' title='bbox 2065 1969 2109 2024; x_wconf 86' lang='grc' dir='ltr'><strong><em>Β</em></strong></span> <span class='ocrx_word' id='word_1_249' title='bbox 2136 1993 2205 2032; x_wconf 82' lang='lat' dir='ltr'><strong>ex</strong></span> 
     </span>
    </p>
   </div>
   <div class='ocr_carea' id='block_1_35' title="bbox 1928 1959 3714 2041">
    <p class='ocr_par' dir='ltr' id='par_1_35' title="bbox 1928 1967 3714 2041">
     <span class='ocr_line' id='line_1_35' title="bbox 1928 1967 3714 2041; baseline -0.007 -10"><span class='ocrx_word' id='word_1_250' title='bbox 1928 1971 2036 2023; x_wconf 79' lang='grc' dir='ltr'>ενό·</span> <span class='ocrx_word' id='word_1_251' title='bbox 2065 1969 2109 2024; x_wconf 85' lang='grc' dir='ltr'><strong>Β</strong></span> <span class='ocrx_word' id='word_1_252' title='bbox 2136 1993 2205 2032; x_wconf 82' lang='lat' dir='ltr'><strong>ex</strong></span> <span class='ocrx_word' id='word_1_253' title='bbox 2237 1976 2368 2039; x_wconf 89' lang='lat' dir='ltr'><strong>Deo,</strong></span> <span class='ocrx_word' id='word_1_254' title='bbox 2410 1975 2603 2028; x_wconf 87' lang='lat' dir='ltr'><strong>similis</strong></span> <span class='ocrx_word' id='word_1_255' title='bbox 2641 1972 2787 2026; x_wconf 86' lang='lat' dir='ltr'><strong>Patri</strong></span> <span class='ocrx_word' id='word_1_256' title='bbox 2814 1972 2907 2041; x_wconf 89' lang='lat' dir='ltr'><strong>qui</strong></span> <span class='ocrx_word' id='word_1_257' title='bbox 2933 1971 3112 2040; x_wconf 90' lang='lat' dir='ltr'><strong>ipsum</strong></span> <span class='ocrx_word' id='word_1_258' title='bbox 3147 1969 3356 2040; x_wconf 82' lang='lat' dir='ltr'><strong>genuit,</strong></span> <span class='ocrx_word' id='word_1_259' title='bbox 3414 1967 3714 2021; x_wconf 89' lang='lat' dir='ltr'><strong>secundum</strong></span> 
     </span>
    </p>
   </div>
   <div class='ocr_carea' id='block_1_36' title="bbox 450 2049 2032 2133">
    <p class='ocr_par' dir='ltr' id='par_1_36' title="bbox 450 2049 2032 2133">
     <span class='ocr_line' id='line_1_36' title="bbox 450 2049 2032 2133; baseline 0.01 -32"><span class='ocrx_word' id='word_1_260' title='bbox 450 2065 611 2118; x_wconf 85' lang='grc' dir='ltr'>μενον</span> <span class='ocrx_word' id='word_1_261' title='bbox 641 2053 707 2104; x_wconf 83' lang='grc' dir='ltr'><strong>ἐκ</strong></span> <span class='ocrx_word' id='word_1_262' title='bbox 729 2049 840 2104; x_wconf 91' lang='grc' dir='ltr'><strong>τῶν</strong></span> <span class='ocrx_word' id='word_1_263' title='bbox 865 2054 1114 2124; x_wconf 87' lang='grc' dir='ltr'>οὐρανῶν</span> <span class='ocrx_word' id='word_1_264' title='bbox 1155 2057 1234 2120; x_wconf 93' lang='grc' dir='ltr'><strong>εἰς</strong></span> <span class='ocrx_word' id='word_1_265' title='bbox 1283 2057 1542 2128; x_wconf 79' lang='grc' dir='ltr'>ἀθέτησιν</span> <span class='ocrx_word' id='word_1_266' title='bbox 1591 2064 1690 2132; x_wconf 80' lang='grc' dir='ltr'><strong>τῆς</strong></span> <span class='ocrx_word' id='word_1_267' title='bbox 1723 2063 2032 2133; x_wconf 78' lang='grc' dir='ltr'>ἁμαρτίαςο</span> 
     </span>
    </p>
   </div>
   <div class='ocr_carea' id='block_1_37' title="bbox 449 2142 2037 2224">
    <p class='ocr_par' dir='ltr' id='par_1_37' title="bbox 449 2142 2037 2224">
     <span class='ocr_line' id='line_1_37' title="bbox 449 2142 2037 2224; baseline 0.009 -30"><span class='ocrx_word' id='word_1_268' title='bbox 449 2142 546 2194; x_wconf 74' lang='grc' dir='ltr'>καὶ</span> <span class='ocrx_word' id='word_1_269' title='bbox 591 2143 921 2215; x_wconf 80' lang='grc' dir='ltr'>γεννηθέντα</span> <span class='ocrx_word' id='word_1_270' title='bbox 952 2147 1020 2200; x_wconf 90' lang='grc' dir='ltr'><strong>ἐκ</strong></span> <span class='ocrx_word' id='word_1_271' title='bbox 1061 2145 1278 2219; x_wconf 72' lang='grc' dir='ltr'>Μαρίας</span> <span class='ocrx_word' id='word_1_272' title='bbox 1315 2152 1415 2222; x_wconf 77' lang='grc' dir='ltr'><strong>τῆς</strong></span> <span class='ocrx_word' id='word_1_273' title='bbox 1450 2152 1729 2224; x_wconf 80' lang='grc' dir='ltr'>Παρθένου</span> <span class='ocrx_word' id='word_1_274' title='bbox 1749 2195 1764 2219; x_wconf 94' lang='grc'><strong>,</strong></span> <span class='ocrx_word' id='word_1_275' title='bbox 1793 2155 1888 2208; x_wconf 77' lang='grc' dir='ltr'>καὶ</span> <span class='ocrx_word' id='word_1_276' title='bbox 1911 2156 2037 2209; x_wconf 80' lang='grc' dir='ltr'>ἀνα-</span> 
     </span>
    </p>
   </div>
   <div class='ocr_carea' id='block_1_38' title="bbox 452 2236 2031 2318">
    <p class='ocr_par' dir='ltr' id='par_1_38' title="bbox 452 2236 2031 2318">
     <span class='ocr_line' id='line_1_38' title="bbox 452 2236 2031 2318; baseline 0.01 -31"><span class='ocrx_word' id='word_1_277' title='bbox 452 2236 764 2307; x_wconf 56' lang='grc' dir='ltr'>στραφὲν-τα</span> <span class='ocrx_word' id='word_1_278' title='bbox 791 2239 932 2308; x_wconf 87' lang='grc' dir='ltr'><strong>μετά</strong></span> <span class='ocrx_word' id='word_1_279' title='bbox 955 2240 1066 2294; x_wconf 84' lang='grc' dir='ltr'><strong>τῶν</strong></span> <span class='ocrx_word' id='word_1_280' title='bbox 1106 2241 1388 2313; x_wconf 74' lang='grc' dir='ltr'>μαθητῶν,</span> <span class='ocrx_word' id='word_1_281' title='bbox 1424 2245 1518 2298; x_wconf 77' lang='grc' dir='ltr'>καὶ</span> <span class='ocrx_word' id='word_1_282' title='bbox 1546 2247 1730 2301; x_wconf 80' lang='grc' dir='ltr'>πᾶσαν</span> <span class='ocrx_word' id='word_1_283' title='bbox 1752 2249 1852 2318; x_wconf 78' lang='grc' dir='ltr'>τὴν</span> <span class='ocrx_word' id='word_1_284' title='bbox 1885 2249 2031 2303; x_wconf 85' lang='grc' dir='ltr'>οἰκο-</span> 
     </span>
    </p>
   </div>
   <div class='ocr_carea' id='block_1_39' title="bbox 447 2326 2032 2413">
    <p class='ocr_par' dir='ltr' id='par_1_39' title="bbox 447 2326 2032 2413">
     <span class='ocr_line' id='line_1_39' title="bbox 447 2326 2032 2413; baseline 0.012 -36"><span class='ocrx_word' id='word_1_285' title='bbox 447 2326 644 2396; x_wconf 89' lang='grc' dir='ltr'>νομίαν</span> <span class='ocrx_word' id='word_1_286' title='bbox 691 2327 1066 2401; x_wconf 83' lang='grc' dir='ltr'>πληρώσαντα</span> <span class='ocrx_word' id='word_1_287' title='bbox 1114 2335 1255 2388; x_wconf 85' lang='grc' dir='ltr'><strong>κατά</strong></span> <span class='ocrx_word' id='word_1_288' title='bbox 1285 2335 1386 2406; x_wconf 81' lang='grc' dir='ltr'>τὴν</span> <span class='ocrx_word' id='word_1_289' title='bbox 1416 2340 1691 2410; x_wconf 81' lang='grc' dir='ltr'>πατρικὴν</span> <span class='ocrx_word' id='word_1_290' title='bbox 1745 2340 2032 2413; x_wconf 79' lang='grc' dir='ltr'>βούλησινο</span> 
     </span>
    </p>
   </div>
   <div class='ocr_carea' id='block_1_40' title="bbox 450 2417 2034 2503">
    <p class='ocr_par' dir='ltr' id='par_1_40' title="bbox 450 2417 2034 2503">
     <span class='ocr_line' id='line_1_40' title="bbox 450 2417 2034 2503; baseline 0.013 -36"><span class='ocrx_word' id='word_1_291' title='bbox 450 2417 836 2488; x_wconf 78' lang='grc' dir='ltr'>σταυρωθέντα</span> <span class='ocrx_word' id='word_1_292' title='bbox 884 2423 980 2474; x_wconf 79' lang='grc' dir='ltr'>καὶ</span> <span class='ocrx_word' id='word_1_293' title='bbox 1005 2423 1367 2489; x_wconf 84' lang='grc' dir='ltr'>ἀποθανόντα,</span> <span class='ocrx_word' id='word_1_294' title='bbox 1392 2429 1585 2492; x_wconf 86' lang='grc' dir='ltr'>καὶείς</span> <span class='ocrx_word' id='word_1_295' title='bbox 1609 2430 1680 2484; x_wconf 89' lang='grc' dir='ltr'><strong>τά</strong></span> <span class='ocrx_word' id='word_1_296' title='bbox 1703 2433 2034 2503; x_wconf 86' lang='grc' dir='ltr'>καταχθόνια</span> 
     </span>
    </p>
   </div>
   <div class='ocr_carea' id='block_1_41' title="bbox 450 2508 2035 2592">
    <p class='ocr_par' dir='ltr' id='par_1_41' title="bbox 450 2508 2035 2592">
     <span class='ocr_line' id='line_1_41' title="bbox 450 2508 2035 2592; baseline 0.013 -32"><span class='ocrx_word' id='word_1_297' title='bbox 450 2508 789 2566; x_wconf 84' lang='grc' dir='ltr'>κατελθόντα</span> <span class='ocrx_word' id='word_1_298' title='bbox 818 2513 865 2578; x_wconf 71' lang='grc' dir='ltr'>ί,</span> <span class='ocrx_word' id='word_1_299' title='bbox 897 2514 994 2569; x_wconf 81' lang='grc' dir='ltr'>καὶ</span> <span class='ocrx_word' id='word_1_300' title='bbox 1020 2515 1092 2569; x_wconf 89' lang='grc' dir='ltr'><strong>τά</strong></span> <span class='ocrx_word' id='word_1_301' title='bbox 1137 2517 1321 2571; x_wconf 79' lang='grc' dir='ltr'>ἐκεῖσε</span> <span class='ocrx_word' id='word_1_302' title='bbox 1345 2520 1782 2592; x_wconf 84' lang='grc' dir='ltr'>οἰκονομήσαντα</span> <span class='ocrx_word' id='word_1_303' title='bbox 1805 2543 1819 2555; x_wconf 77' lang='grc' dir='ltr'><strong><em>ο</em></strong></span> <span class='ocrx_word' id='word_1_304' title='bbox 1848 2526 1907 2579; x_wconf 85' lang='grc' dir='ltr'>ὃν</span> <span class='ocrx_word' id='word_1_305' title='bbox 1933 2545 2035 2581; x_wconf 84' lang='grc' dir='ltr'>πυ-</span> 
     </span>
    </p>
   </div>
   <div class='ocr_carea' id='block_1_42' title="bbox 447 2598 2034 2692">
    <p class='ocr_par' dir='ltr' id='par_1_42' title="bbox 447 2598 2034 2692">
     <span class='ocr_line' id='line_1_42' title="bbox 447 2598 2034 2692; baseline 0.013 -39"><span class='ocrx_word' id='word_1_306' title='bbox 447 2598 613 2672; x_wconf 77' lang='grc' dir='ltr'><strong>λωροί</strong></span> <span class='ocrx_word' id='word_1_307' title='bbox 641 2601 772 2674; x_wconf 74' lang='grc' dir='ltr'>ᾅδου</span> <span class='ocrx_word' id='word_1_308' title='bbox 806 2605 1007 2670; x_wconf 88' lang='grc' dir='ltr'>ἰδόντες</span> <span class='ocrx_word' id='word_1_309' title='bbox 1029 2607 1263 2680; x_wconf 70' lang='grc' dir='ltr'>ἔφριξαν</span> <span class='ocrx_word' id='word_1_310' title='bbox 1279 2626 1293 2640; x_wconf 87' lang='grc'><strong>·</strong></span> <span class='ocrx_word' id='word_1_311' title='bbox 1329 2612 1425 2666; x_wconf 80' lang='grc' dir='ltr'>καὶ</span> <span class='ocrx_word' id='word_1_312' title='bbox 1451 2613 1762 2670; x_wconf 79' lang='grc' dir='ltr'>ἀναστάντα</span> <span class='ocrx_word' id='word_1_313' title='bbox 1783 2620 1850 2689; x_wconf 82' lang='grc' dir='ltr'><strong>τῇ</strong></span> <span class='ocrx_word' id='word_1_314' title='bbox 1877 2619 2034 2692; x_wconf 76' lang='grc' dir='ltr'>τρίτῃ</span> 
     </span>
    </p>
   </div>
   <div class='ocr_carea' id='block_1_43' title="bbox 452 2692 2035 2781">
    <p class='ocr_par' dir='ltr' id='par_1_43' title="bbox 452 2692 2035 2781">
     <span class='ocr_line' id='line_1_43' title="bbox 452 2692 2035 2781; baseline 0.013 -37"><span class='ocrx_word' id='word_1_315' title='bbox 452 2692 635 2765; x_wconf 66' lang='grc' dir='ltr'>ἡμέρᾳ</span> <span class='ocrx_word' id='word_1_316' title='bbox 662 2695 759 2748; x_wconf 79' lang='grc' dir='ltr'><strong>καὶ</strong></span> <span class='ocrx_word' id='word_1_317' title='bbox 803 2697 1226 2770; x_wconf 78' lang='grc' dir='ltr'>ἀναστραφέντα</span> <span class='ocrx_word' id='word_1_318' title='bbox 1273 2703 1414 2774; x_wconf 87' lang='grc' dir='ltr'><strong>μετά</strong></span> <span class='ocrx_word' id='word_1_319' title='bbox 1453 2705 1562 2760; x_wconf 89' lang='grc' dir='ltr'><strong>τῶν</strong></span> <span class='ocrx_word' id='word_1_320' title='bbox 1610 2709 1890 2781; x_wconf 88' lang='grc' dir='ltr'>μαθητῶν.</span> <span class='ocrx_word' id='word_1_321' title='bbox 1923 2712 2035 2765; x_wconf 74' lang='grc' dir='ltr'><strong>Καὶ</strong></span> 
     </span>
    </p>
   </div>
   <div class='ocr_carea' id='block_1_44' title="bbox 450 2786 2038 2874">
    <p class='ocr_par' dir='ltr' id='par_1_44' title="bbox 450 2786 2038 2874">
     <span class='ocr_line' id='line_1_44' title="bbox 450 2786 2038 2874; baseline 0.014 -39"><span class='ocrx_word' id='word_1_322' title='bbox 450 2786 865 2857; x_wconf 86' lang='grc' dir='ltr'>τεσσαράκοντα</span> <span class='ocrx_word' id='word_1_323' title='bbox 915 2792 1140 2863; x_wconf 75' lang='grc' dir='ltr'>ἡμερῶν</span> <span class='ocrx_word' id='word_1_324' title='bbox 1191 2796 1606 2869; x_wconf 84' lang='grc' dir='ltr'>πληρουμένων,</span> <span class='ocrx_word' id='word_1_325' title='bbox 1658 2802 2038 2874; x_wconf 82' lang='grc' dir='ltr'>ἀναληφθέντα</span> 
     </span>
    </p>
   </div>
   <div class='ocr_carea' id='block_1_45' title="bbox 450 2877 2034 2962">
    <p class='ocr_par' dir='ltr' id='par_1_45' title="bbox 450 2877 2034 2962">
     <span class='ocr_line' id='line_1_45' title="bbox 450 2877 2034 2962; baseline 0.015 -35"><span class='ocrx_word' id='word_1_326' title='bbox 450 2877 531 2939; x_wconf 85' lang='grc' dir='ltr'><strong>εἰς</strong></span> <span class='ocrx_word' id='word_1_327' title='bbox 566 2878 694 2941; x_wconf 77' lang='grc' dir='ltr'>τοὺς</span> <span class='ocrx_word' id='word_1_328' title='bbox 739 2882 1036 2951; x_wconf 84' lang='grc' dir='ltr'>οὐρανοὺς,</span> <span class='ocrx_word' id='word_1_329' title='bbox 1072 2886 1169 2941; x_wconf 76' lang='grc' dir='ltr'>καὶ</span> <span class='ocrx_word' id='word_1_330' title='bbox 1210 2889 1577 2962; x_wconf 81' lang='grc' dir='ltr'>καθεζόμενον</span> <span class='ocrx_word' id='word_1_331' title='bbox 1613 2895 1679 2948; x_wconf 81' lang='grc' dir='ltr'><strong>ἐκ</strong></span> <span class='ocrx_word' id='word_1_332' title='bbox 1713 2895 1903 2960; x_wconf 79' lang='grc' dir='ltr'>δεξιῶν</span> <span class='ocrx_word' id='word_1_333' title='bbox 1938 2897 2034 2950; x_wconf 87' lang='grc' dir='ltr'><strong>τοῦ</strong></span> 
     </span>
    </p>
   </div>
   <div class='ocr_carea' id='block_1_46' title="bbox 451 2971 2037 3064">
    <p class='ocr_par' dir='ltr' id='par_1_46' title="bbox 451 2971 2037 3064">
     <span class='ocr_line' id='line_1_46' title="bbox 451 2971 2037 3064; baseline 0.021 -41"><span class='ocrx_word' id='word_1_334' title='bbox 451 2971 666 3043; x_wconf 86' lang='grc' dir='ltr'>Πατρός</span> <span class='ocrx_word' id='word_1_335' title='bbox 687 2991 704 3006; x_wconf 78' lang='grc' dir='ltr'><strong><em>ο</em></strong></span> <span class='ocrx_word' id='word_1_336' title='bbox 747 2977 844 3030; x_wconf 76' lang='grc' dir='ltr'>καὶ</span> <span class='ocrx_word' id='word_1_337' title='bbox 868 2978 1226 3050; x_wconf 74' lang='grc' dir='ltr'>ἐλευσόμενον</span> <span class='ocrx_word' id='word_1_338' title='bbox 1260 2985 1328 3054; x_wconf 77' lang='grc' dir='ltr'><strong>τῇ</strong></span> <span class='ocrx_word' id='word_1_339' title='bbox 1366 2983 1569 3056; x_wconf 79' lang='grc' dir='ltr'>ἐσχάτῃ</span> <span class='ocrx_word' id='word_1_340' title='bbox 1604 2987 1789 3059; x_wconf 69' lang='grc' dir='ltr'>ἡμέρᾳ</span> <span class='ocrx_word' id='word_1_341' title='bbox 1813 2991 1880 3060; x_wconf 79' lang='grc' dir='ltr'>τῇ</span> <span class='ocrx_word' id='word_1_342' title='bbox 1911 2989 2037 3064; x_wconf 72' lang='grc' dir='ltr'><strong>δόξῃ</strong></span> 
     </span>
    </p>
   </div>
   <div class='ocr_carea' id='block_1_47' title="bbox 451 3064 2032 3149">
    <p class='ocr_par' dir='ltr' id='par_1_47' title="bbox 451 3064 2032 3149">
     <span class='ocr_line' id='line_1_47' title="bbox 451 3064 2032 3149; baseline 0.013 -35"><span class='ocrx_word' id='word_1_343' title='bbox 451 3064 518 3132; x_wconf 78' lang='grc' dir='ltr'>τῇ</span> <span class='ocrx_word' id='word_1_344' title='bbox 551 3069 818 3137; x_wconf 80' lang='grc' dir='ltr'>πατρικῇ,</span> <span class='ocrx_word' id='word_1_345' title='bbox 845 3068 1165 3122; x_wconf 79' lang='grc' dir='ltr'>ἀποδιδόντα</span> <span class='ocrx_word' id='word_1_346' title='bbox 1193 3072 1410 3144; x_wconf 79' lang='grc' dir='ltr'>ἑκάστῳ</span> <span class='ocrx_word' id='word_1_347' title='bbox 1431 3076 1575 3130; x_wconf 85' lang='grc' dir='ltr'><strong>κατά</strong></span> <span class='ocrx_word' id='word_1_348' title='bbox 1596 3077 1666 3130; x_wconf 88' lang='grc' dir='ltr'><strong>τά</strong></span> <span class='ocrx_word' id='word_1_349' title='bbox 1687 3078 1826 3149; x_wconf 74' lang='grc' dir='ltr'>ἔργα</span> <span class='ocrx_word' id='word_1_350' title='bbox 1845 3081 2032 3135; x_wconf 86' lang='grc' dir='ltr'>αὑτοῦ.</span> 
     </span>
    </p>
   </div>
   <div class='ocr_carea' id='block_1_48' title="bbox 450 3245 2032 3332">
    <p class='ocr_par' dir='ltr' id='par_1_48' title="bbox 450 3245 2032 3332">
     <span class='ocr_line' id='line_1_48' title="bbox 450 3245 2032 3332; baseline 0.01 -35"><span class='ocrx_word' id='word_1_351' title='bbox 450 3245 586 3298; x_wconf 92' lang='grc' dir='ltr'>Θεοῦ</span> <span class='ocrx_word' id='word_1_352' title='bbox 622 3247 752 3311; x_wconf 81' lang='grc' dir='ltr'>Υἰδς</span> <span class='ocrx_word' id='word_1_353' title='bbox 791 3251 999 3320; x_wconf 81' lang='grc' dir='ltr'>Ἰησοῦς</span> <span class='ocrx_word' id='word_1_354' title='bbox 1039 3254 1274 3326; x_wconf 76' lang='grc' dir='ltr'>Χριστος</span> <span class='ocrx_word' id='word_1_355' title='bbox 1304 3256 1671 3326; x_wconf 80' lang='grc' dir='ltr'>ἐπηγγείλατο</span> <span class='ocrx_word' id='word_1_356' title='bbox 1703 3259 1917 3331; x_wconf 81' lang='grc' dir='ltr'>πέμψαι</span> <span class='ocrx_word' id='word_1_357' title='bbox 1954 3262 2032 3332; x_wconf 85' lang='grc' dir='ltr'>τῷ</span> 
     </span>
    </p>
   </div>
   <div class='ocr_carea' id='block_1_49' title="bbox 2138 2059 3714 2137">
    <p class='ocr_par' dir='ltr' id='par_1_49' title="bbox 2138 2059 3714 2137">
     <span class='ocr_line' id='line_1_49' title="bbox 2138 2059 3714 2137; baseline -0.006 -16"><span class='ocrx_word' id='word_1_358' title='bbox 2138 2068 2451 2137; x_wconf 89' lang='lat' dir='ltr'><strong>Scripturas</strong></span> <span class='ocrx_word' id='word_1_359' title='bbox 2481 2085 2493 2118; x_wconf 88' lang='lat'>:</span> <span class='ocrx_word' id='word_1_360' title='bbox 2529 2066 2686 2135; x_wconf 85' lang='lat' dir='ltr'><strong>cujus</strong></span> <span class='ocrx_word' id='word_1_361' title='bbox 2710 2063 3116 2134; x_wconf 82' lang='lat' dir='ltr'><strong>generationem</strong></span> <span class='ocrx_word' id='word_1_362' title='bbox 3155 2076 3316 2115; x_wconf 90' lang='lat' dir='ltr'><strong>nemo</strong></span> <span class='ocrx_word' id='word_1_363' title='bbox 3380 2059 3554 2122; x_wconf 80' lang='lat' dir='ltr'><strong>novit,</strong></span> <span class='ocrx_word' id='word_1_364' title='bbox 3610 2060 3714 2112; x_wconf 84' lang='lat' dir='ltr'><strong>nisi</strong></span> 
     </span>
    </p>
   </div>
   <div class='ocr_carea' id='block_1_50' title="bbox 2135 2152 3714 2229">
    <p class='ocr_par' dir='ltr' id='par_1_50' title="bbox 2135 2152 3714 2229">
     <span class='ocr_line' id='line_1_50' title="bbox 2135 2152 3714 2229; baseline -0.007 -15"><span class='ocrx_word' id='word_1_365' title='bbox 2135 2160 2297 2215; x_wconf 87' lang='lat' dir='ltr'><strong>Pater</strong></span> <span class='ocrx_word' id='word_1_366' title='bbox 2318 2159 2413 2229; x_wconf 84' lang='grc' dir='ltr'>(ιυί</span> <span class='ocrx_word' id='word_1_367' title='bbox 2441 2159 2620 2228; x_wconf 90' lang='lat' dir='ltr'><strong>ipsum</strong></span> <span class='ocrx_word' id='word_1_368' title='bbox 2649 2157 2858 2228; x_wconf 83' lang='lat' dir='ltr'><strong>genuit.</strong></span> <span class='ocrx_word' id='word_1_369' title='bbox 2913 2155 3070 2210; x_wconf 91' lang='lat' dir='ltr'><strong>Hunc</strong></span> <span class='ocrx_word' id='word_1_370' title='bbox 3122 2154 3464 2225; x_wconf 83' lang='lat' dir='ltr'><strong>unigenitum</strong></span> <span class='ocrx_word' id='word_1_371' title='bbox 3516 2152 3714 2206; x_wconf 87' lang='lat' dir='ltr'><strong>Filium</strong></span> 
     </span>
    </p>
   </div>
   <div class='ocr_carea' id='block_1_51' title="bbox 2134 2245 3719 2320">
    <p class='ocr_par' dir='ltr' id='par_1_51' title="bbox 2134 2245 3719 2320">
     <span class='ocr_line' id='line_1_51' title="bbox 2134 2245 3719 2320; baseline -0.006 -14"><span class='ocrx_word' id='word_1_372' title='bbox 2134 2253 2253 2316; x_wconf 89' lang='lat' dir='ltr'><strong>Dei,</strong></span> <span class='ocrx_word' id='word_1_373' title='bbox 2283 2260 2419 2305; x_wconf 91' lang='lat' dir='ltr'><strong>nutu</strong></span> <span class='ocrx_word' id='word_1_374' title='bbox 2444 2258 2673 2320; x_wconf 87' lang='lat' dir='ltr'><strong>paterno</strong></span> <span class='ocrx_word' id='word_1_375' title='bbox 2702 2267 2732 2304; x_wconf 93' lang='lat' dir='ltr'><strong>e</strong></span> <span class='ocrx_word' id='word_1_376' title='bbox 2765 2250 2903 2304; x_wconf 65' lang='lat' dir='ltr'><strong>caalo</strong></span> <span class='ocrx_word' id='word_1_377' title='bbox 2938 2250 2994 2302; x_wconf 93' lang='lat' dir='ltr'><strong>in</strong></span> <span class='ocrx_word' id='word_1_378' title='bbox 3037 2255 3211 2301; x_wconf 87' lang='lat' dir='ltr'><strong>terras</strong></span> <span class='ocrx_word' id='word_1_379' title='bbox 3273 2245 3562 2299; x_wconf 82' lang='lat' dir='ltr'><strong>advenisse</strong></span> <span class='ocrx_word' id='word_1_380' title='bbox 3614 2245 3719 2297; x_wconf 86' lang='lat' dir='ltr'><strong>sei-</strong></span> 
     </span>
    </p>
   </div>
   <div class='ocr_carea' id='block_1_52' title="bbox 2135 2334 3715 2412">
    <p class='ocr_par' dir='ltr' id='par_1_52' title="bbox 2135 2334 3715 2412">
     <span class='ocr_line' id='line_1_52' title="bbox 2135 2334 3715 2412; baseline -0.008 -14"><span class='ocrx_word' id='word_1_381' title='bbox 2135 2359 2259 2398; x_wconf 92' lang='lat' dir='ltr'><strong>mus</strong></span> <span class='ocrx_word' id='word_1_382' title='bbox 2295 2344 2363 2398; x_wconf 88' lang='lat' dir='ltr'><strong>ad</strong></span> <span class='ocrx_word' id='word_1_383' title='bbox 2393 2350 2678 2412; x_wconf 86' lang='lat' dir='ltr'><strong>peccatum</strong></span> <span class='ocrx_word' id='word_1_384' title='bbox 2704 2339 3057 2403; x_wconf 90' lang='lat' dir='ltr'><strong>abolendum,</strong></span> <span class='ocrx_word' id='word_1_385' title='bbox 3089 2345 3146 2392; x_wconf 89' lang='lat' dir='ltr'><strong>et</strong></span> <span class='ocrx_word' id='word_1_386' title='bbox 3188 2353 3255 2391; x_wconf 81' lang='lat' dir='ltr'><strong>ex</strong></span> <span class='ocrx_word' id='word_1_387' title='bbox 3302 2335 3470 2390; x_wconf 81' lang='lat' dir='ltr'><strong>Maria</strong></span> <span class='ocrx_word' id='word_1_388' title='bbox 3493 2334 3715 2404; x_wconf 75' lang='lat' dir='ltr'><strong>Virgine</strong></span> 
     </span>
    </p>
   </div>
   <div class='ocr_carea' id='block_1_53' title="bbox 2133 2426 3718 2502">
    <p class='ocr_par' dir='ltr' id='par_1_53' title="bbox 2133 2426 3718 2502">
     <span class='ocr_line' id='line_1_53' title="bbox 2133 2426 3718 2502; baseline -0.007 -12"><span class='ocrx_word' id='word_1_389' title='bbox 2133 2445 2347 2499; x_wconf 90' lang='lat' dir='ltr'><strong>natum,</strong></span> <span class='ocrx_word' id='word_1_390' title='bbox 2372 2444 2648 2490; x_wconf 80' lang='lat' dir='ltr'><strong>versatum</strong></span> <span class='ocrx_word' id='word_1_391' title='bbox 2671 2449 2796 2488; x_wconf 91' lang='lat' dir='ltr'><strong>cum</strong></span> <span class='ocrx_word' id='word_1_392' title='bbox 2821 2429 3128 2502; x_wconf 89' lang='lat' dir='ltr'><strong>discipulis,</strong></span> <span class='ocrx_word' id='word_1_393' title='bbox 3171 2430 3326 2500; x_wconf 84' lang='lat' dir='ltr'><strong>juxta</strong></span> <span class='ocrx_word' id='word_1_394' title='bbox 3376 2426 3553 2482; x_wconf 86' lang='lat' dir='ltr'><strong>Patris</strong></span> <span class='ocrx_word' id='word_1_395' title='bbox 3620 2443 3718 2480; x_wconf 85' lang='lat' dir='ltr'><strong>vo-</strong></span> 
     </span>
    </p>
   </div>
   <div class='ocr_carea' id='block_1_54' title="bbox 2134 2519 3712 2595">
    <p class='ocr_par' dir='ltr' id='par_1_54' title="bbox 2134 2519 3712 2595">
     <span class='ocr_line' id='line_1_54' title="bbox 2134 2519 3712 2595; baseline -0.007 -12"><span class='ocrx_word' id='word_1_396' title='bbox 2134 2529 2402 2583; x_wconf 84' lang='lat' dir='ltr'><strong>luntatem</strong></span> <span class='ocrx_word' id='word_1_397' title='bbox 2452 2532 2669 2582; x_wconf 77' lang='lat' dir='ltr'><strong>Omnem</strong></span> <span class='ocrx_word' id='word_1_398' title='bbox 2747 2524 3213 2595; x_wconf 86' lang='lat' dir='ltr'><strong>dispensationem</strong></span> <span class='ocrx_word' id='word_1_399' title='bbox 3282 2519 3668 2589; x_wconf 88' lang='lat' dir='ltr'><strong>adimplevisse</strong></span> <span class='ocrx_word' id='word_1_400' title='bbox 3698 2557 3712 2581; x_wconf 92' lang='lat'><strong>,</strong></span> 
     </span>
    </p>
   </div>
   <div class='ocr_carea' id='block_1_55' title="bbox 2141 2611 3718 2692">
    <p class='ocr_par' dir='ltr' id='par_1_55' title="bbox 2141 2611 3718 2692">
     <span class='ocr_line' id='line_1_55' title="bbox 2141 2611 3718 2692; baseline -0.008 -16"><span class='ocrx_word' id='word_1_401' title='bbox 2141 2622 2296 2692; x_wconf 81' lang='lat'><strong>137</strong></span> <span class='ocrx_word' id='word_1_402' title='bbox 2322 2619 2640 2674; x_wconf 78' lang='lat' dir='ltr'><strong>cruciﬁxum</strong></span> <span class='ocrx_word' id='word_1_403' title='bbox 2665 2625 2721 2674; x_wconf 91' lang='lat' dir='ltr'><strong>et</strong></span> <span class='ocrx_word' id='word_1_404' title='bbox 2765 2626 3040 2673; x_wconf 90' lang='lat' dir='ltr'><strong>mortuum</strong></span> <span class='ocrx_word' id='word_1_405' title='bbox 3065 2630 3205 2680; x_wconf 83' lang='lat' dir='ltr'><strong>esse,</strong></span> <span class='ocrx_word' id='word_1_406' title='bbox 3232 2623 3289 2669; x_wconf 86' lang='lat' dir='ltr'><strong>et</strong></span> <span class='ocrx_word' id='word_1_407' title='bbox 3309 2612 3377 2668; x_wconf 90' lang='lat' dir='ltr'><strong>ad</strong></span> <span class='ocrx_word' id='word_1_408' title='bbox 3405 2611 3606 2667; x_wconf 80' lang='lat' dir='ltr'><strong>inferos</strong></span> <span class='ocrx_word' id='word_1_409' title='bbox 3621 2611 3718 2665; x_wconf 89' lang='lat' dir='ltr'><strong>de-</strong></span> 
     </span>
    </p>
   </div>
   <div class='ocr_carea' id='block_1_56' title="bbox 2138 2700 3708 2779">
    <p class='ocr_par' dir='ltr' id='par_1_56' title="bbox 2138 2700 3708 2779">
     <span class='ocr_line' id='line_1_56' title="bbox 2138 2700 3708 2779; baseline -0.009 -13"><span class='ocrx_word' id='word_1_410' title='bbox 2138 2711 2659 2779; x_wconf 72' lang='lat' dir='ltr'><strong>scendentem,qu:e</strong></span> <span class='ocrx_word' id='word_1_411' title='bbox 2705 2708 2820 2762; x_wconf 89' lang='lat' dir='ltr'><strong>illic</strong></span> <span class='ocrx_word' id='word_1_412' title='bbox 2875 2706 3084 2777; x_wconf 87' lang='lat' dir='ltr'><strong>agenda</strong></span> <span class='ocrx_word' id='word_1_413' title='bbox 3137 2711 3298 2759; x_wconf 88' lang='lat' dir='ltr'><strong>erant</strong></span> <span class='ocrx_word' id='word_1_414' title='bbox 3345 2700 3708 2772; x_wconf 86' lang='lat' dir='ltr'><strong>disposuisse.</strong></span> 
     </span>
    </p>
   </div>
   <div class='ocr_carea' id='block_1_57' title="bbox 2135 2799 3710 2876">
    <p class='ocr_par' dir='ltr' id='par_1_57' title="bbox 2135 2799 3710 2876">
     <span class='ocr_line' id='line_1_57' title="bbox 2135 2799 3710 2876; baseline -0.009 -15"><span class='ocrx_word' id='word_1_415' title='bbox 2135 2806 2308 2873; x_wconf 86' lang='lat' dir='ltr'><strong>Quem</strong></span> <span class='ocrx_word' id='word_1_416' title='bbox 2354 2805 2656 2876; x_wconf 90' lang='lat' dir='ltr'><strong>conspicati</strong></span> <span class='ocrx_word' id='word_1_417' title='bbox 2689 2804 2992 2858; x_wconf 78' lang='lat' dir='ltr'><strong>inferorum</strong></span> <span class='ocrx_word' id='word_1_418' title='bbox 3031 2799 3300 2872; x_wconf 83' lang='lat' dir='ltr'><strong>janitores</strong></span> <span class='ocrx_word' id='word_1_419' title='bbox 3342 2803 3710 2852; x_wconf 86' lang='lat' dir='ltr'><strong>tremuerunt.</strong></span> 
     </span>
    </p>
   </div>
   <div class='ocr_carea' id='block_1_58' title="bbox 2135 2887 3714 2966">
    <p class='ocr_par' dir='ltr' id='par_1_58' title="bbox 2135 2887 3714 2966">
     <span class='ocr_line' id='line_1_58' title="bbox 2135 2887 3714 2966; baseline -0.007 -14"><span class='ocrx_word' id='word_1_420' title='bbox 2135 2898 2239 2965; x_wconf 84' lang='lat' dir='ltr'><strong>Qui</strong></span> <span class='ocrx_word' id='word_1_421' title='bbox 2263 2899 2423 2952; x_wconf 90' lang='lat' dir='ltr'><strong>tertia</strong></span> <span class='ocrx_word' id='word_1_422' title='bbox 2448 2905 2572 2966; x_wconf 87' lang='lat' dir='ltr'><strong>post</strong></span> <span class='ocrx_word' id='word_1_423' title='bbox 2594 2897 2682 2951; x_wconf 88' lang='lat' dir='ltr'><strong>die</strong></span> <span class='ocrx_word' id='word_1_424' title='bbox 2708 2893 3030 2956; x_wconf 79' lang='lat' dir='ltr'><strong>resurrexit,</strong></span> <span class='ocrx_word' id='word_1_425' title='bbox 3057 2898 3262 2946; x_wconf 90' lang='lat' dir='ltr'><strong>etcum</strong></span> <span class='ocrx_word' id='word_1_426' title='bbox 3287 2887 3574 2958; x_wconf 86' lang='lat' dir='ltr'><strong>discipulis</strong></span> <span class='ocrx_word' id='word_1_427' title='bbox 3600 2887 3714 2941; x_wconf 91' lang='lat' dir='ltr'><strong>suis</strong></span> 
     </span>
    </p>
   </div>
   <div class='ocr_carea' id='block_1_59' title="bbox 2140 2972 3714 3048">
    <p class='ocr_par' dir='ltr' id='par_1_59' title="bbox 2140 2972 3714 3048">
     <span class='ocr_line' id='line_1_59' title="bbox 2140 2972 3714 3048; baseline -0.008 -12"><span class='ocrx_word' id='word_1_428' title='bbox 2140 2991 2390 3036; x_wconf 86' lang='lat' dir='ltr'><strong>versatus</strong></span> <span class='ocrx_word' id='word_1_429' title='bbox 2447 2988 2550 3035; x_wconf 90' lang='lat' dir='ltr'><strong>est.</strong></span> <span class='ocrx_word' id='word_1_430' title='bbox 2580 2981 2648 3034; x_wconf 87' lang='lat' dir='ltr'><strong>Et</strong></span> <span class='ocrx_word' id='word_1_431' title='bbox 2697 2977 2986 3048; x_wconf 87' lang='lat' dir='ltr'><strong>completis</strong></span> <span class='ocrx_word' id='word_1_432' title='bbox 3011 2974 3375 3045; x_wconf 80' lang='lat' dir='ltr'><strong>quadraginta</strong></span> <span class='ocrx_word' id='word_1_433' title='bbox 3401 2972 3600 3027; x_wconf 89' lang='lat' dir='ltr'><strong>diebus</strong></span> <span class='ocrx_word' id='word_1_434' title='bbox 3629 2987 3714 3025; x_wconf 87' lang='lat' dir='ltr'><strong>as-</strong></span> 
     </span>
    </p>
   </div>
   <div class='ocr_carea' id='block_1_60' title="bbox 2137 3064 3715 3140">
    <p class='ocr_par' dir='ltr' id='par_1_60' title="bbox 2137 3064 3715 3140">
     <span class='ocr_line' id='line_1_60' title="bbox 2137 3064 3715 3140; baseline -0.01 -11"><span class='ocrx_word' id='word_1_435' title='bbox 2137 3074 2322 3129; x_wconf 88' lang='lat' dir='ltr'><strong>cendit</strong></span> <span class='ocrx_word' id='word_1_436' title='bbox 2358 3073 2427 3128; x_wconf 87' lang='lat' dir='ltr'><strong>ad</strong></span> <span class='ocrx_word' id='word_1_437' title='bbox 2465 3073 2686 3137; x_wconf 70' lang='lat' dir='ltr'><strong>caelum,</strong></span> <span class='ocrx_word' id='word_1_438' title='bbox 2713 3072 2980 3140; x_wconf 82' lang='lat' dir='ltr'><strong>sedetque</strong></span> <span class='ocrx_word' id='word_1_439' title='bbox 3001 3069 3070 3123; x_wconf 89' lang='lat' dir='ltr'><strong>ad</strong></span> <span class='ocrx_word' id='word_1_440' title='bbox 3099 3068 3379 3123; x_wconf 79' lang='lat' dir='ltr'><strong>dexteram</strong></span> <span class='ocrx_word' id='word_1_441' title='bbox 3405 3064 3583 3118; x_wconf 89' lang='lat' dir='ltr'><strong>Patris</strong></span> <span class='ocrx_word' id='word_1_442' title='bbox 3607 3079 3623 3126; x_wconf 84' lang='lat'><strong>;</strong></span> <span class='ocrx_word' id='word_1_443' title='bbox 3658 3069 3715 3116; x_wconf 89' lang='lat' dir='ltr'><strong>et</strong></span> 
     </span>
    </p>
   </div>
   <div class='ocr_carea' id='block_1_61' title="bbox 2002 3157 3716 3227">
    <p class='ocr_par' dir='ltr' id='par_1_61' title="bbox 2002 3157 3716 3227">
     <span class='ocr_line' id='line_1_61' title="bbox 2002 3157 3716 3227; baseline -0.01 -3"><span class='ocrx_word' id='word_1_444' title='bbox 2002 3171 2030 3224; x_wconf 83' lang='grc' dir='ltr'><strong>ῦ</strong></span> <span class='ocrx_word' id='word_1_445' title='bbox 2135 3164 2510 3219; x_wconf 89' lang='lat' dir='ltr'><strong>novississimo</strong></span> <span class='ocrx_word' id='word_1_446' title='bbox 2555 3165 2644 3218; x_wconf 90' lang='lat' dir='ltr'><strong>die</strong></span> <span class='ocrx_word' id='word_1_447' title='bbox 2698 3173 2965 3218; x_wconf 89' lang='lat' dir='ltr'><strong>venturus</strong></span> <span class='ocrx_word' id='word_1_448' title='bbox 3010 3169 3094 3215; x_wconf 89' lang='lat' dir='ltr'><strong>est</strong></span> <span class='ocrx_word' id='word_1_449' title='bbox 3138 3159 3193 3212; x_wconf 92' lang='lat' dir='ltr'><strong>in</strong></span> <span class='ocrx_word' id='word_1_450' title='bbox 3226 3158 3394 3227; x_wconf 86' lang='lat' dir='ltr'><strong>gloria</strong></span> <span class='ocrx_word' id='word_1_451' title='bbox 3435 3157 3716 3218; x_wconf 76' lang='lat' dir='ltr'><strong>Patris,ut</strong></span> 
     </span>
    </p>
   </div>
   <div class='ocr_carea' id='block_1_62' title="bbox 2137 3247 3713 3325">
    <p class='ocr_par' dir='ltr' id='par_1_62' title="bbox 2137 3247 3713 3325">
     <span class='ocr_line' id='line_1_62' title="bbox 2137 3247 3713 3325; baseline -0.008 -15"><span class='ocrx_word' id='word_1_452' title='bbox 2137 3255 2437 3325; x_wconf 89' lang='lat' dir='ltr'><strong>unicuique</strong></span> <span class='ocrx_word' id='word_1_453' title='bbox 2462 3254 2656 3309; x_wconf 89' lang='lat' dir='ltr'><strong>reddat</strong></span> <span class='ocrx_word' id='word_1_454' title='bbox 2688 3253 2997 3308; x_wconf 89' lang='lat' dir='ltr'><strong>mercedem</strong></span> <span class='ocrx_word' id='word_1_455' title='bbox 3023 3265 3255 3320; x_wconf 90' lang='lat' dir='ltr'><strong>operum</strong></span> <span class='ocrx_word' id='word_1_456' title='bbox 3280 3264 3527 3303; x_wconf 90' lang='lat' dir='ltr'><strong>suorum.</strong></span> <span class='ocrx_word' id='word_1_457' title='bbox 3562 3247 3630 3301; x_wconf 87' lang='lat' dir='ltr'><strong>Et</strong></span> <span class='ocrx_word' id='word_1_458' title='bbox 3655 3247 3713 3298; x_wconf 90' lang='lat' dir='ltr'><strong>in</strong></span> 
     </span>
    </p>
   </div>
   <div class='ocr_carea' id='block_1_63' title="bbox 451 3327 2237 3420">
    <p class='ocr_par' dir='ltr' id='par_1_63' title="bbox 451 3327 2232 3420">
     <span class='ocr_line' id='line_1_63' title="bbox 451 3327 2232 3420; baseline 0.009 -29"><span class='ocrx_word' id='word_1_459' title='bbox 451 3339 602 3406; x_wconf 88' lang='grc' dir='ltr'>γένει</span> <span class='ocrx_word' id='word_1_460' title='bbox 651 3341 762 3396; x_wconf 87' lang='grc' dir='ltr'><strong>τῶν</strong></span> <span class='ocrx_word' id='word_1_461' title='bbox 812 3343 1139 3415; x_wconf 87' lang='grc' dir='ltr'>ἀνθρώπων,</span> <span class='ocrx_word' id='word_1_462' title='bbox 1202 3347 1294 3400; x_wconf 80' lang='grc' dir='ltr'>τὸν</span> <span class='ocrx_word' id='word_1_463' title='bbox 1343 3349 1714 3420; x_wconf 83' lang='grc' dir='ltr'>παράκλητον,</span> <span class='ocrx_word' id='word_1_464' title='bbox 1773 3327 1915 3406; x_wconf 72' lang='grc' dir='ltr'>κατὰ</span> <span class='ocrx_word' id='word_1_465' title='bbox 1973 3327 2035 3404; x_wconf 57' lang='lat' dir='ltr'><strong>si.</strong></span> <span class='ocrx_word' id='word_1_466' title='bbox 2061 3327 2104 3385; x_wconf 65' lang='grc' dir='ltr'>α</span> <span class='ocrx_word' id='word_1_467' title='bbox 2139 3348 2232 3418; x_wconf 83' lang='lat' dir='ltr'><strong>Spi</strong></span> 
     </span>
    </p>
   </div>
   <div class='ocr_carea' id='block_1_64' title="bbox 1930 3327 3716 3420">
    <p class='ocr_par' dir='ltr' id='par_1_64' title="bbox 1973 3327 3716 3418">
     <span class='ocr_line' id='line_1_64' title="bbox 1973 3327 3716 3418; baseline -0.006 -15"><span class='ocrx_word' id='word_1_468' title='bbox 1973 3327 2035 3404; x_wconf 61' lang='lat' dir='ltr'><strong>ci.</strong></span> <span class='ocrx_word' id='word_1_469' title='bbox 2061 3327 2104 3385; x_wconf 62' lang='grc' dir='ltr'><strong>(ἶ</strong></span> <span class='ocrx_word' id='word_1_470' title='bbox 2139 3348 2403 3418; x_wconf 89' lang='lat' dir='ltr'><strong>Spiritum</strong></span> <span class='ocrx_word' id='word_1_471' title='bbox 2432 3355 2700 3411; x_wconf 88' lang='lat' dir='ltr'><strong>sanctum,</strong></span> <span class='ocrx_word' id='word_1_472' title='bbox 2746 3361 2908 3416; x_wconf 89' lang='lat' dir='ltr'><strong>quem</strong></span> <span class='ocrx_word' id='word_1_473' title='bbox 2945 3342 3263 3413; x_wconf 86' lang='lat' dir='ltr'><strong>unigenitus</strong></span> <span class='ocrx_word' id='word_1_474' title='bbox 3288 3342 3403 3411; x_wconf 91' lang='lat' dir='ltr'><strong>ipse</strong></span> <span class='ocrx_word' id='word_1_475' title='bbox 3422 3341 3519 3394; x_wconf 88' lang='lat' dir='ltr'><strong>Dei</strong></span> <span class='ocrx_word' id='word_1_476' title='bbox 3543 3338 3716 3393; x_wconf 90' lang='lat' dir='ltr'><strong>Filius</strong></span> 
     </span>
    </p>
   </div>
   <div class='ocr_carea' id='block_1_65' title="bbox 451 3431 2029 3512">
    <p class='ocr_par' dir='ltr' id='par_1_65' title="bbox 451 3431 2029 3512">
     <span class='ocr_line' id='line_1_65' title="bbox 451 3431 2029 3512; baseline 0.009 -30"><span class='ocrx_word' id='word_1_477' title='bbox 451 3431 838 3501; x_wconf 85' lang='grc' dir='ltr'>γεγραμμένον</span> <span class='ocrx_word' id='word_1_478' title='bbox 857 3447 874 3462; x_wconf 83' lang='lat'><strong><em>°</em></strong></span> <span class='ocrx_word' id='word_1_479' title='bbox 919 3435 1267 3506; x_wconf 80' lang='grc' dir='ltr'>Ἆπέρχομαι</span> <span class='ocrx_word' id='word_1_480' title='bbox 1299 3439 1450 3506; x_wconf 81' lang='grc' dir='ltr'>πρὸς</span> <span class='ocrx_word' id='word_1_481' title='bbox 1469 3439 1839 3512; x_wconf 37' lang='grc' dir='ltr'>τὸν-Πατέρα</span> <span class='ocrx_word' id='word_1_482' title='bbox 1871 3460 1992 3511; x_wconf 81' lang='grc' dir='ltr'><strong>μου</strong></span> <span class='ocrx_word' id='word_1_483' title='bbox 2017 3459 2029 3471; x_wconf 90' lang='grc'>·</span> 
     </span>
    </p>
   </div>
   <div class='ocr_carea' id='block_1_66' title="bbox 453 3521 2034 3599">
    <p class='ocr_par' dir='ltr' id='par_1_66' title="bbox 453 3521 2034 3599">
     <span class='ocr_line' id='line_1_66' title="bbox 453 3521 2034 3599; baseline 0.008 -25"><span class='ocrx_word' id='word_1_484' title='bbox 453 3521 569 3585; x_wconf 72' lang='grc' dir='ltr'>καὶ,</span> <span class='ocrx_word' id='word_1_485' title='bbox 589 3525 1000 3590; x_wconf 66' lang='grc' dir='ltr'>Παρακαλέσω</span> <span class='ocrx_word' id='word_1_486' title='bbox 1024 3528 1134 3582; x_wconf 79' lang='grc' dir='ltr'>τὸν</span> <span class='ocrx_word' id='word_1_487' title='bbox 1157 3528 1389 3598; x_wconf 79' lang='grc' dir='ltr'>Πατέρα</span> <span class='ocrx_word' id='word_1_488' title='bbox 1403 3548 1546 3599; x_wconf 81' lang='grc' dir='ltr'>μου,</span> <span class='ocrx_word' id='word_1_489' title='bbox 1572 3533 1671 3586; x_wconf 75' lang='grc' dir='ltr'>καὶ</span> <span class='ocrx_word' id='word_1_490' title='bbox 1699 3533 1894 3588; x_wconf 55' lang='grc' dir='ltr'>ἄλλον</span> <span class='ocrx_word' id='word_1_491' title='bbox 1921 3551 2034 3587; x_wconf 79' lang='grc' dir='ltr'>πα-</span> 
     </span>
    </p>
   </div>
   <div class='ocr_carea' id='block_1_67' title="bbox 447 3613 2026 3694">
    <p class='ocr_par' dir='ltr' id='par_1_67' title="bbox 447 3613 2026 3694">
     <span class='ocr_line' id='line_1_67' title="bbox 447 3613 2026 3694; baseline 0.009 -29"><span class='ocrx_word' id='word_1_492' title='bbox 447 3613 753 3681; x_wconf 68' lang='grc' dir='ltr'>ράκλητον</span> <span class='ocrx_word' id='word_1_493' title='bbox 781 3615 1002 3686; x_wconf 73' lang='grc' dir='ltr'>πέμψει</span> <span class='ocrx_word' id='word_1_494' title='bbox 1025 3619 1184 3689; x_wconf 78' lang='grc' dir='ltr'>ὑμῖν,</span> <span class='ocrx_word' id='word_1_495' title='bbox 1229 3622 1297 3674; x_wconf 79' lang='grc' dir='ltr'>τὸ</span> <span class='ocrx_word' id='word_1_496' title='bbox 1327 3623 1572 3694; x_wconf 81' lang='grc' dir='ltr'>Πνεῦμα</span> <span class='ocrx_word' id='word_1_497' title='bbox 1592 3625 1702 3693; x_wconf 85' lang='grc' dir='ltr'><strong>τῆς</strong></span> <span class='ocrx_word' id='word_1_498' title='bbox 1720 3626 2026 3693; x_wconf 78' lang='grc' dir='ltr'>ἀληθείας.</span> 
     </span>
    </p>
   </div>
   <div class='ocr_carea' id='block_1_68' title="bbox 466 3703 2031 3782">
    <p class='ocr_par' dir='ltr' id='par_1_68' title="bbox 466 3703 2031 3782">
     <span class='ocr_line' id='line_1_68' title="bbox 466 3703 2031 3782; baseline 0.009 -26"><span class='ocrx_word' id='word_1_499' title='bbox 466 3703 728 3770; x_wconf 81' lang='grc' dir='ltr'>Ἐκεῖνος</span> <span class='ocrx_word' id='word_1_500' title='bbox 771 3705 841 3758; x_wconf 79' lang='grc' dir='ltr'>ἐκ</span> <span class='ocrx_word' id='word_1_501' title='bbox 870 3708 978 3762; x_wconf 80' lang='grc' dir='ltr'><strong>τοῦ</strong></span> <span class='ocrx_word' id='word_1_502' title='bbox 1025 3709 1173 3778; x_wconf 77' lang='grc' dir='ltr'>ἐμοῦ</span> <span class='ocrx_word' id='word_1_503' title='bbox 1221 3712 1502 3782; x_wconf 70' lang='grc' dir='ltr'>λήψεται,</span> <span class='ocrx_word' id='word_1_504' title='bbox 1533 3716 1632 3768; x_wconf 80' lang='grc' dir='ltr'><strong>καί</strong></span> <span class='ocrx_word' id='word_1_505' title='bbox 1675 3715 1902 3780; x_wconf 78' lang='grc' dir='ltr'>διδάξει</span> <span class='ocrx_word' id='word_1_506' title='bbox 1933 3717 2031 3770; x_wconf 87' lang='grc' dir='ltr'><strong>καί</strong></span> 
     </span>
    </p>
   </div>
   <div class='ocr_carea' id='block_1_69' title="bbox 452 3792 2036 3876">
    <p class='ocr_par' dir='ltr' id='par_1_69' title="bbox 452 3792 2036 3876">
     <span class='ocr_line' id='line_1_69' title="bbox 452 3792 2036 3876; baseline 0.009 -31"><span class='ocrx_word' id='word_1_507' title='bbox 452 3792 792 3862; x_wconf 77' lang='grc' dir='ltr'>ὑπομνήσει</span> <span class='ocrx_word' id='word_1_508' title='bbox 827 3797 985 3866; x_wconf 80' lang='grc' dir='ltr'>ὑμᾶς</span> <span class='ocrx_word' id='word_1_509' title='bbox 1013 3799 1232 3855; x_wconf 78' lang='grc' dir='ltr'>πάντα.</span> <span class='ocrx_word' id='word_1_510' title='bbox 1283 3805 1358 3856; x_wconf 80' lang='grc' dir='ltr'>Τὸ</span> <span class='ocrx_word' id='word_1_511' title='bbox 1389 3804 1445 3856; x_wconf 87' lang='grc' dir='ltr'>δὲ</span> <span class='ocrx_word' id='word_1_512' title='bbox 1482 3806 1653 3874; x_wconf 77' lang='grc' dir='ltr'>ὄνομα</span> <span class='ocrx_word' id='word_1_513' title='bbox 1695 3807 1795 3876; x_wconf 84' lang='grc' dir='ltr'><strong>τῆς</strong></span> <span class='ocrx_word' id='word_1_514' title='bbox 1847 3808 2036 3870; x_wconf 84' lang='grc' dir='ltr'>οὐσίας</span> 
     </span>
    </p>
   </div>
   <div class='ocr_carea' id='block_1_70' title="bbox 451 3881 2031 3966">
    <p class='ocr_par' dir='ltr' id='par_1_70' title="bbox 451 3881 2031 3966">
     <span class='ocr_line' id='line_1_70' title="bbox 451 3881 2031 3966; baseline 0.01 -31"><span class='ocrx_word' id='word_1_515' title='bbox 451 3881 542 3936; x_wconf 87' lang='grc' dir='ltr'><strong>διά</strong></span> <span class='ocrx_word' id='word_1_516' title='bbox 585 3883 649 3937; x_wconf 82' lang='grc' dir='ltr'>τὸ</span> <span class='ocrx_word' id='word_1_517' title='bbox 694 3885 1064 3960; x_wconf 81' lang='grc' dir='ltr'>ἁπλούστερον</span> <span class='ocrx_word' id='word_1_518' title='bbox 1109 3891 1214 3944; x_wconf 79' lang='grc' dir='ltr'><strong>ὑπὸ</strong></span> <span class='ocrx_word' id='word_1_519' title='bbox 1259 3893 1369 3946; x_wconf 91' lang='grc' dir='ltr'><strong>τῶν</strong></span> <span class='ocrx_word' id='word_1_520' title='bbox 1407 3895 1672 3966; x_wconf 84' lang='grc' dir='ltr'>Πατέρων</span> <span class='ocrx_word' id='word_1_521' title='bbox 1733 3896 2031 3962; x_wconf 85' lang='grc' dir='ltr'>τεθεῖσθαι,</span> 
     </span>
    </p>
   </div>
   <div class='ocr_carea' id='block_1_71' title="bbox 454 3973 2033 4059">
    <p class='ocr_par' dir='ltr' id='par_1_71' title="bbox 454 3973 2033 4059">
     <span class='ocr_line' id='line_1_71' title="bbox 454 3973 2033 4059; baseline 0.011 -35"><span class='ocrx_word' id='word_1_522' title='bbox 454 3973 816 4045; x_wconf 72' lang='grc' dir='ltr'>ἀγνοούμενον</span> <span class='ocrx_word' id='word_1_523' title='bbox 857 3977 915 4031; x_wconf 85' lang='grc' dir='ltr'><strong>δέ</strong></span> <span class='ocrx_word' id='word_1_524' title='bbox 949 3979 1056 4034; x_wconf 78' lang='grc' dir='ltr'>ὑπὸ</span> <span class='ocrx_word' id='word_1_525' title='bbox 1097 3981 1206 4035; x_wconf 89' lang='grc' dir='ltr'><strong>τῶν</strong></span> <span class='ocrx_word' id='word_1_526' title='bbox 1251 3983 1419 4051; x_wconf 86' lang='grc' dir='ltr'>λαῶν,</span> <span class='ocrx_word' id='word_1_527' title='bbox 1476 3985 1772 4040; x_wconf 79' lang='grc' dir='ltr'>σκάνδαλον</span> <span class='ocrx_word' id='word_1_528' title='bbox 1823 3987 2033 4059; x_wconf 86' lang='grc' dir='ltr'>φέρειν,</span> 
     </span>
    </p>
   </div>
   <div class='ocr_carea' id='block_1_72' title="bbox 454 4065 2034 4151">
    <p class='ocr_par' dir='ltr' id='par_1_72' title="bbox 454 4065 2034 4151">
     <span class='ocr_line' id='line_1_72' title="bbox 454 4065 2034 4151; baseline 0.01 -33"><span class='ocrx_word' id='word_1_529' title='bbox 454 4065 542 4120; x_wconf 82' lang='grc' dir='ltr'><strong>διὰ</strong></span> <span class='ocrx_word' id='word_1_530' title='bbox 561 4065 623 4120; x_wconf 81' lang='grc' dir='ltr'>τὸ</span> <span class='ocrx_word' id='word_1_531' title='bbox 644 4069 784 4140; x_wconf 83' lang='grc' dir='ltr'>μήτε</span> <span class='ocrx_word' id='word_1_532' title='bbox 809 4067 913 4134; x_wconf 83' lang='grc' dir='ltr'><strong>τὰς</strong></span> <span class='ocrx_word' id='word_1_533' title='bbox 935 4071 1160 4142; x_wconf 86' lang='grc' dir='ltr'>Γραφάς</span> <span class='ocrx_word' id='word_1_534' title='bbox 1172 4074 1330 4129; x_wconf 90' lang='grc' dir='ltr'>τοῦτο</span> <span class='ocrx_word' id='word_1_535' title='bbox 1353 4077 1650 4148; x_wconf 88' lang='grc' dir='ltr'>περιέχειν,</span> <span class='ocrx_word' id='word_1_536' title='bbox 1681 4080 1847 4151; x_wconf 76' lang='grc' dir='ltr'>ἦρεσε</span> <span class='ocrx_word' id='word_1_537' title='bbox 1874 4079 2034 4134; x_wconf 88' lang='grc' dir='ltr'>τοῦτο</span> 
     </span>
    </p>
   </div>
   <div class='ocr_carea' id='block_1_73' title="bbox 456 4161 2034 4244">
    <p class='ocr_par' dir='ltr' id='par_1_73' title="bbox 456 4161 2034 4244">
     <span class='ocr_line' id='line_1_73' title="bbox 456 4161 2034 4244; baseline 0.007 -31"><span class='ocrx_word' id='word_1_538' title='bbox 456 4161 876 4233; x_wconf 83' lang='grc' dir='ltr'>περιαιρεθῆναι</span> <span class='ocrx_word' id='word_1_539' title='bbox 923 4165 1020 4218; x_wconf 82' lang='grc' dir='ltr'><strong>καί</strong></span> <span class='ocrx_word' id='word_1_540' title='bbox 1055 4167 1336 4234; x_wconf 80' lang='grc' dir='ltr'>παντελῶς</span> <span class='ocrx_word' id='word_1_541' title='bbox 1377 4171 1647 4243; x_wconf 85' lang='grc' dir='ltr'>μηδεμίαν</span> <span class='ocrx_word' id='word_1_542' title='bbox 1679 4173 1901 4244; x_wconf 84' lang='grc' dir='ltr'>μνήμην</span> <span class='ocrx_word' id='word_1_543' title='bbox 1939 4173 2034 4226; x_wconf 79' lang='grc' dir='ltr'><strong>οὐ-</strong></span> 
     </span>
    </p>
   </div>
   <div class='ocr_carea' id='block_1_74' title="bbox 2135 3430 3717 3504">
    <p class='ocr_par' dir='ltr' id='par_1_74' title="bbox 2135 3430 3717 3504">
     <span class='ocr_line' id='line_1_74' title="bbox 2135 3430 3717 3504; baseline -0.008 -9"><span class='ocrx_word' id='word_1_544' title='bbox 2135 3440 2298 3495; x_wconf 83' lang='lat' dir='ltr'><strong>Jesus</strong></span> <span class='ocrx_word' id='word_1_545' title='bbox 2349 3438 2602 3494; x_wconf 84' lang='lat' dir='ltr'><strong>Christus</strong></span> <span class='ocrx_word' id='word_1_546' title='bbox 2651 3438 2949 3492; x_wconf 86' lang='lat' dir='ltr'><strong>missurum</strong></span> <span class='ocrx_word' id='word_1_547' title='bbox 3003 3452 3062 3489; x_wconf 92' lang='lat' dir='ltr'><strong>se</strong></span> <span class='ocrx_word' id='word_1_548' title='bbox 3106 3432 3361 3504; x_wconf 90' lang='lat' dir='ltr'><strong>promisit</strong></span> <span class='ocrx_word' id='word_1_549' title='bbox 3393 3431 3582 3502; x_wconf 89' lang='lat' dir='ltr'><strong>generi</strong></span> <span class='ocrx_word' id='word_1_550' title='bbox 3612 3430 3717 3482; x_wconf 84' lang='lat' dir='ltr'><strong>hu-</strong></span> 
     </span>
    </p>
   </div>
   <div class='ocr_carea' id='block_1_75' title="bbox 2136 3522 3714 3594">
    <p class='ocr_par' dir='ltr' id='par_1_75' title="bbox 2136 3522 3714 3594">
     <span class='ocr_line' id='line_1_75' title="bbox 2136 3522 3714 3594; baseline -0.007 -9"><span class='ocrx_word' id='word_1_551' title='bbox 2136 3548 2320 3594; x_wconf 86' lang='lat' dir='ltr'><strong>mane,</strong></span> <span class='ocrx_word' id='word_1_552' title='bbox 2366 3531 2764 3585; x_wconf 88' lang='lat' dir='ltr'><strong>consolatorem</strong></span> <span class='ocrx_word' id='word_1_553' title='bbox 2793 3537 2850 3582; x_wconf 91' lang='lat' dir='ltr'><strong>et</strong></span> <span class='ocrx_word' id='word_1_554' title='bbox 2895 3527 3244 3589; x_wconf 84' lang='lat' dir='ltr'><strong>advocatum,</strong></span> <span class='ocrx_word' id='word_1_555' title='bbox 3275 3524 3421 3578; x_wconf 83' lang='lat' dir='ltr'><strong>sicut</strong></span> <span class='ocrx_word' id='word_1_556' title='bbox 3446 3522 3714 3592; x_wconf 89' lang='lat' dir='ltr'><strong>scriptum</strong></span> 
     </span>
    </p>
   </div>
   <div class='ocr_carea' id='block_1_76' title="bbox 2132 3613 3715 3685">
    <p class='ocr_par' dir='ltr' id='par_1_76' title="bbox 2132 3613 3715 3685">
     <span class='ocr_line' id='line_1_76' title="bbox 2132 3613 3715 3685; baseline -0.006 -8"><span class='ocrx_word' id='word_1_557' title='bbox 2132 3633 2218 3678; x_wconf 86' lang='lat' dir='ltr'><strong>est</strong></span> <span class='ocrx_word' id='word_1_558' title='bbox 2250 3641 2262 3675; x_wconf 89' lang='lat'><strong>:</strong></span> <span class='ocrx_word' id='word_1_559' title='bbox 2295 3622 2437 3676; x_wconf 84' lang='lat' dir='ltr'><strong>Vada</strong></span> <span class='ocrx_word' id='word_1_560' title='bbox 2476 3623 2544 3674; x_wconf 87' lang='lat' dir='ltr'><strong>ad</strong></span> <span class='ocrx_word' id='word_1_561' title='bbox 2588 3621 2803 3675; x_wconf 82' lang='lat' dir='ltr'><strong>Patrem</strong></span> <span class='ocrx_word' id='word_1_562' title='bbox 2844 3635 3016 3672; x_wconf 85' lang='lat' dir='ltr'><strong>meum</strong></span> <span class='ocrx_word' id='word_1_563' title='bbox 3041 3618 3121 3683; x_wconf 79' lang='grc'><strong>⁸⁶;</strong></span> <span class='ocrx_word' id='word_1_564' title='bbox 3151 3625 3226 3684; x_wconf 90' lang='lat' dir='ltr'><strong>et,</strong></span> <span class='ocrx_word' id='word_1_565' title='bbox 3252 3615 3462 3685; x_wconf 80' lang='lat' dir='ltr'><strong>Rogabo</strong></span> <span class='ocrx_word' id='word_1_566' title='bbox 3516 3613 3670 3667; x_wconf 76' lang='lat' dir='ltr'><strong>illum</strong></span> <span class='ocrx_word' id='word_1_567' title='bbox 3696 3630 3715 3668; x_wconf 90' lang='lat'><strong><em>:</em></strong></span> 
     </span>
    </p>
   </div>
   <div class='ocr_carea' id='block_1_77' title="bbox 2131 3703 3714 3783">
    <p class='ocr_par' dir='ltr' id='par_1_77' title="bbox 2131 3703 3714 3783">
     <span class='ocr_line' id='line_1_77' title="bbox 2131 3703 3714 3783; baseline -0.006 -18"><span class='ocrx_word' id='word_1_568' title='bbox 2131 3713 2243 3783; x_wconf 79' lang='lat' dir='ltr'><strong>ipse</strong></span> <span class='ocrx_word' id='word_1_569' title='bbox 2286 3729 2404 3766; x_wconf 86' lang='lat' dir='ltr'><strong>vero</strong></span> <span class='ocrx_word' id='word_1_570' title='bbox 2459 3711 2624 3766; x_wconf 86' lang='lat' dir='ltr'><strong>alium</strong></span> <span class='ocrx_word' id='word_1_571' title='bbox 2657 3709 3036 3763; x_wconf 81' lang='lat' dir='ltr'><strong>consolatorem</strong></span> <span class='ocrx_word' id='word_1_572' title='bbox 3065 3709 3230 3760; x_wconf 76' lang='lat' dir='ltr'><strong>mittet</strong></span> <span class='ocrx_word' id='word_1_573' title='bbox 3263 3706 3423 3768; x_wconf 81' lang='lat' dir='ltr'><strong>vobis,</strong></span> <span class='ocrx_word' id='word_1_574' title='bbox 3457 3703 3714 3775; x_wconf 81' lang='lat' dir='ltr'><strong>Spiritum</strong></span> 
     </span>
    </p>
   </div>
   <div class='ocr_carea' id='block_1_78' title="bbox 2129 3799 3714 3872">
    <p class='ocr_par' dir='ltr' id='par_1_78' title="bbox 2129 3799 3714 3872">
     <span class='ocr_line' id='line_1_78' title="bbox 2129 3799 3714 3872; baseline -0.009 -12"><span class='ocrx_word' id='word_1_575' title='bbox 2129 3806 2383 3860; x_wconf 70' lang='lat' dir='ltr'><strong>veritatis.</strong></span> <span class='ocrx_word' id='word_1_576' title='bbox 2416 3802 2518 3857; x_wconf 82' lang='lat' dir='ltr'><strong>Ille</strong></span> <span class='ocrx_word' id='word_1_577' title='bbox 2547 3804 2762 3872; x_wconf 81' lang='lat' dir='ltr'><strong>accipiet</strong></span> <span class='ocrx_word' id='word_1_578' title='bbox 2807 3820 2838 3854; x_wconf 90' lang='lat' dir='ltr'><strong>a</strong></span> <span class='ocrx_word' id='word_1_579' title='bbox 2861 3816 2962 3863; x_wconf 87' lang='lat' dir='ltr'><strong>me,</strong></span> <span class='ocrx_word' id='word_1_580' title='bbox 3001 3809 3048 3852; x_wconf 83' lang='lat' dir='ltr'><strong>et</strong></span> <span class='ocrx_word' id='word_1_581' title='bbox 3079 3799 3279 3852; x_wconf 80' lang='lat' dir='ltr'><strong>docebit</strong></span> <span class='ocrx_word' id='word_1_582' title='bbox 3302 3814 3391 3851; x_wconf 79' lang='lat' dir='ltr'><strong>vos</strong></span> <span class='ocrx_word' id='word_1_583' title='bbox 3425 3813 3488 3849; x_wconf 88' lang='lat' dir='ltr'><strong>ac</strong></span> <span class='ocrx_word' id='word_1_584' title='bbox 3529 3812 3714 3866; x_wconf 70' lang='lat' dir='ltr'><strong>sugge-</strong></span> 
     </span>
    </p>
   </div>
   <div class='ocr_carea' id='block_1_79' title="bbox 2131 3887 3706 3959">
    <p class='ocr_par' dir='ltr' id='par_1_79' title="bbox 2131 3887 3706 3959">
     <span class='ocr_line' id='line_1_79' title="bbox 2131 3887 3706 3959; baseline -0.008 -7"><span class='ocrx_word' id='word_1_585' title='bbox 2131 3908 2209 3952; x_wconf 77' lang='lat' dir='ltr'><strong>ret</strong></span> <span class='ocrx_word' id='word_1_586' title='bbox 2239 3899 2419 3952; x_wconf 80' lang='lat' dir='ltr'><strong>omnia</strong></span> <span class='ocrx_word' id='word_1_587' title='bbox 2442 3897 2484 3928; x_wconf 83' lang='lat'><strong>&quot;</strong></span> <span class='ocrx_word' id='word_1_588' title='bbox 2507 3939 2518 3950; x_wconf 96' lang='lat'><strong>.</strong></span> <span class='ocrx_word' id='word_1_589' title='bbox 2542 3896 2754 3950; x_wconf 88' lang='lat' dir='ltr'><strong>Nomen</strong></span> <span class='ocrx_word' id='word_1_590' title='bbox 2794 3908 2926 3948; x_wconf 79' lang='lat' dir='ltr'><strong>vero</strong></span> <span class='ocrx_word' id='word_1_591' title='bbox 2943 3891 3265 3947; x_wconf 68' lang='lat' dir='ltr'><strong>substantiae</strong></span> <span class='ocrx_word' id='word_1_592' title='bbox 3293 3889 3438 3959; x_wconf 89' lang='lat' dir='ltr'><strong>quod</strong></span> <span class='ocrx_word' id='word_1_593' title='bbox 3468 3904 3498 3942; x_wconf 87' lang='lat' dir='ltr'><strong>a</strong></span> <span class='ocrx_word' id='word_1_594' title='bbox 3527 3887 3706 3942; x_wconf 87' lang='lat' dir='ltr'><strong>Patri-</strong></span> 
     </span>
    </p>
   </div>
   <div class='ocr_carea' id='block_1_80' title="bbox 2131 3979 3713 4060">
    <p class='ocr_par' dir='ltr' id='par_1_80' title="bbox 2131 3979 3713 4060">
     <span class='ocr_line' id='line_1_80' title="bbox 2131 3979 3713 4060; baseline -0.009 -15"><span class='ocrx_word' id='word_1_595' title='bbox 2131 3991 2238 4046; x_wconf 89' lang='lat' dir='ltr'><strong>hus</strong></span> <span class='ocrx_word' id='word_1_596' title='bbox 2278 3989 2586 4060; x_wconf 91' lang='lat' dir='ltr'><strong>simplicius</strong></span> <span class='ocrx_word' id='word_1_597' title='bbox 2624 3987 2888 4057; x_wconf 90' lang='lat' dir='ltr'><strong>positum,</strong></span> <span class='ocrx_word' id='word_1_598' title='bbox 2915 4001 2945 4038; x_wconf 89' lang='lat' dir='ltr'><strong>a</strong></span> <span class='ocrx_word' id='word_1_599' title='bbox 2972 3983 3176 4054; x_wconf 92' lang='lat' dir='ltr'><strong>populo</strong></span> <span class='ocrx_word' id='word_1_600' title='bbox 3213 3998 3343 4036; x_wconf 79' lang='lat' dir='ltr'><strong>vero</strong></span> <span class='ocrx_word' id='word_1_601' title='bbox 3375 3981 3598 4034; x_wconf 90' lang='lat' dir='ltr'><strong>minime</strong></span> <span class='ocrx_word' id='word_1_602' title='bbox 3629 3979 3713 4032; x_wconf 90' lang='lat' dir='ltr'><strong>in-</strong></span> 
     </span>
    </p>
   </div>
   <div class='ocr_carea' id='block_1_81' title="bbox 2132 4067 3706 4143">
    <p class='ocr_par' dir='ltr' id='par_1_81' title="bbox 2132 4067 3706 4143">
     <span class='ocr_line' id='line_1_81' title="bbox 2132 4067 3706 4143; baseline -0.009 -9"><span class='ocrx_word' id='word_1_603' title='bbox 2132 4081 2432 4141; x_wconf 90' lang='lat' dir='ltr'><strong>tellectum,</strong></span> <span class='ocrx_word' id='word_1_604' title='bbox 2478 4075 2765 4131; x_wconf 75' lang='lat' dir='ltr'><strong>olTensioni</strong></span> <span class='ocrx_word' id='word_1_605' title='bbox 2788 4083 2872 4130; x_wconf 86' lang='lat' dir='ltr'><strong>est</strong></span> <span class='ocrx_word' id='word_1_606' title='bbox 2905 4072 3178 4143; x_wconf 89' lang='lat' dir='ltr'><strong>plurimis,</strong></span> <span class='ocrx_word' id='word_1_607' title='bbox 3242 4079 3534 4140; x_wconf 86' lang='lat' dir='ltr'><strong>propterea</strong></span> <span class='ocrx_word' id='word_1_608' title='bbox 3562 4067 3706 4138; x_wconf 85' lang='lat' dir='ltr'><strong>quod</strong></span> 
     </span>
    </p>
   </div>
   <div class='ocr_carea' id='block_1_82' title="bbox 2132 4161 3710 4240">
    <p class='ocr_par' dir='ltr' id='par_1_82' title="bbox 2132 4161 3710 4240">
     <span class='ocr_line' id='line_1_82' title="bbox 2132 4161 3710 4240; baseline -0.008 -15"><span class='ocrx_word' id='word_1_609' title='bbox 2132 4174 2187 4226; x_wconf 92' lang='lat' dir='ltr'><strong>in</strong></span> <span class='ocrx_word' id='word_1_610' title='bbox 2214 4170 2512 4240; x_wconf 84' lang='lat' dir='ltr'><strong>Scripturis</strong></span> <span class='ocrx_word' id='word_1_611' title='bbox 2533 4185 2642 4222; x_wconf 91' lang='lat' dir='ltr'><strong>non</strong></span> <span class='ocrx_word' id='word_1_612' title='bbox 2679 4168 3014 4227; x_wconf 90' lang='lat' dir='ltr'><strong>continetur,</strong></span> <span class='ocrx_word' id='word_1_613' title='bbox 3049 4164 3254 4234; x_wconf 85' lang='lat' dir='ltr'><strong>placuit</strong></span> <span class='ocrx_word' id='word_1_614' title='bbox 3277 4161 3502 4216; x_wconf 91' lang='lat' dir='ltr'><strong>omnino</strong></span> <span class='ocrx_word' id='word_1_615' title='bbox 3527 4164 3710 4214; x_wconf 77' lang='lat' dir='ltr'><strong>remo—</strong></span> 
     </span>
    </p>
   </div>
   <div class='ocr_carea' id='block_1_83' title="bbox 528 4318 2191 4393">
    <p class='ocr_par' dir='ltr' id='par_1_83' title="bbox 528 4318 2191 4393">
     <span class='ocr_line' id='line_1_83' title="bbox 528 4318 2191 4393; baseline 0.003 -20"><span class='ocrx_word' id='word_1_616' title='bbox 528 4319 577 4350; x_wconf 84' lang='lat'><strong>&quot;</strong></span> <span class='ocrx_word' id='word_1_617' title='bbox 597 4318 756 4374; x_wconf 83' lang='lat' dir='ltr'><strong>Joan.</strong></span> <span class='ocrx_word' id='word_1_618' title='bbox 784 4336 876 4387; x_wconf 77' lang='lat' dir='ltr'><strong>xx,</strong></span> <span class='ocrx_word' id='word_1_619' title='bbox 913 4321 1001 4376; x_wconf 93' lang='grc'><strong>17.</strong></span> <span class='ocrx_word' id='word_1_620' title='bbox 1077 4325 1123 4357; x_wconf 80' lang='grc'><strong>⁸⁷</strong></span> <span class='ocrx_word' id='word_1_621' title='bbox 1145 4324 1302 4380; x_wconf 77' lang='lat' dir='ltr'><strong>Joan.</strong></span> <span class='ocrx_word' id='word_1_622' title='bbox 1335 4342 1444 4390; x_wconf 82' lang='lat' dir='ltr'><strong>xw,</strong></span> <span class='ocrx_word' id='word_1_623' title='bbox 1473 4325 1561 4391; x_wconf 85' lang='grc'><strong>16,</strong></span> <span class='ocrx_word' id='word_1_624' title='bbox 1593 4327 1682 4389; x_wconf 88' lang='grc'><strong>17,</strong></span> <span class='ocrx_word' id='word_1_625' title='bbox 1706 4326 1814 4393; x_wconf 73' lang='lat'><strong>26;</strong></span> <span class='ocrx_word' id='word_1_626' title='bbox 1846 4343 1954 4390; x_wconf 73' lang='lat' dir='ltr'><strong>xvr,</strong></span> <span class='ocrx_word' id='word_1_627' title='bbox 1983 4327 2070 4389; x_wconf 61' lang='grc'>14,</span> <span class='ocrx_word' id='word_1_628' title='bbox 2105 4327 2191 4379; x_wconf 82' lang='grc'>15.</span> 
     </span>
    </p>
   </div>
   <div class='ocr_carea' id='block_1_84' title="bbox 1647 4501 2508 4559">
    <p class='ocr_par' dir='ltr' id='par_1_84' title="bbox 1647 4501 2508 4559">
     <span class='ocr_line' id='line_1_84' title="bbox 1647 4501 2508 4559; baseline -0.003 -1"><span class='ocrx_word' id='word_1_629' title='bbox 1647 4503 1917 4559; x_wconf 77' lang='lat' dir='ltr'><strong>VALESII</strong></span> <span class='ocrx_word' id='word_1_630' title='bbox 1958 4501 2508 4558; x_wconf 77' lang='lat' dir='ltr'><strong>ANNOTATIONES.</strong></span> 
     </span>
    </p>
   </div>
   <div class='ocr_carea' id='block_1_85' title="bbox 455 4604 2026 4675">
    <p class='ocr_par' dir='ltr' id='par_1_85' title="bbox 455 4604 2026 4675">
     <span class='ocr_line' id='line_1_85' title="bbox 455 4604 2026 4675; baseline 0.004 -16"><span class='ocrx_word' id='word_1_631' title='bbox 455 4605 509 4659; x_wconf 89' lang='lat' dir='ltr'><strong>in</strong></span> <span class='ocrx_word' id='word_1_632' title='bbox 548 4604 789 4662; x_wconf 71' lang='lat' dir='ltr'><strong>Grmcam</strong></span> <span class='ocrx_word' id='word_1_633' title='bbox 827 4609 1150 4664; x_wconf 84' lang='lat' dir='ltr'><strong>translatum</strong></span> <span class='ocrx_word' id='word_1_634' title='bbox 1193 4610 1434 4675; x_wconf 82' lang='lat' dir='ltr'><strong>adducit,</strong></span> <span class='ocrx_word' id='word_1_635' title='bbox 1461 4613 1726 4667; x_wconf 89' lang='lat' dir='ltr'><strong>lectorem</strong></span> <span class='ocrx_word' id='word_1_636' title='bbox 1753 4628 1818 4666; x_wconf 89' lang='lat' dir='ltr'><strong>ea</strong></span> <span class='ocrx_word' id='word_1_637' title='bbox 1847 4613 1915 4667; x_wconf 85' lang='lat' dir='ltr'><strong>de</strong></span> <span class='ocrx_word' id='word_1_638' title='bbox 1966 4629 2026 4666; x_wconf 91' lang='lat' dir='ltr'><strong>re</strong></span> 
     </span>
    </p>
   </div>
   <div class='ocr_carea' id='block_1_86' title="bbox 453 4675 2029 4757">
    <p class='ocr_par' dir='ltr' id='par_1_86' title="bbox 453 4675 2029 4757">
     <span class='ocr_line' id='line_1_86' title="bbox 453 4675 2029 4757; baseline 0.006 -28"><span class='ocrx_word' id='word_1_639' title='bbox 453 4675 749 4757; x_wconf 75' lang='lat' dir='ltr'><strong>admonere</strong></span> <span class='ocrx_word' id='word_1_640' title='bbox 779 4693 1043 4757; x_wconf 80' lang='lat' dir='ltr'><strong>perpetuo</strong></span> <span class='ocrx_word' id='word_1_641' title='bbox 1083 4681 1258 4757; x_wconf 76' lang='lat' dir='ltr'><strong>soleat</strong></span> <span class='ocrx_word' id='word_1_642' title='bbox 1278 4693 1323 4734; x_wconf 83' lang='grc' dir='ltr'><strong>ιι.</strong></span> <span class='ocrx_word' id='word_1_643' title='bbox 1355 4682 1526 4757; x_wconf 76' lang='lat' dir='ltr'><strong>Porro</strong></span> <span class='ocrx_word' id='word_1_644' title='bbox 1565 4683 1683 4738; x_wconf 71' lang='lat' dir='ltr'><strong>haec</strong></span> <span class='ocrx_word' id='word_1_645' title='bbox 1709 4683 1879 4757; x_wconf 75' lang='lat' dir='ltr'><strong>verba</strong></span> <span class='ocrx_word' id='word_1_646' title='bbox 1907 4699 2029 4757; x_wconf 62' lang='lat' dir='ltr'><strong>quae</strong></span> 
     </span>
    </p>
   </div>
   <div class='ocr_carea' id='block_1_87' title="bbox 456 4750 2028 4822">
    <p class='ocr_par' dir='ltr' id='par_1_87' title="bbox 456 4750 2028 4822">
     <span class='ocr_line' id='line_1_87' title="bbox 456 4750 2028 4822; baseline 0.004 -23"><span class='ocrx_word' id='word_1_647' title='bbox 456 4750 612 4822; x_wconf 68' lang='lat' dir='ltr'><strong>initio</strong></span> <span class='ocrx_word' id='word_1_648' title='bbox 657 4750 837 4822; x_wconf 63' lang='lat' dir='ltr'><strong>posui,</strong></span> <span class='ocrx_word' id='word_1_649' title='bbox 877 4765 1050 4822; x_wconf 76' lang='lat' dir='ltr'><strong>usque</strong></span> <span class='ocrx_word' id='word_1_650' title='bbox 1085 4750 1152 4822; x_wconf 78' lang='lat' dir='ltr'><strong>ad</strong></span> <span class='ocrx_word' id='word_1_651' title='bbox 1196 4766 1386 4822; x_wconf 61' lang='lat' dir='ltr'><strong>vocem</strong></span> <span class='ocrx_word' id='word_1_652' title='bbox 1439 4753 1700 4822; x_wconf 79' lang='grc' dir='ltr'>ῥήμασιν,</span> <span class='ocrx_word' id='word_1_653' title='bbox 1735 4750 1942 4808; x_wconf 75' lang='lat' dir='ltr'><strong>desunt</strong></span> <span class='ocrx_word' id='word_1_654' title='bbox 1972 4754 2028 4807; x_wconf 89' lang='lat' dir='ltr'><strong>in</strong></span> 
     </span>
    </p>
   </div>
   <div class='ocr_carea' id='block_1_88' title="bbox 2133 4611 2842 4683">
    <p class='ocr_par' dir='ltr' id='par_1_88' title="bbox 2133 4611 2842 4683">
     <span class='ocr_line' id='line_1_88' title="bbox 2133 4611 2842 4683; baseline 0 -17"><span class='ocrx_word' id='word_1_655' title='bbox 2133 4613 2396 4683; x_wconf 88' lang='lat' dir='ltr'><strong>phanium</strong></span> <span class='ocrx_word' id='word_1_656' title='bbox 2427 4611 2842 4668; x_wconf 88' lang='lat' dir='ltr'><strong>Scholasticum.</strong></span> 
     </span>
    </p>
   </div>
   <div class='ocr_carea' id='block_1_89' title="bbox 2209 4680 3707 4753">
    <p class='ocr_par' dir='ltr' id='par_1_89' title="bbox 2209 4680 3707 4753">
     <span class='ocr_line' id='line_1_89' title="bbox 2209 4680 3707 4753; baseline -0.001 -18"><span class='ocrx_word' id='word_1_657' title='bbox 2209 4683 2320 4753; x_wconf 78' lang='grc'><strong>(51)</strong></span> <span class='ocrx_word' id='word_1_658' title='bbox 2356 4683 2474 4753; x_wconf 82' lang='grc' dir='ltr'>Πρὸ</span> <span class='ocrx_word' id='word_1_659' title='bbox 2535 4683 2736 4750; x_wconf 83' lang='grc' dir='ltr'>πάσης</span> <span class='ocrx_word' id='word_1_660' title='bbox 2791 4681 3181 4747; x_wconf 71' lang='grc' dir='ltr'>καταληπτῆς</span> <span class='ocrx_word' id='word_1_661' title='bbox 3227 4682 3522 4753; x_wconf 60' lang='grc' dir='ltr'>ἐπινοίας.</span> <span class='ocrx_word' id='word_1_662' title='bbox 3551 4680 3707 4749; x_wconf 82' lang='lat' dir='ltr'><strong>Apud</strong></span> 
     </span>
    </p>
   </div>
   <div class='ocr_carea' id='block_1_90' title="bbox 2136 4751 3710 4823">
    <p class='ocr_par' dir='ltr' id='par_1_90' title="bbox 2136 4751 3710 4823">
     <span class='ocr_line' id='line_1_90' title="bbox 2136 4751 3710 4823; baseline -0.002 -16"><span class='ocrx_word' id='word_1_663' title='bbox 2136 4751 2494 4807; x_wconf 85' lang='lat' dir='ltr'><strong>Athanasium</strong></span> <span class='ocrx_word' id='word_1_664' title='bbox 2527 4754 2582 4807; x_wconf 89' lang='lat' dir='ltr'><strong>in</strong></span> <span class='ocrx_word' id='word_1_665' title='bbox 2635 4754 2778 4807; x_wconf 90' lang='lat' dir='ltr'><strong>libro</strong></span> <span class='ocrx_word' id='word_1_666' title='bbox 2804 4753 2880 4809; x_wconf 90' lang='lat' dir='ltr'><strong>De</strong></span> <span class='ocrx_word' id='word_1_667' title='bbox 2925 4753 3168 4823; x_wconf 90' lang='lat' dir='ltr'><strong>synodis,</strong></span> <span class='ocrx_word' id='word_1_668' title='bbox 3204 4768 3325 4823; x_wconf 85' lang='lat' dir='ltr'><strong>pag.</strong></span> <span class='ocrx_word' id='word_1_669' title='bbox 3359 4752 3480 4814; x_wconf 78' lang='lat'><strong>875,</strong></span> <span class='ocrx_word' id='word_1_670' title='bbox 3510 4751 3710 4822; x_wconf 86' lang='lat' dir='ltr'><strong>legitur</strong></span> 
     </span>
    </p>
   </div>
   <div class='ocr_carea' id='block_1_91' title="bbox 453 4815 2239 4896">
    <p class='ocr_par' dir='ltr' id='par_1_91' title="bbox 453 4815 2237 4896">
     <span class='ocr_line' id='line_1_91' title="bbox 453 4815 2237 4896; baseline 0.003 -26"><span class='ocrx_word' id='word_1_671' title='bbox 453 4815 693 4873; x_wconf 79' lang='lat' dir='ltr'><strong>editione</strong></span> <span class='ocrx_word' id='word_1_672' title='bbox 719 4815 1271 4891; x_wconf 51' lang='lat' dir='ltr'><strong>Roberti&#39;Stcphani;</strong></span> <span class='ocrx_word' id='word_1_673' title='bbox 1305 4837 1408 4876; x_wconf 90' lang='lat' dir='ltr'><strong>nec</strong></span> <span class='ocrx_word' id='word_1_674' title='bbox 1427 4815 1701 4878; x_wconf 74' lang='lat' dir='ltr'><strong>habentur</strong></span> <span class='ocrx_word' id='word_1_675' title='bbox 1727 4824 1869 4894; x_wconf 88' lang='lat' dir='ltr'><strong>apud</strong></span> <span class='ocrx_word' id='word_1_676' title='bbox 1898 4825 2030 4896; x_wconf 88' lang='lat' dir='ltr'><strong>Epi-</strong></span> <span class='ocrx_word' id='word_1_677' title='bbox 2062 4827 2106 4882; x_wconf 91' lang='lat' dir='ltr'><strong>D</strong></span> <span class='ocrx_word' id='word_1_678' title='bbox 2135 4841 2237 4877; x_wconf 85' lang='grc' dir='ltr'><strong>κατ</strong></span> 
     </span>
    </p>
   </div>
   <div class='ocr_carea' id='block_1_92' title="bbox 940 4815 2726 4896">
    <p class='ocr_par' dir='ltr' id='par_1_92' title="bbox 940 4815 2726 4896">
     <span class='ocr_line' id='line_1_92' title="bbox 940 4815 2726 4896; baseline 0.001 -22"><span class='ocrx_word' id='word_1_679' title='bbox 940 4815 1271 4891; x_wconf 62' lang='grc' dir='ltr'>ι’ὃιερὴίωίς</span> <span class='ocrx_word' id='word_1_680' title='bbox 1305 4837 1408 4876; x_wconf 90' lang='lat' dir='ltr'><strong>nec</strong></span> <span class='ocrx_word' id='word_1_681' title='bbox 1427 4815 1701 4878; x_wconf 74' lang='lat' dir='ltr'><strong>habentur</strong></span> <span class='ocrx_word' id='word_1_682' title='bbox 1727 4824 1869 4894; x_wconf 88' lang='lat' dir='ltr'><strong>apud</strong></span> <span class='ocrx_word' id='word_1_683' title='bbox 1898 4825 2030 4896; x_wconf 88' lang='lat' dir='ltr'><strong>Epi-</strong></span> <span class='ocrx_word' id='word_1_684' title='bbox 2062 4827 2106 4882; x_wconf 91' lang='lat' dir='ltr'><strong>D</strong></span> <span class='ocrx_word' id='word_1_685' title='bbox 2135 4825 2486 4894; x_wconf 81' lang='grc' dir='ltr'>καταληπτῆς</span> <span class='ocrx_word' id='word_1_686' title='bbox 2521 4823 2726 4886; x_wconf 77' lang='grc' dir='ltr'>οὐσίας.</span> 
     </span>
    </p>
   </div>
   <div class='ocr_carea' id='block_1_93' title="bbox 1907 5025 2288 5080">
    <p class='ocr_par' dir='ltr' id='par_1_93' title="bbox 1907 5025 2288 5080">
     <span class='ocr_line' id='line_1_93' title="bbox 1907 5025 2288 5080; baseline -0.005 -1"><span class='ocrx_word' id='word_1_687' title='bbox 1907 5025 2288 5080; x_wconf 75' lang='lat' dir='ltr'><strong>VARIORUM.</strong></span> 
     </span>
    </p>
   </div>
   <div class='ocr_carea' id='block_1_94' title="bbox 526 5135 2028 5209">
    <p class='ocr_par' dir='ltr' id='par_1_94' title="bbox 526 5135 2028 5209">
     <span class='ocr_line' id='line_1_94' title="bbox 526 5135 2028 5209; baseline 0.004 -20"><span class='ocrx_word' id='word_1_688' title='bbox 526 5135 842 5209; x_wconf 71' lang='lat' dir='ltr'><strong>&#39;_¢.1a§lov</strong></span> <span class='ocrx_word' id='word_1_689' title='bbox 863 5135 1164 5209; x_wconf 65' lang='lat' dir='ltr'><strong>queb’lou</strong></span> <span class='ocrx_word' id='word_1_690' title='bbox 1197 5136 1297 5190; x_wconf 76' lang='grc' dir='ltr'><strong>καί</strong></span> <span class='ocrx_word' id='word_1_691' title='bbox 1335 5137 1638 5209; x_wconf 60' lang='grc' dir='ltr'>Ἱππίου.</span> <span class='ocrx_word' id='word_1_692' title='bbox 1667 5140 1824 5209; x_wconf 82' lang='lat' dir='ltr'><strong>Apud</strong></span> <span class='ocrx_word' id='word_1_693' title='bbox 1858 5141 2028 5195; x_wconf 76' lang='lat' dir='ltr'><strong>Atha-</strong></span> 
     </span>
    </p>
   </div>
   <div class='ocr_carea' id='block_1_95' title="bbox 458 5204 2029 5280">
    <p class='ocr_par' dir='ltr' id='par_1_95' title="bbox 458 5204 2029 5280">
     <span class='ocr_line' id='line_1_95' title="bbox 458 5204 2029 5280; baseline 0.004 -22"><span class='ocrx_word' id='word_1_694' title='bbox 458 5204 678 5280; x_wconf 71' lang='lat' dir='ltr'><strong>pasium</strong></span> <span class='ocrx_word' id='word_1_695' title='bbox 707 5205 784 5280; x_wconf 84' lang='lat' dir='ltr'><strong>De</strong></span> <span class='ocrx_word' id='word_1_696' title='bbox 821 5207 1046 5280; x_wconf 54' lang='lat' dir='ltr'><strong>sinodis</strong></span> <span class='ocrx_word' id='word_1_697' title='bbox 1073 5207 1257 5280; x_wconf 82' lang='lat' dir='ltr'><strong>Arim._</strong></span> <span class='ocrx_word' id='word_1_698' title='bbox 1276 5216 1336 5280; x_wconf 85' lang='lat' dir='ltr'><strong>et</strong></span> <span class='ocrx_word' id='word_1_699' title='bbox 1359 5207 1602 5280; x_wconf 60' lang='lat' dir='ltr'><strong>Selene,</strong></span> <span class='ocrx_word' id='word_1_700' title='bbox 1634 5204 1756 5280; x_wconf 78' lang='lat' dir='ltr'><strong>pag.</strong></span> <span class='ocrx_word' id='word_1_701' title='bbox 1791 5212 1914 5274; x_wconf 73' lang='grc'>721,</span> <span class='ocrx_word' id='word_1_702' title='bbox 1936 5213 2029 5265; x_wconf 92' lang='lat' dir='ltr'><strong>ubi</strong></span> 
     </span>
    </p>
   </div>
   <div class='ocr_carea' id='block_1_96' title="bbox 457 5273 2026 5356">
    <p class='ocr_par' dir='ltr' id='par_1_96' title="bbox 457 5273 2026 5356">
     <span class='ocr_line' id='line_1_96' title="bbox 457 5273 2026 5356; baseline 0.004 -29"><span class='ocrx_word' id='word_1_703' title='bbox 457 5274 574 5329; x_wconf 65' lang='lat' dir='ltr'><strong>haec</strong></span> <span class='ocrx_word' id='word_1_704' title='bbox 599 5273 740 5356; x_wconf 75' lang='lat' dir='ltr'><strong>ﬁdei</strong></span> <span class='ocrx_word' id='word_1_705' title='bbox 757 5273 1525 5356; x_wconf 51' lang='lat' dir='ltr'><strong>professionemrrit,_legitur</strong></span> <span class='ocrx_word' id='word_1_706' title='bbox 1549 5273 1812 5356; x_wconf 61' lang='grc' dir='ltr'>Φλᾲυϊῖυν,</span> <span class='ocrx_word' id='word_1_707' title='bbox 1841 5273 1990 5337; x_wconf 86' lang='lat' dir='ltr'><strong>recte</strong></span> <span class='ocrx_word' id='word_1_708' title='bbox 2015 5301 2026 5335; x_wconf 88' lang='lat'><strong>:</strong></span> 
     </span>
    </p>
   </div>
   <div class='ocr_carea' id='block_1_97' title="bbox 456 5346 2030 5422">
    <p class='ocr_par' dir='ltr' id='par_1_97' title="bbox 456 5346 2030 5422">
     <span class='ocr_line' id='line_1_97' title="bbox 456 5346 2030 5422; baseline 0.007 -26"><span class='ocrx_word' id='word_1_709' title='bbox 456 5353 617 5422; x_wconf 68' lang='lat' dir='ltr'><strong>erant</strong></span> <span class='ocrx_word' id='word_1_710' title='bbox 649 5346 852 5422; x_wconf 67' lang='lat' dir='ltr'><strong>quippe</strong></span> <span class='ocrx_word' id='word_1_711' title='bbox 879 5346 1156 5422; x_wconf 72' lang='lat' dir='ltr'><strong>Eusebius</strong></span> <span class='ocrx_word' id='word_1_712' title='bbox 1199 5357 1257 5401; x_wconf 90' lang='lat' dir='ltr'><strong>et</strong></span> <span class='ocrx_word' id='word_1_713' title='bbox 1299 5346 1562 5422; x_wconf 77' lang='lat' dir='ltr'><strong>Hypatius</strong></span> <span class='ocrx_word' id='word_1_714' title='bbox 1611 5350 1831 5416; x_wconf 80' lang='lat' dir='ltr'><strong>fratres,</strong></span> <span class='ocrx_word' id='word_1_715' title='bbox 1865 5362 2030 5422; x_wconf 88' lang='lat' dir='ltr'><strong>atque</strong></span> 
     </span>
    </p>
   </div>
   <div class='ocr_carea' id='block_1_98' title="bbox 457 5415 2030 5490">
    <p class='ocr_par' dir='ltr' id='par_1_98' title="bbox 457 5415 2030 5490">
     <span class='ocr_line' id='line_1_98' title="bbox 457 5415 2030 5490; baseline 0.006 -24"><span class='ocrx_word' id='word_1_716' title='bbox 457 5415 636 5490; x_wconf 90' lang='lat' dir='ltr'><strong>adeo_</strong></span> <span class='ocrx_word' id='word_1_717' title='bbox 651 5415 820 5490; x_wconf 75' lang='lat' dir='ltr'><strong>Flavii</strong></span> <span class='ocrx_word' id='word_1_718' title='bbox 856 5416 1276 5490; x_wconf 83' lang='lat' dir='ltr'><strong>appellabantur</strong></span> <span class='ocrx_word' id='word_1_719' title='bbox 1328 5415 1551 5490; x_wconf 46' lang='lat' dir='ltr'><strong>ambo;</strong></span> <span class='ocrx_word' id='word_1_720' title='bbox 1580 5415 1824 5490; x_wconf 9' lang='lat' dir='ltr'><strong>quorum?</strong></span> <span class='ocrx_word' id='word_1_721' title='bbox 1872 5415 2030 5476; x_wconf 77' lang='lat' dir='ltr'><strong>soror</strong></span> 
     </span>
    </p>
   </div>
   <div class='ocr_carea' id='block_1_99' title="bbox 456 5484 2030 5558">
    <p class='ocr_par' dir='ltr' id='par_1_99' title="bbox 456 5484 2030 5558">
     <span class='ocr_line' id='line_1_99' title="bbox 456 5484 2030 5558; baseline 0.006 -21"><span class='ocrx_word' id='word_1_722' title='bbox 456 5484 1198 5558; x_wconf 75' lang='lat' dir='ltr'><strong>erat_Eusebia,_Constantis</strong></span> <span class='ocrx_word' id='word_1_723' title='bbox 1251 5490 1470 5558; x_wconf 72' lang='lat' dir='ltr'><strong>coniux.</strong></span> <span class='ocrx_word' id='word_1_724' title='bbox 1503 5484 1616 5558; x_wconf 57' lang='lat' dir='ltr'><strong>(CI:</strong></span> <span class='ocrx_word' id='word_1_725' title='bbox 1645 5492 1898 5546; x_wconf 87' lang='lat' dir='ltr'><strong>monachi</strong></span> <span class='ocrx_word' id='word_1_726' title='bbox 1925 5493 2030 5546; x_wconf 86' lang='lat' dir='ltr'><strong>Be-</strong></span> 
     </span>
    </p>
   </div>
   <div class='ocr_carea' id='block_1_100' title="bbox 457 5554 1604 5631">
    <p class='ocr_par' dir='ltr' id='par_1_100' title="bbox 457 5554 1604 5631">
     <span class='ocr_line' id='line_1_100' title="bbox 457 5554 1604 5631; baseline 0.004 -24"><span class='ocrx_word' id='word_1_727' title='bbox 457 5554 665 5631; x_wconf 82' lang='lat' dir='ltr'><strong>nedic_t.</strong></span> <span class='ocrx_word' id='word_1_728' title='bbox 703 5555 760 5608; x_wconf 90' lang='lat' dir='ltr'><strong>in</strong></span> <span class='ocrx_word' id='word_1_729' title='bbox 789 5555 1049 5631; x_wconf 77' lang='lat' dir='ltr'><strong>Athanas.</strong></span> <span class='ocrx_word' id='word_1_730' title='bbox 1091 5557 1216 5631; x_wconf 61' lang='lat' dir='ltr'><strong>v91.</strong></span> <span class='ocrx_word' id='word_1_731' title='bbox 1257 5558 1323 5620; x_wconf 90' lang='lat' dir='ltr'><strong>ll,</strong></span> <span class='ocrx_word' id='word_1_732' title='bbox 1354 5554 1416 5628; x_wconf 80' lang='lat' dir='ltr'><strong>p.</strong></span> <span class='ocrx_word' id='word_1_733' title='bbox 1453 5554 1604 5631; x_wconf 74' lang='grc'>721.)</span> 
     </span>
    </p>
   </div>
   <div class='ocr_carea' id='block_1_101' title="bbox 535 5625 2023 5695">
    <p class='ocr_par' dir='ltr' id='par_1_101' title="bbox 535 5625 2023 5695">
     <span class='ocr_line' id='line_1_101' title="bbox 535 5625 2023 5695; baseline 0.005 -21"><span class='ocrx_word' id='word_1_734' title='bbox 535 5629 552 5659; x_wconf 68' lang='grc' dir='ltr'><strong>τ</strong></span> <span class='ocrx_word' id='word_1_735' title='bbox 592 5625 1034 5695; x_wconf 76' lang='grc' dir='ltr'>Σταυρωθέντα,</span> <span class='ocrx_word' id='word_1_736' title='bbox 1065 5627 1166 5679; x_wconf 81' lang='grc' dir='ltr'>καὶ</span> <span class='ocrx_word' id='word_1_737' title='bbox 1185 5625 1566 5682; x_wconf 75' lang='grc' dir='ltr'>ἀποθᾱνόντα</span> <span class='ocrx_word' id='word_1_738' title='bbox 1586 5625 1692 5683; x_wconf 79' lang='grc' dir='ltr'>’καί</span> <span class='ocrx_word' id='word_1_739' title='bbox 1724 5633 1812 5695; x_wconf 75' lang='grc' dir='ltr'><strong>εἰς</strong></span> <span class='ocrx_word' id='word_1_740' title='bbox 1832 5631 1904 5684; x_wconf 77' lang='grc' dir='ltr'>τὰ</span> <span class='ocrx_word' id='word_1_741' title='bbox 1929 5649 2023 5684; x_wconf 64' lang='grc' dir='ltr'><strong>κη.</strong></span> 
     </span>
    </p>
   </div>
   <div class='ocr_carea' id='block_1_102' title="bbox 458 5694 2025 5775">
    <p class='ocr_par' dir='ltr' id='par_1_102' title="bbox 458 5694 2025 5775">
     <span class='ocr_line' id='line_1_102' title="bbox 458 5694 2025 5775; baseline 0.005 -28"><span class='ocrx_word' id='word_1_742' title='bbox 458 5694 1153 5775; x_wconf 48' lang='grc' dir='ltr'>τριχθόνοια-κατελθόντα.</span> <span class='ocrx_word' id='word_1_743' title='bbox 1188 5697 1244 5750; x_wconf 94' lang='lat' dir='ltr'><strong>In</strong></span> <span class='ocrx_word' id='word_1_744' title='bbox 1307 5694 1877 5775; x_wconf 53' lang='lat' dir='ltr'><strong>YeteJ-ihussocratis</strong></span> <span class='ocrx_word' id='word_1_745' title='bbox 1904 5702 2025 5775; x_wconf 82' lang='lat' dir='ltr'><strong>edi-</strong></span> 
     </span>
    </p>
   </div>
   <div class='ocr_carea' id='block_1_103' title="bbox 459 5765 2031 5840">
    <p class='ocr_par' dir='ltr' id='par_1_103' title="bbox 459 5765 2031 5840">
     <span class='ocr_line' id='line_1_103' title="bbox 459 5765 2031 5840; baseline 0.004 -22"><span class='ocrx_word' id='word_1_746' title='bbox 459 5765 551 5825; x_wconf 83' lang='lat' dir='ltr'><strong>tis.</strong></span> <span class='ocrx_word' id='word_1_747' title='bbox 611 5765 1072 5840; x_wconf 36' lang='lat' dir='ltr'><strong>utAqbservarunt</strong></span> <span class='ocrx_word' id='word_1_748' title='bbox 1116 5769 1372 5840; x_wconf 79' lang='lat' dir='ltr'><strong>monachi</strong></span> <span class='ocrx_word' id='word_1_749' title='bbox 1414 5770 1777 5836; x_wconf 87' lang='lat' dir='ltr'><strong>Benedictini,</strong></span> <span class='ocrx_word' id='word_1_750' title='bbox 1832 5771 2031 5840; x_wconf 78' lang='lat' dir='ltr'><strong>legitur</strong></span> 
     </span>
    </p>
   </div>
   <div class='ocr_carea' id='block_1_104' title="bbox 459 5834 2032 5914">
    <p class='ocr_par' dir='ltr' id='par_1_104' title="bbox 459 5834 2032 5914">
     <span class='ocr_line' id='line_1_104' title="bbox 459 5834 2032 5914; baseline 0.005 -28"><span class='ocrx_word' id='word_1_751' title='bbox 459 5834 847 5914; x_wconf 74' lang='grc' dir='ltr'>σταυρωθέντα</span> <span class='ocrx_word' id='word_1_752' title='bbox 876 5839 974 5891; x_wconf 77' lang='grc' dir='ltr'>καὶ</span> <span class='ocrx_word' id='word_1_753' title='bbox 1027 5837 1272 5914; x_wconf 73' lang='grc' dir='ltr'>παθόντα</span> <span class='ocrx_word' id='word_1_754' title='bbox 1287 5840 1404 5914; x_wconf 33' lang='grc' dir='ltr'>*καὶ</span> <span class='ocrx_word' id='word_1_755' title='bbox 1464 5834 1826 5894; x_wconf 87' lang='grc' dir='ltr'>ἀποθανόντα.</span> <span class='ocrx_word' id='word_1_756' title='bbox 1859 5834 2032 5895; x_wconf 54' lang='grc' dir='ltr'>Ρνοτισο</span> 
     </span>
    </p>
   </div>
   <div class='ocr_carea' id='block_1_105' title="bbox 461 5905 2030 5977">
    <p class='ocr_par' dir='ltr' id='par_1_105' title="bbox 461 5905 2030 5977">
     <span class='ocr_line' id='line_1_105' title="bbox 461 5905 2030 5977; baseline 0.005 -19"><span class='ocrx_word' id='word_1_757' title='bbox 461 5905 575 5960; x_wconf 74' lang='lat' dir='ltr'><strong>lucc</strong></span> <span class='ocrx_word' id='word_1_758' title='bbox 601 5905 776 5975; x_wconf 87' lang='lat' dir='ltr'><strong>prima</strong></span> <span class='ocrx_word' id='word_1_759' title='bbox 801 5923 868 5962; x_wconf 77' lang='lat' dir='ltr'><strong>ex</strong></span> <span class='ocrx_word' id='word_1_760' title='bbox 892 5908 1150 5964; x_wconf 88' lang='lat' dir='ltr'><strong>omnibus</strong></span> <span class='ocrx_word' id='word_1_761' title='bbox 1199 5925 1231 5962; x_wconf 88' lang='lat' dir='ltr'><strong>a</strong></span> <span class='ocrx_word' id='word_1_762' title='bbox 1273 5908 1506 5977; x_wconf 80' lang='lat' dir='ltr'><strong>Socrate</strong></span> <span class='ocrx_word' id='word_1_763' title='bbox 1569 5911 1857 5966; x_wconf 76' lang='lat' dir='ltr'><strong>recensitis</strong></span> <span class='ocrx_word' id='word_1_764' title='bbox 1907 5912 2030 5966; x_wconf 88' lang='lat' dir='ltr'><strong>ﬁdei</strong></span> 
     </span>
    </p>
   </div>
   <div class='ocr_carea' id='block_1_106' title="bbox 2133 5139 3705 5224">
    <p class='ocr_par' dir='ltr' id='par_1_106' title="bbox 2133 5139 3705 5224">
     <span class='ocr_line' id='line_1_106' title="bbox 2133 5139 3705 5224; baseline -0.002 -28"><span class='ocrx_word' id='word_1_765' title='bbox 2133 5143 2360 5224; x_wconf 70' lang='lat' dir='ltr'><strong>regulis,</strong></span> <span class='ocrx_word' id='word_1_766' title='bbox 2391 5141 2558 5196; x_wconf 88' lang='lat' dir='ltr'><strong>habet</strong></span> <span class='ocrx_word' id='word_1_767' title='bbox 2595 5143 2993 5224; x_wconf 41' lang='lat' dir='ltr'><strong>articulpmhdc</strong></span> <span class='ocrx_word' id='word_1_768' title='bbox 3025 5143 3292 5224; x_wconf 68' lang='lat' dir='ltr'><strong>descensu</strong></span> <span class='ocrx_word' id='word_1_769' title='bbox 3340 5140 3407 5194; x_wconf 90' lang='lat' dir='ltr'><strong>ad</strong></span> <span class='ocrx_word' id='word_1_770' title='bbox 3458 5139 3705 5224; x_wconf 62' lang='lat' dir='ltr'><strong>inferos;</strong></span> 
     </span>
    </p>
   </div>
   <div class='ocr_carea' id='block_1_107' title="bbox 2133 5210 3708 5284">
    <p class='ocr_par' dir='ltr' id='par_1_107' title="bbox 2133 5210 3708 5284">
     <span class='ocr_line' id='line_1_107' title="bbox 2133 5210 3708 5284; baseline -0.002 -17"><span class='ocrx_word' id='word_1_771' title='bbox 2133 5210 2228 5283; x_wconf 84' lang='lat' dir='ltr'><strong>qui</strong></span> <span class='ocrx_word' id='word_1_772' title='bbox 2263 5213 2756 5284; x_wconf 15' lang='lat' dir='ltr'><strong>iterumioccurrit</strong></span> <span class='ocrx_word' id='word_1_773' title='bbox 2797 5213 2859 5268; x_wconf 81' lang='lat' dir='ltr'><strong>in</strong></span> <span class='ocrx_word' id='word_1_774' title='bbox 2892 5213 3149 5284; x_wconf 81' lang='lat' dir='ltr'><strong>Symbolo</strong></span> <span class='ocrx_word' id='word_1_775' title='bbox 3201 5210 3708 5280; x_wconf 87' lang='lat' dir='ltr'><strong>Constantinopoli-</strong></span> 
     </span>
    </p>
   </div>
   <div class='ocr_carea' id='block_1_108' title="bbox 2134 5283 2820 5351">
    <p class='ocr_par' dir='ltr' id='par_1_108' title="bbox 2134 5283 2820 5351">
     <span class='ocr_line' id='line_1_108' title="bbox 2134 5283 2820 5351; baseline -0.004 -12"><span class='ocrx_word' id='word_1_776' title='bbox 2134 5295 2282 5347; x_wconf 90' lang='lat' dir='ltr'><strong>tano,</strong></span> <span class='ocrx_word' id='word_1_777' title='bbox 2314 5299 2363 5337; x_wconf 93' lang='lat' dir='ltr'><strong>c.</strong></span> <span class='ocrx_word' id='word_1_778' title='bbox 2387 5283 2448 5336; x_wconf 77' lang='lat' dir='ltr'><strong>M</strong></span> <span class='ocrx_word' id='word_1_779' title='bbox 2484 5283 2649 5351; x_wconf 85' lang='lat' dir='ltr'><strong>hujus</strong></span> <span class='ocrx_word' id='word_1_780' title='bbox 2671 5283 2820 5337; x_wconf 83' lang='lat' dir='ltr'><strong>libri.</strong></span> 
     </span>
    </p>
   </div>
   <div class='ocr_carea' id='block_1_109' title="bbox 2191 5349 3707 5418">
    <p class='ocr_par' dir='ltr' id='par_1_109' title="bbox 2191 5349 3707 5418">
     <span class='ocr_line' id='line_1_109' title="bbox 2191 5349 3707 5418; baseline 0 -14"><span class='ocrx_word' id='word_1_781' title='bbox 2191 5363 2229 5404; x_wconf 83' lang='grc' dir='ltr'>,ιι</span> <span class='ocrx_word' id='word_1_782' title='bbox 2265 5354 2334 5408; x_wconf 85' lang='lat' dir='ltr'><strong>At</strong></span> <span class='ocrx_word' id='word_1_783' title='bbox 2363 5370 2470 5406; x_wconf 92' lang='lat' dir='ltr'><strong>non</strong></span> <span class='ocrx_word' id='word_1_784' title='bbox 2500 5349 2636 5408; x_wconf 89' lang='lat' dir='ltr'><strong>adeo</strong></span> <span class='ocrx_word' id='word_1_785' title='bbox 2668 5352 2885 5407; x_wconf 90' lang='lat' dir='ltr'><strong>ﬁrmum</strong></span> <span class='ocrx_word' id='word_1_786' title='bbox 2921 5363 3006 5407; x_wconf 88' lang='lat' dir='ltr'><strong>est</strong></span> <span class='ocrx_word' id='word_1_787' title='bbox 3037 5353 3142 5404; x_wconf 91' lang='lat' dir='ltr'><strong>hoc</strong></span> <span class='ocrx_word' id='word_1_788' title='bbox 3186 5349 3386 5404; x_wconf 70' lang='lat' dir='ltr'><strong>Valesii</strong></span> <span class='ocrx_word' id='word_1_789' title='bbox 3414 5365 3707 5418; x_wconf 78' lang='lat' dir='ltr'><strong>argumen-</strong></span> 
     </span>
    </p>
   </div>
   <div class='ocr_carea' id='block_1_110' title="bbox 2136 5420 3704 5494">
    <p class='ocr_par' dir='ltr' id='par_1_110' title="bbox 2136 5420 3704 5494">
     <span class='ocr_line' id='line_1_110' title="bbox 2136 5420 3704 5494; baseline -0.001 -17"><span class='ocrx_word' id='word_1_790' title='bbox 2136 5433 2250 5478; x_wconf 91' lang='lat' dir='ltr'><strong>tum</strong></span> <span class='ocrx_word' id='word_1_791' title='bbox 2304 5442 2345 5494; x_wconf 15' lang='grc' dir='ltr'><strong>εί</strong></span> <span class='ocrx_word' id='word_1_792' title='bbox 2376 5423 2432 5477; x_wconf 93' lang='lat' dir='ltr'><strong>in</strong></span> <span class='ocrx_word' id='word_1_793' title='bbox 2485 5423 2744 5494; x_wconf 84' lang='lat' dir='ltr'><strong>Apologia</strong></span> <span class='ocrx_word' id='word_1_794' title='bbox 2776 5424 2997 5494; x_wconf 13' lang='lat' dir='ltr'><strong>quippe,</strong></span> <span class='ocrx_word' id='word_1_795' title='bbox 3036 5422 3102 5494; x_wconf 86' lang='lat' dir='ltr'><strong>ad</strong></span> <span class='ocrx_word' id='word_1_796' title='bbox 3131 5420 3535 5494; x_wconf 61' lang='lat' dir='ltr'><strong>Constantium</strong></span> <span class='ocrx_word' id='word_1_797' title='bbox 3575 5421 3704 5494; x_wconf 84' lang='lat' dir='ltr'><strong>imp.</strong></span> 
     </span>
    </p>
   </div>
   <div class='ocr_carea' id='block_1_111' title="bbox 2134 5489 3709 5563">
    <p class='ocr_par' dir='ltr' id='par_1_111' title="bbox 2134 5489 3709 5563">
     <span class='ocr_line' id='line_1_111' title="bbox 2134 5489 3709 5563; baseline -0.004 -15"><span class='ocrx_word' id='word_1_798' title='bbox 2134 5511 2256 5563; x_wconf 81' lang='lat' dir='ltr'><strong>pag.</strong></span> <span class='ocrx_word' id='word_1_799' title='bbox 2289 5493 2414 5550; x_wconf 80' lang='grc'>⁸509.</span> <span class='ocrx_word' id='word_1_800' title='bbox 2453 5489 2738 5563; x_wconf 75' lang='lat' dir='ltr'><strong>epistolam</strong></span> <span class='ocrx_word' id='word_1_801' title='bbox 2769 5489 2930 5547; x_wconf 57' lang='grc' dir='ltr'>έθότί</span> <span class='ocrx_word' id='word_1_802' title='bbox 2977 5493 3033 5547; x_wconf 89' lang='lat' dir='ltr'><strong>S.</strong></span> <span class='ocrx_word' id='word_1_803' title='bbox 3061 5490 3392 5563; x_wconf 76' lang='lat' dir='ltr'><strong>Athanasius</strong></span> <span class='ocrx_word' id='word_1_804' title='bbox 3419 5489 3709 5563; x_wconf 83' lang='lat' dir='ltr'><strong>ex_Latino</strong></span> 
     </span>
    </p>
   </div>
   <div class='ocr_carea' id='block_1_112' title="bbox 2135 5559 3706 5626">
    <p class='ocr_par' dir='ltr' id='par_1_112' title="bbox 2135 5559 3706 5626">
     <span class='ocr_line' id='line_1_112' title="bbox 2135 5559 3706 5626; baseline -0.001 -9"><span class='ocrx_word' id='word_1_805' title='bbox 2135 5559 2321 5618; x_wconf 65' lang='lat' dir='ltr'><strong>Crarce</strong></span> <span class='ocrx_word' id='word_1_806' title='bbox 2367 5559 2602 5626; x_wconf 76' lang='lat' dir='ltr'><strong>versam,</strong></span> <span class='ocrx_word' id='word_1_807' title='bbox 2666 5580 2775 5618; x_wconf 91' lang='lat' dir='ltr'><strong>non</strong></span> <span class='ocrx_word' id='word_1_808' title='bbox 2833 5573 3009 5616; x_wconf 80' lang='lat' dir='ltr'><strong>tamen</strong></span> <span class='ocrx_word' id='word_1_809' title='bbox 3062 5561 3195 5616; x_wconf 91' lang='lat' dir='ltr'><strong>illud</strong></span> <span class='ocrx_word' id='word_1_810' title='bbox 3226 5559 3449 5614; x_wconf 90' lang='lat' dir='ltr'><strong>indicat.</strong></span> <span class='ocrx_word' id='word_1_811' title='bbox 3484 5559 3706 5615; x_wconf 80' lang='lat' dir='ltr'><strong>Certum</strong></span> 
     </span>
    </p>
   </div>
   <div class='ocr_carea' id='block_1_113' title="bbox 2131 5631 3707 5703">
    <p class='ocr_par' dir='ltr' id='par_1_113' title="bbox 2131 5631 3707 5703">
     <span class='ocr_line' id='line_1_113' title="bbox 2131 5631 3707 5703; baseline 0.001 -19"><span class='ocrx_word' id='word_1_812' title='bbox 2131 5634 2369 5693; x_wconf 68' lang='lat' dir='ltr'><strong>videtur.</strong></span> <span class='ocrx_word' id='word_1_813' title='bbox 2421 5635 2562 5687; x_wconf 72' lang='lat' dir='ltr'><strong>hanc</strong></span> <span class='ocrx_word' id='word_1_814' title='bbox 2593 5637 2763 5703; x_wconf 88' lang='lat' dir='ltr'><strong>ipsam</strong></span> <span class='ocrx_word' id='word_1_815' title='bbox 2815 5649 2935 5687; x_wconf 84' lang='lat' dir='ltr'><strong>esse</strong></span> <span class='ocrx_word' id='word_1_816' title='bbox 2990 5633 3118 5685; x_wconf 83' lang='lat' dir='ltr'><strong>ﬁdei</strong></span> <span class='ocrx_word' id='word_1_817' title='bbox 3172 5631 3461 5703; x_wconf 81' lang='lat' dir='ltr'><strong>formulam</strong></span> <span class='ocrx_word' id='word_1_818' title='bbox 3513 5647 3632 5703; x_wconf 60' lang='lat' dir='ltr'><strong>(Illic</strong></span> <span class='ocrx_word' id='word_1_819' title='bbox 3677 5649 3707 5686; x_wconf 88' lang='lat' dir='ltr'><strong>a</strong></span> 
     </span>
    </p>
   </div>
   <div class='ocr_carea' id='block_1_114' title="bbox 2134 5695 3706 5770">
    <p class='ocr_par' dir='ltr' id='par_1_114' title="bbox 2134 5695 3706 5770">
     <span class='ocr_line' id='line_1_114' title="bbox 2134 5695 3706 5770; baseline -0.002 -13"><span class='ocrx_word' id='word_1_820' title='bbox 2134 5704 2313 5757; x_wconf 83' lang='lat' dir='ltr'><strong>Marco</strong></span> <span class='ocrx_word' id='word_1_821' title='bbox 2342 5695 2636 5758; x_wconf 76' lang='lat' dir='ltr'><strong>Arethusio</strong></span> <span class='ocrx_word' id='word_1_822' title='bbox 2664 5705 2866 5757; x_wconf 87' lang='lat' dir='ltr'><strong>dictata</strong></span> <span class='ocrx_word' id='word_1_823' title='bbox 2899 5712 3002 5762; x_wconf 82' lang='lat' dir='ltr'><strong>est.</strong></span> <span class='ocrx_word' id='word_1_824' title='bbox 3035 5705 3298 5770; x_wconf 76' lang='lat' dir='ltr'><strong>cujusque</strong></span> <span class='ocrx_word' id='word_1_825' title='bbox 3353 5695 3706 5769; x_wconf 76' lang='lat' dir='ltr'><strong>subscriptio-</strong></span> 
     </span>
    </p>
   </div>
   <div class='ocr_carea' id='block_1_115' title="bbox 2136 5772 3702 5844">
    <p class='ocr_par' dir='ltr' id='par_1_115' title="bbox 2136 5772 3702 5844">
     <span class='ocr_line' id='line_1_115' title="bbox 2136 5772 3702 5844; baseline 0 -18"><span class='ocrx_word' id='word_1_826' title='bbox 2136 5790 2232 5828; x_wconf 84' lang='lat' dir='ltr'><strong>nes</strong></span> <span class='ocrx_word' id='word_1_827' title='bbox 2259 5774 2533 5828; x_wconf 87' lang='lat' dir='ltr'><strong>habentur</strong></span> <span class='ocrx_word' id='word_1_828' title='bbox 2563 5775 2706 5844; x_wconf 88' lang='lat' dir='ltr'><strong>apud</strong></span> <span class='ocrx_word' id='word_1_829' title='bbox 2749 5773 3112 5843; x_wconf 87' lang='lat' dir='ltr'><strong>Epiphanium</strong></span> <span class='ocrx_word' id='word_1_830' title='bbox 3143 5773 3278 5844; x_wconf 61' lang='lat' dir='ltr'><strong>hazr.</strong></span> <span class='ocrx_word' id='word_1_831' title='bbox 3305 5772 3406 5844; x_wconf 78' lang='lat'><strong>_75,</strong></span> <span class='ocrx_word' id='word_1_832' title='bbox 3427 5788 3576 5844; x_wconf 68' lang='lat' dir='ltr'><strong>ninn.</strong></span> <span class='ocrx_word' id='word_1_833' title='bbox 3615 5773 3702 5826; x_wconf 69' lang='lat'><strong>‘29..</strong></span> 
     </span>
    </p>
   </div>
   <div class='ocr_carea' id='block_1_116' title="bbox 2134 5841 3703 5912">
    <p class='ocr_par' dir='ltr' id='par_1_116' title="bbox 2134 5841 3703 5912">
     <span class='ocr_line' id='line_1_116' title="bbox 2134 5841 3703 5912; baseline -0.001 -15"><span class='ocrx_word' id='word_1_834' title='bbox 2134 5845 2392 5898; x_wconf 65' lang='lat' dir='ltr'><strong>Graecenc</strong></span> <span class='ocrx_word' id='word_1_835' title='bbox 2430 5841 2611 5898; x_wconf 83' lang='lat' dir='ltr'><strong>autem</strong></span> <span class='ocrx_word' id='word_1_836' title='bbox 2637 5860 2705 5898; x_wconf 90' lang='lat' dir='ltr'><strong>an</strong></span> <span class='ocrx_word' id='word_1_837' title='bbox 2728 5841 2918 5898; x_wconf 79' lang='lat' dir='ltr'><strong>Latine</strong></span> <span class='ocrx_word' id='word_1_838' title='bbox 2951 5844 3127 5912; x_wconf 88' lang='lat' dir='ltr'><strong>primo</strong></span> <span class='ocrx_word' id='word_1_839' title='bbox 3176 5841 3342 5896; x_wconf 82' lang='lat' dir='ltr'><strong>fuerit</strong></span> <span class='ocrx_word' id='word_1_840' title='bbox 3386 5842 3552 5912; x_wconf 83' lang='lat' dir='ltr'><strong>edita,</strong></span> <span class='ocrx_word' id='word_1_841' title='bbox 3587 5860 3703 5896; x_wconf 77' lang='lat' dir='ltr'><strong>am-</strong></span> 
     </span>
    </p>
   </div>
   <div class='ocr_carea' id='block_1_117' title="bbox 2137 5911 3632 5986">
    <p class='ocr_par' dir='ltr' id='par_1_117' title="bbox 2137 5911 3632 5986">
     <span class='ocr_line' id='line_1_117' title="bbox 2137 5911 3632 5986; baseline -0.003 -17"><span class='ocrx_word' id='word_1_842' title='bbox 2137 5915 2378 5984; x_wconf 80' lang='lat' dir='ltr'><strong>biguum.</strong></span> <span class='ocrx_word' id='word_1_843' title='bbox 2425 5916 2525 5986; x_wconf 83' lang='lat' dir='ltr'><strong>(Cl.</strong></span> <span class='ocrx_word' id='word_1_844' title='bbox 2569 5914 2848 5970; x_wconf 90' lang='lat' dir='ltr'><strong>Bcnedict.</strong></span> <span class='ocrx_word' id='word_1_845' title='bbox 2885 5911 3232 5969; x_wconf 29' lang='lat' dir='ltr'><strong>in’Athanas.</strong></span> <span class='ocrx_word' id='word_1_846' title='bbox 3258 5912 3378 5967; x_wconf 87' lang='lat' dir='ltr'><strong>loco</strong></span> <span class='ocrx_word' id='word_1_847' title='bbox 3417 5911 3632 5981; x_wconf 74' lang='lat' dir='ltr'><strong>citato.)</strong></span> 
     </span>
    </p>
   </div>
  </div>
