4524 6582
441 461 547 520 309

1447 464 1775 520 HISTORIA
1816 461 2369 520 ECCLESIASTICA.
2413 494 2481 506 —-
2516 466 2642 521 LIB.
2683 468 2740 522 ll.
3616 470 3719 523 61ιὶ

440 576 766 649 ὀνομάζουσι
787 576 1159 631 Κωνστάντιον
1181 590 1228 631 ι.
1260 576 1431 642 Αὐτὸς
1456 579 1562 648 γὰρ
1607 575 1674 648 ἦν
1696 584 1724 633 ό
1743 580 1841 651 τὴν
1864 580 2014 633 δυνα-
2046 586 2090 643 Α
2127 578 2226 633 fert

1932 598 2014 632 να·
2046 586 2090 643 Α
2127 578 2362 645 ferrent,
2411 584 2580 637 alium
2631 582 2915 635 dominum
2966 596 3125 635 suum
3174 582 3718 641 nominarunt,t'.un-

444 669 625 723 στείαν
648 669 743 739 τῆς
770 668 1025 733 ἀσεϐείας
1066 670 1252 734 αὐτοῖς
1280 671 1560 742 παρέχων.
1590 673 1698 725 Καὶ
1726 673 1941 728 αἰώνιον
1968 675 2026 728 δέ

443 763 605 816 αὑτὸν
651 763 877 833 βασιλέα
926 765 1212 835 εἰρήκασιν
1244 764 1382 833 (35),
1432 767 1483 820 οἱ
1542 767 1633 820 τὸν
1688 766 1816 821 Υίὺν
1859 769 2029 823 ἀΐδιον

444 853 769 925 ἀρνούμενοι
790 869 806 886 ’
838 854 1011 919 οὕτως
1039 855 1144 909 εἰσὶ
1191 858 1328 927 πρὸς
1364 856 1619 911 ἀσέϐειαν
1647 859 2024 931 χριστομάχοι.

459 945 598 999 Ἀλλ’
644 946 774 1007 ἴσως
810 946 958 999 ἐστὶν
998 946 1183 1010 αὐτοῖς
1226 947 1504 1019 πρόφασις
1532 949 1632 1019 τῆς
1679 950 2029 1022 ὑπατείας,ἠ

446 1038 554 1091 τῶν
580 1038 752 1106 ἁγίων
779 1038 1077 1111 προφητῶν
1111 1040 1501 1111 χρονογραφία.
1544 1041 1701 1095 Ἀλλὰ
1731 1043 1836 1095 κᾶν
1874 1044 2032 1096 τοῦτο

450 1128 799 1200 τολμήσωσιν
842 1130 1039 1191 εἰπεῖν,
1074 1128 1207 1183 πολὺ
1241 1129 1340 1199 τὴν
1370 1128 1607 1199 ἀμαθίαν
1635 1129 1843 1184 ἑαυτῶν
1875 1129 2032 1198 ἐξαγ-

449 1220 729 1288 γέλλουσιν
760 1220 894 1291 (56).
949 1219 1015 1275 Αἱ
1070 1220 1170 1292 μὲν
1204 1220 1313 1293 γάρ
1350 1219 1459 1273 τῶν
1502 1221 1672 1289 ἁγίων
1704 1225 2032 1292 προφητεῖαι

451 1314 656 1384 χρόνων
696 1314 879 1385 έχουσι
914 1315 1157 1386 μνήμην.
1185 1315 1293 1366 Καὶ
1327 1314 1551 1377 Ἡσαΐας
1603 1313 1700 1383 μὲν
1736 1314 1828 1366 καὶ
1875 1312 2032 1383 Ὠσηέ

452 1407 509 1458 ἐν
576 1405 812 1475 ἡμέραις
886 1402 1061 1467 Ὀζίου
1115 1405 1209 1457 καὶ
1277 1403 1515 1473 ἰωάθαμ
1572 1404 1665 1455 καὶ
1713 1404 1890 1473 Ἀχαζ
1941 1405 2035 1455 καὶ

466 1497 707 1563 Ἐζεκίου
726 1498 1033 1571 γεγόνασιν
1068 1498 1341 1569 Ἱερεμίας
1361 1497 1437 1563 δέ,
1460 1500 1518 1550 ἐν
1538 1498 1773 1573 ἡμέραις
1807 1497 2031 1550 Ἰωσίου’

466 1588 727 1660 ’Ῑεζεκιὴλ
748 1589 804 1642 δὲ
831 1589 926 1643 καὶ
954 1589 1174 1659 Δανιὴλ,
1208 1590 1303 1642 ἐπὶ
1336 1589 1520 1661 Κύρου
1543 1588 1635 1642 καὶ
1651 1589 1901 1661 Δαρείου.
1934 1588 2036 1642 Καὶ

454 1682 603 1739 ἄλλοι
636 1683 694 1735 ἐν
726 1681 905 1744 ἄλλοις
943 1682 1155 1753 χρόνοις
1195 1683 1635 1753 ἐπροφήτευσαν,
1667 1684 1727 1735 ού
1771 1683 1871 1752 τῆς
1918 1682 2035 1735 θεο-

456 1775 673 1839 σεϐείας
727 1774 903 1847 ἀρχὴν
941 1775 1429 1845 καταϐαλλόμενοι.
1484 1771 1592 1828 Ἦν
1643 1776 1751 1845 γὰρ
1791 1777 1883 1827 καί¹
1932 1775 2038 1847 πρὸ

454 1868 658 1932 αὐτῶν,
688 1869 781 1921 καὶ
817 1868 927 1933 ἀεὶ,
960 1869 1054 1922 καὶ
1077 1870 1191 1940 πρὸ
1224 1869 1533 1941 καταϐολῆς
1570 1871 1800 1939 κόσμου,
1832 1868 2038 1939 ταύτην

453 1961 587 2030 ἡμῖν
627 1961 656 2013 ὁ
702 1958 836 2023 Θεὸς
891 1961 951 2012 ἐν
993 1959 1217 2031 Χριστῷ
1266 1959 1692 2033 προητοίμασεν·
1752 1961 1888 2014 υίδδὲ
1938 1961 2037 2031 τῆς

456 2050 632 2105 αὐτῶν
676 2050 910 2115 πίστεως
957 2051 1085 2116 τοὺς
1129 2052 1352 2123 χρόνους
1389 2054 1700 2123 ἐσήμαινονο
1746 2049 1886 2124 ἦσαν
1930 2054 2037 2124 γὰρ

456 2146 550 2198 καὶ
576 2144 682 2215 πρὸ
711 2144 913 2199 τούτων
948 2145 1059 2198 τῶν
1102 2145 1309 2218 χρόνων
1349 2146 1504 2199 αὐτοὶ
1535 2146 1736 2199 πιστοί’
1772 2145 1907 2199 ἀλλὰ
1937 2144 2039 2216 τῆς

456 2236 525 2289 δι’
558 2236 737 2291 αὐτῶν
768 2237 1099 2307 ἐπαγγελίας
1129 2234 1269 2310 ἦσαν
1292 2240 1339 2292 οι
1369 2238 1573 2311 χρόνοι.
1616 2240 1678 2292 Ἦ
1709 2238 1765 2292 δέ
1798 2240 2039 2308 ἐπαγγε-

458 2328 546 2382 λία
565 2332 988 2402 προηγουμένως
1010 2332 1108 2402 μὲν
1151 2331 1277 2403 περὶ
1297 2334 1394 2403 τῆς
1424 2333 1717 2403 ἐπιδημίας
1732 2332 1823 2385 τοῦ
1855 2334 2040 2405 Σωτῆ-

464 2439 553 2493 ρος
575 2422 749 2492 ἡμῶν.
793 2422 1245 2495 Ἐπακολούθημα
1274 2424 1331 2478 δὲ
1365 2425 1491 2495 περὶ
1519 2425 1626 2479 τῶν
1658 2426 1930 2495 ἐσομένων
1964 2424 2042 2495 τῷ

474 2515 689 2587 Ἰσραὴλ
717 2516 811 2570 καὶ
842 2518 953 2581 τοῖς
992 2516 1171 2569 ἔθνεσι
1198 2533 1211 2547 ·
1248 2518 1342 2570 καὶ
1377 2511 1517 2588 ἦσαν
1544 2518 1593 2569 οἱ
1622 2517 1802 2589 χρόνοι
1836 2534 2042 2587 σημαι-

462 2607 698 2679 νόμενοι,
729 2609 828 2662 οὐκ
860 2608 1003 2681 ἀρχὴ
1034 2610 1289 2674 πίστεως,
1327 2609 1470 2664 καθὰ
1498 2613 1780 2682 προεῖπον,
1807 2609 1922 2665 ἀλλ’
1948 2611 2042 2664 αύ-

462 2701 570 2757 τῶν
602 2701 709 2755 τῶν
742 2702 1058 2774 προφητῶν,
1086 2703 1205 2757 καθ’
1232 2701 1326 2766 οὒς
1360 2702 1513 2757 αὐτοὶ
1542 2704 1842 2776 γενόμενοι,
1872 2703 2042 2757 ταῦτα

466 2795 863 2865 προεφήτευον.
908 2788 1067 2849 Οὗτοι
1096 2794 1152 2847 δὲ
1197 2797 1245 2848 oi
1292 2795 1387 2850 νῦν
1422 2796 1607 2866 σοφοὶ,
1661 2798 1756 2868 οὐχ
1805 2797 2043 2869 ἱστορίας

468 2885 841 2957 ἐξηγούμενοι,
898 2885 1019 2940 οὐδὲ
1065 2885 1136 2939 τὰ
1168 2886 1431 2957 μέλλοντα
1484 2888 1861 2959 προλέγοντες,
1909 2889 2045 2941 ἀλλὰ

465 2977 808 3048 γράψαντες,
857 2977 1106 3048 Ἐξετέθη
1151 2980 1185 3047 ὴ
1234 2978 1415 3042 πίστις
1458 2981 1492 3050 ἡ
1544 2978 1824 3051 καθολικὴ,
1884 2980 2045 3044 εὐθὺς

467 3067 815 3138 προσέθηκαν
841 3068 936 3122 καὶ
964 3068 1061 3140 τὴν
1094 3069 1356 3122 ὑπατείαν
1385 3068 1592 3125 καὶτὸν
1635 3074 1778 3142 μῆνα
1814 3074 1908 3126 καὶ
1947 3072 2045 3144 τὴν

467 3160 701 3233 ἡμέραν.
734 3161 944 3234 Ὠσπερ
970 3163 1021 3215 oi
1049 3162 1195 3232 ἅγιοι
1250 3163 1359 3246 τῶν
1390 3164 1640 3246 ἱστοριῶν
1674 3166 1769 3220 καὶ
1799 3166 1897 3237 τῆς
1921 3168 2048 3219 ἐαυ-

469 3252 575 3306 τῶν
614 3253 890 3318 διακονίας
933 3255 1060 3318 τοὺς
1110 3239 1336 3326 χρόνους
1384 3231 1643 3326 ἔγραφον,
1697 3254 1869 3318 οὕτως
1902 3248 2046 3309 οὗτοι

468 3345 564 3414 τῆς
602 3344 813 3399 ἑαυτῶν
860 3346 1097 3409 πίστεως
1150 3345 1240 3399 τὸν
1298 3347 1486 3417 χρόνον
1545 3346 1889 3417 σημαίνουσι.
1939 3347 2047 3400 Καὶ

469 3437 580 3491 εἴθε
608 3440 750 3507 ,περὶ
798 3438 897 3508 τῆς
932 3437 1139 3491 ἑαυτῶν
1171 3438 1441 3511 ἔγραφον·
1484 3438 1579 3493 νῦν
1625 3440 1729 3509 γὰρ
1776 3439 2008 3511 ἤρξαντο
2032 3459 2044 3470 ·

469 3532 568 3597 καὶ,
603 3531 679 3603 μὴ
705 3531 780 3596 ὼς
810 3532 938 3603 ’περὶ⁸
979 3532 1078 3602 τῆς
1130 3531 1423 3602 καθολικῆς
1458 3532 1805 3603 ἐπεχείρουν·
1845 3534 1906 3585 οὐ
1942 3533 2050 3603 γὰρ

470 3624 735 3695 ἔγραψαν,
754 3624 909 3678 Οὕτω
933 3623 1281 3695 πιστεύομεν,
1302 3624 1414 3678 ἀλλ’
1455 3625 1536 3678 ὅτι
1558 3616 1805 3696 Ἐξετέθη
1837 3626 1869 3695 ἡ
1890 3624 2053 3682 καθο-

470 3716 595 3788 λικὴ
627 3716 829 3780 πίστις.
862 3717 935 3770 Τὸ
971 3716 1070 3787 μὲν
1098 3711 1191 3770 οὖν
1242 3716 1513 3788 τολμηρὸν
1553 3716 1651 3787 τῆς
1680 3718 2052 3787 προαιρέσεως

471 3811 680 3882 ἐλέγχει
728 3810 829 3882 τὴν
885 3810 1074 3865 ἀθεῖαν
1121 3819 1150 3859 1
1196 3810 1392 3864 αὐτῶν.
1451 3810 1526 3862 Τὸ
1578 3810 1634 3863 δὲ
1686 3812 1869 3865 καινὸν
1930 3813 2050 3864 ἐπι-

472 3903 649 3974 νόημα
707 3902 810 3972 τῆς
870 3901 1091 3975 γραφῆς
1157 3902 1271 3956 ἴσον
1316 3903 1433 3955 ἐστὶ
1482 3903 1581 3973 τῆς
1635 3903 1915 3974 ’Δρειανῆς
1969 3905 2053 3956 αἱ-

476 3998 695 4069 ρέσεως.
734 3995 890 4050 Οὕτω
938 3996 1049 4067 γὰρ
1094 3995 1407 4069 γράψαντες
1451 3994 1693 4062 ἐδίδαξαν
1732 3997 1867 4067 (57),
1922 3996 2052 4051 πότε

479 4092 577 4162 μὲν
608 4090 843 4162 ἤρξαντο
875 4089 1149 4143 πιστεύειν
1193 4088 1364 4143 αὐτοί.
1412 4089 1545 4143 Ἀπὸ
1585 4089 1641 4143 δὲ
1674 4088 1767 4144 τοῦ
1798 4090 1894 4144 νῦν
1930 4090 2053 4161 βού-

476 4183 653 4235 λονται
726 4182 855 4253 τὴν.
900 4180 1080 4235 πίστιν
1146 4174 1328 4234 αὐτῶν
1392 4179 1881 4249 καταγγέλλεσθαι.
1943 4182 2054 4235 Καὶ

477 4274 663 4345 ὥσπερ
690 4273 832 4328 κατὰ
860 4274 950 4328 τὸν
978 4271 1366 4343 εὐαγγελιστὴν
1394 4273 1629 4337 Λουκᾶν,
1673 4272 1833 4343 ἐτέθη
1876 4273 2055 4344 δόγμα

478 4368 731 4440 περὶτῆς
758 4366 1106 4440 ἀπογραφῆς,
1139 4365 1404 4438 πρότερον
1452 4366 1550 4437 μὲν
1593 4366 1691 4420 οὐκ
1721 4361 1811 4439 ἦν,
1844 4367 1952 4421 ἀπὸ
1998 4367 2055 4420 δὲ

478 4463 584 4517 τῶν
606 4458 828 4532 ἡμερῶν
857 4459 1083 4516 ἐκείνων
1119 4458 1322 4531 ἠρξατο
1366 4455 1527 4522 εἶναι,
1574 4460 1668 4513 καὶ
1707 4459 1865 4531 ἐτέθη
1908 4462 2056 4532 παρὰ

478 4555 570 4610 τοῦ
597 4554 908 4624 γράψαντος
932 4571 945 4584 ·
970 4552 1113 4606 οὕτω
1142 4552 1236 4607 καὶ
1262 4544 1406 4606 οὗτοι
1430 4552 1761 4624 γράψαντες,
1798 4552 2055 4626 Ἐξετέθη

2133 674 2398 729 stantium
2442 675 2671 729 scilicet.
2723 672 2823 728 llic
2868 675 3015 728 enim
3043 673 3153 727 vim
3200 688 3262 727 ac
3285 672 3586 741 potentiam
3614 672 3717 724 im'

2134 768 2322 838 pietati
2350 769 2596 838 ipsorum
2622 766 3097 822 subministrabat.
3128 765 3238 821 Sed
3261 774 3316 819 et
3340 764 3492 817 illum
3544 763 3719 832 impe—

2136 866 2375 912 ratorem
2420 868 2689 927 aeternum
2734 856 3096 927 appellarunt,
3127 855 3230 926 ipsi
3272 854 3367 924 qui
3396 853 3595 906 Filium
3624 852 3717 905 Dei

2133 952 2532 1023 sempiternum
2560 966 2680 1006 esse
2730 960 2930 1021 negant
2964 967 2975 1001 :
3008 949 3144 1003 adeo
3176 964 3289 1017 prae
3327 946 3613 1016 impietate
3639 946 3718 999 in-

2138 1042 2275 1096 fensi
2302 1052 2433 1095 sunt
2457 1042 2644 1095 hostes
2693 1040 2921 1096 Christi.
2968 1040 3074 1095 Sed
3124 1038 3351 1093 fortasse
3400 1046 3718 1092 sanctorum

2135 1134 2525 1213 prophetarum
2550 1133 2985 1204 chronographia
3007 1131 3315 1201 exemplum
3359 1131 3466 1185 illis
3487 1130 3723 1201 przebuit

2136 1226 2203 1280 ad
2256 1227 2507 1281 consules
2555 1225 2955 1295 przenotandos.
2986 1226 3185 1279 Verum
3231 1224 3276 1278 si
3306 1223 3410 1278 hoc
3437 1223 3555 1277 ausi
3600 1222 3720 1276 fue-

2138 1318 2249 1371 rint
2291 1317 2495 1381 dicere,
2546 1316 2816 1371 inscitiam
2865 1332 3020 1371 suam
3066 1330 3131 1370 eo
3178 1316 3415 1369 maxime
3464 1314 3717 1384 prodent.

2141 1410 2465 1465 Sanctorum
2493 1410 2640 1465 enim
2673 1411 2975 1479 prophetire
3024 1408 3359 1462 mentionem
3416 1417 3722 1476 temporum

2140 1502 2367 1557 faciunt.
2416 1502 2581 1557 Isaias
2630 1501 2856 1571 quidem
2904 1511 2958 1555 et
2984 1500 3123 1555 Osee
3173 1500 3515 1569 temporibus
3559 1496 3721 1561 Osim,

2139 1594 2412 1657 Joatham,
2462 1593 2642 1647 Achas
2686 1603 2741 1647 et
2797 1594 3043 1647 Ezechiae
3094 1593 3348 1646 vixerunt
3397 1610 3408 1645 :
3457 1591 3725 1646 Jercmias

2140 1684 2633 1755 vcrotcmporibus
2668 1686 2867 1741 Josite:
2901 1684 3157 1739 Ezechiel
3204 1694 3390 1737 autem
3435 1691 3491 1738 et
3534 1682 3725 1737 Daniel
3772 1696 3775 1697 ν

2139 1776 2279 1847 Gym
2302 1787 2357 1835 et
2383 1776 2543 1832 Dario
2570 1778 2944 1847 regnantibus.
2987 1777 3091 1831 Alii
3116 1784 3378 1845 przeterea
3416 1775 3538 1828 aliis
3584 1784 3725 1827 tem-

2088 1922 2091 1925 .
2142 1872 2369 1941 poribus
2426 1871 2823 1941 prophetarunt
2869 1888 2880 1921 :
2922 1885 3032 1922 non
3076 1868 3149 1921 illi
3202 1866 3485 1938 religionis
3532 1864 3729 1925 funda-

2073 1945 2114 1999 Β
2145 1974 2327 2018 menta
2365 1963 2650 2034 jacientes.
2702 1963 2828 2017 Haec
2872 1960 3018 2015 enim
3048 1968 3174 2015 ante
3218 1960 3435 2013 illorum
3481 1966 3727 2027 tempora

2142 2056 2250 2126 jam
2297 2063 2537 2111 eratzet
2561 2070 2796 2125 semper,
2848 2054 3093 2123 adeoque
3140 2061 3265 2109 ante
3318 2053 3489 2122 ipsam
3534 2049 3725 2104 mundi

2148 2148 2593 2204 constitutionem
2622 2146 2744 2211 fuit,
2770 2162 2934 2217 quam
2963 2147 3105 2200 Deus
3131 2145 3290 2199 nobis
3312 2161 3410 2214 per
3446 2143 3726 2198 Christum

2148 2240 2493 2312 prteparavit.
2543 2240 2655 2294 Nec
2704 2238 2829 2294 ﬁdei
2877 2255 2990 2294 sua:
3040 2250 3252 2308 tempus
3306 2237 3668 2307 designarunt
3710 2252 3723 2287 :

2149 2336 2349 2404 quippe
2396 2331 2491 2403 qui
2528 2342 2655 2386 ante
2685 2332 2775 2386 illa
2794 2334 2906 2404 jam
2955 2341 3201 2401 tempora
3239 2328 3428 2383 ﬁdeles
3472 2328 3724 2382 fuissent.

2150 2426 2256 2482 Sed
2286 2434 2529 2496 tempora
2553 2425 2642 2479 illa
2669 2433 2799 2479 sunt
2837 2422 3220 2495 promissionis
3267 2437 3389 2491 quae
3435 2434 3535 2490 per
3582 2420 3729 2489 ipsos

2150 2519 2341 2574 licbat.-
2384 2517 2769 2573 Promissionis
2820 2525 3002 2572 autem
3032 2516 3269 2586 primum
3298 2530 3362 2568 ac
3389 2512 3725 2582 praacipuum

2151 2620 2314 2681 caput
2336 2620 2452 2666 erat
2497 2610 2569 2679 de
2590 2610 2904 2671 Servatoris,
2921 2608 3097 2664 nostri
3145 2607 3399 2663 adventu.
3450 2603 3727 2676 Appendi—

2151 2705 2232 2760 cis
2279 2714 2461 2759 autem
2509 2704 2629 2758 loco
2677 2703 3148 2758 subnectebantur
3192 2717 3256 2755 ea
3295 2715 3417 2770 quae
3442 2697 3646 2754 Judzeis
3665 2712 3731 2750 ac

2152 2799 2405 2871 gentibus
2446 2806 2607 2852 erant
2646 2806 2932 2853 eventura.
2984 2795 3219 2850 Proinde
3248 2804 3494 2864 tempora
3530 2792 3599 2846 ab
3625 2791 3731 2845 illis

2152 2899 2449 2961 praenotata
2497 2905 2606 2943 non
2633 2888 2758 2943 ﬁdei
2784 2887 2999 2941 initium
3018 2884 3730 2956 designabant,sicutantea

2153 2984 2288 3047 dixi,
2323 2983 2416 3037 sed
2448 2983 2691 3053 ipsorum
2719 2981 3110 3052 prophetarum
3134 2985 3505 3044 aetatem,.qua
3529 2963 3737 3043 singuli

2154 3075 2440 3131 vaticinari
2468 3082 2765 3142 cmperant.
2793 3072 2861 3126 At
2884 3071 2971 3124 isti
3011 3068 3185 3123 nostri
3230 3066 3493 3136 temporis
3518 3064 3733 3134 sapien-

2156 3177 2257 3232 tes,
2287 3182 2409 3221 cum
2438 3181 2539 3220 nec
2580 3164 2839 3218 historias
2870 3162 3132 3225 scribant,
3178 3175 3282 3213 nec
3306 3158 3488 3212 futura
3536 3154 3733 3225 pradi-

2157 3268 2304 3325 cant,
2357 3258 2451 3313 ubi
2503 3253 3088 3323 dixeruntzExposita
3136 3260 3221 3306 est
3269 3250 3402 3304 ﬁdes
3440 3246 3729 3315 catholica,

2153 3349 2335 3403 statim
2394 3346 2648 3401 consules
2695 3344 2961 3415 adjiciunt
3011 3352 3067 3396 et
3100 3356 3343 3395 mensem
3371 3356 3432 3393 ac
3472 3338 3638 3392 diem.
3665 3335 3734 3390 Et

2156 3439 2615 3512 quemadmodum
2641 3437 2746 3491 viri
2768 3436 2942 3491 saucti
2970 3449 3155 3490 rerum
3179 3443 3453 3503 gestarum
3481 3445 3544 3485 ac
3570 3427 3733 3482 mini-

2157 3534 2307 3591 sterii
2357 3534 2441 3587 sui
2497 3540 2741 3599 tempora
2786 3528 3171 3597 scripserunt:
3212 3526 3284 3579 ita
3332 3524 3422 3577 isti
3471 3520 3594 3574 ﬁdei
3624 3535 3738 3573 suae

2146 3636 2375 3698 tempus
2422 3625 2701 3679 adnotant.
2756 3622 2933 3691 Atque
2979 3620 3189 3674 utinam
3231 3616 3300 3671 de
3341 3631 3437 3670 sua
3471 3613 3736 3667 duntaxat

2160 3719 2265 3773 ﬁde
2310 3717 2697 3786 scripsissent:
2728 3728 2875 3768 nunc
2900 3711 3047 3766 enim
3093 3711 3331 3780 primum
3384 3707 3487 3776 ipsi
3511 3705 3735 3760 credere

2160 3814 2443 3876 cmperunt
2473 3824 2483 3857 :
2513 3820 2575 3859 ac
2620 3818 2730 3856 non
2774 3802 2841 3856 de
2868 3799 3133 3856 catholica
3181 3798 3285 3855 ﬁde
3311 3796 3367 3852 id
3394 3796 3510 3851 ausi
3552 3804 3737 3851 essent

2162 3900 2421 3956 scribere.
2447 3898 2564 3952 Non
2592 3897 2737 3951 enim
2764 3896 3106 3965 scripserunt
3134 3911 3147 3946 :
3184 3892 3265 3946 Ita
3290 3906 3393 3946 nos
3439 3888 3599 3959 139
3620 3904 3739 3941 cre-

2159 3997 2361 4059 dimus,
2395 3995 2491 4049 scd
2536 3994 2639 4048 hoc
2665 3991 2827 4046 modo
2857 4008 2869 4044 :
2896 3988 3157 4059 Exposita
3177 3995 3264 4041 est
3285 3983 3419 4039 ﬁdes
3442 3982 3731 4038 catholica.

2160 4090 2347 4159 Itaque
2371 4087 2583 4143 consilii
2611 4086 2772 4154 hujus
2816 4082 3096 4137 temeritas
3122 4086 3285 4149 atque
3302 4075 3529 4132 audacia
3568 4073 3740 4143 impe—

2162 4181 2342 4236 ritiam
2375 4180 2592 4233 illorum
2624 4176 2901 4246 coarguit:
2935 4173 3152 4228 novitas
3198 4177 3381 4225 autem
3424 4166 3739 4237 scriptionis

2161 4274 2230 4329 ab
2260 4274 2367 4327 illis
2428 4270 2741 4342 excogitatae
2779 4282 2877 4337 par
2922 4266 3256 4320 omninoest
3307 4261 3525 4316 Arianae
3573 4258 3740 4328 perﬁ-

2162 4366 2284 4421 dia}.
2328 4364 2542 4419 Etenim
2580 4362 2654 4415 ita
2707 4358 3035 4421 scribentes,
3088 4352 3347 4409 omnibus
3380 4347 3743 4405 ostenderunt

2163 4456 2510 4527 quandonam
2544 4453 2782 4523 primum
2817 4447 3090 4518 coeperint
3135 4444 3383 4506 credere,
3439 4451 3493 4497 et
3544 4438 3757 4495 exinde.

2165 4552 2325 4606 ﬁdem
2385 4564 2537 4603 suam
2578 4542 2865 4617 praedicari
2926 4540 3116 4597 velint.
3173 4538 3240 4593 Et
3280 4529 3741 4605 quemadmodum

1685 4706 1955 4763 VALESII
1996 4704 2548 4763 ANNOTATIONES.

552 4822 664 4895 (55)
692 4820 801 4895 Καὶ
831 4819 1070 4895 αἰώνιον
1092 4820 1379 4895 etiath
1419 4820 1687 4895 ,βασιλέα
1715 4820 2056 4895 εἰρήκασιν.
2096 4830 2137 4884 ι)
2168 4821 2226 4895 in
2271 4819 2338 4875 ed

1959 4839 2056 4875 ur.
2096 4830 2137 4884 ι)
2168 4821 2226 4895 in
2271 4818 2472 4875 edictis
2508 4827 2565 4873 et
2614 4816 2866 4895 epistolis
2898 4814 3075 4895 dense
3128 4811 3246 4895 ipso
3266 4803 3745 4895 'iloque‘nsljeter-

480 4891 806 4950 lln‘nc'enim
838 4892 1063 4963 titulum
1092 4892 1261 4947 habet
1293 4892 1566 4963 expositio
1616 4891 1741 4946 ﬁdei
1800 4892 2066 4948 Sirmien-

480 4967 593 5021 sis:
634 4963 886 5035 Ἐξετέθη
906 4966 946 5035 ,ἡ
981 4962 1161 5035 πίστις
1188 4966 1222 5034 ἡ
1251 4962 1513 5035 καθολικὴ
1545 4964 1636 5017 ἐπὶ
1669 4964 2064 5035 παρουσίατοῦ

478 5035 741 5091 δεσπότου
798 5033 955 5104 ἡμῶν
989 5033 1082 5087 τοῦ
1136 5033 1529 5088 εύσεὸεστάτου
1589 5036 1680 5087 καὶ
1746 5034 2058 5089 καλλινίκου

485 5106 752 5178 βασιλέως
816 5105 1199 5178 Κωνσταντίου
1277 5105 1602 5178 Αὐγούστου-
1666 5104 1774 5178 τού
1841 5107 2061 5178 αἰωνίου

484 5175 772 5242 σεϐαστοῦ,
804 5184 937 5241 etc.,
984 5184 1046 5230 ut
1083 5176 1294 5248 legitur
1324 5176 1468 5248 apud
1489 5247 1495 5248 ί
1517 5175 1877 5248 Athanasium
1909 5176 1965 5230 in
1995 5176 2063 5248 li-

484 5192 772 5242 σεοαστου,
804 5192 937 5241 etc.,
984 5192 1046 5230 ut
1095 5192 1294 5248 tegitur
1324 5192 1354 5229 a
1398 5192 1468 5230 ua
1517 5192 1877 5231 Athanasmm
1909 5192 1965 5230 ιη
1995 5192 2062 5230 ιι-

484 5251 586 5305 bro
613 5263 781 5317 supra
837 5248 1028 5303 citato.
1067 5246 1199 5314 Quae
1255 5192 1428 5303 νει-θα
1485 5246 1609 5301 ideo
1653 5247 1745 5302 hic
1790 5247 2062 5317 ascripsi,

487 5320 634 5403 quod
668 5317 924 5403 Socrates
953 5328 1143 5403 noster
1170 5317 1423 5403 eamdem
1464 5317 1756 5403 formulam
1796 5318 2063 5403 referetis,

485 5388 677 5446 titulos
736 5390 871 5445 istos
938 5389 1315 5460 praetermisit.
1381 5388 1654 5460 Caeterum
1712 5388 2069 5445 Constantius

2173 4870 2903 4946 nita'temnsuamiitterdum
2954 4870 3186 4945 diceret,
3236 4888 3295 4933 ut
3357 4870 3748 4946 testatur_Am_-

2176 4941 2402 5017 Mira}
2447 4941 2796 5015 Marcellinus
2842 4956 2899 5010 in
2933 4955 3080 5010 libro
3126 4941 3216 5014 ιν,
3243 4947 3389 5003 haud
3428 4943 3621 5015 procul
3678 4941 3761 4999 ah

2177 5033 2354 5087 initio.

2399 5103 2516 5169 Τὴν
2557 5095 3092 5173 ἀμαθζᾳνηὲαυτῷν
3141 5082 3747 5173 ἐξαγγέξλουοξιγζζίῃ

2166 5154 2356 5231 codice
2401 5154 2612 5228 leonis
2671 5169 2855 5225 Allatii
2922 5154 3744 5234 scriptumest:tier-(elopem,

2166 5223 2752 5315 ᾇῖιόΐωτᾷξςῖὲῇἰ-οβοέ
2767 5223 2950 5315 Paulo
2983 5223 3107 5315 post
3135 5249 3236 5315 pro
3258 5230 3362 5315 ad;
3387 5223 3748 5315 ἐπαγγελίας,

2168 5270 2315 5315 quuu
2346 5270 2517 5315 magis
2556 5270 2749 5314 μι-υυυ.
2784 5270 2950 5296 ruuw
2983 5270 3107 5308 γυοι.
3139 5270 3236 5305 μιν
3276 5270 3361 5293 ...ι
3388 5270 3495 5280 ν..-
3546 5270 3679 5293 ,..-.--

2168 5316 2341 5371 codex
2362 5314 2544 5371 Allatii
2571 5323 2626 5369 et
2654 5308 2985 5367 Athanasius
3007 5270 3607 5375 habent_d3:a_yye).ig5.
3654 5364 3679 5375 γ’

2242 5365 2728 5458 γάρ
2791 5379 3124 5458 mitigo-avget;
3144 5374 3198 5458 ,ἐ
3210 5365 3483 5435 δίδαξαν.
3528 5365 3756 5425 Rectius

487 5445 913 5518 adeolcrcdulus
940 5445 1068 5516 lfuit
1118 5459 1434 5533 huiusmodi
1474 5461 1965 5524 assentationibus,
2010 5469 2073 5513 ut
2171 5445 2719 5529 apud'Athanasi'um
2743 5445 3011 5507 scribitur
3028 5445 3258 5513 ἔδειξαν.

1940 5617 2247 5674 VARIORU
2254 5618 2301 5672 M
2309 5658 2323 5671 .

561 5749 587 5778 κ
619 5740 882 5796 Ἐαυτῶν
902 5738 1259 5807 ὀνομάζουσι
1290 5738 1729 5793 Κωνστάντιον.
1762 5735 2044 5807 Athanasii

490 5811 664 5869 editio
680 5811 962 5892 genedict.
990 5806 1142 5881 legit,
1178 5810 1506 5892 ὀνομάζουσι
1528 5811 1738 5892 ἐαυτος
1767 5806 2059 5861 Κωνστάν-

2165 5804 2447 5859 Athanasii

2225 5744 2254 5812 ξ
2292 5727 2927 5812 Ἐλεξγχεετὴνιὰθετᾳκ
2949 5723 3060 5806 Pro
3079 5711 3753 5812 abetma,_edit‘.rgep:e.ditit:

2480 5785 2646 5857 habet
2674 5796 2936 5867 ἀμαθίαν,
2964 5795 3121 5865 cujus
3161 5804 3385 5847 sensum
3410 5785 3661 5845 Valesius
3697 5785 3749 5835 in

491 5901 627 5937 τιον.
674 5881 877 5939 Confer
931 5870 1198 5952 haecvcum
1252 5870 1321 5937 iis
1361 5870 1483 5952 quae
1516 5880 1662 5952 apud
1695 5870 2061 5937 Sozomenum
2168 5874 2425 5930 versione
2455 5870 2746 5943 erpressit.

491 5955 772 6028 leguntur,
801 5953 900 6009 lib.
918 5970 991 6020 ιν,
1020 5968 1139 6025 cap.
1175 5951 1261 6007 l7.
