4524 6582
829 461 925 518 3H

2281 458 2615 514 SOCRATIS

3979 456 4083 511 312

830 594 955 633 cum
1010 575 1337 647 evangelista
1375 573 1552 628 Lucas
1579 573 1653 627 ait
1701 590 1713 624 :
1754 570 2101 640 Propositum
2142 580 2226 625 est
2285 573 2406 626 edi-
2436 581 2477 634 Α
2509 570 2606 625 νῦν

2290 573 2406 626 edi-
2436 581 2477 634 Α
2509 570 2664 642 νῦνή
2700 572 2898 637 πίστις,
2939 570 3148 636 ἔδειξαν
3186 567 3269 622 ὅτι
3293 569 3551 642 νεώτερον
3575 569 3635 625 τὸ
3671 569 3770 640 τῆς
3810 572 4076 641 αἱρέσεως

829 682 975 725 ctum
1013 668 1081 721 de
1111 682 1277 721 censu
1309 685 1322 719 :
1364 665 1511 720 istud
1561 664 1781 733 quidem
1808 664 2047 718 edictum
2095 675 2255 719 antea
2295 680 2407 719 non

828 768 966 825 erat,
991 760 1060 814 ab
1097 759 1203 812 illis
1223 766 1403 812 autem
1428 756 1770 825 temporibus
1805 756 1971 825 erepit
1993 771 2136 819 esse,
2182 765 2238 811 et
2282 771 2408 825 pro-

832 853 1073 923 positum
1108 861 1195 906 est
1220 851 1287 904 ab
1311 850 1405 903 illo
1432 848 1523 918 qui
1555 847 1606 902 id
1635 848 1929 917 scripserat
1958 864 1971 900 :
2016 847 2089 900 ita
2137 862 2261 902 eum
2316 846 2405 900 isti

831 941 1084 995 scribunt
1110 957 1123 992 :
1148 938 1408 1008 Exposita
1439 951 1587 991 nunc
1616 944 1699 991 est
1725 935 1880 998 ﬁdes,
1909 934 2191 990 declarant
2210 950 2404 988 recen-

831 1043 937 1087 tem
959 1048 1077 1087 esse
1099 1031 1426 1086 sententiam
1443 1031 1713 1085 haereseos
1729 1028 2000 1099 ipsorum,
2024 1042 2127 1082 nec
2145 1026 2405 1081 anteriori

832 1130 1075 1190 tempore
1128 1119 1423 1174 exstitisse.
1469 1117 1623 1185 Quod
1648 1133 1781 1172 vero
1812 1132 2015 1172 nomen
2064 1116 2403 1172 adduntCa-

832 1214 1065 1275 tholicae,
1093 1226 1200 1275 non
1221 1211 1469 1267 sentiunt
1491 1226 1549 1266 se
1575 1210 1952 1280 imprudentes
1973 1209 2081 1264 labi
2109 1209 2162 1262 in
2214 1224 2402 1263 amen-

834 1304 962 1356 tiam
1014 1300 1474 1372 Cataphrygarum
1518 1316 1531 1352 :
1582 1308 1643 1353 ut
1687 1297 2147 1369 quemadmodum
2191 1297 2293 1363 illi,
2326 1298 2404 1353 sic

831 1395 994 1449 etiam
1015 1392 1115 1463 ipsi
1143 1392 1327 1447 dicant
1354 1410 1367 1446 :
1393 1391 1564 1446 Nobis
1586 1389 1826 1461 primum
1847 1389 2088 1445 revelata
2113 1397 2217 1455 est,
2269 1397 2324 1443 et
2371 1404 2400 1444 a

831 1484 991 1539 nobis
1028 1484 1230 1553 incepit
1275 1482 1408 1538 ﬁdes
1438 1481 1893 1538 Christianorum.
1922 1480 1990 1535 Et
2043 1480 2400 1550 quemadmo-

833 1575 962 1629 dum
991 1575 1068 1629 illi
1096 1575 1442 1629 Maximillam
1481 1583 1646 1644 atque
1670 1574 2007 1636 Montanum,
2033 1571 2116 1627 sic
2162 1571 2252 1626 isti
2301 1586 2401 1642 pro

830 1665 1049 1721 Christo
1070 1665 1449 1721 Constantium
1478 1665 1585 1719 sibi
1610 1664 1893 1719 dominum
1920 1662 2216 1717 asciscunt.
2244 1660 2399 1727 Quod

831 1759 875 1813 si
901 1760 1052 1829 juxta
1075 1759 1290 1812 illorum
1308 1757 1630 1812 sententiam
1656 1756 1725 1810 ab
1750 1756 1855 1810 hoc
1875 1754 2162 1809 consulatu
2179 1753 2398 1807 initium

832 1849 968 1904 ﬁdes
996 1848 1245 1919 accepit:
1294 1847 1427 1918 quid
1452 1847 1652 1902 facient
1693 1847 1884 1901 Patres
1909 1862 1972 1901 ac
2009 1845 2152 1900 beati
2190 1854 2397 1917 marty-

2510 661 2690 715 αὐτῶν
2732 663 2848 715 ἐστι
2879 662 3172 732 φρόνημα,
3204 657 3300 713 καὶ
3349 659 3448 714 οὐκ
3500 657 3568 732 ἦν
3603 662 3883 733 πρότερον.
3921 663 3981 715 ΕΞ
4026 663 4081 715 δὲ

2509 753 2860 825 προστιθέασι
2877 754 2974 824 τῆς
2996 751 3325 822 Καθολικῆς,
3356 751 3546 807 ἔλαθον
3569 755 3795 818 ἑαυτοὺς
3821 754 4080 818 πεσόντες

2507 846 2587 904 εἰς
2613 842 2710 915 τὴν
2735 845 3079 916 παρανομίαν
3107 842 3219 913 (58)
3247 842 3356 895 τῶν
3382 843 3489 895 ἀπὸ
3514 843 3754 911 Φρυγίας
3773 860 3789 876 ο
3815 843 3957 897 ὥστε
3986 845 4081 896 καὶ

2507 933 2704 996 αὐτοὺς
2733 936 2853 987 κατ’
2885 932 3126 993 ἐκείνους
3156 935 3350 998 εἰπεῖν,
3379 951 3398 984 ι
3442 933 3604 1004 Ἡμῖν
3632 932 3844 1003 πρῶτον
3876 935 4081 987 ἀπεκα-

2504 1022 2680 1094 λύφθη
2700 1024 2795 1077 καὶ
2828 1023 2919 1090 ἀφ’
2949 1022 3104 1094 ἡμῶν
3133 1024 3167 1094 ἠ
3207 1023 3389 1087 πίστις
3417 1023 3645 1095 ἄρχεται
3674 1023 3783 1076 τῶν
3817 1025 4078 1095 Χριστια-

2504 1113 2610 1166 νῶν
2633 1131 2651 1164 ι
2686 1130 2700 1145 ·
2736 1112 2832 1166 καὶ
2852 1111 3042 1184 ὥσπερ
3072 1114 3268 1167 ἐκεῖνοι
3292 1113 3636 1184 Μαξίμιλλαν
3661 1115 3755 1169 καὶ
3782 1115 4076 1181 Μοντανὺν,

2509 1204 2682 1268 οὕτως
2699 1199 2844 1259 οὗτοι
2879 1205 2999 1258 ἀντὶ
3022 1205 3115 1260 τοῦ
3135 1206 3392 1277 Χριστοῦ,
3419 1206 3682 1277 δεσπότην
3707 1207 4079 1262 Κωνστάντιον

2503 1297 2920 1368 ἐπιγράφονται.
2952 1297 3014 1350 Εἰ
3040 1296 3098 1351 δὲ
3140 1299 3260 1351 κατ’
3305 1297 3503 1362 αὐτοὺς
3538 1297 3645 1352 ἀπὸ
3672 1300 3771 1370 τῆς
3814 1298 3909 1352 νῦν
3935 1300 4079 1353 ὑπα-

2501 1389 2653 1451 τείας
2673 1387 2846 1460 ἀρχὴν
2872 1389 2906 1457 ἡ
2931 1388 3113 1451 πίστις
3136 1387 3269 1459 ἔχει,
3304 1387 3358 1441 τί
3384 1389 3700 1459 ποιήσουσιν
3727 1391 3776 1444 οί
3799 1390 4059 1462 Πατέρες,

2502 1481 2597 1534 καὶ
2618 1482 2666 1534 οί
2699 1481 2959 1552 μακάριοι
2991 1481 3300 1552 μάρτυρες;
3327 1481 3393 1534 Τί
3410 1482 3467 1534 δὲ
3499 1481 3593 1535 καὶ
3620 1481 3773 1535 αὐτοὶ
3795 1484 4078 1553 ποιήσουσι

2499 1573 2626 1636 τοὺς
2646 1573 2776 1644 παρ’
2798 1572 2978 1626 αὐτῶν
2995 1572 3424 1643 κατηχηθὼτας,
3448 1574 3542 1627 καὶ
3565 1574 3672 1644 πρὸ
3694 1573 3792 1641 τῆς
3815 1574 4077 1637 ὑπατείας

2500 1664 2702 1734 ταύτης
2728 1662 3121 1734 κοιμηθέντας;
3154 1661 3279 1726 Πῶς
3325 1662 3522 1724 αὐτοὺς
3560 1662 3885 1733 ἐγείρουσιν,
3918 1662 4005 1715 ἵνα
4042 1662 4078 1716 ἀ

2509 1756 2609 1827 μὲν
2639 1753 2826 1819 ἔδοξαν
2856 1753 3202 1823 δεδιδαχέναι,
3238 1752 3457 1818 τούτους
3503 1753 3907 1818 ἀπαλείψωσιν·
3947 1752 3984 1806 ἃ.
4021 1754 4078 1807 δὲ

2499 1848 2596 1901 νῦν
2633 1848 2709 1911 ὠς
2756 1844 3075 1917 ἐφευρόντες
3107 1845 3376 1919 ἔγραψαν,
3408 1845 3803 1918 ὲπισπείρωσιν
3857 1846 4076 1911 αύτοῖς;
4111 1853 4121 1862 ‘

831 1957 919 1994 res
947 1939 1128 2006 ?Quid
1152 1940 1253 2009 ipsi
1278 1938 1474 1993 facturi
1496 1946 1622 1992 sunt
1658 1938 1724 1992 iis
1747 1953 1887 2009 quos
1912 1938 1966 1991 in
1994 1936 2100 1991 ﬁdc
2154 1937 2403 1991 institue—
2435 1931 2473 1990 Β
2504 1936 2617 1990 Οὓτι

2291 1946 2403 1991 tue—
2435 1931 2473 1990 Β
2504 1936 2689 2000 Οὕτως
2730 1937 2867 1989 εἰσιν
2911 1935 3164 2006 ἀμαθεῖς,
3214 1935 3373 2006 μόνον
3399 1935 3629 1999 εἱδόντες
3656 1935 3912 1990 πλάττειν
3942 1953 4077 2007 προ-

831 2042 976 2096 runt,
1003 2042 1058 2087 et
1087 2034 1178 2102 qui
1206 2043 1331 2086 ante
1372 2033 1508 2086 istos
1535 2032 1796 2086 consules
1840 2033 2039 2087 mortui
2067 2033 2242 2087 sunt?
2283 2032 2400 2098 Qua

829 2124 1039 2178 ratione
1068 2139 1164 2177 eos
1195 2123 1263 2177 ad
1313 2124 1485 2176 vitam
1510 2122 1867 2186 revocabunt,
1926 2130 1990 2177 ut
2023 2138 2144 2193 qua:
2172 2123 2274 2193 ipsi
2297 2123 2397 2177 d0-

827 2223 1080 2280 cuerunt,
1106 2230 1169 2270 ea
1190 2230 1337 2269 nunc
1351 2230 1419 2269 ex
1448 2230 1639 2269 eorum
1675 2213 1873 2268 animis
1912 2213 2172 2278 evellant,
2197 2222 2254 2268 et
2295 2213 2397 2267 ista

826 2322 947 2377 quae
970 2323 1117 2362 nunc
1146 2306 1383 2376 primum
1408 2306 1679 2375 invenisse
1700 2321 1758 2360 se
1788 2305 2055 2369 scribunt,
2099 2305 2209 2359 illis
2248 2305 2397 2360 inse-

827 2400 986 2452 rant?
1010 2398 1161 2453 Adeo
1200 2407 1327 2453 sunt
1359 2397 1599 2468 imperiti
1647 2411 1709 2452 ac
1739 2396 1924 2461 rudes,
1960 2412 2063 2451 nec
2099 2397 2397 2467 quidquam

825 2491 972 2545 aliud
1002 2500 1204 2545 norunt
1225 2507 1387 2561 quam
1432 2490 1808 2546 excusationes
1831 2488 2158 2560 conﬁngere,
2198 2506 2397 2561 easque

826 2581 1110 2636 indecoras
1157 2596 1212 2637 et
1262 2582 1670 2652 improbabiles,
1728 2597 1849 2651 qua:
1885 2581 2030 2638 illico
2061 2582 2227 2638 rebus
2264 2581 2398 2653 ipsis

823 2676 1193 2733 confutcntur.
1222 2696 1239 2729 ι
1273 2676 1397 2733 Haec
1425 2684 1550 2732 sunt
1578 2692 1699 2748 qua:
1717 2676 2044 2732 Athanasius
2088 2677 2144 2731 in
2167 2677 2395 2747 epistola

823 2769 889 2824 ad
916 2769 1215 2824 familiares
1236 2783 1364 2823 suos
1391 2768 1627 2839 scripsit.
1654 2769 1921 2823 Poterunt
1940 2776 2122 2822 autem
2139 2767 2390 2831 studiosi,

823 2859 918 2913 ubi
962 2860 1242 2929 epistolam
1268 2860 1439 2929 ipsam
1471 2860 1615 2914 nacti
1641 2857 1865 2923 fuerint,
1890 2874 2227 2928 quaecunque
2282 2858 2394 2913 illic

824 2970 873 3022 pr
890 2953 1062 3007 axitcr
1117 2962 1244 3006 sunt
1291 2953 1359 3005 ab
1400 2960 1623 3007 auctore
1670 2952 1835 3016 dicta,
1880 2966 2226 3021 cognoscere.
2284 2949 2395 3005 Nos

824 3045 969 3098 enim
996 3044 1277 3098 brevitatis
1296 3044 1499 3106 studio,
1526 3052 1735 3114 partem
1775 3043 2039 3097 duntaxat
2091 3041 2239 3095 illius
2280 3040 2396 3110 epi-

824 3137 977 3190 stola:
1000 3137 1103 3190 hoc
1126 3137 1246 3190 loco
1268 3136 1571 3205 posuimus.
1617 3134 1786 3188 Porro
1833 3132 2115 3189 sciendum
2141 3140 2245 3198 est,
2285 3133 2392 3188 Ur-

825 3229 1031 3283 saeium
1052 3269 1065 3291 ,
1094 3228 1395 3291 Valentem,
1417 3226 1744 3281 Auxentium
1771 3240 1895 3279 cum
1919 3224 2221 3289 Germinio,
2260 3221 2393 3278 Caio

2506 2028 2715 2099 φάσεις,
2746 2028 2841 2083 καὶ
2867 2027 3070 2092 ταύτας
3098 2029 3364 2099 ἀπρεπεῖς
3388 2029 3484 2081 καὶ
3509 2026 3826 2088 ἀπιθάνους,
3852 2025 4081 2097 ἐχούσας

2504 2119 2665 2183 εὐθὺς
2713 2120 2805 2173 τὸν
2854 2118 3094 2190 ἔλεγχον.
3140 2138 3158 2170 ι
3190 2118 3429 2173 Τοιαῦτα
3465 2118 3564 2189 μὲν
3609 2117 3924 2180 Ἀθανάσιος
3967 2121 4081 2181 τοῖς

2504 2210 2700 2265 ἑαυτοῦ
2729 2211 3028 2283 γνωρίμοις
3048 2209 3387 2264 ἐπέστελλεν.
3432 2208 3667 2274 Ἐξέστω
3703 2208 3759 2262 δὲ
3789 2210 3900 2272 τοῖς
3934 2206 4083 2276 φιλο-

2507 2302 2731 2375 μαθέσιν
2762 2301 3134 2374 ἀναζητήσασι
3180 2301 3278 2373 τὴν
3312 2300 3621 2372 ἐπιστολὴν,
3660 2301 3860 2368 γνῶναι
3904 2299 3973 2352 τά
4020 2299 4080 2350 ὲν

2502 2397 2637 2466 αὐτῇ
2684 2392 2923 2458 δυνατῶς
2979 2393 3267 2465 εἰρημένα.
3313 2392 3501 2463 Ἡμεῖς
3545 2393 3655 2464 γὰρ
3698 2391 3861 2463 μέρος
3909 2390 4079 2456 αὐτῆς

2503 2485 2738 2539 ἐνταῦθα
2763 2483 3262 2555 παρατεθείκαμεν,
3290 2483 3351 2537 τὸ
3382 2484 3556 2553 μῆκος
3586 2482 4075 2554 παραιτησάμενοι.

2515 2577 2711 2632 ἰστέον
2740 2578 2817 2640 δὲ,
2845 2578 2927 2631 ὅτι
2953 2578 2987 2647 ἡ
3020 2573 3235 2640 σύνοδος
3266 2574 3480 2630 καθεῖλε
3507 2575 3629 2640 τοὺς
3652 2573 3779 2645 περὶ
3805 2571 4078 2626 Οὐάλεντα

2500 2671 2596 2725 καὶ
2626 2669 3245 2743 Οὑρσάκιον,Ᾱύξέντιόν
3273 2686 3332 2722 τε
3357 2668 3452 2722 καὶ
3479 2668 3778 2738 Γερμάνιον
3806 2666 3901 2719 καὶ
3923 2663 4080 2718 Γάϊον

2501 2764 2593 2816 καὶ
2626 2762 2954 2832 Δημόφιλον,
2994 2762 3077 2815 ὅτι
3115 2761 3215 2834 τὴν
3271 2760 3568 2832 Ἀρειάνιον
3603 2759 3759 2826 δόξαν
3803 2756 4078 2827 ἀναθεμα-

2500 2856 2644 2910 τίσαι
2673 2856 2733 2908 ού
2781 2852 3153 2918 κατεδέξαντο.
3177 2854 3268 2907 Διὸ
3300 2847 3445 2906 οὗτοι
3480 2852 3605 2922 μὲν,
3641 2846 4079 2917 ἀγανακτοῦντες

2500 2947 2594 3000 ἐπὶ
2618 2949 2683 3018 τῇ
2715 2946 3055 3017 καθαιρέσει,
3083 2944 3219 3017 πρὸς
3248 2943 3336 2997 τὸν
3366 2942 3589 3014 βασιλέα
3616 2941 3827 3012 ταχέως
3855 2940 4078 3011 ἀνέδρα-

2503 3054 2625 3107 μον,
2674 3036 3117 3106 ἐπικομιζόμενοι
3147 3034 3246 3105 τὴν
3276 3033 3713 3103 ἀναγνωσθεῖσαν
3745 3034 3802 3085 ὲν
3840 3033 3906 3102 τῇ
3954 3046 4081 3084 συν-

2499 3128 2604 3198 όδῳ
2650 3129 2748 3197 τῆς
2798 3128 3031 3192 πίστεως
3079 3126 3327 3180 ἔκδοσιν·
3382 3128 3414 3197 ἠ
3469 3125 3685 3189 σύνοδος
3736 3124 3793 3177 δὲ
3846 3122 3915 3176 δι’
3958 3123 4078 3175 ἐπι-

2502 3220 2691 3289 στολῆς
2735 3217 2988 3289 γνώριμα
3034 3218 3101 3271 τὰ
3144 3217 3234 3270 ὑπ’
3280 3217 3449 3287 αὐτῆς
3482 3216 3797 3285 γνωσθέντα
3845 3213 4074 3284 καθίστη

823 3329 987 3391 atque
1027 3319 1370 3389 Demophilo,
1397 3334 1428 3373 a
1478 3318 1685 3389 synodo
1727 3316 1896 3371 fuisse
1966 3314 2267 3385 depositos,
2330 3329 2397 3369 eo
2427 3294 2470 3351 ο
2500 3311 2579 3383 τῷ

2330 3329 2397 3369 eo
2427 3294 2470 3351 ο
2500 3311 2579 3383 τῷ
2614 3311 2840 3382 βασιλεῖ.
2874 3306 2984 3375 Ἦς
3014 3311 3077 3364 ἐκ
3133 3308 3459 3380 Ῥωμαϊκῶν
3488 3307 3941 3380 μεταωηθείσης,
3984 3305 4075 3376 ἥδε

824 3412 969 3480 quod
999 3410 1255 3465 Arianam
1304 3409 1556 3465 haeresim
1605 3408 1949 3463 anathemate
1985 3407 2245 3461 damnare
2293 3421 2397 3460 no-

2502 3403 2649 3456 ἒστιν
2679 3405 2712 3473 ἡ
2745 3401 2950 3456 διάνοια
2973 3418 2987 3433 ο

828 3501 1078 3557 luissent.
1105 3499 1274 3567 Quam
1301 3499 1522 3569 quidem
1546 3499 1944 3569 depositionem
1970 3513 2092 3552 eum
2118 3497 2205 3550 isti
2229 3511 2375 3563 aegro
2400 3495 2581 3549 animo
2608 3490 2836 3558 ferrent,
2862 3491 3017 3547 ocius
3042 3491 3110 3546 ad
3142 3491 3528 3561 imperatorem
3548 3497 3930 3560 preperarunt,
3955 3502 4076 3542 eam

830 3593 955 3649 ﬁdei
985 3595 1272 3649 formulam
1297 3609 1419 3663 qua:
1463 3593 1517 3646 in
1545 3590 1752 3662 synodo
1785 3591 2027 3660 perlecta
2053 3589 2249 3652 fuerat,
2274 3604 2460 3642 secum
2503 3588 2831 3644 deferentes.
2858 3584 3111 3657 Synodus
3133 3600 3265 3639 vero
3290 3599 3354 3639 ea
3377 3600 3499 3654 qua:
3521 3583 3860 3647 decreverat,
3903 3582 4076 3652 impe-

827 3688 996 3746 ratori
1023 3704 1121 3760 per
1142 3689 1425 3761 epistolam
1451 3685 1773 3758 signiﬁcavit
1805 3703 1817 3738 :
1847 3699 1969 3756 quae
1999 3700 2068 3739 ex
2087 3683 2280 3738 Latino
2306 3698 2555 3737 sermone
2593 3681 2649 3736 in
2674 3681 2921 3737 Graecum
2951 3679 3214 3734 translata
3246 3679 3395 3734 hunc
3420 3677 3669 3732 continet
3691 3692 3934 3740 sensum,

900 3800 1141 3874 Epistola
1197 3800 1381 3871 synodi
1407 3800 1781 3926 CAriminensis
1828 3797 1898 3852 ad
1952 3798 2326 3851 imueratorem

1450 3871 1795 3923 onstuntium.

1450 3871 1795 3923 onstuntium.

895 3965 1130 4020 lubente
1177 3962 1289 4018 Deo
1329 3971 1385 4017 et
1429 3968 1699 4031 praecepto
1735 3956 1957 4030 pietatis
1998 3964 2193 4012 vestrae
2241 3956 2397 4028 150

828 4056 1104 4111 credimus
1128 4070 1248 4110 esse
1277 4052 1621 4123 dispositum,
1651 4058 1711 4105 ut
1746 4049 1813 4104 ad
1857 4048 2283 4103 Ariminensium
2318 4049 2397 4101 lc-

828 4160 950 4199 cum
987 4161 1055 4198 ex
1088 4142 1321 4198 diversis
1357 4139 1651 4211 provinciis
1693 4136 2115 4192 occidentalium
2149 4136 2391 4206 episcopi

825 4235 1139 4290 veniremus
1166 4252 1177 4287 :
1204 4241 1348 4288 utet
1384 4232 1519 4287 ﬁdes
1553 4232 1879 4286 claresceret
1914 4227 2169 4283 omnibus
2208 4228 2396 4282 Eccle-

824 4328 918 4381 sia:
959 4326 1260 4389 catholicae,
1288 4333 1344 4379 et
1375 4323 1615 4379 hmretici
1658 4328 2033 4377 noscerentur.
2074 4320 2212 4374 Dum
2246 4319 2393 4374 enim

824 4430 1013 4470 ornnes
1053 4414 1147 4484 qui
1187 4420 1332 4467 recte
1371 4412 1632 4483 sapimus,
1672 4419 2156 4474 contractaremus,
2193 4408 2398 4479 placuit

2514 3791 2844 3861 Ἐπιστολὴ
2877 3801 2899 3828 ι
2926 3789 3033 3857 τῆς
3066 3791 3139 3861 ἐν
3179 3791 3458 3861 Ἀριμίνῳ
3489 3790 3757 3844 συνόδου
3783 3790 3932 3858 πρὸς
3953 3790 4060 3843 τὸν

2915 3860 3183 3926 ,βασιλέα
3213 3859 3650 3914 Κωνστάντιον.

2577 3956 2679 4008 Ἕκ
2710 3972 2769 4006 τε
2794 3955 2895 4022 τῆς
2927 3952 3022 4007 τοῦ
3072 3953 3206 4007 Θεοῦ
3237 3952 3539 4016 κελεύσεως
3566 3953 3700 4024 (59),
3733 3953 3829 4007 καὶ
3854 3952 3949 4024 τῆς
3976 3952 4075 4023 σῆς

2500 4046 2780 4109 εὐσεϐείας
2830 4046 3284 4117 προστάγματος,
3329 4044 3398 4098 τὰ
3444 4045 3610 4098 πάλαι
3648 4044 4073 4115 δογματισθέντα

2503 4137 2831 4208 γεγενῆσθαι
2854 4137 3182 4206 πιστεύομεν
3199 4154 3212 4168 ·
3243 4138 3321 4200 εἰς
3346 4136 3453 4208 γάρ
3488 4136 3763 4207 Ἀρίμινον
3787 4136 3852 4189 ἐκ
3886 4134 4074 4188 πασῶν

2498 4227 2605 4281 τῶν
2628 4227 2762 4299 πρὸς
2799 4227 2951 4281 δύσιν
2973 4227 3200 4290 πόλεων,
3227 4226 3307 4290 είς
3325 4226 3386 4280 τὸ
3414 4225 3546 4279 αὐτὸ
3569 4226 3768 4287 πάντες
3788 4224 4073 4276 ἐπίσκοποι

2500 4318 2833 4389 συνήλθομεν
2861 4335 2875 4350 ⁸
2911 4318 2998 4372 ἵνα
3030 4318 3125 4372 καὶ
3162 4318 3196 4389 ἡ
3246 4317 3429 4381 πίστις
3466 4318 3564 4388 τῆς
3600 4316 3892 4387 καθολικῆς
3950 4316 4074 4368 Ἐκ-

2502 4409 2729 4482 κλησίας
2748 4408 3022 4482 γνωρισθῇ
3044 4421 3095 4475 ι,
3120 4410 3215 4464 καὶ
3232 4411 3281 4462 οἱ
3300 4410 3557 4463 τάναντία
3573 4408 3892 4480 φρονοῦντες
3913 4407 4074 4478 ἔκδηο

2017 4571 2280 4628 VALESII
2320 4566 2870 4625 ANNOTATIONES.

896 4660 1005 4733 (58)
1032 4659 1286 4744 [ΞίςΔι-ῖιν
1302 4662 1705 4744 παρανομίαν..
1729 4662 1923 4718 Melius
1958 4663 2376 4744 εψιιᾳ-ᾼιιιιιηιι-
2410 4665 2455 4709 υ

820 4729 963 4785 sium
995 4729 1251 4801 degitur,
1280 4732 1360 4793 εἰς
1409 4731 1505 4801 τὴν
1533 4729 1861 4801 ίπαράνοιαν
1914 4729 2025 4785 τῶν
2078 4734 2186 4785 ἀπὸ
2239 4734 2379 4801 Φρυ-

819 4804 961 4874 γίας.
994 4799 1348 4874 Montanistas
1381 4799 1526 4874 enim
1544 4799 1829 4874 intelligit,
1865 4804 2065 4873 quibus
2089 4799 2295 4857 insania
2319 4817 2381 4856 ac

820 4870 1096 4925 dementia
1117 4870 1311 4924 merito
1333 4872 1556 4925 attribui
1582 4870 1740 4925 solet.

892 4940 1004 5011 (59)
1035 4940 1144 4993 Ἐκ
1184 4957 1245 4993 τε
1270 4939 1375 5007 τῆς
1404 4943 1509 4994 τοῦ
1539 4942 1684 4995 Θεοῦ
1715 4943 2066 5008 κελεύσεως.
2106 4942 2232 4996 Haec
2262 4942 2382 5011 cpi-

820 5013 959 5066 stola
981 5010 1342 5065 Ariminensis
1375 5012 1591 5066 concilii
1612 5021 1790 5066 exstat
1822 5012 2013 5066 Latine
2062 5012 2203 5081 apud
2232 5010 2377 5065 Hila-

820 5082 963 5153 rium
1008 5081 1152 5153 inter
1196 5081 1493 5151 fragmenta
1539 5082 1663 5135 libri
1690 5152 1695 5153 γ
1722 5084 1794 5136 lle
1822 5082 2062 5153 synodis,
2096 5082 2241 5153 unde
2284 5098 2384 5135 nos

817 5152 1087 5232 versionis
1107 5152 1240 5238 loco
1261 5167 1379 5238 opm
1424 5152 1513 5207 hic
1562 5152 1943 5238 ascripsimus.
1971 5152 2189 5207 Nemini
2216 5168 2380 5233 porro

817 5222 1018 5274 mirum
1068 5221 1243 5276 videri
1276 5222 1459 5285 debet,
1498 5222 1645 5291 quod
1694 5221 1880 5277 Graeca
1932 5222 2313 5291 interpretatio
2351 5239 2380 5276 a

817 5291 1010 5345 Latino
1048 5292 1342 5361 exemplari
1386 5301 1669 5361 tantopere
1709 5292 2001 5360 discrepet.
2042 5292 2121 5346 Ita
2167 5292 2314 5345 enim
2351 5308 2381 5346 a

816 5361 1019 5432 (ξι-ιιερὶε
1046 5361 1435 5430 interpretibus
1469 5363 1586 5416 ﬁeri
1626 5363 1783 5424 solet,
1835 5364 2051 5432 quoties
2105 5362 2294 5432 Latina
2326 5362 2382 5415 in

816 5430 1064 5485 Graecum
1128 5447 1436 5487 sermonem
1500 5430 1868 5497 convertunt,
1921 5431 2382 5501 quemadmodum

2522 4659 2721 4729 erspici
2761 4667 3049 4783 lpotestea
3091 4659 3339 4729 epistolis
3382 4660 3803 4783 imperatorum,
3860 4678 3982 4732 quze
4014 4664 4070 4718 in

2522 4730 2708 4783 iusebii
2812 4730 2999 4783 istoria
3045 4730 3419 4783 ecclesiastica
3490 4742 3745 4783 eauntur.
3812 4732 3916 4783 Sed
3971 4750 4070 4783 cur

2535 4730 2708 4801 usebii
2761 4730 2999 4801 Historia
3045 4730 3419 4786 ecclesiastica
3468 4730 3745 4801 leguntur.
3812 4730 3916 4788 Sed
3971 4750 4072 4787 cur

2487 4800 2705 4854 aliunde
2734 4800 2981 4871 exempla
3015 4802 3332 4869 repetimus,
3370 4800 3545 4869 quam’
3576 4817 3643 4854 ex
3682 4802 3783 4856 hac
3819 4803 4069 4871 epistola.

2490 4870 2545 4923 in
2578 4878 2787 4943 quatot
2823 4870 2940 4943 fere
2990 4871 3190 4943 menda
3212 4871 3530 4943 interpretis
3573 4870 3893 4943 occurrunt,
3937 4882 4074 4943 quot

2528 4940 2740 5013 eriodi?
2764 4940 3099 5013 Principium
3137 4948 3317 5013 autem
3342 4941 3503 5013 hujus
3538 4940 3781 5013 epistolae
3815 4943 3886 4996 ita
3908 4940 4072 5013 vulgo

2509 5010 2688 5083 egitur
2725 5010 2870 5078 apud
2905 5010 3170 5083 Hilarium
3201 5028 3228 5083 γε
3272 5011 3501 5083 Lubente
3548 5010 3656 5063 Deo
3702 5028 3766 5065 ex
3814 5010 4072 5083 prgzceplo

2491 5081 2703 5151 pictatis
2727 5089 2830 5152 tua:
2855 5081 3113 5152 credimus
3137 5081 3295 5149 fuisse
3343 5081 3674 5152 dispositum,
3709 5081 3823 5136 etc.»
3872 5081 3993 5137 Sed
4018 5084 4072 5136 in

2487 5149 2864 5219 nianuscripto
2882 5149 3069 5204 codice
3097 5166 3206 5219 quo
3224 5166 3355 5205 usus
3385 5149 3469 5205 est
3487 5151 3723 5206 Jacobus
3747 5152 4075 5207 Sirmondus

2482 5221 2683 5290 legitur
2744 5239 2755 5273 :
2802 5220 3031 5273 lubente
3070 5220 3200 5283 Deo,
3240 5230 3346 5275 etc.
3390 5220 3677 5286 Quomodo
3715 5222 3878 5276 etiam
3941 5222 4074 5289 legit

2482 5291 2706 5346 Grmcus
2736 5291 3027 5359 interpres,
3075 5306 3236 5359 quem
3267 5307 3366 5345 nus
3409 5291 3499 5344 hic
3531 5291 3704 5345 secuti
3730 5308 3940 5346 sumus.
3961 5290 4071 5346 Nec

2486 5361 2762 5415 immerito
2782 5360 3047 5431 suspicari
3082 5360 3281 5431 aliquis
3299 5361 3492 5431 possit,
3532 5361 3752 5431 jubcnte
3782 5362 3887 5416 Deo
3935 5363 4075 5417 scri-

2484 5440 2638 5501 ptum
2669 5446 2788 5486 esse
2816 5444 2916 5500 pro
2933 5430 3177 5499 juvante.

2235 5585 2615 5642 VARIORUM.

890 5675 1273 5740 ῖἘπιστολή.
1313 5676 1501 5731 Exstat
1538 5669 1889 5747 hmeepistola
1925 5678 2069 5747 apud
2108 5678 2367 5732 Athanas.

816 5748 892 5801 De
933 5746 1172 5817 synodis,
1232 5763 1350 5817 pag.
1404 5747 1853 5811 7‘25;Soz'nnen.
1885 5746 1978 5802 lib.
2026 5766 2098 5811 iv,
2138 5764 2257 5817 cap.
2292 5748 2376 5812 ‘18;

820 5817 1210 5941 Theoggritum
1248 5818 1424 5881 lih.n,
1467 5833 1583 5887 cap.
1635 5819 1725 5881 19;
1774 5819 2140 5889 Nicephorum
2185 5820 2279 5873 lib.
2309 5836 2377 5880 ix,

821 5904 939 5957 cap.
1041 5927 1053 5938 .
1700 5916 1708 5929 ι

2559 5686 2575 5706 ⁸
2610 5677 2743 5730 Ἵνα
2766 5676 2864 5747 καὶ
2894 5676 2931 5742 ἡ
2955 5677 3159 5742 πίστις
3204 5675 3314 5745 τῆς
3336 5677 3660 5747 κίιθολικῆς
3707 5678 4068 5746 Ἐκκλησιάς

2486 5746 2807 5813 γνωρισθῇ.
2866 5747 3018 5801 Haud
3075 5749 3235 5805 aliter
3275 5747 3417 5817 apud
3475 5748 3759 5810 Athanas.,
3824 5748 4064 5811 Sozom.,

2490 5817 2811 5871 Tlieodorit.
2846 5827 2903 5871 et
2936 5817 3304 5889 Nicephorum
3334 5818 3551 5889 legitur.
3583 5819 3829 5873 Dubitari
3885 5826 4063 5873 tamen

2492 5904 2597 5941 non
2633 5895 2831 5957 potest,
2878 5888 3010 5957 quin
3063 5890 3118 5945 S.
3174 5889 3413 5945 Hilarius
3450 5890 3660 5959 legerit,
3697 5893 3814 5953 ταῖς
3847 5889 4063 5944 καθολ-
