4524 6582
472 447 576 502 313

1459 453 1784 512 HISTORIA
1824 457 2378 518 ECCLESIASTICA.
2415 494 2486 501 —
2523 463 2653 518 LIB.
2687 465 2751 519 ll.

3639 475 3744 528 3M

469 565 550 617 λοι
586 563 870 630 γένωνται.
915 562 1000 626 Ὠς
1045 563 1154 635 γὰρ
1202 564 1294 617 ἐπὶ
1336 564 1588 622 πλεῖστον
1625 568 2047 636 διασκοποῦντες
2075 586 2119 635 Α
2150 583 2211 628 ιιι
2252 589 2255 627 1

1957 589 2047 636 τες
2075 586 2119 635 Α
2150 583 2211 628 ιιι
2252 574 2415 629 ﬁdem
2461 576 2530 630 ab
2574 577 2900 646 antiquitate
2946 588 3411 648 perseverantem,
3439 600 3601 653 quam
3646 603 3743 655 per

467 654 802 724 εὑρήκαμεν,
838 653 1070 724 ἀρεστὸν
1101 654 1298 725 ἐφάνη,
1329 657 1430 727 τὴν
1463 657 1648 712 πίστιν
1677 661 1776 731 τήν
1812 661 2046 716 ἔκπαλαι

465 745 852 814 διαμένουσαν,
889 746 956 816 ἣν
985 747 1080 799 καὶ
1107 750 1155 800 οἱ
1181 749 1459 820 προφῆται
1489 753 1582 803 καὶ
1611 752 1681 806 τὰ
1717 754 2046 822 Εὑαγγέλια,

464 836 558 888 καὶ
593 835 643 887 οἱ
677 835 968 888 ἀπόστολοι
1008 835 1098 889 διὰ
1131 836 1226 889 τοῦ
1273 837 1478 907 Κυρίου
1513 839 1672 909 ἡμῶν
1713 842 1888 911 Ἰησοῦ
1918 844 2051 914 Χρι-

467 926 596 980 στοῦ
627 927 925 998 ἐκήρυξαν,
961 926 1058 979 τοῦ
1085 929 1179 980 καὶ
1217 927 1318 998 τῆς
1367 931 1466 1000 σῆς
1497 929 1777 1000 βασιλείας
1809 933 2047 1005 φρουροῦ

464 1020 558 1074 καὶ
601 1021 704 1090 τῆς
739 1019 840 1088 σῆς
871 1018 1095 1090 ῥώσεως
1142 1021 1480 1091 προστάτου·
1514 1022 1602 1076 ἵνα
1646 1022 1848 1094 ταύτην
1877 1043 2048 1078 κατα-

467 1106 689 1176 σχόντες
736 1106 1086 1178 φυλάξωμεν,
1133 1109 1228 1163 καὶ
1270 1109 1628 1179 φυλάττοντες
1666 1113 1827 1186 μέχρι
1859 1115 2048 1179 τέλους

464 1198 834 1271 διατηρῶμεν.
869 1201 1104 1254 Ἀτοπον
1139 1200 1248 1273 γὰρ
1279 1202 1375 1255 καὶ
1414 1202 1672 1274 ἀθέμιτον
1710 1206 1905 1277 ἐφάνη,
1940 1207 2048 1260 τῶν

464 1290 640 1360 ὀρθῶς
685 1292 780 1345 καὶ
823 1291 1044 1357 δικαίως
1073 1292 1394 1365 ὡρισμένων
1421 1313 1474 1348 τι
1513 1295 1926 1367 μεταλλάσσειν,
1955 1299 2050 1352 καὶ

464 1384 572 1437 τῶν
593 1386 648 1437 ἐν
675 1384 884 1456 Νικαίᾳ
912 1388 1063 1456 κοινῇ
1089 1386 1228 1456 μετὰ
1242 1386 1336 1439 τοῦ
1363 1387 1707 1454 ἐνδοξοτάτου
1727 1407 1820 1443 σου
1845 1392 2049 1462 πατρὸς

466 1478 560 1532 καὶ
588 1476 854 1548 βασιλέως
880 1479 1290 1533 Κωνσταντίνου
1322 1482 1698 1553 ἐσκεμμένων,
1738 1477 1813 1536 ὧν
1838 1485 1870 1553 ἡ
1902 1483 2049 1536 διδα-

469 1569 668 1624 σκαλία
693 1586 752 1622 τε
782 1570 876 1623 καὶ
918 1569 981 1622 τὸ
1027 1571 1285 1641 φρόνημα
1314 1571 1495 1642 διῆλθέ
1531 1589 1589 1626 τε
1624 1572 1720 1626 καὶ
1765 1573 2044 1645 ἐκηρύχθη

465 1662 546 1724 εἰς
583 1660 765 1724 πάσας
811 1660 1116 1732 ἀνθρώπων
1161 1662 1332 1726 ἀκοάς
1381 1681 1442 1716 τε
1489 1664 1584 1718 καὶ
1625 1664 1897 1729 διανοίας
1927 1666 2050 1736 ἥτις

464 1753 757 1817 ἀντίπαλος
794 1753 927 1825 μόνη
981 1753 1077 1806 καὶ
1128 1754 1324 1826 ὁλετὴρ
1374 1755 1474 1826 τῆς
1520 1757 1731 1828 Ἀρείου
1787 1757 2048 1830 αἱρέσεως

465 1845 696 1917 ὑπῆρξε.
737 1847 814 1898 Δι’
843 1841 912 1918 ἦς
953 1846 1014 1898 οὐ
1046 1846 1210 1915 μόνον
1254 1847 1416 1917 αὑτὴ,
1449 1847 1586 1901 ἀλλὰ
1634 1850 1728 1901 καὶ
1776 1851 1832 1903 αἱ
1865 1851 2051 1905 λοιπαὶ

465 1939 704 2009 αἱρέσεις
731 1937 1136 2010 καθῃρέθησαν.
1169 1939 1257 1991 Ἑν
1335 1939 1504 2003 ὄντως
1533 1941 1701 1994 καὶτὸ
1730 1941 2048 2013 προσθεῖναί
2081 1933 2122 1988 Β

465 2046 516 2081 τι
543 2029 833 2100 σφαλερὸν,
852 2031 948 2082 καὶ
976 2029 1037 2082 τὸ
1067 2029 1363 2098 ἀφελέσθαι
1404 2030 1743 2085 ἐπικίνδυνον
1788 2033 2044 2105 ὑπάρχει.

475 2120 565 2183 Ὠς
599 2120 758 2191 εἴπερ
793 2121 888 2174 καὶ
941 2120 1169 2192 θάτερον
1203 2121 1435 2189 γένοιτο,
1481 2121 1635 2175 ἔσται
1681 2125 1797 2187 τοῖς
1837 2125 2048 2197 ἐχθροῖς

465 2211 617 2265 ἄδεια
648 2212 742 2266 τοῦ
793 2215 965 2267 ποιεῖν
997 2213 1107 2284 (40)
1142 2213 1288 2286 άπερ
1316 2213 1612 2284 βούλοιντο.
1642 2215 1808 2269 Ὅθεν
1838 2218 2048 2289 Οὐρσά-

464 2303 580 2365 κιὸς
610 2319 670 2356 τε
698 2304 793 2357 καὶ
834 2304 1050 2376 Οὐάλης
1083 2305 1222 2377 (41),
1248 2306 1438 2376 ἐπειδὴ
1481 2307 1714 2362 ἔκπαλαι
1746 2309 1961 2382 μέτοχοι
1987 2328 2046 2364 τε

464 2398 556 2450 καὶ
589 2397 897 2469 σύμφρονες
929 2399 1023 2452 τοῦ
1069 2401 1411 2469 Ἀρειανικοῦ
1442 2402 1709 2472 δόγματος
1735 2400 1874 2476 ἦσαν
1925 2407 2048 2460 καθ-

463 2491 773 2560 εστηκότες,
808 2492 901 2545 καὶ
930 2491 1030 2563 τῆς
1071 2493 1348 2565 ἡμετέρας
1371 2497 1656 2559 κοινωνίας
1689 2498 2046 2568 χωρισθέντες

463 2584 892 2653 ἁπεφάνθησαν·
939 2581 1007 2658 ἧς
1051 2586 1138 2640 ἵνα
1197 2586 1562 2658 μετάσχωσιν,
1609 2591 1694 2658 ἐφ’
1727 2585 1806 2654 οἷς
1837 2593 2048 2656 ἑαυτοῖς

465 2677 901 2746 συνεγνώκεισαν
959 2679 1474 2752 πλημμελήσαντες,
1525 2683 1814 2753 μετανοίας
1852 2702 1912 2740 τε
1951 2687 2048 2739 καὶ

467 2768 799 2841 συγγνώμης
820 2770 1006 2841 ἠξίουν
1022 2775 1228 2842 τυχεῖν,
1254 2773 1330 2838 ὡς
1351 2777 1446 2827 καὶ
1470 2774 1539 2827 τὰ
1567 2775 1820 2847 ἔγγραφα
1859 2778 1930 2831 τὰ
1956 2779 2046 2830 ὑπ’

464 2863 693 2916 ἐκείνων
724 2865 1068 2935 γεγενημένα
1093 2871 1361 2938 μαρτυρεῖ
1379 2868 1473 2920 ’δι’
1499 2862 1573 2923 ὧν
1599 2870 1854 2923 ἁπάντων
1883 2872 2050 2940 φειδὼ

463 2957 776 3027 γεγένηται,
803 2959 899 3011 καὶ¹
926 2959 1037 3026 τῶν
1068 2959 1431 3030 ἐγκλημάτων
1463 2962 1781 3034 συγγνώμη.
1813 2959 1919 3018 τΗν
1938 2964 1992 3018 δὲ
2020 2965 2050 3018 ὁ

462 3045 652 3115 καιρὸς
697 3047 820 3100 καθ’
849 3048 909 3101 ὃν
942 3048 1117 3103 ταῦτα
1166 3051 1490 3120 ἐπράττετο,
1535 3053 1624 3105 ὅτε
1649 3054 1706 3126 ἐν
1739 3053 2049 3126 Μεδιολάνῳ

463 3137 522 3188 τὸ
551 3137 824 3209 συνέδριον
853 3138 954 3208 τῆς
985 3141 1202 3194 συνόδου
1229 3140 1340 3210 (42)
1366 3124 1760 3213 συνεκροτεῖτο,
1792 3124 2048 3216 συμπαρξ

461 3228 631 3282 όντων
664 3230 719 3283 δὲ
751 3231 846 3283 καὶ
887 3231 997 3286 τῶν
1041 3233 1430 3303 πρεσϐυτέρων
1458 3234 1571 3305 (43)
1615 3235 1714 3306 τῆς
1757 3235 2046 3307 Ῥωμαίων

477 3321 821 3390 Ἐκκλησίας.
863 3324 1194 3393 Ἐγνωκότες
1233 3324 1289 3378 δὲ
1333 3325 1450 3395 ἅμα
1494 3327 1710 3380 καὶτὸν
1758 3328 1900 3398 μετὰ
1940 3329 2040 3399 τὴν

461 3413 725 3487 τελευτὴν
767 3415 917 3481 ἄξιον
952 3418 1175 3489 μνήμης
1223 3418 1655 3484 Κωνσταντῖνον,
1691 3420 1830 3491 μετά
1868 3423 2049 3492 πάσης

2150 667 2466 736 prophetas,
2493 668 2783 739 Evangelia
2814 679 2870 724 et
2899 671 3198 740 apostolos,
3227 689 3324 741 per
3353 676 3532 744 ipsum
3569 677 3740 731 Deum

2147 767 2205 814 et
2234 759 2525 812 Dominum
2568 769 2818 814 nostrum
2855 762 3041 816 Jesum
3081 761 3384 829 Christum,
3412 767 3740 822 salvatorem

2149 847 2365 920 imperii
2407 851 2482 904 tui
2527 859 2584 906 et
2633 851 2950 921 largitorem
3001 853 3194 908 salutis
3246 863 3354 910 tua:
3402 859 3737 926 accepimus,

2148 958 2311 1012 quam
2360 960 2576 1014 semper
2619 945 2984 1010 obtinuimus,
3026 955 3329 1001 teneamus.
3376 948 3542 1004 Nefas
3592 952 3740 1005 enim

2149 1032 2425 1098 duximus,
2455 1041 2604 1090 recte
2643 1042 2699 1088 et
2733 1036 2883 1104 juste
2928 1036 3264 1090 sancitorum
3317 1037 3522 1108 aliquid
3574 1042 3742 1095 muti-

2148 1121 2291 1189 lare;
2327 1131 2385 1178 et
2417 1139 2610 1178 eorum
2647 1125 2739 1194 qui
2766 1126 2821 1179 in
2845 1126 3069 1181 Niemno
3113 1134 3346 1183 tractatu
3372 1133 3741 1188 consederant

2150 1230 2257 1269 una
2293 1230 2421 1270 cum
2459 1216 2708 1288 gloriosa:
2739 1220 3022 1274 memoria:
3053 1219 3415 1277 Constantino
3441 1233 3595 1294 patre
3624 1226 3741 1295 pie-

2152 1307 2276 1361 tatis
2302 1315 2425 1362 tate.
2445 1307 2547 1374 Qui
2572 1317 2835 1365 tractatus
2856 1312 3237 1369 manifestatus
3257 1324 3342 1370 est
3356 1323 3411 1369 et
3431 1315 3741 1373 insinuatus

2149 1399 2434 1454 mentibus
2473 1401 2822 1470 populorum,
2850 1413 2906 1458 et
2949 1411 3139 1458 contra
3181 1405 3432 1460 haeresim
3478 1407 3736 1463 Arianam

2151 1498 2281 1544 tunc
2323 1491 2611 1560 oppositus
2648 1492 2948 1559 invenitur,
2992 1503 3054 1549 ut
3101 1511 3212 1549 non
3253 1496 3430 1550 solum
3466 1497 3604 1568 ipsa,
3640 1500 3737 1554 sed

2149 1580 2315 1635 etiam
2349 1581 2576 1652 reliqua:
2611 1583 2848 1639 haereses
2879 1585 3006 1641 inde
3040 1587 3152 1641 sint
3189 1597 3530 1659 expugnatas.
3559 1589 3602 1644 A
3629 1605 3740 1660 quo

2151 1673 2197 1727 si
2240 1674 2449 1744 aliquid
2489 1675 2774 1745 demptum
2829 1677 3030 1742 fuerit,
3068 1680 3298 1734 venenis
3351 1680 3738 1736 haereticorum

2151 1765 2331 1819 aditus
2351 1766 2626 1835 panditur.
2655 1767 2782 1822 Ideo
2804 1769 3066 1826 Ursaeius
3091 1777 3146 1825 et
3165 1771 3364 1827 Valens
3390 1773 3445 1827 in
3472 1774 3742 1843 suspicio-

2152 1869 2278 1909 nem
2308 1857 2553 1926 ejusdem
2584 1858 2856 1913 hmrescos
2881 1860 3100 1915 Arianae
3117 1871 3392 1916 venerunt
3419 1863 3736 1933 aliquando,

2151 1958 2208 2004 et
2231 1950 2481 2019 suspensi
2513 1960 2670 2005 erant
2698 1967 2727 2004 a
2753 1954 3160 2008 communione.
3186 1954 3253 2008 Et
3284 1965 3613 2024 rogaverunt
3641 1973 3737 2011 vc-

2150 2041 2318 2105 niam,
2354 2041 2499 2095 sicut
2545 2058 2737 2096 eorum
2783 2045 3071 2099 continent
3124 2046 3344 2114 scripta.
3394 2046 3568 2112 Quam
3617 2063 3737 2103 me-

2151 2142 2384 2187 ruerunt
2418 2142 2549 2188 tunc
2581 2135 2844 2205 temporis
2872 2152 2900 2189 a
2933 2137 3171 2191 concilio
3202 2138 3615 2205 Mediolanensi,
3645 2157 3738 2195 as-

2149 2227 2471 2282 sistentibus
2487 2228 3132 2299 etiamlegatisRomame
3156 2232 3436 2287 Ecclesiae.
3467 2232 3738 2289 Constan-

2151 2319 2266 2373 tino
2297 2331 2563 2389 praesente
2603 2321 2657 2374 in
2695 2321 2821 2386 hoc,
2852 2338 2978 2376 cum
3023 2339 3220 2394 magno
3255 2325 3506 2380 examine
3544 2324 3738 2384 fuisset

2149 2414 2542 2482 conscriptum,
2584 2413 2730 2483 quod
2783 2422 2976 2469 tenens
3021 2403 3333 2484 baptizatus
3381 2416 3449 2470 ad
3495 2416 3738 2485 quietem

2149 2503 2244 2557 Dei
2284 2505 2685 2575 commigravit,
2721 2506 2878 2561 nefas
2905 2515 3166 2576 putamus
3199 2507 3328 2562 inde
3366 2507 3574 2577 aliquid
3614 2523 3738 2562 mu-

2151 2595 2328 2661 tilare,
2363 2605 2420 2651 et
2450 2604 2532 2651 tot
2565 2605 2783 2652 sanctos
2827 2607 2884 2653 et
2925 2599 3271 2654 confessores
3303 2607 3359 2654 et
3392 2614 3741 2653 successores

2149 2695 2471 2758 martyrum,
2504 2688 2677 2758 ipsius
2711 2698 2980 2745 tractatus
3015 2692 3425 2761 eonscriptores
3460 2691 3514 2744 in
3552 2690 3742 2759 aliquo

2150 2794 2465 2841 removere,
2517 2795 2642 2833 cum
2701 2788 2758 2834 et
2821 2779 2924 2850 ipsi
2983 2780 3396 2851 praeteritorum
3456 2777 3741 2833 catholica:

2155 2867 2308 2939 141
2382 2869 2638 2924 Ecclesia:
2703 2871 3037 2941 scriptorum
3107 2880 3305 2925 cuncta
3371 2869 3736 2925 servaverint.

2151 2958 2454 3030 Mansitque
2504 2978 2677 3032 usque
2717 2962 2772 3016 in
2812 2963 2929 3018 lizec
2975 2971 3262 3034 tempora,
3307 2963 3512 3032 quibus
3560 2961 3740 3032 pietas

2151 3062 2246 3108 tua
2282 3069 2314 3108 a
2345 3054 2458 3108 Deo
2505 3055 2665 3109 Patre
2692 3070 2792 3124 per
2839 3056 3010 3110 Deum
3051 3063 3109 3111 et
3150 3055 3444 3110 Dominum
3488 3062 3740 3108 nostrum

2148 3144 2334 3199 Jesum
2365 3144 2645 3200 Christum
2686 3156 3012 3217 potestatem
3047 3146 3273 3218 regendi
3311 3145 3465 3199 orbis
3500 3145 3738 3214 accepit.

2149 3238 2355 3292 Verum
2400 3238 2587 3293 miseri
2620 3239 2875 3294 homines
2919 3247 2977 3294 et
3029 3238 3237 3293 infelici
3275 3253 3441 3293 sensu
3489 3235 3736 3306 praediti,

2147 3332 2348 3385 iterum
2378 3347 2512 3384 ausu
2543 3332 2834 3386 temerario
2859 3348 2917 3387 se
2947 3346 3228 3402 praecones
3259 3330 3444 3400 impiae
3471 3328 3742 3384 doctrina:

2158 3424 2571 3489 renuntiarunt,
2604 3433 2662 3479 et
2698 3439 2850 3478 nunc
2897 3424 3067 3479 etiam
3112 3429 3385 3478 conantur
3432 3420 3746 3476 convellere

1667 3598 1934 3653 VALESII
1973 3598 2531 3655 ANNOTATIONES.

541 3733 651 3806 (40)
695 3733 897 3788 Ἀδεια
921 3731 1274 3806 τοῦ-ποιεζν.
1318 3732 1599 3806 Ατιίριιιιιε
1648 3733 1743 3806 τοῦ
1781 3733 1960 3806 deest
1988 3733 2046 3787 in

467 3803 674 3860 noStris
731 3803 1155 3873 exemplaribus,
1197 3803 1388 3873 Regio,
1431 3804 1746 3858 Florentino
1793 3810 1850 3857 et
1897 3804 2048 3858 Sfor—

469 3877 642 3937 tiano,
670 3875 906 3930 habetur
939 3881 1116 3929 tamen
1144 3873 1301 3944 apud
1327 3874 1684 3928 Athanasium
1708 3873 1761 3927 in
1787 3874 1929 3928 libro
1971 3875 2047 3930 De

472 3947 718 4003 svnodis.

504 4008 519 4018 ’
543 4015 654 4088 (41)
678 4017 856 4069 "Oder
870 4014 1203 4088 Οὐρσάκιός
1218 4014 1392 4088 τες-καὶ
1411 4013 1668 4088 ρῠὰλμης.
1690 4013 1815 4088 llaec
1832 4029 1940 4088 non
1961 4030 2050 4069 sa-

472 4084 848 4142 tis'cohaerent
865 4103 989 4141 cum
1009 4086 1408 4155 superioribus.
1429 4084 1688 4154 Suspicor
1706 4084 1886 4153 itaque
1909 4086 2055 4140 hunc

471 4157 650 4211 locum
682 4157 1074 4226 transpositum
1103 4157 1272 4226 fuisse
1300 4157 1355 4209 in
1391 4156 1601 4209 Latinis
1626 4156 2050 4224 exemplaribus.

472 4227 600 4282 Post
639 4229 754 4282 haec
797 4225 962 4298 igitur
1000 4227 1188 4289 verba,
1222 4225 1438 4298 Venenis
1481 4227 1844 4298 haereticorum
1882 4227 2054 4298 aditus

474 4298 747 4366 panditur,
786 4295 1097 4352 collocanda
1137 4312 1257 4351 esse
1285 4297 1540 4352 existimo
1564 4312 1627 4350 ea
1661 4312 1782 4365 qua:
1825 4295 2056 4352 inferius

473 4367 731 4439 leguntur
749 4369 851 4424 hoc
872 4369 1035 4422 modo
1058 4387 1070 4420 :
1094 4367 1442 4422 Constantino
1466 4375 1722 4434 prresente
1740 4369 1794 4420 in
1820 4368 1915 4420 hoc
1934 4385 2054 4421 cum

2155 3733 2350 3787 Latino
2367 3735 2730 3806 #cxemplari,
2789 3734 3154 3806 assistentibus
3201 3736 3363 3789 etiam
3411 3735 3599 3806 legatis
3642 3735 3745 3791 Ro-

2156 3821 2332 3875 mana:
2357 3803 2626 3859 Ecrlesiie.
2676 3807 2847 3859 Porro
2884 3806 2940 3859 hi
2973 3805 3134 3875 legati
3186 3803 3744 3863 Ecclesiae'Romanae

2156 3874 2439 3943 praefuisse
2465 3876 2598 3928 mihi
2614 3877 2869 3930 videntur
2889 3874 3099 3947 synodo
3122 3876 3515 3947 lilediolaneiisi
3543 3894 3555 3940 ;
3577 3878 3742 3947 idque

2157 3961 2224 4016 ex
2251 3960 2315 3997 eo
2342 3947 2598 4015 eonjieio,
2633 3947 2780 4016 quod
2809 3945 3050 4000 Hilarius
3089 3947 3144 4000 in
3179 3945 3499 4014 fragmentis
3516 3945 3734 4008 scribit.

2158 4015 2411 4087 haeresim
2467 4015 2682 4071 Photini
2739 4017 2794 4071 in
2848 4017 2951 4071 hac
3001 4017 3208 4087 synodo
3257 4017 3649 4072 Mediolauensi
3712 4036 3742 4074 a

2158 4085 2422 4141 Romanis
2464 4103 2586 4142 esse
2611 4088 2945 4142 damnatam.
2980 4085 3137 4153 Quod
3168 4096 3317 4142 certe
3349 4104 3456 4142 non
3508 4089 3739 4153 diceret,

2157 4157 2263 4211 nisi
2299 4157 2536 4230 Romani
2577 4158 2708 4213 huic
2748 4159 2955 4230 synodo
3012 4159 3379 4230 iirmfuissent.
3432 4159 3506 4212 De
3549 4161 3741 4214 eadem

2159 4227 2368 4298 synodo
2400 4227 2794 4284 Mediolanensi
2821 4230 3064 4299 loquitur
3082 4228 3339 4283 Liberius
3376 4245 3512 4299 papa
3541 4232 3594 4284 in
3619 4233 3742 4299 epi-

2157 4299 2294 4352 stola
2354 4314 2517 4367 quam
2559 4316 2656 4368 per
2691 4299 3003 4354 Luciferum
3059 4299 3210 4352 misit
3255 4300 3321 4353 ad
3360 4299 3741 4354 Constantium

2159 4368 2545 4452 imperatorem
2574 4388 2585 4423 :
2611 4370 2740 4452 Qua:
2760 4381 2984 4452 estpax,
3011 4370 3410 4452 clementissime
3428 4373 3739 4452 imperator,

474 4456 664 4524 magno
687 4442 928 4493 examine
976 4439 1580 4524 fuissetncon‘seriptum,
1616 4444 1951 4524 etlc‘.,.iisque
1985 4439 2051 4524 ad
2087 4452 2131 4509 [)
2157 4456 2276 4524 cum
2313 4441 2431 4524 sint.
2447 4456 2510 4494 ea:
2539 4439 2950 4524 partibusnipsis
2981 4450 3226 4524 _quatt_tpr
3274 4439 3520 4524 episwpi,
3550 4442 3744 4524 Demo-

475 4507 584 4580 illa,
612 4509 934 4563 Potestatem
978 4507 1191 4580 regendi
1224 4510 1361 4580 orbis
1407 4509 1622 4578 accepit.
1670 4507 1880 4580 Quibus
1918 4509 2051 4563 sub-

471 4578 744 4650 jungenda
775 4589 904 4634 sunt
950 4577 1091 4650 illai:
1125 4579 1249 4650 Ideo
1297 4577 1641 4650 Ursaeiuset
1687 4577 1898 4650 Valens,
1939 4588 2047 4634 etc.

546 4647 658 4719 (1‘2)
694 4653 822 4703 Ὅτε
848 4651 918 4702 ἐν
952 4649 1296 4712 Μεδιολάνῳ
1323 4649 1386 4701 τὸ
1417 4648 1739 4716 συνέδριον
1770 4647 1879 4714 τῆς
1903 4665 2052 4703 συν-

475 4719 640 4776 όδου.
665 4720 842 4789 Supra
873 4721 939 4775 ad
976 4727 1141 4788 caput
1183 4719 1252 4772 20
1279 4720 1441 4789 hujus
1478 4719 1628 4781 libri,
1658 4719 1825 4772 multa
1864 4719 2056 4774 obser-

473 4791 725 4845 vavimus
743 4791 810 4845 de
842 4791 943 4845 hac
966 4790 1174 4860 synodo
1204 4789 1593 4860 Mediolanensi
1635 4789 1829 4860 prima,
1860 4790 1916 4860 in
1945 4806 2051 4860 qua

474 4860 731 4916 Ursaeius
751 4869 807 4915 et
837 4859 1034 4915 Valens
1057 4860 1244 4914 oblato
1269 4859 1656 4914 satisfactionis
1688 4859 1872 4912 libello
1894 4859 2050 4913 Aria-

475 4945 601 4984 nam
635 4932 887 4986 literesim
911 4931 1326 4985 damnaverunt.
1348 4931 1494 4984 Idem
1515 4929 1840 4984 confirmant
1866 4945 2057 5000 supra-

476 5001 607 5056 dicti
635 5002 891 5058 Ursacius
915 5008 970 5056 et
988 5002 1188 5055 Valens
1212 5001 1266 5055 in
1280 5001 1452 5055 altero
1479 5001 1664 5055 libello
1687 5016 1848 5068 quem
1872 5001 2056 5058 Romae

476 5081 664 5141 postea
713 5073 1035 5128 obtulerunt
1078 5072 1223 5126 Julio
1261 5087 1413 5141 papa:
1446 5071 1529 5126 his
1571 5071 1754 5124 verbis
1785 5089 1796 5123 :
1827 5071 2054 5125 Ihm-cti-

477 5159 596 5196 cum
619 5159 738 5196 vero
761 5143 970 5204 Arium,
997 5151 1129 5205 etc.,
1159 5144 1290 5195 sicut
1315 5159 1407 5212 per
1450 5143 1678 5212 priorem
1715 5152 1951 5194 nostrum
1986 5142 2052 5194 li-

477 5212 692 5276 bellum,
721 5230 871 5284 quem
915 5215 1059 5284 apud
1084 5212 1441 5284 Mediolanum
1467 5213 1813 5282 porreximus,
1841 5222 1889 5265 et
1915 5229 2054 5266 nunc

479 5292 527 5338 et
549 5282 756 5353 semper
779 5282 1252 5337 anathematizasse
1277 5282 1602 5352 proﬁtemur.

552 5354 661 5426 (45)
702 5357 1140 5424 Συμπαρόντων
1169 5353 1237 5406 δὲ
1258 5355 1354 5406 καὶ
1385 5353 1502 5406 τῶν
1527 5353 1961 5421 πρεσϐυτέρων.
1990 5353 2047 5406 In

2158 4509 2350 4580 philus,
2375 4509 2731 4576 Macedonius,
2783 4509 3079 4574 Eudoxius,
3128 4509 3456 4581 Martyrins,
3482 4514 3570 4582 qui
3620 4521 3743 4565 ante

2159 4596 2326 4652 annos
2349 4589 2482 4645 octo,
2524 4598 2643 4634 cum
2690 4584 2833 4652 apud
2878 4582 3235 4636 Mediolanum
3275 4583 3391 4636 Arii
3427 4583 3740 4635 sententiam

2157 4651 2459 4704 hwreticam
2509 4651 2798 4706 noluissent
2864 4654 3142 4714 damnare,
3206 4653 3270 4704 de
3315 4653 3535 4706 concilio
3590 4654 3743 4706 iratis

2159 4723 2351 4793 animis
2381 4723 2666 4775 exierunt?
2688 4723 2813 4777 Haec
2851 4730 3034 4777 autem
3066 4722 3299 4792 epistola
3352 4723 3556 4793 scripta
3598 4731 3682 4776 est
3713 4740 3741 4776 a

2159 4790 2401 4855 Liberio,
2439 4808 2548 4846 non
2587 4809 2730 4846 anno
2756 4794 2879 4856 554,
2904 4803 2966 4847 ut
2990 4790 3116 4846 vult
3146 4793 3432 4854 Baronius,
3467 4790 3572 4848 nec
3616 4809 3740 4846 rur-

2159 4878 2254 4916 sus
2283 4878 2425 4916 anno
2468 4862 2590 4926 555,
2645 4873 2704 4916 ut
2732 4863 2964 4917 allirmat
3015 4863 3270 4918 Petavius
3316 4863 3371 4916 in
3419 4863 3607 4917 libello
3673 4861 3741 4915 de

2155 4933 2360 5001 duplici
2389 4933 2594 5003 synodo
2615 4933 2921 4996 Sirmiensi,
2945 4934 3039 4988 sed
3061 4950 3204 4987 anno
3224 4933 3428 4988 Christi
3460 4934 3580 4988 556.
3604 4932 3739 4986 Nam

2155 5003 2413 5057 Liberius
2441 5003 2494 5056 in
2534 5004 2722 5058 eadem
2757 5005 2986 5073 epistola
3025 5004 3229 5059 diserte
3262 5013 3514 5067 testatur,
3568 5003 3738 5056 Geor-

2155 5074 2303 5144 gium
2323 5081 2455 5126 tunc
2478 5080 2739 5143 temporis
2759 5075 3130 5129 Alexandrino
3149 5075 3468 5144 episcopatu
3496 5074 3734 5144 potitum

2155 5143 2345 5216 fuisse.
2383 5145 2441 5198 Id
2470 5142 2652 5216 autem
2671 5147 2898 5216 contigit
2926 5147 3149 5199 ineunte
3177 5142 3321 5199 anno
3342 5142 3555 5200 Christi
3612 5142 3736 5197 556.

2153 5214 2331 5278 Quare
2359 5215 2617 5268 mendum
2658 5224 2742 5270 est
2771 5214 2844 5271 in'
2863 5216 2970 5269 illis
3015 5216 3220 5278 verbis,
3252 5224 3374 5268 (nite
3400 5232 3565 5268 annos
3590 5223 3738 5274 octo;

2160 5285 2453 5355 malimque
2484 5287 2751 5350 scribere,
2785 5295 2907 5340 ante
2935 5304 3102 5339 annos
3163 5303 3368 5351 novem,
3411 5285 3558 5356 quod
3591 5285 3737 5338 idem

2155 5356 2300 5410 valet
2329 5372 2392 5410 ac
2416 5356 2463 5410 si
2503 5357 2732 5422 diceret,
2773 5359 2970 5411 decimo
2998 5357 3182 5411 abhinc
3205 5373 3366 5411 anno.

1921 5506 2299 5566 VARIORUM.

480 5625 603 5682 κιῖς
666 5621 1014 5691 Ἐκκλησίαις
1055 5639 1067 5674 :
1103 5619 1184 5674 sic
1233 5620 1376 5674 enim
1408 5619 1606 5691 Latine
1655 5618 2052 5689 interpretatus

481 5704 593 5748 est:
632 5701 686 5745 ut
738 5689 864 5760 ﬁdes
889 5690 1197 5746 claresceret
1223 5691 1457 5744 omnibus
1481 5689 1726 5744 Ecclesiis
1753 5691 2044 5745 catholicis.

482 5764 620 5817 Olim
681 5771 859 5816 autem
901 5763 1106 5832 quavis
1144 5761 1374 5816 ecclesia
1441 5760 1810 5832 particularis,
1859 5779 2047 5817 veram

483 5834 682 5890 Christi
719 5830 1023 5888 doctrinam
1051 5833 1316 5902 amplexa,
1347 5830 1603 5902 catholica
1642 5831 1789 5902 dicta
1821 5832 1942 5890 fuit.
1980 5833 2046 5886 ad

485 5904 889 5960 distinctionem
926 5901 1305 5959 haeretic’arum
1348 5903 1399 5957 in
1435 5901 1624 5956 eadem
1660 5901 1797 5957 forte
1833 5903 2048 5958 civitate

2161 5625 2342 5681 locum
2375 5628 2734 5693 habentium;
2773 5638 2830 5682 ut
2872 5626 3124 5696 pluribus
3165 5627 3408 5682 ostendit
3437 5625 3516 5682 Cl.
3571 5627 3708 5681 Pear

2159 5713 2327 5752 sonus
2352 5700 2549 5770 Expos.
2611 5699 2832 5772 symboli
2881 5706 3072 5767 apost.,
3127 5713 3258 5822 εδδ.
3300 5698 3423 5751 547.
3474 5697 3735 5753 ——Reete

2160 5769 2417 5822 Pearsoni
2455 5771 2620 5822 verba
2671 5768 3075 5822 repraesentari.
3152 5769 3262 5820 ‘mn
3317 5768 3530 5822 Valesio
3554 5777 3735 5822 tamen

2160 5768 3075 5826 Pearsoni"verba'reoraascntavi.
3127 5768 3262 5822 Cum
3317 5768 3530 5823 Valesio
3554 5777 3735 5823 tamen

2158 5855 2356 5896 censeo
2375 5857 2439 5896 ex
2469 5841 2678 5897 Latinis
2714 5837 2900 5896 Graeca
2942 5839 3112 5894 fuisse
3146 5837 3312 5894 facta.
