4524 6582
787 460 895 517 ’515

2240 446 2574 514 δοσιιΑτιε

3948 459 4048 512 Ἦίῖ

787 577 934 649 quod
968 576 1143 633 fuerat
1172 575 1409 646 positum
1449 571 1676 629 ratione.
1716 573 1932 630 Etenim
1973 586 2102 630 cum
2147 574 2370 646 pietatis
2397 587 2444 644 Α
2474 573 2573 646 ἀκρ

2263 575 2370 630 atis
2397 587 2444 644 Α
2474 569 2758 646 ἀκριϐείας
2785 569 2880 625 καὶ
2911 571 3217 636 ἐξετάσεως
3250 562 3349 639 τὴν
3403 533 3811 643 συγγραφεῖσαν
3867 573 4049 626 πίστιν

788 680 898 727 tua:
938 671 1136 728 litterae
1178 668 1444 741 iusserint
1483 667 1708 724 tractari
1749 667 1819 724 de
1862 668 1989 733 fide,
2031 669 2371 730 offerebatur

789 764 950 818 nobis
997 777 1028 815 a
1072 758 1404 831 supradictis
1442 757 1824 816 turbatoribus
1856 759 2246 825 Ecclesiarum,
2279 775 2368 817 as-

789 853 999 907 sociato
1031 851 1332 915 Germinio,
1357 849 1630 904 Auxentio
1660 858 1726 905 et
1757 849 1910 916 Caio,
1943 867 2150 918 novum
2183 852 2371 907 nescio

787 943 921 1014 quid
945 942 1426 1006 considerandum,
1445 940 1595 1011 quod
1623 943 1791 998 multa
1812 959 2086 1014 perversae
2107 943 2372 1000 doctrinae

790 1036 1132 1090 continebat.
1167 1035 1237 1090 At
1265 1049 1396 1089 vero
1431 1048 1558 1087 cum
1588 1034 1873 1090 videretur
1893 1035 2192 1107 displicere
2221 1035 2370 1106 quod

789 1126 1097 1182 offerebant
1148 1127 1366 1198 publice
1423 1129 1479 1184 in
1531 1128 1785 1195 concilio,
1829 1137 2161 1200 putaverunt
2211 1128 2372 1183 aliter

790 1233 913 1275 esse
960 1220 1420 1277 conscribendum
1455 1232 1554 1280 :et
1600 1223 1822 1295 quidem
1871 1222 1988 1276 haec
2028 1221 2186 1276 brevi
2229 1230 2371 1276 tem-

792 1325 926 1379 pore
953 1326 1094 1382 saepe
1120 1321 1383 1378 mutasse,
1417 1314 1767 1370 manifestum
1795 1321 1899 1368 est.
1931 1311 2037 1368 Sed
2072 1329 2141 1368 ne
2179 1313 2370 1368 Eccle—

790 1402 888 1456 siae
925 1402 1268 1473 frequentius
1308 1408 1727 1477 perturbentur,
1756 1407 1960 1476 placuit
1998 1405 2244 1460 instituta
2276 1420 2371 1459 ve—

795 1495 911 1542 tera
970 1499 1085 1545 rata
1135 1502 1301 1562 atque
1354 1495 1691 1549 inviolabilia
1737 1495 1974 1560 servari;
2029 1495 2374 1564 supradictos

796 1595 930 1634 vero
963 1596 994 1636 a
1026 1587 1416 1642 communione
1443 1597 1632 1642 nostra
1663 1585 1953 1642 removeri.
1983 1586 2062 1640 Ad
2097 1587 2372 1640 instruen-

796 1672 922 1726 dam
953 1674 1117 1745 igitur
1143 1685 1290 1732 tuam
1317 1680 1668 1735 clementiam
1696 1680 1902 1750 legatos
1931 1687 2149 1734 nostros
2175 1678 2376 1733 direxi-

797 1780 940 1828 mus,
978 1768 1197 1823 concilii
1240 1772 1565 1826 sententiam
1604 1787 1704 1842 per
1741 1773 1949 1826 litteras
1987 1779 2374 1826 nostrasnun—

795 1855 1044 1910 tiaturos.
1078 1857 1288 1924 Quibus
1319 1861 1425 1918 hoc
1461 1863 1637 1933 ipsum
1672 1862 1848 1918 solum
1889 1861 2284 1926 mandavimus,
2315 1869 2377 1916 ut

2472 664 2849 719 ὲκτεθεικότα·
2901 662 3091 738 ἐπειδὴ
3139 662 3198 716 δὲ
3245 659 3323 726 ὡς
3377 663 3437 729 ἐξ
3484 663 3786 735 ἀνθρώπιον
3835 663 4054 732 ιγένετο

2474 755 2808 826 βαπτισθεὶς,
2841 755 2935 809 καὶ
2976 739 3114 827 πρὸς
3145 752 3244 826 τὴν
3284 754 3641 826 ὀφειλομένην
3675 756 3898 826 εἰρήνην
3960 756 4050 808 άν-

2471 848 2770 920 εχώρησεν,
2799 850 3000 903 ἄτοπον
3026 847 3356 920 ἐνομίσαμεν
3385 847 3496 919 (Μ)
3531 844 3672 902 εἶναι
3702 848 3818 918 μετ’
3843 849 4049 902 ἐκεῖνόν

2467 948 2524 995 ’τι
2556 943 2922 1012 καινοτομεῖν,
2948 941 3043 996 καὶ
3065 941 3356 1004 τοσούτους
3381 941 3574 1009 ἁγίους
3590 939 3928 1011 ὁμολσγητάς
3953 941 4048 994 καὶ

2477 1033 2781 1104 μάρτυρας,
2819 1034 2947 1096 τοὺς
2968 1033 3065 1087 καλ¹
3087 1032 3243 1087 τοῦδε
3282 1030 3379 1086 τοῦ
3407 1032 3678 1103 δόγματος
3709 1033 4048 1102 συγγραφεῖς

2472 1141 2531 1178 τε
2562 1125 2651 1182 καὶ
2687 1123 2916 1196 εὑρετάς
2964 1123 3239 1196 ὑπεριδεῖν
3260 1141 3275 1155 ·
3310 1123 3505 1186 οῖτινες
3531 1122 3673 1177 κατά
3697 1120 3790 1176 τὸν
3823 1122 4048 1188 παλαιὸν

2473 1217 2573 1289 τῆς
2599 1217 2900 1288 καθολικῆς
2931 1215 3257 1288 Ἐκκλησίας
3293 1213 3513 1286 θεσμὸν,
3538 1203 3753 1292 ἅπαντα
3788 1213 4047 1287 φρονοῦν-

2475 1326 2564 1372 τες
2602 1308 3089 1382 διαμεμενήκασιν.
3119 1303 3221 1363 Ὧν
3255 1308 3284 1362 ὁ
3308 1306 3442 1372 Θεὸς
3472 1309 3572 1379 τὴν
3622 1307 3805 1363 πίστιν
3835 1296 3938 1363 ’καὶ
3969 1309 4047 1368 είς

2474 1403 2600 1466 τοὺς
2640 1403 2766 1466 σοὺς
2797 1403 3023 1473 χρόνους
3056 1403 3156 1473 τῆς
3188 1402 3465 1473 βασιλείας
3500 1401 3795 1472 μετέδωκε,
3828 1401 3916 1455 διά
3955 1401 4078 1455 τοῦ.

2477 1493 2683 1563 Κυρίου
2714 1493 2872 1564 ἡμῶν
2901 1492 3078 1562 Ἰησοῦ
3111 1491 3370 1565 Χριστοῦ,
3396 1491 3463 1546 δι’
3483 1484 3544 1545 οὗ
3577 1507 3661 1545 σοι
3691 1491 3868 1545 καὶτὸ
3898 1491 4052 1562 βασι-

2476 1585 2654 1640 λεύειν
2684 1585 2861 1650 οὕτως
2890 1583 3156 1658 ὑπῆρξεν,
3186 1587 3263 1650 ὡς
3285 1584 3382 1639 καὶ
3416 1583 3668 1655 τῆςκαθ*
3698 1585 3845 1654 ἡμᾶς
3874 1587 4052 1637 οἰκου-

2481 1681 2649 1753 μένης
2665 1682 2904 1752 κρατεῖν.
2925 1679 3094 1733 Ηάλιν
3107 1677 3238 1747 γοῦν
3253 1679 3303 1731 οἱ
3322 1677 3543 1731 ἐλεεινοὶ
3556 1677 3695 1731 ιλκαὶ
3715 1674 3923 1748 οἰκτροὶ
3936 1681 3955 1741 (
3969 1675 4053 1743 ιδ)

2478 1771 2556 1842 τῷ
2589 1772 2918 1842 φρονήματι,
2969 1770 3214 1842 ἀθεμίτῳ
3261 1767 3571 1840 τολμήματι
3620 1768 3720 1838 τῆς
3763 1766 4055 1830 δυσσεϐοῦς

2483 1863 2800 1934 φρονήσεως
2857 1863 3105 1934 κήρυκας
3154 1860 3380 1925 ἑαυτοὺς
3425 1858 3774 1930 ἀνήγγειλάν,
3810 1857 4057 1913 atatim-

795 1963 906 2002 non
963 1950 1121 2005 aliter
1170 1952 1496 2024 legationem
1556 1955 1900 2026 perferrent,
1957 1969 2120 2024 quam
2177 1962 2379 2010 statuta
2413 1955 2581 2026 Βχειι

2288 1963 2379 2008 uta
2413 1955 2453 2009 Β
2482 1953 2760 2026 χειροῦσιν
2788 1953 3116 2026 ἀνατρέπειν
3131 1952 3239 2006 πᾶν
3262 1950 3326 2006 τὺ
3346 1951 3444 2022 τῆς
3465 1949 3724 2022 ἀληθείας
3750 1949 4073 2018 σύνταγμα.»

794 2049 982 2096 vetera
1013 2059 1339 2112 permanere
1378 2045 1688 2103 ﬁrmissima
1717 2065 1730 2100 :
1757 2054 1817 2101 ut
1860 2055 1917 2102 et
1961 2047 2231 2117 sapientia
2286 2055 2376 2101 tua

793 2147 1172 2203 cognosceret,
1208 2154 1315 2192 non
1352 2139 1458 2196 hoc
1489 2140 1634 2210 quod
1669 2141 2033 2217 promiserant
2077 2139 2376 2209 supradicti

795 2222 995 2280 Valens
1036 2236 1092 2281 et
1129 2228 1406 2294 Ursacius,
1439 2230 1754 2287 Germinius
1790 2238 1846 2286 et
1881 2231 2066 2295 Caius,
2101 2231 2146 2286 si
2186 2231 2374 2285 subla-

795 2323 912 2370 tum
945 2316 1137 2374 fuisset
1166 2321 1467 2391 quidpiam,
1504 2338 1692 2392 pacem
1735 2339 1896 2392 posse
1937 2323 2222 2394 compleri.
2257 2321 2378 2390 Quo

793 2407 944 2464 enim
992 2411 1155 2466 modo
1201 2428 1306 2482 pax
1351 2415 1558 2469 servari
1599 2415 1775 2485 possit
1823 2415 1891 2470 ab
1938 2415 2006 2470 iis
2049 2415 2144 2486 qui
2187 2432 2376 2486 pacem

796 2501 1165 2557 subvertunt'?
1203 2505 1370 2578 Magis
1413 2508 1560 2562 enim
1611 2508 1858 2563 turbatio
1887 2509 2101 2564 cunctis
2137 2508 2376 2580 regioni-

796 2595 922 2659 bus,
967 2604 1024 2650 et
1058 2597 1333 2669 praecipue
1380 2599 1639 2655 Ecclesia:
1679 2601 1937 2656 Romanae
1984 2601 2228 2657 immissa
2273 2611 2376 2657 est.

795 2685 881 2742 0b
911 2703 1074 2757 quam
1107 2705 1222 2745 rem
1259 2697 1405 2746 tuam
1438 2707 1693 2763 rogamus
1718 2691 2086 2761 clementiam,
2116 2705 2175 2750 ut
2207 2696 2379 2766 placi-

797 2777 886 2834 dis
928 2779 1158 2836 auribus
1199 2788 1258 2835 et
1305 2797 1505 2839 sereno
1535 2785 1692 2839 vultu
1725 2786 2008 2844 universos
2042 2789 2246 2861 legatos
2278 2807 2380 2846 no-

797 2879 944 2928 stros
971 2881 1027 2926 et
1051 2873 1284 2946 aspicias
1329 2883 1385 2930 et
1428 2877 1620 2933 audias
1650 2895 1662 2930 :
1691 2894 1830 2933 neve
1866 2880 2070 2952 aliquid
2104 2885 2383 2953 permittat

798 2965 1099 3030 clementia
1141 2974 1233 3022 tua
1283 2968 1339 3023 in
1387 2968 1646 3041 injuriam
1693 2980 1942 3029 veterum
1993 2975 2248 3040 convelli,
2285 2976 2382 3031 sed

800 3072 1033 3120 manere.
1069 3074 1134 3114 ea
1185 3075 1309 3130 quae
1356 3077 1386 3116 a
1441 3063 1742 3134 majoribus
1785 3065 1990 3134 nostris
2035 3066 2379 3138 accepimus;

799 3165 942 3219 quos
988 3150 1261 3217 etfuisse
1307 3153 1630 3224 prudentes,
1669 3164 1727 3212 et
1775 3157 1894 3213 sine
1939 3156 2147 3229 Spiritu
2194 3167 2427 3217 sancto'

803 3240 899 3295 Dei
937 3256 1048 3301 non
1085 3242 1262 3313 egisse
1295 3243 1642 3302 conﬁdimus.
1679 3247 1817 3314 Quia
1855 3249 1960 3304 ista
1992 3250 2237 3306 novitate
2273 3267 2383 3306 non

2496 2047 2582 2110 Ὦς
2608 2046 2716 2118 γάρ
2769 2045 2910 2100 κατά
2949 2045 3011 2098 τὸ
3047 2045 3138 2098 σὺν
3167 2043 3500 2120 πρόσταγμα
3543 2043 3606 2097 τὸ
3648 2041 3924 2112 συνέδριον
3959 2041 4059 2113 τῆς

2487 2139 2706 2193 συνόδου
2757 2139 3155 2211 συνεκροτεῖτο,
3209 2138 3456 2191 κάκεῖνοι
3509 2136 3610 2206 τῆς
3663 2134 3802 2198 ίδίας
3844 2134 4059 2203 ἀπάτης

2485 2229 2758 2300 ὲγύμνουν
2792 2229 2892 2301 τήν
2918 2228 3131 2298 σκέψιν,
3157 2227 3457 2300 ἐπειρῶντο
3481 2227 3590 2298 γάρ
3627 2225 3934 2298 πανουργίᾳ
3957 2225 4060 2276 τινὶ
4083 2226 4085 2229 ’

2486 2323 2581 2376 καὶ
2613 2325 2827 2395 ταραχῇ
2855 2319 3257 2394 προσφέροντες
3283 2338 3337 2376 τι
3372 2321 3736 2391 καινοτομεῖν,
3753 2319 3852 2390 τῆς
3875 2314 4060 2371 τοιαῦ-

2485 2435 2583 2490 της
2610 2419 2857 2490 ἑτεροίας
2887 2420 3014 2482 τοὺς
3041 2415 3532 2488 συναλισκομένους
3564 2415 3813 2488 εὑρόντες
3846 2411 4062 2484 Γερμά-

2486 2529 2617 2577 νιον,
2650 2503 2936 2577 Κὺξέντιον
2957 2513 3052 2565 καὶ
3079 2513 3258 2578 Γάϊον,
3283 2511 3409 2575 τοὺς
3431 2509 3530 2582 τὴν
3553 2509 3668 2581 ἔριν
3689 2509 3785 2562 καὶ
3812 2507 4062 2578 διχοστα-

2489 2605 2611 2658 σίαν
2644 2603 3028 2676 ἐμποιοῦντας.
3052 2599 3154 2657 Ὧν
3180 2605 3212 2674 ή
3247 2601 3561 2658 διδασκαλία
3592 2598 3690 2671 μία
3732 2597 3830 2667 μὲν
3859 2591 3993 2650 οὖσα
4011 2606 4060 2662 ε,

2488 2700 2598 2752 πᾶν
2618 2697 2822 2768 πλῆθος
2845 2697 3204 2769 βλασφημιῶν
3226 2695 3606 2768 ὑπερϐέϐηκεν
3622 2710 3634 2723 ·
3663 2692 3738 2756 ὡς
3753 2691 3809 2745 δὲ
3824 2689 4065 2744 συνεῖδον

2487 2790 2610 2861 οὐχὶ
2636 2790 2736 2861 τῆς
2775 2789 2947 2860 αὐτῆς
2977 2788 3346 2862 προαιρέσεως
3371 2788 3549 2852 ὄντας,
3595 2784 3718 2838 οὕτε
3746 2785 4063 2852 ὁμογνωμοο

2487 2880 2716 2944 νοῦντας
2761 2880 2845 2948 ἐφ’
2871 2874 2952 2943 οἷς
2986 2878 3169 2942 κακῶς
3198 2878 3506 2951 ἐφρόνουν,
3536 2877 3616 2940 είς
3641 2874 3702 2928 τὸ
3741 2871 4064 2945 συμϐούλιον

2489 2971 2646 3042 ήμῶν
2673 2973 2982 3042 μετήγαγον
3008 2971 3263 3045 ἑαυτοὺς,
3283 2969 3357 3033 ὡς
3388 2969 3566 3023 δοκεῖν
3597 2968 3783 3038 ἕτερον
3806 2966 4061 3038 γράφειν.

2487 3059 2597 3118 Ἦν
2622 3063 2678 3124 δὲ
2703 3064 2730 3117 ὁ
2753 3064 2942 3134 καιρὸς
2960 3062 3165 3134 βραχὺς
3191 3062 3325 3133 (46),
3344 3063 3480 3116 ὁκαὶ
3505 3060 3604 3125 τάς
3630 3059 3856 3130 γνώμας
3878 3056 4062 3112 αὐτῶν

2489 3155 2928 3230 ἐξελέγχωνξῐνα
2958 3157 3036 3229 μὴ
3054 3152 3148 3210 οὖν
3174 3157 3288 3219 τοῖς
3309 3155 3492 3218 αὐτοῖς
3515 3155 3603 3208 ἀεὶ
3625 3152 3694 3207 τά
3711 3155 3811 3224 τῆς
3839 3151 4068 3222 Ἐκκλη-

2493 3247 2614 3312 σίας
2643 3247 2969 3319 περιπίπτῃ,
3023 3247 3117 3300 καὶ
3147 3246 3361 3317 ταραχὴ
3396 3245 3490 3310 καὶ
3530 3243 3759 3316 θόρυϐος
3788 3243 4063 3297 κυλινδού-

803 3330 982 3386 solum
1015 3331 1207 3390 fideles
1237 3335 1427 3406 populi
1461 3337 1765 3407 perturbati
1805 3347 1952 3406 sunt,
1983 3355 2174 3395 verum
2218 3341 2383 3396 etiam
2412 3324 2454 3382 (ἶ
2494 3357 2589 3412 μεν

2278 3341 2383 3396 iam
2412 3324 2454 3382 (ἶ
2494 3357 2658 3412 μενος
2715 3340 2930 3394 ἅπαντα
2982 3339 3212 3412 συγχέῃ,
3269 3338 3488 3410 βέϐαιον
3541 3337 3737 3409 ζκράνη,
3795 3338 3862 3392 τὰ
3897 3338 4064 3391 πάλαι

805 3419 1054 3478 inﬁdeles
1099 3423 1166 3486 ad
1217 3425 1596 3483 credulitatem
1630 3437 1888 3484 vetantur
1928 3430 2206 3487 accedere.
2246 3430 2382 3487 Ora-

806 3528 928 3569 mus
970 3515 1144 3570 etiam.
1183 3525 1250 3571 ut
1289 3518 1597 3590 praecipias,
1626 3528 1707 3576 tot
1755 3523 2042 3592 episcopos
2089 3522 2246 3595 142
2289 3524 2384 3594 qui

805 3605 1055 3662 Arimino
1101 3608 1443 3676 detinentur,
1481 3611 1625 3667 inter
1673 3627 1822 3685 quos
1855 3613 2079 3684 plurimi
2123 3623 2251 3670 sunt
2291 3616 2382 3686 qui

805 3706 963 3754 aetate
1001 3708 1058 3756 et
1093 3712 1420 3774 paupertate
1453 3703 1650 3759 defecti
1687 3715 1836 3772 sunt,
1863 3706 1930 3762 ad
1965 3722 2118 3762 suam
2159 3709 2385 3780 provisi-

807 3793 947 3847 ciam
987 3809 1263 3862 remeare;
1298 3812 1368 3851 ne
1409 3797 1658 3854 destituti
1694 3799 1811 3854 suis
1839 3799 2111 3870 episcopis
2137 3800 2388 3855 laborent

808 3886 996 3960 populi
1023 3887 1410 3949 Ecclesiarum.
1440 3889 1554 3946 Hoc
1583 3890 1747 3945 etiam
1776 3889 2118 3961 frequentius
2142 3889 2386 3960 postula-

811 3993 955 4043 mus,
983 3986 1045 4036 ut
1073 3979 1208 4034 nihil
1241 3981 1556 4047 innovetur,
1587 3982 1726 4037 nihil
1772 3983 2084 4050 minuatur;
2129 3982 2225 4037 sed
2269 3998 2387 4037 ma-

811 4079 979 4126 neant
1024 4071 1347 4145 incorrupta
1393 4090 1516 4146 qua:
1558 4075 1732 4146 patris
1775 4085 1976 4132 sanctae
2022 4077 2244 4148 pietatis
2283 4084 2390 4132 tuae

811 4165 1175 4234 temporibus,
1204 4174 1259 4220 et
1283 4168 1391 4222 tuis
1415 4168 1686 4240 religiosis
1710 4169 1924 4225 saeculis
1950 4178 2386 4240 permanserunt.

810 4257 922 4312 Nec
943 4259 1054 4329 jam
1089 4275 1190 4315 nos
1222 4260 1436 4332 fatigari
1470 4270 1564 4316 aut
1589 4263 1822 4318 convelli
1855 4278 1885 4318 a
1920 4262 2145 4318 sedibus
2187 4262 2394 4317 nostris

812 4362 905 4406 tua
933 4363 1118 4410 sancta
1155 4354 1446 4424 prudentia
1473 4354 1778 4425 permittat,
1807 4355 1901 4411 sed
1939 4355 2114 4426 quieti
2139 4370 2263 4410 cum
2291 4369 2393 4425 po-

811 4446 957 4515 pulis
998 4448 1114 4501 suis
1149 4449 1394 4521 episcopi
1429 4458 1625 4506 vacent
1661 4465 1879 4521 semper
1910 4448 2392 4522 postulationibus,

811 4555 948 4609 quas
991 4540 1199 4598 habent
1238 4558 1340 4614 pro
1384 4543 1560 4600 salute
1610 4553 1702 4600 tua
1750 4552 1804 4600 et
1849 4559 1950 4614 pro
1991 4557 2160 4614 regno
2194 4549 2308 4607 tuo,
2336 4548 2394 4596 et

2491 3431 2794 3505 ὡρισμένα,
2833 3431 3046 3503 ἔμμονα
3092 3432 3186 3486 καὶ
3231 3431 3606 3501 ἀμετακίνητα
3651 3429 4062 3499 διαφυλάττεινο

2489 3528 2617 3591 τοὺς
2652 3526 2710 3579 δὲ
2739 3525 3170 3599 προειρημένους
3193 3523 3302 3579 ἀπὸ
3355 3526 3454 3595 τῆς
3483 3523 3756 3596 ἡμετέρας
3783 3521 4068 3586 κοινωνίας

2491 3619 2959 3690 ἀποκεχωρίσθαι.
3001 3619 3080 3671 Δι’
3129 3618 3196 3689 ἢν
3237 3617 3439 3680 αἰτίαν,
3478 3617 3606 3680 τοὺς
3646 3615 4068 3679 άναδιδάξαντας

2477 3710 2753 3782 *πρέσϐεις
2783 3711 2917 3782 πρὸς
2942 3710 3040 3782 τὴν
3058 3709 3155 3782 σὴν
3179 3709 3479 3763 ἐπιείκειαν
3498 3708 3942 3778 ἀπεστάλκαμεν,
3969 3708 4068 3778 τὴν

2492 3802 2718 3874 γνώμην
2736 3802 2829 3856 τοῦ
2857 3801 3236 3874 συνεδρίουδιά
3260 3801 3358 3872 τῆς
3385 3800 3674 3872 ὲπιστολῆς
3703 3798 4066 3872 μηνύσονταςο

2492 3897 2606 3957 τοῖς
2647 3911 2712 3964 γε
2742 3893 3108 3966 πρεσϐεύουσι
3142 3892 3246 3966 πρό
3269 3911 3333 3962 γε
3375 3893 3591 3947 πάντων
3624 3891 3782 3947 τοῦτο
3829 3909 4067 3964 παρεκε-

2493 3984 2824 4054 λευσάμεθα,
2851 3973 2931 4054 τῷ
2964 3982 3061 4055 τὴν
3087 3982 3345 4054 ἀλήθειαν
3374 3980 3749 4036 πιστώσασθαι
3780 3979 3831 4042 δ,
3868 3981 3933 4032 ὲκ
3961 3977 4070 4031 τῶν

2496 4077 2664 4132 πάλαι
2695 4075 2940 4149 ἀρχαίων
2966 4076 3062 4132 καὶ
3088 4073 3312 4128 δικαίων
3341 4072 3716 4146 ὁρμωμένους.
3749 4073 3813 4126 Οἳ
3853 4073 3948 4126 καὶ
3971 4071 4068 4142 τὴν

2498 4169 2600 4241 σὴν
2633 4167 3041 4234 ἀναδιδάξουσιν
3079 4166 3353 4238 ὁσιότητα,
3396 4167 3478 4219 ὅτι
3513 4166 3612 4236 οὐχ
3634 4164 3822 4236 ὥσπερ
3861 4163 4070 4234 ἔφησαν

2499 4259 2803 4332 Οὒρσάκιός
2828 4277 2886 4313 τε
2912 4259 3008 4313 καὶ
3032 4257 3264 4327 Οὐάλης,
3297 4257 3448 4312 ἔσται
3471 4258 3683 4329 εἰρήνη,
3708 4255 3866 4328 είπερ
3889 4272 3943 4310 τι
3963 4254 4071 4310 τῶν

2498 4351 2722 4406 δικαίων
2739 4349 3098 4421 ἀνατραπείη.
3123 4347 3250 4412 Πῶς
3279 4347 3389 4421 γὰρ
3418 4349 3642 4420 εἰρήνην
3665 4341 3778 4401 οἷόν
3802 4364 3860 4400 τε
3890 4347 4068 4416 ἄγειν,

2500 4445 2626 4508 τοὺς
2655 4443 2756 4516 τὴν
2788 4443 3011 4514 εἰρήνην
3039 4440 3442 4506 καταλύονταςς
3468 4439 3683 4496 Μᾶλλον
3708 4440 3815 4512 γάρ
3839 4439 3954 4511 ἔρις
3975 4440 4070 4493 καὶ

2497 4537 2711 4610 ταραχὴ
2741 4538 2806 4591 ὲκ
2833 4534 3039 4591 τούτων
3071 4536 3168 4591 σὺν
3212 4537 3332 4600 ταῖς
3353 4534 3575 4598 λοιπαῖς
3609 4533 3816 4602 πόλεσι,
3865 4533 3960 4588 καὶ
4003 4535 4069 4604 τῇ

2004 4708 2277 4768 VALESll
2321 4703 2873 4763 ANNOTATIONES.

884 4822 994 4893 (tt)
1029 4824 1291 4876 Ἀτοπον
1317 4824 1702 4892 ἐνομίσαμεν.
1738 4824 2018 4878 Postrema
2047 4837 2176 4893 vox
2232 4821 2389 4893 deest
2419 4821 2464 4877 Β
2493 4819 2670 4893 οἰεοιρι

1947 4838 2018 4876 na
2047 4837 2176 4893 vox
2232 4821 2389 4893 deest
2419 4821 2464 4877 Β
2493 4811 3549 4893 οἰεοιξῳεσιοηυετεενοιιᾶριιοι,ι·θ1ἰ‹[ιιο
3565 4808 3733 4893 hiesu

815 4893 870 4947 in
910 4891 1166 4948 omnibus
1205 4895 1409 4950 nostris
1428 4891 1734 4959 eodieibus,
1769 4902 1825 4949 et
1853 4893 1996 4965 apud
2029 4891 2386 4948 Athanasium

814 4980 880 5020 ac
912 4965 1296 5019 Sozomenum.

887 5034 996 5104 (45)
1021 5033 1211 5088 Πάλιν
1237 5036 1382 5104 γοῦν
1409 5039 1464 5090 οἱ
1490 5035 1740 5090 ἐλεεινοί
1780 5034 2136 5102 καίοικτροί.
2157 5033 2390 5104 Latinus

815 5103 1011 5170 codex,
1047 5121 1156 5174 quo
1201 5103 1334 5162 uSus
1367 5117 1452 5162 est
1485 5106 1708 5162 Graecus
1767 5107 2041 5176 interpres
2073 5105 2236 5174 hujus
2268 5103 2390 5176 epi-

817 5120 1011 5170 coaex,
1047 5121 1156 5174 quo
1201 5121 1334 5162 usus
1367 5120 1452 5162 est
1485 5120 1708 5162 umetis
1767 5120 2041 5176 Interpres
2075 5120 2236 5174 Inuus
2268 5120 2390 5228 ept-

817 5176 1025 5248 stolae,
1036 5176 1255 5248 auctior
1296 5176 1464 5234 fuisse
1497 5177 1719 5233 videtur
1749 5194 1817 5232 eo
1850 5192 2013 5248 quem
2045 5176 2206 5248 nobis
2231 5192 2304 5248 εκ
2345 5174 2391 5227 i-

817 5245 941 5320 buit
965 5246 1224 5320 llilar‘ius.
1256 5248 1390 5303 Nam
1431 5249 1575 5320 apud
1601 5245 1884 5304 Hilarium'
1913 5248 2028 5320 haec
2071 5247 2247 5320 solum
2292 5245 2393 5299 ha-

818 5316 1022 5370 bentur
1051 5336 1063 5370 :
1102 5317 1254 5372 Nunc
1287 5321 1446 5374 etiam
1469 5316 1736 5374 conantur
1752 5318 2044 5374 convellere
2061 5318 2196 5389 quod
2215 5317 2388 5389 fuerat

817 5389 1043 5456 positum
1075 5391 1299 5444 ratione.
1338 5391 1467 5456 Nos,
1503 5400 1565 5446 ut
1593 5390 1784 5446 Latina
1814 5387 2197 5460 interpretatio
2238 5387 2391 5443 Grae-

3814 4809 4068 4864 levimus.

2567 4836 2573 4872 ι
2589 4824 2936 4888 aliquatenus
2951 4824 3549 4886 responderet,renqua
3568 4824 4068 4934 nte-sulpplewmus.

2567 4890 2680 4958 (46)
2717 4885 2838 4944 Ἦν
2880 4887 2950 4939 δὲ
2981 4890 3013 4940 ὀ
3039 4886 3241 4958 aeq/pd;-
3285 4883 3544 4958 βραχύς.
3590 4879 3729 4958 _Nt_hi
3801 4880 3907 4958 δίρ-
3936 4882 4074 4958 vidit

2495 4949 2720 5016 Graecus
2749 4959 3042 5028 interpres.
3084 4949 3450 5011 Latinae—nim
3479 4952 3560 5006 sic
3590 4951 3832 5028 habent:
3859 4949 3927 5004 Et
3953 4955 4071 5022 qui—

2497 5032 2614 5086 dem
2638 5032 2745 5088 hac
2771 5021 2913 5084 brevi
2936 5037 3168 5099 tempore
3187 5043 3323 5097 saepe
3340 5021 3952 5099 fantassrqnanifestum
3967 5021 4068 5077 est.

2497 5102 2628 5170 Quae
2649 5102 2913 5174 adversus
2933 5093 3230 5174 Ursacium
3252 5093 3306 5174 et
3324 5093 3621 5174 ‘Valentem
3647 5108 4074 5174 eorumque

2499 5165 2674 5228 scolas
2699 5173 2980 5233 dicuntur,
3022 5171 3116 5238 qui
3161 5169 3287 5224 ﬁdei
3318 5165 3582 5223 formulas
3624 5165 4074 5238 novasquotidie

2499 5244 2941 5328 ιπεηιμιιεειικιηι,
2969 5235 3176 5328 amem
3206 5255 3262 5296 se
3293 5240 3693 5328 ﬁdem???
3732 5235 3935 5328 ιὶέξξεὶες
3967 5235 4073 5328 ξξῐξίῖ

2498 5305 2705 5370 indicio
2723 5305 3199 5376 ‘demonstrantes,
3230 5305 3693 5381 quemadmodum
3735 5305 3928 5378 objicit
3966 5306 4074 5360 illis

2499 5386 2833 5442 Athanasius
2855 5399 2966 5438 non
2999 5398 3110 5437 uno
3145 5383 3365 5438 inloco.

2151 5580 2154 5584 -
2265 5543 2644 5600 VARIORUM.

890 5641 919 5680 ιτ
963 5639 1156 5695 Πάλιν
1201 5641 1345 5710 γοῦν
1390 5644 1443 5698 οι
1483 5642 1754 5697 ἐλεεινοί.
1793 5643 2056 5698 Ursacius
2091 5650 2148 5696 et
2191 5641 2394 5695 Valens

819 5712 1380 5785 pmnitentiam_suam
1407 5723 1779 5785 retractarunt
1805 5714 1859 5768 in
1888 5713 2098 5785 synodo
2128 5711 2393 5785 Mediola-

821 5781 999 5855 nensi,
1025 5799 1170 5838 anno
1207 5783 1330 5848 555,
1367 5794 1504 5841 teste
1525 5784 1825 5841 Athanasio
1861 5781 1930 5840 ιη’
1960 5784 2135 5855 Epist.
2165 5783 2233 5838 ad
2264 5781 2395 5836 soli-

821 5852 1012 5910 tarios.
1043 5855 1130 5909 W.
1156 5856 1374 5910 Lowrn.

2498 5639 2816 5692 διδασκαλία
2861 5640 2934 5708 μὴ
2980 5639 3233 5709 μένουσα,
3268 5649 3371 5709 nec
3397 5647 3533 5709 _p_05§

2503 5719 2652 5763 textu
2682 5698 2879 5765 Latino
2904 5698 3202 5764 internosci
3236 5723 3250 5771 ;
3283 5705 3356 5759 ita
3397 5698 3569 5758 libera
3608 5701 3863 5771 versione
3886 5698 4071 5755 Graeca

2503 5780 2742 5834 donatus
2780 5788 2884 5835 est.
2918 5781 3018 5848 ((ZI.
3054 5770 3483 5848 Bcnedictini‘in
3505 5770 3833 5848 Athana_s_.)__
3937 5839 3951 5848 _
4029 5841 4035 5847 _

2574 5850 2599 5889 ἀ
2652 5849 2735 5916 Τῷ
2763 5850 2877 5917 τὴν
2904 5839 3190 5917 ἀλήθειαν
3240 5845 3671 5917 πιστώσασθαι.
3717 5839 3906 5917 {Iebus
3937 5839 4074 5908 leg.-

3409 5639 3639 5714 possunt
3683 5630 3800 5712 haec
3847 5629 4072 5714 iunconf

894 5934 918 5965 ε
963 5925 1330 5982 Διόασκαλία
1353 5927 1462 5998 μία
1500 5926 1614 5998 μὲν
1645 5923 1818 5983 οὖσα.
1858 5928 2196 5984 Sozomenus
2237 5924 2402 5980 habet
2510 5931 2599 5975 tur
2622 5923 2680 5975 τὸ

2283 5924 2402 5980 abet
2510 5931 2599 5975 tur
2622 5923 2680 5975 τὸ
2705 5912 2860 5994 apud
2891 5912 3180 5977 Sozomen.
3216 5917 3312 5973 lib.
3347 5934 3418 5981 Iv,
3447 5932 3565 5984 cap.
3607 5914 3687 5968 l8.
3730 5913 3815 5968 W.
3854 5912 4069 5966 Lovmt.
