4524 6582
479 482 587 537 317

1471 481 1794 537 HISTORIA
1833 483 2383 544 ECCLESIASTICA.
2425 521 2494 529 —
2529 489 2658 545 LIB.
2701 491 2767 545 ll.

3634 486 3737 541 518

480 599 586 653 τῶν
649 597 934 667 Ῥωμαίων
990 596 1287 666 Ἐκκλησίᾳ
1339 598 1651 666 τενήσεται⁰
1711 598 1801 651 Διὸ
1846 600 1910 670 δὴ
1965 602 2059 653 καὶ
2088 607 2258 673 Apro

1965 602 2059 653 καὶ
2088 607 2131 661 Α
2159 619 2258 673 pro
2283 620 2415 674 pace
2442 621 2605 675 quam
2637 606 2736 660 tibi
2762 605 3028 660 Divinitas
3067 621 3168 675 pro
3195 603 3410 658 meritis
3452 602 3562 656 tuis
3606 618 3734 671 pr0~

480 690 794 759 ἱκετεύομεν
808 690 906 760 τὴν
939 688 1034 759 σὴν
1060 689 1383 752 ἐπιείκειαν,
1410 689 1497 741 ἴνα
1517 690 1843 759 προσηνέσιν
1862 692 2053 756 ἀκοαῖς

477 786 572 835 καὶ
604 781 882 850 γαληναίῳ
913 781 1207 849 βλέμματι,
1240 779 1307 832 τὰ
1328 780 1430 850 τῆς
1464 780 1739 852 ἡμετέρας
1758 783 2053 853 πρεσϐείας

476 872 794 943 ἀθρήσειας,
834 874 969 942 μήτε
989 872 1124 942 πρὸς
1146 871 1303 941 ὓϐριν
1322 872 1434 924 τῶν
1460 871 1919 942 τετελευτηκότων
1937 872 2049 943 (47)

476 965 658 1015 καινόν
680 980 732 1015 τι
756 964 1142 1033 μεταλλάττειν
1168 963 1548 1032 ἐπιτρέψειαςο
1570 962 1683 1015 ἀλλ’
1712 964 1879 1036 ἐάσῃς
1901 968 1934 1035 ή
1944 967 2051 1035 μᾶς

477 1055 739 1124 ἐμμένειν
782 1058 897 1118 τοῖς
925 1056 1078 1125 παρά
1110 1055 1219 1106 τῶν
1253 1055 1534 1124 προγόνων
1564 1055 1827 1125 όρισθεῖσί
1860 1073 1918 1108 τε
1955 1058 2049 1109 καὶ

2157 693 2384 749 fundam
2422 712 2485 750 ac
2522 706 2839 766 perpetuam
2878 697 3158 767 largiatur.
3203 694 3389 763 Legati
3419 701 3601 746 autem
3632 707 3735 745 no-

2159 788 2256 840 stri
2305 796 2362 841 et
2405 788 2839 858 subscriptiones
2876 798 2932 842 et
2977 786 3200 841 nomina
3237 786 3617 854 episcoporum
3648 782 3733 836 vel

2158 876 2461 945 legatorum
2513 877 2823 946 perferent;
2877 878 3019 930 sicut
3082 876 3248 929 iidem
3305 874 3411 928 alia
3462 872 3733 940 scriptura

2159 969 2435 1022 instruent
2494 975 2644 1021 tuam
2710 980 2952 1022 sanctam
3016 968 3433 1037 religiosamoue
3492 961 3732 1032 pruden-

2160 1058 2311 1109 tiam.

477 1146 1020 1216 νενομοθετημένοις·
1091 1146 1183 1209 οὓς
1232 1148 1477 1209 ἅπαντας
1550 1147 1687 1216 μετά
1730 1148 2011 1217 ἀγχινοίας
2050 1165 2110 1201 τε
2149 1148 2243 1200 καὶ
2302 1149 2618 1218 φρονήσεως
2671 1148 2765 1201 καὶ
2795 1149 3109 1219 Πνεύματος
3159 1148 3315 1216 ἁγίου
3367 1160 3729 1214 πεποιηκεναι

478 1239 754 1308 φήσαιμεν
786 1237 869 1291 ἄν.
905 1236 986 1290 Τὰ
1044 1237 1154 1307 γὰρ
1183 1237 1277 1289 νῦν
1346 1238 1474 1308 παρ’
1520 1240 1745 1291 ἐκείνων
1796 1239 2264 1309 καινοτομούμενα
2302 1242 2413 1301 τοῖς
2451 1240 2550 1309 μὲν
2601 1240 2953 1293 πιστεύσασιν
2997 1239 3255 1292 ἀπιστίαν
3294 1239 3545 1307 ἐμποιεῖ*
3605 1237 3720 1297 τοῖς

475 1328 532 1380 δὲ
563 1328 949 1397 ἀπιστήσασιν,
995 1327 1253 1397 ὠμότητα
1288 1327 1421 1396 (48).
1459 1326 1797 1397 Ἱκετεύομεν
1860 1328 1915 1381 δὲ
1958 1328 2059 1391 ἔτι,
2102 1329 2188 1380 ἴνα
2218 1328 2479 1401 κελεύσῃς
2516 1330 2641 1393 τοὺς
2678 1331 3008 1392 ἐπισκόπους
3072 1330 3198 1391 τοὺς
3266 1331 3325 1381 ἐν
3360 1330 3480 1389 ταῖς
3505 1326 3727 1379 ἀλλοδα-

476 1422 607 1483 παῖς
634 1419 1027 1489 διατρίϐοντας,
1062 1418 1156 1481 οὓς
1185 1420 1280 1473 καὶ
1310 1421 1372 1471 τὸ
1398 1420 1498 1489 τῆς
1520 1419 1737 1489 ἡλικίας
1761 1419 2039 1481 ἐπίπονον,
2080 1421 2174 1474 καὶ
2202 1421 2262 1474 τὸ
2295 1422 2391 1490 τῆς
2424 1424 2614 1484 πενίας
2655 1422 2832 1486 ἐνδεὲς
2870 1422 3078 1491 τρύχει,
3115 1421 3212 1492 τὴν
3285 1422 3364 1483 είς
3408 1421 3478 1472 τά
3541 1419 3716 1471 οίκεῖα

473 1514 806 1583 ἀνακομιδὴν
834 1514 1024 1585 ῥᾳδίαν
1068 1512 1420 1583 ποιήσασθαι,
1477 1513 1565 1567 ἶνα
1616 1515 1690 1586 μὴ
1730 1515 1924 1586 ἔρημοι
1984 1514 2094 1568 τῶν
2150 1516 2463 1568 ἐπισκόπων
2516 1519 2571 1569 at
2606 1516 2921 1586 Ἐκκλησίαι
2958 1514 3304 1584 διαμένωσιν.
3351 1513 3471 1564 Ἔτι
3502 1511 3559 1563 δέ
3592 1510 3728 1581 πρὸς

474 1608 643 1660 ἅπασι
676 1606 953 1659 καὶτοῦτο
977 1605 1229 1675 δεόμεθα,
1266 1605 1354 1659 ἵνα
1382 1608 1519 1676 μήτε
1552 1606 1775 1679 ἐλλείπῃ
1812 1625 1866 1659 τι
1912 1607 2021 1659 τῶν
2056 1606 2545 1677 προϋπαρξάντων,
2572 1609 2710 1677 μήτε
2759 1607 3048 1676 πλεονάζη
3070 1605 3206 1659 ἀλλά
3247 1604 3424 1658 πάντα
3472 1604 3725 1676 ἀρρηκτα

469 1698 699 1769 διαμένῃ
728 1699 793 1751 ἐκ
823 1698 924 1765 τῆς
956 1696 1050 1750 τοῦ
1117 1695 1212 1749 σοῦ
1256 1697 1464 1767 πατρὸς
1502 1697 1804 1760 εὐσεϐείας,
1852 1698 1945 1749 καὶ
1995 1698 2075 1759 είς
2112 1696 2203 1749 τὸν
2249 1695 2344 1749 νῦν
2384 1698 2572 1767 χρόνον
2604 1696 3092 1765 διαφυλαττόμενα.
3166 1695 3317 1762 Μήτι
3350 1692 3535 1745 λοιπὸν
3574 1692 3723 1760 ἡμᾶς

472 1789 714 1858 μοχθεῖν,
744 1790 837 1841 καὶ¹
875 1788 1031 1851 ἐκτὸς
1078 1788 1185 1841 τῶν
1212 1789 1358 1841 ἰδίων
1380 1800 1403 1828 θ
1422 1790 1727 1860 παροικιῶν
1760 1789 2110 1859 ἐπιτρέψειας
2135 1788 2417 1856 γενέσθαι·
2448 1789 2563 1842 ἀλλ’
2598 1788 2684 1841 ἵνα
2706 1790 2754 1842 ot
2784 1790 3070 1843 ἐπίσκοποι
3107 1788 3205 1839 σὺν
3238 1790 3349 1849 τοῖς
3395 1786 3546 1846 ἰδίοις
3576 1783 3726 1845 λαοῖς

472 1882 829 1952 μετέἱρήνης
858 1882 939 1943 εἰς
954 1880 1118 1949 εὐχάς
1156 1897 1216 1932 τε
1244 1882 1339 1933 καὶ
1381 1880 1637 1950 λατρείας
1667 1881 1862 1950 σχολὴν
1913 1880 2118 1947 ἄγοιεν,
2161 1879 2507 1944 ἱκετεύοντες
2541 1880 2683 1950 ὑπὲρ
2720 1882 2819 1949 τῆς
2858 1880 2957 1946 σῆς
2996 1878 3269 1947 σωτηρίας
3324 1879 3417 1930 καὶ
3444 1875 3724 1946 βασιλείας

468 1974 561 2026 καὶ
583 1975 822 2043 εἰρήνης,
850 1974 967 2043 ἢνή
996 1972 1220 2042 Θειότης
1247 1990 1329 2026 σοι
1356 1975 1435 2037 είς
1458 1974 1518 2026 τὸ
1548 1975 1796 2043 διηνεκὲς
1826 1978 2113 2045 χαριεῖται.
2145 1975 2209 2026 υἱ
2238 1974 2292 2026 δὲ
2337 1975 2598 2045 ἡμέτεροι
2660 1972 2919 2044 πρέσϐεις
2956 1972 3053 2034 τὰς
3104 1972 3449 2041 ὑπογραφάς,
3507 1970 3600 2022 καὶ
3624 1970 3723 2030 τάς

465 2066 573 2119 τῶν
607 2068 918 2118 ἐπισκόπων
948 2064 1319 2135 προσηγορίας
1376 2066 1692 2136 κομίζουσιν
1717 2084 1730 2096 ο
1758 2068 1952 2131 οἵτινες
1985 2068 2077 2120 καὶ
2114 2068 2175 2132 ἐξ
2207 2067 2385 2121 αὐτῶν
2430 2066 2541 2118 τῶν
2568 2065 2728 2118 θείων
2774 2063 3005 2134 Γραφῶν
3054 2061 3153 2131 τὴν
3193 2062 3292 2129 σὴν
3347 2059 3722 2124 άναδιδάξουσι

468 2160 721 2227 θειότητα
745 2157 879 2226 (49).

535 2250 722 2303 Ταῦτα
749 2249 846 2318 μὲν
872 2244 1014 2318 οὖνὴ
1032 2246 1248 2311 σύνοδος
1271 2248 1496 2318 ἔγραψε,
1522 2251 1615 2302 καὶ
1632 2251 1700 2303 δι’
1722 2251 2038 2304 ἐπισκόπων
2070 2260 2111 2313 Β
2212 2248 2321 2301 Hau

1932 2270 2038 2304 πων
2070 2260 2111 2313 Β
2212 2248 2335 2301 "illc
2378 2261 2409 2299 a
2449 2244 2687 2299 concilio
2733 2242 2957 2311 scripta,
2984 2248 3040 2294 et
3084 2255 3182 2308 per
3226 2239 3513 2307 episcopos
3558 2240 3718 2292 missa

471 2341 811 2393 ἀπέστειλεν.
834 2341 897 2391 Ut
936 2340 1119 2409 μέντοι
1146 2356 1210 2390 πε
1223 2341 1274 2409 ρ“ι
1304 2340 1611 2409 Ούρσάκιον
1637 2343 1729 2394 καὶ
1758 2343 2035 2396 Οὐάλεντα
2137 2336 2257 2390 fuer

1937 2361 2035 2395 ντα
2137 2336 2309 2390 fuere.
2340 2336 2541 2389 Verum
2590 2332 2848 2388 Ursacius
2893 2340 2949 2383 et
2991 2330 3190 2383 Valens
3243 2344 3367 2382 cum
3424 2328 3718 2383 adventum

466 2432 773 2500 φθάσαντες
823 2430 921 2501 τὴν
951 2432 1156 2483 τούτων
1200 2431 1405 2500 ἄφιξιν,
1451 2432 1899 2503 προδιαϐάλλουσι
1940 2436 2036 2504 μὲν
2138 2428 2252 2483 illo:

1940 2436 2036 2504 μὲν
2138 2428 2355 2483 illorum
2382 2426 2811 2497 pratvertissent,
2841 2422 3134 2476 concilium
3165 2421 3341 2491 ipsum
3372 2422 3513 2490 apud
3542 2422 3716 2490 impe-

462 2525 562 2592 τὴν
609 2523 844 2587 σύνοδον,
877 2522 1246 2587 ἐπιδείξαντες
1284 2526 1350 2594 ἢν
1376 2526 1767 2595 ἐπεκομίζοντο
1800 2526 2036 2589 πίστεως
2137 2529 2248 2575 raw

1933 2544 2036 2589 εως
2137 2529 2375 2575 ratorem
2422 2517 2699 2572 criminati
2742 2522 2891 2577 sunt,
2921 2522 3139 2567 ostensa
3186 2513 3264 2566 illi
3311 2512 3437 2567 fidei
3486 2513 3718 2565 formula

2133 2623 2298 2678 quam
2326 2621 2513 2660 secum
2543 2604 2862 2659 attulerant.
2897 2603 3198 2671 Imperator
3225 2617 3379 2665 vero,
3409 2602 3566 2670 cujus
3598 2601 3717 2654 ani—

2136 2718 2284 2756 mum
2322 2699 2649 2771 jampridem
2693 2704 3057 2766 occupaverat
3092 2694 3291 2749 Ariana
3333 2695 3582 2764 perﬁdia,
3618 2693 3716 2748 ad—

2134 2807 2332 2847 versus
2378 2790 2646 2861 synodum
2702 2797 3011 2843 commotus
3051 2796 3136 2841 est
3168 2806 3179 2838 :
3210 2787 3489 2841 Valentem
3534 2795 3716 2841 autem

2135 2893 2191 2939 et
2236 2884 2522 2940 Ursacium
2555 2882 2744 2936 multis
2776 2881 3082 2935 honoribus
3113 2879 3314 2933 all‘ecit.
3352 2879 3587 2934 Proinde
3622 2882 3718 2949 qui

2136 2996 2166 3034 a
2190 2978 2399 3049 synodo
2425 2978 2576 3031 missi
2611 2975 2827 3029 fuerant
2851 2974 3115 3043 episcopi,
3145 2973 3237 3027 diu
3272 2973 3381 3026 illic
3418 2972 3717 3035 bzeserunt,

2136 3084 2258 3123 cum
2290 3068 2500 3120 nullum
2528 3067 2662 3135 ipsis
2687 3080 3008 3134 responsum
3034 3064 3279 3117 daretur.
3313 3061 3555 3115 Tandem
3587 3077 3719 3116 vero

2135 3160 2431 3229 imperator
2476 3175 2573 3227 per
2610 3157 2734 3211 illos
2772 3156 2866 3226 qui
2911 3156 3161 3219 aderant,
3197 3154 3312 3209 haec
3351 3153 3417 3207 ad
3446 3153 3717 3223 synodum

2134 3251 2415 3321 rescripsit
2460 3267 2471 3301 :

463 2614 698 2667 ἔκδοσιν.
750 2615 806 2667 Ὀ
841 2613 1093 2683 βασιλεὺς
1122 2613 1180 2665 δὲ
1214 2614 1278 2665 ἐκ
1321 2614 1645 2684 προλήψεως
1677 2619 1744 2686 τῇ
1783 2617 2034 2689 Ἀρειανῇ

460 2705 1025 2776 δόξῃιπροσκείμενος,
1054 2704 1353 2773 ἠγανάκτει
1372 2705 1474 2774 μὲν
1498 2705 1640 2759 κατὰ
1657 2706 1754 2777 τῆς
1780 2709 1999 2761 συνόδου
2018 2727 2030 2740 ·

460 2798 587 2859 τοὺς
614 2796 671 2849 δὲ
702 2797 830 2866 περὶ
860 2796 1137 2849 Οὐάλεντα
1166 2796 1261 2849 καὶ
1290 2797 1597 2867 Οὑρσάκιον
1629 2797 1719 2850 διὰ
1746 2800 1913 2869 τιμῆς
1933 2795 2033 2872 ἦγε

460 2887 682 2955 πολλῆς.
702 2888 794 2939 Διὸ
823 2889 871 2939 oi
904 2889 1010 2939 ἀπὸ
1033 2888 1129 2956 τῆς
1149 2888 1367 2941 συνόδου
1386 2888 2032 2964 πεμφθέντεςὲχρόνιζον,

459 2980 807 3049 ἀποκρίσεως
839 2982 903 3033 οὐ
954 2982 1333 3050 τυγχάνοντες.
1398 2982 1525 3049 Ὀψέ
1570 2983 1630 3035 δέ
1675 3000 1807 3037 ποτε
1857 2987 2034 3039 τοιάδε

458 3073 597 3143 πρὸς
625 3073 723 3143 τὴν
770 3073 989 3127 σύνοδον
1016 3074 1103 3127 διὰ
1151 3073 1260 3126 τῶν
1314 3074 1599 3145 παρόντων
1628 3075 1971 3148 ἀντέγραψεν
2007 3081 2035 3130 ό

458 3164 710 3233 βασιλεύς
747 3180 761 3195 ·

456 3382 887 3450 Κωνστάντιος,
912 3382 1164 3454 νικητὴς
1186 3382 1298 3450 (50)
1339 3385 1437 3439 καὶ
1470 3384 1882 3454 θριαμϐευτὴς,
1924 3386 2033 3438 Αὕ-

524 3469 814 3521 γουστος.
862 3453 1014 3508 πᾶσι
1051 3454 1173 3520 τοῖς
1232 3454 1302 3508 ἐν
1358 3453 1629 3524 Ἀριμίνφ
1675 3456 2033 3521 ἐπισκόποις

523 3524 956 3578 συνελθοῦσιν.

2133 3384 2493 3445 Constantius,
2532 3384 2696 3436 victor
2744 3392 2793 3434 et
2849 3381 3225 3503 trinngihator,
3267 3380 3554 3449 Augustus,
3596 3379 3716 3431 uni-

2202 3456 2364 3503 uersis
2420 3454 2671 3503 episcopis
2735 3453 2826 3503 aui
2887 3468 2991 3503 anu
3088 3451 3389 3503 Ariminum
3455 3465 3713 3501 convene-

2202 3456 2364 3509 versis
2420 3454 2671 3523 episcopis
2735 3453 2826 3521 qui
2887 3451 3029 3521 apud
3088 3451 3389 3504 Ariminum
3455 3465 3713 3501 convene-

2204 3534 2347 3579 runt.

536 3616 649 3666 Ἀεὶ
678 3616 777 3685 μὲν
809 3616 1230 3687 προηγουμένην
1264 3617 1409 3688 ἔχειν
1437 3620 1585 3688 ἡμᾶς
1614 3618 1875 3691 φροντίδα
1902 3620 2027 3689 περὶ
2055 3603 2097 3659 C
2200 3617 2322 3670 Prw

1926 3620 2027 3689 περὶ
2055 3603 2097 3659 C
2200 3616 2537 3683 Prmcipuam
2577 3628 2679 3668 nos
2719 3627 2937 3681 semper
2980 3626 3168 3665 curam
3198 3625 3393 3679 gerere
3424 3609 3624 3664 divina:
3651 3626 3712 3665 ac

451 3705 545 3758 τοῦ
576 3705 720 3758 θείου
756 3707 850 3758 καὶ
897 3707 1277 3777 προσκυνητοῦ
1313 3709 1501 3778 νόμου,
1555 3710 1678 3762 οὐδὲ
1708 3712 1741 3779 ἡ
1787 3711 2024 3779 ὑμετέρα

451 3799 756 3868 χρηστότης
790 3798 998 3866 ἀγνοεῖ.
1038 3798 1202 3851 Ἀλλά
1227 3798 1324 3851 νῦν
1352 3800 1480 3861 τοὺς
1502 3800 1610 3852 ἀπὺ
1632 3800 1732 3869 τῆς
1759 3802 2026 3862 συνέσεως

452 3889 607 3959 ὑμῶν
623 3890 1025 3952 ἀποσταλέντας
1040 3889 1212 3942 εῐκοσι
1235 3890 1572 3954 ἐπισκόπους
1598 3889 2023 3960 άναδεξαμένους

451 3980 548 4050 τὴν
594 3983 724 4051 παρ’
774 3980 930 4050 ὑμῶν
987 3980 1305 4051 πρεσϐείαν,
1353 3982 1492 4045 τέως
1534 3982 1636 4035 οὐκ
1674 3981 2022 4052 ἠδυνήθημεν

456 4072 601 4124 ἰδεῖν.
647 4072 944 4140 Ἀναγκαία
987 4072 1097 4143 γὰρ
1118 4074 1250 4143 ἡμῖν
1299 4074 1332 4142 ή
1378 4073 1514 4144 πρὸς
1555 4075 1681 4136 τοὺς
1717 4074 2025 4145 βαρϐάρους

450 4162 586 4225 ὁδός.
608 4163 715 4216 Καὶ
745 4163 821 4225 ὡς
836 4162 1036 4227 οἴδατε,
1063 4164 1263 4234 πρέπει
1282 4163 1379 4234 τὴν
1404 4164 1582 4235 ψυχὴν
1597 4164 1844 4236 καθαρὰν
1859 4162 2023 4221 οὖσαν

450 4252 557 4305 ἀπὸ
578 4244 758 4321 πάσης
781 4252 1083 4325 φροντίδος,
1109 4253 1179 4306 τά
1200 4253 1328 4322 περὶ
1350 4252 1443 4306 τοῦ
1467 4252 1613 4307 θείου
1631 4255 1795 4325 νόμου
1822 4256 2022 4325 γυμνά-

448 4341 582 4406 ζειν.
625 4342 929 4413 Τοιγαροῦν
954 4344 1082 4407 τοὺς
1114 4345 1447 4408 ἐπισκόπους
1473 4344 1837 4416 ἐκελεύσαμεν
1859 4348 1916 4399 ἐν
1952 4350 2015 4418 τῇ

460 4435 895 4506 Ἀδριανουπόλει
927 4436 1247 4503 ἐκδέξασθαι
1280 4438 1379 4509 τὴν
1422 4438 1696 4508 ἡμετέραν
1730 4439 2011 4504 ἐπάνοδον,

445 4527 511 4582 ἶν’
537 4527 754 4581 ἐπειδὰν
790 4530 968 4584 πάντα
996 4530 1177 4594 καλῶς
1219 4530 1437 4603 διατεθῇ
1487 4530 1557 4584 τὰ
1594 4531 1853 4602 δημόσια,
1886 4532 2010 4585 τότε

2132 3707 2464 3761 venerabilis
2493 3706 2646 3774 legis,
2680 3718 2749 3757 ne
2781 3711 2964 3756 vestra
3002 3702 3223 3771 quidem
3262 3703 3525 3756 sanctitas
3565 3703 3710 3773 igno-

2131 3808 2235 3853 rat.
2278 3800 2664 3853 Verumtamen
2703 3796 2895 3866 viginti
2939 3797 3225 3866 episcopos
3271 3812 3301 3850 a
3347 3805 3527 3851 vestra
3576 3813 3710 3866 pru-

2128 3891 2313 3945 dentia
2356 3890 2572 3953 missos,
2605 3888 2697 3958 qui
2740 3888 3064 3958 legationem
3110 3898 3293 3942 vestro
3339 3890 3561 3943 nomine
3608 3890 3710 3943 ob-

2128 3981 2362 4036 eundam
2410 3988 2802 4048 susceperunt,
2850 3979 3114 4033 hactenus
3162 3979 3324 4032 nobis
3364 3979 3549 4034 videre
3598 3996 3708 4033 non

2128 4075 2302 4128 licuit.
2344 4074 2513 4144 Urget
2550 4072 2697 4126 enim
2740 4087 2840 4125 nos
2886 4071 3161 4140 expeditio
3203 4071 3467 4127 adversus
3514 4072 3707 4127 barba-

2129 4183 2219 4221 ros
2246 4185 2257 4219 :
2291 4175 2347 4221 ct
2377 4165 2835 4235 quemadmodum
2872 4165 3065 4227 nostis,
3093 4165 3275 4219 animo
3304 4164 3371 4218 ab
3401 4166 3550 4219 omni
3576 4183 3706 4220 cura

2125 4275 2189 4314 ac
2234 4257 2605 4313 sollicitudine
2678 4271 2851 4311 vacuo
2897 4256 3096 4311 divina:
3148 4257 3281 4328 legis
3326 4258 3542 4327 negotia
3592 4268 3705 4312 tra—

2124 4350 2321 4403 ctanda
2370 4358 2515 4403 sunt.
2566 4347 2932 4415 Quamobrem
2980 4349 3253 4419 episcopis
3303 4349 3703 4412 mandavimus,

2119 4452 2181 4496 ut
2253 4442 2493 4496 reditum
2570 4449 2822 4495 nostrum
2887 4441 3236 4511 Adrianopoli
3288 4449 3701 4511 exspectarent;

2117 4542 2179 4587 ut
2222 4542 2507 4603 postquam
2552 4549 2617 4589 ea
2661 4548 2783 4603 qua:
2830 4532 2897 4586 ad
2955 4534 3349 4603 rempublicam
3404 4534 3700 4604 pertinent,

1640 4684 1910 4739 VALESII
1951 4686 2498 4742 ANNOTATIONES.

514 4800 625 4869 νῆ)
666 4801 825 4865 Mnes
865 4798 1014 4866 πρὸς
1075 4799 1249 4868 ὕϐριν
1300 4798 1421 4853 τὼν
1469 4801 2010 4865 τετελευτηκότων.

2115 4811 2223 4875 tate
2258 4819 2359 4875 non
2377 4802 2567 4875 solum
2596 4802 2780 4871 ﬁdeles
2816 4805 2999 4875 populi
3024 4807 3319 4875 perturbati
3341 4814 3485 4867 sunt,
3518 4822 3699 4859 verum

443 4867 556 4922 lloc
599 4869 717 4939 loco
760 4869 1011 4923 Graecum
1056 4867 1417 4939 interpretem
1455 4879 1708 4931 secutus,
1758 4870 2012 4924 Latinum
2112 4874 2272 4925 etiam
2304 4871 2539 4939 inﬁdeles
2570 4867 2638 4926 (id
2664 4867 3033 4927 credulitatem
3062 4886 3307 4929 vetantur
3338 4876 3600 4929 accedere.
3629 4876 3699 4931 At

441 4938 715 5009 exemplar
735 4939 900 5007 hujus
915 4940 1159 5009 epistola:
1177 4938 1412 4993 correxi.
1429 4939 1562 4993 Nam
1583 4941 1639 4993 in
1680 4940 1925 5009 fragmen
1938 4941 2007 4995 tis

444 5007 642 5080 Hilarii.
664 5009 827 5076 vulgo
848 5007 1133 5063 hic'locus
1168 5010 1241 5063 ita
1270 5010 1470 5079 legitur
1498 5026 1524 5080 _:7
1558 5009 1635 5063 Ne
1683 5007 2011 5080 velpermit—

440 5076 822 5151 tmrlementia
846 5086 937 5131 tua
957 5080 1089 5148 jura
1112 5087 1295 5151 uetera
1312 5076 1583 5151 conuelli:
1604 5080 1710 5151 Sed
1735 5076 2010 5135 in'manu—

437 5148 644 5217 scripto
667 5148 857 5201 codice
886 5164 1049 5217 quem
1072 5148 1537 5204 videratJacobus
1564 5149 1909 5214 Sirmondus,
1940 5152 2014 5205 ita

2113 4942 2335 4996 Grarcus
2358 4942 2649 5016 interpres
2681 4960 2801 5016 pro,
2847 4945 3243 5009 credulitatem,
3269 4947 3427 5016 legit,
3465 4946 3696 5000 crudeli—

2116 5021 2299 5085 tatem,
2327 5014 2469 5085 sicut
2514 5029 2580 5067 ex
2609 5015 2864 5085 versione
2888 5017 3008 5083 ejus
3037 5028 3283 5085 apparet.

2188 5083 2297 5153 (49)
2324 5083 2459 5153 Thr
2504 5085 2629 5149 σὴν
2675 5083 3442 5153 ἀνιιδιδάξουοίίθειότητα.
3499 5086 3697 5140 Melius

2117 5152 2260 5231 apud
2306 5152 2664 5231 Athanasium
2695 5155 2957 5231 scribitur
2988 5152 3401 5231 ἀναδιδάξουσιν
3420 5157 3691 5231 ὁσιότητα.

434 5212 748 5295 legebatur:
791 5212 1001 5296 Nc'vel
1046 5219 1565 5296 aliquid-permittat
1608 5212 2011 5296 clementiatua
2046 5212 2088 5266 Ι)
2115 5212 2304 5296 Neque
2351 5224 2833 5296 enimhprobabile
2886 5235 2968 5279 est
3015 5212 3305 5296 episcopos
3349 5212 3695 5281 divinitatem

433 5282 691 5352 injuriam
717 5294 951 5340 veterum
982 5282 1221 5343 convelli.
1250 5282 1403 5344 Unde
1449 5306 1549 5344 nos
1576 5307 1760 5346 veram
1808 5292 2004 5347 lectio-

436 5364 562 5405 nam
591 5353 803 5410 odorati
831 5374 1040 5413 sumus.

474 5422 614 5501 _(4§)
663 5426 790 5491 Τοῖς
846 5428 915 5479 δὲ
944 5429 1377 5501 Ᾱάπιστήσασιν
1412 5430 1703 5498 ὠμότητα.
1748 5431 2001 5487 Graviter

431 5490 523 5545 hic
571 5490 877 5568 lapsus’est
929 5490 1501 5568 Graecus'intcrprcs.
1551 5490 1805 5555 Latinum
1854 5503 2001 5556 enim

430 5565 706 5632 exemplar
742 5567 905 5638 hujus
925 5570 1167 5638 epistola:
1196 5570 1274 5625 sic
1305 5565 1469 5625 habet
1497 5590 1508 5624 :
1546 5570 1683 5637 Quia
1716 5574 1821 5627 ista
1850 5576 2002 5627 novi-

2112 5294 2466 5361 imperatoris
2496 5294 2721 5349 dixisse.

2184 5364 2292 5434 (50)
2330 5364 2744 5430 Κωνστὰντιος
2773 5364 3045 5431 νικητὴς.
3088 5366 3213 5422 Haec
3259 5366 3493 5435 epistola
3546 5367 3694 5421 Con-

2109 5435 2317 5496 stantii,
2347 5450 2454 5488 una
2501 5451 2624 5489 cum
2659 5436 3016 5503 responsione
3050 5437 3436 5506 episcoporum
3481 5437 3694 5491 Arimi-

2110 5506 2369 5577 nensium
2391 5516 2567 5561 exstat
2599 5506 2744 5575 apud
2780 5506 3140 5561 Athanasium
3163 5507 3218 5561 in
3246 5506 3389 5560 libro
3412 5508 3486 5559 De
3528 5523 3692 5577 syno-

2111 5574 2197 5629 dis
2218 5575 2321 5629 sub
2344 5576 2528 5629 linem.

1873 5730 1960 5783 VA
1969 5729 2253 5785 RIORUM.

505 5850 526 5922 ξ
575 5841 678 5892 Καὶ
718 5842 891 5924 sui;
941 5842 1056 5896 τῶν
1096 5844 1295 5923 idiota
1348 5844 1627 5901 Athanasii
1674 5845 1844 5899 editio
1918 5842 2197 5899 Bcnedict.
2275 5844 2285 5895 l

979 5842 1056 5895 ὧν
1096 5844 1295 5923 idiota
1348 5844 1627 5901 Athanasii
1674 5845 1844 5899 editio
1918 5842 2197 5899 Bcnedict.
2275 5844 2456 5899 habet.
2511 5848 2597 5900 κα.ἴ
2662 5848 2765 5901 τῶν

430 5911 609 5978 τρῖψις
652 5929 799 5978 επιτι

782 5914 1000 5983 ρέψειας
1050 5916 1161 5981 γίνε
1176 5918 1311 5968 301:.

2819 5850 3032 5903 οἰκείων
3078 5853 3451 5924 παροικήσεων
3522 5852 3677 5907 dno-
