4524 6582
809 432 916 517 3:9

2258 475 2595 532 SOCRATIS

3967 485 4070 540 3'20

809 596 960 643 recte
1001 587 1206 642 fuerint
1244 588 1560 653 constituta,
1587 597 1719 643 tunc
1762 589 1985 645 demum
2019 606 2141 661 quae
2176 593 2247 648 ab
2282 594 2391 649 illis
2420 602 2463 656 Α
2493 594 2595 648 λοιι

2283 594 2391 649 illis
2420 602 2463 656 Α
2493 594 2677 649 λοιπὸν
2714 594 2860 668 ἅπερ
2890 594 3312 662 ὑποϐάλλουσιν,
3361 593 3592 650 ἀκούσαι
3640 599 3731 651 καὶ
3775 598 4069 669 δοκιμάσαι

809 688 1063 751 suggesta
1093 679 1322 742 fuerint,
1348 681 1540 736 audire
1565 690 1728 751 atque
1753 683 2064 753 expendere
2089 685 2386 741 valeamus.

811 771 1038 827 Interim
1074 788 1208 828 vero
1229 788 1572 843 nequaquam
1595 774 1883 829 molestum
1901 775 1973 830 sit
1991 784 2185 832 vestra:
2209 778 2390 848 gravi-

810 863 948 927 tati,
993 878 1187 918 eorum
1233 864 1471 919 reditum
1521 865 1857 934 prmstolari,
1908 875 1971 921 ut
2011 883 2136 922 cum
2185 868 2389 923 reversi

809 956 1016 1010 fuerint
1048 964 1234 1011 nostra
1269 956 1338 1011 ad
1379 972 1478 1011 vos
1522 973 1783 1027 responsa
1821 959 2142 1023 referentes,
2167 975 2232 1015 ea
2269 977 2392 1031 qua:

808 1049 877 1104 ad
936 1050 1231 1105 utilitatem
1286 1050 1546 1106 Ecclesiae
1602 1052 1883 1107 catholica:
1945 1053 2256 1123 pertinent,
2320 1054 2391 1109 ad

809 1142 1020 1197 exitum
1060 1142 1365 1212 perducere
1406 1144 1647 1213 possitis.

882 1235 990 1289 llas
1028 1236 1240 1290 litteras
1272 1251 1399 1290 cum
1443 1237 1785 1308 accepissent
1823 1237 2091 1310 episcopi,
2138 1238 2198 1294 in
2239 1238 2390 1294 hunc

812 1324 1037 1379 modum
1062 1325 1467 1396 rescripserunt
1494 1344 1508 1380 :

885 1416 1041 1487 143
1068 1435 1087 1467 ι
1107 1415 1662 1488 Accepimuslitteras
1691 1419 1995 1476 clementiae
2021 1428 2148 1486 tuaz,
2169 1419 2391 1475 domine

813 1510 1135 1579 imperator,
1158 1511 1272 1566 Deo
1300 1511 1639 1575 charissime,
1662 1513 1864 1583 quibus
1892 1513 2168 1583 signiﬁcas
2198 1513 2271 1566 ob
2290 1528 2392 1583 pu-

813 1600 1085 1657 blicorum
1111 1604 1459 1674 negotiorum
1477 1606 1860 1659 necessitatem
1892 1606 1991 1659 tibi
2036 1620 2147 1659 non
2168 1605 2390 1659 licuisse

812 1694 1078 1750 hactenus
1105 1696 1314 1766 legatos
1355 1705 1576 1752 nostros
1611 1697 1677 1751 ad
1719 1704 2077 1767 conspectum
2111 1703 2268 1751 tuum
2295 1696 2392 1751 ad-

812 1785 1069 1853 mittere;
1085 1787 1355 1858 jubesque
1389 1796 1452 1843 ut
1479 1803 1674 1844 eorum
1698 1789 1938 1844 reditum
1966 1804 2035 1844 eo
2063 1805 2243 1860 usque
2290 1805 2390 1844 ex-

811 1884 1144 1947 spectemus,
1163 1878 1339 1934 donec
1367 1879 1543 1950 pietas
1577 1886 1671 1934 tua
1700 1895 1798 1950 per
1827 1880 1952 1935 illos
1981 1881 2302 1952 cognoverit
2323 1897 2388 1936 ea

2490 686 2832 758 δυνηθῶμεν.
2878 688 2958 759 Τῇ
3009 686 3195 759 μέντοι
3244 686 3562 757 στερρότητι
3606 686 3762 758 ὐμῶν
3801 688 3876 760 μὴ
3931 687 4069 761 βαρὺ

2491 775 2788 846 φαινέσθω,
2822 777 2964 832 ὥστε
2987 775 3310 844 ἐκδέξασθαι
3344 777 3444 849 τὴν
3467 777 3650 831 αὐτῶν
3683 779 3963 843 ἐπάνοδον,
4002 782 4069 834 ἵν’

2489 867 2711 922 ἐπειδάν
2760 869 3104 924 ἐπανέλθωσι
3142 870 3461 941 κομίζοντες
3491 870 3622 940 ύμῖν
3665 868 3765 932 τὰς
3794 870 4071 940 ἡμετέρας

2488 959 2833 1030 ἀποκρίσεις,
2863 960 3128 1035 δυνηθῆτε
3154 964 3233 1026 εἰς
3256 961 3430 1033 πέρας
3460 961 3690 1028 ἀγαγεῖν
3717 960 3787 1015 τά
3811 960 3949 1033 πρὸς
3972 960 4070 1033 τὴν

2489 1050 2828 1107 λυσιτέλειαν
2846 1055 3119 1126 ἀνήκοντα
3148 1057 3216 1127 τῇ
3248 1054 3514 1125 καθολικῇ
3550 1053 3865 1125 Ἐκκλησία.

2564 1236 2751 1291 Ταῦτα
2774 1235 3059 1306 δεξάμενοι
3088 1237 3158 1291 τά
3183 1235 3491 1308 γράμματα
3518 1236 3569 1290 οἱ
3597 1234 3890 1290 ἐπίσκοποι
3912 1229 4070 1300 αὖθις

2486 1330 2714 1386 τοιαῦτα
2746 1329 3091 1400 ἀπέγραψαν
3127 1328 3147 1368 ί
3183 1346 3198 1360 ο

2568 1444 2587 1476 ι
2613 1423 2695 1478 Τά
2712 1422 3018 1495 γράμματα
3038 1422 3137 1494 τῆς
3161 1420 3263 1491 σῆς
3298 1418 3716 1492 φιλανθρωπίας
3741 1422 4066 1494 ἐδεξάμεθα,

2488 1517 2650 1589 κύριε
2696 1515 3080 1584 θεοφιλέστατε
3114 1515 3362 1586 βασιλεῦ,
3389 1515 3460 1570 τά
3493 1517 3820 1588 περιέχοντα
3844 1517 3933 1571 διά
3971 1516 4069 1588 τὴν

2493 1609 2605 1663 τῶν
2638 1608 2915 1679 δημοσίων
2951 1608 3217 1676 ἀνάγκην,
3246 1607 3384 1671 τέως
3412 1609 3487 1681 μὴ
3516 1608 3837 1678 δεδυνῆσθαί
3862 1626 3921 1662 σε
3944 1611 4070 1672 τοὺς

2488 1699 2794 1772 ἡμετέρους
2850 1697 3113 1770 πρέσϐεις
3166 1696 3476 1769 θεωρῆσαι·
3517 1699 3664 1768 ἡμᾶς
3717 1698 3774 1751 δὲ
3826 1697 4070 1761 κελεύεις

2489 1789 2813 1858 ἐκδέξασθαι
2839 1788 2939 1861 τὴν
2959 1788 3140 1842 αὐτῶν
3158 1788 3437 1853 ἐπάνοδον,
3462 1789 3567 1852 ἕως
3588 1787 3654 1843 ἂν
3677 1787 3746 1842 τά
3765 1789 3894 1860 παρ’
3911 1788 4069 1860 ἡμῶν

2489 1882 2774 1956 ὁρισθέντα
2818 1879 3127 1943 ἀκολούθως
3171 1883 3284 1945 τοῖς
3335 1880 3623 1951 προγόνοις
3655 1879 3812 1951 ήμῶν
3860 1878 4070 1951 ἐπιγνῷ

811 1984 936 2038 qua:
965 1978 1094 2025 sunt
1113 1985 1144 2025 a
1172 1971 1333 2027 nobis
1355 1972 1748 2027 convenienter
1777 1973 2047 2044 majorum
2072 1980 2388 2027 nostrorum
2421 1957 2463 2011 Β
2491 1995 2597 2048 παρ

2282 1988 2388 2026 -ιηιι
2421 1957 2463 2011 Β
2491 1976 2622 2048 παρ’
2649 1972 2826 2028 αὐτῶν
2847 1975 2882 2044 ἡ
2915 1971 2982 2044 σὴ
3004 1971 3283 2026 εὐλάϐεια.
3319 1970 3483 2026 Ἀλλά
3504 1972 3601 2027 καὶ
3625 1970 3723 2026 νῦν
3751 1971 3839 2027 διὰ
3862 1973 4068 2027 τούτων

812 2062 1097 2118 traditioni
1148 2064 1389 2120 decreta.
1425 2066 1537 2121 Nos
1569 2082 1703 2121 vero
1736 2081 1886 2121 nunc
1922 2080 2142 2136 quoque
2161 2064 2389 2136 proﬁte-

813 2169 939 2209 mur
954 2155 1043 2210 his
1063 2156 1264 2211 litteris
1279 2156 1705 2223 etallirmamus,
1728 2158 2045 2213 nullatenus
2068 2172 2170 2212 nos
2199 2172 2230 2211 a
2259 2172 2389 2227 pro-

813 2249 997 2319 posito
1011 2256 1203 2304 nostro
1218 2249 1523 2306 discedere.
1540 2251 1597 2305 ld
1618 2251 1766 2305 enim
1786 2251 1954 2305 etiam
1974 2250 2169 2321 legatis
2187 2248 2393 2304 nostris

814 2341 1213 2397 mandavimus.
1246 2343 1491 2398 Petimus
1519 2351 1703 2398 autem
1738 2350 1801 2397 ut
1834 2343 2051 2413 placido
2092 2358 2159 2397 ac
2194 2356 2391 2397 sereno

813 2435 969 2489 vultu
1011 2443 1125 2490 tum
1164 2434 1456 2505 praisentia
1499 2434 1900 2490 mediocritatis
1949 2440 2151 2490 nostra:
2187 2433 2390 2503 scripta

812 2526 1009 2598 jubeas
1022 2527 1251 2598 perlegi,
1272 2533 1388 2580 tum
1407 2541 1472 2581 ea
1495 2542 1616 2596 qua:
1633 2540 1733 2596 per
1757 2526 1968 2597 legatos
1989 2534 2209 2581 nostros
2234 2540 2391 2579 man-

815 2618 1091 2682 davimus,
1136 2620 1371 2690 benigne
1406 2619 1690 2689 suscipias.
1727 2617 2000 2674 Cmtcrum
2027 2618 2392 2673 mansuetudo

817 2719 915 2765 tua
972 2711 1258 2767 nobiscum
1289 2713 1445 2783 juxta
1488 2711 1766 2782 intelligit,
1806 2719 2047 2781 quantus
2086 2711 2158 2765 sit
2186 2711 2392 2781 ubique

817 2819 1023 2859 maror
1058 2811 1223 2874 atque
1267 2804 1515 2869 tristitia,
1563 2811 1854 2874 propterea
1884 2804 2031 2874 quod
2060 2803 2395 2860 felicissimis

817 2895 1159 2965 temporibus
1179 2895 1287 2951 tuis
1308 2903 1386 2950 tot
1406 2896 1665 2951 Ecclesia:
1688 2896 1963 2966 episcopis
1999 2896 2115 2951 suis
2143 2902 2273 2951 sunt
2298 2896 2395 2951 de-

816 2986 1040 3043 stituta).
1057 2987 1234 3057 Atque
1247 2987 1451 3043 idcirco
1462 2989 1817 3060 obsecramus
1831 2989 2028 3045 iterum
2046 2989 2393 3043 clementiam

818 3091 967 3135 tuam
990 3123 1003 3146 ,
1041 3079 1263 3136 domine
1300 3082 1412 3136 Deo
1448 3082 1770 3137 charissime
1810 3083 2128 3152 imperator,
2165 3090 2231 3137 ut
2266 3089 2395 3137 ante

819 3169 1018 3225 hiemis
1032 3173 1405 3241 asperitatem,
1423 3173 1469 3226 si
1499 3172 1722 3243 quidem
1764 3173 1819 3227 id
1839 3172 2027 3242 pietati
2055 3179 2160 3228 tua:
2177 3173 2397 3243 placue-

819 3263 913 3327 rit,
938 3262 1006 3318 ad
1036 3263 1566 3319 Ecclesias‘nostras
1593 3280 1841 3319 remeare
1869 3280 1971 3319 nos
1993 3264 2220 3335 jubeas:
2260 3280 2395 3335 qua-

820 3361 984 3409 tenus
1027 3355 1389 3424 omnipotenti
1412 3357 1544 3420 Deo,
1574 3364 1631 3410 et
1648 3356 1884 3411 Domino
1902 3372 1969 3412 ac
1987 3356 2268 3412 Servatori
2296 3373 2396 3411 no-

821 3452 939 3498 stro
958 3445 1088 3500 Jesu
1100 3445 1342 3512 Christo,
1367 3447 1507 3502 Filio
1535 3449 1655 3518 ejus
1671 3448 1976 3518 unigenito,
1997 3448 2270 3504 solemnes
2293 3464 2395 3519 pro

821 3533 1057 3604 imperio
1078 3543 1175 3589 tuo
1207 3553 1399 3606 preces
1422 3554 1531 3592 una
1564 3555 1691 3593 cum
1719 3540 1939 3609 p0pulis
1959 3540 2239 3596 celebrare
2269 3556 2397 3611 pos-

821 3625 1012 3690 simus,
1038 3627 1181 3683 sicut
1204 3637 1261 3683 et
1297 3637 1457 3683 antea
1482 3645 1699 3701 semper
1723 3629 1974 3696 fecimus,
2014 3638 2072 3685 et
2098 3646 2247 3686 nunc
2268 3647 2395 3687 eum

821 3718 1057 3773 maxime
1079 3720 1259 3775 facere
1295 3729 1565 3791 Optamus.
1591 3741 1610 3773 ι

893 3810 991 3865 His
1019 3811 1221 3868 litteris
1246 3813 1485 3883 scriptis,
1519 3828 1645 3868 cum
1688 3812 2090 3884 aliquantulum
2132 3816 2399 3885 temporis

822 3902 1221 3967 substitissent,
1243 3913 1299 3959 et
1334 3904 1633 3975 imperator
1664 3905 1875 3959 nullum
1912 3904 2046 3975 ipsis
2073 3920 2395 3976 responsum

824 3995 1014 4059 daret,
1067 3994 1267 4064 singuli
1322 3994 1390 4049 ad
1454 3995 1709 4050 civitates
1762 4010 1891 4049 suas
1952 3994 2260 4049 redierunt.
2327 3994 2398 4049 At

824 4086 1125 4157 imperator
1153 4088 1263 4158 jam
1294 4087 1517 4158 quidem
1581 4096 1740 4142 antea
1791 4086 1847 4140 in
1907 4087 2091 4141 animo
2137 4086 2395 4152 habebat,

824 4179 1139 4250 opinionem
1186 4180 1302 4234 Arii
1331 4195 1430 4251 per
1462 4194 1655 4235 omnes
1695 4179 1969 4235 Ecclesias
2006 4179 2394 4248 disseminare;

825 4282 942 4330 tum
969 4290 1102 4330 vero
1140 4275 1375 4329 maxime
1415 4273 1645 4329 studens
1681 4273 1736 4327 id
1779 4272 2066 4343 perﬁcere,
2103 4281 2167 4328 ut
2195 4274 2286 4328 illa
2310 4289 2399 4329 re-

823 4366 993 4439 liquis
1036 4367 1294 4422 omnibus
1339 4366 1696 4437 praevaleret,
1744 4365 2049 4420 discessum
2109 4364 2398 4436 episcopo-

825 4473 947 4512 rum
1004 4457 1391 4513 contumeliam
1453 4472 1608 4511 suam
1658 4456 2049 4525 interpretatus
2104 4464 2222 4511 est:
2270 4471 2401 4511 con-

825 4554 1094 4618 templum
1120 4547 1322 4602 abillis
1356 4562 1415 4602 se
1444 4562 1563 4602 esse
1590 4546 1802 4610 dicens,
1825 4562 1893 4600 eo
1915 4547 2062 4616 quod
2088 4554 2288 4616 preter
2313 4548 2398 4617 ip-

2489 2066 2598 2120 τῶν
2644 2064 2992 2137 γραμμάτων
3034 2061 3407 2133 ὁμολογοῦμεν
3441 2061 3537 2116 καὶ
3584 2061 4066 2133 διαϐεϐαιούμεθα,

2494 2156 2763 2228 μηδαμῶς
2791 2155 2939 2226 ἡμᾶς
2966 2155 3273 2226 ἀναχωρεῖν
3298 2155 3398 2225 τῆς
3431 2155 3711 2226 ἡμετέρας
3735 2154 4067 2226 προθέσεως.

2492 2247 2663 2300 Τοῦτο
2693 2245 2803 2317 γάρ
2832 2245 3071 2308 καὶτοῖς
3116 2242 3414 2315 πρέσϐεσιν
3462 2243 3619 2316 ἡμῶν
3663 2243 4069 2315 ἐνετειλάμεθα.

2502 2337 2786 2409 Ἀξιοῦμεν
2811 2337 3014 2403 τοίνυν,
3039 2337 3188 2400 ὅπως
3206 2335 3482 2409 γαληναίᾳ
3509 2339 3578 2408 τῇ
3607 2338 3872 2408 προσόψει
3898 2337 3969 2391 τά
4010 2354 4069 2390 τε

2489 2429 2586 2484 νῦν
2612 2429 2918 2502 γράμματα
2954 2428 3054 2498 τῆς
3105 2426 3378 2499 ἡμετέρας
3423 2427 3775 2499 μετριότητος
3809 2427 4071 2498 κελεύσης

2490 2522 2925 2594 ἀναγνωσθῆναι.
2949 2521 3112 2576 Ἀλλά
3127 2522 3238 2594 γάρ
3248 2523 3481 2577 κάκεῖνα
3501 2521 3538 2576 ἀ
3550 2520 3641 2576 διά
3653 2520 3762 2575 τῶν
3788 2521 4070 2593 πρέσϐεων

2491 2617 2650 2690 ἡμῶν
2680 2615 3091 2687 ἐνετειλάμιεθα,
3123 2615 3299 2687 ἡδέως
3342 2613 3598 2688 ὑποδέξῃ.
3645 2614 3854 2667 Ἐκεῖνο
3886 2612 4069 2684 μέντοι

2494 2709 2698 2780 συνορᾷ
2718 2707 2850 2779 ’μεθ’
2878 2705 3039 2777 ήμῶν
3068 2706 3164 2759 καὶ
3188 2707 3223 2778 ἡ
3249 2706 3317 2776 σὴ
3351 2705 3652 2777 ἡμερότης.
3680 2705 3782 2773 ὅση
3816 2704 3913 2758 νῦν
3954 2705 4070 2756 ἐστι

2491 2801 2637 2870 λύπη
2672 2800 2767 2854 καὶ
2794 2800 3085 2870 κατήφεια.
3120 2798 3202 2851 ὃτι
3244 2798 3303 2850 ἐν
3328 2800 3444 2861 τοῖς
3486 2798 3598 2860 σοῖς
3632 2794 4071 2867 μακαριωτάτοις

2493 2896 2710 2965 καιροῖς
2757 2889 3019 2945 τοσαῦται
3058 2888 3377 2960 Ἐκκλησίαι
3407 2888 3575 2958 χωρὶς
3590 2886 3909 2940 ἐπισκόπων
3939 2881 4069 2937 είσί.

2492 2986 2605 3039 Καὶ
2617 2983 2705 3038 διά
2732 2982 2894 3037 τοῦτο
2922 2980 3087 3036 πάλιν
3106 2981 3207 3052 τὴν
3230 2979 3330 3050 σὴν
3353 2976 3765 3049 φιλανθρωπίαν
3789 2973 4071 3044 ἀξιοῦμεν,

2492 3076 2652 3145 κύριε
2677 3071 3061 3141 θεοφιλέστατε
3096 3067 3340 3140 βασιλεῦ,
3361 3068 3510 3130 ὅπως
3534 3066 3640 3137 πρὸ
3668 3064 3770 3134 τῆς
3796 3062 4071 3135 τραχύτη-

2493 3184 2585 3231 τος
2615 3165 2725 3219 τῶν
2763 3161 3070 3235 χειμώνων,
3125 3161 3283 3230 εἴπερ
3335 3158 3554 3227 ἀρέσειε
3594 3158 3660 3228 τῇ
3698 3158 3763 3227 σῇ
3799 3153 4071 3224 εὐσεϐείᾳ,

2497 3256 2776 3320 κελεύσεις
2810 3255 2958 3325 ἡμᾶς
2988 3255 3068 3313 είς
3096 3250 3196 3315 τάς
3236 3251 3511 3322 ἡμετέρας
3556 3246 3885 3316 Ἐκκλησίας
3908 3246 4072 3299 ἐπαν-

2500 3351 2692 3413 ελθεῖν,
2713 3346 2856 3419 ὑπὲρ
2874 3343 2969 3399 τοῦ
2989 3343 3252 3399 δύνασθαι
3267 3343 3416 3414 ἡμᾶς
3425 3341 3504 3413 τῷ
3518 3342 3918 3410 παντοκράτορι
3931 3336 4069 3407 Θεῷ,

2500 3439 2599 3493 καὶ
2641 3436 2719 3508 τῷ
2742 3435 2990 3507 Δεσπύτῃ
3030 3434 3127 3489 καὶ
3150 3433 3367 3504 Σωτῆρι
3408 3431 3567 3502 ἡμῶν
3610 3430 3787 3497 Ἰησοῦ
3829 3429 4070 3502 Χριστῷ,

2500 3529 2577 3601 τῷ
2598 3528 2712 3601 Υἰῷ
2732 3527 2899 3582 αὐτοῦ
2919 3526 2998 3597 τῷ
3021 3527 3324 3598 μονογενεῖ,
3354 3525 3496 3593 ύπέρ
3524 3524 3623 3593 τῆς
3663 3522 3763 3593 σῆι,
3796 3522 4075 3593 βασιλείας

2500 3622 2599 3686 τὰς
2623 3620 2846 3690 ἐθίμους
2865 3617 3030 3689 εὐχάς
3050 3614 3308 3688 μετὰτῶν
3323 3614 3469 3669 λαῶν
3481 3613 3856 3685 ἀποπληροῦν,
3890 3611 4075 3677 καθὼς

2502 3713 2598 3767 καὶ
2620 3713 2710 3766 ἀεὶ
2749 3710 3150 3780 ἐπετελέσαμεν
3181 3708 3277 3761 καὶ
3307 3705 3404 3761 νῦν
3428 3705 3689 3777 ποιοῦμεν
3713 3704 4019 3776 εὐχόμενοι.
4046 3722 4068 3756 ι

2597 3804 2785 3858 Ταῦτα
2841 3801 3158 3872 γράψαντες
3187 3837 3204 3863 ,
3255 3800 3350 3855 καὶ
3418 3797 3614 3870 μικρὸν
3691 3798 4076 3869 ἐπιμείναντες

2503 3894 2808 3967 χρόνον,ώς
2836 3894 2938 3947 οὐκ
2965 3891 3121 3962 ἠξίου
3150 3892 3350 3954 αὐτοὺς
3377 3892 3406 3944 δ
3426 3889 3682 3960 βασιλεὺς
3708 3888 4075 3959 ἀποκρίσεως,

2503 3988 2645 4042 κατά
2678 3987 2862 4049 πόλεις
2887 3984 2986 4047 τὰς
3002 3982 3211 4037 ἑαυτῶν
3249 3981 3625 4054 ἀνεχώρησαν.
3659 3980 3722 4034 '0
3747 3979 3997 4051 βασιλεὺς
4021 3978 4079 4032 δὲ

2503 4084 2598 4135 καὶ
2624 4080 2725 4152 ἥδη
2761 4080 2859 4151 μὲν
2904 4079 3169 4151 πρότερον
3193 4076 3416 4130 ἐσκόπει
3459 4074 3558 4145 τὴν
3602 4072 3886 4145 ’Δρειανὴν
3922 4070 4079 4137 δόξαν

2501 4177 2625 4239 ταῖς
2663 4173 3011 4245 Ἐκκλησίαις
3056 4170 3489 4241 ἐγκατασπεῖραι
3514 4182 3529 4197 ⁸
3555 4165 3760 4236 ταύτην
3788 4182 3850 4218 τε
3876 4165 4081 4236 κρατή-

2506 4283 2620 4319 σειν
2672 4263 3057 4329 ἐσπουδακὼς,
3109 4260 3382 4332 πρόφασιν
3447 4257 3661 4330 ὕϐρεως
3704 4257 3807 4328 τὴν
3854 4256 4080 4310 ἐκείνων

2505 4360 2740 4411 ποιεῖται
2780 4353 3149 4426 ἀναχώρησιν,
3200 4347 3721 4420 καταπεφρονῆσθαι
3751 4346 3948 4415 λέγων,
3996 4347 4080 4400 ὅτι

2505 4449 2657 4520 παρά
2688 4447 2916 4519 γνώμην
2959 4444 3127 4500 αὐτοῦ
3166 4441 3508 4512 διελύθησαν.
3533 4438 3627 4493 Διὺ
3666 4440 3780 4501 τοῖς
3808 4437 3908 4509 μὲν
3951 4435 4084 4506 περὶ

2505 4541 2583 4596 Οὐ
2592 4540 2837 4613 ρσάκιον,
2854 4540 2958 4593 ὅσα
2980 4538 3168 4600 αὐτοῖς
3193 4534 3365 4589 ἐδόκει
3392 4533 3491 4585 σὺν
3511 4530 3797 4604 παρρησίᾳ
3811 4528 3955 4585 κατά
3972 4527 4082 4582 τῶν

824 4640 941 4695 sius
964 4640 1290 4695 sententiam
1317 4638 1610 4694 concilium
1632 4637 2029 4693 dissolvissent.
2053 4636 2400 4709 Quapropter
2434 4667 2478 4722 Β
2518 4635 2610 4688 Ἐκ

2295 4645 2400 4707 iter
2434 4667 2478 4722 Β
2518 4632 2856 4705 Ἐκκλησιῶν
2889 4630 3149 4703 πράττειν
3179 4624 3474 4722 ἐπέτρεψε..
3510 4624 3623 4692 Τὴν
3643 4621 3704 4722 δέ
3729 4621 3940 4722 ἔκδοσιν
3981 4621 4081 4722 της

825 4730 1051 4786 Ursacio
1074 4747 1138 4786 ac
1153 4731 1365 4785 Valenti
1382 4746 1683 4801 eorumque
1705 4731 1930 4786 asseclis
1950 4731 2168 4802 quidvis
2211 4739 2401 4786 contra
2435 4712 2473 4722 ά
2513 4727 2611 4780 ἀνα

2297 4739 2401 4786 itra
2435 4712 2473 4722 ’⁷
2513 4722 2957 4792 ἀναγνωσθείσης
2987 4721 3047 4773 ἐν
3087 4716 3351 4790 Ἀριμίνῳ
3395 4715 3633 4778 πίστεως
3687 4712 3974 4767 ἐκέλευσεν
4003 4712 4083 4775 είς

828 4821 1102 4878 Ecclesias
1123 4822 1319 4894 agendi
1350 4822 1579 4877 liberam
1611 4830 1937 4892 potestatem
1973 4821 2145 4877 dedit.
2173 4822 2402 4891 Exposi—

829 4916 1036 4971 tionem
1057 4925 1240 4973 autem
1264 4916 1389 4971 ﬁdei
1409 4932 1531 4987 qua:
1553 4917 1694 4971 lecta
1721 4915 1903 4971 fuerat
1921 4914 2178 4981 Arimini,
2209 4915 2278 4970 ad
2300 4916 2402 4970 Ec-

828 5007 1026 5063 clesias
1068 5008 1236 5064 Italia:
1275 5008 1419 5062 mitti
1456 5008 1650 5077 jussit,
1695 5007 1961 5062 mandans
1992 5016 2053 5061 ut
2088 5006 2399 5077 quicunque

831 5101 1181 5157 subscribere
1217 5102 1270 5156 ei
1306 5102 1536 5165 nollent,
1570 5101 1907 5171 pellerentur
1939 5099 2223 5163 Ecclesiis,
2254 5106 2312 5154 et
2346 5100 2402 5153 in

828 5208 1022 5249 eorum
1043 5194 1222 5249 locum
1247 5194 1337 5249 alii
1355 5195 1836 5250 substituerentur.
1857 5192 1927 5247 Et
1944 5192 2153 5262 primus
2173 5192 2399 5260 quidem

2509 4816 2609 4881 τάς
2624 4816 2755 4887 περὶ
2791 4812 3021 4867 Ἰταλίαν
3054 4809 3389 4881 Ἐκκλησίας
3412 4802 3816 4874 ἐκπέμπεσθαι,
3842 4802 4098 4883 προσιτά-ε

2510 4909 2607 4977 ξας
2632 4909 2759 4971 τούς
2782 4905 2858 4978 μὴ
2887 4902 3243 4977 βουλομένους
3284 4899 3624 4972 ὑπογράφειν
3655 4898 3793 4968 αὐτῇ
3822 4894 4086 4960 ἐξεῶσθαι

2505 5002 2615 5056 τῶν
2648 4998 3003 5070 Ἐκκλησιῶν,
3036 4996 3133 5050 καὶ
3161 4996 3239 5057 εἰς
3263 4995 3389 5057 τούς
3414 4992 3614 5055 τόπους
3646 4989 3827 5044 αὐτῶν
3865 4989 4086 5059 ἐτέρους

2508 5091 3012 5149 ἀντικαθίστασθαι.
3046 5086 3162 5142 Καὶ
3199 5085 3417 5157 πρῶτος
3445 5083 3546 5155 μὲν
3597 5080 3855 5152 Λιϐέριος
3902 5076 4016 5149 (51)
4059 5079 4087 5119 ⁸

2506 5190 2535 5242 ὁ
2562 5186 2660 5257 τῆς
2700 5183 2919 5254 Ῥώμης
2946 5181 3243 5243 ἐπίσκοπος
3270 5175 3750 5249 παραιτησάμενος
3795 5171 3980 5243 ἐκείνη
4017 5172 4085 5241 τῇ

2029 5281 2296 5336 VALESII
2334 5273 2882 5350 ANNOTATIONES.
2926 5343 2941 5350 _
3329 5339 3346 5350 _
3388 5338 3423 5350 η
3572 5344 3584 5350 _
3878 5333 3936 5350 Ν
3993 5335 4004 5345 ,
4045 5332 4082 5350 Δ,

905 5351 1016 5447 (ςςι)
1041 5353 1149 5447 ligat
1181 5352 1412 5435 πρῶτος
1440 5353 1868 5447 μένΔΛιϐέριος.
1925 5333 2397 5447 Ὲαιιῖίιῖξῖιίϋο-ξξζ
2418 5333 2443 5334 Ὺ
2501 5333 2691 5447 (333510

2298 5333 2397 5447 ξὶξζ
2418 5333 2443 5334 ’7
2501 5333 2621 5447 ej’uas
2643 5346 2825 5400 locum
2857 5343 3220 5412 subrogatus;
3253 5339 3348 5395 sed
3373 5338 3468 5393 diu
3494 5344 3677 5401 antea,
3707 5351 3853 5392 anno
3875 5333 4084 5390 Christi

832 5421 1030 5494 crates.
1054 5422 1171 5477 Non
1209 5421 1357 5478 enim
1387 5434 1508 5494 post
1550 5421 2260 5494 Ariminensemsynodum
2306 5421 2402 5494 Li-

835 5493 1024 5549 berius
1045 5494 1104 5547 in
1130 5492 1401 5548 exsilium
1414 5495 1614 5549 missus
1636 5503 1722 5549 est
1742 5534 1758 5558 ,
1784 5503 1841 5549 et
1870 5492 2035 5548 Felix‘
2057 5492 2324 5547 diaconus
2350 5492 2407 5546 in

2506 5418 2631 5473 556.

2272 5583 2652 5641 VARIORUM.

915 5659 934 5699 ί
983 5657 1172 5713 Ταῦτα
1201 5656 1511 5726 δεξάμενοι
1543 5656 1616 5711 τὰ
1644 5657 1949 5727 ποὰμματα
1969 5660 2023 5711 οί
2056 5656 2396 5720 ἐπίσκοποι,

2506 5655 2602 5709 sed
2659 5652 2801 5725 stylo
2853 5650 3352 5725 multiim_d_iversa.
3413 5648 3551 5703 Nam
3578 5645 3801 5725 _Latinc
3845 5645 4083 5725 primum

837 5725 1011 5795 αὖθις
1032 5727 1273 5781 τοιαῦτα
1290 5716 1709 5795 ἀντέπραψαὶ
1743 5716 1899 5796 Apud
1923 5728 2209 5789 Athanas.,
2234 5716 2405 5781 ταῦτα
2511 5725 2623 5779 dat:

2300 5716 2405 5780 ῡτά
2511 5725 2645 5796 data
2682 5716 3024 5796 aliamapud
3078 5720 3530 5796 Athanasiumet
3577 5716 3881 5796 Socratem,
3923 5716 4086 5769 aliain

841 5799 1090 5871 ίδέξαντο
1113 5800 1160 5851 οἱ
1188 5797 1494 5871 ἐπίσκοποι.
1523 5799 1879 5871 ἐπαγομένων
1918 5798 2107 5871 τριῶν,
2140 5799 2247 5852 haec
2264 5797 2396 5871 Ερξ-

838 5870 980 5938 δευρὶ
1017 5878 1345 5937 acceperunt,
1379 5868 1539 5922 tribus
1577 5866 1966 5937 refrrentibusf
1989 5869 2237 5937 Sequens
2282 5866 2402 5936 epi-

841 5941 978 5997 stola
1006 5947 1061 5994 et
1098 5939 1240 6009 apud
1278 5938 1672 5995 Theodoritum
1702 5938 1797 5992 lib.
1850 5954 1907 6004 ιι,
1935 5954 2055 6010 cap.
2081 5938 2171 6004 20,
2210 5946 2405 6001 exstat,

2506 5794 2649 5864 apud
2681 5786 3078 5849 Theodoritum
3120 5789 3630 5864 interpretationem
3661 5786 3847 5840 habet.

2581 5876 2606 5912 Β
2647 5864 2925 5930 Λισέριος.
2964 5862 3247 5923 Liberius,
3269 5854 3283 5860 ’
3306 5860 3480 5929 patria
3528 5859 3825 5916 Romanus,
3858 5854 4085 5930 Διεμειί

2516 5936 2680 6000 filius,
2711 5925 2831 6005 post
2862 5925 3146 5990 excessum
3177 5925 3327 5999 Julii;
3366 5931 3419 5985 in
3444 5930 3747 5984 Romanum
3773 5925 4087 5997 pontificem
