4524 6582
447 476 543 532 εει

1443 479 1771 537 HISTORIA
1809 482 2361 544 ECCLESIASTICA.
2402 521 2467 529 ——
2508 491 2636 545 LIB.
2679 492 2741 545 ll.

3603 504 3711 557 ⁸521

448 595 632 648 πίστει
666 576 976 659 συνθέσθαι,
1008 576 1285 666 ἑξόριστος
1318 595 1552 663 γίνεται,
1584 596 1693 649 τῶν
1732 598 1859 667 περὶ
1888 598 2030 669 Οὐρ-
2057 603 2101 660 Α
2132 599 2232 655 Lib

1921 600 2030 669 r59-
2057 603 2101 660 Α
2132 599 2389 657 Liberius
2434 604 2692 660 Romana
2737 604 2891 660 urbis
2934 622 3246 680 episcopus,
3291 626 3417 665 cum
3461 612 3590 670 ﬁdei
3629 615 3707 673 illi

450 686 639 740 σάκιον
665 688 747 750 είς
776 687 869 740 τὸν
920 686 1084 739 τόπον
1113 685 1278 740 αὐτοῦ
1306 689 1767 758 καταστησάντων
1796 688 2025 759 Φίληκα,

446 778 505 841 ὃς
554 776 805 842 διάκονος
854 778 931 832 ὢν
968 777 1069 847 τῆς
1102 779 1161 831 ὲν
1213 777 1398 850 Ῥώμῃ
1442 778 1788 852 Ἐκκλησίας,
1840 778 1933 832 καὶ
1961 782 2027 850 τῇ

459 871 710 941 Ἀρειανῇ
752 869 882 943 δόξῃ
926 869 1039 941 (52)
1089 870 1429 943 προστεθεὶς,
1458 873 1539 935 είς
1578 870 1677 942 τὴν
1723 871 2028 942 ἐπισκοπὴν

448 959 787 1033 προεϐλήθη.
819 961 942 1014 Εἰσὶ
983 960 1040 1015 δὲ
1070 962 1120 1013 οί
1169 960 1463 1029 λέγοντες
1495 961 1578 1014 ὅτι
1615 959 1678 1013 οὐ
1730 958 2029 1029 προσέθετο

448 1054 547 1123 μὲν
586 1055 651 1123 τῇ
687 1054 943 1125 Ἀρειανῇ
973 1052 1122 1127 δόξῃ,
1161 1051 1252 1125 βίᾳ
1277 1053 1333 1106 δὲ
1363 1054 1458 1107 καὶ
1480 1052 1695 1126 ἀνάγκῃ
1722 1052 2029 1122 κεχειροτό-

446 1162 594 1215 νητο.
628 1146 813 1199 Πάντα
846 1146 946 1217 μὲν
968 1141 1059 1199 οὖν
1096 1146 1219 1199 τότε
1244 1145 1315 1199 τά
1348 1144 1489 1200 κατά
1521 1144 1622 1217 τὴν
1662 1144 1816 1200 δύσιν
1848 1162 2028 1200 καινο-

444 1235 757 1308 τομούμενα
784 1237 1033 1309 ταραχὴν
1065 1232 1201 1308 εἶχε,
1228 1237 1339 1292 τῶν
1391 1237 1489 1308 μὲν
1519 1236 1905 1309 ὲξωθουμένων
1934 1239 2028 1293 καὶ

444 1321 930 1404 ἀποστελλομένων
962 1334 1041 1397 είς
1096 1332 1314 1403 ἑξορίαν
1336 1346 1351 1362 ’
1376 1332 1486 1385 τῶν
1517 1333 1574 1386 δὲ
1621 1335 1702 1397 είς
1727 1334 1891 1387 τόπον
1919 1333 2027 1387 τῶν

445 1423 625 1478 αὐτῶν
656 1422 1216 1495 ἀντικαθισταμένων.
1244 1423 1354 1477 Καὶ
1374 1423 1547 1477 ταῦτα
1569 1424 1779 1491 ἐγίνετο
1806 1425 1897 1496 βίᾳ
1932 1426 2027 1478 καὶ

443 1520 553 1573 τῶν
583 1519 879 1590 βασιλικῶν
923 1518 1365 1591 προσταγμάτων
1393 1520 1528 1592 (55),
1556 1519 1701 1591 άπερ
1725 1521 1821 1574 καὶ
1850 1522 1929 1584 είς
1958 1522 2025 1574 τά

442 1612 553 1682 ἑῷα
589 1613 729 1684 μέρη
760 1612 1088 1667 ἀπέσταλτο.
1132 1612 1191 1665 Ὀ
1241 1612 1495 1683 Διϐἑριος
1536 1612 1635 1682 μὲν
1703 1606 1799 1665 οὖν
1830 1613 2025 1683 μικρὸν

444 1703 671 1775 ὕστερον
702 1704 799 1774 τῆς
833 1692 1049 1775 ὲξορίας
1083 1703 1431 1774 ἀνακληθεὶς,
1473 1704 1568 1756 τὸν
1608 1704 1808 1757 οἰκεῖον
1839 1704 2025 1774 θρόνον

441 1796 685 1851 ἀπέλαϐε
712 1798 761 1862 ιι,
786 1795 883 1850 τοῦ
914 1798 972 1850 ὲν
1007 1796 1196 1870 Ῥώμῃ
1220 1784 1353 1850 λαοῦ
1374 1798 1786 1864 στασιάσαντος,
1809 1799 1901 1851 καὶ
1926 1799 2025 1868 τῆς

455 1888 784 1960 Ἐκκλησίας
819 1878 1171 1953 ἑκϐάλλοντος
1205 1889 1296 1943 τὸν
1344 1887 1582 1958 Φίληκα·
1606 1889 1634 1941 ὅ
1662 1904 1721 1941 τε
1770 1887 2023 1959 βασιλεὺς

440 1981 536 2035 καὶ
562 1981 713 2054 παρὰ
750 1979 975 2053 γνώμην
1020 1968 1233 2044 τούτοις
1263 1980 1479 2049 ἐγένετο
1530 1968 1841 2051 σῦμψηφος.
1874 1983 1935 2034 Oi
1966 1980 2021 2033 δὲ

442 2074 573 2147 περὶ
600 2074 907 2144 υΰρσάκιον
926 2074 1027 2144 τῆς
1057 2064 1289 2137 Ἰταλίας
1305 2074 1781 2144 ἀναχωρήσαντες,
1808 2072 1905 2127 καὶ
1930 2073 2021 2126 ἐπὶ

439 2166 503 2218 τὰ
529 2167 820 2221 ἀνατολικὰ
847 2166 1215 2230 διαϐαίνοντες
1246 2166 1411 2239 μέρη,
1434 2154 1589 2219 πόλιν
1649 2158 2018 2237 τῆςθρᾴκης,

439 2259 608 2329 ὄνομα
630 2258 826 2330 Νίκην,
844 2258 1341 2330 καταλαμϐάνουσι·
1366 2259 1559 2331 μικρὸν
1577 2259 1634 2313 δὲ
1652 2261 1742 2312 ὲπι
1750 2259 2025 2328 μείναντες

439 2352 497 2402 ὲν
537 2350 673 2423 αὐτῇ
736 2351 959 2423 χρόνον,
1022 2352 1208 2423 ἕτερον
1270 2350 1549 2406 ποιοῦνται
1605 2354 1663 2406 ὲν
1701 2354 1836 2425 αὐτῇ
1898 2370 2021 2405 συν-

438 2435 615 2515 έδριον
645 2444 757 2516 (54)
781 2461 795 2474 ·
831 2444 926 2498 καὶ
949 2444 1048 2517 τὴν
1074 2446 1512 2515 ἀναγνωσθεῖσαν
1545 2448 1602 2501 ἐν
1634 2436 1896 2518 Ἀριμίνῳ
1918 2432 2020 2517 τῆς

439 2522 673 2599 πίστεως
696 2536 905 2591 ἔκδοσιν
928 2539 1008 2600 είς
1042 2536 1272 2592 Ἑλλάδα
1294 2536 1545 2607 γλῶσσαν
1558 2537 2015 2610 ὲρμηνεύσαντες,

442 2630 563 2685 καθ’
588 2619 652 2684 ὃν
676 2630 935 2703 ἀνωτέρω
965 2631 1277 2703 γέγραπται
1322 2632 1544 2704 τρόπον,
1576 2627 1692 2687 εἶτα
1722 2631 2013 2704 δημοσιεύ-

2131 707 2461 749 consensum
2486 698 2899 753 accommodare
2914 700 3206 769 renuisset,
3230 703 3282 757 in
3311 693 3563 761 exsilium
3586 709 3714 763 mit-

2132 786 2289 851 titur,
2330 787 2507 843 Felice
2535 789 2591 843 in
2630 789 2751 861 ejus
2782 790 2963 845 locum
3006 792 3077 846 ab
3106 781 3419 852 Ursacianis
3454 799 3708 856 suffecto.

2130 877 2233 944 Qui
2278 877 2437 951 1M
2473 896 2596 935 cum
2645 890 2792 937 esset
2832 881 3087 941 Ecclesia
3121 880 3379 943 Romana
3421 888 3709 955 diaconus,

2129 969 2386 1024 Arianam
2432 978 2562 1027 tunc
2598 974 2880 1044 amplexus
2910 975 3215 1045 perﬁdiam,
3263 979 3332 1034 ad
3361 980 3709 1052 episcopatus

2130 1063 2397 1118 honorem
2437 1075 2723 1135 promotus
2753 1076 2857 1122 est.
2888 1068 3149 1124 Nonnulli
3192 1078 3375 1127 tamen
3409 1072 3704 1141 alIirmant,

2130 1155 2284 1210 illum
2314 1157 2631 1227 opinionem
2660 1159 2921 1214 Arianam
2957 1160 3184 1216 minime
3217 1164 3527 1234 amplexum
3560 1181 3703 1229 esse,

2130 1245 2226 1301 sed
2258 1246 2311 1301 vi
2339 1262 2405 1303 ac
2434 1249 2760 1305 necessitate
2781 1252 3123 1321 compulsum
3160 1253 3561 1312 ordinationem
3586 1272 3707 1313 sus-

2129 1338 2358 1407 cepisse.
2394 1337 2549 1393 Tunc
2580 1339 2749 1410 igitur
2792 1341 2846 1393 in
2883 1340 3199 1399 Occidentis
3226 1345 3494 1414 partibus,
3540 1350 3709 1405 rebus

2127 1430 2287 1484 novis
2324 1445 2389 1485 ac
2421 1431 2659 1486 tumultu
2690 1431 2850 1502 plena
2875 1442 3033 1488 erant
3057 1436 3275 1491 omnia:
3304 1452 3429 1493 cum
3462 1439 3554 1493 alii
3585 1441 3706 1511 qui-

2127 1521 2252 1576 dem
2278 1519 2704 1578 extruderentur
2726 1531 2782 1580 et
2822 1524 2876 1579 in
2916 1526 3167 1582 exsilium
3193 1528 3578 1595 mitterentur,
3609 1533 3702 1587 alii

2128 1628 2259 1667 vero
2284 1603 2342 1668 in
2362 1630 2554 1669 eorum
2584 1616 3019 1687 subrogarcntur
3043 1618 3247 1673 locum.
3274 1618 3451 1690 Atque
3478 1621 3596 1678 hac
3614 1639 3706 1693 ge-

2127 1704 2391 1759 rebantur
2428 1706 2483 1760 vi
2518 1713 2574 1760 et
2611 1707 2942 1761 auctoritate
2976 1707 3339 1777 imperialium
3370 1709 3703 1776 edictorum,

2126 1811 2249 1865 qua
2269 1796 2336 1851 ad
2356 1804 2542 1867 partes
2565 1798 2729 1870 etiam
2742 1790 2984 1853 Orientis
3015 1800 3334 1855 transmissa
3355 1809 3502 1855 sunt.
3531 1801 3707 1856 Cate-

2127 1904 2249 1942 rum
2274 1888 2527 1944 Liberius
2557 1890 2704 1945 haud
2732 1891 2906 1945 multo
2927 1898 3051 1961 post
3070 1890 3139 1945 ab
3169 1892 3364 1946 exsilio
3392 1903 3702 1958 revocatus,

2122 1982 2311 2037 sedem
2344 1997 2498 2037 suam
2541 1984 2773 2053 recepit,
2805 2000 2930 2040 cum
2968 1984 3206 2055 populus
3240 1984 3538 2051 Romanus,
3560 1985 3705 2041 sedi-

2127 2075 2269 2131 tione
2294 2075 2457 2142 facta,
2473 2074 2706 2132 Felicem
2726 2066 2966 2132 Ecclesia
2988 2077 3307 2148 expulisset,
3326 2086 3383 2133 et
3409 2079 3704 2149 imperator

2125 2169 2255 2225 licet
2304 2171 2511 2225 invitus
2551 2186 2836 2226 assensum
2865 2171 2973 2226 illis
3025 2170 3369 2242 praebuisset.
3418 2171 3701 2227 Ursaciani

2125 2276 2279 2327 vero,
2303 2262 2493 2317 relicta
2540 2256 2715 2327 italia,
2752 2263 2819 2317 ad
2856 2261 3099 2319 Orientis
3128 2270 3312 2332 partes
3352 2265 3701 2335 transgressi,

2125 2355 2295 2410 Nicen
2320 2370 2541 2421 venere,
2564 2355 2713 2427 quod
2734 2364 2819 2412 est
2836 2355 3099 2427 oppidum
3132 2356 3399 2411 Thracia.
3430 2356 3548 2411 Illic
3587 2373 3703 2412 mo—

2124 2448 2250 2503 dico
2310 2457 2551 2519 tempore
2597 2448 2941 2511 commorati,
2977 2446 3124 2502 aliud
3183 2446 3238 2501 in
3262 2461 3330 2501 eo
3351 2446 3473 2502 loco
3519 2447 3702 2503 fecere

2122 2541 2434 2597 concilium.
2480 2542 2549 2597 Et
2588 2540 2987 2611 expositionem
3032 2538 3159 2595 ﬁdei
3205 2556 3327 2611 qua
3358 2539 3498 2596 lecta
3524 2539 3702 2595 fuerat

2121 2632 2388 2699 Arimini,
2418 2633 2473 2688 in
2491 2632 2741 2689 Gracum
2770 2648 3080 2689 sermonem
3113 2632 3531 2699 transferentes,
3558 2633 3703 2688 sicut

1640 2804 1912 2868 VALESII
1952 2799 2497 2867 ANNOTATIONES.

534 2929 622 3012 {52)
643 2930 757 2985 Kal
813 2927 889 2998 τῇ
932 2926 1202 3012 Ἀρειανῇ
1244 2928 1545 3012 όόεῃηᾷμᾳ
1589 2930 1678 2983 δέ.
1731 2928 1791 2983 In
1849 2928 2019 3012 Regio

437 3000 627 3057 codice
654 3015 763 3071 quo
786 3014 920 3055 usus
964 3009 1049 3055 est
1081 3000 1356 3055 Robertus
1382 3000 1714 3070 Stephanus,
1753 3008 1878 3069 post
1919 3016 2018 3053 vo-

437 3088 567 3151 cer_n_
588 3073 702 3151 καὶ,
730 3071 839 3151 _tria
864 3078 1530 3151 punctasupernenotata
1570 3078 1731 3151 sunt,
1755 3070 2020 3151 qua_ali-

436 3143 569 3213 quid
600 3142 694 3197 hic
715 3140 909 3213 deesse
948 3140 1278 3213 signiﬁcant.
1304 3142 1417 3197 Nos
1456 3156 1526 3213 ex
1554 3140 1781 3213 duobus
1797 3141 2020 3210 optimis

435 3210 1068 3276 codicibus,Florentino
1089 3226 1153 3265 ac
1174 3210 1745 3281 Sfortiano,insignem
1768 3210 2015 3266 lacunam

2192 2928 2302 3001 (54)
2359 2930 2609 3001 τετερον
2670 2928 2980 3001 ποιοῦνται
3032 2927 3119 3001 ἐνί
3145 2926 3301 3001 αὐτῇ
3328 2928 3697 3001 ᾲσυνέδριον.

2118 2994 2303 3069 Legati
2351 2994 2715 3053 Ariminensis
2774 2996 2966 3070 synodi
3013 3000 3122 3070 _qui
3189 2994 3697 3056 adConstaritium

2117 3068 2268 3124 missi
2300 3070 2538 3133 fuerant,
2576 3084 2700 3123 cum
2726 3068 2972 3140 corrupti
3003 3068 3237 3125 fuiSsent
3270 3070 3339 3125 ab
3376 3070 3602 3127 Ursacio
3641 3081 3697 3127 et

2118 3141 2362 3212 Valente,
2396 3140 2690 3212 concilium
2725 3140 3079 3212 celebrarunt
3114 3142 3167 3196 in
3209 3141 3412 3212 oppido
3451 3142 3698 3198 Thracia

2116 3211 2263 3285 Nica
2293 3215 2390 3265 ‘vi
2428 3211 2555 3285 ldus
2585 3210 2875 3285 Octobris,
2917 3212 3155 3285 Eusebio
3194 3210 3261 3268 et'
3279 3210 3511 3285 Hypatio
3550 3228 3691 3285 coss.

436 3285 600 3369 hujus
769 3282 1164 3369 supplevimus.
1188 3282 1381 3369 ιΡοιξιὍ
1423 3282 1659 3369 Felicem
1701 3281 2014 3346 diaconum,
2044 3286 2087 3343 C
2121 3282 2181 3363 In
2213 3296 2323 3352 quo
2356 3281 2592 3363 concilio
2624 3281 2882 3369 primum
2907 3282 3129 3364 quidem
3169 3281 3695 3369 excommunicatio-

433 3346 613 3425 quiin
664 3346 893 3425 Liberii'
929 3354 1125 3425 locum
1155 3351 1223 3407 ab
1281 3352 1867 3425 AcacioLsuAbrogatus
1909 3361 2033 3425 est,,

435 3421 717 3496 nunquam
753 3424 1018 3479 Arianum
1052 3421 1220 3477 fuisse
1263 3422 1549 3478 contendit
1587 3421 1874 3484 Baronius,
1916 3422 2010 3477 sed

434 3497 764 3575 Arianorum
806 3494 1069 3575 duntaxat
1093 3494 1485 3575 communi-one
1536 3493 1829 3575 pollutum.
1869 3492 2015 3547 Idem

435 3566 668 3621 allirmat
696 3564 1069 3620 Theodoritus
1093 3564 1150 3618 in
1183 3563 1281 3618 lib.
1306 3580 1343 3619 ιι
1373 3564 1648 3620 Historia.

508 3637 619 3708 (53)
669 3638 779 3703 Βία
812 3637 909 3688 καί
961 3633 1083 3708 τῷν
1130 3632 1474 3708 ,ϐασιλικῷν
1501 3634 2013 3708 ,προσταγμάτωιᾳ

435 3703 797 3764 Scribendum
834 3712 969 3777 puto
1000 3703 1091 3776 βίᾳ
1123 3704 1219 3758 καὶ
1247 3707 1310 3758 ἐκ
1348 3704 1459 3761 τῶν
1485 3703 1606 3775 βασ.
1672 3703 2021 3776 προσταγμά-

434 3796 560 3833 των.

2122 3352 2207 3423 nis
2234 3352 2582 3416 sententiam,
2617 3367 2778 3420 quam
2792 3352 3167 3423 Ariminenses
3188 3353 3431 3423 episc0pi
3457 3354 3697 3409 tulerant

2120 3422 2383 3477 adversus
2408 3418 2689 3477 Valentem
2716 3418 3076 3493 etUrsacium
3125 3438 3189 3478 ac
3216 3418 3477 3493 reliquos,
3522 3424 3695 3479 resci-

2121 3493 2586 3562 derunt;eosque
2645 3492 2947 3547 catholicos
2986 3508 3107 3547 esse
3161 3509 3225 3547 ac
3270 3492 3488 3562 semper
3526 3493 3695 3550 fuisse

2122 3564 2568 3633 pronuntiarunt.
2601 3563 2806 3633 Deinde
2844 3564 3133 3617 formulam
3190 3563 3316 3618 fidei
3382 3563 3693 3619 hareticam

2124 3630 2627 3715 promulgaverunt.
2665 3630 2854 3715 Exstat
2882 3648 3010 3715 pars
3042 3640 3287 3715 actorum
3326 3635 3380 3689 in
3424 3634 3697 3715 fragmen-

2127 3704 2197 3758 tis
2226 3704 2417 3758 Hilarii
2446 3704 2548 3757 sub
2589 3704 2773 3765 ﬁnem,
2802 3704 2895 3758 ubi
2920 3712 2976 3759 et
3007 3706 3227 3759 nomina
3274 3704 3694 3775 quatuordecim

2125 3775 2427 3845 legatorum
2463 3784 2820 3829 recensentur
2833 3816 2848 3832 .

1894 3928 2269 3987 VARIORUM.

434 4070 487 4108 xi
516 4052 631 4108 Kal.
660 4048 853 4108 Junias
891 4065 1021 4105 ann.
1069 4047 1175 4104 352
1224 4045 1435 4105 electus
1474 4060 1578 4107 est.
1622 4048 1855 4119 Scriptis
1889 4065 2015 4103 mox

437 4124 638 4178 litteris
695 4120 995 4176 orientales
1038 4120 1282 4190 episcopi
1327 4121 1505 4191 ipsum
1556 4123 1614 4176 in
1665 4127 1850 4191 partes
1888 4134 2017 4173 suas

505 4192 757 4249 rtrahere
778 4205 1106 4273 magnOpere
1126 4190 1460 4273 sategerunt.
1478 4193 1683 4273 Verum
1706 4190 2015 4272 illecoacta

484 4279 622 4319 orna
674 4260 891 4334 synodo
922 4260 1285 4334 orientalibus
1327 4263 1631 4334 rescripsit,
1690 4276 1757 4334 se
1786 4260 1853 4314 iis
1880 4275 2014 4314 con-

434 4335 642 4389 sentire
673 4331 783 4387 non
828 4347 1028 4403 posse;
1063 4331 1270 4402 diuque
1318 4348 1449 4387 sane
1478 4331 1760 4403 Athanasii
1796 4345 2014 4403 causam

434 4405 693 4459 damnare
733 4400 1050 4458 constanter
1088 4400 1383 4457 recusavit.
1429 4406 1586 4457 Anno
1635 4402 1760 4464 355,
1805 4400 2014 4464 Medio-

432 4476 615 4529 lanum
648 4473 950 4529 accersitus
994 4472 1314 4528 Constantio
1356 4474 1595 4529 viriliter
1633 4472 1870 4537 restitit;
1918 4473 2013 4541 qui

432 4561 557 4600 cum
587 4552 713 4616 post
748 4544 969 4616 longum
996 4559 1226 4616 cumweo
1264 4544 1599 4616 colloquium
1617 4543 1885 4616 habitum,
1914 4557 2014 4599 nec

432 4612 617 4685 prece,
660 4630 773 4685 nec,
796 4612 999 4684 pretio,
1026 4614 1192 4669 nullis
1237 4612 1547 4685 rationibus
1583 4629 1685 4668 nec
1714 4612 1841 4666 ullis
1860 4627 2008 4685 pro:

432 4682 615 4741 missis
647 4682 879 4739 minisve
918 4685 1159 4739 hominis
1190 4685 1435 4739 animum
1463 4684 1683 4739 ﬂectere
1721 4682 1919 4753 potuit,
1940 4682 2006 4737 ad

433 4757 678 4811 Beraam
705 4755 961 4827 Thracia,
976 4756 1169 4809 urbem
1195 4754 1471 4827 deportari
1496 4755 1697 4827 jussit,_
1715 4753 2009 4827 subrogato

432 4828 483 4908 ei
519 4827 726 4908 Felice_
756 4824 1162 4908 archidiacono,
1200 4823 1363 4908 quem
1390 4823 1620 4908 Aeacius
1660 4823 2010 4906 casariensis

437 4899 620 4952 Roma
642 4897 959 4967 episcopum
999 4894 1243 4951 ordinari
1287 4897 1537 4967 curavit;
1570 4895 1859 4967 hominem
1888 4894 2009 4963 qui-

434 4970 557 5022 dem
590 4968 644 5021 in
678 4966 786 5021 ﬁde
834 4967 1189 5030 catholicum,
1221 4966 1339 5036 sed
1363 4967 1456 5036 qui
1486 4966 1705 5020 Arianis
1758 4980 2009 5036 commu-

433 5039 655 5093 nionem
693 5053 802 5092 non
850 5037 1157 5107 disnegavit.
1210 5035 1553 5107 (GuilfCave
1596 5036 1670 5107 ad
1700 5051 1827 5089 ann.
1858 5035 2006 5105 552.)

434 5109 566 5163 Vide
616 5108 783 5163 etiam
814 5106 1173 5162 Athanasium
1206 5106 1263 5160 in
1312 5106 1545 5162 Historia
1569 5106 1891 5162 Arianorum
1939 5106 2009 5159 ad

430 5182 733 5243 monachos,
762 5195 815 5249 p.
852 5178 993 5249 7567.
1020 5178 1297 5249 Prolixum
1333 5178 1665 5249 colloquium
1696 5178 1837 5249 inter
1867 5174 2010 5231 Con-

430 5250 695 5303 stantium
742 5248 797 5303 et
846 5248 1126 5302 Liberium
1173 5248 1341 5302 refert
1386 5248 1716 5302 Theodoret.
1786 5248 1879 5300 lib.
1945 5263 2003 5311 ll,

430 5334 553 5374 can.
590 5320 680 5374 16.

499 5334 897 5456 ΕπῦῧᾸιϐέριυς
933 5389 1040 5442 τὸν
1070 5389 1289 5443 οίκεῖον
1305 5389 1521 5457 θρόνον
1544 5387 1825 5443 ἀπέλαϐε.
1864 5388 2003 5442 Dum

433 5459 689 5515 Liberius
718 5458 925 5514 Beroea
956 5460 1010 5513 in
1052 5459 1247 5514 exsilio
1268 5456 1541 5521 versatur,
1595 5460 1822 5513 Romam
1863 5456 2006 5513 Con-

431 5531 666 5585 stantius
687 5530 857 5595 venit,
886 5538 1046 5598 atque
1072 5530 1460 5599 triumphantis
1507 5546 1658 5584 more
1680 5529 1871 5583 urbem
1919 5530 2003 5583 in-

440 5617 654 5661 :ressus
676 5609 761 5656 est
780 5600 851 5654 ‘28
869 5600 1071 5669 Aprilis
1097 5617 1239 5655 anno
1264 5601 1386 5655 557.
1415 5600 1554 5654 Tum
1597 5608 1858 5654 matrona
1892 5600 2003 5653 Ro-

447 5688 605 5727 nana
666 5672 1099 5725 honorabiliores
1131 5681 1187 5725 et
1212 5671 1519 5735 senatoria,
1571 5670 2003 5725 detrectantibus

432 5742 668 5796 cilicium
694 5742 845 5803 viris,
872 5741 1250 5796 Constantium
1284 5742 1555 5811 snpplices
1600 5741 1822 5804 adeunt,
1854 5741 2002 5795 redi-

436 5822 657 5883 tumque
710 5813 915 5866 Liberii
970 5815 1219 5882 prasulis
1287 5814 1371 5867 sui
1430 5813 1629 5867 obnixe
1688 5812 1997 5881 postulant.

436 5883 529 5939 ille
554 5884 868 5953 respondet,
907 5884 1097 5937 adesse
1143 5884 1375 5939 Felicem
1428 5884 1582 5938 urbis
1644 5884 1998 5952 episcopum.

440 5954 609 6012 υἱτιιω
647 5964 796 6010 tanto
820 5970 1043 6010 munere.
1074 5955 1317 6028 dignum.
1345 5954 1443 6011 Cui
1478 5956 1600 6021 illa,
1626 5955 1859 6009 invisum
1888 5970 2003 6008 om-

2114 4050 2278 4104 nibus
2304 4050 2539 4105 Felicem
2562 4066 2703 4115 essc,
2735 4066 2837 4106 nec
2855 4064 3093 4120 unquam
3124 4063 3181 4103 se
3202 4062 3359 4119 posse
3382 4064 3449 4103 eo
3472 4048 3691 4116 deduci,

2116 4130 2178 4175 ut
2210 4136 2335 4175 cum
2368 4121 2639 4191 ejusmodi
2676 4122 2798 4175 viro
2844 4120 3121 4175 societatis
3154 4120 3237 4173 vel
3290 4121 3695 4177 communionis

2114 4192 2395 4261 quippiam
2424 4192 2679 4247 habeant.
2714 4191 3068 4262 Constantius
3089 4199 3271 4244 autem
3318 4200 3530 4262 utrem
3563 4208 3692 4262 per-

2113 4260 2323 4331 gratam
2355 4262 2613 4317 Romanis
2644 4262 2905 4324 ediceret,
2932 4260 3089 4329 jubet
3105 4261 3351 4315 revocari
3384 4260 3690 4331 Liberi—um,

2113 4330 2169 4385 et
2203 4348 2308 4386 una
2342 4348 2467 4387 cum
2501 4332 2680 4387 Felice
2733 4333 3035 4387 Ecclesiam
3068 4331 3360 4386 moderari.
3412 4330 3526 4399 Qua
3557 4348 3692 4388 con-

2117 4402 2327 4456 ditione
2349 4418 2473 4457 cum
2493 4403 2605 4457 risu
2630 4411 2878 4525 excepta,
2899 4410 3158 4456 etcontra
3183 4402 3451 4457 clamante
3467 4405 3690 4474 populo,

2117 4473 2268 4525 Unus
2306 4474 2470 4525 Deus.
2520 4488 2660 4525 unus
2719 4472 2759 4525 C
2806 4473 2993 4525 ristus.
3043 4487 3188 4525 unus
3232 4473 3541 4525 enisconus.
3591 4490 3690 4525 no-

2117 4473 2268 4545 Unus
2306 4474 2470 4545 Deus,
2520 4488 2673 4545 unus
2719 4472 2993 4545 Christus,
3017 4487 3188 4545 _unus
3232 4472 3557 4545 episcopus;
3591 4490 3693 4545 po-

2121 4544 2388 4597 stulatum
2415 4544 2505 4598 ille
2532 4542 2677 4625 plebi
2699 4543 2991 4622 concessit.
3017 4540 3086 4621 Ut
3122 4549 3305 4625 autem
3329 4540 3493 4625 habet
3523 4540 3689 4599 So'zo-

2117 4628 2332 4677 menus,
2355 4629 2464 4667 non
2490 4611 2594 4668 nisi
2619 4628 2676 4667 re
2699 4628 2824 4667 cum
2842 4611 3427 4682 cpiscopisdeliberata
3455 4630 3691 4670 evocan-

2041 4658 2268 4756 Ddumu
2299 4658 2490 4756 s’tatuit
2545 4683 2846 4756 Liberium,
2876 4658 2979 4736 ret
3031 4658 3268 4750 rquidem
3342 4699 3407 4756 ea
3476 4658 3692 4756 legemet

2110 4754 2449 4817 conditione,
2486 4764 2545 4825 ut
2577 4754 2929 4809 orientalium
2964 4760 3090 4805 ante
3117 4754 3447 4825 sententiam
3481 4754 3690 4825 ample-

2110 4834 2351 4879 xaretur.
2399 4824 2641 4879 Tandem
2702 4834 2989 4894 postquam
3038 4823 3381 4894 exsulaverat
3439 4823 3692 4880 Liberius

2110 4895 2327 4949 duobus
2372 4904 2428 4949 et
2469 4893 2718 4964 amplius
2758 4897 2936 4956 annis,
2984 4899 3040 4945 et
3086 4893 3197 4964 jam
3242 4895 3587 4949 miseriarum
3634 4907 3691 4951 et

2110 4965 2481 5034 periculorum
2510 4982 2632 5034 qua
2669 4965 2953 5029 sustinuit,
3004 4964 3164 5034 tadio
3219 4975 3528 5034 superatus.
3576 4967 3689 5021 vim

2108 5032 2164 5089 et
2200 5037 2429 5090 verbera
2467 5032 2677 5105 passus,
2722 5034 3001 5105 nimiaque
3048 5032 3354 5105 Demophili
3393 5046 3447 5090 et
3492 5037 3689 5091 Fortu-

2109 5106 2317 5159 natianl
2353 5104 2763 5175 impertunitate
2787 5104 2986 5168 victus,
3007 5104 3244 5162 dolendo
3295 5106 3547 5161 humana
3574 5107 3689 5161 fra-

2109 5176 2335 5246 gilitatis
2386 5178 2633 5246 exemplo
2694 5178 2861 5240 cadit,
2898 5176 3255 5233 Athanasium
3318 5178 3575 5243 damnat,
3632 5190 3689 5233 et

2110 5245 2698 5305 Homausionistarum
2760 5248 3007 5303 formula
3065 5263 3227 5317 quam
3285 5264 3461 5317 nuper
3502 5248 3688 5304 Sirmii

2109 5319 2488 5378 condiderant,
2520 5319 2839 5381 subscribit,
2882 5333 3026 5374 anno
3072 5318 3195 5380 358,
3222 5318 3385 5388 idque
3420 5320 3689 5375 sefccisse

2109 5388 2253 5441 datis
2275 5389 2341 5442 ad
2384 5389 2696 5452 orientales,
2724 5390 2953 5459 aliisque
3009 5391 3075 5445 ad
3105 5389 3388 5446 Ursacium
3416 5400 3472 5444 et
3498 5390 3692 5445 Valen-

2110 5468 2218 5512 tem
2261 5459 2457 5530 Iitteris
2501 5467 2731 5514 testatus
2754 5469 2856 5513 est.
2890 5461 3116 5515 Romam
3146 5460 3311 5515 rediit
3344 5476 3538 5530 magno
3562 5477 3690 5517 cum

2108 5530 2295 5599 p0puli
2319 5529 2549 5601 gaudio;
2578 5531 2758 5584 Felice
2785 5531 2922 5601 vela
2948 5541 3141 5586 senatu
3181 5532 3267 5585 vel
3295 5548 3325 5585 a
3350 5529 3509 5601 plebe
3549 5534 3690 5588 urbe

2107 5601 2355 5673 expulso.
2386 5600 2532 5655 Vixit
2578 5611 2700 5670 post
2729 5600 3169 5673 reditumiannos
3192 5600 3409 5673 novem,
3432 5603 3691 5673 diemque

2108 5671 2307 5744 clausit
2344 5687 2665 5744 supremum
2689 5688 2779 5725 vin
2810 5672 2926 5726 Kal.
2964 5672 3317 5744 Octob.ann.
3342 5671 3689 5744 566.ίὸ8ρί11-

2110 5752 2197 5796 tus
2257 5743 2342 5795 via
2381 5743 2586 5796 Salaria
2636 5743 2688 5795 in
2726 5744 3045 5813 cameterio
3094 5743 3373 5798 Priscilla.
3409 5742 3532 5813 (CI.
3564 5742 3693 5798 Μο-

2110 5813 2640 5935 ἰιίιῦὴίβθηεάἰοιίιιὶ
2678 5813 2773 5867 Vit.
2805 5812 2862 5868 S.
2896 5815 3179 5878 Athanas.,
3210 5825 3264 5869 et
3289 5812 3432 5870 Guil;
3461 5815 3601 5871 Cave
3635 5818 3691 5871 iu

2133 5901 2166 5935 ιι
2213 5899 2351 5935 crio.

2133 5884 2351 5937 .ibcrio.

2186 5961 2195 5972 ‘
2227 5955 2487 6025 Suspicor
2533 5956 2886 6012 scribendum
2918 5973 3036 6013 esse
3065 5957 3214 6013 Nice.
