  <div class='ocr_page' id='page_1' title='image "/cluster/home/n/w/nwhite01/storage/ocr_20150623/67/pst.000009865921/181.png"; bbox 0 0 4524 6582; ppageno 0'>
   <div class='ocr_carea' id='block_1_1' title="bbox 817 465 924 522">
    <p class='ocr_par' dir='ltr' id='par_1_1' title="bbox 817 465 924 522">
     <span class='ocr_line' id='line_1_1' title="bbox 817 465 924 522; baseline -0.019 0"><span class='ocrx_word' id='word_1_1' title='bbox 817 465 924 522; x_wconf 64' lang='grc' dir='ltr'><strong>3Ξῦ</strong></span> 
     </span>
    </p>
   </div>
   <div class='ocr_carea' id='block_1_2' title="bbox 2288 454 2626 510">
    <p class='ocr_par' dir='ltr' id='par_1_2' title="bbox 2288 454 2626 510">
     <span class='ocr_line' id='line_1_2' title="bbox 2288 454 2626 510; baseline -0.015 0"><span class='ocrx_word' id='word_1_2' title='bbox 2288 454 2626 510; x_wconf 72' lang='lat' dir='ltr'><strong>SOCRA&#39;I&#39;IS</strong></span> 
     </span>
    </p>
   </div>
   <div class='ocr_carea' id='block_1_3' title="bbox 3981 457 4085 512">
    <p class='ocr_par' dir='ltr' id='par_1_3' title="bbox 3981 457 4085 512">
     <span class='ocr_line' id='line_1_3' title="bbox 3981 457 4085 512; baseline 0.019 -2"><span class='ocrx_word' id='word_1_3' title='bbox 3981 457 4085 512; x_wconf 61' lang='lat'><strong>32$</strong></span> 
     </span>
    </p>
   </div>
   <div class='ocr_carea' id='block_1_4' title="bbox 822 562 2608 652">
    <p class='ocr_par' dir='ltr' id='par_1_4' title="bbox 822 570 2608 652">
     <span class='ocr_line' id='line_1_4' title="bbox 822 570 2608 652; baseline -0.009 -16"><span class='ocrx_word' id='word_1_4' title='bbox 822 595 987 652; x_wconf 80' lang='lat' dir='ltr'><strong>supra</strong></span> <span class='ocrx_word' id='word_1_5' title='bbox 1038 577 1345 640; x_wconf 94' lang='lat' dir='ltr'><strong>retulimus,</strong></span> <span class='ocrx_word' id='word_1_6' title='bbox 1401 575 1795 630; x_wconf 79' lang='lat' dir='ltr'><strong>conﬁrmarunt</strong></span> <span class='ocrx_word' id='word_1_7' title='bbox 1855 570 2016 628; x_wconf 84' lang='lat' dir='ltr'><strong>simul</strong></span> <span class='ocrx_word' id='word_1_8' title='bbox 2047 583 2111 624; x_wconf 86' lang='lat' dir='ltr'><strong>ae</strong></span> <span class='ocrx_word' id='word_1_9' title='bbox 2161 573 2405 640; x_wconf 89' lang='lat' dir='ltr'><strong>publiea-</strong></span> <span class='ocrx_word' id='word_1_10' title='bbox 2435 593 2480 649; x_wconf 70' lang='grc' dir='ltr'><strong>Α</strong></span> <span class='ocrx_word' id='word_1_11' title='bbox 2513 585 2608 621; x_wconf 90' lang='grc' dir='ltr'><strong>σαν</strong></span> 
     </span>
    </p>
   </div>
   <div class='ocr_carea' id='block_1_5' title="bbox 2298 562 4084 652">
    <p class='ocr_par' dir='ltr' id='par_1_5' title="bbox 2299 562 4084 649">
     <span class='ocr_line' id='line_1_5' title="bbox 2299 562 4084 649; baseline -0.001 -25"><span class='ocrx_word' id='word_1_12' title='bbox 2299 573 2405 624; x_wconf 89' lang='lat' dir='ltr'><strong>iea-</strong></span> <span class='ocrx_word' id='word_1_13' title='bbox 2435 593 2480 649; x_wconf 68' lang='grc' dir='ltr'>Α</span> <span class='ocrx_word' id='word_1_14' title='bbox 2513 585 2705 630; x_wconf 83' lang='grc' dir='ltr'><strong>σαντες</strong></span> <span class='ocrx_word' id='word_1_15' title='bbox 2753 567 3116 630; x_wconf 73' lang='grc' dir='ltr'>ἐϐεϐαίωσαν,</span> <span class='ocrx_word' id='word_1_16' title='bbox 3148 562 3586 633; x_wconf 77' lang='grc' dir='ltr'><strong>ἐπιφημίσαντες</strong></span> <span class='ocrx_word' id='word_1_17' title='bbox 3613 569 3719 622; x_wconf 81' lang='grc' dir='ltr'><strong>ὑπὸ</strong></span> <span class='ocrx_word' id='word_1_18' title='bbox 3761 569 3860 638; x_wconf 73' lang='grc' dir='ltr'>τῆς</span> <span class='ocrx_word' id='word_1_19' title='bbox 3904 571 4084 623; x_wconf 78' lang='grc' dir='ltr'>οίκου-</span> 
     </span>
    </p>
   </div>
   <div class='ocr_carea' id='block_1_6' title="bbox 823 664 2403 731">
    <p class='ocr_par' dir='ltr' id='par_1_6' title="bbox 823 664 2403 731">
     <span class='ocr_line' id='line_1_6' title="bbox 823 664 2403 731; baseline -0.007 -6"><span class='ocrx_word' id='word_1_20' title='bbox 823 680 948 725; x_wconf 88' lang='lat' dir='ltr'><strong>runt</strong></span> <span class='ocrx_word' id='word_1_21' title='bbox 974 689 986 724; x_wconf 93' lang='lat'>:</span> <span class='ocrx_word' id='word_1_22' title='bbox 1020 670 1090 724; x_wconf 87' lang='lat' dir='ltr'><strong>ab</strong></span> <span class='ocrx_word' id='word_1_23' title='bbox 1113 668 1408 722; x_wconf 82' lang='lat' dir='ltr'><strong>universali</strong></span> <span class='ocrx_word' id='word_1_24' title='bbox 1429 667 1662 721; x_wconf 89' lang='lat' dir='ltr'><strong>concilio</strong></span> <span class='ocrx_word' id='word_1_25' title='bbox 1682 666 1943 720; x_wconf 89' lang='lat' dir='ltr'><strong>dictatam</strong></span> <span class='ocrx_word' id='word_1_26' title='bbox 1967 678 2088 717; x_wconf 85' lang='lat' dir='ltr'><strong>esse</strong></span> <span class='ocrx_word' id='word_1_27' title='bbox 2115 664 2403 731; x_wconf 88' lang='lat' dir='ltr'><strong>vulgantcs</strong></span> 
     </span>
    </p>
   </div>
   <div class='ocr_carea' id='block_1_7' title="bbox 823 753 2402 830">
    <p class='ocr_par' dir='ltr' id='par_1_7' title="bbox 823 753 2402 830">
     <span class='ocr_line' id='line_1_7' title="bbox 823 753 2402 830; baseline -0.008 -14"><span class='ocrx_word' id='word_1_28' title='bbox 823 763 1012 824; x_wconf 84' lang='lat' dir='ltr'><strong>ﬁdem,</strong></span> <span class='ocrx_word' id='word_1_29' title='bbox 1041 777 1163 830; x_wconf 68' lang='lat' dir='ltr'><strong>qua:</strong></span> <span class='ocrx_word' id='word_1_30' title='bbox 1197 759 1266 812; x_wconf 90' lang='lat' dir='ltr'><strong>ab</strong></span> <span class='ocrx_word' id='word_1_31' title='bbox 1287 759 1419 826; x_wconf 86' lang='lat' dir='ltr'><strong>ipsis</strong></span> <span class='ocrx_word' id='word_1_32' title='bbox 1469 758 1616 812; x_wconf 92' lang='lat' dir='ltr'><strong>edita</strong></span> <span class='ocrx_word' id='word_1_33' title='bbox 1641 765 1761 810; x_wconf 90' lang='lat' dir='ltr'><strong>erat</strong></span> <span class='ocrx_word' id='word_1_34' title='bbox 1791 756 1845 810; x_wconf 91' lang='lat' dir='ltr'><strong>in</strong></span> <span class='ocrx_word' id='word_1_35' title='bbox 1890 754 2094 825; x_wconf 88' lang='lat' dir='ltr'><strong>oppido</strong></span> <span class='ocrx_word' id='word_1_36' title='bbox 2126 753 2304 806; x_wconf 71' lang='lat' dir='ltr'><strong>Nicm:</strong></span> <span class='ocrx_word' id='word_1_37' title='bbox 2336 767 2402 805; x_wconf 93' lang='lat' dir='ltr'><strong>eo</strong></span> 
     </span>
    </p>
   </div>
   <div class='ocr_carea' id='block_1_8' title="bbox 821 840 2404 912">
    <p class='ocr_par' dir='ltr' id='par_1_8' title="bbox 821 840 2404 912">
     <span class='ocr_line' id='line_1_8' title="bbox 821 840 2404 912; baseline -0.008 -8"><span class='ocrx_word' id='word_1_38' title='bbox 821 851 1054 904; x_wconf 88' lang='lat' dir='ltr'><strong>consilio</strong></span> <span class='ocrx_word' id='word_1_39' title='bbox 1099 857 1160 902; x_wconf 91' lang='lat' dir='ltr'><strong>ut</strong></span> <span class='ocrx_word' id='word_1_40' title='bbox 1189 849 1426 902; x_wconf 87' lang='lat' dir='ltr'><strong>nominis</strong></span> <span class='ocrx_word' id='word_1_41' title='bbox 1459 845 1825 900; x_wconf 86' lang='lat' dir='ltr'><strong>similitudine</strong></span> <span class='ocrx_word' id='word_1_42' title='bbox 1852 842 2217 912; x_wconf 90' lang='lat' dir='ltr'><strong>simpliciores</strong></span> <span class='ocrx_word' id='word_1_43' title='bbox 2256 840 2404 893; x_wconf 90' lang='lat' dir='ltr'><strong>deei-</strong></span> 
     </span>
    </p>
   </div>
   <div class='ocr_carea' id='block_1_9' title="bbox 820 931 2404 1013">
    <p class='ocr_par' dir='ltr' id='par_1_9' title="bbox 820 931 2404 1013">
     <span class='ocr_line' id='line_1_9' title="bbox 820 931 2404 1013; baseline -0.008 -17"><span class='ocrx_word' id='word_1_44' title='bbox 820 952 1038 1013; x_wconf 88' lang='lat' dir='ltr'><strong>pcrent,</strong></span> <span class='ocrx_word' id='word_1_45' title='bbox 1088 941 1217 994; x_wconf 86' lang='lat' dir='ltr'><strong>dum</strong></span> <span class='ocrx_word' id='word_1_46' title='bbox 1262 947 1454 1008; x_wconf 89' lang='lat' dir='ltr'><strong>putant</strong></span> <span class='ocrx_word' id='word_1_47' title='bbox 1480 953 1602 991; x_wconf 91' lang='lat' dir='ltr'><strong>eam</strong></span> <span class='ocrx_word' id='word_1_48' title='bbox 1646 952 1767 990; x_wconf 87' lang='lat' dir='ltr'><strong>esse</strong></span> <span class='ocrx_word' id='word_1_49' title='bbox 1801 935 1964 988; x_wconf 85' lang='lat' dir='ltr'><strong>ﬁdem</strong></span> <span class='ocrx_word' id='word_1_50' title='bbox 1991 948 2114 1002; x_wconf 66' lang='lat' dir='ltr'><strong>qum</strong></span> <span class='ocrx_word' id='word_1_51' title='bbox 2141 931 2285 1002; x_wconf 93' lang='lat' dir='ltr'><strong>apud</strong></span> <span class='ocrx_word' id='word_1_52' title='bbox 2312 931 2404 984; x_wconf 83' lang='lat' dir='ltr'><strong>Ni-</strong></span> 
     </span>
    </p>
   </div>
   <div class='ocr_carea' id='block_1_10' title="bbox 820 1023 2400 1101">
    <p class='ocr_par' dir='ltr' id='par_1_10' title="bbox 820 1023 2400 1101">
     <span class='ocr_line' id='line_1_10' title="bbox 820 1023 2400 1101; baseline -0.008 -15"><span class='ocrx_word' id='word_1_53' title='bbox 820 1048 986 1086; x_wconf 65' lang='lat' dir='ltr'><strong>caeam</strong></span> <span class='ocrx_word' id='word_1_54' title='bbox 1017 1030 1284 1101; x_wconf 65' lang='lat' dir='ltr'><strong>Bithyniae</strong></span> <span class='ocrx_word' id='word_1_55' title='bbox 1329 1029 1521 1082; x_wconf 89' lang='lat' dir='ltr'><strong>urbem</strong></span> <span class='ocrx_word' id='word_1_56' title='bbox 1577 1026 1886 1095; x_wconf 89' lang='lat' dir='ltr'><strong>conscripta</strong></span> <span class='ocrx_word' id='word_1_57' title='bbox 1937 1024 2150 1078; x_wconf 81' lang='lat' dir='ltr'><strong>fuisset.</strong></span> <span class='ocrx_word' id='word_1_58' title='bbox 2199 1023 2400 1076; x_wconf 84' lang='lat' dir='ltr'><strong>Verum</strong></span> 
     </span>
    </p>
   </div>
   <div class='ocr_carea' id='block_1_11' title="bbox 819 1114 2404 1192">
    <p class='ocr_par' dir='ltr' id='par_1_11' title="bbox 819 1114 2404 1192">
     <span class='ocr_line' id='line_1_11' title="bbox 819 1114 2404 1192; baseline -0.008 -14"><span class='ocrx_word' id='word_1_59' title='bbox 819 1123 1133 1192; x_wconf 91' lang='lat' dir='ltr'><strong>hujusmodi</strong></span> <span class='ocrx_word' id='word_1_60' title='bbox 1161 1127 1530 1176; x_wconf 89' lang='lat' dir='ltr'><strong>commentum</strong></span> <span class='ocrx_word' id='word_1_61' title='bbox 1555 1119 1691 1172; x_wconf 89' lang='lat' dir='ltr'><strong>nihil</strong></span> <span class='ocrx_word' id='word_1_62' title='bbox 1718 1118 1868 1189; x_wconf 85' lang='lat' dir='ltr'><strong>ipsos</strong></span> <span class='ocrx_word' id='word_1_63' title='bbox 1888 1118 2064 1187; x_wconf 89' lang='lat' dir='ltr'><strong>juvit:</strong></span> <span class='ocrx_word' id='word_1_64' title='bbox 2092 1114 2254 1184; x_wconf 92' lang='lat' dir='ltr'><strong>paulo</strong></span> <span class='ocrx_word' id='word_1_65' title='bbox 2281 1123 2404 1183; x_wconf 92' lang='lat' dir='ltr'><strong>post</strong></span> 
     </span>
    </p>
   </div>
   <div class='ocr_carea' id='block_1_12' title="bbox 818 1205 2404 1279">
    <p class='ocr_par' dir='ltr' id='par_1_12' title="bbox 818 1205 2404 1279">
     <span class='ocr_line' id='line_1_12' title="bbox 818 1205 2404 1279; baseline -0.01 -7"><span class='ocrx_word' id='word_1_66' title='bbox 818 1217 965 1272; x_wconf 79' lang='lat' dir='ltr'><strong>enim</strong></span> <span class='ocrx_word' id='word_1_67' title='bbox 992 1215 1207 1269; x_wconf 90' lang='lat' dir='ltr'><strong>detecta</strong></span> <span class='ocrx_word' id='word_1_68' title='bbox 1232 1213 1383 1266; x_wconf 81' lang='lat' dir='ltr'><strong>fraus</strong></span> <span class='ocrx_word' id='word_1_69' title='bbox 1406 1218 1510 1274; x_wconf 88' lang='lat' dir='ltr'><strong>est,</strong></span> <span class='ocrx_word' id='word_1_70' title='bbox 1542 1209 1756 1279; x_wconf 86' lang='lat' dir='ltr'><strong>ipsique</strong></span> <span class='ocrx_word' id='word_1_71' title='bbox 1779 1208 2023 1262; x_wconf 90' lang='lat' dir='ltr'><strong>omnium</strong></span> <span class='ocrx_word' id='word_1_72' title='bbox 2052 1205 2289 1259; x_wconf 89' lang='lat' dir='ltr'><strong>ludibrio</strong></span> <span class='ocrx_word' id='word_1_73' title='bbox 2311 1219 2404 1257; x_wconf 83' lang='lat' dir='ltr'><strong>ex-</strong></span> 
     </span>
    </p>
   </div>
   <div class='ocr_carea' id='block_1_13' title="bbox 819 1297 2404 1378">
    <p class='ocr_par' dir='ltr' id='par_1_13' title="bbox 819 1297 2404 1378">
     <span class='ocr_line' id='line_1_13' title="bbox 819 1297 2404 1378; baseline -0.009 -16"><span class='ocrx_word' id='word_1_74' title='bbox 819 1307 983 1378; x_wconf 81' lang='lat' dir='ltr'><strong>positi</strong></span> <span class='ocrx_word' id='word_1_75' title='bbox 1007 1319 1378 1377; x_wconf 88' lang='lat' dir='ltr'><strong>pcrmansere.</strong></span> <span class='ocrx_word' id='word_1_76' title='bbox 1395 1303 1503 1358; x_wconf 88' lang='lat' dir='ltr'><strong>Sed</strong></span> <span class='ocrx_word' id='word_1_77' title='bbox 1531 1302 1598 1356; x_wconf 94' lang='lat' dir='ltr'><strong>de</strong></span> <span class='ocrx_word' id='word_1_78' title='bbox 1622 1302 1707 1355; x_wconf 91' lang='lat' dir='ltr'><strong>his</strong></span> <span class='ocrx_word' id='word_1_79' title='bbox 1727 1316 1848 1370; x_wconf 71' lang='lat' dir='ltr'><strong>quze</strong></span> <span class='ocrx_word' id='word_1_80' title='bbox 1870 1300 1923 1353; x_wconf 92' lang='lat' dir='ltr'><strong>in</strong></span> <span class='ocrx_word' id='word_1_81' title='bbox 1945 1297 2256 1352; x_wconf 90' lang='lat' dir='ltr'><strong>Occidentis</strong></span> <span class='ocrx_word' id='word_1_82' title='bbox 2279 1311 2404 1366; x_wconf 89' lang='lat' dir='ltr'><strong>par-</strong></span> 
     </span>
    </p>
   </div>
   <div class='ocr_carea' id='block_1_14' title="bbox 819 1388 2405 1469">
    <p class='ocr_par' dir='ltr' id='par_1_14' title="bbox 819 1388 2405 1469">
     <span class='ocr_line' id='line_1_14' title="bbox 819 1388 2405 1469; baseline -0.008 -17"><span class='ocrx_word' id='word_1_83' title='bbox 819 1399 967 1452; x_wconf 91' lang='lat' dir='ltr'><strong>tibus</strong></span> <span class='ocrx_word' id='word_1_84' title='bbox 1003 1405 1153 1469; x_wconf 89' lang='lat' dir='ltr'><strong>gesta</strong></span> <span class='ocrx_word' id='word_1_85' title='bbox 1179 1404 1326 1459; x_wconf 91' lang='lat' dir='ltr'><strong>sunt,</strong></span> <span class='ocrx_word' id='word_1_86' title='bbox 1361 1396 1628 1449; x_wconf 85' lang='lat' dir='ltr'><strong>hactenus</strong></span> <span class='ocrx_word' id='word_1_87' title='bbox 1656 1393 1802 1446; x_wconf 87' lang='lat' dir='ltr'><strong>dicta</strong></span> <span class='ocrx_word' id='word_1_88' title='bbox 1825 1390 2116 1446; x_wconf 79' lang='lat' dir='ltr'><strong>suﬂiciant.</strong></span> <span class='ocrx_word' id='word_1_89' title='bbox 2140 1388 2405 1442; x_wconf 88' lang='lat' dir='ltr'><strong>Transea-</strong></span> 
     </span>
    </p>
   </div>
   <div class='ocr_carea' id='block_1_15' title="bbox 819 1481 2404 1552">
    <p class='ocr_par' dir='ltr' id='par_1_15' title="bbox 819 1481 2404 1552">
     <span class='ocr_line' id='line_1_15' title="bbox 819 1481 2404 1552; baseline -0.008 -9"><span class='ocrx_word' id='word_1_90' title='bbox 819 1506 944 1544; x_wconf 91' lang='lat' dir='ltr'><strong>mus</strong></span> <span class='ocrx_word' id='word_1_91' title='bbox 977 1506 1124 1545; x_wconf 92' lang='lat' dir='ltr'><strong>nunc</strong></span> <span class='ocrx_word' id='word_1_92' title='bbox 1146 1490 1214 1543; x_wconf 92' lang='lat' dir='ltr'><strong>ad</strong></span> <span class='ocrx_word' id='word_1_93' title='bbox 1253 1487 1623 1542; x_wconf 83' lang='lat' dir='ltr'><strong>narrationem</strong></span> <span class='ocrx_word' id='word_1_94' title='bbox 1653 1500 1868 1548; x_wconf 89' lang='lat' dir='ltr'><strong>eorum,</strong></span> <span class='ocrx_word' id='word_1_95' title='bbox 1893 1497 2014 1552; x_wconf 70' lang='lat' dir='ltr'><strong>qua:</strong></span> <span class='ocrx_word' id='word_1_96' title='bbox 2041 1481 2236 1536; x_wconf 88' lang='lat' dir='ltr'><strong>eodem</strong></span> <span class='ocrx_word' id='word_1_97' title='bbox 2270 1486 2404 1533; x_wconf 89' lang='lat' dir='ltr'><strong>tem-</strong></span> 
     </span>
    </p>
   </div>
   <div class='ocr_carea' id='block_1_16' title="bbox 818 1571 2404 1652">
    <p class='ocr_par' dir='ltr' id='par_1_16' title="bbox 818 1571 2404 1652">
     <span class='ocr_line' id='line_1_16' title="bbox 818 1571 2404 1652; baseline -0.008 -15"><span class='ocrx_word' id='word_1_98' title='bbox 818 1599 950 1652; x_wconf 90' lang='lat' dir='ltr'><strong>pore</strong></span> <span class='ocrx_word' id='word_1_99' title='bbox 975 1591 1103 1637; x_wconf 88' lang='lat' dir='ltr'><strong>sunt</strong></span> <span class='ocrx_word' id='word_1_100' title='bbox 1133 1583 1188 1636; x_wconf 91' lang='lat' dir='ltr'><strong>in</strong></span> <span class='ocrx_word' id='word_1_101' title='bbox 1230 1581 1454 1635; x_wconf 75' lang='lat' dir='ltr'><strong>Oriente</strong></span> <span class='ocrx_word' id='word_1_102' title='bbox 1483 1586 1650 1650; x_wconf 88' lang='lat' dir='ltr'><strong>gesta.</strong></span> <span class='ocrx_word' id='word_1_103' title='bbox 1683 1577 1821 1631; x_wconf 86' lang='lat' dir='ltr'><strong>Hinc</strong></span> <span class='ocrx_word' id='word_1_104' title='bbox 1851 1582 2034 1629; x_wconf 90' lang='lat' dir='ltr'><strong>autem</strong></span> <span class='ocrx_word' id='word_1_105' title='bbox 2074 1571 2404 1627; x_wconf 90' lang='lat' dir='ltr'><strong>sumendum</strong></span> 
     </span>
    </p>
   </div>
   <div class='ocr_carea' id='block_1_17' title="bbox 817 1671 1532 1728">
    <p class='ocr_par' dir='ltr' id='par_1_17' title="bbox 817 1671 1532 1728">
     <span class='ocr_line' id='line_1_17' title="bbox 817 1671 1532 1728; baseline 0 -1"><span class='ocrx_word' id='word_1_106' title='bbox 817 1681 902 1728; x_wconf 84' lang='lat' dir='ltr'><strong>est</strong></span> <span class='ocrx_word' id='word_1_107' title='bbox 929 1674 1200 1728; x_wconf 88' lang='lat' dir='ltr'><strong>sermonis</strong></span> <span class='ocrx_word' id='word_1_108' title='bbox 1223 1671 1532 1727; x_wconf 89' lang='lat' dir='ltr'><strong>exordium.</strong></span> 
     </span>
    </p>
   </div>
   <div class='ocr_carea' id='block_1_18' title="bbox 1338 1779 2008 1856">
    <p class='ocr_par' dir='ltr' id='par_1_18' title="bbox 1338 1779 2008 1856">
     <span class='ocr_line' id='line_1_18' title="bbox 1338 1779 2008 1856; baseline -0.01 -15"><span class='ocrx_word' id='word_1_109' title='bbox 1338 1784 1495 1856; x_wconf 69' lang='lat'><strong>145</strong></span> <span class='ocrx_word' id='word_1_110' title='bbox 1532 1782 1682 1837; x_wconf 85' lang='lat' dir='ltr'><strong>CAP.</strong></span> <span class='ocrx_word' id='word_1_111' title='bbox 1719 1779 2008 1836; x_wconf 77' lang='lat' dir='ltr'><strong>XXXVIII.</strong></span> 
     </span>
    </p>
   </div>
   <div class='ocr_carea' id='block_1_19' title="bbox 816 1870 2400 1942">
    <p class='ocr_par' dir='ltr' id='par_1_19' title="bbox 816 1870 2400 1942">
     <span class='ocr_line' id='line_1_19' title="bbox 816 1870 2400 1942; baseline -0.006 -9"><span class='ocrx_word' id='word_1_112' title='bbox 816 1878 895 1933; x_wconf 85' lang='lat' dir='ltr'><strong>De</strong></span> <span class='ocrx_word' id='word_1_113' title='bbox 921 1878 1212 1932; x_wconf 79' lang='lat' dir='ltr'><strong>Macedonii</strong></span> <span class='ocrx_word' id='word_1_114' title='bbox 1241 1879 1470 1942; x_wconf 62' lang='lat' dir='ltr'><strong>saevitia,</strong></span> <span class='ocrx_word' id='word_1_115' title='bbox 1497 1886 1545 1929; x_wconf 83' lang='lat' dir='ltr'><strong>et</strong></span> <span class='ocrx_word' id='word_1_116' title='bbox 1570 1873 1877 1928; x_wconf 77' lang='lat' dir='ltr'><strong>tumultibus</strong></span> <span class='ocrx_word' id='word_1_117' title='bbox 1913 1873 1977 1926; x_wconf 86' lang='lat' dir='ltr'><strong>ab</strong></span> <span class='ocrx_word' id='word_1_118' title='bbox 2015 1888 2074 1925; x_wconf 85' lang='lat' dir='ltr'><strong>eo</strong></span> <span class='ocrx_word' id='word_1_119' title='bbox 2104 1870 2400 1926; x_wconf 74' lang='lat' dir='ltr'><strong>concitatis.</strong></span> 
     </span>
    </p>
   </div>
   <div class='ocr_carea' id='block_1_20' title="bbox 887 2025 2408 2101">
    <p class='ocr_par' dir='ltr' id='par_1_20' title="bbox 887 2025 2408 2101">
     <span class='ocr_line' id='line_1_20' title="bbox 887 2025 2408 2101; baseline -0.006 -14"><span class='ocrx_word' id='word_1_120' title='bbox 887 2032 1103 2088; x_wconf 58' lang='lat' dir='ltr'><strong>Arianae</strong></span> <span class='ocrx_word' id='word_1_121' title='bbox 1141 2031 1396 2085; x_wconf 83' lang='lat' dir='ltr'><strong>factionis</strong></span> <span class='ocrx_word' id='word_1_122' title='bbox 1446 2029 1691 2101; x_wconf 89' lang='lat' dir='ltr'><strong>cpisc0pi</strong></span> <span class='ocrx_word' id='word_1_123' title='bbox 1751 2045 1819 2082; x_wconf 79' lang='lat' dir='ltr'><strong>ex</strong></span> <span class='ocrx_word' id='word_1_124' title='bbox 1861 2026 2241 2097; x_wconf 87' lang='lat' dir='ltr'><strong>imperialibus</strong></span> <span class='ocrx_word' id='word_1_125' title='bbox 2289 2025 2408 2079; x_wconf 88' lang='lat' dir='ltr'><strong>edi-</strong></span> 
     </span>
    </p>
   </div>
   <div class='ocr_carea' id='block_1_21' title="bbox 819 2119 2404 2194">
    <p class='ocr_par' dir='ltr' id='par_1_21' title="bbox 819 2119 2404 2194">
     <span class='ocr_line' id='line_1_21' title="bbox 819 2119 2404 2194; baseline -0.005 -16"><span class='ocrx_word' id='word_1_126' title='bbox 819 2125 922 2178; x_wconf 83' lang='lat' dir='ltr'><strong>ctis</strong></span> <span class='ocrx_word' id='word_1_127' title='bbox 954 2125 1214 2194; x_wconf 82' lang='lat' dir='ltr'><strong>majorem</strong></span> <span class='ocrx_word' id='word_1_128' title='bbox 1241 2132 1596 2192; x_wconf 82' lang='lat' dir='ltr'><strong>sumpserunt</strong></span> <span class='ocrx_word' id='word_1_129' title='bbox 1627 2119 1930 2175; x_wconf 88' lang='lat' dir='ltr'><strong>audaciam.</strong></span> <span class='ocrx_word' id='word_1_130' title='bbox 1959 2120 2202 2186; x_wconf 86' lang='lat' dir='ltr'><strong>Quanam</strong></span> <span class='ocrx_word' id='word_1_131' title='bbox 2223 2125 2404 2172; x_wconf 88' lang='lat' dir='ltr'><strong>autem</strong></span> 
     </span>
    </p>
   </div>
   <div class='ocr_carea' id='block_1_22' title="bbox 820 2207 2407 2281">
    <p class='ocr_par' dir='ltr' id='par_1_22' title="bbox 820 2207 2407 2281">
     <span class='ocr_line' id='line_1_22' title="bbox 820 2207 2407 2281; baseline -0.004 -15"><span class='ocrx_word' id='word_1_132' title='bbox 820 2213 1035 2267; x_wconf 88' lang='lat' dir='ltr'><strong>ratione</strong></span> <span class='ocrx_word' id='word_1_133' title='bbox 1069 2210 1365 2267; x_wconf 88' lang='lat' dir='ltr'><strong>concilium</strong></span> <span class='ocrx_word' id='word_1_134' title='bbox 1392 2225 1588 2281; x_wconf 83' lang='lat' dir='ltr'><strong>cogere</strong></span> <span class='ocrx_word' id='word_1_135' title='bbox 1630 2209 1872 2280; x_wconf 80' lang='lat' dir='ltr'><strong>aggressi</strong></span> <span class='ocrx_word' id='word_1_136' title='bbox 1915 2210 2046 2273; x_wconf 89' lang='lat' dir='ltr'><strong>sint,</strong></span> <span class='ocrx_word' id='word_1_137' title='bbox 2086 2207 2250 2278; x_wconf 90' lang='lat' dir='ltr'><strong>paulo</strong></span> <span class='ocrx_word' id='word_1_138' title='bbox 2283 2214 2407 2277; x_wconf 89' lang='lat' dir='ltr'><strong>post</strong></span> 
     </span>
    </p>
   </div>
   <div class='ocr_carea' id='block_1_23' title="bbox 819 2299 2406 2372">
    <p class='ocr_par' dir='ltr' id='par_1_23' title="bbox 819 2299 2406 2372">
     <span class='ocr_line' id='line_1_23' title="bbox 819 2299 2406 2372; baseline -0.004 -13"><span class='ocrx_word' id='word_1_139' title='bbox 819 2306 1069 2359; x_wconf 90' lang='lat' dir='ltr'><strong>dicturus</strong></span> <span class='ocrx_word' id='word_1_140' title='bbox 1116 2320 1257 2358; x_wconf 92' lang='lat' dir='ltr'><strong>sum.</strong></span> <span class='ocrx_word' id='word_1_141' title='bbox 1303 2304 1464 2357; x_wconf 87' lang='lat' dir='ltr'><strong>Prius</strong></span> <span class='ocrx_word' id='word_1_142' title='bbox 1506 2312 1685 2356; x_wconf 92' lang='lat' dir='ltr'><strong>tamen</strong></span> <span class='ocrx_word' id='word_1_143' title='bbox 1725 2318 1786 2357; x_wconf 90' lang='lat' dir='ltr'><strong>ea</strong></span> <span class='ocrx_word' id='word_1_144' title='bbox 1828 2317 2148 2372; x_wconf 85' lang='lat' dir='ltr'><strong>percurram</strong></span> <span class='ocrx_word' id='word_1_145' title='bbox 2187 2316 2308 2371; x_wconf 70' lang='lat' dir='ltr'><strong>qua:</strong></span> <span class='ocrx_word' id='word_1_146' title='bbox 2337 2299 2406 2354; x_wconf 90' lang='lat' dir='ltr'><strong>ab</strong></span> 
     </span>
    </p>
   </div>
   <div class='ocr_carea' id='block_1_24' title="bbox 821 2392 2410 2466">
    <p class='ocr_par' dir='ltr' id='par_1_24' title="bbox 821 2392 2410 2466">
     <span class='ocr_line' id='line_1_24' title="bbox 821 2392 2410 2466; baseline -0.003 -15"><span class='ocrx_word' id='word_1_147' title='bbox 821 2397 931 2451; x_wconf 91' lang='lat' dir='ltr'><strong>illis</strong></span> <span class='ocrx_word' id='word_1_148' title='bbox 971 2404 1096 2450; x_wconf 90' lang='lat' dir='ltr'><strong>ante</strong></span> <span class='ocrx_word' id='word_1_149' title='bbox 1143 2394 1410 2466; x_wconf 78' lang='lat' dir='ltr'><strong>synodum</strong></span> <span class='ocrx_word' id='word_1_150' title='bbox 1456 2406 1606 2464; x_wconf 89' lang='lat' dir='ltr'><strong>gesta</strong></span> <span class='ocrx_word' id='word_1_151' title='bbox 1638 2401 1786 2448; x_wconf 91' lang='lat' dir='ltr'><strong>sunt.</strong></span> <span class='ocrx_word' id='word_1_152' title='bbox 1837 2392 2067 2446; x_wconf 89' lang='lat' dir='ltr'><strong>Aeacius</strong></span> <span class='ocrx_word' id='word_1_153' title='bbox 2099 2392 2321 2462; x_wconf 90' lang='lat' dir='ltr'><strong>quidem</strong></span> <span class='ocrx_word' id='word_1_154' title='bbox 2352 2399 2410 2446; x_wconf 91' lang='lat' dir='ltr'><strong>et</strong></span> 
     </span>
    </p>
   </div>
   <div class='ocr_carea' id='block_1_25' title="bbox 821 2482 2410 2556">
    <p class='ocr_par' dir='ltr' id='par_1_25' title="bbox 821 2482 2410 2556">
     <span class='ocr_line' id='line_1_25' title="bbox 821 2482 2410 2556; baseline -0.002 -16"><span class='ocrx_word' id='word_1_155' title='bbox 821 2486 1200 2556; x_wconf 89' lang='lat' dir='ltr'><strong>Patrophilus,</strong></span> <span class='ocrx_word' id='word_1_156' title='bbox 1236 2486 1393 2555; x_wconf 90' lang='lat' dir='ltr'><strong>pulso</strong></span> <span class='ocrx_word' id='word_1_157' title='bbox 1445 2485 1678 2538; x_wconf 84' lang='lat' dir='ltr'><strong>Maximo</strong></span> <span class='ocrx_word' id='word_1_158' title='bbox 1736 2482 2237 2555; x_wconf 76' lang='lat' dir='ltr'><strong>Hierosolymorum</strong></span> <span class='ocrx_word' id='word_1_159' title='bbox 2293 2483 2410 2552; x_wconf 85' lang='lat' dir='ltr'><strong>epi-</strong></span> 
     </span>
    </p>
   </div>
   <div class='ocr_carea' id='block_1_26' title="bbox 821 2576 2408 2650">
    <p class='ocr_par' dir='ltr' id='par_1_26' title="bbox 821 2576 2408 2650">
     <span class='ocr_line' id='line_1_26' title="bbox 821 2576 2408 2650; baseline -0.001 -18"><span class='ocrx_word' id='word_1_160' title='bbox 821 2593 1006 2648; x_wconf 84' lang='lat' dir='ltr'><strong>scopo,</strong></span> <span class='ocrx_word' id='word_1_161' title='bbox 1038 2578 1306 2650; x_wconf 87' lang='lat' dir='ltr'><strong>Cyrillum</strong></span> <span class='ocrx_word' id='word_1_162' title='bbox 1338 2578 1391 2630; x_wconf 90' lang='lat' dir='ltr'><strong>in</strong></span> <span class='ocrx_word' id='word_1_163' title='bbox 1415 2578 1532 2647; x_wconf 85' lang='lat' dir='ltr'><strong>ejus</strong></span> <span class='ocrx_word' id='word_1_164' title='bbox 1557 2577 1735 2630; x_wconf 93' lang='lat' dir='ltr'><strong>locum</strong></span> <span class='ocrx_word' id='word_1_165' title='bbox 1770 2576 2203 2630; x_wconf 87' lang='lat' dir='ltr'><strong>substituerunt.</strong></span> <span class='ocrx_word' id='word_1_166' title='bbox 2229 2576 2408 2630; x_wconf 83' lang='lat' dir='ltr'><strong>Macc-</strong></span> 
     </span>
    </p>
   </div>
   <div class='ocr_carea' id='block_1_27' title="bbox 820 2667 2409 2736">
    <p class='ocr_par' dir='ltr' id='par_1_27' title="bbox 820 2667 2409 2736">
     <span class='ocr_line' id='line_1_27' title="bbox 820 2667 2409 2736; baseline -0.001 -12"><span class='ocrx_word' id='word_1_167' title='bbox 820 2672 1022 2725; x_wconf 90' lang='lat' dir='ltr'><strong>donius</strong></span> <span class='ocrx_word' id='word_1_168' title='bbox 1077 2686 1208 2724; x_wconf 88' lang='lat' dir='ltr'><strong>vero</strong></span> <span class='ocrx_word' id='word_1_169' title='bbox 1258 2669 1468 2722; x_wconf 85' lang='lat' dir='ltr'><strong>vicinas</strong></span> <span class='ocrx_word' id='word_1_170' title='bbox 1516 2667 1991 2736; x_wconf 87' lang='lat' dir='ltr'><strong>Constantinopoli</strong></span> <span class='ocrx_word' id='word_1_171' title='bbox 2049 2667 2298 2720; x_wconf 80' lang='lat' dir='ltr'><strong>civitates</strong></span> <span class='ocrx_word' id='word_1_172' title='bbox 2345 2683 2409 2722; x_wconf 90' lang='lat' dir='ltr'><strong>ac</strong></span> 
     </span>
    </p>
   </div>
   <div class='ocr_carea' id='block_1_28' title="bbox 820 2762 2406 2835">
    <p class='ocr_par' dir='ltr' id='par_1_28' title="bbox 820 2762 2406 2835">
     <span class='ocr_line' id='line_1_28' title="bbox 820 2762 2406 2835; baseline -0.003 -17"><span class='ocrx_word' id='word_1_173' title='bbox 820 2765 1138 2835; x_wconf 85' lang='lat' dir='ltr'><strong>provincias</strong></span> <span class='ocrx_word' id='word_1_174' title='bbox 1169 2763 1472 2827; x_wconf 83' lang='lat' dir='ltr'><strong>subvertit,</strong></span> <span class='ocrx_word' id='word_1_175' title='bbox 1523 2763 1809 2817; x_wconf 89' lang='lat' dir='ltr'><strong>ministros</strong></span> <span class='ocrx_word' id='word_1_176' title='bbox 1855 2762 2080 2817; x_wconf 89' lang='lat' dir='ltr'><strong>sceleris</strong></span> <span class='ocrx_word' id='word_1_177' title='bbox 2129 2762 2214 2816; x_wconf 91' lang='lat' dir='ltr'><strong>sui</strong></span> <span class='ocrx_word' id='word_1_178' title='bbox 2259 2762 2406 2831; x_wconf 82' lang='lat' dir='ltr'><strong>quod</strong></span> 
     </span>
    </p>
   </div>
   <div class='ocr_carea' id='block_1_29' title="bbox 822 2853 2407 2925">
    <p class='ocr_par' dir='ltr' id='par_1_29' title="bbox 822 2853 2407 2925">
     <span class='ocr_line' id='line_1_29' title="bbox 822 2853 2407 2925; baseline -0.001 -15"><span class='ocrx_word' id='word_1_179' title='bbox 822 2864 1014 2910; x_wconf 90' lang='lat' dir='ltr'><strong>contra</strong></span> <span class='ocrx_word' id='word_1_180' title='bbox 1065 2855 1339 2910; x_wconf 89' lang='lat' dir='ltr'><strong>Ecclesias</strong></span> <span class='ocrx_word' id='word_1_181' title='bbox 1384 2855 1785 2924; x_wconf 88' lang='lat' dir='ltr'><strong>designaverat,</strong></span> <span class='ocrx_word' id='word_1_182' title='bbox 1821 2854 1888 2908; x_wconf 90' lang='lat' dir='ltr'><strong>ad</strong></span> <span class='ocrx_word' id='word_1_183' title='bbox 1930 2853 2237 2907; x_wconf 89' lang='lat' dir='ltr'><strong>sacerdotia</strong></span> <span class='ocrx_word' id='word_1_184' title='bbox 2282 2871 2407 2925; x_wconf 91' lang='lat' dir='ltr'><strong>pro-</strong></span> 
     </span>
    </p>
   </div>
   <div class='ocr_carea' id='block_1_30' title="bbox 822 2944 2408 3017">
    <p class='ocr_par' dir='ltr' id='par_1_30' title="bbox 822 2944 2408 3017">
     <span class='ocr_line' id='line_1_30' title="bbox 822 2944 2408 3017; baseline -0.003 -15"><span class='ocrx_word' id='word_1_185' title='bbox 822 2964 1068 3002; x_wconf 86' lang='lat' dir='ltr'><strong>mnvens.</strong></span> <span class='ocrx_word' id='word_1_186' title='bbox 1105 2948 1172 3002; x_wconf 90' lang='lat' dir='ltr'><strong>Et</strong></span> <span class='ocrx_word' id='word_1_187' title='bbox 1197 2947 1478 3001; x_wconf 87' lang='lat' dir='ltr'><strong>Eleusium</strong></span> <span class='ocrx_word' id='word_1_188' title='bbox 1508 2947 1730 3016; x_wconf 91' lang='lat' dir='ltr'><strong>quidem</strong></span> <span class='ocrx_word' id='word_1_189' title='bbox 1767 2946 1946 3017; x_wconf 86' lang='lat' dir='ltr'><strong>Cyzici</strong></span> <span class='ocrx_word' id='word_1_190' title='bbox 1981 2944 2259 2999; x_wconf 83' lang='lat' dir='ltr'><strong>ordinavit</strong></span> <span class='ocrx_word' id='word_1_191' title='bbox 2287 2946 2408 3014; x_wconf 89' lang='lat' dir='ltr'><strong>epi-</strong></span> 
     </span>
    </p>
   </div>
   <div class='ocr_carea' id='block_1_31' title="bbox 819 3035 2410 3108">
    <p class='ocr_par' dir='ltr' id='par_1_31' title="bbox 819 3035 2410 3108">
     <span class='ocr_line' id='line_1_31' title="bbox 819 3035 2410 3108; baseline -0.003 -14"><span class='ocrx_word' id='word_1_192' title='bbox 819 3053 1048 3108; x_wconf 80' lang='lat' dir='ltr'><strong>scopum</strong></span> <span class='ocrx_word' id='word_1_193' title='bbox 1075 3055 1090 3103; x_wconf 87' lang='lat'><strong>;</strong></span> <span class='ocrx_word' id='word_1_194' title='bbox 1123 3037 1457 3091; x_wconf 65' lang='lat' dir='ltr'><strong>Nicomedia:</strong></span> <span class='ocrx_word' id='word_1_195' title='bbox 1501 3053 1634 3090; x_wconf 83' lang='lat' dir='ltr'><strong>vero</strong></span> <span class='ocrx_word' id='word_1_196' title='bbox 1680 3035 2103 3100; x_wconf 86' lang='lat' dir='ltr'><strong>Marathonium,</strong></span> <span class='ocrx_word' id='word_1_197' title='bbox 2132 3035 2225 3105; x_wconf 95' lang='lat' dir='ltr'><strong>qui</strong></span> <span class='ocrx_word' id='word_1_198' title='bbox 2253 3036 2410 3105; x_wconf 90' lang='lat' dir='ltr'><strong>prius</strong></span> 
     </span>
    </p>
   </div>
   <div class='ocr_carea' id='block_1_32' title="bbox 821 3125 2407 3197">
    <p class='ocr_par' dir='ltr' id='par_1_32' title="bbox 821 3125 2407 3197">
     <span class='ocr_line' id='line_1_32' title="bbox 821 3125 2407 3197; baseline 0 -16"><span class='ocrx_word' id='word_1_199' title='bbox 821 3128 1052 3197; x_wconf 86' lang='lat' dir='ltr'><strong>quidem</strong></span> <span class='ocrx_word' id='word_1_200' title='bbox 1077 3126 1342 3180; x_wconf 90' lang='lat' dir='ltr'><strong>diaconus</strong></span> <span class='ocrx_word' id='word_1_201' title='bbox 1367 3125 1543 3180; x_wconf 86' lang='lat' dir='ltr'><strong>fuerat</strong></span> <span class='ocrx_word' id='word_1_202' title='bbox 1569 3127 1671 3180; x_wconf 89' lang='lat' dir='ltr'><strong>sub</strong></span> <span class='ocrx_word' id='word_1_203' title='bbox 1705 3127 1822 3196; x_wconf 90' lang='lat' dir='ltr'><strong>ipso</strong></span> <span class='ocrx_word' id='word_1_204' title='bbox 1856 3126 2174 3181; x_wconf 83' lang='lat' dir='ltr'><strong>Macedonio</strong></span> <span class='ocrx_word' id='word_1_205' title='bbox 2205 3143 2217 3178; x_wconf 93' lang='lat'>:</span> <span class='ocrx_word' id='word_1_206' title='bbox 2243 3133 2407 3181; x_wconf 71' lang='lat' dir='ltr'><strong>caete-</strong></span> 
     </span>
    </p>
   </div>
   <div class='ocr_carea' id='block_1_33' title="bbox 2515 660 4086 734">
    <p class='ocr_par' dir='ltr' id='par_1_33' title="bbox 2515 660 4086 734">
     <span class='ocr_line' id='line_1_33' title="bbox 2515 660 4086 734; baseline 0.001 -19"><span class='ocrx_word' id='word_1_207' title='bbox 2515 660 2745 732; x_wconf 84' lang='grc' dir='ltr'>μενικῆς</span> <span class='ocrx_word' id='word_1_208' title='bbox 2775 661 2994 714; x_wconf 84' lang='grc' dir='ltr'><strong>συνόδου</strong></span> <span class='ocrx_word' id='word_1_209' title='bbox 3031 661 3124 715; x_wconf 75' lang='grc' dir='ltr'><strong>καὶ</strong></span> <span class='ocrx_word' id='word_1_210' title='bbox 3163 660 3571 730; x_wconf 83' lang='grc' dir='ltr'>ὑπηγορεῦσθαι</span> <span class='ocrx_word' id='word_1_211' title='bbox 3596 662 3696 734; x_wconf 77' lang='grc' dir='ltr'>τὴν</span> <span class='ocrx_word' id='word_1_212' title='bbox 3727 661 3912 715; x_wconf 84' lang='grc' dir='ltr'>πίστιν</span> <span class='ocrx_word' id='word_1_213' title='bbox 3934 665 3998 732; x_wconf 80' lang='grc' dir='ltr'>τῇ</span> <span class='ocrx_word' id='word_1_214' title='bbox 4028 665 4086 716; x_wconf 71' lang='grc' dir='ltr'>ἐν</span> 
     </span>
    </p>
   </div>
   <div class='ocr_carea' id='block_1_34' title="bbox 2504 751 4088 826">
    <p class='ocr_par' dir='ltr' id='par_1_34' title="bbox 2504 751 4088 826">
     <span class='ocr_line' id='line_1_34' title="bbox 2504 751 4088 826; baseline -0.001 -18"><span class='ocrx_word' id='word_1_215' title='bbox 2504 756 2649 825; x_wconf 77' lang='grc' dir='ltr'>Νίκῃ</span> <span class='ocrx_word' id='word_1_216' title='bbox 2668 754 2782 823; x_wconf 83' lang='grc'><strong>(55)</strong></span> <span class='ocrx_word' id='word_1_217' title='bbox 2837 756 2879 818; x_wconf 78' lang='grc' dir='ltr'><strong>ί,</strong></span> <span class='ocrx_word' id='word_1_218' title='bbox 2919 754 2995 824; x_wconf 84' lang='grc' dir='ltr'>τῷ</span> <span class='ocrx_word' id='word_1_219' title='bbox 3023 752 3312 826; x_wconf 82' lang='grc' dir='ltr'>παρομοίῳ</span> <span class='ocrx_word' id='word_1_220' title='bbox 3332 751 3426 806; x_wconf 83' lang='grc' dir='ltr'>τοῦ</span> <span class='ocrx_word' id='word_1_221' title='bbox 3442 755 3703 825; x_wconf 80' lang='grc' dir='ltr'>ὀνόματος</span> <span class='ocrx_word' id='word_1_222' title='bbox 3720 753 4088 824; x_wconf 75' lang='grc' dir='ltr'><strong>συναρπάζειν</strong></span> 
     </span>
    </p>
   </div>
   <div class='ocr_carea' id='block_1_35' title="bbox 2504 845 4086 918">
    <p class='ocr_par' dir='ltr' id='par_1_35' title="bbox 2504 845 4086 918">
     <span class='ocr_line' id='line_1_35' title="bbox 2504 845 4086 918; baseline 0.001 -20"><span class='ocrx_word' id='word_1_223' title='bbox 2504 848 2630 910; x_wconf 84' lang='grc' dir='ltr'>τοὺς</span> <span class='ocrx_word' id='word_1_224' title='bbox 2671 845 3074 917; x_wconf 79' lang='grc' dir='ltr'><strong>ἁπλουστέρους</strong></span> <span class='ocrx_word' id='word_1_225' title='bbox 3109 845 3464 917; x_wconf 83' lang='grc' dir='ltr'>βουλόμενοι’</span> <span class='ocrx_word' id='word_1_226' title='bbox 3492 847 3591 918; x_wconf 80' lang='grc' dir='ltr'>τὴν</span> <span class='ocrx_word' id='word_1_227' title='bbox 3639 847 3698 899; x_wconf 81' lang='grc' dir='ltr'>ἐν</span> <span class='ocrx_word' id='word_1_228' title='bbox 3742 846 3949 917; x_wconf 79' lang='grc' dir='ltr'>Νικαίᾳ</span> <span class='ocrx_word' id='word_1_229' title='bbox 3979 847 4086 917; x_wconf 79' lang='grc' dir='ltr'><strong>γάρ</strong></span> 
     </span>
    </p>
   </div>
   <div class='ocr_carea' id='block_1_36' title="bbox 2505 934 4088 1010">
    <p class='ocr_par' dir='ltr' id='par_1_36' title="bbox 2505 934 4088 1010">
     <span class='ocr_line' id='line_1_36' title="bbox 2505 934 4088 1010; baseline 0.001 -20"><span class='ocrx_word' id='word_1_230' title='bbox 2505 939 2606 1008; x_wconf 75' lang='grc' dir='ltr'>τῆς</span> <span class='ocrx_word' id='word_1_231' title='bbox 2648 937 2907 1002; x_wconf 85' lang='grc' dir='ltr'>Βιθυνίας</span> <span class='ocrx_word' id='word_1_232' title='bbox 2940 939 3121 992; x_wconf 85' lang='grc' dir='ltr'>πίστιν</span> <span class='ocrx_word' id='word_1_233' title='bbox 3159 934 3298 992; x_wconf 74' lang='grc' dir='ltr'>εἶναι</span> <span class='ocrx_word' id='word_1_234' title='bbox 3329 939 3597 1010; x_wconf 78' lang='grc' dir='ltr'>ἐνόμιζον.</span> <span class='ocrx_word' id='word_1_235' title='bbox 3643 939 3782 991; x_wconf 81' lang='grc' dir='ltr'>Ἀλλ’</span> <span class='ocrx_word' id='word_1_236' title='bbox 3811 938 3965 992; x_wconf 66' lang='grc' dir='ltr'>οὐδὲν</span> <span class='ocrx_word' id='word_1_237' title='bbox 3991 938 4088 992; x_wconf 83' lang='grc' dir='ltr'><strong>αὐ-</strong></span> 
     </span>
    </p>
   </div>
   <div class='ocr_carea' id='block_1_37' title="bbox 2503 1029 4082 1102">
    <p class='ocr_par' dir='ltr' id='par_1_37' title="bbox 2503 1029 4082 1102">
     <span class='ocr_line' id='line_1_37' title="bbox 2503 1029 4082 1102; baseline 0.001 -20"><span class='ocrx_word' id='word_1_238' title='bbox 2503 1033 2628 1093; x_wconf 71' lang='grc' dir='ltr'>τοὺς</span> <span class='ocrx_word' id='word_1_239' title='bbox 2659 1029 2836 1101; x_wconf 81' lang='grc' dir='ltr'>ὢνησε</span> <span class='ocrx_word' id='word_1_240' title='bbox 2861 1030 2922 1083; x_wconf 81' lang='grc' dir='ltr'>τὸ</span> <span class='ocrx_word' id='word_1_241' title='bbox 2940 1030 3205 1100; x_wconf 76' lang='grc' dir='ltr'>σόφισμαο</span> <span class='ocrx_word' id='word_1_242' title='bbox 3227 1032 3343 1102; x_wconf 77' lang='grc' dir='ltr'>μετ’</span> <span class='ocrx_word' id='word_1_243' title='bbox 3366 1031 3426 1084; x_wconf 85' lang='grc' dir='ltr'>οὐ</span> <span class='ocrx_word' id='word_1_244' title='bbox 3443 1031 3578 1084; x_wconf 76' lang='grc' dir='ltr'>πολὺ</span> <span class='ocrx_word' id='word_1_245' title='bbox 3605 1030 3714 1101; x_wconf 83' lang='grc' dir='ltr'><strong>γάρ</strong></span> <span class='ocrx_word' id='word_1_246' title='bbox 3747 1029 4046 1102; x_wconf 72' lang='grc' dir='ltr'><strong>ἐξηλέγχθη</strong></span> <span class='ocrx_word' id='word_1_247' title='bbox 4068 1048 4082 1060; x_wconf 92' lang='grc'><strong>·</strong></span> 
     </span>
    </p>
   </div>
   <div class='ocr_carea' id='block_1_38' title="bbox 2504 1119 4088 1195">
    <p class='ocr_par' dir='ltr' id='par_1_38' title="bbox 2504 1119 4088 1195">
     <span class='ocr_line' id='line_1_38' title="bbox 2504 1119 4088 1195; baseline 0.001 -21"><span class='ocrx_word' id='word_1_248' title='bbox 2504 1122 2778 1177; x_wconf 77' lang='grc' dir='ltr'>διετέλουν</span> <span class='ocrx_word' id='word_1_249' title='bbox 2808 1123 2918 1195; x_wconf 82' lang='grc' dir='ltr'><strong>γάρ</strong></span> <span class='ocrx_word' id='word_1_250' title='bbox 2944 1123 3265 1195; x_wconf 81' lang='grc' dir='ltr'>γελώμενοι.</span> <span class='ocrx_word' id='word_1_251' title='bbox 3300 1125 3434 1195; x_wconf 75' lang='grc' dir='ltr'>Περὶ</span> <span class='ocrx_word' id='word_1_252' title='bbox 3461 1125 3559 1195; x_wconf 82' lang='grc' dir='ltr'>μὲν</span> <span class='ocrx_word' id='word_1_253' title='bbox 3590 1119 3684 1178; x_wconf 80' lang='grc' dir='ltr'>οὖν</span> <span class='ocrx_word' id='word_1_254' title='bbox 3711 1123 3822 1177; x_wconf 84' lang='grc' dir='ltr'>τῶν</span> <span class='ocrx_word' id='word_1_255' title='bbox 3852 1123 3995 1177; x_wconf 83' lang='grc' dir='ltr'>κατὰ</span> <span class='ocrx_word' id='word_1_256' title='bbox 4019 1122 4088 1176; x_wconf 70' lang='grc' dir='ltr'><strong>τά</strong></span> 
     </span>
    </p>
   </div>
   <div class='ocr_carea' id='block_1_39' title="bbox 2505 1213 4087 1288">
    <p class='ocr_par' dir='ltr' id='par_1_39' title="bbox 2505 1213 4087 1288">
     <span class='ocr_line' id='line_1_39' title="bbox 2505 1213 4087 1288; baseline 0 -22"><span class='ocrx_word' id='word_1_257' title='bbox 2505 1213 2741 1286; x_wconf 81' lang='grc' dir='ltr'>ἑσπέρια</span> <span class='ocrx_word' id='word_1_258' title='bbox 2794 1214 3103 1284; x_wconf 83' lang='grc' dir='ltr'>γενομένων</span> <span class='ocrx_word' id='word_1_259' title='bbox 3165 1215 3328 1288; x_wconf 86' lang='grc' dir='ltr'>μέρη,</span> <span class='ocrx_word' id='word_1_260' title='bbox 3370 1214 3607 1268; x_wconf 81' lang='grc' dir='ltr'>τοσαῦτα</span> <span class='ocrx_word' id='word_1_261' title='bbox 3639 1213 3898 1286; x_wconf 81' lang='grc' dir='ltr'>εἰρήσθω.</span> <span class='ocrx_word' id='word_1_262' title='bbox 3945 1215 4087 1267; x_wconf 87' lang='grc' dir='ltr'>Μετ-</span> 
     </span>
    </p>
   </div>
   <div class='ocr_carea' id='block_1_40' title="bbox 2509 1303 4088 1378">
    <p class='ocr_par' dir='ltr' id='par_1_40' title="bbox 2509 1303 4088 1378">
     <span class='ocr_line' id='line_1_40' title="bbox 2509 1303 4088 1378; baseline -0.001 -20"><span class='ocrx_word' id='word_1_263' title='bbox 2509 1307 2646 1360; x_wconf 82' lang='grc' dir='ltr'>ιτέον</span> <span class='ocrx_word' id='word_1_264' title='bbox 2671 1307 2727 1361; x_wconf 86' lang='grc' dir='ltr'>δὲ</span> <span class='ocrx_word' id='word_1_265' title='bbox 2749 1309 2844 1360; x_wconf 72' lang='grc' dir='ltr'><strong>ἐπὶ</strong></span> <span class='ocrx_word' id='word_1_266' title='bbox 2862 1309 3116 1378; x_wconf 80' lang='grc' dir='ltr'>διήγησιν</span> <span class='ocrx_word' id='word_1_267' title='bbox 3143 1307 3250 1359; x_wconf 85' lang='grc' dir='ltr'>τῶν</span> <span class='ocrx_word' id='word_1_268' title='bbox 3274 1305 3416 1360; x_wconf 82' lang='grc' dir='ltr'>κατὰ</span> <span class='ocrx_word' id='word_1_269' title='bbox 3440 1307 3530 1360; x_wconf 84' lang='grc' dir='ltr'>τὸν</span> <span class='ocrx_word' id='word_1_270' title='bbox 3555 1306 3715 1360; x_wconf 70' lang='grc' dir='ltr'>αὐτὸν</span> <span class='ocrx_word' id='word_1_271' title='bbox 3736 1305 3925 1377; x_wconf 87' lang='grc' dir='ltr'>χρόνον</span> <span class='ocrx_word' id='word_1_272' title='bbox 3946 1303 4088 1358; x_wconf 81' lang='grc' dir='ltr'>κατὰ</span> 
     </span>
    </p>
   </div>
   <div class='ocr_carea' id='block_1_41' title="bbox 2504 1396 4082 1472">
    <p class='ocr_par' dir='ltr' id='par_1_41' title="bbox 2504 1396 4082 1472">
     <span class='ocr_line' id='line_1_41' title="bbox 2504 1396 4082 1472; baseline 0 -22"><span class='ocrx_word' id='word_1_273' title='bbox 2504 1399 2604 1470; x_wconf 78' lang='grc' dir='ltr'>τὴν</span> <span class='ocrx_word' id='word_1_274' title='bbox 2637 1401 2904 1472; x_wconf 78' lang='grc' dir='ltr'>ἀνατολὴν</span> <span class='ocrx_word' id='word_1_275' title='bbox 2964 1399 3369 1471; x_wconf 77' lang='grc' dir='ltr'>γεγενημένων.</span> <span class='ocrx_word' id='word_1_276' title='bbox 3416 1398 3672 1470; x_wconf 79' lang='grc' dir='ltr'>’Λρκτέον</span> <span class='ocrx_word' id='word_1_277' title='bbox 3707 1399 3763 1452; x_wconf 82' lang='grc' dir='ltr'>δὲ</span> <span class='ocrx_word' id='word_1_278' title='bbox 3810 1396 4082 1452; x_wconf 72' lang='grc' dir='ltr'>ἐντεῦθεν.</span> 
     </span>
    </p>
   </div>
   <div class='ocr_carea' id='block_1_42' title="bbox 3138 1775 3463 1828">
    <p class='ocr_par' dir='ltr' id='par_1_42' title="bbox 3138 1775 3463 1828">
     <span class='ocr_line' id='line_1_42' title="bbox 3138 1775 3463 1828; baseline 0.006 -2"><span class='ocrx_word' id='word_1_279' title='bbox 3138 1775 3294 1828; x_wconf 73' lang='grc' dir='ltr'><strong>ΚΕΦ.</strong></span> <span class='ocrx_word' id='word_1_280' title='bbox 3332 1775 3463 1828; x_wconf 75' lang='lat' dir='ltr'><strong>AH’.</strong></span> 
     </span>
    </p>
   </div>
   <div class='ocr_carea' id='block_1_43' title="bbox 2506 1862 4088 1934">
    <p class='ocr_par' dir='ltr' id='par_1_43' title="bbox 2506 1862 4088 1934">
     <span class='ocr_line' id='line_1_43' title="bbox 2506 1862 4088 1934; baseline -0.001 -16"><span class='ocrx_word' id='word_1_281' title='bbox 2506 1864 2644 1933; x_wconf 75' lang='grc' dir='ltr'>Περὶ</span> <span class='ocrx_word' id='word_1_282' title='bbox 2691 1862 2804 1933; x_wconf 81' lang='grc' dir='ltr'>τῆς</span> <span class='ocrx_word' id='word_1_283' title='bbox 2843 1865 3214 1918; x_wconf 78' lang='grc' dir='ltr'>Μακεδονίου</span> <span class='ocrx_word' id='word_1_284' title='bbox 3255 1866 3576 1934; x_wconf 83' lang='grc' dir='ltr'>ὠμότητος,</span> <span class='ocrx_word' id='word_1_285' title='bbox 3629 1881 3727 1918; x_wconf 82' lang='grc' dir='ltr'><strong>κα,</strong></span> <span class='ocrx_word' id='word_1_286' title='bbox 3782 1863 3916 1934; x_wconf 75' lang='grc' dir='ltr'>περὶ</span> <span class='ocrx_word' id='word_1_287' title='bbox 3968 1864 4088 1918; x_wconf 71' lang='grc' dir='ltr'><strong>τῶν</strong></span> 
     </span>
    </p>
   </div>
   <div class='ocr_carea' id='block_1_44' title="bbox 2809 1934 3788 2005">
    <p class='ocr_par' dir='ltr' id='par_1_44' title="bbox 2809 1934 3788 2005">
     <span class='ocr_line' id='line_1_44' title="bbox 2809 1934 3788 2005; baseline 0 -17"><span class='ocrx_word' id='word_1_288' title='bbox 2809 1934 2882 1988; x_wconf 78' lang='grc' dir='ltr'>δι’</span> <span class='ocrx_word' id='word_1_289' title='bbox 2915 1935 3102 1989; x_wconf 84' lang='grc' dir='ltr'>αὐτοῦ</span> <span class='ocrx_word' id='word_1_290' title='bbox 3132 1937 3464 2005; x_wconf 76' lang='grc' dir='ltr'>γεγονότων</span> <span class='ocrx_word' id='word_1_291' title='bbox 3493 1934 3788 2005; x_wconf 82' lang='grc' dir='ltr'>ταραχῶν.</span> 
     </span>
    </p>
   </div>
   <div class='ocr_carea' id='block_1_45' title="bbox 2580 2025 4087 2100">
    <p class='ocr_par' dir='ltr' id='par_1_45' title="bbox 2580 2025 4087 2100">
     <span class='ocr_line' id='line_1_45' title="bbox 2580 2025 4087 2100; baseline 0 -21"><span class='ocrx_word' id='word_1_292' title='bbox 2580 2027 2644 2079; x_wconf 82' lang='grc' dir='ltr'><strong>Οί</strong></span> <span class='ocrx_word' id='word_1_293' title='bbox 2685 2026 2780 2080; x_wconf 80' lang='grc' dir='ltr'>τοῦ</span> <span class='ocrx_word' id='word_1_294' title='bbox 2839 2027 3116 2098; x_wconf 70' lang='grc' dir='ltr'>Ἀρείανοῦ</span> <span class='ocrx_word' id='word_1_295' title='bbox 3187 2026 3384 2100; x_wconf 82' lang='grc' dir='ltr'>μέρους</span> <span class='ocrx_word' id='word_1_296' title='bbox 3428 2027 3714 2080; x_wconf 73' lang='grc' dir='ltr'>ἐπίσκοποι</span> <span class='ocrx_word' id='word_1_297' title='bbox 3766 2025 3952 2098; x_wconf 76' lang='grc' dir='ltr'>μεῖζον</span> <span class='ocrx_word' id='word_1_298' title='bbox 4022 2027 4087 2079; x_wconf 74' lang='grc' dir='ltr'>ἐκ</span> 
     </span>
    </p>
   </div>
   <div class='ocr_carea' id='block_1_46' title="bbox 2507 2117 4088 2192">
    <p class='ocr_par' dir='ltr' id='par_1_46' title="bbox 2507 2117 4088 2192">
     <span class='ocr_line' id='line_1_46' title="bbox 2507 2117 4088 2192; baseline 0.001 -22"><span class='ocrx_word' id='word_1_299' title='bbox 2507 2117 2616 2171; x_wconf 85' lang='grc' dir='ltr'><strong>τῶν</strong></span> <span class='ocrx_word' id='word_1_300' title='bbox 2649 2117 2942 2189; x_wconf 83' lang='grc' dir='ltr'>βασιλικῶν</span> <span class='ocrx_word' id='word_1_301' title='bbox 2989 2120 3430 2191; x_wconf 81' lang='grc' dir='ltr'>προσταγμάτων</span> <span class='ocrx_word' id='word_1_302' title='bbox 3479 2120 3925 2192; x_wconf 78' lang='grc' dir='ltr'>προσελάμϐανον</span> <span class='ocrx_word' id='word_1_303' title='bbox 3956 2119 4088 2190; x_wconf 82' lang='grc' dir='ltr'>Θρά-</span> 
     </span>
    </p>
   </div>
   <div class='ocr_carea' id='block_1_47' title="bbox 2511 2211 4088 2284">
    <p class='ocr_par' dir='ltr' id='par_1_47' title="bbox 2511 2211 4088 2284">
     <span class='ocr_line' id='line_1_47' title="bbox 2511 2211 4088 2284; baseline 0.001 -22"><span class='ocrx_word' id='word_1_304' title='bbox 2511 2225 2620 2273; x_wconf 84' lang='grc' dir='ltr'>σος.</span> <span class='ocrx_word' id='word_1_305' title='bbox 2650 2211 2761 2264; x_wconf 71' lang='grc' dir='ltr'><strong>Καὶ</strong></span> <span class='ocrx_word' id='word_1_306' title='bbox 2781 2211 2929 2276; x_wconf 85' lang='grc' dir='ltr'>ὃπως</span> <span class='ocrx_word' id='word_1_307' title='bbox 2956 2211 3052 2282; x_wconf 82' lang='grc' dir='ltr'>τὴν</span> <span class='ocrx_word' id='word_1_308' title='bbox 3077 2211 3176 2282; x_wconf 83' lang='grc' dir='ltr'>μὲν</span> <span class='ocrx_word' id='word_1_309' title='bbox 3210 2211 3431 2282; x_wconf 76' lang='grc' dir='ltr'>σύγοδον</span> <span class='ocrx_word' id='word_1_310' title='bbox 3457 2212 3926 2284; x_wconf 79' lang='grc' dir='ltr'>παρεσκευάζοντο</span> <span class='ocrx_word' id='word_1_311' title='bbox 3957 2229 4088 2280; x_wconf 71' lang='grc' dir='ltr'>συγ-</span> 
     </span>
    </p>
   </div>
   <div class='ocr_carea' id='block_1_48' title="bbox 2511 2303 4088 2377">
    <p class='ocr_par' dir='ltr' id='par_1_48' title="bbox 2511 2303 4088 2377">
     <span class='ocr_line' id='line_1_48' title="bbox 2511 2303 4088 2377; baseline 0.001 -23"><span class='ocrx_word' id='word_1_312' title='bbox 2511 2305 2758 2373; x_wconf 86' lang='grc' dir='ltr'>κροτεῖν,</span> <span class='ocrx_word' id='word_1_313' title='bbox 2794 2304 2989 2375; x_wconf 83' lang='grc' dir='ltr'>μικρὸν</span> <span class='ocrx_word' id='word_1_314' title='bbox 3035 2303 3260 2376; x_wconf 76' lang='grc' dir='ltr'>ὕστερον</span> <span class='ocrx_word' id='word_1_315' title='bbox 3300 2304 3455 2367; x_wconf 78' lang='grc' dir='ltr'>λέξω.</span> <span class='ocrx_word' id='word_1_316' title='bbox 3490 2306 3572 2360; x_wconf 75' lang='grc' dir='ltr'>Τά</span> <span class='ocrx_word' id='word_1_317' title='bbox 3605 2305 3663 2358; x_wconf 84' lang='grc' dir='ltr'>δὲ</span> <span class='ocrx_word' id='word_1_318' title='bbox 3691 2307 3796 2377; x_wconf 86' lang='grc' dir='ltr'>πρὸ</span> <span class='ocrx_word' id='word_1_319' title='bbox 3831 2305 3928 2374; x_wconf 83' lang='grc' dir='ltr'><strong>τῆς</strong></span> <span class='ocrx_word' id='word_1_320' title='bbox 3964 2321 4088 2356; x_wconf 63' lang='grc' dir='ltr'>συν-</span> 
     </span>
    </p>
   </div>
   <div class='ocr_carea' id='block_1_49' title="bbox 2507 2393 4086 2470">
    <p class='ocr_par' dir='ltr' id='par_1_49' title="bbox 2507 2393 4086 2470">
     <span class='ocr_line' id='line_1_49' title="bbox 2507 2393 4086 2470; baseline 0.005 -24"><span class='ocrx_word' id='word_1_321' title='bbox 2507 2393 2628 2446; x_wconf 88' lang='grc' dir='ltr'>όδου</span> <span class='ocrx_word' id='word_1_322' title='bbox 2664 2394 2754 2447; x_wconf 76' lang='grc' dir='ltr'>ὑπ’</span> <span class='ocrx_word' id='word_1_323' title='bbox 2796 2395 2974 2448; x_wconf 77' lang='grc' dir='ltr'>αὐτῶν</span> <span class='ocrx_word' id='word_1_324' title='bbox 3021 2396 3288 2467; x_wconf 89' lang='grc' dir='ltr'>γενόμενα</span> <span class='ocrx_word' id='word_1_325' title='bbox 3335 2399 3599 2470; x_wconf 82' lang='grc' dir='ltr'>πρότερον</span> <span class='ocrx_word' id='word_1_326' title='bbox 3670 2397 4086 2468; x_wconf 75' lang='grc' dir='ltr'>ἐπιδράμωμεν.</span> 
     </span>
    </p>
   </div>
   <div class='ocr_carea' id='block_1_50' title="bbox 2521 2486 4089 2561">
    <p class='ocr_par' dir='ltr' id='par_1_50' title="bbox 2521 2486 4089 2561">
     <span class='ocr_line' id='line_1_50' title="bbox 2521 2486 4089 2561; baseline 0.001 -23"><span class='ocrx_word' id='word_1_327' title='bbox 2521 2486 2824 2550; x_wconf 71' lang='grc' dir='ltr'>Ἀκάκιοςκ</span> <span class='ocrx_word' id='word_1_328' title='bbox 2870 2488 2970 2559; x_wconf 78' lang='grc' dir='ltr'>μὲν</span> <span class='ocrx_word' id='word_1_329' title='bbox 3015 2489 3124 2559; x_wconf 87' lang='grc' dir='ltr'><strong>γάρ</strong></span> <span class='ocrx_word' id='word_1_330' title='bbox 3178 2489 3275 2542; x_wconf 79' lang='grc' dir='ltr'><strong>καὶ</strong></span> <span class='ocrx_word' id='word_1_331' title='bbox 3329 2489 3684 2561; x_wconf 82' lang='grc' dir='ltr'>Πατρόφιλος,</span> <span class='ocrx_word' id='word_1_332' title='bbox 3715 2489 3966 2559; x_wconf 76' lang='grc' dir='ltr'>Μάξιμον</span> <span class='ocrx_word' id='word_1_333' title='bbox 3997 2486 4089 2540; x_wconf 80' lang='grc' dir='ltr'>τὸν</span> 
     </span>
    </p>
   </div>
   <div class='ocr_carea' id='block_1_51' title="bbox 2521 2579 4089 2652">
    <p class='ocr_par' dir='ltr' id='par_1_51' title="bbox 2521 2579 4089 2652">
     <span class='ocr_line' id='line_1_51' title="bbox 2521 2579 4089 2652; baseline 0.001 -21"><span class='ocrx_word' id='word_1_334' title='bbox 2521 2579 2910 2650; x_wconf 84' lang='grc' dir='ltr'>Ἰεροσολύμων</span> <span class='ocrx_word' id='word_1_335' title='bbox 2947 2580 3347 2652; x_wconf 78' lang='grc' dir='ltr'>ὲξωθήσαντες,</span> <span class='ocrx_word' id='word_1_336' title='bbox 3398 2581 3664 2652; x_wconf 83' lang='grc' dir='ltr'>Κύριλλον</span> <span class='ocrx_word' id='word_1_337' title='bbox 3697 2582 4089 2650; x_wconf 82' lang='grc' dir='ltr'>ἀντικατέστη-</span> 
     </span>
    </p>
   </div>
   <div class='ocr_carea' id='block_1_52' title="bbox 2511 2672 4089 2743">
    <p class='ocr_par' dir='ltr' id='par_1_52' title="bbox 2511 2672 4089 2743">
     <span class='ocr_line' id='line_1_52' title="bbox 2511 2672 4089 2743; baseline -0.001 -18"><span class='ocrx_word' id='word_1_338' title='bbox 2511 2690 2630 2726; x_wconf 89' lang='grc' dir='ltr'>σαν.</span> <span class='ocrx_word' id='word_1_339' title='bbox 2669 2672 3000 2734; x_wconf 79' lang='grc' dir='ltr'>Μακεδόνως</span> <span class='ocrx_word' id='word_1_340' title='bbox 3027 2673 3082 2726; x_wconf 84' lang='grc' dir='ltr'>δὲ</span> <span class='ocrx_word' id='word_1_341' title='bbox 3117 2673 3216 2737; x_wconf 84' lang='grc' dir='ltr'><strong>τὰς</strong></span> <span class='ocrx_word' id='word_1_342' title='bbox 3270 2673 3684 2743; x_wconf 79' lang='grc' dir='ltr'>γειτνιαζούσας</span> <span class='ocrx_word' id='word_1_343' title='bbox 3712 2674 3768 2726; x_wconf 83' lang='grc' dir='ltr'>ὲν</span> <span class='ocrx_word' id='word_1_344' title='bbox 3797 2673 4089 2725; x_wconf 83' lang='grc' dir='ltr'>Κωνσταν-</span> 
     </span>
    </p>
   </div>
   <div class='ocr_carea' id='block_1_53' title="bbox 2507 2763 4075 2835">
    <p class='ocr_par' dir='ltr' id='par_1_53' title="bbox 2507 2763 4075 2835">
     <span class='ocr_line' id='line_1_53' title="bbox 2507 2763 4075 2835; baseline -0.001 -19"><span class='ocrx_word' id='word_1_345' title='bbox 2507 2764 2652 2816; x_wconf 82' lang='grc' dir='ltr'>τίνου</span> <span class='ocrx_word' id='word_1_346' title='bbox 2691 2764 2841 2817; x_wconf 87' lang='grc' dir='ltr'>πόλει</span> <span class='ocrx_word' id='word_1_347' title='bbox 2872 2764 2980 2834; x_wconf 83' lang='grc'><strong>(56)</strong></span> <span class='ocrx_word' id='word_1_348' title='bbox 3002 2765 3272 2835; x_wconf 78' lang='grc' dir='ltr'>ἐπαρχίας</span> <span class='ocrx_word' id='word_1_349' title='bbox 3309 2782 3366 2818; x_wconf 92' lang='grc' dir='ltr'><strong>τε</strong></span> <span class='ocrx_word' id='word_1_350' title='bbox 3418 2767 3512 2818; x_wconf 76' lang='grc' dir='ltr'><strong>καὶ</strong></span> <span class='ocrx_word' id='word_1_351' title='bbox 3545 2765 3730 2828; x_wconf 78' lang='grc' dir='ltr'>πόλεις</span> <span class='ocrx_word' id='word_1_352' title='bbox 3751 2763 4075 2834; x_wconf 86' lang='grc' dir='ltr'>άνέτρεπεν,</span> 
     </span>
    </p>
   </div>
   <div class='ocr_carea' id='block_1_54' title="bbox 2511 2853 4089 2925">
    <p class='ocr_par' dir='ltr' id='par_1_54' title="bbox 2511 2853 4089 2925">
     <span class='ocr_line' id='line_1_54' title="bbox 2511 2853 4089 2925; baseline 0.001 -21"><span class='ocrx_word' id='word_1_353' title='bbox 2511 2853 2823 2923; x_wconf 78' lang='grc' dir='ltr'>ὑπουργοὺς</span> <span class='ocrx_word' id='word_1_354' title='bbox 2838 2853 2931 2906; x_wconf 76' lang='grc' dir='ltr'>τοῦ</span> <span class='ocrx_word' id='word_1_355' title='bbox 2963 2855 3167 2907; x_wconf 75' lang='grc' dir='ltr'>οἰκείου</span> <span class='ocrx_word' id='word_1_356' title='bbox 3199 2855 3404 2908; x_wconf 76' lang='grc' dir='ltr'>σκοποῦ</span> <span class='ocrx_word' id='word_1_357' title='bbox 3433 2854 3574 2908; x_wconf 82' lang='grc' dir='ltr'>κατὰ</span> <span class='ocrx_word' id='word_1_358' title='bbox 3597 2855 3707 2908; x_wconf 83' lang='grc' dir='ltr'>τῶν</span> <span class='ocrx_word' id='word_1_359' title='bbox 3749 2853 4089 2925; x_wconf 86' lang='grc' dir='ltr'>Ἐκκλησιῶν</span> 
     </span>
    </p>
   </div>
   <div class='ocr_carea' id='block_1_55' title="bbox 2507 2944 4091 3017">
    <p class='ocr_par' dir='ltr' id='par_1_55' title="bbox 2507 2944 4091 3017">
     <span class='ocr_line' id='line_1_55' title="bbox 2507 2944 4091 3017; baseline 0.001 -21"><span class='ocrx_word' id='word_1_360' title='bbox 2507 2944 2963 3016; x_wconf 79' lang='grc' dir='ltr'>προϐαλλόμενος.</span> <span class='ocrx_word' id='word_1_361' title='bbox 2990 2945 3093 2998; x_wconf 77' lang='grc' dir='ltr'><strong>Καὶ</strong></span> <span class='ocrx_word' id='word_1_362' title='bbox 3132 2947 3234 3017; x_wconf 77' lang='grc' dir='ltr'>τῆς</span> <span class='ocrx_word' id='word_1_363' title='bbox 3267 2948 3366 3017; x_wconf 83' lang='grc' dir='ltr'>μὲν</span> <span class='ocrx_word' id='word_1_364' title='bbox 3395 2946 3633 3011; x_wconf 77' lang='grc' dir='ltr'>Κυζίκου</span> <span class='ocrx_word' id='word_1_365' title='bbox 3666 2945 3938 2999; x_wconf 77' lang='grc' dir='ltr'>Ἐλεύσιον</span> <span class='ocrx_word' id='word_1_366' title='bbox 3969 2945 4091 2998; x_wconf 84' lang='grc' dir='ltr'>ὲπί-</span> 
     </span>
    </p>
   </div>
   <div class='ocr_carea' id='block_1_56' title="bbox 2510 3035 4090 3109">
    <p class='ocr_par' dir='ltr' id='par_1_56' title="bbox 2510 3035 4090 3109">
     <span class='ocr_line' id='line_1_56' title="bbox 2510 3035 4090 3109; baseline 0 -21"><span class='ocrx_word' id='word_1_367' title='bbox 2510 3053 2710 3088; x_wconf 84' lang='grc' dir='ltr'>σκοπον</span> <span class='ocrx_word' id='word_1_368' title='bbox 2758 3036 3105 3100; x_wconf 71' lang='grc' dir='ltr'>ἁναδεικνύςο</span> <span class='ocrx_word' id='word_1_369' title='bbox 3155 3037 3255 3106; x_wconf 75' lang='grc' dir='ltr'>τῆς</span> <span class='ocrx_word' id='word_1_370' title='bbox 3301 3039 3359 3091; x_wconf 83' lang='grc' dir='ltr'>δὲ</span> <span class='ocrx_word' id='word_1_371' title='bbox 3406 3037 3776 3109; x_wconf 68' lang='grc' dir='ltr'>Νικομηδείας</span> <span class='ocrx_word' id='word_1_372' title='bbox 3813 3035 4090 3108; x_wconf 82' lang='grc' dir='ltr'>Μαραθώ-</span> 
     </span>
    </p>
   </div>
   <div class='ocr_carea' id='block_1_57' title="bbox 2509 3124 4090 3200">
    <p class='ocr_par' dir='ltr' id='par_1_57' title="bbox 2509 3124 4090 3200">
     <span class='ocr_line' id='line_1_57' title="bbox 2509 3124 4090 3200; baseline 0.002 -21"><span class='ocrx_word' id='word_1_373' title='bbox 2509 3143 2649 3180; x_wconf 86' lang='grc' dir='ltr'>νιον”</span> <span class='ocrx_word' id='word_1_374' title='bbox 2674 3127 2732 3190; x_wconf 83' lang='grc' dir='ltr'>ὃς</span> <span class='ocrx_word' id='word_1_375' title='bbox 2766 3127 3030 3199; x_wconf 88' lang='grc' dir='ltr'>πρότερον</span> <span class='ocrx_word' id='word_1_376' title='bbox 3077 3127 3175 3198; x_wconf 83' lang='grc' dir='ltr'>μὲν</span> <span class='ocrx_word' id='word_1_377' title='bbox 3221 3128 3467 3192; x_wconf 84' lang='grc' dir='ltr'>διάκονος</span> <span class='ocrx_word' id='word_1_378' title='bbox 3497 3124 3586 3200; x_wconf 81' lang='grc' dir='ltr'>ἦν,</span> <span class='ocrx_word' id='word_1_379' title='bbox 3628 3128 3735 3182; x_wconf 80' lang='grc' dir='ltr'>ὑπὸ</span> <span class='ocrx_word' id='word_1_380' title='bbox 3771 3127 4090 3200; x_wconf 83' lang='grc' dir='ltr'>Μακεδονίῳ</span> 
     </span>
    </p>
   </div>
   <div class='ocr_carea' id='block_1_58' title="bbox 823 3217 2609 3290">
    <p class='ocr_par' dir='ltr' id='par_1_58' title="bbox 823 3219 2608 3275">
     <span class='ocr_line' id='line_1_58' title="bbox 823 3219 2608 3275; baseline -0.002 -1"><span class='ocrx_word' id='word_1_381' title='bbox 823 3237 944 3274; x_wconf 88' lang='lat' dir='ltr'><strong>rum</strong></span> <span class='ocrx_word' id='word_1_382' title='bbox 995 3220 1049 3273; x_wconf 92' lang='lat' dir='ltr'><strong>in</strong></span> <span class='ocrx_word' id='word_1_383' title='bbox 1076 3219 1476 3274; x_wconf 87' lang='lat' dir='ltr'><strong>constituendis</strong></span> <span class='ocrx_word' id='word_1_384' title='bbox 1504 3219 1747 3273; x_wconf 92' lang='lat' dir='ltr'><strong>virorum</strong></span> <span class='ocrx_word' id='word_1_385' title='bbox 1790 3235 1853 3275; x_wconf 91' lang='lat' dir='ltr'><strong>ac</strong></span> <span class='ocrx_word' id='word_1_386' title='bbox 1890 3219 2186 3273; x_wconf 91' lang='lat' dir='ltr'><strong>mulierum</strong></span> <span class='ocrx_word' id='word_1_387' title='bbox 2219 3233 2409 3273; x_wconf 89' lang='lat' dir='ltr'><strong>mona-</strong></span> <span class='ocrx_word' id='word_1_388' title='bbox 2507 3235 2608 3271; x_wconf 84' lang='grc' dir='ltr'><strong>τατ</strong></span> 
     </span>
    </p>
   </div>
   <div class='ocr_carea' id='block_1_59' title="bbox 2303 3217 4089 3290">
    <p class='ocr_par' dir='ltr' id='par_1_59' title="bbox 2303 3217 4089 3290">
     <span class='ocr_line' id='line_1_59' title="bbox 2303 3217 4089 3290; baseline 0.003 -21"><span class='ocrx_word' id='word_1_389' title='bbox 2303 3233 2409 3272; x_wconf 70' lang='grc' dir='ltr'><strong>»ητι-</strong></span> <span class='ocrx_word' id='word_1_390' title='bbox 2507 3217 2867 3288; x_wconf 84' lang='grc' dir='ltr'>ταττόμενος,</span> <span class='ocrx_word' id='word_1_391' title='bbox 2899 3219 3182 3281; x_wconf 83' lang='grc' dir='ltr'>σπουδαῖος</span> <span class='ocrx_word' id='word_1_392' title='bbox 3229 3219 3286 3272; x_wconf 85' lang='grc' dir='ltr'>δὲ</span> <span class='ocrx_word' id='word_1_393' title='bbox 3333 3219 3462 3288; x_wconf 74' lang='grc' dir='ltr'>περὶ</span> <span class='ocrx_word' id='word_1_394' title='bbox 3489 3220 3549 3273; x_wconf 89' lang='grc' dir='ltr'>τὸ</span> <span class='ocrx_word' id='word_1_395' title='bbox 3597 3219 3968 3290; x_wconf 80' lang='grc' dir='ltr'>συστήσασθαι</span> <span class='ocrx_word' id='word_1_396' title='bbox 3993 3221 4089 3274; x_wconf 86' lang='grc' dir='ltr'>άν-</span> 
     </span>
    </p>
   </div>
   <div class='ocr_carea' id='block_1_60' title="bbox 821 3307 2607 3382">
    <p class='ocr_par' dir='ltr' id='par_1_60' title="bbox 821 3307 2607 3382">
     <span class='ocr_line' id='line_1_60' title="bbox 821 3307 2607 3382; baseline -0.003 -16"><span class='ocrx_word' id='word_1_397' title='bbox 821 3313 1008 3366; x_wconf 91' lang='lat' dir='ltr'><strong>steriis</strong></span> <span class='ocrx_word' id='word_1_398' title='bbox 1037 3312 1316 3382; x_wconf 82' lang='lat' dir='ltr'><strong>egregiam</strong></span> <span class='ocrx_word' id='word_1_399' title='bbox 1361 3327 1586 3381; x_wconf 90' lang='lat' dir='ltr'><strong>operam</strong></span> <span class='ocrx_word' id='word_1_400' title='bbox 1633 3319 1948 3366; x_wconf 88' lang='lat' dir='ltr'><strong>navaverat.</strong></span> <span class='ocrx_word' id='word_1_401' title='bbox 2009 3312 2117 3366; x_wconf 87' lang='lat' dir='ltr'><strong>Sed</strong></span> <span class='ocrx_word' id='word_1_402' title='bbox 2169 3326 2409 3381; x_wconf 92' lang='lat' dir='ltr'><strong>quonam</strong></span> <span class='ocrx_word' id='word_1_403' title='bbox 2436 3307 2478 3365; x_wconf 93' lang='lat' dir='ltr'><strong>C</strong></span> <span class='ocrx_word' id='word_1_404' title='bbox 2511 3308 2607 3379; x_wconf 76' lang='grc' dir='ltr'>δρᾶ</span> 
     </span>
    </p>
   </div>
   <div class='ocr_carea' id='block_1_61' title="bbox 2305 3307 4091 3382">
    <p class='ocr_par' dir='ltr' id='par_1_61' title="bbox 2305 3307 4091 3382">
     <span class='ocr_line' id='line_1_61' title="bbox 2305 3307 4091 3382; baseline -0.001 -19"><span class='ocrx_word' id='word_1_405' title='bbox 2305 3326 2409 3365; x_wconf 90' lang='lat' dir='ltr'><strong>Iam</strong></span> <span class='ocrx_word' id='word_1_406' title='bbox 2436 3307 2478 3365; x_wconf 89' lang='lat' dir='ltr'><strong>C</strong></span> <span class='ocrx_word' id='word_1_407' title='bbox 2511 3308 2652 3379; x_wconf 85' lang='grc' dir='ltr'>δρῶν</span> <span class='ocrx_word' id='word_1_408' title='bbox 2678 3326 2738 3361; x_wconf 87' lang='grc' dir='ltr'><strong>τε</strong></span> <span class='ocrx_word' id='word_1_409' title='bbox 2766 3310 2859 3362; x_wconf 74' lang='grc' dir='ltr'>καὶ</span> <span class='ocrx_word' id='word_1_410' title='bbox 2887 3310 3162 3376; x_wconf 79' lang='grc' dir='ltr'>γυναικῶν</span> <span class='ocrx_word' id='word_1_411' title='bbox 3209 3312 3567 3382; x_wconf 84' lang='grc' dir='ltr'>μοναστήρια.</span> <span class='ocrx_word' id='word_1_412' title='bbox 3599 3311 3784 3374; x_wconf 83' lang='grc' dir='ltr'>Ὅπως</span> <span class='ocrx_word' id='word_1_413' title='bbox 3821 3311 3876 3362; x_wconf 83' lang='grc' dir='ltr'>δὲ</span> <span class='ocrx_word' id='word_1_414' title='bbox 3905 3311 4091 3364; x_wconf 85' lang='grc' dir='ltr'>Μακε-</span> 
     </span>
    </p>
   </div>
   <div class='ocr_carea' id='block_1_62' title="bbox 821 3399 2607 3474">
    <p class='ocr_par' dir='ltr' id='par_1_62' title="bbox 821 3399 2607 3474">
     <span class='ocr_line' id='line_1_62' title="bbox 821 3399 2607 3474; baseline 0.001 -18"><span class='ocrx_word' id='word_1_415' title='bbox 821 3401 986 3456; x_wconf 91' lang='lat' dir='ltr'><strong>modo</strong></span> <span class='ocrx_word' id='word_1_416' title='bbox 1018 3403 1230 3456; x_wconf 89' lang='lat' dir='ltr'><strong>vicinas</strong></span> <span class='ocrx_word' id='word_1_417' title='bbox 1267 3403 1742 3472; x_wconf 81' lang='lat' dir='ltr'><strong>ConstantinOpoli</strong></span> <span class='ocrx_word' id='word_1_418' title='bbox 1787 3403 2101 3474; x_wconf 76' lang='lat' dir='ltr'><strong>provincias</strong></span> <span class='ocrx_word' id='word_1_419' title='bbox 2143 3412 2201 3457; x_wconf 89' lang='lat' dir='ltr'><strong>et</strong></span> <span class='ocrx_word' id='word_1_420' title='bbox 2239 3403 2410 3458; x_wconf 86' lang='lat' dir='ltr'><strong>urbes</strong></span> <span class='ocrx_word' id='word_1_421' title='bbox 2507 3399 2607 3451; x_wconf 63' lang='lat' dir='ltr'><strong>55w</strong></span> 
     </span>
    </p>
   </div>
   <div class='ocr_carea' id='block_1_63' title="bbox 2305 3399 4091 3474">
    <p class='ocr_par' dir='ltr' id='par_1_63' title="bbox 2305 3399 4091 3473">
     <span class='ocr_line' id='line_1_63' title="bbox 2305 3399 4091 3473; baseline 0.003 -23"><span class='ocrx_word' id='word_1_422' title='bbox 2305 3403 2410 3458; x_wconf 80' lang='lat' dir='ltr'><strong>bes</strong></span> <span class='ocrx_word' id='word_1_423' title='bbox 2507 3399 2676 3462; x_wconf 78' lang='grc' dir='ltr'>δόνιος</span> <span class='ocrx_word' id='word_1_424' title='bbox 2710 3400 2810 3462; x_wconf 76' lang='grc' dir='ltr'><strong>τὰς</strong></span> <span class='ocrx_word' id='word_1_425' title='bbox 2857 3401 2985 3470; x_wconf 76' lang='grc' dir='ltr'>περὶ</span> <span class='ocrx_word' id='word_1_426' title='bbox 3034 3403 3446 3454; x_wconf 83' lang='grc' dir='ltr'>Κωνσταντίνου</span> <span class='ocrx_word' id='word_1_427' title='bbox 3485 3401 3638 3455; x_wconf 85' lang='grc' dir='ltr'>πόλιν</span> <span class='ocrx_word' id='word_1_428' title='bbox 3677 3403 3950 3473; x_wconf 78' lang='grc' dir='ltr'>ἐπαρχίας</span> <span class='ocrx_word' id='word_1_429' title='bbox 3995 3404 4091 3456; x_wconf 76' lang='grc' dir='ltr'>καὶ</span> 
     </span>
    </p>
   </div>
   <div class='ocr_carea' id='block_1_64' title="bbox 822 3494 2412 3564">
    <p class='ocr_par' dir='ltr' id='par_1_64' title="bbox 822 3494 2412 3564">
     <span class='ocr_line' id='line_1_64' title="bbox 822 3494 2412 3564; baseline -0.001 -15"><span class='ocrx_word' id='word_1_430' title='bbox 822 3495 1176 3550; x_wconf 82' lang='lat' dir='ltr'><strong>Macedonius</strong></span> <span class='ocrx_word' id='word_1_431' title='bbox 1199 3494 1484 3556; x_wconf 89' lang='lat' dir='ltr'><strong>everterit,</strong></span> <span class='ocrx_word' id='word_1_432' title='bbox 1505 3496 1614 3563; x_wconf 90' lang='lat' dir='ltr'><strong>jam</strong></span> <span class='ocrx_word' id='word_1_433' title='bbox 1647 3495 1942 3549; x_wconf 90' lang='lat' dir='ltr'><strong>dicendum</strong></span> <span class='ocrx_word' id='word_1_434' title='bbox 1973 3504 2076 3550; x_wconf 90' lang='lat' dir='ltr'><strong>est.</strong></span> <span class='ocrx_word' id='word_1_435' title='bbox 2115 3496 2215 3548; x_wconf 90' lang='lat' dir='ltr'><strong>llic</strong></span> <span class='ocrx_word' id='word_1_436' title='bbox 2245 3497 2412 3564; x_wconf 83' lang='lat' dir='ltr'><strong>igitur</strong></span> 
     </span>
    </p>
   </div>
   <div class='ocr_carea' id='block_1_65' title="bbox 823 3585 2408 3656">
    <p class='ocr_par' dir='ltr' id='par_1_65' title="bbox 823 3585 2408 3656">
     <span class='ocr_line' id='line_1_65' title="bbox 823 3585 2408 3656; baseline 0 -17"><span class='ocrx_word' id='word_1_437' title='bbox 823 3601 950 3640; x_wconf 87' lang='lat' dir='ltr'><strong>eum</strong></span> <span class='ocrx_word' id='word_1_438' title='bbox 979 3585 1352 3656; x_wconf 86' lang='lat' dir='ltr'><strong>episc0patum</strong></span> <span class='ocrx_word' id='word_1_439' title='bbox 1381 3601 1444 3638; x_wconf 85' lang='lat' dir='ltr'><strong>ea</strong></span> <span class='ocrx_word' id='word_1_440' title='bbox 1474 3585 1687 3638; x_wconf 87' lang='lat' dir='ltr'><strong>ratione</strong></span> <span class='ocrx_word' id='word_1_441' title='bbox 1714 3601 1875 3653; x_wconf 89' lang='lat' dir='ltr'><strong>quam</strong></span> <span class='ocrx_word' id='word_1_442' title='bbox 1897 3601 2062 3656; x_wconf 90' lang='lat' dir='ltr'><strong>supra</strong></span> <span class='ocrx_word' id='word_1_443' title='bbox 2094 3586 2408 3650; x_wconf 88' lang='lat' dir='ltr'><strong>retulimus,</strong></span> 
     </span>
    </p>
   </div>
   <div class='ocr_carea' id='block_1_66' title="bbox 823 3672 2412 3744">
    <p class='ocr_par' dir='ltr' id='par_1_66' title="bbox 823 3672 2412 3744">
     <span class='ocr_line' id='line_1_66' title="bbox 823 3672 2412 3744; baseline -0.003 -14"><span class='ocrx_word' id='word_1_444' title='bbox 823 3675 1222 3744; x_wconf 84' lang='lat' dir='ltr'><strong>occupavisset,</strong></span> <span class='ocrx_word' id='word_1_445' title='bbox 1258 3682 1488 3728; x_wconf 92' lang='lat' dir='ltr'><strong>cunctos</strong></span> <span class='ocrx_word' id='word_1_446' title='bbox 1530 3673 1623 3742; x_wconf 89' lang='lat' dir='ltr'><strong>qui</strong></span> <span class='ocrx_word' id='word_1_447' title='bbox 1677 3673 1820 3726; x_wconf 88' lang='lat' dir='ltr'><strong>idem</strong></span> <span class='ocrx_word' id='word_1_448' title='bbox 1858 3689 1983 3727; x_wconf 91' lang='lat' dir='ltr'><strong>cum</strong></span> <span class='ocrx_word' id='word_1_449' title='bbox 2046 3673 2164 3742; x_wconf 90' lang='lat' dir='ltr'><strong>ipso</strong></span> <span class='ocrx_word' id='word_1_450' title='bbox 2209 3672 2412 3726; x_wconf 90' lang='lat' dir='ltr'><strong>sentire</strong></span> 
     </span>
    </p>
   </div>
   <div class='ocr_carea' id='block_1_67' title="bbox 825 3761 2415 3828">
    <p class='ocr_par' dir='ltr' id='par_1_67' title="bbox 825 3761 2415 3828">
     <span class='ocr_line' id='line_1_67' title="bbox 825 3761 2415 3828; baseline -0.001 -10"><span class='ocrx_word' id='word_1_451' title='bbox 825 3765 1056 3828; x_wconf 89' lang='lat' dir='ltr'><strong>nollent,</strong></span> <span class='ocrx_word' id='word_1_452' title='bbox 1089 3763 1394 3816; x_wconf 88' lang='lat' dir='ltr'><strong>innumeris</strong></span> <span class='ocrx_word' id='word_1_453' title='bbox 1421 3762 1581 3816; x_wconf 89' lang='lat' dir='ltr'><strong>malis</strong></span> <span class='ocrx_word' id='word_1_454' title='bbox 1619 3761 1821 3816; x_wconf 80' lang='lat' dir='ltr'><strong>aﬂ&#39;ecit.</strong></span> <span class='ocrx_word' id='word_1_455' title='bbox 1853 3763 1966 3816; x_wconf 88' lang='lat' dir='ltr'><strong>Nec</strong></span> <span class='ocrx_word' id='word_1_456' title='bbox 2001 3764 2179 3816; x_wconf 88' lang='lat' dir='ltr'><strong>solum</strong></span> <span class='ocrx_word' id='word_1_457' title='bbox 2210 3763 2415 3818; x_wconf 87' lang='lat' dir='ltr'><strong>Catho-</strong></span> 
     </span>
    </p>
   </div>
   <div class='ocr_carea' id='block_1_68' title="bbox 823 3852 2411 3924">
    <p class='ocr_par' dir='ltr' id='par_1_68' title="bbox 823 3852 2411 3924">
     <span class='ocr_line' id='line_1_68' title="bbox 823 3852 2411 3924; baseline -0.002 -14"><span class='ocrx_word' id='word_1_458' title='bbox 823 3852 964 3910; x_wconf 88' lang='lat' dir='ltr'><strong>licos</strong></span> <span class='ocrx_word' id='word_1_459' title='bbox 1000 3863 1324 3924; x_wconf 89' lang='lat' dir='ltr'><strong>persecutus</strong></span> <span class='ocrx_word' id='word_1_460' title='bbox 1345 3860 1448 3915; x_wconf 89' lang='lat' dir='ltr'><strong>est,</strong></span> <span class='ocrx_word' id='word_1_461' title='bbox 1475 3867 1665 3905; x_wconf 90' lang='lat' dir='ltr'><strong>verum</strong></span> <span class='ocrx_word' id='word_1_462' title='bbox 1691 3852 1857 3905; x_wconf 89' lang='lat' dir='ltr'><strong>etiam</strong></span> <span class='ocrx_word' id='word_1_463' title='bbox 1889 3852 2242 3916; x_wconf 84' lang='lat' dir='ltr'><strong>Novatianos,</strong></span> <span class='ocrx_word' id='word_1_464' title='bbox 2277 3869 2411 3923; x_wconf 81' lang='lat' dir='ltr'><strong>gna-</strong></span> 
     </span>
    </p>
   </div>
   <div class='ocr_carea' id='block_1_69' title="bbox 827 3943 2409 4015">
    <p class='ocr_par' dir='ltr' id='par_1_69' title="bbox 827 3943 2409 4015">
     <span class='ocr_line' id='line_1_69' title="bbox 827 3943 2409 4015; baseline 0 -16"><span class='ocrx_word' id='word_1_465' title='bbox 827 3961 925 4000; x_wconf 92' lang='lat' dir='ltr'><strong>rus</strong></span> <span class='ocrx_word' id='word_1_466' title='bbox 949 3959 1045 3999; x_wconf 89' lang='lat' dir='ltr'><strong>eos</strong></span> <span class='ocrx_word' id='word_1_467' title='bbox 1069 3961 1287 4015; x_wconf 88' lang='lat' dir='ltr'><strong>quoque</strong></span> <span class='ocrx_word' id='word_1_468' title='bbox 1316 3944 1478 4000; x_wconf 83' lang='lat' dir='ltr'><strong>ﬁdem</strong></span> <span class='ocrx_word' id='word_1_469' title='bbox 1505 3959 1568 3997; x_wconf 92' lang='lat' dir='ltr'><strong>ac</strong></span> <span class='ocrx_word' id='word_1_470' title='bbox 1594 3943 1899 3997; x_wconf 86' lang='lat' dir='ltr'><strong>doctrinam</strong></span> <span class='ocrx_word' id='word_1_471' title='bbox 1925 3944 2409 3999; x_wconf 81' lang='lat' dir='ltr'><strong>consubstantialis</strong></span> 
     </span>
    </p>
   </div>
   <div class='ocr_carea' id='block_1_70' title="bbox 2511 3490 4091 3564">
    <p class='ocr_par' dir='ltr' id='par_1_70' title="bbox 2511 3490 4091 3564">
     <span class='ocr_line' id='line_1_70' title="bbox 2511 3490 4091 3564; baseline 0.003 -22"><span class='ocrx_word' id='word_1_472' title='bbox 2511 3490 2693 3553; x_wconf 87' lang='grc' dir='ltr'>πόλεις</span> <span class='ocrx_word' id='word_1_473' title='bbox 2723 3491 3042 3563; x_wconf 88' lang='grc' dir='ltr'>ἁνέτρεπεν,</span> <span class='ocrx_word' id='word_1_474' title='bbox 3078 3494 3179 3563; x_wconf 73' lang='grc' dir='ltr'><strong>ἠδη</strong></span> <span class='ocrx_word' id='word_1_475' title='bbox 3227 3494 3468 3548; x_wconf 84' lang='grc' dir='ltr'>λεκτέον.</span> <span class='ocrx_word' id='word_1_476' title='bbox 3505 3490 3668 3558; x_wconf 77' lang='grc' dir='ltr'>Οὗτος</span> <span class='ocrx_word' id='word_1_477' title='bbox 3697 3495 3824 3564; x_wconf 79' lang='grc' dir='ltr'>γὰρ,</span> <span class='ocrx_word' id='word_1_478' title='bbox 3877 3496 3952 3559; x_wconf 83' lang='grc' dir='ltr'>ὡς</span> <span class='ocrx_word' id='word_1_479' title='bbox 4001 3497 4091 3548; x_wconf 79' lang='grc' dir='ltr'>καὶ</span> 
     </span>
    </p>
   </div>
   <div class='ocr_carea' id='block_1_71' title="bbox 2511 3578 4090 3656">
    <p class='ocr_par' dir='ltr' id='par_1_71' title="bbox 2511 3578 4090 3656">
     <span class='ocr_line' id='line_1_71' title="bbox 2511 3578 4090 3656; baseline 0.005 -24"><span class='ocrx_word' id='word_1_480' title='bbox 2511 3581 2722 3648; x_wconf 78' lang='grc' dir='ltr'>φθάσας</span> <span class='ocrx_word' id='word_1_481' title='bbox 2761 3578 2937 3647; x_wconf 83' lang='grc' dir='ltr'>εἷπον,</span> <span class='ocrx_word' id='word_1_482' title='bbox 2988 3583 3327 3654; x_wconf 78' lang='grc' dir='ltr'>δραξάμενος</span> <span class='ocrx_word' id='word_1_483' title='bbox 3382 3586 3479 3654; x_wconf 86' lang='grc' dir='ltr'>τῆς</span> <span class='ocrx_word' id='word_1_484' title='bbox 3526 3586 3856 3656; x_wconf 78' lang='grc' dir='ltr'>ἐπισκοπῆς,</span> <span class='ocrx_word' id='word_1_485' title='bbox 3920 3588 4090 3656; x_wconf 81' lang='grc' dir='ltr'>μυρία</span> 
     </span>
    </p>
   </div>
   <div class='ocr_carea' id='block_1_72' title="bbox 2515 3672 4086 3753">
    <p class='ocr_par' dir='ltr' id='par_1_72' title="bbox 2515 3672 4086 3753">
     <span class='ocr_line' id='line_1_72' title="bbox 2515 3672 4086 3753; baseline 0.005 -29"><span class='ocrx_word' id='word_1_486' title='bbox 2515 3672 2663 3724; x_wconf 85' lang='grc' dir='ltr'>κακά</span> <span class='ocrx_word' id='word_1_487' title='bbox 2701 3675 2849 3725; x_wconf 86' lang='grc' dir='ltr'>ποιεῖ</span> <span class='ocrx_word' id='word_1_488' title='bbox 2874 3676 2988 3737; x_wconf 85' lang='grc' dir='ltr'>τοῖς</span> <span class='ocrx_word' id='word_1_489' title='bbox 3029 3675 3105 3744; x_wconf 81' lang='grc' dir='ltr'>μὴ</span> <span class='ocrx_word' id='word_1_490' title='bbox 3149 3676 3494 3746; x_wconf 77' lang='grc' dir='ltr'>αἱρουμένοις</span> <span class='ocrx_word' id='word_1_491' title='bbox 3536 3678 3606 3730; x_wconf 83' lang='grc' dir='ltr'><strong>τά</strong></span> <span class='ocrx_word' id='word_1_492' title='bbox 3633 3678 3797 3732; x_wconf 80' lang='grc' dir='ltr'>αὑτοῦ</span> <span class='ocrx_word' id='word_1_493' title='bbox 3830 3683 4048 3753; x_wconf 77' lang='grc' dir='ltr'>φρονεῖν</span> <span class='ocrx_word' id='word_1_494' title='bbox 4072 3695 4086 3708; x_wconf 81' lang='lat'><strong><em>°</em></strong></span> 
     </span>
    </p>
   </div>
   <div class='ocr_carea' id='block_1_73' title="bbox 2513 3763 4091 3843">
    <p class='ocr_par' dir='ltr' id='par_1_73' title="bbox 2513 3763 4091 3843">
     <span class='ocr_line' id='line_1_73' title="bbox 2513 3763 4091 3843; baseline 0.005 -27"><span class='ocrx_word' id='word_1_495' title='bbox 2513 3763 2608 3817; x_wconf 78' lang='grc' dir='ltr'>καὶ</span> <span class='ocrx_word' id='word_1_496' title='bbox 2648 3765 2708 3817; x_wconf 84' lang='grc' dir='ltr'>οὑ</span> <span class='ocrx_word' id='word_1_497' title='bbox 2758 3766 2917 3835; x_wconf 89' lang='grc' dir='ltr'>μόνον</span> <span class='ocrx_word' id='word_1_498' title='bbox 2954 3783 3016 3834; x_wconf 88' lang='grc' dir='ltr'><strong>γε</strong></span> <span class='ocrx_word' id='word_1_499' title='bbox 3056 3768 3184 3830; x_wconf 77' lang='grc' dir='ltr'>τοὺς</span> <span class='ocrx_word' id='word_1_500' title='bbox 3232 3769 3330 3838; x_wconf 79' lang='grc' dir='ltr'>τῆς</span> <span class='ocrx_word' id='word_1_501' title='bbox 3383 3771 3709 3840; x_wconf 85' lang='grc' dir='ltr'>Ἐκκλησίας</span> <span class='ocrx_word' id='word_1_502' title='bbox 3743 3770 4091 3843; x_wconf 79' lang='grc' dir='ltr'>διακρινομέ·</span> 
     </span>
    </p>
   </div>
   <div class='ocr_carea' id='block_1_74' title="bbox 2512 3853 4090 3932">
    <p class='ocr_par' dir='ltr' id='par_1_74' title="bbox 2512 3853 4090 3932">
     <span class='ocr_line' id='line_1_74' title="bbox 2512 3853 4090 3932; baseline 0.007 -27"><span class='ocrx_word' id='word_1_503' title='bbox 2512 3871 2636 3919; x_wconf 88' lang='grc' dir='ltr'>νους</span> <span class='ocrx_word' id='word_1_504' title='bbox 2665 3853 2682 3894; x_wconf 80' lang='lat'>1</span> <span class='ocrx_word' id='word_1_505' title='bbox 2715 3857 3066 3928; x_wconf 75' lang='grc' dir='ltr'>συνήλαυνεν,</span> <span class='ocrx_word' id='word_1_506' title='bbox 3098 3859 3236 3913; x_wconf 84' lang='grc' dir='ltr'>ἀλλὰ</span> <span class='ocrx_word' id='word_1_507' title='bbox 3255 3861 3364 3932; x_wconf 83' lang='grc' dir='ltr'><strong>γὰρ</strong></span> <span class='ocrx_word' id='word_1_508' title='bbox 3391 3863 3484 3915; x_wconf 61' lang='grc' dir='ltr'><strong>καὶ⁹</strong></span> <span class='ocrx_word' id='word_1_509' title='bbox 3509 3862 3907 3929; x_wconf 76' lang='grc' dir='ltr'>Ναυατιανοὺς,</span> <span class='ocrx_word' id='word_1_510' title='bbox 3934 3864 4090 3928; x_wconf 70' lang='grc' dir='ltr'>εἰδὼς</span> 
     </span>
    </p>
   </div>
   <div class='ocr_carea' id='block_1_75' title="bbox 2511 3946 4090 4026">
    <p class='ocr_par' dir='ltr' id='par_1_75' title="bbox 2511 3946 4090 4026">
     <span class='ocr_line' id='line_1_75' title="bbox 2511 3946 4090 4026; baseline 0.006 -27"><span class='ocrx_word' id='word_1_511' title='bbox 2511 3946 2607 4000; x_wconf 69' lang='grc' dir='ltr'>καὶ</span> <span class='ocrx_word' id='word_1_512' title='bbox 2639 3948 2837 4012; x_wconf 74' lang='grc' dir='ltr'>αὐτοὺς</span> <span class='ocrx_word' id='word_1_513' title='bbox 2870 3950 3204 4021; x_wconf 74' lang='grc' dir='ltr'>φρονοῦντας</span> <span class='ocrx_word' id='word_1_514' title='bbox 3235 3953 3297 4006; x_wconf 84' lang='grc' dir='ltr'>τὸ</span> <span class='ocrx_word' id='word_1_515' title='bbox 3333 3954 3642 4024; x_wconf 83' lang='grc' dir='ltr'>όμοούσιον.</span> <span class='ocrx_word' id='word_1_516' title='bbox 3685 3955 4090 4026; x_wconf 80' lang='grc' dir='ltr'>Συνηλαύνοντο</span> 
     </span>
    </p>
   </div>
   <div class='ocr_carea' id='block_1_76' title="bbox 2039 4097 2900 4160">
    <p class='ocr_par' dir='ltr' id='par_1_76' title="bbox 2039 4097 2900 4160">
     <span class='ocr_line' id='line_1_76' title="bbox 2039 4097 2900 4160; baseline 0.008 -9"><span class='ocrx_word' id='word_1_517' title='bbox 2039 4097 2311 4154; x_wconf 83' lang='lat' dir='ltr'><strong>VALESII</strong></span> <span class='ocrx_word' id='word_1_518' title='bbox 2350 4101 2900 4160; x_wconf 77' lang='lat' dir='ltr'><strong>ANNOTATIONES.</strong></span> 
     </span>
    </p>
   </div>
   <div class='ocr_carea' id='block_1_77' title="bbox 899 4209 2403 4285">
    <p class='ocr_par' dir='ltr' id='par_1_77' title="bbox 899 4209 2403 4285">
     <span class='ocr_line' id='line_1_77' title="bbox 899 4209 2403 4285; baseline 0.002 -23"><span class='ocrx_word' id='word_1_519' title='bbox 899 4213 1010 4285; x_wconf 73' lang='lat'><strong>(55)</strong></span> <span class='ocrx_word' id='word_1_520' title='bbox 1163 4211 1246 4285; x_wconf 49' lang='lat' dir='ltr'><strong>ei:</strong></span> <span class='ocrx_word' id='word_1_521' title='bbox 1269 4210 1453 4285; x_wconf 54' lang='grc' dir='ltr'><strong>Νίκῃ1</strong></span> <span class='ocrx_word' id='word_1_522' title='bbox 1474 4209 1618 4285; x_wconf 77' lang='lat' dir='ltr'><strong>Lego</strong></span> <span class='ocrx_word' id='word_1_523' title='bbox 1681 4210 1871 4285; x_wconf 39' lang='grc' dir='ltr'>τὴν-ὲν</span> <span class='ocrx_word' id='word_1_524' title='bbox 1924 4209 2086 4285; x_wconf 71' lang='grc' dir='ltr'>Νίκῃ.</span> <span class='ocrx_word' id='word_1_525' title='bbox 2133 4209 2202 4264; x_wconf 84' lang='grc' dir='ltr'>Ει</span> <span class='ocrx_word' id='word_1_526' title='bbox 2240 4213 2403 4285; x_wconf 80' lang='lat' dir='ltr'><strong>paulo</strong></span> 
     </span>
    </p>
   </div>
   <div class='ocr_carea' id='block_1_78' title="bbox 901 4279 2404 4351">
    <p class='ocr_par' dir='ltr' id='par_1_78' title="bbox 901 4279 2404 4351">
     <span class='ocr_line' id='line_1_78' title="bbox 901 4279 2404 4351; baseline -0.006 -11"><span class='ocrx_word' id='word_1_527' title='bbox 901 4279 952 4340; x_wconf 65' lang='grc' dir='ltr'>ἐι</span> <span class='ocrx_word' id='word_1_528' title='bbox 994 4279 1088 4338; x_wconf 82' lang='lat' dir='ltr'><strong>ubi</strong></span> <span class='ocrx_word' id='word_1_529' title='bbox 1121 4280 1384 4335; x_wconf 83' lang='lat' dir='ltr'><strong>scribitur</strong></span> <span class='ocrx_word' id='word_1_530' title='bbox 1431 4280 1696 4332; x_wconf 83' lang='grc' dir='ltr'>διετέλουν</span> <span class='ocrx_word' id='word_1_531' title='bbox 1740 4279 1853 4348; x_wconf 81' lang='grc' dir='ltr'><strong>γὰρ</strong></span> <span class='ocrx_word' id='word_1_532' title='bbox 1907 4279 2228 4351; x_wconf 79' lang='grc' dir='ltr'>γελώμενοι,</span> <span class='ocrx_word' id='word_1_533' title='bbox 2282 4282 2404 4351; x_wconf 81' lang='lat' dir='ltr'><strong>lego</strong></span> 
     </span>
    </p>
   </div>
   <div class='ocr_carea' id='block_1_79' title="bbox 824 4349 2403 4422">
    <p class='ocr_par' dir='ltr' id='par_1_79' title="bbox 824 4349 2403 4422">
     <span class='ocr_line' id='line_1_79' title="bbox 824 4349 2403 4422; baseline -0.003 -11"><span class='ocrx_word' id='word_1_534' title='bbox 824 4349 1091 4410; x_wconf 77' lang='grc' dir='ltr'>διετέλουν</span> <span class='ocrx_word' id='word_1_535' title='bbox 1113 4351 1520 4422; x_wconf 16' lang='grc' dir='ltr'>τεᾲγελώμενοι,</span> <span class='ocrx_word' id='word_1_536' title='bbox 1579 4351 1856 4418; x_wconf 93' lang='lat' dir='ltr'><strong>quomodo</strong></span> <span class='ocrx_word' id='word_1_537' title='bbox 1897 4350 2027 4421; x_wconf 86' lang='lat' dir='ltr'><strong>legit</strong></span> <span class='ocrx_word' id='word_1_538' title='bbox 2055 4349 2220 4404; x_wconf 89' lang='lat' dir='ltr'><strong>etiam</strong></span> <span class='ocrx_word' id='word_1_539' title='bbox 2271 4349 2403 4422; x_wconf 74' lang='lat' dir='ltr'><strong>Epi-</strong></span> 
     </span>
    </p>
   </div>
   <div class='ocr_carea' id='block_1_80' title="bbox 828 4419 1716 4498">
    <p class='ocr_par' dir='ltr' id='par_1_80' title="bbox 828 4419 1716 4498">
     <span class='ocr_line' id='line_1_80' title="bbox 828 4419 1716 4498; baseline -0.006 -19"><span class='ocrx_word' id='word_1_540' title='bbox 828 4427 1141 4498; x_wconf 38' lang='lat' dir='ltr'><strong>phaniusdct</strong></span> <span class='ocrx_word' id='word_1_541' title='bbox 1164 4419 1716 4498; x_wconf 73' lang='lat' dir='ltr'><strong>Christophorsonus.</strong></span> 
     </span>
    </p>
   </div>
   <div class='ocr_carea' id='block_1_81' title="bbox 902 4489 2408 4567">
    <p class='ocr_par' dir='ltr' id='par_1_81' title="bbox 902 4489 2408 4567">
     <span class='ocr_line' id='line_1_81' title="bbox 902 4489 2408 4567; baseline 0 -22"><span class='ocrx_word' id='word_1_542' title='bbox 902 4495 1012 4567; x_wconf 81' lang='lat'><strong>(56)</strong></span> <span class='ocrx_word' id='word_1_543' title='bbox 1043 4489 1504 4567; x_wconf 54' lang='lat' dir='ltr'><strong>I&#39;Etrrraé&#39;oéaac</strong></span> <span class='ocrx_word' id='word_1_544' title='bbox 1516 4491 1584 4543; x_wconf 80' lang='grc' dir='ltr'><strong>ἐν</strong></span> <span class='ocrx_word' id='word_1_545' title='bbox 1605 4491 2065 4567; x_wconf 60' lang='grc' dir='ltr'>Κωνρνταντίνρυ</span> <span class='ocrx_word' id='word_1_546' title='bbox 2089 4491 2282 4567; x_wconf 41' lang='lat' dir='ltr'><strong>adfer.</strong></span> <span class='ocrx_word' id='word_1_547' title='bbox 2307 4491 2408 4546; x_wconf 89' lang='lat' dir='ltr'><strong>Hic</strong></span> 
     </span>
    </p>
   </div>
   <div class='ocr_carea' id='block_1_82' title="bbox 827 4560 2407 4631">
    <p class='ocr_par' dir='ltr' id='par_1_82' title="bbox 827 4560 2407 4631">
     <span class='ocr_line' id='line_1_82' title="bbox 827 4560 2407 4631; baseline -0.004 -9"><span class='ocrx_word' id='word_1_548' title='bbox 827 4560 1064 4622; x_wconf 49' lang='lat' dir='ltr'><strong>loc‘usin</strong></span> <span class='ocrx_word' id='word_1_549' title='bbox 1091 4561 1283 4631; x_wconf 84' lang='lat' dir='ltr'><strong>primis</strong></span> <span class='ocrx_word' id='word_1_550' title='bbox 1305 4560 1578 4631; x_wconf 72' lang='lat' dir='ltr'><strong>notandus</strong></span> <span class='ocrx_word' id='word_1_551' title='bbox 1603 4569 1704 4614; x_wconf 90' lang='lat' dir='ltr'><strong>est.</strong></span> <span class='ocrx_word' id='word_1_552' title='bbox 1727 4562 1802 4617; x_wconf 84' lang='lat' dir='ltr'><strong>Ex</strong></span> <span class='ocrx_word' id='word_1_553' title='bbox 1831 4577 1898 4614; x_wconf 90' lang='lat' dir='ltr'><strong>eo</strong></span> <span class='ocrx_word' id='word_1_554' title='bbox 1921 4561 2067 4614; x_wconf 88' lang='lat' dir='ltr'><strong>enim</strong></span> <span class='ocrx_word' id='word_1_555' title='bbox 2096 4561 2407 4631; x_wconf 86' lang='lat' dir='ltr'><strong>colligimus</strong></span> 
     </span>
    </p>
   </div>
   <div class='ocr_carea' id='block_1_83' title="bbox 826 4629 2408 4706">
    <p class='ocr_par' dir='ltr' id='par_1_83' title="bbox 826 4629 2408 4706">
     <span class='ocr_line' id='line_1_83' title="bbox 826 4629 2408 4706; baseline -0.018 2"><span class='ocrx_word' id='word_1_556' title='bbox 826 4629 1144 4706; x_wconf 64' lang='grc' dir='ltr'><strong>θρὶεοορυῐι)</strong></span> <span class='ocrx_word' id='word_1_557' title='bbox 1177 4631 1326 4706; x_wconf 58' lang='lat' dir='ltr'><strong>[nbis</strong></span> <span class='ocrx_word' id='word_1_558' title='bbox 1356 4629 1972 4706; x_wconf 72' lang='lat' dir='ltr'><strong>Constantinopolitanze</strong></span> <span class='ocrx_word' id='word_1_559' title='bbox 2008 4629 2408 4706; x_wconf 63' lang='lat' dir='ltr'><strong>ordinandijus</strong></span> 
     </span>
    </p>
   </div>
   <div class='ocr_carea' id='block_1_84' title="bbox 821 4700 2408 4776">
    <p class='ocr_par' dir='ltr' id='par_1_84' title="bbox 821 4700 2408 4776">
     <span class='ocr_line' id='line_1_84' title="bbox 821 4700 2408 4776; baseline -0.002 -17"><span class='ocrx_word' id='word_1_560' title='bbox 821 4700 932 4776; x_wconf 76' lang='lat' dir='ltr'><strong>jam</strong></span> <span class='ocrx_word' id='word_1_561' title='bbox 973 4700 1086 4758; x_wconf 80' lang='lat' dir='ltr'><strong>tum</strong></span> <span class='ocrx_word' id='word_1_562' title='bbox 1119 4700 1374 4776; x_wconf 68' lang='lat' dir='ltr'><strong>habuisse</strong></span> <span class='ocrx_word' id='word_1_563' title='bbox 1415 4716 1512 4770; x_wconf 91' lang='lat' dir='ltr'><strong>per</strong></span> <span class='ocrx_word' id='word_1_564' title='bbox 1543 4701 1954 4776; x_wconf 77' lang='lat' dir='ltr'><strong>Hellespontum</strong></span> <span class='ocrx_word' id='word_1_565' title='bbox 1999 4716 2064 4776; x_wconf 78' lang='lat' dir='ltr'><strong>ac</strong></span> <span class='ocrx_word' id='word_1_566' title='bbox 2087 4700 2408 4776; x_wconf 62' lang='lat' dir='ltr'><strong>Bithyniam</strong></span> 
     </span>
    </p>
   </div>
   <div class='ocr_carea' id='block_1_85' title="bbox 825 4771 2407 4840">
    <p class='ocr_par' dir='ltr' id='par_1_85' title="bbox 825 4771 2407 4840">
     <span class='ocr_line' id='line_1_85' title="bbox 825 4771 2407 4840; baseline -0.003 -11"><span class='ocrx_word' id='word_1_567' title='bbox 825 4771 953 4829; x_wconf 74' lang='lat' dir='ltr'><strong>ante</strong></span> <span class='ocrx_word' id='word_1_568' title='bbox 981 4772 1274 4828; x_wconf 90' lang='lat' dir='ltr'><strong>concilium</strong></span> <span class='ocrx_word' id='word_1_569' title='bbox 1309 4771 1997 4840; x_wconf 88' lang='lat' dir='ltr'><strong>Constantinopolitanum.</strong></span> <span class='ocrx_word' id='word_1_570' title='bbox 2047 4771 2195 4825; x_wconf 88' lang='lat' dir='ltr'><strong>Idem</strong></span> <span class='ocrx_word' id='word_1_571' title='bbox 2233 4771 2407 4826; x_wconf 81' lang='lat' dir='ltr'><strong>etiam</strong></span> 
     </span>
    </p>
   </div>
   <div class='ocr_carea' id='block_1_86' title="bbox 828 4840 2408 4914">
    <p class='ocr_par' dir='ltr' id='par_1_86' title="bbox 828 4840 2408 4914">
     <span class='ocr_line' id='line_1_86' title="bbox 828 4840 2408 4914; baseline -0.002 -15"><span class='ocrx_word' id='word_1_572' title='bbox 828 4845 1094 4914; x_wconf 89' lang='lat' dir='ltr'><strong>probatur</strong></span> <span class='ocrx_word' id='word_1_573' title='bbox 1118 4858 1199 4914; x_wconf 71' lang='lat' dir='ltr'><strong>ex</strong></span> <span class='ocrx_word' id='word_1_574' title='bbox 1221 4841 1392 4914; x_wconf 81' lang='lat' dir='ltr'><strong>gestis</strong></span> <span class='ocrx_word' id='word_1_575' title='bbox 1411 4840 1917 4914; x_wconf 67' lang='lat' dir='ltr'><strong>Eudoxiiepiscopi</strong></span> <span class='ocrx_word' id='word_1_576' title='bbox 1946 4840 2408 4914; x_wconf 82' lang='lat' dir='ltr'><strong>Constantinopo-</strong></span> 
     </span>
    </p>
   </div>
   <div class='ocr_carea' id='block_1_87' title="bbox 833 4910 2402 4992">
    <p class='ocr_par' dir='ltr' id='par_1_87' title="bbox 833 4910 2402 4992">
     <span class='ocr_line' id='line_1_87' title="bbox 833 4910 2402 4992; baseline -0.002 -23"><span class='ocrx_word' id='word_1_577' title='bbox 833 4910 1011 4992; x_wconf 76' lang='lat' dir='ltr'><strong>litani,</strong></span> <span class='ocrx_word' id='word_1_578' title='bbox 1037 4912 1131 4992; x_wconf 83' lang='lat' dir='ltr'><strong>qui</strong></span> <span class='ocrx_word' id='word_1_579' title='bbox 1163 4910 1494 4992; x_wconf 69' lang='lat' dir='ltr'><strong>Eunomium</strong></span> <span class='ocrx_word' id='word_1_580' title='bbox 1518 4910 1826 4992; x_wconf 65' lang='lat' dir='ltr'><strong>Cyzicenis</strong></span> <span class='ocrx_word' id='word_1_581' title='bbox 1867 4911 2021 4965; x_wconf 88' lang='lat' dir='ltr'><strong>dedit</strong></span> <span class='ocrx_word' id='word_1_582' title='bbox 2062 4910 2402 4992; x_wconf 77' lang='lat' dir='ltr'><strong>episcopum.</strong></span> 
     </span>
    </p>
   </div>
   <div class='ocr_carea' id='block_1_88' title="bbox 829 4980 2409 5052">
    <p class='ocr_par' dir='ltr' id='par_1_88' title="bbox 829 4980 2409 5052">
     <span class='ocr_line' id='line_1_88' title="bbox 829 4980 2409 5052; baseline -0.002 -13"><span class='ocrx_word' id='word_1_583' title='bbox 829 4986 971 5039; x_wconf 86' lang='lat' dir='ltr'><strong>Sane</strong></span> <span class='ocrx_word' id='word_1_584' title='bbox 1009 4980 1281 5052; x_wconf 88' lang='lat' dir='ltr'><strong>episc0pis</strong></span> <span class='ocrx_word' id='word_1_585' title='bbox 1332 4980 1914 5052; x_wconf 32' lang='lat' dir='ltr'><strong>Byzantii—plurimum</strong></span> <span class='ocrx_word' id='word_1_586' title='bbox 1950 4980 2295 5052; x_wconf 73' lang='lat' dir='ltr'><strong>aucturitatis</strong></span> <span class='ocrx_word' id='word_1_587' title='bbox 2345 4997 2409 5036; x_wconf 90' lang='lat' dir='ltr'><strong>ac</strong></span> 
     </span>
    </p>
   </div>
   <div class='ocr_carea' id='block_1_89' title="bbox 829 5050 2409 5125">
    <p class='ocr_par' dir='ltr' id='par_1_89' title="bbox 829 5050 2409 5125">
     <span class='ocr_line' id='line_1_89' title="bbox 829 5050 2409 5125; baseline -0.002 -16"><span class='ocrx_word' id='word_1_588' title='bbox 829 5050 1088 5125; x_wconf 62' lang='lat' dir='ltr'><strong>potentia:</strong></span> <span class='ocrx_word' id='word_1_589' title='bbox 1133 5050 1387 5115; x_wconf 73' lang='lat' dir='ltr'><strong>accessit,</strong></span> <span class='ocrx_word' id='word_1_590' title='bbox 1424 5067 1492 5106; x_wconf 83' lang='lat' dir='ltr'><strong>ex</strong></span> <span class='ocrx_word' id='word_1_591' title='bbox 1533 5067 1643 5121; x_wconf 85' lang='lat' dir='ltr'><strong>quo</strong></span> <span class='ocrx_word' id='word_1_592' title='bbox 1689 5051 1988 5122; x_wconf 87' lang='lat' dir='ltr'><strong>imperator</strong></span> <span class='ocrx_word' id='word_1_593' title='bbox 2015 5050 2409 5107; x_wconf 89' lang='lat' dir='ltr'><strong>Constantinus</strong></span> 
     </span>
    </p>
   </div>
   <div class='ocr_carea' id='block_1_90' title="bbox 2501 4217 4090 4293">
    <p class='ocr_par' dir='ltr' id='par_1_90' title="bbox 2501 4217 4090 4293">
     <span class='ocr_line' id='line_1_90' title="bbox 2501 4217 4090 4293; baseline 0.01 -25"><span class='ocrx_word' id='word_1_594' title='bbox 2501 4230 2621 4269; x_wconf 87' lang='lat' dir='ltr'><strong>eam</strong></span> <span class='ocrx_word' id='word_1_595' title='bbox 2652 4217 2843 4293; x_wconf 83' lang='lat' dir='ltr'><strong>urbem</strong></span> <span class='ocrx_word' id='word_1_596' title='bbox 2877 4234 2977 4272; x_wconf 89' lang='lat' dir='ltr'><strong>suo</strong></span> <span class='ocrx_word' id='word_1_597' title='bbox 2999 4222 3218 4293; x_wconf 81' lang='lat' dir='ltr'><strong>nomine</strong></span> <span class='ocrx_word' id='word_1_598' title='bbox 3248 4223 3564 4293; x_wconf 83' lang='lat' dir='ltr'><strong>appellavit,</strong></span> <span class='ocrx_word' id='word_1_599' title='bbox 3595 4233 3652 4278; x_wconf 88' lang='lat' dir='ltr'><strong>et</strong></span> <span class='ocrx_word' id='word_1_600' title='bbox 3673 4223 3876 4278; x_wconf 86' lang='lat' dir='ltr'><strong>seniori</strong></span> <span class='ocrx_word' id='word_1_601' title='bbox 3902 4225 4090 4284; x_wconf 74' lang='lat' dir='ltr'><strong>Rom</strong></span> 
     </span>
    </p>
   </div>
   <div class='ocr_carea' id='block_1_91' title="bbox 2501 4289 4089 4368">
    <p class='ocr_par' dir='ltr' id='par_1_91' title="bbox 2501 4289 4089 4368">
     <span class='ocr_line' id='line_1_91' title="bbox 2501 4289 4089 4368; baseline 0.009 -30"><span class='ocrx_word' id='word_1_602' title='bbox 2501 4289 2764 4368; x_wconf 67' lang='lat' dir='ltr'><strong>:equalem</strong></span> <span class='ocrx_word' id='word_1_603' title='bbox 2797 4305 2916 4343; x_wconf 90' lang='lat' dir='ltr'><strong>esse</strong></span> <span class='ocrx_word' id='word_1_604' title='bbox 2938 4290 3130 4368; x_wconf 79' lang='lat' dir='ltr'><strong>voluit.</strong></span> <span class='ocrx_word' id='word_1_605' title='bbox 3160 4289 3433 4368; x_wconf 69' lang='lat' dir='ltr'><strong>Eusebius</strong></span> <span class='ocrx_word' id='word_1_606' title='bbox 3455 4309 3672 4368; x_wconf 87' lang='lat' dir='ltr'><strong>quoque</strong></span> <span class='ocrx_word' id='word_1_607' title='bbox 3700 4294 4089 4368; x_wconf 85' lang='lat' dir='ltr'><strong>Nicomedien-</strong></span> 
     </span>
    </p>
   </div>
   <div class='ocr_carea' id='block_1_92' title="bbox 2503 4360 4089 4439">
    <p class='ocr_par' dir='ltr' id='par_1_92' title="bbox 2503 4360 4089 4439">
     <span class='ocr_line' id='line_1_92' title="bbox 2503 4360 4089 4439; baseline 0.008 -29"><span class='ocrx_word' id='word_1_608' title='bbox 2503 4360 2580 4410; x_wconf 82' lang='lat' dir='ltr'><strong>sis</strong></span> <span class='ocrx_word' id='word_1_609' title='bbox 2609 4360 2900 4439; x_wconf 78' lang='lat' dir='ltr'><strong>cpi_sc0pus</strong></span> <span class='ocrx_word' id='word_1_610' title='bbox 2926 4360 2993 4413; x_wconf 89' lang='lat' dir='ltr'><strong>ad</strong></span> <span class='ocrx_word' id='word_1_611' title='bbox 3036 4377 3156 4415; x_wconf 91' lang='lat' dir='ltr'><strong>eam</strong></span> <span class='ocrx_word' id='word_1_612' title='bbox 3203 4360 3742 4439; x_wconf 63' lang='lat' dir='ltr'><strong>sed_em_translatus,</strong></span> <span class='ocrx_word' id='word_1_613' title='bbox 3773 4381 3885 4439; x_wconf 83' lang='lat' dir='ltr'><strong>non</strong></span> <span class='ocrx_word' id='word_1_614' title='bbox 3909 4367 4089 4422; x_wconf 86' lang='lat' dir='ltr'><strong>modi-</strong></span> 
     </span>
    </p>
   </div>
   <div class='ocr_carea' id='block_1_93' title="bbox 2505 4435 4089 4494">
    <p class='ocr_par' dir='ltr' id='par_1_93' title="bbox 2505 4435 4089 4494">
     <span class='ocr_line' id='line_1_93' title="bbox 2505 4435 4089 4494; baseline 0.009 -15"><span class='ocrx_word' id='word_1_615' title='bbox 2505 4443 2629 4480; x_wconf 88' lang='lat' dir='ltr'><strong>cum</strong></span> <span class='ocrx_word' id='word_1_616' title='bbox 2655 4435 2705 4482; x_wconf 88' lang='lat' dir='ltr'><strong>ei</strong></span> <span class='ocrx_word' id='word_1_617' title='bbox 2729 4435 3127 4485; x_wconf 85' lang='lat' dir='ltr'><strong>incrementum</strong></span> <span class='ocrx_word' id='word_1_618' title='bbox 3151 4435 3355 4489; x_wconf 90' lang='lat' dir='ltr'><strong>attulit.</strong></span> <span class='ocrx_word' id='word_1_619' title='bbox 3395 4435 3521 4488; x_wconf 81' lang='lat' dir='ltr'><strong>Fuit</strong></span> <span class='ocrx_word' id='word_1_620' title='bbox 3548 4435 3696 4489; x_wconf 92' lang='lat' dir='ltr'><strong>enim</strong></span> <span class='ocrx_word' id='word_1_621' title='bbox 3723 4436 3969 4490; x_wconf 90' lang='lat' dir='ltr'><strong>omnium</strong></span> <span class='ocrx_word' id='word_1_622' title='bbox 4003 4440 4089 4494; x_wconf 87' lang='lat' dir='ltr'><strong>sui</strong></span> 
     </span>
    </p>
   </div>
   <div class='ocr_carea' id='block_1_94' title="bbox 2508 4500 4090 4572">
    <p class='ocr_par' dir='ltr' id='par_1_94' title="bbox 2508 4500 4090 4572">
     <span class='ocr_line' id='line_1_94' title="bbox 2508 4500 4090 4572; baseline 0.009 -22"><span class='ocrx_word' id='word_1_623' title='bbox 2508 4500 2773 4572; x_wconf 82' lang='lat' dir='ltr'><strong>temporis</strong></span> <span class='ocrx_word' id='word_1_624' title='bbox 2801 4501 3106 4555; x_wconf 85' lang='lat' dir='ltr'><strong>antistitum</strong></span> <span class='ocrx_word' id='word_1_625' title='bbox 3151 4505 3584 4572; x_wconf 87' lang='lat' dir='ltr'><strong>potentissimus.</strong></span> <span class='ocrx_word' id='word_1_626' title='bbox 3618 4507 3789 4560; x_wconf 91' lang='lat' dir='ltr'><strong>Porro</strong></span> <span class='ocrx_word' id='word_1_627' title='bbox 3837 4507 3944 4562; x_wconf 88' lang='lat' dir='ltr'><strong>hoc</strong></span> <span class='ocrx_word' id='word_1_628' title='bbox 3966 4507 4090 4564; x_wconf 91' lang='lat' dir='ltr'><strong>loco</strong></span> 
     </span>
    </p>
   </div>
   <div class='ocr_carea' id='block_1_95' title="bbox 2511 4570 4094 4651">
    <p class='ocr_par' dir='ltr' id='par_1_95' title="bbox 2511 4570 4094 4651">
     <span class='ocr_line' id='line_1_95' title="bbox 2511 4570 4094 4651; baseline 0.008 -31"><span class='ocrx_word' id='word_1_629' title='bbox 2511 4570 2820 4651; x_wconf 72' lang='lat' dir='ltr'><strong>monendus</strong></span> <span class='ocrx_word' id='word_1_630' title='bbox 2861 4570 3181 4651; x_wconf 45' lang='grc' dir='ltr'><strong>εει-,1801οᾑ</strong></span> <span class='ocrx_word' id='word_1_631' title='bbox 3217 4575 3570 4651; x_wconf 79' lang='lat' dir='ltr'><strong>scribendum</strong></span> <span class='ocrx_word' id='word_1_632' title='bbox 3604 4575 3780 4631; x_wconf 85' lang='lat' dir='ltr'><strong>videri</strong></span> <span class='ocrx_word' id='word_1_633' title='bbox 3820 4577 3920 4640; x_wconf 86' lang='grc' dir='ltr'>τὰς</span> <span class='ocrx_word' id='word_1_634' title='bbox 3945 4595 4094 4651; x_wconf 80' lang='grc' dir='ltr'>γειτ-</span> 
     </span>
    </p>
   </div>
   <div class='ocr_carea' id='block_1_96' title="bbox 2512 4638 4091 4720">
    <p class='ocr_par' dir='ltr' id='par_1_96' title="bbox 2512 4638 4091 4720">
     <span class='ocr_line' id='line_1_96' title="bbox 2512 4638 4091 4720; baseline 0.009 -31"><span class='ocrx_word' id='word_1_635' title='bbox 2512 4638 2801 4720; x_wconf 66' lang='grc' dir='ltr'>νιαζοιξσας</span> <span class='ocrx_word' id='word_1_636' title='bbox 2826 4643 2900 4720; x_wconf 59' lang='grc' dir='ltr'>τῇ</span> <span class='ocrx_word' id='word_1_637' title='bbox 2945 4642 3539 4720; x_wconf 54' lang='grc' dir='ltr'>βωνσταντενουπόλει,</span> <span class='ocrx_word' id='word_1_638' title='bbox 3568 4638 4091 4720; x_wconf 34' lang='grc' dir='ltr'><strong>εῑεεηίιμρηιξιᾶῐῐιο-</strong></span> 
     </span>
    </p>
   </div>
   <div class='ocr_carea' id='block_1_97' title="bbox 2508 4708 4094 4791">
    <p class='ocr_par' dir='ltr' id='par_1_97' title="bbox 2508 4708 4094 4791">
     <span class='ocr_line' id='line_1_97' title="bbox 2508 4708 4094 4791; baseline 0.008 -29"><span class='ocrx_word' id='word_1_639' title='bbox 2508 4708 2638 4791; x_wconf 86' lang='lat' dir='ltr'><strong>dum</strong></span> <span class='ocrx_word' id='word_1_640' title='bbox 2684 4710 2815 4791; x_wconf 75' lang='lat' dir='ltr'><strong>legit</strong></span> <span class='ocrx_word' id='word_1_641' title='bbox 2854 4708 3200 4791; x_wconf 60' lang='lat' dir='ltr'><strong>Epiphanius</strong></span> <span class='ocrx_word' id='word_1_642' title='bbox 3247 4715 3639 4791; x_wconf 68' lang='lat' dir='ltr'><strong>Scholasticus.</strong></span> <span class='ocrx_word' id='word_1_643' title='bbox 3674 4708 3806 4791; x_wconf 72' lang='lat' dir='ltr'><strong>Nisi</strong></span> <span class='ocrx_word' id='word_1_644' title='bbox 3833 4718 4094 4791; x_wconf 78' lang='lat' dir='ltr'><strong>dicamus</strong></span> 
     </span>
    </p>
   </div>
   <div class='ocr_carea' id='block_1_98' title="bbox 2509 4782 4094 4859">
    <p class='ocr_par' dir='ltr' id='par_1_98' title="bbox 2509 4782 4094 4859">
     <span class='ocr_line' id='line_1_98' title="bbox 2509 4782 4094 4859; baseline 0.008 -29"><span class='ocrx_word' id='word_1_645' title='bbox 2509 4782 2942 4859; x_wconf 60' lang='lat' dir='ltr'><strong>transpositahic</strong></span> <span class='ocrx_word' id='word_1_646' title='bbox 2970 4797 3092 4859; x_wconf 82' lang='lat' dir='ltr'><strong>esse</strong></span> <span class='ocrx_word' id='word_1_647' title='bbox 3118 4787 3406 4849; x_wconf 85' lang='lat' dir='ltr'><strong>voeabula,</strong></span> <span class='ocrx_word' id='word_1_648' title='bbox 3443 4797 3668 4859; x_wconf 15' lang='lat' dir='ltr'><strong>utisaape</strong></span> <span class='ocrx_word' id='word_1_649' title='bbox 3693 4787 3897 4842; x_wconf 90' lang='lat' dir='ltr'><strong>accidit</strong></span> <span class='ocrx_word' id='word_1_650' title='bbox 3918 4789 3973 4842; x_wconf 91' lang='lat' dir='ltr'><strong>in</strong></span> <span class='ocrx_word' id='word_1_651' title='bbox 4006 4790 4094 4844; x_wconf 89' lang='lat' dir='ltr'><strong>his</strong></span> 
     </span>
    </p>
   </div>
   <div class='ocr_carea' id='block_1_99' title="bbox 2508 4848 4091 4922">
    <p class='ocr_par' dir='ltr' id='par_1_99' title="bbox 2508 4848 4091 4922">
     <span class='ocr_line' id='line_1_99' title="bbox 2508 4848 4091 4922; baseline 0.007 -21"><span class='ocrx_word' id='word_1_652' title='bbox 2508 4848 2708 4922; x_wconf 74' lang='lat' dir='ltr'><strong>libris;</strong></span> <span class='ocrx_word' id='word_1_653' title='bbox 2733 4861 2789 4905; x_wconf 90' lang='lat' dir='ltr'><strong>et</strong></span> <span class='ocrx_word' id='word_1_654' title='bbox 2834 4851 3016 4905; x_wconf 91' lang='lat' dir='ltr'><strong>locum</strong></span> <span class='ocrx_word' id='word_1_655' title='bbox 3063 4853 3137 4908; x_wconf 89' lang='lat' dir='ltr'><strong>ita</strong></span> <span class='ocrx_word' id='word_1_656' title='bbox 3193 4848 3630 4912; x_wconf 80' lang='lat' dir='ltr'><strong>construendum</strong></span> <span class='ocrx_word' id='word_1_657' title='bbox 3662 4873 3806 4922; x_wconf 88' lang='lat' dir='ltr'><strong>esse,</strong></span> <span class='ocrx_word' id='word_1_658' title='bbox 3840 4860 4091 4912; x_wconf 83' lang='grc' dir='ltr'>Μακεδό-</span> 
     </span>
    </p>
   </div>
   <div class='ocr_carea' id='block_1_100' title="bbox 2508 4920 4092 4995">
    <p class='ocr_par' dir='ltr' id='par_1_100' title="bbox 2508 4920 4092 4995">
     <span class='ocr_line' id='line_1_100' title="bbox 2508 4920 4092 4995; baseline 0.009 -26"><span class='ocrx_word' id='word_1_659' title='bbox 2508 4935 2615 4995; x_wconf 69' lang='grc' dir='ltr'>νιος</span> <span class='ocrx_word' id='word_1_660' title='bbox 2671 4920 2726 4995; x_wconf 58' lang='grc' dir='ltr'><strong>δέ</strong></span> <span class='ocrx_word' id='word_1_661' title='bbox 2784 4923 2840 4973; x_wconf 84' lang='grc' dir='ltr'>ὲν</span> <span class='ocrx_word' id='word_1_662' title='bbox 2893 4923 3464 4979; x_wconf 77' lang='grc' dir='ltr'>Κωνσταντινουπόλει</span> <span class='ocrx_word' id='word_1_663' title='bbox 3524 4929 3621 4992; x_wconf 84' lang='grc' dir='ltr'>τὰς</span> <span class='ocrx_word' id='word_1_664' title='bbox 3672 4920 4092 4995; x_wconf 79' lang='grc' dir='ltr'>γειτνιαζούσας</span> 
     </span>
    </p>
   </div>
   <div class='ocr_carea' id='block_1_101' title="bbox 2506 4987 2924 5060">
    <p class='ocr_par' dir='ltr' id='par_1_101' title="bbox 2506 4987 2924 5060">
     <span class='ocr_line' id='line_1_101' title="bbox 2506 4987 2924 5060; baseline 0.01 -20"><span class='ocrx_word' id='word_1_665' title='bbox 2506 4987 2794 5060; x_wconf 75' lang='grc' dir='ltr'>ἐπαρχίας,</span> <span class='ocrx_word' id='word_1_666' title='bbox 2821 5000 2924 5046; x_wconf 86' lang='lat' dir='ltr'><strong>etc.</strong></span> 
     </span>
    </p>
   </div>
   <div class='ocr_carea' id='block_1_102' title="bbox 2262 5205 2641 5263">
    <p class='ocr_par' dir='ltr' id='par_1_102' title="bbox 2262 5205 2641 5263">
     <span class='ocr_line' id='line_1_102' title="bbox 2262 5205 2641 5263; baseline 0.011 -5"><span class='ocrx_word' id='word_1_667' title='bbox 2262 5205 2565 5263; x_wconf 80' lang='lat' dir='ltr'><strong>VARIORU</strong></span> <span class='ocrx_word' id='word_1_668' title='bbox 2574 5208 2618 5260; x_wconf 79' lang='lat' dir='ltr'><strong>.\l</strong></span> <span class='ocrx_word' id='word_1_669' title='bbox 2629 5249 2641 5262; x_wconf 93' lang='lat'><strong>.</strong></span> 
     </span>
    </p>
   </div>
   <div class='ocr_carea' id='block_1_103' title="bbox 908 5319 2402 5390">
    <p class='ocr_par' dir='ltr' id='par_1_103' title="bbox 908 5319 2402 5390">
     <span class='ocr_line' id='line_1_103' title="bbox 908 5319 2402 5390; baseline -0.001 -15"><span class='ocrx_word' id='word_1_670' title='bbox 908 5325 922 5364; x_wconf 74' lang='grc' dir='ltr'><strong><em>ἱ</em></strong></span> <span class='ocrx_word' id='word_1_671' title='bbox 975 5321 1093 5388; x_wconf 77' lang='grc' dir='ltr'><strong>Τὴν</strong></span> <span class='ocrx_word' id='word_1_672' title='bbox 1119 5322 1328 5374; x_wconf 80' lang='grc' dir='ltr'>πίστιν</span> <span class='ocrx_word' id='word_1_673' title='bbox 1375 5319 1450 5388; x_wconf 73' lang='grc' dir='ltr'>τῇ</span> <span class='ocrx_word' id='word_1_674' title='bbox 1485 5320 1555 5373; x_wconf 77' lang='grc' dir='ltr'><strong>ἐν</strong></span> <span class='ocrx_word' id='word_1_675' title='bbox 1584 5319 1757 5388; x_wconf 75' lang='grc' dir='ltr'>Νίκῃ.</span> <span class='ocrx_word' id='word_1_676' title='bbox 1817 5320 2044 5375; x_wconf 82' lang='lat' dir='ltr'><strong>Videtur</strong></span> <span class='ocrx_word' id='word_1_677' title='bbox 2091 5321 2402 5390; x_wconf 80' lang='lat' dir='ltr'><strong>legendum,</strong></span> 
     </span>
    </p>
   </div>
   <div class='ocr_carea' id='block_1_104' title="bbox 834 5391 1903 5471">
    <p class='ocr_par' dir='ltr' id='par_1_104' title="bbox 834 5391 1903 5471">
     <span class='ocr_line' id='line_1_104' title="bbox 834 5391 1903 5471; baseline -0.003 -25"><span class='ocrx_word' id='word_1_678' title='bbox 834 5395 929 5471; x_wconf 77' lang='grc' dir='ltr'>τὴν</span> <span class='ocrx_word' id='word_1_679' title='bbox 960 5393 1139 5471; x_wconf 64' lang='grc' dir='ltr'>πίστιν</span> <span class='ocrx_word' id='word_1_680' title='bbox 1164 5392 1266 5459; x_wconf 76' lang='grc' dir='ltr'>τῆς</span> <span class='ocrx_word' id='word_1_681' title='bbox 1284 5393 1348 5471; x_wconf 58' lang='grc' dir='ltr'>ἐν</span> <span class='ocrx_word' id='word_1_682' title='bbox 1379 5391 1653 5471; x_wconf 56' lang='lat' dir='ltr'><strong>Nixn._w.</strong></span> <span class='ocrx_word' id='word_1_683' title='bbox 1685 5391 1903 5471; x_wconf 35' lang='lat' dir='ltr'><strong>[lover-II.</strong></span> 
     </span>
    </p>
   </div>
   <div class='ocr_carea' id='block_1_105' title="bbox 905 5459 2406 5530">
    <p class='ocr_par' dir='ltr' id='par_1_105' title="bbox 905 5459 2406 5530">
     <span class='ocr_line' id='line_1_105' title="bbox 905 5459 2406 5530; baseline -0.001 -15"><span class='ocrx_word' id='word_1_684' title='bbox 905 5463 929 5502; x_wconf 79' lang='grc' dir='ltr'>ιι</span> <span class='ocrx_word' id='word_1_685' title='bbox 969 5460 1252 5525; x_wconf 79' lang='grc' dir='ltr'>Ἀκάκιος.</span> <span class='ocrx_word' id='word_1_686' title='bbox 1284 5459 1517 5530; x_wconf 84' lang='lat' dir='ltr'><strong>Eusebii</strong></span> <span class='ocrx_word' id='word_1_687' title='bbox 1546 5459 1817 5530; x_wconf 82' lang='lat' dir='ltr'><strong>Pamphili</strong></span> <span class='ocrx_word' id='word_1_688' title='bbox 1847 5460 1901 5514; x_wconf 92' lang='lat' dir='ltr'><strong>in</strong></span> <span class='ocrx_word' id='word_1_689' title='bbox 1932 5461 2258 5530; x_wconf 70' lang='lat' dir='ltr'><strong>{episcopatu</strong></span> <span class='ocrx_word' id='word_1_690' title='bbox 2287 5460 2406 5516; x_wconf 74' lang='lat' dir='ltr'><strong>Ca:-</strong></span> 
     </span>
    </p>
   </div>
   <div class='ocr_carea' id='block_1_106' title="bbox 835 5529 2406 5602">
    <p class='ocr_par' dir='ltr' id='par_1_106' title="bbox 835 5529 2406 5602">
     <span class='ocr_line' id='line_1_106' title="bbox 835 5529 2406 5602; baseline -0.001 -17"><span class='ocrx_word' id='word_1_691' title='bbox 835 5531 1063 5586; x_wconf 81' lang='lat' dir='ltr'><strong>sariensi</strong></span> <span class='ocrx_word' id='word_1_692' title='bbox 1091 5544 1398 5602; x_wconf 87' lang='lat' dir='ltr'><strong>successor,</strong></span> <span class='ocrx_word' id='word_1_693' title='bbox 1433 5529 1723 5602; x_wconf 79' lang='lat' dir='ltr'><strong>Maximum</strong></span> <span class='ocrx_word' id='word_1_694' title='bbox 1759 5529 2263 5602; x_wconf 80' lang='lat' dir='ltr'><strong>Hierosolymorum</strong></span> <span class='ocrx_word' id='word_1_695' title='bbox 2286 5531 2406 5600; x_wconf 90' lang='lat' dir='ltr'><strong>epi-</strong></span> 
     </span>
    </p>
   </div>
   <div class='ocr_carea' id='block_1_107' title="bbox 836 5599 2409 5670">
    <p class='ocr_par' dir='ltr' id='par_1_107' title="bbox 836 5599 2409 5670">
     <span class='ocr_line' id='line_1_107' title="bbox 836 5599 2409 5670; baseline -0.001 -15"><span class='ocrx_word' id='word_1_696' title='bbox 836 5616 1059 5670; x_wconf 85' lang='lat' dir='ltr'><strong>scopum</strong></span> <span class='ocrx_word' id='word_1_697' title='bbox 1082 5601 1205 5669; x_wconf 84' lang='lat' dir='ltr'><strong>jure</strong></span> <span class='ocrx_word' id='word_1_698' title='bbox 1249 5599 1651 5668; x_wconf 88' lang='lat' dir='ltr'><strong>metropolitieo</strong></span> <span class='ocrx_word' id='word_1_699' title='bbox 1687 5615 1716 5670; x_wconf 82' lang='lat' dir='ltr'><strong>a</strong></span> <span class='ocrx_word' id='word_1_700' title='bbox 1767 5599 1896 5653; x_wconf 87' lang='lat' dir='ltr'><strong>sede</strong></span> <span class='ocrx_word' id='word_1_701' title='bbox 1935 5599 2032 5654; x_wconf 85' lang='lat' dir='ltr'><strong>sua</strong></span> <span class='ocrx_word' id='word_1_702' title='bbox 2091 5599 2409 5663; x_wconf 29' lang='lat' dir='ltr'><strong>amovit,’ut</strong></span> 
     </span>
    </p>
   </div>
   <div class='ocr_carea' id='block_1_108' title="bbox 834 5669 2412 5740">
    <p class='ocr_par' dir='ltr' id='par_1_108' title="bbox 834 5669 2412 5740">
     <span class='ocr_line' id='line_1_108' title="bbox 834 5669 2412 5740; baseline -0.001 -15"><span class='ocrx_word' id='word_1_703' title='bbox 834 5669 1111 5726; x_wconf 77' lang='lat' dir='ltr'><strong>existimat</strong></span> <span class='ocrx_word' id='word_1_704' title='bbox 1140 5671 1266 5724; x_wconf 89' lang='lat' dir='ltr'><strong>Ant.</strong></span> <span class='ocrx_word' id='word_1_705' title='bbox 1315 5670 1464 5739; x_wconf 81' lang='lat' dir='ltr'><strong>Pagi,</strong></span> <span class='ocrx_word' id='word_1_706' title='bbox 1493 5669 1622 5738; x_wconf 91' lang='lat' dir='ltr'><strong>quia</strong></span> <span class='ocrx_word' id='word_1_707' title='bbox 1670 5669 1935 5723; x_wconf 83' lang='lat' dir='ltr'><strong>Maximus</strong></span> <span class='ocrx_word' id='word_1_708' title='bbox 1961 5671 2171 5724; x_wconf 87' lang='lat' dir='ltr'><strong>vicinos</strong></span> <span class='ocrx_word' id='word_1_709' title='bbox 2199 5673 2412 5740; x_wconf 90' lang='lat' dir='ltr'><strong>episeo-</strong></span> 
     </span>
    </p>
   </div>
   <div class='ocr_carea' id='block_1_109' title="bbox 836 5739 2401 5864">
    <p class='ocr_par' dir='ltr' id='par_1_109' title="bbox 836 5739 2401 5864">
     <span class='ocr_line' id='line_1_109' title="bbox 836 5739 2401 5864; baseline 0.001 -70"><span class='ocrx_word' id='word_1_710' title='bbox 836 5757 936 5864; x_wconf 53' lang='grc' dir='ltr'><strong>ξος</strong></span> <span class='ocrx_word' id='word_1_711' title='bbox 970 5741 1037 5796; x_wconf 90' lang='lat' dir='ltr'><strong>ad</strong></span> <span class='ocrx_word' id='word_1_712' title='bbox 1071 5741 1336 5813; x_wconf 82' lang='lat' dir='ltr'><strong>synodum</strong></span> <span class='ocrx_word' id='word_1_713' title='bbox 1388 5747 1662 5804; x_wconf 88' lang='lat' dir='ltr'><strong>evocarat,</strong></span> <span class='ocrx_word' id='word_1_714' title='bbox 1705 5755 1830 5793; x_wconf 91' lang='lat' dir='ltr'><strong>cum</strong></span> <span class='ocrx_word' id='word_1_715' title='bbox 1883 5739 2401 5795; x_wconf 32' lang='lat' dir='ltr'><strong>Athanasius’anno</strong></span> 
     </span>
     <span class='ocr_line' id='line_1_110' title="bbox 875 5811 2401 5864; baseline 0 0"><span class='ocrx_word' id='word_1_716' title='bbox 875 5812 940 5864; x_wconf 68' lang='grc'><strong>49</strong></span> <span class='ocrx_word' id='word_1_717' title='bbox 967 5811 1350 5864; x_wconf 83' lang='lat' dir='ltr'><strong>Alexandriam</strong></span> <span class='ocrx_word' id='word_1_718' title='bbox 1399 5820 1672 5864; x_wconf 64' lang='lat' dir='ltr'><strong>pergeret.</strong></span> <span class='ocrx_word' id='word_1_719' title='bbox 1718 5811 1922 5864; x_wconf 86' lang='lat' dir='ltr'><strong>absnue</strong></span> <span class='ocrx_word' id='word_1_720' title='bbox 1953 5812 2221 5864; x_wconf 79' lang='lat' dir='ltr'><strong>permissu</strong></span> <span class='ocrx_word' id='word_1_721' title='bbox 2253 5813 2401 5864; x_wconf 83' lang='lat' dir='ltr'><strong>eius—</strong></span> 
     </span>
    </p>
   </div>
   <div class='ocr_carea' id='block_1_110' title="bbox 875 5811 2401 5890">
    <p class='ocr_par' dir='ltr' id='par_1_110' title="bbox 875 5811 2401 5890">
     <span class='ocr_line' id='line_1_111' title="bbox 875 5811 2401 5890; baseline 0.002 -26"><span class='ocrx_word' id='word_1_722' title='bbox 875 5812 940 5865; x_wconf 68' lang='grc'><strong>49</strong></span> <span class='ocrx_word' id='word_1_723' title='bbox 967 5811 1350 5890; x_wconf 72' lang='lat' dir='ltr'><strong>Alexandriam</strong></span> <span class='ocrx_word' id='word_1_724' title='bbox 1399 5820 1672 5890; x_wconf 84' lang='lat' dir='ltr'><strong>perger_et,</strong></span> <span class='ocrx_word' id='word_1_725' title='bbox 1718 5811 1922 5890; x_wconf 78' lang='lat' dir='ltr'><strong>absque</strong></span> <span class='ocrx_word' id='word_1_726' title='bbox 1953 5812 2221 5890; x_wconf 62' lang='lat' dir='ltr'><strong>permissu</strong></span> <span class='ocrx_word' id='word_1_727' title='bbox 2249 5813 2401 5890; x_wconf 71' lang='lat' dir='ltr'><strong>ejus—</strong></span> 
     </span>
    </p>
   </div>
   <div class='ocr_carea' id='block_1_111' title="bbox 838 5881 2401 5954">
    <p class='ocr_par' dir='ltr' id='par_1_111' title="bbox 838 5881 2401 5954">
     <span class='ocr_line' id='line_1_112' title="bbox 838 5881 2401 5954; baseline 0.001 -19"><span class='ocrx_word' id='word_1_728' title='bbox 838 5881 961 5936; x_wconf 89' lang='lat' dir='ltr'><strong>dem</strong></span> <span class='ocrx_word' id='word_1_729' title='bbox 995 5883 1212 5938; x_wconf 86' lang='lat' dir='ltr'><strong>Acacii:</strong></span> <span class='ocrx_word' id='word_1_730' title='bbox 1246 5883 1475 5954; x_wconf 87' lang='lat' dir='ltr'><strong>ejusque</strong></span> <span class='ocrx_word' id='word_1_731' title='bbox 1505 5881 1559 5936; x_wconf 91' lang='lat' dir='ltr'><strong>in</strong></span> <span class='ocrx_word' id='word_1_732' title='bbox 1590 5881 1766 5935; x_wconf 91' lang='lat' dir='ltr'><strong>locum</strong></span> <span class='ocrx_word' id='word_1_733' title='bbox 1825 5881 2110 5936; x_wconf 87' lang='lat' dir='ltr'><strong>substituit</strong></span> <span class='ocrx_word' id='word_1_734' title='bbox 2137 5883 2401 5954; x_wconf 88' lang='lat' dir='ltr'><strong>Cyrillum</strong></span> 
     </span>
    </p>
   </div>
   <div class='ocr_carea' id='block_1_112' title="bbox 2513 5324 4093 5393">
    <p class='ocr_par' dir='ltr' id='par_1_112' title="bbox 2513 5324 4093 5393">
     <span class='ocr_line' id='line_1_113' title="bbox 2513 5324 4093 5393; baseline 0.006 -19"><span class='ocrx_word' id='word_1_735' title='bbox 2513 5332 2770 5392; x_wconf 85' lang='lat' dir='ltr'><strong>tanquam</strong></span> <span class='ocrx_word' id='word_1_736' title='bbox 2815 5324 3030 5380; x_wconf 69' lang='lat' dir='ltr'><strong>Arianae</strong></span> <span class='ocrx_word' id='word_1_737' title='bbox 3083 5326 3306 5383; x_wconf 82' lang='lat' dir='ltr'><strong>factIoni</strong></span> <span class='ocrx_word' id='word_1_738' title='bbox 3355 5329 3622 5393; x_wconf 89' lang='lat' dir='ltr'><strong>oeditum,</strong></span> <span class='ocrx_word' id='word_1_739' title='bbox 3672 5345 3795 5384; x_wconf 87' lang='lat' dir='ltr'><strong>cum</strong></span> <span class='ocrx_word' id='word_1_740' title='bbox 3833 5337 4014 5384; x_wconf 90' lang='lat' dir='ltr'><strong>tamen</strong></span> <span class='ocrx_word' id='word_1_741' title='bbox 4045 5331 4093 5385; x_wconf 76' lang='lat' dir='ltr'><strong>is</strong></span> 
     </span>
    </p>
   </div>
   <div class='ocr_carea' id='block_1_113' title="bbox 2513 5394 4090 5470">
    <p class='ocr_par' dir='ltr' id='par_1_113' title="bbox 2513 5394 4090 5470">
     <span class='ocr_line' id='line_1_114' title="bbox 2513 5394 4090 5470; baseline 0.007 -25"><span class='ocrx_word' id='word_1_742' title='bbox 2513 5394 2596 5460; x_wconf 91' lang='lat' dir='ltr'><strong>(ut</strong></span> <span class='ocrx_word' id='word_1_743' title='bbox 2625 5397 3107 5470; x_wconf 75' lang='lat' dir='ltr'><strong>postea_c_ons_ti_t_it)</strong></span> <span class='ocrx_word' id='word_1_744' title='bbox 3131 5399 3206 5451; x_wconf 84' lang='lat' dir='ltr'><strong>ab</strong></span> <span class='ocrx_word' id='word_1_745' title='bbox 3234 5399 3332 5453; x_wconf 90' lang='lat' dir='ltr'><strong>ista</strong></span> <span class='ocrx_word' id='word_1_746' title='bbox 3367 5400 3558 5454; x_wconf 71' lang='lat' dir='ltr'><strong>haeresi</strong></span> <span class='ocrx_word' id='word_1_747' title='bbox 3585 5400 3742 5470; x_wconf 79' lang='lat' dir='ltr'><strong>longe</strong></span> <span class='ocrx_word' id='word_1_748' title='bbox 3769 5401 3981 5454; x_wconf 89' lang='lat' dir='ltr'><strong>alienus</strong></span> <span class='ocrx_word' id='word_1_749' title='bbox 4001 5415 4090 5456; x_wconf 81' lang='lat' dir='ltr'><strong>es-</strong></span> 
     </span>
    </p>
   </div>
   <div class='ocr_carea' id='block_1_114' title="bbox 2511 5465 4090 5525">
    <p class='ocr_par' dir='ltr' id='par_1_114' title="bbox 2511 5465 4090 5525">
     <span class='ocr_line' id='line_1_115' title="bbox 2511 5465 4090 5525; baseline 0.006 -10"><span class='ocrx_word' id='word_1_750' title='bbox 2511 5472 2614 5525; x_wconf 88' lang='lat' dir='ltr'><strong>set,</strong></span> <span class='ocrx_word' id='word_1_751' title='bbox 2652 5480 2794 5517; x_wconf 91' lang='lat' dir='ltr'><strong>anno</strong></span> <span class='ocrx_word' id='word_1_752' title='bbox 2815 5465 2934 5518; x_wconf 77' lang='lat'><strong>550.</strong></span> <span class='ocrx_word' id='word_1_753' title='bbox 2963 5467 3136 5520; x_wconf 82' lang='lat' dir='ltr'><strong>Aliter</strong></span> <span class='ocrx_word' id='word_1_754' title='bbox 3161 5477 3341 5523; x_wconf 88' lang='lat' dir='ltr'><strong>autem</strong></span> <span class='ocrx_word' id='word_1_755' title='bbox 3375 5465 3740 5525; x_wconf 79' lang='lat' dir='ltr'><strong>Thcodoritus</strong></span> <span class='ocrx_word' id='word_1_756' title='bbox 3771 5471 3838 5525; x_wconf 86' lang='lat' dir='ltr'><strong>de</strong></span> <span class='ocrx_word' id='word_1_757' title='bbox 3867 5471 4090 5524; x_wconf 85' lang='lat' dir='ltr'><strong>ordina-</strong></span> 
     </span>
    </p>
   </div>
   <div class='ocr_carea' id='block_1_115' title="bbox 2514 5533 4092 5606">
    <p class='ocr_par' dir='ltr' id='par_1_115' title="bbox 2514 5533 4092 5606">
     <span class='ocr_line' id='line_1_116' title="bbox 2514 5533 4092 5606; baseline 0.008 -22"><span class='ocrx_word' id='word_1_758' title='bbox 2514 5533 2661 5606; x_wconf 69' lang='lat' dir='ltr'><strong>tione</strong></span> <span class='ocrx_word' id='word_1_759' title='bbox 2785 5534 2994 5606; x_wconf 79' lang='lat' dir='ltr'><strong>Cyrilli,</strong></span> <span class='ocrx_word' id='word_1_760' title='bbox 3031 5537 3167 5592; x_wconf 88' lang='lat' dir='ltr'><strong>Hist.</strong></span> <span class='ocrx_word' id='word_1_761' title='bbox 3214 5539 3310 5593; x_wconf 90' lang='lat' dir='ltr'><strong>lib.</strong></span> <span class='ocrx_word' id='word_1_762' title='bbox 3341 5557 3398 5601; x_wconf 90' lang='lat' dir='ltr'>II,</span> <span class='ocrx_word' id='word_1_763' title='bbox 3431 5554 3478 5593; x_wconf 91' lang='lat' dir='ltr'><strong>c.</strong></span> <span class='ocrx_word' id='word_1_764' title='bbox 3503 5540 3593 5602; x_wconf 68' lang='lat'><strong>26,</strong></span> <span class='ocrx_word' id='word_1_765' title='bbox 3626 5540 3720 5594; x_wconf 89' lang='lat' dir='ltr'><strong>lib.</strong></span> <span class='ocrx_word' id='word_1_766' title='bbox 3755 5558 3808 5604; x_wconf 89' lang='lat' dir='ltr'><strong>v,</strong></span> <span class='ocrx_word' id='word_1_767' title='bbox 3838 5555 3888 5594; x_wconf 94' lang='lat' dir='ltr'><strong>c.</strong></span> <span class='ocrx_word' id='word_1_768' title='bbox 3933 5541 3987 5596; x_wconf 89' lang='lat'><strong>9.</strong></span> <span class='ocrx_word' id='word_1_769' title='bbox 4014 5540 4092 5596; x_wconf 82' lang='lat' dir='ltr'><strong>De</strong></span> 
     </span>
    </p>
   </div>
   <div class='ocr_carea' id='block_1_116' title="bbox 2514 5602 3946 5681">
    <p class='ocr_par' dir='ltr' id='par_1_116' title="bbox 2514 5602 3946 5681">
     <span class='ocr_line' id='line_1_117' title="bbox 2514 5602 3946 5681; baseline 0.006 -25"><span class='ocrx_word' id='word_1_770' title='bbox 2514 5602 2849 5681; x_wconf 51' lang='lat' dir='ltr'><strong>Macedonio;</strong></span> <span class='ocrx_word' id='word_1_771' title='bbox 2870 5607 2994 5681; x_wconf 85' lang='lat' dir='ltr'><strong>vide</strong></span> <span class='ocrx_word' id='word_1_772' title='bbox 3030 5623 3192 5677; x_wconf 87' lang='lat' dir='ltr'><strong>supra</strong></span> <span class='ocrx_word' id='word_1_773' title='bbox 3221 5625 3338 5679; x_wconf 79' lang='lat' dir='ltr'><strong>cap.</strong></span> <span class='ocrx_word' id='word_1_774' title='bbox 3369 5612 3402 5664; x_wconf 82' lang='lat'><strong>6</strong></span> <span class='ocrx_word' id='word_1_775' title='bbox 3428 5619 3484 5663; x_wconf 90' lang='lat' dir='ltr'><strong>et</strong></span> <span class='ocrx_word' id='word_1_776' title='bbox 3512 5611 3576 5664; x_wconf 74' lang='lat'><strong>16</strong></span> <span class='ocrx_word' id='word_1_777' title='bbox 3605 5610 3769 5681; x_wconf 89' lang='lat' dir='ltr'><strong>hujus</strong></span> <span class='ocrx_word' id='word_1_778' title='bbox 3796 5602 3946 5681; x_wconf 81' lang='lat' dir='ltr'><strong>libri.</strong></span> 
     </span>
    </p>
   </div>
   <div class='ocr_carea' id='block_1_117' title="bbox 2561 5672 4089 5748">
    <p class='ocr_par' dir='ltr' id='par_1_117' title="bbox 2561 5672 4089 5748">
     <span class='ocr_line' id='line_1_118' title="bbox 2561 5672 4089 5748; baseline 0.005 -23"><span class='ocrx_word' id='word_1_779' title='bbox 2561 5672 2574 5710; x_wconf 78' lang='grc' dir='ltr'>ι</span> <span class='ocrx_word' id='word_1_780' title='bbox 2610 5675 2885 5748; x_wconf 38' lang='grc' dir='ltr'><strong>Τοὺς-τῆς</strong></span> <span class='ocrx_word' id='word_1_781' title='bbox 2931 5672 3303 5748; x_wconf 62' lang='grc' dir='ltr'>Ἐκκλησίίῷ</span> <span class='ocrx_word' id='word_1_782' title='bbox 3324 5672 4089 5748; x_wconf 63' lang='grc' dir='ltr'>ὄιακρινομέἷεουςΝετιειι-</span> 
     </span>
    </p>
   </div>
   <div class='ocr_carea' id='block_1_118' title="bbox 2509 5742 4089 5822">
    <p class='ocr_par' dir='ltr' id='par_1_118' title="bbox 2509 5742 4089 5822">
     <span class='ocr_line' id='line_1_119' title="bbox 2509 5742 4089 5822; baseline 0.004 -27"><span class='ocrx_word' id='word_1_783' title='bbox 2509 5742 2661 5806; x_wconf 91' lang='lat' dir='ltr'><strong>dum,</strong></span> <span class='ocrx_word' id='word_1_784' title='bbox 2683 5746 2773 5814; x_wconf 86' lang='lat' dir='ltr'><strong>qui</strong></span> <span class='ocrx_word' id='word_1_785' title='bbox 2794 5763 2888 5822; x_wconf 75' lang='lat' dir='ltr'><strong>pro</strong></span> <span class='ocrx_word' id='word_1_786' title='bbox 2922 5742 3159 5822; x_wconf 52' lang='lat' dir='ltr'><strong>Eccum</strong></span> <span class='ocrx_word' id='word_1_787' title='bbox 3189 5742 3528 5822; x_wconf 65' lang='lat' dir='ltr'><strong>contendunt,</strong></span> <span class='ocrx_word' id='word_1_788' title='bbox 3558 5742 3650 5821; x_wconf 77' lang='lat' dir='ltr'><strong>qui</strong></span> <span class='ocrx_word' id='word_1_789' title='bbox 3674 5742 3932 5822; x_wconf 54' lang='lat' dir='ltr'><strong>Ecclesia:</strong></span> <span class='ocrx_word' id='word_1_790' title='bbox 3959 5765 4089 5822; x_wconf 82' lang='lat' dir='ltr'><strong>par-</strong></span> 
     </span>
    </p>
   </div>
   <div class='ocr_carea' id='block_1_119' title="bbox 2511 5817 4091 5894">
    <p class='ocr_par' dir='ltr' id='par_1_119' title="bbox 2511 5817 4091 5894">
     <span class='ocr_line' id='line_1_120' title="bbox 2511 5817 4091 5894; baseline 0.005 -28"><span class='ocrx_word' id='word_1_791' title='bbox 2511 5822 2593 5894; x_wconf 63' lang='lat' dir='ltr'><strong>tes</strong></span> <span class='ocrx_word' id='word_1_792' title='bbox 2626 5817 2881 5894; x_wconf 67' lang='lat' dir='ltr'><strong>tutandas</strong></span> <span class='ocrx_word' id='word_1_793' title='bbox 2902 5819 3228 5894; x_wconf 65' lang='lat' dir='ltr'><strong>suscipiunt.</strong></span> <span class='ocrx_word' id='word_1_794' title='bbox 3256 5821 3458 5878; x_wconf 85' lang='lat' dir='ltr'><strong>Eadem</strong></span> <span class='ocrx_word' id='word_1_795' title='bbox 3481 5817 3697 5894; x_wconf 74' lang='lat' dir='ltr'><strong>phrasis</strong></span> <span class='ocrx_word' id='word_1_796' title='bbox 3722 5817 3976 5879; x_wconf 53' lang='lat' dir='ltr'><strong>oc&#39;currit&#39;</strong></span> <span class='ocrx_word' id='word_1_797' title='bbox 4000 5821 4091 5874; x_wconf 74' lang='lat' dir='ltr'><strong>in-</strong></span> 
     </span>
    </p>
   </div>
   <div class='ocr_carea' id='block_1_120' title="bbox 2512 5884 3272 5955">
    <p class='ocr_par' dir='ltr' id='par_1_120' title="bbox 2512 5884 3272 5955">
     <span class='ocr_line' id='line_1_121' title="bbox 2512 5884 3272 5955; baseline 0.004 -17"><span class='ocrx_word' id='word_1_798' title='bbox 2512 5884 2613 5944; x_wconf 82' lang='lat' dir='ltr'><strong>fra.</strong></span> <span class='ocrx_word' id='word_1_799' title='bbox 2649 5900 2768 5955; x_wconf 88' lang='lat' dir='ltr'><strong>cap.</strong></span> <span class='ocrx_word' id='word_1_800' title='bbox 2808 5887 2894 5941; x_wconf 71' lang='grc'><strong>40.</strong></span> <span class='ocrx_word' id='word_1_801' title='bbox 2932 5887 3022 5942; x_wconf 84' lang='lat' dir='ltr'><strong>W.</strong></span> <span class='ocrx_word' id='word_1_802' title='bbox 3054 5884 3272 5944; x_wconf 80' lang='lat' dir='ltr'><strong>Lowru.</strong></span> 
     </span>
    </p>
   </div>
  </div>
