4524 6582
440 424 552 484 8ἳό

1353 398 1358 405 ’
1436 421 1764 479 HISTORIA
1797 420 2353 480 ECCLESIASTICA.
2389 456 2459 465 -
2496 426 2627 481 LIB.
2670 428 2731 484 ιι.

3613 430 3713 487 526

439 538 534 599 οὖν
564 542 658 598 καὶ
684 536 852 605 οὗτοι,
891 541 959 597 τά
1005 542 1279 614 ἀνήκεστα
1316 540 1641 613 πάσχοντες.
1669 542 1780 596 Καὶ
1829 541 2020 613 φεύγει
2052 548 2096 606 Α
2125 559 2225 615 am]

1925 542 2020 611 ῡγει
2052 548 2096 606 Α
2125 543 2405 615 amplecti.
2441 545 2506 599 lli
2544 560 2676 617 ergo
2707 561 2813 600 una
2846 554 2971 601 eum
3003 546 3114 603 illis
3141 547 3342 614 vexati,
3368 549 3711 609 intoleranda

442 639 544 710 μὲν
580 636 761 693 αὐτῶν
789 640 817 691 ό
849 637 1171 703 ἐπίσκοπος,
1215 636 1457 706 ’Δγέλιος
1479 635 1651 709 ὄνομα
1683 635 1850 708 αὐτῷ.
1885 636 2022 691 Πολ-

438 729 522 782 λοὶ
565 728 622 782 δὲ
669 728 777 782 τῶν
824 728 1116 799 ἐπισήμων
1169 726 1259 781 ἐπ’
1311 726 1569 798 εὐλαϐείᾳ
1625 725 2023 797 συλληφθέντες

434 820 714 890 ᾐκίζοντο,
751 818 873 871 ἐπεὶ
900 818 974 890 μὴ
1018 816 1306 871 ἐϐούλοντο
1341 817 1589 889 μετέχειν
1612 816 1713 888 τῆς
1734 816 2023 881 κοινωνίας

439 911 630 966 αὐτοῦ.
665 911 820 966 Μετά
846 911 905 966 δὲ
934 913 1060 977 τοὺς
1090 911 1404 983 αἰκισμοὺς,
1446 910 1539 983 βία
1563 910 1675 977 τῶν
1709 908 2022 981 μυστηρίων

441 1004 697 1075 μετέχειν
723 1003 853 1067 τοὺς
909 1002 1109 1075 ἄνδρας
1157 1001 1489 1074 ἠνάγκαζον.
1545 1002 1700 1073 Ξύλῳ
1732 1002 1842 1074 γὰρ
1888 1001 2024 1055 διαι-

438 1095 662 1167 ροῦντες
692 1095 763 1150 τά
802 1096 1047 1169 στόματα
1096 1095 1205 1150 τῶν
1250 1094 1575 1169 ἀνθρώπων,
1621 1095 1693 1150 τά
1750 1095 2023 1167 μυστήρια

436 1186 769 1241 ὲνετίθεσαν.
808 1188 873 1241 Ui
926 1186 983 1241 δὲ
1036 1187 1400 1259 ὑπομένοντες
1436 1187 1616 1251 τοῦτο,
1644 1186 1867 1258 μείζονα
1912 1184 2021 1239 τῶν

437 1280 614 1337 ἄλλων
644 1281 930 1353 τιμωριῶν
954 1281 1178 1335 κόλασιν
1200 1281 1405 1352 ταύτην
1426 1280 1693 1353 ἐνόμιζον.
1725 1279 1931 1334 Γύναιά
1963 1297 2020 1333 τε

438 1375 533 1430 καὶ
572 1375 763 1430 παιδία
813 1367 1273 1446 συναρπάζοντες,
1314 1372 1565 1445 μυεῖσθαι
1598 1372 1925 1444 ἠνάγκαζον.
1949 1370 2013 1423 Εί

436 1468 500 1523 δέ
521 1486 607 1533 τις
636 1470 979 1540 παραιτοῖτο,
1013 1466 1047 1539 ἢ
1078 1466 1253 1532 ἄλλως
1287 1467 1597 1537 ἀντέλεγεν,
1624 1464 1788 1529 εὐθὺς
1818 1468 2022 1537 ἐπηκο-

436 1558 664 1614 λούθουν
687 1561 916 1632 πληγαὶ,
946 1560 1040 1614 καὶ
1054 1560 1201 1631 μετά
1239 1559 1337 1623 τὰς
1365 1557 1581 1630 πληγὰς
1624 1558 1814 1630 δεσμοί
1836 1575 1896 1611 τε
1930 1558 2025 1611 καὶ

436 1657 813 1727 δεσμωτήρια,
867 1656 963 1709 καὶ
1009 1653 1079 1709 τά
1135 1646 1495 1708 ἀλλαδεινά.
1526 1646 1630 1706 Ὧν
1682 1651 2024 1722 ὲνὸςῆδυοῖν

439 1748 831 1820 ἐπιμνησθεὶς,
869 1747 1112 1819 φανερὰν
1175 1746 1273 1819 τὴν
1320 1747 1590 1818 ἀπήνειαν
1631 1745 1725 1798 καὶ
1765 1744 2025 1814 ὠμότητα

439 1840 802 1896 Μακεδονίου-
833 1840 928 1894 καὶ
983 1839 1095 1893 τῶν
1125 1838 1245 1893 τότε
1298 1837 1666 1907 ἀκμασάντων
1696 1834 2019 1907 ἀνθρώπων,

2123 638 2370 709 perpessi
2397 648 2526 693 sunt
2543 640 2705 694 mala.
2720 639 2788 694 Et
2803 640 3092 712 episcopus
3114 642 3337 712 quidem
3359 659 3581 711 eorum,
3609 662 3711 700 no-

2123 730 2271 784 mine
2294 728 2538 800 Agelius,
2564 729 2689 801 fuga
2714 729 2821 786 sibi
2850 732 3151 787 consuluit.
3172 732 3327 786 Multi
3351 748 3481 789 vero
3509 735 3717 805 pietate

2124 822 2389 893 insignes,
2422 813 2809 893 comprehensi
2831 838 2895 879 ac
2928 824 3220 880 tormentis
3245 825 3451 881 subditi
3474 835 3622 893 sunt,
3649 844 3722 881 co

2122 914 2270 985 quod
2315 915 2721 969 communicare
2754 932 2877 971 cum
2912 916 3006 971 illo
3039 926 3374 973 recusarent.
3415 919 3544 974 Post
3585 936 3715 974 cru-

2123 1007 2299 1063 ciatus
2324 1014 2529 1072 autem,
2555 1009 2787 1064 miseros
2814 1007 3069 1064 homines
3088 1025 3276 1064 secum
3302 1011 3716 1066 communicare

2122 1114 2221 1169 per
2257 1099 2366 1153 vim
2400 1098 2711 1169 adigebant.
2752 1100 2926 1171 Ligno
2957 1100 3103 1155 enim
3146 1100 3349 1172 injecto
3386 1118 3484 1157 ora
3532 1102 3713 1156 homi-

2124 1206 2257 1244 num
2299 1191 2646 1256 diducentes,
2673 1199 3015 1248 sacramenta
3062 1193 3197 1264 ipsis
3242 1194 3589 1265 ingerebant.
3631 1193 3713 1248 illi

2123 1300 2256 1339 vero
2286 1284 2489 1356 quibus
2513 1300 2577 1339 ea
2603 1285 2687 1339 vis
2715 1285 3101 1351 adhibebatur,
3131 1288 3436 1343 cruciatum
3457 1287 3605 1342 hunc
3630 1302 3716 1341 re-

2126 1377 2294 1447 liquis
2330 1377 2589 1432 omnibus
2647 1377 2819 1432 multo
2863 1378 3171 1448 graviorem
3222 1380 3541 1434 censebant.
3594 1380 3713 1433 Mu-

2125 1471 2288 1526 lieres
2318 1487 2485 1541 porro
2516 1480 2572 1525 et
2592 1471 2849 1541 parvulos
2870 1471 3227 1542 abripientes,
3256 1488 3414 1528 sacro
3438 1473 3718 1544 baptismo

2126 1563 2334 1619 initiari
2359 1563 2645 1633 cogebant.
2672 1561 2829 1629 Quod
2856 1562 2902 1617 si
2933 1563 3059 1632 quis
3085 1564 3422 1619 detrectaret
3448 1572 3543 1619 aut
3580 1578 3716 1619 cons

2126 1655 2440 1718 tradiceret,
2489 1653 2672 1709 statim
2726 1654 2959 1709 verbera
2988 1694 3003 1719 ,
3049 1663 3172 1724 post
3206 1655 3322 1710 hinc
3389 1656 3608 1711 vincula
3658 1658 3717 1711 et

2125 1761 2397 1811 carceres,
2424 1755 2482 1802 et
2503 1747 2608 1801 alia
2634 1746 2839 1801 atrocia
2871 1746 3372 1817 subsequebantur.
3405 1748 3485 1803 Ex
3508 1749 3717 1818 quibus

2126 1853 2296 1893 unum
2343 1844 2439 1892 aut
2487 1837 2722 1891 alterum
2770 1837 3026 1891 retulisse
3060 1845 3375 1901 contentus,
3411 1838 3716 1893 Macedonii

436 1937 549 1998 τοῖς
594 1933 851 1988 ἀκούουσι
899 1932 1249 2003 καταστήσω.
1316 1928 1600 1984 Γυναικῶν
1649 1927 1759 1998 γὰρ
1786 1927 1896 1981 τῶν
1947 1926 2021 1998 μὴ
2055 1945 2095 2000 Β
2123 1939 2222 1986 ett

1947 1926 2021 1998 μὴ
2055 1945 2095 2000 Β
2123 1939 2181 1986 et
2205 1946 2397 1986 eorum
2424 1929 2519 2001 qui
2557 1937 2690 1985 tunc
2727 1929 2994 1999 temporis
3014 1930 3383 1999 praevalebant
3404 1970 3418 1994 ,
3449 1930 3716 1985 saevitiam

436 2025 827 2098 ἀνασχομένων
869 2017 1162 2097 μετασχεῖν
1207 2022 1319 2077 τῶν
1377 2021 1715 2093 μυστηρίων,
1760 2021 1885 2083 τοὺς
1916 2036 2021 2091 μα-

439 2119 600 2185 στοὺς
650 2122 709 2174 ἐν
739 2117 959 2189 κιϐωτῷ
994 2117 1246 2189 βαλόντες
1278 2117 1568 2187 ἀπέπριον.
1602 2113 1810 2167 Ἀλλων
1836 2130 1895 2166 τε
1921 2126 2019 2182 γυ-

438 2211 644 2268 ναικῶν
679 2211 749 2267 τὰ
789 2211 928 2265 αὺτά
970 2210 1159 2282 μόρια,
1200 2208 1357 2262 τοῦτο
1389 2210 1489 2279 μὲν
1522 2208 1746 2279 σιδήρῳ,
1776 2205 1932 2261 τοῦτο
1964 2205 2021 2259 δὲ

438 2304 566 2367 ὠοϊς
599 2302 716 2376 [57)
749 2304 830 2367 είς
867 2301 1039 2373 ἀκρον
1074 2301 1208 2372 πυρὶ
1249 2299 1623 2369 θερμανθεὶσι,
1655 2297 2022 2369 προφέροντες

438 2395 645 2451 ἔκαιον.
674 2394 816 2466 Ξένη
862 2412 921 2447 τε
976 2394 1070 2447 καὶ
1103 2391 1257 2463 παρὰ
1280 2391 1379 2456 τὰς
1424 2380 1689 2460 Ἑλλήνων
1725 2390 2018 2461 τιμωρίας,

438 2486 579 2559 αὕτη
622 2489 654 2556 ἡ
693 2488 801 2540 ὑπὸ
856 2487 962 2540 τῶν
1024 2484 1428 2555 Χριστιανίζειν
1473 2483 1739 2551 λεγόντων
1790 2482 2016 2550 ἐγίνετο.

440 2581 628 2636 Ταῦτα
654 2580 711 2633 δὲ
738 2578 849 2648 ἐγὼ
879 2579 1029 2651 παρά
1052 2579 1145 2632 τοῦ
1180 2578 1724 2649 μακροχρονιωτάτου
1756 2576 2022 2640 Αὑξάνονο

440 2689 531 2737 τος
557 2672 790 2744 ἥκουσα,
817 2665 878 2724 οὗ
908 2670 1013 2724 κᾶν
1042 2668 1120 2740 τῷ
1164 2667 1369 2740 πρώτῳ
1418 2668 1607 2739 βιϐλίῳ
1660 2671 1883 2738 μνήμην
1930 2685 2022 2720 πε-

442 2763 698 2835 ποίημαι.
734 2763 831 2825 Ὃς
862 2760 1235 2833 πρεσϐύτερος
1262 2758 1358 2832 μὲν
1392 2755 1459 2830 ἦν
1483 2759 1583 2828 τῆς
1607 2758 1714 2811 τῶν
1737 2759 2021 2811 Ναυατιαέ-

441 2852 547 2906 νῶν
588 2851 941 2921 Ἐκκλησίας.
976 2849 1314 2903 Πεπονθέναι
1339 2848 1394 2902 δὲ
1415 2849 1567 2916 ἔλεγε
1599 2850 1691 2901 καὶ
1728 2848 1891 2911 αὐτὸς
1922 2848 2021 2900 οὐκ

440 2944 594 3013 ὀλίγα
643 2943 795 3018 παρά
846 2942 956 2997 τῶν
1005 2936 1453 3013 Ἀρειανιζόντων
1491 2940 1657 3000 κακὰ,
1694 2938 1847 2992 οὔπω
1872 2956 2022 3010 τηνι-

442 3037 623 3091 καῦτα
659 3039 759 3106 τῆς
790 3034 888 3089 τοῦ
935 3033 1310 3106 πρεσϐυτέρου
1349 3032 1504 3097 ἀξίας
1543 3031 1741 3102 λαχών.
1768 3032 1918 3099 ’Ἅμα
1965 3031 2021 3083 δὲ

454 3128 792 3202 Ἀλεξάνδρῳ
848 3123 1170 3197 Παφλαγόνι
1218 3122 1571 3178 συνασκοῦντι
1614 3122 1783 3194 αὐτῷ,
1840 3123 1918 3187 εἰς
1960 3139 2021 3174 τε

442 3223 664 3296 εἱρκτὴν
713 3221 1029 3294 βεϐλῆσθαι,
1081 3219 1175 3274 καὶ
1210 3216 1425 3290 πληγὰς
1463 3216 1753 3287 ὑπομεῖναι
1801 3214 2019 3279 πολλὰς,

2123 2032 2181 2079 et
2235 2023 2631 2079 immanitatem
2677 2021 3025 2076 auditoribus
3078 2020 3484 2092 dijudicandam
3539 2022 3717 2077 relin~

2122 2129 2306 2186 quam.
2332 2116 2622 2171 Mulierum
2646 2131 2769 2185 qua:
2802 2130 2927 2170 cum
2964 2113 3124 2187 ιω
3149 2114 3283 2185 ipsis
3304 2117 3717 2171 communicare

2124 2211 2463 2274 renuissent,
2502 2210 2676 2265 ubera
2703 2210 2758 2264 in
2799 2225 2927 2265 arca
2962 2208 3717 2278 comprimentes‘abscindc-

2122 2304 2275 2358 bant.
2299 2301 2435 2358 Aliis
2458 2302 2783 2357 mulieribus
2797 2302 3016 2357 easdem
3034 2303 3285 2374 corporis
3311 2311 3494 2374 partes
3516 2302 3717 2372 partim

2120 2392 2293 2457 ferro,
2316 2395 2513 2464 partim
2538 2393 2774 2447 admotis
2792 2392 2913 2448 ovis
2937 2409 3103 2464 supra
3128 2393 3351 2448 modum
3372 2392 3718 2448 ferventibus

2121 2486 2565 2543 combusserunt.
2615 2486 2828 2541 Novum
2862 2486 2969 2541 hoc
3000 2487 3261 2543 tormenti
3312 2503 3504 2558 genus,
3542 2501 3643 2541 nec
3682 2502 3716 2541 ιι

2120 2576 2421 2649 gentilibus
2471 2578 2735 2633 adversus
2799 2588 3023 2634 nostros
3065 2595 3309 2649 unquam
3364 2586 3716 2649 usurpatum,

2124 2670 2213 2724 isti
2251 2670 2344 2740 qui
2392 2685 2451 2725 se
2500 2668 2845 2725 Christianos
2878 2669 3281 2740 proﬁtebantur
3311 2670 3711 2741 excogitarunt.

2121 2764 2248 2818 Hzec
2278 2778 2380 2835 ego
2413 2763 2482 2817 ab
2506 2762 2829 2817 Auxanonte
2860 2762 3080 2828 audivi,
3114 2762 3239 2817 viro
3263 2761 3560 2817 admodum
3588 2760 3712 2815 lon-

2120 2872 2291 2926 gaevo,
2331 2857 2488 2927 cujus
2546 2856 2713 2910 etiam
2759 2854 2815 2908 in
2857 2842 3142 2925 superiore
3191 2855 3337 2910 libro
3374 2854 3711 2909 mentionem

2120 2946 2244 3001 feci.
2277 2945 2381 3013 Qui
2403 2946 2831 3001 Novatianorum
2866 2946 3093 3017 quidem
3125 2946 3385 3020 Ecclesia:
3425 2944 3713 3016 presbyter

2122 3036 2243 3092 fuit.
2281 3037 2549 3093 Caeterum
2585 3054 2642 3094 se
2667 3055 2885 3110 quoque
2910 3040 3197 3094 innumera
3230 3039 3371 3093 mala
3395 3038 3466 3093 ab
3494 3037 3715 3092 Arianis

2121 3144 2343 3200 passum
2375 3145 2497 3185 esse
2535 3130 2772 3195 dicebat,
2810 3138 3103 3201 antequam
3124 3128 3431 3201 presbyteri
3470 3122 3711 3201 dignita-

2126 3230 2233 3276 tem
2261 3221 2492 3292 adeptus
2511 3222 2723 3277 fuisset.
2743 3221 2877 3275 Nam
2912 3228 2969 3276 et
3000 3236 3125 3276 cum
3143 3220 3454 3276 Alexandro
3477 3219 3713 3290 Paphla-

442 3316 533 3369 καὶ
576 3314 821 3382 ἐνεγκεῖν
848 3311 947 3382 μὲν
984 3310 1082 3374 τὰς
1112 3309 1380 3380 βασάνους
1417 3305 1578 3369 αὐτὸς
1608 3305 1811 3373 ἔλεγεν·
1847 3303 2023 3365 ’λὶλέξ⁴
2052 3323 2095 3380 C
2128 3331 2228 3384 gon

1925 3303 2023 3365 \éi‘
2052 3323 2095 3380 ο
2128 3330 2288 3384 gone,
2329 3316 2422 3385 qui
2461 3330 2567 3369 una
2614 3329 2738 3368 cum
2789 3314 2908 3383 ipso
2949 3314 3308 3369 monasticam
3340 3313 3508 3367 vitam
3546 3311 3711 3383 dege-

440 3406 630 3480 ανδρον
644 3404 702 3460 δὲ
724 3405 829 3459 ὑπὸ
852 3404 959 3459 τῶν
972 3402 1197 3471 πληγῶν
1214 3403 1271 3455 ἐν
1287 3402 1353 3471 τῇ
1382 3400 1569 3471 εἱρκτῇ
1587 3398 1921 3468 τελευτῆσαι.
1934 3398 2030 3459 ’ος

442 3500 708 3554 τέθαπται
767 3497 861 3552 νῦν
890 3498 948 3550 ὲν
981 3495 1133 3566 δεξιᾷ
1162 3490 1545 3547 είσπλεύσαντι
1591 3487 1682 3544 τὸν
1737 3489 2027 3553 Βυζάντιον

444 3592 662 3658 κόλπον,
695 3590 754 3656 ὃς
795 3589 1042 3645 καλεῖται
1085 3588 1269 3659 Κέρας
1296 3585 1434 3659 (58),
1458 3584 1687 3655 πλησίον
1725 3583 1831 3636 τῶν
1864 3599 2026 3636 ποτα-

446 3685 594 3757 μῶνο
619 3678 681 3739 οὗ
715 3683 810 3737 καὶ
842 3680 1109 3753 ἐκκλησία
1138 3680 1256 3733 ἐστὶ
1285 3678 1396 3733 τῶν
1426 3676 1805 3742 Ναυατιανῶν,
1849 3674 2025 3742 Ἀλεξο

441 3776 637 3850 ἀνδρου
696 3775 1001 3847 ἐπώνυμος.
1045 3773 1336 3844 Καθῄρουν
1379 3771 1477 3843 μὲν
1518 3766 1613 3824 οὖν
1670 3770 1720 3824 οί
1760 3768 2021 3839 Ἀρειανί-

443 3869 649 3935 ζοντες,
713 3866 1052 3923 Μακεδονίου
1111 3864 1444 3928 κελεύοντος,
1510 3862 1677 3927 ἄλλας
1720 3879 1781 3915 τε
1823 3862 2023 3927 πόλλας

443 3960 587 4016 κατὰ
622 3960 807 4023 πόλεις
834 3956 1149 4030 ἐκκλησίας.
1183 3956 1279 4010 καὶ
1305 3956 1369 4027 δὴ
1409 3955 1504 4010 καὶ
1548 3954 1905 4008 Ναυατιανῶν
1928 3954 2024 4023 τὴν

445 4053 674 4127 πλησίον
702 4051 797 4106 τοῦ
820 4048 1106 4122 Πελαργοῦ
1123 4050 1182 4103 ὲν
1202 4051 1268 4120 τῇ
1293 4048 1703 4102 Κωνσταντίνου
1726 4047 1876 4100 πόλει
1912 4062 2025 4099 κει-

445 4144 632 4216 μένην.
669 4144 833 4197 Ὅτσυ
864 4140 1025 4212 χάριν
1056 4138 1115 4193 δὲ
1144 4137 1349 4209 ταύτην
1388 4138 1570 4201 ίδικῶς
1618 4137 2023 4208 ἐμνημόνευσα,

441 4234 609 4303 λέξων
637 4233 889 4308 ἔρχομαι,
916 4234 1019 4287 ὃσα
1070 4230 1223 4303 παρά
1252 4228 1347 4284 τοῦ
1399 4228 1724 4300 γεραιτάτου
1757 4229 2022 4296 Αὑξάνον-

442 4347 533 4395 τος
571 4328 683 4400 (59)
714 4328 945 4401 ηκουσα.
992 4326 1051 4379 '0
1086 4322 1350 4397 βασιλέως
1379 4321 1563 4393 νόμος,
1625 4322 1721 4375 καὶ
1770 4324 1802 4392 ἡ
1849 4323 2025 4376 Μακε-

443 4420 620 4477 δονίου
654 4420 763 4491 βία,
795 4415 1178 4490 καθαιρεῖσθαι
1202 4416 1312 4470 τῶν
1352 4415 1413 4468 τὸ
1456 4416 1739 4486 όμοούσιον
1768 4414 2027 4484 φρονούν-

442 4532 551 4570 των
589 4513 690 4577 τάς
711 4510 1008 4583 ἐκκλησίας
1037 4510 1305 4564 ἐκέλευον.
1338 4506 1528 4561 Ἒλκει
1568 4506 1632 4579 δὴ
1660 4507 1721 4560 τὸ
1742 4505 2023 4577 θέσπισμα

2126 3404 2238 3470 bat,
2275 3421 2332 3461 se
2355 3406 2411 3461 in
2441 3422 2716 3462 carcerem
2737 3409 3043 3478 conjectum
3072 3406 3367 3474 multisque
3386 3402 3715 3480 verberibus

2122 3498 2379 3554 allectum
2407 3497 2608 3565 fuisse;
2640 3514 2705 3554 ac
2733 3514 2790 3554 se
2813 3498 3037 3569 quidem
3071 3506 3344 3552 tormenta
3380 3494 3713 3551 sustinuisse

2121 3588 2373 3653 dicebat,
2412 3588 2783 3644 Alexandrum
2828 3603 2957 3643 vero
2985 3603 3053 3642 ex
3103 3587 3292 3642 dolore
3321 3587 3615 3641 verberum
3653 3586 3709 3639 in

2118 3696 2340 3736 carcere
2382 3680 2679 3735 interiisse.
2739 3680 2912 3751 Hujus
2956 3679 3271 3749 sepulcrum
3304 3694 3455 3734 nunc
3496 3685 3582 3732 est
3639 3678 3710 3732 ad

2119 3770 2373 3827 dextrum
2395 3771 2538 3825 latus
2558 3770 2946 3841 navigantibus
2971 3770 3027 3823 in
3058 3768 3378 3841 Byzantium
3412 3768 3592 3823 sinum
3615 3764 3710 3837 qui

2118 3863 2287 3920 Ceras
2332 3864 2783 3934 cognominatur,
2824 3877 2995 3934 prope
3026 3863 3265 3917 ﬂuvios:
3302 3861 3397 3916 ubi
3426 3861 3590 3915 etiam
3625 3870 3712 3914 est

2119 3958 2549 4013 Novatianorum
2573 3958 2826 4022 ecclesia,
2849 3957 3144 4012 Alexandri
3174 3956 3396 4010 nomine
3427 3954 3706 4024 insignita.

2122 4050 2293 4105 Porro
2326 4048 2511 4105 Ariani
2546 4066 2671 4105 cum
2726 4050 2861 4105 alias
2884 4050 3084 4104 multas
3108 4043 3370 4104 ecclesias
3393 4048 3447 4102 in
3475 4046 3711 4101 diversis

2124 4142 2441 4197 civitatibus
2454 4151 2791 4205 everterunt,
2813 4144 3041 4212 jubente
3065 4142 3401 4207 Macedonio,
3423 4150 3537 4196 tum
3560 4140 3707 4195 illam

2123 4233 2551 4288 Novatianorum
2595 4250 2717 4303 quae
2763 4232 3243 4303 Constantinopoli
3288 4232 3390 4287 sita
3425 4241 3511 4287 est
3550 4233 3707 4303 juxta

2122 4325 2428 4395 Pclargum.
2486 4324 2599 4381 Cur
2652 4335 2833 4379 autem
2894 4325 3059 4396 hujus
3112 4325 3357 4393 ecclesiae
3398 4323 3711 4395 specialiter

2120 4417 2457 4471 mentionem
2484 4417 2732 4479 fecerim,
2764 4418 2942 4472 dicam
2967 4418 3072 4473 hoc
3096 4418 3248 4483 loco,
3273 4417 3499 4472 sicutab
3521 4415 3706 4469 Auxa-

2121 4518 2289 4563 nonte
2324 4519 2596 4579 provecta:
2636 4510 2932 4564 admodum
2974 4509 3152 4565 mtatis
3181 4510 3303 4565 viro
3350 4508 3540 4563 didici.
3578 4506 3711 4561 Edi-

1640 4685 1913 4741 VALESII
1946 4682 2390 4743 ANNOTATION
2396 4687 2497 4743 ES.

514 4825 941 4911 (57)]οῖιτορὲ
975 4824 1132 4906 ὠοῖςὶ
1162 4824 1223 4881 ln
1256 4820 1907 4911 eod'ieeileopisAll’artii
1936 4821 2028 4911 hic
2059 4825 2102 4880 D
2124 4823 2462 4911 praegelidus.
2491 4822 2736 4911 eum
2767 4824 2952 4911 locum
2973 4822 3459 4911 correxizseeutus
3492 4821 3710 4911 scriptae

441 4891 621 4958 locus'
642 4898 717 4955 ita
764 4896 964 4969 legitur
996 4894 1198 4969 :froﬁto
1251 4894 1309 4948 δὲ
1350 4894 1432 4948 de
1460 4896 1539 4956 είς
1570 4891 1783 4969 ,ἀκρον-
1807 4895 1864 4969 liv
1896 4892 2029 4963 πυρὶ

444 4962 846 5045 θερμανθέντί
862 4966 1236 5045 προφέροντες
1281 4962 1679 5045 συνεφασκίουν
1702 4964 1796 5045 καὶ
1819 4962 2022 5017 ἔκαιον.

442 5036 649 5099 νει-ἰιω
677 5055 779 5112 ego
821 5036 960 5112 nihil
1006 5036 1330 5112 mutandum
1359 5049 1578 5099 censeo,
1609 5042 1819 5088 tantum
1858 5050 2028 5105 προσ-

445 5114 704 5184 φέροντες
717 5108 921 5165 ’ωθιίω
940 5108 1213 5184 scribere.

516 5172 626 5255 (58)
663 5172 760 5248 Ὃς
788 5180 1052 5255 καθ-εἷται
1078 5178 1286 5245 Κέρας.
1318 5174 1641 5255 Ιόεωθίοἰι
1662 5172 1937 5255 ⁵ξξοιγὶἠιιε
1966 5175 2023 5232 in

451 5246 587 5309 ibro
609 5246 814 5323 quarto
847 5250 1240 5323 Historiarum,
1265 5246 1548 5323 tet-Strabo
1579 5246 1633 5300 in
1662 5246 1804 5323 libro
1840 5256 2012 5323 sexto.

455 5327 609 5380 teras
635 5317 847 5379 scilicet
872 5322 1053 5376 sinum
1083 5336 1203 5375 esse
1235 5317 1475 5373 vicinum
1511 5317 1790 5388 Byzantio,
1823 5318 1903 5373 sic
1928 5319 2016 5373 di-

444 5406 591 5451 ctum
628 5410 660 5449 a
685 5391 891 5448 cervini
927 5407 1097 5446 cornu
1148 5388 1528 5445 similitudine.
1572 5388 1782 5442 Plinius
1834 5397 2015 5445 tamen

445 5465 879 5537 promontorium
911 5462 1380 5537 ita_vocat_situm_
1410 5459 1555 5537 ineo
1586 5458 1730 5513 sinu.
1754 5458 1854 5537 Cui
1877 5476 2011 5537 con—

444 5529 611 5591 sentit
652 5535 970 5589 Ammianus
996 5532 1342 5587 Marcellinus
1368 5529 1595 5591 imlibro
1630 5546 1759 5584 xx".
1797 5530 1898 5597 Qui
1934 5532 2019 5587 lo-

444 5622 541 5661 cus
557 5606 685 5676 quia
706 5606 870 5676 vulgo
895 5603 1311 5676 corruptissime
1335 5600 1554 5676 legitur,
1580 5616 1680 5656 nec
1700 5601 1755 5676 in
1777 5603 2018 5676 editione

444 5672 628 5732 nostra
662 5672 843 5730 adhuc
872 5672 1196 5731 emendatus
1227 5679 1330 5736 est,
1372 5672 1461 5725 hic
1491 5680 1655 5743 prout
1700 5672 1801 5743 legi
1832 5674 2017 5743 debet,

445 5763 473 5801 a
503 5764 587 5803 me
613 5752 918 5828 apponetur
948 5743 1052 5800 :Et
1074 5740 1695 5828 promontoriuniCei-as,
1730 5740 2021 5826 p'rrrlucen-

444 5826 550 5872 tem
578 5811 794 5872 nauibus
823 5819 1006 5871 uehens
1031 5811 1384 5870 constructam
1410 5811 1597 5866 celsius
1628 5811 1817 5867 turrim
1845 5832 1861 5869 :
1884 5833 2021 5881 qua-

447 5899 658 5962 propter
694 5887 914 5945 Ceratas
949 5886 1251 5959 appellat-ur
1284 5892 1464 5940 ventus
1498 5885 1619 5939 inde
1670 5896 1845 5939 suetus
1895 5890 2021 5942 oriri

2124 4892 2379 4954 lectionis
2403 4894 2630 4964 vestigia
2666 4911 2677 4945 :
2711 4909 2837 4948 nam
2863 4895 3081 4963 vulgata
3106 4892 3290 4956 lectio,
3313 4892 3489 4964 cujus
3514 4900 3709 4964 auctor

2123 4967 2230 5024 fuit
2276 4966 2471 5020 Petrus
2501 4960 2790 5029 Castellus,
2837 4960 2999 5019 sensu
3035 4963 3184 5017 omni
3235 4960 3402 5017 caret.
3442 4961 3557 5015 Mos
3603 4960 3708 5015 fuit

2121 5047 2371 5093 veterum
2403 5043 2598 5090 ventos
2622 5035 2907 5089 nominare
2935 5049 2964 5087 a
2983 5033 3120 5088 locis
3144 5048 3210 5089 ex
3240 5032 3444 5101 quibus
3468 5031 3702 5101 spirant.

2121 5109 2211 5165 Sic
2234 5107 2517 5177 Argestem
2554 5104 2917 5177 Athenienses
2939 5111 3210 5177 vocarunt
3250 5102 3706 5177 Scironitem,_eo

2120 5178 2265 5249 quod
2282 5171 2347 5249 ei
2371 5175 3009 5249 Scironispromontorio
3023 5173 3197 5239 ﬂaret,
3216 5181 3277 5228 ut
3301 5172 3465 5249 tradit
3484 5171 3701 5249 Strabo.

2124 5243 2203 5306 l'ta
2228 5248 2395 5315 igitur
2445 5243 2674 5301 Ceratas
2720 5253 2917 5301 ventus
2959 5244 3141 5300 dictus
3186 5252 3271 5300 est
3299 5259 3329 5298 a
3364 5243 3703 5315 Byzantinis,

2125 5314 2276 5392 quod
2291 5335 2363 5392 es
2395 5314 2997 5392 promontorio_Cerate
3017 5315 3191 5392 ﬂaret.

2198 5389 2308 5459 (59)
2334 5380 2482 5442 "027a
2520 5389 2679 5453 παρὰ
2708 5387 2812 5459 τοῦ
2839 5384 3604 5459 γεραιτάτουηΑὐεὰκον-τρς.
3640 5380 3703 5438 in

2118 5454 2305 5537 codice
2330 5460 2528 5537 Leoliis
2548 5458 2727 5537 Allatii
2764 5458 3026 5526 scriptum
3042 5454 3245 5537 εξιηὼς
3273 5456 3418 5537 παρά
3450 5454 3544 5537 τού
3578 5472 3699 5524 γερ.

2116 5533 2385 5597 Λῦξωνος,
2427 5529 2766 5600 Epiphanius
2816 5525 3046 5600 quoque
3082 5525 3463 5600 Scholasticus
3512 5526 3700 5600 Auxoa

2116 5596 2267 5657 nium
2298 5596 2490 5657 senem
2514 5596 2688 5654 vocat.
2726 5596 2845 5654 Sed
2866 5599 2920 5651 in
2955 5597 3120 5668 hujus
3149 5598 3343 5668 capitis
3372 5596 3599 5668 exordio
3645 5601 3703 5650 et

2120 5620 2267 5657 mum
2298 5617 2484 5657 senem
2514 5614 2688 5654 vocat.
2726 5614 2833 5654 beo
2866 5614 2920 5651 In
2955 5614 3027 5651 nu
3057 5614 3120 5651 us
3149 5614 3343 5668 captus
3372 5614 3599 5652 exorato
3645 5614 3701 5650 CI

2120 5675 2173 5729 in
2204 5690 2219 5727 ι
2257 5673 2400 5727 libro
2437 5680 2663 5725 vocatur
2702 5670 2948 5725 Auxano.
2980 5614 3064 5723 Ab
3116 5669 3225 5723 hoc
3275 5678 3457 5735 autem
3518 5667 3701 5722 Auxa-

2118 5760 2281 5806 none,
2314 5756 2655 5813 quaecunque
2684 5742 2751 5796 de
2785 5740 3104 5795 Novatianis
3130 5740 3330 5810 passim
3364 5741 3417 5794 in
3464 5737 3704 5813 Historia

2119 5832 2217 5870 sua
2272 5812 2454 5869 narrat
2487 5814 2760 5885 Socrates,
2798 5820 2986 5866 narrat
3033 5826 3217 5866 autem
3274 5812 3703 5885 quamplurima,

2121 5887 2393 5956 accepisse
2424 5885 2561 5939 mihi
2587 5884 2828 5939 videtur.
