4508 6588
860 483 964 539 59.7

2304 477 2642 535 SOCBATIS

4022 488 4128 544 52$

873 608 1028 653 etum
1064 597 1415 670 imperatoris
1444 604 1501 651 et
1540 594 1844 651 Macedonii
1884 594 2149 650 violentia
2192 594 2458 649 ecclesias
2483 600 2528 655 Α
2554 595 2652 649 καὶ

2348 594 2458 649 sias
2483 600 2528 655 Δ
2554 595 2652 649 καὶ
2680 596 2715 666 ή
2746 593 2840 664 βία
2862 609 3005 647 κατα
3026 591 3194 665 τῆσδε
3232 587 3335 662 τῆς
3360 595 3675 667 ἐκκλησίας,
3708 615 3801 653 και
3829 600 4058 670 ἤπειγον
4079 596 4128 657 οἱ

865 690 1365 747 llomousianorum
1404 688 1705 743 disturbari
1748 695 2142 759 praeeperant.
2192 685 2450 741 Edictum

866 786 1034 856 igitur
1059 792 1116 839 et
1138 782 1400 837 violentia
1420 782 1553 837 huic
1574 796 1794 851 quoque
1824 780 2073 835 ecclesia:
2098 781 2312 835 ruinam
2341 780 2450 834 mi-

866 878 1141 933 nabatur:
1176 883 1233 929 et
1265 875 1547 929 instabant
1588 873 1628 927 ii
1660 872 1865 944 quibus
1903 873 2026 944 ejus
2054 872 2134 926 rei
2169 872 2452 926 exsecutio

866 970 1123 1025 mandata
1147 970 1343 1024 fuerat.
1377 966 1509 1021 Mihi
1535 981 1669 1021 vero
1698 964 1887 1019 mirari
1931 963 2100 1028 subit,
2136 969 2253 1017 tum
2293 963 2456 1017 ardo—

867 1079 984 1118 rem
1018 1062 1187 1116 animi
1244 1076 1308 1115 ac
1356 1059 1602 1115 studium
1650 1056 2081 1114 Novatianorum
2130 1055 2279 1127 quod
2322 1071 2452 1127 erga

865 1155 1155 1210 ecclesiam
1188 1168 1344 1207 suam
1391 1151 1778 1212 declararunt,
1839 1156 1956 1202 tum
2011 1147 2453 1201 benevolentiam

868 1264 1033 1317 quam
1067 1261 1199 1316 erga
1234 1245 1356 1299 illos
1386 1244 1752 1299 ostenderunt
1775 1243 1834 1307 ii,
1858 1241 1952 1312 qui
1988 1248 2105 1295 tum
2131 1239 2356 1310 quidem
2384 1240 2454 1294 ab

866 1339 1088 1395 Arianis
1113 1337 1346 1393 ecclesia
1372 1336 1590 1390 fuerant
1619 1334 1779 1404 ejeeti
1797 1375 1811 1398 ,
1849 1348 1997 1387 nunc
2015 1348 2149 1387 vero
2180 1338 2369 1401 pacate
2398 1339 2456 1385 et

870 1432 1165 1502 tranquille
1213 1429 1478 1485 ecclesias
1514 1427 1791 1482 obtinent.
1832 1425 1971 1480 Cum
2019 1424 2207 1489 igitur,
2242 1431 2305 1476 ut
2339 1421 2458 1477 haec

868 1524 1036 1578 etiam
1075 1522 1311 1578 ecclesia
1346 1521 1754 1583 destrueretur,
1780 1526 2045 1587 urgerent
2088 1516 2126 1570 ii
2163 1515 2369 1586 quibus
2400 1514 2457 1569 id

869 1614 1118 1670 muneris
1141 1622 1262 1669 erat
1298 1614 1629 1684 injunctum,
1655 1613 1849 1681 ingens
1878 1608 2167 1663 hominum
2200 1607 2359 1662 turba
2388 1621 2457 1660 eo

869 1705 1169 1771 conﬂuxit,
1210 1714 1329 1760 tum
1383 1704 1815 1760 Novatianorum
1842 1742 1857 1766 ,
1905 1708 2022 1755 tum
2085 1701 2321 1755 aliorum
2358 1698 2456 1768 qui

869 1800 1015 1854 idem
1050 1815 1175 1854 eum
1204 1798 1338 1868 ipsis
1361 1796 1693 1853 sentiebant.
1715 1794 1963 1863 Cumque
1993 1791 2279 1847 ecclesiam
2300 1805 2458 1845 suam

869 1889 1196 1953 diruissent,
1218 1903 1340 1942 eam
1382 1887 1440 1941 in
1476 1887 1647 1940 alium
1682 1886 1867 1940 locum
1899 1882 2323 1937 transtulerunt.
2355 1880 2458 1935 llic

868 1989 1051 2034 autem
1071 1980 1228 2032 locus
1244 1978 1385 2033 situs
1406 1987 1492 2031 est
1514 1992 1582 2030 ex
1603 1976 1837 2030 adverso
1864 1973 2452 2043 Constantinopoleos;
2486 1952 2528 2007 Β

869 2074 1178 2143 appellatur
1206 2081 1393 2126 autem
1435 2070 1606 2142 Syeze,
1637 2076 1695 2123 et
1727 2068 1890 2123 tertia
1933 2067 2149 2121 decima
2185 2072 2272 2120 est
2300 2064 2457 2119 urbis

871 2166 1041 2236 regio.
1089 2166 1261 2221 Porro
1319 2163 1568 2218 ecclesia:
1618 2159 1909 2216 translatio
1948 2158 2103 2214 brevi
2158 2156 2455 2213 admodum

873 2270 1119 2329 tempore
1138 2259 1280 2313 facta
1309 2264 1415 2321 est,
1439 2272 1565 2311 cum
1589 2253 1825 2309 maxima
1850 2251 2136 2306 hominum
2160 2250 2458 2304 multitudo

871 2347 1186 2404 incredibili
1212 2346 1496 2402 alacritate
1524 2360 1647 2399 eam
1681 2348 2098 2413 transportaret.
2123 2341 2279 2396 Alius
2307 2341 2457 2396 enim

875 2440 1104 2508 tegulas,
1146 2437 1360 2507 lapides
1398 2435 1562 2499 alius,
1598 2434 1740 2488 alius
1769 2431 2079 2496 materiam,
2115 2429 2272 2503 [L7
2315 2430 2460 2486 alius

871 2529 1028 2585 aliud
1073 2528 1208 2599 quid
1258 2542 1503 2593 sumens,
1558 2524 1724 2597 Sycas
1759 2522 2062 2578 deferebat.
2094 2521 2201 2577 Sed
2233 2529 2291 2576 et
2332 2537 2457 2577 mu-

874 2623 1039 2678 lieres
1066 2631 1123 2677 ct
1161 2629 1350 2676 tenera
1381 2619 1565 2674 adhuc
1591 2624 1726 2673 aetas
1776 2631 2001 2670 manum
2029 2613 2185 2684 operi
2206 2613 2461 2669 admove-

874 2714 1037 2778 bant;
1073 2718 1199 2766 vola
1233 2725 1292 2765 se
1324 2710 1539 2765 solvere
1570 2706 1903 2762 arbitrantes
1924 2745 1940 2769 ,
1977 2710 2035 2759 et
2073 2703 2313 2758 maximo
2351 2703 2456 2757 du-

874 2808 1063 2854 centes
1088 2800 1265 2861 lucro,
1294 2796 1442 2867 quod
1476 2797 1624 2851 Deus
1651 2810 1836 2849 rerum
1868 2793 1975 2848 sibi
2010 2801 2457 2848 consecratarum

874 2890 1013 2946 fidos
1037 2890 1296 2945 custodes
1324 2890 1475 2960 ipsos
1505 2903 1627 2943 esse
1647 2887 1932 2941 voluisset.
1963 2885 2077 2939 lloc
2101 2883 2270 2955 igitur
2295 2885 2461 2939 modo

874 2983 1112 3039 ecclesia
1145 2981 1576 3038 Novatianorum
1615 2996 1681 3034 ea
1725 2983 2047 3048 tempestate
2080 2974 2247 3046 Sycas
2276 2982 2457 3029 trans-

874 3076 983 3130 lata
1030 3083 1134 3129 est.
1172 3074 1368 3129 Postea
1416 3087 1551 3126 vero
1585 3079 1804 3124 mortuo
1835 3068 2180 3133 Constantio,
2210 3067 2463 3123 Julianus

877 3161 1177 3230 imperator
1208 3160 1391 3213 locum
1417 3158 1738 3213 Novatianis
1787 3157 1943 3211 reddi
1972 3158 2167 3229 jussit,
2196 3166 2256 3212 et
2279 3158 2458 3224 eccle-

2552 685 3017 756 προστεταγμένοι
3088 682 3251 738 τοῦτο
3319 689 3512 740 ποιεῖν.
3552 687 3845 759 Θαυμάσαι
3889 685 3984 746 οὖν
4040 709 4131 763 μοι

2552 777 2753 842 ἔπεισι,
2772 776 2864 830 τόν
2886 792 2948 829 τε
2977 774 3341 831 Ναυατιανῶν
3372 776 3500 831 λαὸν
3543 778 3741 835 ὁπόσον
3777 777 3927 853 εἶχον
3973 782 4132 856 ζῆλον

2552 867 2650 921 καὶ
2694 866 2931 939 σπουδὴν
2970 867 3102 940 περὶ
3134 867 3236 939 τὴν
3284 868 3494 922 ἑαυτῶν
3541 869 3857 942 ἐκκλησίαν,
3904 877 3999 930 καί⁵
4034 877 4133 949 τὴν

2554 959 2769 1013 εὖνοιαν
2801 960 2869 1031 ἣν
2890 957 3037 1031 εἶχον
3069 960 3200 1032 περὶ
3231 960 3431 1024 αὐτοὺς
3460 963 3510 1015 οί
3539 962 3660 1016 τότε
3686 963 3786 1034 μὲν
3810 967 3911 1036 τῆς
3936 969 4136 1041 ἐκκλη-

2554 1051 2678 1116 σίας
2708 1050 2816 1105 ὑπὸ
2849 1052 2961 1106 τῶν
2999 1052 3294 1124 ’Δρειανῶν
3321 1053 3702 1124 ἐκϐληθέντες,
3736 1056 3833 1110 νῦν
3856 1057 3915 1111 δέ
3957 1060 4017 1112 ἐν
4059 1063 4135 1114 εί·

2554 1145 2692 1216 ρήνῃ
2724 1142 2823 1208 τὰς
2854 1144 3151 1216 ἐκκλησίας
3180 1144 3521 1216 κατέχοντες.
3556 1147 3719 1211 Ὠςδέ
3742 1149 3968 1220 ήπειγον
3998 1151 4134 1205 καθ-

2553 1234 2828 1306 αιρεῖσθαι
2865 1235 2961 1289 καὶ
3005 1236 3163 1307 τήνδε
3190 1236 3291 1307 τὴν
3325 1236 3622 1308 ἐκκλησίαν
3649 1235 3731 1303 οἷς
3766 1237 3924 1293 τοῦτο
3961 1258 4136 1312 προσ-

2554 1327 2833 1394 ετέτακτο,
2888 1328 3185 1398 συνήγοντο
3244 1329 3495 1393 πλεῖστος
3570 1328 3757 1401 ὅμιλος
3833 1330 3931 1385 ἀνθ
3940 1331 4138 1402 ρώπων

2554 1418 2913 1475 Ναυατιανῶν
2938 1438 2998 1474 τε
3028 1421 3123 1474 καί
3138 1437 3284 1485 τινες
3308 1421 3419 1474 τῶν
3452 1422 3899 1493 ὁμοφρονούντων
3928 1424 4134 1488 αὐτοῖς.

2556 1511 2667 1564 Καὶ
2705 1511 3024 1575 καθελόντες
3086 1511 3187 1583 τὴν
3232 1513 3534 1586 ἐκκλησίαν
3591 1512 3794 1579 αὐτῶν,
3843 1518 3926 1580 είς
3980 1516 4139 1572 ἄλλον

2555 1606 2721 1661 τόπον
2781 1607 3102 1678 μετέθεσαν.
3176 1608 3239 1663 '0
3288 1608 3347 1663 δὲ
3399 1610 3568 1671 τόπος
3623 1605 3777 1675 οὗτος
3842 1613 4139 1686 ἀντιπέρα-

2557 1699 2650 1752 θεν
2705 1698 2805 1769 μὲν
2858 1703 3039 1754 κεῖται
3088 1700 3194 1770 τῆς
3246 1701 3489 1766 πόλεως’
3536 1703 3710 1758 Συκαὶ
3744 1703 3803 1758 δὲ
3849 1704 4139 1775 ὀνομάζον-

2556 1804 2668 1855 ται,
2721 1788 2819 1843 καί
2889 1792 3008 1843 ἐστι
3057 1791 3508 1860 τρισκαιδέκατον
3561 1792 3663 1862 τῆς
3726 1795 4139 1848 Κωνσταντίνου

2559 1880 2770 1943 πόλεως
2818 1881 3011 1953 κλίμα.
3065 1882 3271 1953 Ταχεῖα
3312 1882 3371 1936 δὲ
3422 1882 3642 1951 ἐγένετο
3698 1884 3733 1954 ή
3786 1885 3885 1955 τῆς
3935 1884 4139 1955 ἐκκλη-

2557 1973 2679 2038 σίας
2713 1973 3028 2044 μετάθεσις,
3056 1972 3189 2029 λαοῦ
3221 1973 3418 2028 πολλοῦ
3459 1976 3556 2030 σὺν
3595 1975 3878 2049 προθυμίᾳ
3907 1977 4142 2049 μεγίστῃ

2557 2065 2973 2137 μεταφερόντων
3026 2065 3219 2136 αὐτήν.
3277 2065 3345 2120 '0
3373 2066 3474 2137 μὲν
3500 2067 3609 2141 γάρ
3644 2086 3730 2131 τις
3775 2067 3938 2139 ἔφερε
3973 2067 4142 2138 κέρα-

2558 2172 2691 2227 μον’
2720 2158 2751 2210 6
2790 2156 2851 2211 δέ
2892 2155 3070 2210 λίθονο
3121 2156 3310 2230 ἕτερος
3346 2157 3406 2212 δέ
3439 2157 3632 2223 ξύλονσ
3663 2158 3759 2213 καὶ⁵
3805 2159 3965 2223 ἄλλος
4012 2158 4142 2214 ἄλλο

2555 2245 2869 2318 λαμϐάνων,
2906 2247 3001 2300 ἐπὶ
3027 2246 3131 2312 τὰς
3165 2247 3346 2312 Συκάς
3388 2249 3748 2321 ἀπεκόμιζεν.
3790 2249 4143 2321 Συνεπελαμ-

2557 2339 2782 2393 ϐἀνοντο
2812 2338 2872 2392 ὃέ
2910 2339 3007 2393 καὶ
3029 2341 3305 2408 γυναῖκες,
3348 2341 3443 2395 καὶ
3473 2342 3508 2413 ή
3540 2341 3714 2414 μικρὰ
3738 2341 3947 2414 ήλικία,
3975 2343 4142 2413 εὐχὴν

2558 2429 2861 2502 ήγούμενοι
2892 2429 3159 2502 πληροῦν,
3188 2431 3284 2485 καὶ
3312 2432 3455 2503 μέγα
3476 2432 3667 2505 κέρδος
3689 2434 4005 2505 λαμϐάνειν,
4031 2433 4142 2486 τῶν

2557 2522 2974 2595 ἁφιερωθέντων
3019 2521 3101 2594 τῷ
3144 2523 3264 2594 Θεῷ
3309 2523 3553 2595 φύλακες
3592 2526 3843 2598 ἀκέραιοι
3888 2524 4143 2596 γενέσθαι

2558 2615 2875 2689 ἠξιωμένοι.
2916 2615 3112 2681 Οὕτως
3147 2617 3248 2688 μὲν
3285 2614 3379 2672 οὖν
3414 2617 3536 2671 τότε
3565 2618 3600 2689 ἡ
3644 2617 3754 2671 τῶν
3783 2615 4143 2671 Ναυατιανῶν

2559 2705 2826 2777 ἐκκλησία
2845 2708 2928 2771 είς
2950 2706 3051 2770 τὰς
3079 2706 3259 2769 Συκὰς
3288 2708 3665 2779 μετενήνεκτο.
3694 2707 3888 2779 Χρόνῳ
3905 2707 3962 2761 δέ
3991 2705 4145 2761 ὓστε-

2562 2813 2656 2870 ρον
2683 2796 2820 2867 μετὰ
2838 2797 2939 2868 τήν
2959 2796 3217 2868 τελευτὴν
3240 2796 3645 2863 Κωνσταντίου,
3668 2800 3698 2851 6
3719 2796 3975 2868 βασιλεὺς
4008 2798 4143 2850 Ἰου-

2559 2886 2742 2951 λιανὸς
2771 2886 2863 2941 τόν
2892 2904 2952 2940 τε
2981 2887 3148 2941 τόπον
3174 2887 3505 2959 ἀποδοθῆναι
3537 2887 3794 2942 ἐκέλευσε
3814 2927 3829 2952 ,
3855 2888 3953 2941 καὶ
3996 2888 4143 2942 ἀνοι-

2561 2977 2812 3049 κοδομεῖν
2850 2977 3175 3050 ἐπέτρεψεν.
3205 2973 3371 3041 Αὖθίς
3403 2994 3466 3032 τε
3488 2978 3518 3030 6
3547 2978 3676 3042 λαὸς
3712 2978 3807 3032 τὸν
3832 2978 3997 3033 αὑτὸν
4022 2979 4145 3050 τρό-

2562 3086 2683 3136 πον,
2716 3069 3262 3140 ἀντιμετενεγκόντες
3289 3068 3390 3133 τὰς
3426 3068 3581 3136 ὕλας,
3606 3070 3709 3141 τὴν
3734 3069 4031 3139 ἐκκλησίαν
4064 3071 4146 3133 εἰς

2560 3160 2653 3214 τὸν
2681 3160 2742 3225 ἐξ
2777 3161 2948 3234 ἀρχῆς
2977 3160 3337 3231 ᾠκοδόμησαν
3373 3159 3561 3214 τόπον.
3594 3159 3706 3214 Καὶ
3735 3159 4143 3230 βελτιώσαντες,

876 3249 1014 3304 siam
1053 3265 1307 3320 reparare
1353 3248 1437 3303 eis
1483 3248 1755 3320 permisit.
1783 3248 1999 3303 Rursus
2038 3264 2170 3318 ergo
2218 3248 2458 3319 populus
2484 3293 2530 3353 C
2574 3253 2656 3308 ’Δγ

2368 3248 2458 3303 lus
2484 3293 2530 3353 ϐ
2574 3253 2941 3308 Ἀναστασίαν
2974 3261 3016 3290 ιη
3043 3250 3328 3307 καλεῖσθαι
3374 3252 3719 3326 φερωνύμως
3761 3250 4024 3322 ἠξίωσαν.
4081 3252 4147 3306 Ἠ

871 3342 1070 3395 modem
1107 3357 1218 3412 quo
1247 3341 1403 3411 prius
1431 3340 1597 3395 modo
1638 3340 1933 3410 reportatis
1964 3341 2242 3406 materiis,
2276 3342 2457 3397 ccele-
2487 3340 2530 3353 “’
2562 3345 2651 3416 μὲν

2365 3342 2457 3396 :le-
2487 3340 2530 3353 “”
2562 3345 2662 3416 μὲν
2687 3340 2780 3399 οὖν
2808 3344 3073 3417 ἐκκλησία
3098 3343 3324 3416 ὕστερον
3344 3388 3359 3411 ,
3403 3345 3481 3408 ὡς
3508 3344 3647 3416 ἔφην
3664 3388 3678 3411 ,
3711 3346 3805 3399 ἐπὶ
3857 3343 4145 3425 Ἰουλιανοῦ

876 3432 1013 3487 siam
1043 3432 1097 3486 in
1126 3433 1363 3503 prlstino
1386 3434 1507 3487 loco
1538 3432 1849 3488 aedificavit.
1890 3433 2138 3504 Cumque
2175 3433 2459 3503 pulchrio-

876 3540 994 3580 rem
1022 3540 1143 3579 eam
1177 3524 1456 3589 fecissent,
1492 3525 1837 3579 Anastasiam
1869 3542 1938 3580 ex
1964 3542 2022 3581 re
2056 3527 2175 3596 ipsa
2196 3526 2459 3595 appellari

876 3615 1194 3670 voluerunt.
1225 3614 1294 3668 Et
1319 3615 1435 3669 hare
1464 3614 1689 3684 quidem
1714 3614 1946 3669 ecclesia
1978 3616 2361 3685 postmodum,
2397 3627 2462 3671 ut

878 3701 1015 3765 dixi,
1053 3709 1317 3772 regnante
1364 3700 1585 3756 Juliano
1622 3702 1860 3757 excitata
1891 3708 1997 3756 est.
2043 3701 2199 3757 Tunc
2231 3718 2365 3758 vero
2405 3712 2464 3758 et

877 3791 1148 3848 Catholici
1178 3798 1236 3845 et
1264 3791 1578 3857 Novatiani,
1615 3792 1781 3847 simul
1812 3792 2033 3862 utrique
2066 3793 2278 3863 expulsi
2310 3800 2459 3849 sunt.

878 3884 1249 3953 Quamobrem
1272 3885 1539 3941 Catholici
1563 3886 1621 3940 in
1644 3887 1713 3942 iis
1742 3887 1966 3958 quidem
1992 3888 2242 3943 ecclesiis
2266 3888 2323 3943 in
2343 3888 2467 3957 qui-

879 3978 986 4032 bus
1014 3978 1204 4033 Ariani
1243 3980 1663 4044 conveniebant,
1704 3979 2013 4035 orationem
2042 3980 2224 4037 facere
2249 3981 2465 4036 abomi-

879 4069 1174 4124 nabantur.
1207 4070 1267 4124 ln
1286 4068 1411 4123 aliis
1437 4078 1621 4124 autem
1652 4068 1830 4125 tribus
1871 4069 2140 4135 ecclesiis,
2184 4079 2267 4125 tot
2316 4071 2466 4126 enim

879 4163 1144 4218 ecclesias
1195 4163 1252 4217 in
1294 4163 1434 4218 urbe
1476 4163 1630 4235 regia
1681 4164 1884 4219 habent
1910 4162 2221 4230 Novatiani,
2268 4178 2468 4220 conve-

879 4255 1101 4309 nientes
1121 4254 1393 4310 Catholici
1443 4272 1553 4310 una
1581 4271 1708 4311 cum
1735 4255 1846 4311 illis
1882 4254 2189 4310 orationem
2218 4256 2465 4311 celebra-

881 4345 1061 4402 bant:
1118 4362 1423 4417 parumque
1479 4346 1658 4403 abfuit
1701 4347 1838 4419 quin
1870 4347 2094 4418 penitus
2153 4346 2464 4412 unirentur,

883 4437 990 4492 nisi
1015 4437 1495 4504 Novatiani,vetus
1522 4447 1807 4495 servantes
1832 4439 2174 4505 mandatum,
2207 4440 2264 4495 id
2286 4440 2468 4496 facere

884 4528 1301 4586 detrectassent.
1327 4531 1529 4586 Verum
1556 4531 1610 4586 in
1646 4531 1876 4603 reliquis
1898 4532 2066 4588 rebus
2087 4540 2237 4588 tanta
2262 4548 2322 4588 se
2341 4549 2467 4587 mu-

2558 3434 2782 3505 ἀνέστη.
2823 3435 2957 3488 Τότε
3003 3434 3063 3488 δὲ
3098 3434 3289 3504 ἄμφω,
3333 3435 3445 3487 οἵτε
3472 3435 3573 3506 τῆς
3612 3435 3941 3507 Ἐκκλησίας
3965 3436 4061 3489 καὶ
4096 3436 4148 3489 οί

2559 3526 3113 3597 Ναυατιανοὶ,όμοίως
3141 3526 3463 3597 ἠλαύνοντο.
3491 3528 3583 3581 Διδ
3602 3528 3699 3582 καὶ
3714 3529 3764 3581 οἱ
3784 3528 3885 3599 τῆς
3919 3528 4150 3599 Ἐκκληο

2561 3617 2683 3682 σίας
2734 3616 3113 3670 ἐϐδελύττοντο
3159 3625 3218 3671 ἐν
3270 3620 3385 3680 τοῖς
3433 3618 3748 3689 εὐκτηρίοις
3794 3618 4017 3690 ἔχεσθαι
4060 3619 4151 3673 τό·

2563 3722 2686 3768 ποις
2717 3706 2855 3776 (60),
2885 3706 2945 3758 ἐν
2969 3700 3052 3770 οἷς
3077 3707 3126 3759 οἱ
3172 3706 3444 3778 Ἀρειανο)⁴
3475 3711 3792 3780 συνήγοντο.
3826 3710 3919 3774 El;
3957 3710 4015 3763 δὲ
4050 3711 4152 3777 τὰς

2567 3795 2734 3859 ἄλλας
2757 3798 2929 3867 τρεῖς,
2965 3797 3236 3861 τοσαύτας
3253 3797 3363 3870 γὰρ
3400 3799 3553 3864 ἐντὸς
3570 3802 3670 3871 τῆς
3696 3800 3905 3865 πόλεως
3937 3801 4151 3873 ἔχουσιν

2562 3887 2614 3939 οί
2635 3885 2742 3940 τῶν
2756 3887 3113 3943 Ναυατιανῶν
3123 3888 3446 3962 ἐκκλησίας,
3496 3893 3879 3965 συνερχόμενοι
3900 3894 4151 3964 ἀλλήλοις

2567 3978 2942 4051 συνηύχοντω
2977 3981 3175 4053 μικροῦ
3203 3999 3265 4036 τε
3294 3983 3516 4054 ἐδέησεν
3548 3985 3816 4056 ἐνωθῆναι
3847 3987 4043 4051 αὐτοὺς
4063 4029 4075 4052 ,
4101 3990 4151 4042 εί

2569 4072 2644 4143 μὴ
2683 4073 3047 4140 Ναυατιανοὶ,
3074 4075 3435 4145 φυλάττοντες
3475 4079 3704 4151 ἀρχαῖον
3743 4081 4111 4152 παράγγελμα
4132 4124 4148 4146 ,

2565 4168 2972 4241 παρῃτήσαντο.
3006 4169 3198 4241 Ὅμως
3242 4170 3299 4225 δέ
3335 4172 3435 4243 τὴν
3475 4173 3643 4245 ἄλλην
3685 4173 3898 4229 εὔνοιαν
3930 4176 4011 4239 είς
4052 4177 4151 4228 ἁλ-

2566 4258 2761 4331 λήλους
2816 4260 3225 4335 προθυμότερον
3264 4263 3593 4333 ἐφύλαττον,
3645 4266 4152 4340 ὑπεραποθνήσκειν

2567 4352 2812 4424 ἀλλήλων
2855 4353 3194 4426 αἱρούμενοι.
3241 4356 3646 4428 Συνη).αύνοντο
3685 4355 3781 4414 οὖν
3812 4361 3873 4413 ἐν
3902 4363 3971 4432 τῇ
4011 4361 4149 4431 αὐτῇ

2568 4446 2984 4499 Κωνσταντίνου
3019 4445 3206 4513 πόλει,
3238 4448 3333 4501 καὶ
3361 4449 3503 4503 κατὰ
3537 4449 3636 4514 τὰς
3676 4451 3844 4514 ἄλλας
3884 4454 4154 4523 ἐπαρχίας

2548 4555 2628 4621 τε
2658 4539 2752 4591 καὶ
2775 4537 2980 4603 πόλεις.
3015 4538 3225 4593 Αὐτίκα
3269 4540 3396 4608 γοῦν
3420 4543 3479 4597 ἐν
3508 4543 3733 4617 Κυζίκῳ
3772 4544 4045 4610 Ἐλεύσιος
4073 4554 4098 4581 υ
4124 4548 4153 4599 ὁ

2086 4714 2356 4770 VALESII
2393 4715 2945 4779 ANNOTATIONES.

926 4845 1077 4942 ,έίὶοὶ
1086 4847 1201 4942 1'2:
1209 4846 1323 4942 Δείῖῖ
1320 4848 1739 4942 esseesse.
1751 4848 2004 4942 ἔχεις-ρει
2042 4853 2282 4942 δείξεις·
2308 4850 2468 4942 ,ριξ-
2499 4863 2544 4919 υ
2571 4857 2704 4927 δεῖνι

2373 4860 2468 4933 ἰη-
2499 4863 2544 4919 1)
2571 4857 2835 4927 sciplinae,
2861 4860 3461 4942 quanrconimunicare
3485 4877 3609 4917 eum
3638 4862 3934 4942 hqeticis,
3961 4866 4075 4922 sive
4100 4868 4153 4923 in

882 4917 1023 5000 nino
1054 4917 1409 4999 scribendum
1433 4926 1517 5000 est
1547 4917 1822 4988 εὔχεσοαὶζ
1848 4921 2006 5000 quod
2041 4923 2214 5000 m_iror
2240 4917 2467 5000 aChri-
2502 4917 2523 4919 ν
2573 4917 2954 4996 sacramentis,
3002 4930 3118 4986 sive
3158 4931 3211 4985 in
3254 4932 3591 5000 precatione.
3642 4917 3933 4989 Fallunt.an
3962 4917 4153 4991 Elin-il;

882 4987 1249 5057 stophorsono
1270 4987 1709 5044 animadversum
1728 5006 1838 5045 non
1862 4993 2051 5048 fuisse.
2084 4993 2257 5047 Porro
2281 4992 2464 5046 incre-

884 5058 1054 5140 dibile
1079 5058 1213 5140 mihi
1236 5058 1453 5140 videtur
1475 5060 1620 5140 quod
1648 5060 1739 5140 hic
1761 5072 1948 5140 narrat
1971 5062 2243 5140 Socrates,
2263 5061 2470 5140 Catho-

884 5128 1023 5183 licos
1042 5128 1253 5183 scilicet
1277 5143 1462 5183 orasse
1495 5128 1548 5184 in
1594 5132 1843 5187 ecclesiis
1879 5132 2330 5188 Novatianorum.
2362 5132 2472 5186 lm-

884 5200 1090 5269 posuit,
1120 5206 1181 5252 ut
1202 5198 1419 5269 opinor,
1449 5198 1657 5255 Socrati
1686 5214 1875 5257 nostro
1896 5218 2061 5259 senex
2105 5203 2197 5257 ille
2218 5203 2472 5265 Auxano,

884 5267 979 5335 qui
1003 5268 1055 5322 id
1081 5267 1286 5337 quod’a
1308 5269 1636 5338 quibusdam
1668 5269 1899 5327 fortasse
1917 5273 2249 5329 Christianis
2277 5288 2473 5338 parum

885 5338 1064 5392 cautis
1113 5338 1317 5393 factum
1354 5339 1556 5404 fuerat,
1596 5341 1870 5397 universis
1917 5343 2216 5399 Catholicis
2244 5338 2474 5397 aliinxit.

884 5405 1033 5462 Nihil
1054 5409 1256 5480 quippe
1279 5408 1453 5480 magis
1486 5413 1823 5467 contrarium
1849 5423 1937 5469 est
1971 5413 2360 5470 ecclesiastica:
2386 5411 2476 5466 di-

2573 5000 2949 5075 meo_i_udici_o,
2984 5002 3079 5070 qui
3098 5016 3170 5075 es
3193 5002 3647 5075 hac_narratione
3669 5004 3933 5075 colligunt
3959 5005 4150 5060 Socra-

2572 5075 2680 5122 tem
2703 5070 3064 5127 Novatianum
3090 5071 3281 5126 fuisse.
3309 5071 3424 5124 lmo
3448 5087 3583 5127 vero
3606 5088 3674 5127 ex
3698 5070 3824 5129 hoe'
3837 5075 3959 5130 loco
3976 5078 4155 5130 mani-

2569 5136 2707 5193 feste
2747 5141 3096 5196 convincitur
3119 5157 3246 5195 eum
3285 5141 3453 5196 fuisse
3481 5141 3846 5199 Catholicum.
3879 5144 4016 5201 Nam
4048 5145 4155 5201 Ca-

2573 5208 2808 5284 t_l_i_olieos
2833 5212 3003 5284 semel
3027 5211 3435 5284 atqueuiterum
3474 5212 3575 5284 hic
3624 5215 3862 5284 appellat
3902 5217 4030 5284 τοὺς
4058 5216 4158 5282 τῆς

2588 5279 2934 5353 Ἑκκλησίας,
2967 5279 3172 5352 eosque
3199 5281 3519 5353 Novatianis
3546 5279 3793 5353 opponit.
3819 5279 4161 5340 Novatianos

2576 5347 2745 5420 igitur
2768 5347 2921 5407 extra
2950 5347 3255 5420 Ecclesiam
3284 5351 3452 5408 fuisse
3477 5347 3835 5409 existimavit.

2345 5574 2725 5632 VARIORUM.

957 5706 997 5782 ς
1035 5697 1461 5782 έΑναστεσίςιν.
1488 5697 1607 5755 Alia
1631 5698 1911 5782 “fuitch
1937 5714 2006 5756 an
2038 5702 2131 5782 Illa
2178 5703 2468 5782 Anastasia
2564 5704 2657 5782 rit.
2699 5703 2737 5757 Il

2375 5705 2468 5760 lsia
2564 5704 2657 5782 rit.
2699 5703 2778 5758 De
2806 5718 2913 5773 qua
2940 5702 3118 5782 ipsum
3140 5704 3267 5782 vide
3299 5706 3355 5760 in
3379 5704 3500 5761 Vita
3530 5721 3651 5782 sua,
3680 5724 3785 5782 pag
3837 5712 3925 5775 i7.
3955 5723 4011 5772 et
4030 5732 4155 5775 ora-

887 5765 1213 5843 a__Grego_rio
1248 5766 1607 5843 Nazianzeno
1627 5769 2099 5843 Constantinopoli
2129 5774 2370 5839 condita,
2413 5784 2472 5830 et

889 5838 1051 5893 aliam
1070 5837 1157 5893 ’ob
1185 5852 1405 5893 causam
1431 5841 1511 5895 sic
1556 5840 1725 5912 dicta,
1757 5856 1956 5912 nempe
1983 5837 2130 5912 quod
2162 5843 2298 5899 fides
2340 5837 2463 5901 lan-

886 5921 1151 5979 gnesccns
1178 5916 1336 5964 antea
1363 5918 1419 5965 et
1442 5911 1765 5968 moribunda
1786 5911 1897 5968 illic
1923 5911 2184 5970 revixisse
2203 5915 2314 5970 visa
2341 5918 2463 5972 fue-

2568 5774 2914 5859 tione‘rxm.
2957 5774 3161 5859 Nicetal
3192 5775 3359 5859 etiam
3380 5785 3569 5859 annot'.
3610 5774 3881 5859 in'vérha
3905 5774 4164 5859 ἰηιχαὲ..

2574 5845 3167 5923 ροιςὶἶᾼναστασίαζει
3193 5845 3337 5923 Guil.
3356 5846 3526 5923 _Cave_
3548 5849 3608 5923 in_
3622 5849 3800 5923 _Greg.
3828 5845 4083 5913 Nazianf.

2644 5925 2670 5953 ιι
2713 5916 3035 5982 Ὲλεὺσιος.
3064 5916 3319 5974 Eleusius
3345 5916 3550 5989 Cynici,
3591 5916 3793 5977 Masiz'e
3817 5925 3883 5980 ad
3909 5926 4161 5998 Propon-
