4508 6588
432 466 535 524 59.9
617 467 620 470 ’

1422 465 1747 523 HISTORIA
1785 464 2338 522 ECCLESIASTICA.
2383 495 2436 503 —
2493 463 2622 519 LIB.
2664 465 2729 518 II.

3595 466 3700 519 55'.)

430 590 588 644 τῆσΞε
614 584 804 636 eniam
821 599 930 645 πος,
976 581 1176 650 ὁμοίοις
1217 580 1334 650 ἅμα
1375 581 1692 652 Μακεδονίῳ
1727 581 1868 635 κατά
1905 580 2013 635 τῶν
2043 589 2088 646 Α
2119 589 2210 634 tuo

1916 580 2013 635 ιῶν
2043 589 2088 646 Α
2119 589 2213 634 tuo
2246 579 2720 649 prosequebantur
2749 577 3148 642 benevolentia,
3171 585 3230 630 ut
3254 591 3354 646 pro
3383 593 3440 632 se
3463 581 3696 637 invicem

432 673 772 748 Χριστιανῶν
801 671 992 737 ἐποίει,
1019 669 1356 739 πανταχόθεν
1375 669 1616 722 ἐλαύνων
1643 670 1738 722 καὶ
1763 668 2011 738 διαστρέ-

430 788 544 839 φων
591 763 807 827 αὐτούς.
866 763 977 834 Τήν
1018 779 1078 815 τε
1124 765 1181 814 ἐν
1228 759 1454 831 Κυζίκῳ
1491 759 1597 812 τῶν
1652 759 2012 812 Ναυατιανῶν

429 856 726 926 ἔκκλησίαν
755 854 1003 908 καθεῖλεν
1033 854 1113 916 εἰς
1133 852 1350 920 ἔδαφος.
1373 850 1703 914 Μακεδόνιος
1726 849 1783 902 δὲ
1807 850 1897 902 τὸν
1921 866 2012 902 κο-

430 952 643 1020 λοφῶνα
675 950 785 1002 τῶν
817 947 1004 1000 κακῶν
1036 941 1118 1010 οἷς
1149 945 1373 1018 ἔδρασεν
1414 942 1690 1013 ἐπιτίθησι
1712 957 1726 972 °
1772 942 2013 1012 πυθόμε-

427 1062 515 1106 νος
554 1044 662 1112 γὰρ
701 1040 842 1094 κατὰ
867 1039 930 1092 τὸ
964 1038 1333 1107 Παφλαγόνων
1366 1037 1519 1098 ἔθνος
1562 1035 1846 1098 πλείστους
1873 1030 2011 1086 εἶναι

427 1137 525 1204 τῆς
573 1131 925 1200 Ναυατιανῆς
973 1129 1307 1200 θρησκείας,
1345 1129 1440 1182 καὶ
1481 1127 1718 1198 μάλιστα
1766 1125 1907 1179 κατά
1951 1125 2011 1177 τὸ

428 1226 755 1286 Μαντίνιον,
810 1221 1036 1276 συνιδών
1085 1237 1145 1273 τε
1198 1221 1274 1282 ὡς
1321 1219 1420 1289 οὐχ
1478 1214 1591 1271 οἷόν
1643 1234 1703 1270 τε
1759 1215 2012 1269 τοσοῦτον

430 1318 631 1386 πλῆθος
673 1316 741 1370 δι’
785 1314 1259 1386 ὲκκλησιαστικῶν
1297 1309 1608 1382 ἀνθρώπων
1655 1309 2009 1372 ἐλαύνεσθαι,

429 1409 703 1478 τέσσαρας
750 1406 1020 1477 ἀριθμοὺς
1053 1412 1079 1440 ο
1120 1402 1471 1474 στρατιωτῶν
1498 1401 1694 1473 γνώμῃ
1729 1400 1825 1453 τοῦ
1860 1400 2012 1469 βασι-

430 1497 566 1558 λέως
614 1498 706 1548 ἐπὶ
749 1497 848 1563 τὴν
893 1493 1276 1562 Παφλαγονίαν
1325 1491 1642 1562 πεμφθῆναι
1690 1490 2010 1559 πεποίηκεν,

430 1589 576 1650 ὅπως
610 1587 760 1658 φόϐῳ
789 1586 899 1638 τῶν
927 1585 1186 1646 ὁπλιτῶν,
1221 1583 1321 1653 τὴν
1355 1581 1639 1652 Ἀρειανὴν
1667 1580 1826 1644 δόξαν
1846 1596 2013 1648 προσ-

428 1680 708 1744 δέξωνται.
746 1679 809 1732 Οἱ
835 1679 891 1731 δὲ
940 1676 1220 1739 οἰκοῦντες
1267 1676 1328 1728 τὸ
1358 1673 1672 1736 Μαντίνιον,
1721 1673 1867 1742 ζήλῳ
1913 1672 2013 1742 τῆς

430 1773 750 1844 θρησκείας,
772 1771 1001 1840 ἀπονοίᾳ
1020 1771 1162 1822 κατά
1181 1768 1288 1820 τῶν
1310 1765 1655 1836 στρατιωτῶν
1679 1765 1979 1836 ἐχρήσαντο
1994 1780 2010 1796 ο

428 1861 712 1931 γενόμενοί
762 1878 822 1913 τε
871 1859 988 1930 ἅμα
1037 1858 1247 1922 πολλοὶ,
1287 1857 1531 1927 δρέπανά
1576 1872 1638 1908 τε
1686 1855 1876 1926 μακρά
1918 1854 2013 1908 καὶ

2118 680 2349 725 mortem
2389 680 2649 741 oppetere
2673 672 2844 740 parati
2879 680 3082 725 essent.
3115 670 3345 741 Utrique
3374 686 3504 742 ergo
3535 674 3696 728 simul

2117 763 2373 832 exagitati
2407 771 2556 827 sunt,
2584 779 2692 816 non
2740 763 2916 816 solum
2957 761 3463 834 ConstantinOpoli,
3506 779 3697 818 verum

2119 853 2173 906 in
2206 853 2329 906 aliis
2355 854 2516 908 etiam
2546 854 2847 923 provinciis
2870 869 2933 908 ac
2955 854 3290 908 civitatibus.
3310 856 3526 911 Etenim
3554 857 3698 926 apud

2115 941 2374 1012 Cyzicum
2426 943 2651 1010 quidem
2707 943 2992 1006 Eleusius,
3037 943 3141 996 loci
3183 944 3332 998 illius
3379 946 3693 1016 episcopus,

2117 1034 2309 1087 eadem
2332 1048 2454 1101 qua:
2481 1033 2828 1088 Macedonius
2851 1034 3114 1088 adversus
3135 1034 3476 1092 Christianos
3499 1055 3696 1109 perpe-

2119 1131 2261 1176 trare
2313 1123 2499 1191 οωρὶι,
2556 1124 2799 1191 undique
2828 1140 2922 1177 eos
2959 1124 3151 1193 fugans
3191 1135 3354 1193 atque
3392 1129 3694 1198 exagitans.

2116 1213 2258 1281 Quin
2276 1223 2331 1269 et
2355 1215 2642 1269 ecclesiam
2664 1215 3093 1269 Novatianorum
3121 1215 3174 1270 in
3198 1216 3332 1269 urbe
3350 1217 3545 1288 Cyzico
3569 1219 3696 1274 fun-

2117 1306 2267 1362 ditus
2291 1306 2512 1360 evertit.
2553 1307 2904 1362 Macedonius
2929 1324 3062 1362 vero
3084 1309 3389 1363 sceleribus
3422 1310 3537 1363 suis
3577 1312 3695 1365 cul-

2119 1413 2246 1451 men
2285 1397 2548 1466 imposuit
2592 1399 2906 1466 hujusmodi
2939 1415 2952 1450 :
2995 1415 3119 1451 nam
3153 1414 3276 1452 cum
3315 1401 3609 1465 audiisset,
3642 1402 3695 1456 in

2115 1489 2399 1558 provincia
2418 1489 2783 1557 Paphlagonia
2802 1499 2857 1542 et
2888 1489 3161 1562 praecipue
3184 1491 3326 1558 apud
3351 1491 3694 1554 Mantinium,

2114 1582 2548 1650 quampluritnos
2595 1594 2715 1632 esse
2751 1580 2996 1633 addictos
3035 1590 3198 1635 secta:
3226 1581 3695 1649 Novatianorum;

2116 1671 2386 1740 simulque
2415 1671 2743 1741 intelligeret
2776 1671 2892 1725 fieri
2920 1688 3029 1725 non
3062 1688 3220 1740 posse
3254 1681 3315 1726 ut
3342 1681 3490 1727 tanta
3516 1674 3696 1727 homi-

2115 1779 2247 1818 num
2289 1763 2587 1817 multitudo
2617 1780 2715 1833 per
2742 1763 3146 1819 ecclesiasticos
3180 1765 3329 1819 viros
3376 1765 3693 1834 pelleretur,

2116 1863 2352 1925 quatuor
2381 1871 2643 1909 numeros
2667 1855 2905 1909 militum
2947 1856 3296 1926 imperatoris
3332 1865 3606 1926 praecepto
3641 1859 3695 1910 in

429 1955 618 2021 ἀξίνας
649 1953 926 2018 λαϐόντες,
959 1952 1054 2006 καὶ
1109 1950 1274 2004 παντὶ
1323 1947 1402 2018 τῷ
1452 1947 1820 2019 παρατυχόντι
1864 1947 2014 2016 ὅπλῳ
2045 1953 2088 2008 Β
2115 1945 2209 2015 Pa;

1913 1947 2014 2016 τλῳ
2045 1945 2536 2016 BPaphlagoniam
2587 1946 2730 2000 mitti
2781 1947 3016 2010 curavit,
3065 1962 3176 2016 quo
3225 1947 3304 2000 illi
3357 1957 3693 2003 armatorum

427 2045 721 2119 χρώμενοι,
751 2046 1008 2116 ἀπήντων
1027 2047 1139 2106 τοῖς
1166 2039 1548 2113 στρατιώταις.
1575 2040 1687 2093 Καὶ
1710 2038 2010 2109 γενομένης

431 2135 728 2206 συμϐολῆς,
769 2134 956 2187 πολλοὶ
989 2134 1086 2204 μὲν
1113 2132 1234 2185 τῶν
1278 2129 1651 2198 Παφλαγόνων
1701 2129 1974 2183 ἀπέθανον
1992 2145 2006 2159 ·

426 2225 539 2280 τῶν
564 2227 620 2279 δὲ
658 2225 1034 2297 στρατιωτῶν,
1062 2223 1203 2293 πλὴν
1245 2221 1464 2290 ὀλίγων,
1493 2223 1543 2274 oi
1575 2221 1798 2283 πάντες.
1823 2220 2011 2272 Ταῦτα

429 2317 541 2387 ἐγὼ
575 2317 726 2389 παρά
769 2319 1034 2388 ἀγροίκου
1077 2315 1431 2384 Παφλαγόνος
1472 2312 1711 2382 ἔμαθον,
1757 2313 1816 2375 ὃς
1854 2311 2010 2380 ἔλεγε

427 2410 689 2479 παρεῖναι
716 2409 784 2477 τῇ
815 2407 984 2478 μάχῃ.
1016 2403 1254 2470 Λέγουσι
1287 2400 1346 2456 δὲ
1377 2401 1552 2454 ταῦτα
1597 2401 1692 2455 καὶ
1723 2401 1872 2455 ἄλλοι
1898 2402 2012 2454 Πα-

429 2496 714 2567 φλαγόνων
753 2494 961 2548 πολλοί.
1008 2492 1247 2546 Τοιαῦτα
1294 2492 1394 2562 μὲν
1438 2487 1532 2544 οὖν
1563 2491 1632 2544 τά
1673 2489 2012 2543 Μακεδονίω

429 2588 569 2658 ὑπὲρ
605 2586 705 2640 τοῦ
743 2581 1174 2658 Χριστιανισμοῦ
1215 2576 1636 2653 κατορθώματα,
1692 2574 1861 2649 φόνοι,
1912 2582 2009 2633 καὶ

431 2678 627 2749 μάχαι,
678 2676 775 2730 καὶ
823 2675 1270 2747 ἀνδραποδισμοί,
1303 2673 1398 2726 καὶ
1448 2670 1706 2742 ἐμφύλιοι
1758 2671 2003 2742 πόλεμοι.

428 2764 575 2841 Αὕτη
617 2769 802 2839 μέντοι
829 2770 862 2838 ἡ
898 2766 1120 2841 πρᾶξις,
1147 2765 1208 2818 οὐ
1243 2764 1402 2834 μόνον
1429 2763 1580 2833 παρά
1610 2763 1719 2816 τῶν
1745 2763 2008 2834 ἠδικημέ-

427 2880 556 2925 νων,
578 2861 716 2915 ἀλλά
736 2861 830 2914 καὶ
853 2858 1007 2930 παρά
1028 2857 1135 2912 τῶν
1169 2857 1387 2918 οἰκείως
1410 2855 1546 2926 πρὸς
1564 2855 1728 2908 αὑτὸν
1750 2855 2003 2924 ἐχόντων,

427 2947 635 3007 δίκαιον
674 2950 795 3004 κατ’
839 2948 1005 3004 αὑτοῦ
1050 2950 1207 3017 μῖσος
1248 2947 1566 3018 εἰργάσατο.
1620 2947 2007 3018 Προσέκρουσέ

425 3061 487 3097 τε
515 3044 610 3097 καὶ
637 3042 788 3113 αὐτῷ
812 3041 889 3112 τῷ
915 3036 1127 3111 βασιλεῖ
1169 3040 1257 3092 διά
1295 3055 1355 3091 τε
1389 3037 1568 3101 τοῦτο,
1598 3039 1692 3090 κα)⁵
1717 3039 1784 3091 δι’
1810 3039 2008 3110 ἑτέραν

427 3137 605 3189 αἰτίαν
633 3134 866 3189 τοιάνδε·
899 3133 956 3199 't)
984 3128 1133 3194 οἶκος
1154 3130 1282 3184 ἔνθα
1310 3133 1344 3201 ἡ
1367 3129 1572 3202 λάρναξ
1604 3133 1661 3184 ἐν
1761 3131 1823 3184 τὸ
1847 3130 2007 3203 σῶμα

428 3228 520 3280 τοῦ
552 3226 815 3296 βασιλέως
848 3222 1261 3278 Κωνσταντίνου
1295 3223 1572 3284 ἀπέκειτο,
1613 3225 1824 3278 πτῶσιν
1849 3225 2003 3294 ἠπεί-

2113 2047 2264 2092 metu
2291 2039 2530 2108 perculsi
2555 2039 2822 2094 Arianum
2855 2040 3050 2110 dogma
3075 2041 3436 2110 susciperent.
3470 2042 3575 2096 Sed
3599 2044 3693 2112 qui

2113 2129 2438 2184 Mantinium
2467 2130 2803 2197 incolebant,
2831 2131 3040 2201 ingenti
3066 2131 3264 2186 ardore
3298 2133 3366 2186 ad
3393 2143 3554 2188 sectae
3582 2151 3694 2188 sua:

2112 2217 2488 2273 defensionem
2513 2219 2749 2284 incitati,
2780 2221 3162 2289 desperatione
3191 2230 3449 2288 tanquam
3479 2226 3588 2279 telo
3611 2228 3694 2278 usi

2111 2318 2242 2364 sunt
2277 2310 2543 2366 adversus
2568 2311 2808 2377 milites;
2861 2313 3129 2382 multique
3176 2314 3233 2367 in
3275 2331 3447 2369 unum
3496 2331 3694 2385 agmen

2109 2400 2347 2465 collecti,
2362 2400 2541 2471 longis
2556 2400 2790 2458 falcibus
2809 2403 3042 2472 arreptis
3064 2419 3127 2458 ac
3146 2406 3435 2461 securibus
3456 2416 3512 2462 et
3533 2410 3692 2479 quid-

2109 2488 2243 2558 quid
2273 2489 2341 2544 ad
2368 2505 2589 2546 manum
2625 2501 2766 2558 erat,
2796 2494 3061 2549 militibus
3102 2508 3480 2565 occurrerunt.
3525 2501 3692 2556 Com-'-

2110 2581 2278 2636 misso
2305 2579 2472 2652 igitur
2494 2582 2710 2654 prcelio,
2733 2601 2799 2639 ex
2820 2578 3260 2657 Paphlagonibus
3284 2591 3505 2658 quidem
3535 2597 3694 2650 multi

2110 2671 2520 2739 occubuerunt;
2567 2672 2728 2744 148
2763 2674 2966 2729 milites
3005 2691 3157 2740 vero,
3194 2680 3386 2747 paucis
3426 2685 3692 2752 exceptis,

2109 2764 2236 2820 exesi
2277 2773 2408 2820 sunt
2459 2767 2723 2822 universi.
2757 2769 2881 2822 Ilaec
2927 2785 3032 2839 ego
3077 2785 3145 2824 ex
3203 2764 3409 2828 rustico
3454 2777 3695 2845 quodam

2108 2851 2453 2924 Paplilagone
2475 2856 2682 2926 accepi,
2702 2856 2796 2926 qui
2817 2872 2874 2911 se
2895 2858 3090 2926 prmlio
3114 2851 3428 2917 interfuisse
3453 2863 3692 2920 dicebat.

2109 2942 2215 2998 Sed
2254 2953 2311 2998 et
2339 2945 2431 2999 alii
2457 2943 2616 3001 multi
2645 2947 3017 3018 Paphlagones
3049 2950 3193 3005 idern
3240 2952 3533 3010 afﬁrmant.
3575 2956 3694 3012 Hu-

2102 3035 2342 3106 jusmodi
2379 3046 2509 3093 sunt
2526 3039 2828 3095 Macedonii
2851 3043 3107 3110 praeclara
3137 3043 3400 3110 facinora,
3437 3063 3559 3116 qua:
3591 3066 3695 3119 pro

2105 3124 2548 3182 Christianorum
2601 3130 2867 3200 religione
2913 3132 3120 3200 gessit:
3177 3134 3354 3189 caedes
3406 3137 3692 3205 videlicet,

2106 3233 2323 3289 pugnae,
2372 3221 2718 3291 captivitates
2756 3231 2812 3276 et
2840 3223 2981 3278 bella
3013 3225 3216 3280 civilia.
3258 3228 3430 3282 Porro
3463 3231 3567 3286 hoc
3607 3231 3692 3287 fa-

427 3318 528 3375 λει.
561 3315 741 3375 Ἦσαν
773 3316 867 3374 οὖν
899 3319 987 3373 διά
1015 3318 1179 3372 τοῦτο
1197 3319 1329 3371 οἵτε
1361 3319 1807 3387 εἰσπορευόμενοι
1841 3318 1935 3370 καὶ
1957 3319 2005 3370 οἱ
2034 3297 2073 3348 C
2108 3310 2207 3366 εἱηι

1913 3318 2005 3370 tot
2034 3297 2073 3348 (ἶ
2108 3310 2267 3366 ciuus
2301 3312 2624 3378 Macedonii,
2659 3331 2768 3369 non
2796 3317 2974 3370 solum
3002 3318 3148 3386 apud
3177 3335 3273 3374 eos
3308 3333 3446 3389 quos
3490 3323 3692 3394 injuria

428 3413 887 3486 προσεδρεύοντες
913 3411 1024 3482 (61)
1051 3410 1147 3463 καὶ
1187 3410 1475 3480 εὐχόμενοι
1509 3412 1567 3463 ἐν
1613 3408 1766 3479 φόϐῳ
1806 3408 2000 3478 πολλῷ.

439 3504 499 3558 '0
531 3501 628 3558 οὖν
658 3504 989 3566 λὶακεδόνιος
1032 3501 1392 3555 ἐϐουλεύσατο
1433 3500 1761 3570 μεταφέρειν
1804 3499 1874 3553 τά
1910 3494 2003 3552 τοῦ

430 3596 693 3666 βασιλέως
717 3597 869 3660 ὀστᾶ,
902 3596 1051 3658 ὅπως
1075 3595 1141 3647 ἂν
1179 3595 1254 3664 μὴ
1291 3594 1498 3664 συληθῇ
1525 3593 1636 3662 (62)
1677 3594 1709 3662 ή
1735 3591 1876 3662 θήκη
1899 3593 2004 3645 ὑπὸ

426 3687 520 3740 τοῦ
563 3686 877 3757 πτώματος.
921 3685 1093 3739 Τοῦτο
1137 3687 1359 3754 γνόντες
1407 3687 1455 3737 oi
1503 3685 1638 3748 λαοὶ,
1680 3684 2002 3739 διακωλύειν

427 3779 762 3850 ἐπεχείρουν,
800 3779 1100 3846 φάσκοντες
1133 3777 1207 3848 μὴ
1232 3779 1341 3830 δεῖν
1365 3776 1459 3829 τοῦ
1488 3775 1752 3846 βασιλέως
1779 3778 1847 3829 τὰ
1870 3778 2002 3829 ὀστᾶ

429 3869 859 3938 μεταφέρεσθαι·
895 3869 1007 3922 ἴσον
1035 3867 1142 3938 γὰρ
1173 3864 1312 3920 εἶναι
1349 3866 1410 3920 τὸ
1430 3866 1840 3936 ἀνορύττεσθαι.
1872 3869 1998 3938 Διῃ-

430 3959 622 4029 ροῦντὸ
649 3976 708 4012 τε
735 3959 896 4021 εὐθὺς
927 3961 973 4010 οἱ
1001 3958 1120 4010 λαοὶ
1143 3961 1223 4021 εἰς
1245 3957 1338 4010 δύο
1361 3959 1626 4027 τμήματα
1645 3973 1658 3987 ⁸
1686 3961 1779 4010 καὶ
1800 3960 1849 4011 υἱ
1879 3960 1997 4028 μὲν,

429 4051 598 4121 μηδὲν
668 4049 997 4120 βλαπτεσθαι
1064 4050 1124 4102 τὸ
1194 4049 1596 4119 μεταφέρεσθαι
1659 4049 1750 4102 τὸν
1808 4051 1999 4120 νεκρῦν

427 4140 663 4210 ἔφασκον
687 4156 700 4169 ’
725 4142 772 4194 oi
801 4141 877 4202 δὲ,
903 4141 1115 4194 ἀνόσιον
1143 4141 1326 4207 ἔλεγον
1347 4139 1408 4192 τὸ
1429 4141 1766 4208 γιγνόμενον.
1789 4140 1998 4211 Συνήρ-

427 4234 579 4303 χοντὸ
609 4251 667 4285 τε
701 4233 794 4286 καὶ
814 4233 865 4284 οἱ
891 4231 986 4284 τοῦ
1007 4231 1294 4301 ὀμοουσίου
1321 4232 1685 4301 φρονήματος,
1714 4230 1791 4300 τῷ
1824 4247 2000 4297 γιγνο-

431 4323 575 4393 μένῳ
612 4324 946 4393 ἀντέχοντες.
992 4325 1048 4375 ’0
1070 4324 1126 4375 δὲ
1157 4323 1487 4385 Μακεδόνιος
1516 4324 1688 4392 μικρά
1724 4323 1831 4375 τῶν
1855 4324 2000 4393 αὐτῷ

426 4415 811 4483 ἀντιλεγόντων
864 4415 1179 4483 φροντίσας,
1231 4414 1529 4484 μεταφέρει
1580 4415 1639 4467 τὸ
1693 4415 1851 4484 σῶμα
1906 4417 1999 4467 τοῦ

429 4507 690 4576 βασιλέως
715 4509 791 4570 εἰς
820 4507 917 4573 τὴν
945 4505 1259 4573 ἐκκλησίαν,
1294 4508 1352 4558 ἐν
1440 4507 1500 4558 τὸ
1532 4505 1688 4576 σῶμα
1720 4507 1814 4558 τοῦ
1859 4506 2002 4576 μάρ-

2107 3404 2386 3468 qu'ecerat,
2436 3421 2626 3459 verum
2651 3407 2818 3459 etiam
2842 3406 2988 3475 apud
3041 3423 3172 3462 suos
3229 3409 3438 3478 justum
3500 3421 3692 3469 contra

2107 3495 2286 3564 ipsum
2308 3495 2497 3551 odium
2524 3497 2802 3552 excitavit.
2828 3498 3010 3567 Ipsum
3046 3514 3264 3568 quoque
3288 3501 3690 3570 ,imperatoreni

2105 3589 2336 3644 offendit
2356 3588 2724 3653 Macedonius,
2758 3597 2871 3644 tum
2903 3590 2976 3644 ob
3021 3591 3161 3645 hanc
3203 3608 3367 3661 quam
3392 3593 3539 3658 dixi,
3574 3605 3688 3650 tum

2104 3681 2176 3734 ob
2203 3681 2365 3735 aliam
2388 3681 2699 3750 hujusmodi
2722 3696 2940 3735 causam
2968 3699 2980 3734 :
3009 3681 3171 3736 zEdes
3197 3683 3251 3737 in
3278 3697 3385 3753 qua
3416 3694 3535 3740 erat
3565 3702 3688 3742 arca

2100 3789 2221 3842 qua:
2266 3774 2611 3844 imperatoris
2649 3776 2992 3831 Constantini
3043 3780 3304 3848 reliquias
3350 3783 3686 3847 continebat,

2101 3866 2316 3919 ruinam
2359 3866 2556 3920 minari
2583 3868 2895 3923 videbatur.
2921 3870 3098 3938 Atque
3123 3871 3328 3926 idcirco
3357 3881 3468 3926 tum
3511 3875 3547 3927 ii
3591 3879 3687 3945 qui

2101 3956 2154 4010 in
2186 3957 2358 4011 aedem
2391 3958 2716 4022 introibant,
2739 3970 2854 4014 tum
2881 3961 2974 4029 qui
3004 3961 3114 4016 illic
3144 3964 3436 4018 manebant
3475 3975 3529 4019 et
3558 3982 3686 4036 prc-

2098 4049 2384 4112 cabantur,
2419 4051 2657 4103 maximo
2700 4052 2753 4104 in
2781 4061 2929 4105 metu
2977 4062 3135 4106 erant
3167 4056 3472 4109 constituti.
3507 4057 3682 4110 Mace—

2097 4140 2298 4196 donius
2321 4141 2486 4212 igitur
2505 4142 2854 4210 impcratoris
2871 4144 3133 4212 reliquias
3156 4148 3452 4202 transferre
3470 4151 3682 4215 statuit,

2096 4246 2170 4287 ne
2216 4248 2342 4286 arca
2371 4234 2527 4287 ruina
2560 4235 2882 4304 violaretur.
2911 4236 3066 4301 Quod
3116 4254 3237 4291 cum
3286 4242 3520 4309 populus
3565 4243 3682 4298 fieri

2099 4326 2464 4392 cognovisset,
2491 4326 2756 4394 impedire
2778 4337 3006 4379 conatus
3026 4339 3126 4387 est,
3153 4329 3302 4382 nefas
3325 4346 3444 4385 esse
3468 4333 3677 4395 dicens.

2103 4415 2446 4483 imperatoris
2470 4431 2589 4467 ossa
2621 4414 2933 4468 transferri:
2966 4419 3191 4486 perinde
3223 4421 3368 4473 enim
3396 4437 3514 4476 esse
3545 4439 3608 4478 ac
3633 4426 3677 4478 si

2101 4506 2492 4560 etl‘oderentur.
2527 4506 2830 4575 Statimque
2862 4510 3094 4577 poliulus
3133 4512 3270 4567 duas
3307 4513 3361 4566 in
3389 4525 3572 4577 partes
3593 4517 3681 4570 di-

1624 4681 1892 4736 VALESII
1931 4681 2476 4739 ANNOTATIONES.

497 4819 576 4888 (6|
591 4809 949 4899 VII-carcer
969 4819 1066 4874 διὰ
1083 4823 1136 4899 ot
1158 4817 1682 4899 προᾳεᾷρεύοῖῖες,
1705 4817 1887 4897 Ilujus
1904 4818 2012 4899 loci
2045 4825 2092 4879 ι)
2117 4820 2277 4874 dieun

1904 4818 2012 4899 loci
2045 4825 2092 4879 ι)
2117 4820 2376 4899 dicuntur
2425 4823 2899 4899 προσεόρεύοντες.
2931 4826 3121 4899 Quam
3169 4831 3676 4899 interpretationem

421 4887 733 4944 emendatio
757 4890 989 4944 debetur
1008 4891 1180 4944 codici
1208 4889 1498 4942 Allatiano.
1533 4887 1667 4942 Nam
1704 4887 1757 4940 in
1793 4887 1998 4942 nostris

423 4959 705 5013 codicibus
723 4960 1036 5014 Florentino
1059 4976 1121 5014 ac
1139 4959 1414 5013 Sfortiano
1438 4957 1525 5011 hic
1548 4959 1700 5012 locus
1722 4972 1828 5010 una
1855 4957 1996 5012 (Illn-

423 5038 571 5082 taxat
596 5043 728 5083 voce
759 5031 972 5082 auctior
1018 5036 1157 5092 erat,
1211 5029 1316 5082 hoc
1357 5028 1520 5082 modo
1551 5045 1560 5078 :
1592 5023 1730 5096 ἦσαν
1779 5024 1872 5079 οὗν
1906 5029 1994 5082 διὰ

421 5099 580 5151 τοῦτο
605 5101 675 5161 οἱ,
705 5106 812 5152 etc.
843 5099 948 5153 Sed
991 5099 1241 5153 lacunam
1280 5099 1547 5167 integram
1580 5097 1796 5166 supplet
1821 5098 1990 5152 codex

420 5169 624 5232 Allatii,
659 5169 748 5222 cui
787 5170 1059 5223 consentit
1091 5166 1429 5237 Epiphanius
1465 5166 1853 5221 Scholasticus.
1902 5168 1992 5223 Sic

420 5239 564 5291 enim
598 5240 764 5293 vertit
813 5239 960 5294 hunc
987 5240 1168 5292 locum
1205 5256 1216 5289 :
1246 5237 1468 5307 Ideoque
1505 5237 1736 5290 custodes
1785 5238 1896 5307 ejus
1941 5250 1991 5292 et

457 5309 509 5359 ui
543 5310 611 5360 ad
647 5310 938 5362 orationem
969 5309 1260 5368 intrabant,
1294 5316 1447 5360 erant
1479 5308 1631 5376 positi
1659 5307 1752 5360 sub
1780 5309 1981 5364 timore.

457 5325 507 5359 ut
543 5325 609 5360 aa
647 5325 938 5362 orationem
969 5325 1260 5368 mtranant,
1294 5325 1447 5360 erant
1479 5325 1630 5376 ροδιιι
1659 5325 1752 5360 δυσ
1780 5325 1981 5364 umore.

419 5325 685 5434 Custodes
720 5379 1114 5450 interpretatur
1151 5379 1510 5448 Epiphanius,
1557 5377 1649 5448 qui
1688 5393 1718 5430 a
1760 5375 1984 5434 Socrate

2106 4906 2213 4948 non
2248 4891 2442 4969 probo.
2474 4889 2640 4969 Magis
2661 4895 2839 4961 placet
2864 4889 3477 4969 τοὺξγπροσεδρεύοντας
3504 4904 3679 4958 inter--

2101 4963 2460 5034 prclaricos,
2503 4963 2592 5032 qui
2641 4973 2924 5018 morantur
2956 4963 3165 5022 diutius
3210 4963 3261 5024 in
3323 4973 3574 5034 ecclesia,
3624 4987 3674 5029 et

2100 5033 2365 5107 orationis
2403 5034 2960 5107 Causaillicusedent.
3026 5040 3079 5091 Si
3141 5042 3264 5107 quis
3326 5049 3505 5096 tamen
3549 5033 3681 5097 tedi-

2103 5101 2599 5180 tuos‘i‘nﬂterpretari
2627 5103 2800 5180 ntalit,
2825 5121 2933 5180 non
2963 5101 3290 5180 magnopere
3341 5113 3673 5180 repugnabo.

2171 5172 2280 5242 (62)
2302 5174 2590 5248 "anteeant
2613 5173 2696 5241 μὴ
2722 5172 3078 5244 συλληφθῇ
3104 5172 3444 5248 Epiphanius
3470 5172 3632 5237 vertit
3663 5202 3673 5235 :

2095 5242 2174 5315 {Ve
2213 5257 2394 5315 arcam
2428 5246 2594 5297 ruime
2622 5259 2781 5315 casus
2813 5242 3342 5315 comprimeret-Sed
3386 5252 3439 5303 in
3489 5254 3677 5306 COIIICt‘.

2096 5313 2373 5436 Sforl'tiano
2439 5314 2702 5382 scriptum
2771 5313 2955 5370 inveni
3016 5320 3249 5390 συληθῇ,
3295 5320 3441 5390 quod
3507 5323 3678 5393 magis

2096 5397 2194 5436 oro
2235 5399 2287 5436 ο.

2093 5397 2287 5451 prono.

1866 5541 2246 5599 VARIORUM.

420 5650 589 5730 tidem
622 5652 776 5730 urbis
803 5651 1172 5730 aMacedonio
1206 5656 1390 5730 factus
1409 5658 1718 5730 episcopus,
1748 5659 1900 5730 prius
1935 5658 1991 5730 in

420 5727 620 5795 palatio
650 5727 932 5797 splendide
957 5727 1302 5782 militaverat.
1332 5727 1634 5783 Vir’bonu's
1666 5727 1834 5784 fuiSse
1858 5729 1993 5782 dici-

421 5799 864 5870 t_ur;_acerritnus
893 5806 1072 5870 tamen
1115 5799 1166 5851 in
1207 5799 1469 5870 vexandis
1523 5801 1591 5854 iis
1641 5801 1734 5870 qui
1787 5799 1982 5853 Filium

422 5865 567 5924 Patri
600 5868 1116 5924 consubstantialem
1159 5868 1564 5939 profitebantur.
1596 5865 1857 5943 (δώσω,
1884 5871 1975 5924 lib.

785 5961 1048 6024 PATROL.
1097 5963 1212 6023 Gn.
1260 5963 1491 6023 LXVII.

2098 5661 2541 5811 ":fcg'go'gggqg
2576 5731 2881 5811 ἀριθμούς.
2915 5734 3143 5790 Photius
3193 5735 3364 5811 habet
3405 5738 3678 5811 τέσσαρας

2100 5799 2404 5883 φάλαγγας.
2460 5801 2820 5883 ’Νἱοθριιογυδ
2875 5807 3342 5877 τετρακισχιλίους
3404 5799 3673 5883 ξιφήρεις]

2100 5867 2387 5926 Sozomen.
2417 5867 2654 5944 τέσσα
2682 5874 2954 5944 τάγματα.

3248 5969 3312 6034 11
