4508 6588
490 461 595 515 3'55

1486 459 1813 517 HISTORIA
1854 458 2415 517 ECCLESIASTICA.
2457 491 2527 502 --
2565 461 2695 518 LIB.
2738 463 2801 518 II.

3648 469 3753 525 334

489 576 618 646 περὶ
644 573 744 645 τὴν
777 572 969 644 όγὺὲην
991 575 1181 629 εἰκάδα
1210 576 1303 629 τοῦ
1328 575 1637 645 Αὐγούστου
1666 577 1855 647 μηνός.
1890 577 2074 630 Ἐδου-
2102 582 2148 639 Α
2179 589 2268 649 pte

1972 577 2074 630 ῖου-
2102 582 2148 639 Α
2179 581 2478 649 ptembres.
2531 579 2919 636 Deliberarunt
2960 578 3126 650 igitur
3156 578 3224 634 de
3263 580 3638 639 transferenda
3668 601 3752 656 sy-

489 665 707 717 λεύοντο
743 659 837 717 οὖν
874 665 1189 734 μεταθεῖναι
1217 669 1316 739 τὴν
1347 668 1562 723 σύνοδον
1588 670 1669 733 είς
1704 671 1805 739 τὴν
1834 670 2073 737 γειτνιά-

488 757 687 821 ζουσαν
708 756 845 827 αὑτῇ
872 758 1124 812 Νίκαιαν.
1151 760 1262 813 Καὶ
1281 761 1438 814 τοῦτο
1464 763 1561 832 μὲν
1581 758 1738 825 αὖθις
1765 761 2066 833 μετέδοξεν·

488 841 571 910 είς
616 848 831 918 Ταρσὸν
882 848 940 902 δὲ
1006 851 1105 921 τῆς
1158 852 1412 917 Κιλικίας
1461 854 1633 907 ἐδόκει
1686 856 2065 925 συνέρχεσθαι.

488 936 625 993 Οὔτε
681 939 737 993 δὲ
778 940 969 994 τούτου
1016 941 1345 1013 ἀρέσαντος,
1392 946 1471 1007 εἰς
1522 944 1845 999 Σελεύκειαν
1886 958 1913 997 (ι
1965 949 2065 1016 τῆς

499 1030 804 1102 Ἰσαυρίας,
838 1031 936 1101 τὴν
962 1033 1396 1106 ἐπικαλουμένην
1427 1037 1727 1109 Τραχεῖαν,
1766 1040 2061 1109 συνεληλὺ-

486 1122 632 1177 θασι.
662 1121 835 1176 Τοῦτο
876 1123 932 1176 δὲ
961 1124 1020 1177 ἐν
1055 1124 1133 1195 τῷ
1172 1125 1321 1195 αὑτῷ
1351 1127 1585 1198 ὲνιαυτῷ
1611 1128 1726 1199 (65)
1757 1131 2063 1200 πεποιήκα-

489 1230 605 1277 σιν,
658 1214 1042 1269 ὑπατευόντων
1093 1216 1359 1270 Εὑσεὸίου
1414 1219 1508 1273 καὶ
1557 1220 1839 1275 Ύπατίου.
1887 1217 2068 1275 Ἦσαν

484 1307 542 1361 δὲ
590 1307 643 1361 ot
694 1308 1043 1391 συνελθόντες
1095 1310 1188 1363 τὸν
1238 1311 1473 1383 ἀριθμὸν
1531 1314 1727 1367 ἑκατὸν
1779 1310 2063 1384 ἑξήκοντα.

484 1392 792 1472 Συμπαρῆν
827 1399 886 1453 δὲ
914 1401 1099 1463 αὑτοῖς
1138 1397 1220 1464 είς
1248 1402 1356 1456 τῶν
1400 1405 1458 1458 ὲν
1488 1406 1602 1467 τοῖς
1634 1403 1935 1474 βασιλικοῖς
1971 1407 2065 1460 ὲκ-

481 1495 688 1564 φανῶν,
720 1490 895 1567 ὄνομα
927 1493 1150 1559 Λεωνᾶς
1172 1492 1306 1565 (66),
1341 1492 1427 1563 ἐφ’
1459 1489 1522 1549 οὗ
1546 1485 1828 1568 προθεῖναι
1853 1495 1915 1552 τὸ
1936 1498 2066 1569 περὶ

478 1588 581 1658 τῆς
625 1588 863 1651 πίστεως
896 1582 1151 1660 ζήτημα.
1202 1586 1264 1639 τὸ
1304 1585 1568 1657 βασιλέως
1620 1588 1840 1642 ἐκέλευε
1896 1591 2064 1661 πρόσ-

481 1695 687 1748 ταγμα.
722 1678 1107 1751 Προστέτακτο
1136 1678 1388 1746 παρεῖναι
1420 1680 1513 1732 καὶ
1544 1674 1838 1750 Λαυρίκιος
1880 1680 1911 1733 ό
1952 1681 2063 1734 τῶν

480 1772 625 1825 κατὰ
661 1771 761 1843 τὴν
797 1772 1071 1844 ἰσαυρίαν
1107 1769 1459 1844 στρατιωτῶν
1502 1771 1825 1842 ἡγούμενος,
1858 1772 2063 1844 61:00p-

481 1864 668 1933 γήσων
715 1866 764 1917 εί
810 1865 991 1935 δεήσοι
1037 1867 1149 1929 τοῖς
1191 1864 1536 1929 ἐπισκόποις.
1584 1865 1706 1917 Ἐπὶ
1750 1864 1942 1919 τοῦτον
1994 1865 2057 1937 δὴ

482 1928 828 2021 συνελθόντες
860 1928 927 2029 τῇ
960 1956 1165 2028 ἑϐδόμῃ
1196 1960 1291 2011 καὶ
1333 1928 1509 2013 εἰκάδι
1543 1954 1637 2012 τοῦ
1680 1928 2059 2029 Σεπτεμϐρίου
2091 1928 2135 1987 Β

484 2044 675 2121 μηνὸς,
707 2050 799 2103 ἐπὶ
827 2050 1101 2121 δημοσίων
1134 2051 1539 2123 ὑπομνημάτων
1565 2052 1885 2119 διελέγοντο.
1911 2049 2059 2121 Παρ-

480 2135 624 2211 ῆσαν
655 2141 765 2213 γὰρ
797 2134 862 2213 δὴ
904 2142 998 2196 καὶ
1032 2140 1355 2214 όξυγράφοι,
1383 2143 1453 2197 τὰ
1484 2147 1614 2216 παρ’
1639 2139 1871 2199 ἑκάστου
1900 2143 2060 2213 λεγό-

482 2251 623 2304 μενα
673 2233 1080 2306 σημειούμενοι.
1106 2229 1209 2289 Ὧν
1252 2235 1321 2289 τὰ
1366 2238 1464 2307 μὲν
1492 2236 1615 2290 καθ’
1643 2234 1873 2289 ἕκαστον
1896 2238 1954 2290 έν
1992 2237 2058 2308 τῇ

482 2330 775 2399 συναγωγῇ
830 2329 1060 2382 Σαϐίνου
1109 2328 1434 2401 ζητήτωσαν
1480 2330 1530 2382 οί
1576 2326 1933 2398 φιλομαθεῖς,
1971 2328 2060 2382 διὰ

483 2418 841 2490 μακροτέρων
888 2419 1202 2491 ὲγκείμενα.
1252 2420 1445 2491 Ἡμεῖς
1496 2418 1555 2474 δὲ
1599 2419 1668 2475 τὰ
1712 2419 2058 2493 κεφαλαιώδη

483 2512 646 2581 μόνον
692 2512 1070 2583 ἐπιτρέχοντες
1123 2510 1487 2583 ἐκθησόμεθα.
1541 2511 1629 2565 Ἑν
1666 2511 1725 2565 δὲ
1766 2514 1835 2583 τῇ
1866 2512 2059 2585 πρώτῃ

481 2603 668 2676 ἡμέρᾳ
693 2603 805 2675 (67)
842 2598 1240 2666 συνελθόντων.
1282 2606 1311 2658 ὁ
1342 2607 1563 2669 Δεωνᾶς
1612 2604 1683 2657 τὰ
1733 2602 1951 2675 ἑκάστῳ
1975 2604 2060 2658 60-

482 2695 683 2749 κοῠντα
714 2696 995 2769 προθεῖναι
1032 2697 1334 2751 ἐκέλευσεν.
1377 2696 1441 2750 Οἱ
1464 2690 1522 2749 δὲ
1548 2694 1815 2764 παρόντες
1839 2696 1901 2749 οὑ
1928 2696 2061 2768 πρό-

482 2802 640 2857 τερον
670 2786 879 2857 ἔφασάν
902 2806 1024 2842 τινα
1063 2784 1283 2859 κινῆσαι
1304 2787 1551 2859 ζήτησιν,
1593 2789 1723 2858 πρὶν
1753 2782 1820 2842 ἂν
1851 2789 1901 2841 οἱ
1927 2788 2061 2842 ἀπο-

483 2874 794 2946 λειφθέντες
822 2870 1141 2934 συνέλθωσι.
1167 2881 1277 2933 Καὶ
1307 2880 1417 2949 γὰρ
1452 2871 1596 2950 ἦσαν
1636 2877 2060 2948 ἀπολειφθέντες

482 2969 806 3035 ἐπίσκοποι,
840 2964 1177 3034 Μακεδόνιος
1204 2972 1233 3024 ὁ
1260 2971 1920 3035 Κωνσταντινουπόλεως,
1962 2970 2063 3025 Βα-

488 3060 689 3125 σίλειος
751 3062 1056 3134 Ἀγκύρας,
1128 3064 1223 3116 καὶ
1271 3063 1421 3118 ἄλλοι
1487 3064 1669 3127 τινὲς,
1724 3064 2061 3134 κατηγορίας

486 3151 848 3222 ὑφορώμενοι.
888 3154 1217 3217 Μακεδόνιος
1248 3154 1347 3224 μὲν
1386 3150 1481 3208 οὖν
1519 3157 1695 3207 νοσεῖν
1724 3152 1896 3208 είπὼν
1925 3155 2061 3208 ἀπο-

484 3240 755 3297 λέλειπτο.
812 3238 1151 3313 Πατρόφιλος
1224 3244 1281 3298 δὲ
1352 3242 1659 3315 ὀφθαλμιᾷν
1719 3244 1905 3313 ἐλεγε’
1963 3247 2058 3298 καὶ
2084 3282 2127 3345 C

484 3333 733 3388 διατοὺτο
790 3334 849 3388 ὲν
894 3335 1202 3407 προαστείῳ
1252 3336 1353 3406 τῆς
1407 3334 1759 3401 Σελευκείας,
1808 3336 2061 3407 ἀνάγκην

487 3423 662 3493 ἔχοιεν
698 3423 937 3495 διάγειν·
968 3426 1192 3479 καὶτῶν
1231 3426 1408 3481 ἄλλων
1434 3426 1490 3481 δὲ
1530 3424 1762 3491 ἕκαστος
1789 3429 2063 3500 πρόφασίν

486 3532 609 3599 τινα
667 3516 771 3587 τῆς
818 3515 1161 3587 ἀπολείψεως
1225 3517 1639 3589 προεϐάλλοντο.
1705 3520 1859 3573 Ἐπεὶ
1915 3520 1972 3574 δὲ
2034 3522 2064 3573 ὁ

490 3610 714 3673 Λεωνᾶς
741 3608 836 3662 καὶ
864 3608 1071 3663 τούτων
1097 3609 1173 3680 μὴ
1199 3609 1484 3681 παρόντων
1516 3610 1628 3663 δεῖν
1657 3611 1972 3682 προτιθέναι
1998 3612 2066 3666 τὰ

486 3699 589 3769 τῆς
617 3700 895 3771 ζητήσεως
919 3700 1123 3769 ἔλεγεν,
1152 3701 1201 3753 oi
1228 3701 1497 3772 παρόντες
1529 3697 1687 3765 αὖθις
1720 3703 1957 3771 ἐπῆγον,
1985 3704 2062 3769 ὡς

487 3789 596 3843 οὐδ’
619 3791 809 3860 ἧντινα
837 3791 1100 3862 κινήσωσι
1137 3789 1398 3863 ζήτησιν,
1428 3791 1476 3843 εί
1523 3791 1599 3862 μὴ
1641 3791 1908 3863 πρότερον
1945 3792 2060 3847 τῶν

490 3883 977 3955 κατηγορουμένων
1021 3884 1070 3936 οί
1118 3882 1221 3953 βίοι
1267 3881 1612 3947 ὲξετασθῶσι.
1666 3882 2060 3955 Κατηγόρηντο

490 3975 598 4047 γὰρ
626 3975 727 4047 ἤδη
767 3975 1031 4047 πρότερον
1067 3974 1335 4045 Κύριλλος
1390 3972 1814 4043 Ἱεροσολύμων,
1850 3972 2064 4031 Εὑστά-

491 4068 606 4133 θιος
649 4068 947 4132 Σεῦαστίας
991 4068 1088 4139 τῆς
1132 4069 1191 4121 ὲν
1228 4066 1518 4138 ’Ᾱρμενίᾳ,
1566 4064 1662 4119 καὶ
1713 4064 1861 4119 ἄλλοι
1893 4068 2057 4132 τινές.

502 4160 597 4213 Ἐκ
636 4160 827 4214 τούτου
859 4158 1156 4229 φιλονεικία
1185 4159 1263 4223 είς
1305 4159 1431 4221 τοὺς
1460 4156 1731 4228 παρόντας
1771 4156 2047 4213 ἐνέπεσεν.

2174 672 2321 727 nodo
2350 672 2405 727 in
2437 672 2676 727 vicinam
2709 672 2903 726 urbem
2936 666 3320 728 Nicaeensium.
3356 666 3460 727 Sed
3493 688 3615 727 cum
3648 676 3753 729 huc

2174 765 2468 819 consilium
2508 764 2643 836 ipsis
2674 764 3080 835 displicuisset.
3123 767 3302 822 visum
3335 776 3421 821 est
3467 768 3652 837 potius
3692 778 3753 823 ut

2172 855 2315 923 apud
2347 855 2578 910 Tarsum
2606 848 2813 912 Ciliciae
2834 858 3211 913 convenirent.
3252 856 3387 912 Cum
3423 869 3553 913 Vero
3575 868 3753 930 neque

2173 946 2315 1001 istud
2360 948 2686 1017 placuisset,
2729 948 2784 1002 in
2840 951 2975 1003 urbe
3034 948 3254 1005 Isauria’
3306 950 3584 1015 Seleucia,
3630 969 3752 1021 qua:

2169 1036 2377 1106 Aspera
2421 1037 2862 1107 cognominatur,
2902 1038 3194 1093 concilium
3228 1039 3598 1094 celebrarunt.
3637 1041 3751 1094 Iloc

2169 1138 2353 1184 autem
2385 1129 2587 1185 factum
2612 1140 2697 1185 est
2718 1132 2911 1185 eodem
2934 1148 3077 1185 anno
3100 1148 3209 1201 quo
3238 1132 3583 1188 Ariminense
3614 1149 3747 1188 con-

2169 1221 2379 1286 cilium,
2412 1223 2698 1277 consulatu
2748 1223 2970 1278 Eusebii
3009 1232 3065 1278 et
3101 1224 3337 1295 IIypatii.
3364 1224 3750 1279 Convenerunt

2169 1310 2302 1368 illuc
2359 1312 2603 1384 episcopi
2664 1329 2900 1368 numero
2954 1323 3175 1369 centum
3222 1325 3279 1370 et
3332 1317 3745 1387 quinquaginta.

2166 1402 2372 1460 Aderat
2402 1420 2509 1460 una
2540 1419 2666 1460 cum
2695 1406 2807 1461 illis
2832 1405 3045 1462 Leonas
3081 1406 3324 1477 quidam,
3348 1407 3434 1463 vir
3467 1408 3522 1462 in
3549 1409 3750 1478 palatio

2167 1496 2517 1568 imperatoris
2556 1499 2916 1568 conspicuus;
2963 1497 3068 1554 sub
3096 1502 3252 1570 cujus
3281 1483 3566 1569 prtesentia
3595 1517 3747 1569 qua:-

2165 1588 2403 1643 stionem
2432 1588 2501 1643 de
2532 1587 2639 1644 fide
2675 1589 2933 1660 proponi,
2959 1589 3258 1661 imperator
3291 1582 3474 1645 edicto
3499 1600 3599 1646 δυο
3627 1594 3746 1662 jus-

2162 1689 2329 1735 scrat.
2360 1675 2467 1736 Sed
2502 1689 2560 1735 et
2590 1680 2875 1737 Lauricius
2912 1682 3023 1736 dux
3061 1684 3296 1737 militum
3327 1699 3424 1753 per
3460 1681 3745 1747 Isauriam,

2163 1769 2353 1824 adesse
2384 1771 2574 1840 jussus
2600 1770 2799 1835 fuerat,
2840 1780 2901 1825 ut
2942 1772 3237 1843 episcopis,
3272 1774 3315 1827 si
3352 1773 3486 1844 quid
3523 1774 3745 1833 vellent.

2162 1873 2363 1933 praesto
2410 1872 2576 1919 esset.
2634 1863 2731 1919 IIis
2793 1865 2960 1935 igitur
3009 1867 3374 1940 prmsentibus
3428 1869 3745 1938 congregati

2162 1955 2403 2025 episcopi
2442 1956 2534 2010 die
2570 1957 2761 2027 quinta
2803 1957 3074 2015 Kalendas
3110 1956 3397 2022 Octobres,
3430 1960 3533 2014 sub
3563 1970 3745 2030 gesto-

2163 2063 2285 2101 rum
2306 2050 2650 2106 confectione
2676 2049 2960 2121 disputare
2986 2061 3293 2122 cmperunt.
3326 2048 3484 2124 150
3505 2053 3749 2108 Aderant

2161 2140 2311 2197 enim
2352 2143 2519 2198 etiam
2570 2144 2772 2199 notarii
2800 2185 2814 2207 .
2869 2144 2965 2215 qui
3012 2145 3355 2216 singulorum
3402 2145 3550 2201 dicta
3597 2147 3746 2201 notis

2161 2234 2500 2305 exciperent.
2530 2236 2608 2290 Ac
2638 2236 2851 2307 singula
2868 2237 3090 2307 quidem
3120 2252 3241 2306 quae
3273 2246 3386 2291 tum
3414 2245 3565 2308 gesta
3594 2247 3743 2301 sunt,

2162 2325 2218 2380 in
2242 2324 2595 2381 collectaneis
2637 2325 2827 2381 Sabini
2863 2326 3091 2382 studiosi
3128 2326 3362 2382 lectores
3400 2327 3743 2397 perquirant,

2161 2416 2258 2471 ubi
2288 2416 2405 2473 haec
2434 2416 2612 2472 fusius
2642 2418 2890 2489 exposita
2911 2418 3186 2490 leguntur.
3222 2418 3333 2474 Nos
3355 2419 3501 2473 enim
3533 2433 3745 2474 summa

2162 2499 2642 2565 duntaxat‘rerum
2663 2510 2845 2580 capita
2867 2509 3106 2566 strictim
3131 2520 3537 2580 percurrcmus.
3563 2510 3745 2565 Prima

2161 2594 2254 2658 die
2274 2618 2398 2659 cum
2417 2602 2826 2667 convenissent,
2844 2602 3009 2674 jussit
3028 2601 3243 2658 Leonas
3273 2609 3335 2657 ut
3367 2602 3745 2672 unusquisque

2161 2705 2498 2767 proponeret
2525 2687 2676 2765 quod
2720 2694 2906 2749 vellet.
2945 2694 3055 2750 Sed
3094 2695 3188 2765 qui
3229 2694 3460 2749 aderant
3483 2737 3497 2758 .
3536 2696 3745 2750 nullam

2161 2784 2486 2842 movendam
2515 2801 2635 2841 esse
2670 2786 3027 2856 quaestionem
3061 2786 3273 2851 dixere,
3307 2787 3623 2857 priusquam
3651 2787 3746 2841 ad-

2161 2879 2444 2935 venissent
2474 2876 2510 2934 ii
2541 2877 2636 2949 qui
2678 2878 3160 2935 desiderabantur.
3202 2876 3416 2951 Quippe
3459 2877 3744 2936 desidera-

2162 2969 2366 3025 bantur
2386 2969 2741 3025 Macedonius
2761 2968 3339 3039 Constantinopoleos,
3370 2968 3605 3026 Basilius
3631 2970 3745 3026 An-

2162 3076 2327 3133 cyrae,
2356 3070 2413 3115 et
2447 3061 2541 3114 alii
2568 3059 2793 3130 quidam
2826 3058 3095 3130 episcopi,
3124 3058 3286 3114 veriti
3309 3075 3378 3115 ne
3406 3058 3478 3115 ob
3512 3061 3747 3116 crimina

2162 3158 2572 3208 accusarentur.
2606 3152 2675 3208 Et
2713 3151 3066 3207 Macedonius
3112 3151 3337 3221 quidem
3384 3151 3640 3208 laborare
3687 3169 3748 3208 se

2163 3246 2358 3300 morbo
2398 3245 2589 3301 dicens
2631 3245 2840 3299 aberat.
2893 3238 3242 3313 Patmphilus
3291 3257 3423 3299 vero
3459 3245 3746 3299 oculorum

2159 3336 2407 3391 dolorem
2437 3336 2807 3407 praetexebat:
2836 3350 3068 3405 eamque
3093 3334 3166 3389 ob
3204 3349 3423 3389 causam
3460 3335 3516 3390 in
3541 3336 3744 3390 subur-

2159 3428 2304 3482 bano
2338 3427 2604 3483 Seleuciae
2629 3423 2736 3482 sibi
2766 3427 3082 3482 necessario
3108 3428 3442 3482 manendum
3468 3442 3610 3483 esse.
3640 3428 3745 3485 Alii

2160 3518 2398 3587 denique
2412 3514 2573 3572 aliam
2598 3515 2862 3573 absentia:
2888 3533 3002 3572 sua:
3024 3532 3245 3571 causam
3278 3515 3604 3572 aﬂ‘erehant.
3637 3517 3747 3572 Sed

2165 3611 2426 3682 quoniam
2456 3606 2668 3665 Leonas
2705 3609 2828 3665 istis
2867 3610 3035 3664 etiam
3075 3608 3402 3665 absentibus
3431 3625 3745 3679 proponen-

2171 3708 2296 3763 dam
2328 3722 2449 3763 esse
2490 3703 2851 3762 nihilominus
2885 3706 3245 3776 quaastionem
3280 3705 3520 3770 dicebat,
3559 3705 3746 3776 subje-

2169 3805 2365 3853 cerunt
2397 3798 2596 3853 iterum
2619 3799 2711 3867 qui
2733 3798 2983 3862 aderant,
3017 3812 3074 3852 se
3106 3797 3312 3853 nullam
3344 3797 3568 3852 omnino
3596 3813 3747 3867 qua:-

2170 3889 2402 3943 stionem
2434 3897 2679 3943 moturos
2704 3904 2847 3951 esse,
2882 3889 2987 3944 nisi
3023 3889 3176 3959 prius
3195 3888 3383 3943 habita
3418 3898 3564 3943 esset
3593 3903 3745 3957 quae-

2169 3981 2276 4037 stio
2312 3981 2380 4035 de
2430 3980 2542 4034 vita
2591 3996 2655 4035 ac
2700 3980 2947 4035 moribus
2981 3996 3173 4035 eorum
3207 3981 3301 4051 qui
3325 3980 3741 4035 accusabantur.

2168 4072 2417 4127 Accusati
2442 4072 2590 4126 enim
2628 4072 2739 4141 jam
2773 4081 2933 4127 antea
2960 4070 3179 4126 fuerant
3217 4070 3453 4142 Cyrillus
3480 4072 3744 4125 Hieroso-

2163 4164 2432 4235 lymorum
2460 4163 2771 4233 episcopus,
2805 4162 3125 4218 Eustathius
3158 4159 3419 4217 Sebastia:
3470 4164 3523 4217 in
3556 4163 3743 4218 Arme-

1690 4322 1958 4378 VALESII
1996 4320 2541 4380 ANNOTATIONES.

563 4478 678 4551 (65)
706 4481 886 4535 Τοῦτο
909 4481 978 4535 δὲ
1000 4482 1071 4535 ἐν
1088 4482 1167 4547 τῷ
1193 4481 1352 4547 αὑτῷ
1373 4478 1644 4551 ἐνιαυτῷ.
1671 4478 1786 4551 Hoc
1810 4479 1933 4533 loco
1953 4494 2063 4551 non
2096 4486 2141 4543 ι)
2166 4498 2313 4537 anno

1955 4494 2063 4551 non
2096 4486 2141 4543 ι)
2166 4498 2313 4537 anno
2356 4484 2694 4539 celebratum
2725 4497 2867 4545 esse,
2896 4497 3005 4551 quo
3044 4480 3388 4551 Ariminense
3420 4479 3735 4535 concilium.

492 4548 629 4605 levis
658 4548 902 4605 occurrit
944 4552 1271 4616 dillicultas;
1304 4566 1426 4606 nam
1458 4550 1616 4604 ruina
1655 4548 1875 4618 quidem
1912 4550 2067 4604 urbis

492 4621 820 4694 Nicomedite
850 4623 1080 4694 contigit
1109 4624 1335 4678 Datiano
1365 4632 1421 4675 et
1451 4620 1675 4694 Cereale
1703 4689 1712 4694 .
1721 4620 2063 4694 consulibus,

495 4707 638 4762 anno
662 4690 863 4746 Christi
896 4689 1028 4755 358;
1046 4708 1231 4749 mense
1259 4693 1522 4762 Augusto.
1548 4689 1851 4762 Concilhlm
1882 4700 2065 4762 autem

497 4760 762 4816 Seleucia:
798 4762 1131 4818 celebratum
1163 4771 1247 4818 est
1267 4759 1517 4831 sequenti
1543 4774 1708 4831 anno,
1736 4759 1980 4831 Eusebio
2013 4768 2070 4814 et

501 4831 732 4902 Hypatio
773 4833 1113 4895 consulibus,
1154 4830 1702 4902 mense'Scptemb‘ri.
1734 4830 1851 4883 Non
1902 4830 2069 4902 igitur

502 4847 732 4902 Hypatio
773 4847 1113 4895 consulibus,
1154 4848 1341 4887 mense
1374 4847 1702 4900 Septembri.
1735 4847 1851 4883 non
1902 4847 2069 4952 ιιίμιιιυ

502 4919 611 4956 ιιιιο
633 4902 933 4972 eodemque
957 4919 1100 4957 anno
1123 4904 1237 4957 haec
1257 4902 1591 4972 acciderunt.
1615 4898 1793 4972 Quare
1822 4901 1927 4972 seri
1972 4916 2072 4953 en-

501 4974 632 5027 dqu
672 4969 887 5027 videtur
914 4974 991 5043 τῷ
1021 4974 1263 5043 ἐχομένῳ
1289 4971 1538 5043 ἐνιαυτῷ.
1565 4969 1756 5043 ΫΑιιιεί
1787 4970 2061 5039 vulgatam

498 5045 786 5099 lectionem
820 5040 1084 5099 retinere"
1114 5040 1245 5113 quis
1269 5042 1525 5113 voluerit.
1557 5040 1865 5113 intelligere
1898 5056 2063 5113 opor-

494 5115 631 5171 tebit
656 5114 947 5171 concilium
973 5110 1351 5187 episcoporum
1372 5112 1517 5182 apud
1548 5111 1849 5167 Seleuciam
1871 5110 2067 5165 eodem

2238 4554 2346 4623 (66)
2381 4552 2618 4618 Λεωνᾶς
2674 4553 2885 4608 Leonas
2915 4550 3008 4623 hic
3035 4560 3272 4623 quaestor
3300 4550 3403 4605 fuit
3426 4551 3564 4604 sacri
3589 4552 3740 4623 pala—

2170 4622 2229 4677 tii
2263 4640 2275 4675 :
2307 4621 2606 4677 Lauricius'
2621 4639 2752 4677 vero
2776 4637 2959 4678 comes
2989 4621 3228 4686 Isauriae,
3268 4630 3328 4675 ut
3354 4628 3584 4675 testatur
3607 4621 3741 4674 Am-

2170 4693 2386 4747 mianus
2412 4694 2775 4747 Marcellinus.

2244 4763 2354 4831 (67)
2399 4765 2495 4815 Ὲν
2522 4764 2593 4815 δὲ
2641 4762 2715 4829 τῇ
2761 4761 2957 4831 πρώτῃ
3012 4760 3219 4830 ἡμέρᾳ.
3271 4758 3631 4815 Scribendum
3660 4768 3746 4814 est

2176 4835 2234 4915 έν
2266 4833 2428 4915 δὴᾼτῇ
2470 4833 2661 4915 aptat-cn
2684 4833 2885 4915 ἡμέρα.
2917 4832 3071 4915 Quod
3119 4832 3249 4915 licet
3275 4831 3393 4913 leve
3419 4832 3742 4915 εξιηηοιῇητ

2178 4900 2525 4957 (ιυιηιοιηοη
2565 4900 2687 4965 fuit,
2708 4900 3096 4958 "ut'studiosus
3127 4902 3321 4963 lector,
3348 4902 3393 4955 si
3436 4902 3577 4955 forte
3611 4900 3741 4953 alibi

2173 4972 2225 5025 id
2274 4975 2533 5027 mendum
2575 4974 2898 5034 occurrerit,
2936 4973 3183 5027 occurrit
3233 4980 3417 5025 autem
3445 4969 3743 5040 srepissime

2174 5042 2230 5096 in
2253 5043 2339 5096 his
2364 5044 2538 5107 libris,
2564 5043 2615 5097 id
2641 5060 2737 5113 per
2766 5059 2823 5098 se
2858 5044 2972 5113 ipse
2991 5043 3245 5114 corrigat,
3279 5057 3378 5096 nec
3400 5056 3497 5095 nos
3522 5050 3745 5095 accuset

2174 5114 2532 5184 negligentia).

1942 5262 2329 5322 VARIORUM.

571 5418 601 5459 ιι
630 5410 732 5473 Εἰς
760 5406 1131 5462 Σελεύκειαν.
1170 5405 1429 5460 Athanas.
1454 5404 1529 5455 De
1558 5397 1780 5473 synodis
1795 5397 1966 5473 Arim.
1998 5404 2057 5451 et

496 5469 720 5535 Seleuc.
747 5496 760 5531 :
794 5478 876 5531 Τὰ
923 5478 981 5550 δὲ
1013 5479 1073 5550 ὲν
1100 5476 1386 5550 Σελευκείᾳ
1410 5469 1769 5550 ’τῇ-,τραχείᾳ
1799 5469 2070 5550 γενόμενα

492 5551 667 5604 ταῦτά
696 5552 834 5602 ἐστι.
865 5547 987 5618 Μὴν
1023 5547 1119 5617 μὲν
1144 5543 1266 5618 ἧνλὸ
1295 5543 1435 5618 κατὰ
1466 5543 1773 5618 ΔῬωμαίους
1806 5543 2071 5618 καἎΔούμειο

495 5637 586 5683 νος
614 5607 1005 5689 Σεπτέμὸριός,
1023 5607 1181 5690 ’κατᾶ
1205 5616 1261 5690 δὲ
1282 5615 1408 5677 τοὺς
1447 5607 1776 5690 Αἰγυπτίους
1804 5607 1947 5688 (Bibl),
1974 5608 2069 5690 xtl

494 5682 634 5745 κατὰ
673 5682 982 5750 Μακεδόνας
1014 5688 1322 5757 Γορπιαῐος.
1376 5686 1467 5738 καὶ
1507 5682 1709 5757 ᾲήμέρα
1752 5682 2068 5757 τοῦῌμηνὸς

495 5760 617 5814 κατ’
650 5749 979 5828 Αἰγυπτίους
1030 5749 1414 5828 ἑκκαιδεκᾴτη,
1457 5749 1579 5828 ἐίς
1605 5749 2068 5828 ἣν--συνέδραμον

494 5832 696 5894 πάντες
726 5820 773 5883 οἱ
820 5828 1108 5899 κληθέντες
1136 5820 1427 5880 συνελθεῖν.
1457 5820 1637 5876 Ἦσαν
1673 5821 1921 5899 δὲ-κακεῖ
1960 5834 2065 5899 που

498 5903 595 5961 03'.
632 5890 880 5956 Seieuria:
910 5890 1029 5953 rcro
1058 5890 1271 5953 Asuerm
1291 5899 1399 5951 Im'c
1425 5905 1541 5949 arta
1564 5901 1703 5947 sunt.
1731 5890 1919 5946 Mensis
1948 5895 2069 5942 erat

2166 5416 2198 5452 a
2220 5399 2480 5474 Romanis
2512 5402 2827 5473 September,
2859 5405 2921 5457 ab
2939 5403 3200 5474 ZEgypliis
3228 5402 3410 5465 Thoth,
3440 5419 3471 5455 a
3499 5403 3745 5457 Macedo-

2177 5472 2325 5524 nibus
2356 5472 2625 5545 Gorpiigus
2656 5476 2956 5527 nominatus
2984 5472 3339 5545 :idecimaque
3382 5482 3531 5527 sexta
3556 5477 3745 5527 mensis

2173 5542 2471 5613 secundum
2497 5542 2791 5613 [Egyptiom
2825 5562 2929 5613 qua
2973 5545 3060 5613 qui
3091 5545 3258 5597 vocati
3301 5544 3530 5611 fuerant,
3559 5561 3744 5597 comm-

2176 5627 2313 5684 nere.
2347 5612 2619 5684 Erantque
2642 5616 2709 5668 ini
2742 5612 2963 5684 episcopi
2987 5612 3193 5668 Vcirciter
3221 5622 3426 5666 centum
3448 5616 3740 5683 sexaginta.

2174 5681 2309 5739 Male
2344 5683 2513 5752 igitur
2535 5681 2605 5738 'in
2639 5681 2838 5739 Valesii
2861 5681 3111 5739 versione
3140 5699 3263 5739 mox
3309 5684 3506 5753 legitur
3540 5681 3745 5737 centum

2173 5762 2221 5825 et
2253 5755 2655 5825 quinquaginta.
2691 5756 2862 5809 Porro
2890 5755 2958 5809 (le
2992 5754 3198 5825 synodo
3242 5753 3573 5825 Seleuciensi
3621 5754 3743 5808 vide

2174 5816 2513 5880 Soiomflib".
2544 5842 2615 5891 IV,
2655 5841 2773 5895 cap.
2799 5826 2887 5891 22,
2912 5816 3196 5880 etTheod.
3235 5825 3407 5885 lib.n,
3429 5840 3475 5877 (τ.
3512 5823 3597 5877 26.
