4508 6588
434 428 534 485 337

448 545 600 598 Ἐπεὶ
632 543 689 599 δὲ
720 543 1233 617 φιλονεικησάντων,
1258 549 1416 604 τοῦτο
1445 553 1647 622 μᾶλλον
1676 553 2000 623 ἐκράτησεν,
2033 560 2075 616 Α

437 635 742 707 ὑπεξῄεσαν
788 638 887 707 μὲν
929 640 978 692 οί
1011 642 1068 694 ἐν
1095 641 1328 694 αἰτιάσει
1359 645 1715 713 τυγχάνοντες
1739 660 1752 674 ·
1798 647 2011 698 ἀντεισ-

435 724 597 792 ῆλθον
641 726 698 779 δὲ
739 727 787 779 oi
816 729 944 798 περὶ
995 729 1268 785 Ἀκάκιον.
1325 731 1458 786 Τότε
1491 735 1548 787 δὲ
1589 737 1617 788 6
1647 738 1866 799 Λεωνᾶς
1900 735 2002 806 ἔφη

439 814 640 883 βιϐλίον
683 815 928 871 δεδόσθαι
979 819 1130 890 αύτῷ
1184 821 1337 891 παρὰ
1376 823 1484 875 τῶν
1533 825 1664 893 περὶ
1729 825 2010 888 Ἀκάκιον,

438 907 763 979 ἀποκρύψας
787 909 864 974 ὡς
892 911 977 981 εἴη
1006 911 1275 982 δόγματος
1309 914 1697 986 ὑπαγόρευσις,
1729 916 1889 969 τοῦτο
1915 917 2014 987 μὲν

437 999 739 1068 λεληθότως
763 1040 778 1061 ,
831 1001 990 1056 τοῦτο
1029 1002 1086 1055 δὲ
1121 1006 1216 1058 καὶ
1263 1006 1514 1078 φανερῶς
1545 1007 1855 1077 μαχομένου
1904 1009 2016 1070 τοῖς

440 1089 819 1158 προλαϐοῦσιν.
862 1091 948 1156 Ὦς
978 1092 1037 1146 δὲ
1064 1096 1112 1148 οί
1140 1097 1408 1167 παρόντες
1447 1088 1732 1166 ἡσύχασαν
1755 1137 1770 1161 ,
1811 1097 1938 1152 ἄλλο
1962 1114 2014 1150 τι

443 1181 639 1250 μᾶλλον
666 1181 700 1253 ἢ
732 1183 970 1250 πίστεως
1001 1185 1212 1240 ἔκδοσιν
1241 1188 1516 1260 περιέχειν
1542 1188 1606 1241 τὸ
1634 1188 1836 1259 βιϐλίον
1863 1189 2014 1259 νομί-

441 1288 653 1336 σαντες,
690 1273 992 1342 τηνικαῦτα
1039 1276 1136 1331 καὶ
1177 1278 1431 1332 ’Δκακίου
1461 1279 1563 1348 τῆς
1612 1279 1846 1342 πίστεως
1887 1279 2012 1332 σύν-

439 1380 628 1434 ταγμα
649 1365 747 1418 σὺν
774 1363 853 1436 τῷ
885 1367 1157 1440 προοιμίῳ
1197 1369 1531 1441 ἀνεγνώσθη,
1563 1369 1750 1424 τοῦτον
1777 1369 1898 1441 ἕχον
1925 1371 2016 1424 τὸν

441 1455 660 1517 τρόπον·
705 1457 896 1529 Ἡμεῖς
925 1459 1270 1525 συνελθόντες
1294 1462 1353 1514 ἐν
1377 1461 1669 1532 Σελευκείᾳ
1698 1462 1798 1532 τῆς
1844 1460 2018 1516 Ἰσαυ-

445 1546 564 1617 ρίας
603 1548 745 1602 κατά
781 1549 844 1602 τὸ
881 1549 1158 1620 βασιλικὸν
1197 1551 1480 1624 βούλημα,
1518 1556 1586 1624 τῇ
1638 1553 1766 1624 χθὲς
1790 1554 1976 1624 ἡμέρᾳ
1999 1594 2014 1619 ,

442 1639 564 1708 ἥτις
595 1635 664 1710 ἦν
709 1641 818 1711 πρὸ
867 1641 1029 1694 πέντε
1073 1641 1364 1697 Καλανδῶν
1409 1644 1790 1715 Ὀκτωϐρίων,
1837 1646 2019 1700 πᾶσαν

446 1731 681 1802 σπουδὴν
709 1731 945 1802 ἐθέμεθα
963 1773 980 1798 ,
1015 1734 1152 1803 μετὰ
1178 1734 1357 1804 πάσης
1389 1734 1641 1801 εὐταξίας
1667 1734 1766 1806 τὴν
1792 1735 2018 1806 εἰρήνην

442 1822 510 1890 τῇ
545 1820 839 1892 Ἐκκλησία
863 1820 1117 1890 φυλάξαι,
1140 1822 1235 1876 καὶ
1254 1823 1488 1894 περὶτῆς
1503 1823 1734 1887 πίστεως
1745 1823 2019 1887 εὐσταθῶς

441 1909 750 1973 διαλαϐεῖν,
780 1911 857 1974 ὼς
890 1911 1224 1982 προσέταξεν
1253 1915 1282 1966 6
1314 1913 1728 1983 θεοφιλέστατος
1764 1913 2017 1983 βασιλεὺς
2050 1895 2091 1950 Β

445 2000 604 2072 ⁴ἡμῶν
633 2002 1036 2068 Κωνστάντιος,
1069 2004 1211 2058 κατὰ
1236 2004 1335 2070 τὰς
1366 2005 1711 2076 προφητικάς
1737 2005 1829 2058 καὶ
1855 2005 2019 2073 εὐαγ-

444 2089 670 2158 γελικὰς
698 2093 882 2162 φωνὰς
907 2133 922 2158 ,
958 2095 1052 2148 καὶ
1098 2096 1266 2166 μηδὲν
1298 2097 1448 2167 παρά
1474 2096 1573 2160 τὰς
1607 2095 1758 2158 θείας
1793 2095 2018 2166 ι’ραφάς

442 2181 749 2252 ιισενέγκαι
766 2187 832 2256 τῇ
862 2185 1315 2258 Ἐκκλησιαστικῇ
1338 2187 1542 2241 πίστει.
1560 2187 1776 2258 Ἐπειδὴ
1794 2186 1852 2241 δέ
1869 2203 2016 2250 τινες

445 2274 502 2325 ἐν
533 2276 598 2344 τῇ
633 2275 868 2345 συνόδῳ,
915 2277 1042 2342 τοὺς
1074 2277 1173 2348 μὲν
1197 2278 1353 2350 ἡμῶν
1384 2277 1635 2349 ὕϐρισαν,
1670 2280 1794 2343 τοὺς
1820 2279 1876 2332 δὲ
1920 2279 2018 2330 ἐπ-

444 2363 757 2436 εστόμισαν,
779 2368 840 2420 ού
860 2369 1265 2440 συγχωροῦντες
1287 2369 1466 2424 λαλεῖν
1486 2389 1500 2402 ο
1531 2373 1655 2435 τοὺς
1684 2371 1741 2424 δὲ
1767 2370 2018 2425 ἀπέκλει-

447 2472 554 2525 σαν*
567 2458 794 2524 ἄκοντας
815 2473 830 2488 ’
854 2460 948 2514 καὶ
980 2463 1108 2524 τοὺς
1137 2461 1554 2532 καθῃρημένους
1585 2462 1641 2516 δὲ
1665 2463 1731 2515 ἐκ
1749 2461 2017 2532 διαφόρων

447 2547 726 2619 ἐπαρχιῶν
765 2544 909 2620 εἶχον
947 2550 1063 2622 μεθ’
1096 2549 1335 2604 ἑαυτῶνο
1360 2552 1456 2605 καὶ
1485 2552 1612 2614 τοὺς
1645 2550 1796 2622 παρὰ
1821 2551 2020 2606 κανόνα

448 2640 822 2705 καταστάντας
845 2637 979 2712 ἦγον
1020 2642 1139 2713 μεθ’
1166 2642 1372 2697 ἑαυτῶν
1393 2661 1406 2674 ο
1442 2643 1518 2707 ὡς
1547 2643 1884 2714 πανταχόθεν
1931 2643 2017 2697 θο-

450 2730 612 2800 ρύϐου
631 2731 811 2803 πλήρη
833 2733 1087 2801 γενέσθαι
1106 2733 1204 2806 τὴν
1235 2733 1473 2800 σύνοδον,
1503 2733 1682 2797 καθὼς
1710 2735 1805 2788 κα)⁸
1826 2735 1856 2786 6
1875 2733 2014 2804 λαμ-

449 2819 715 2891 πρότατος
747 2821 1046 2892 ἡγούμενος
1072 2824 1170 2895 τῆς
1212 2823 1485 2894 ἐπαρχίας
1525 2823 1824 2896 Λαυρίκιος
1867 2823 2016 2895 (68),

449 2913 542 2965 καὶ
575 2913 604 2965 6
630 2913 1012 2985 λαμπρότατος
1038 2916 1213 2987 κόμης
1244 2919 1464 2981 Λεωνᾶς
1506 2918 1742 2989 αύτοψίᾳ
1775 2917 2016 2990 παρέλα-

447 3003 560 3068 ϐον,
585 3004 777 3058 τούτου
810 3006 994 3061 ἐνεκεν
1026 3007 1384 3080 διαλαλοῦμεν
1416 3008 1610 3063 ταῦτα·
1659 3009 1746 3072 ὀς
1792 3011 1851 3063 ού
1884 3007 2018 3079 φεύ-

451 3115 621 3171 γομεν
653 3107 676 3136 ⁸
715 3099 818 3170 τὴν
858 3101 1174 3155 ἐκτεθεϊσαν
1212 3103 1536 3175 αύθεντικὴν
1578 3103 1760 3158 πίστιν
1804 3105 1864 3158 ἐν
1909 3105 2022 3167 τοῖς

448 3195 743 3264 ἐγκαινίοις
772 3195 886 3257 τοϊς
919 3192 1060 3248 κατά
1083 3193 1181 3265 τὴν
1220 3193 1570 3265 Ἀντιόχειαν,
1599 3194 2023 3266 προκομίζοντες

450 3287 642 3358 αὐτὴν,
670 3286 828 3340 είκαὶ
849 3285 1160 3355 ταμάλιστα
1187 3286 1236 3339 οἱ
1266 3285 1503 3357 πατέρες
1523 3285 1679 3357 ἡμῶν
1701 3285 1821 3339 κατ’
1850 3287 2027 3338 ἐκεῖνο

449 3379 544 3432 τοῦ
591 3377 782 3449 καιροῦ
811 3377 948 3447 πρὸς
979 3375 1040 3429 τδ
1069 3375 1425 3446 ὑποκείμενον
1448 3378 1548 3447 τῆς
1581 3376 1861 3448 ζητήσεως
1895 3392 2025 3430 συν-

454 3471 710 3543 έδραμον.
750 3469 903 3523 Ἐπεὶ
942 3469 1000 3522 δὲ
1039 3467 1266 3533 πολλοὺς
1295 3467 1626 3541 ἐθορύϐησεν
1654 3469 1718 3522 τὸ
1743 3467 2028 3539 όμοούσιον

453 3564 548 3615 καὶ
576 3561 640 3615 τὸ
667 3559 976 3642 όμοιούσιον
1019 3560 1078 3613 ἐν
1107 3560 1224 3624 τοῖς
1255 3560 1588 3632 παρελθοῦσι
1629 3561 1844 3632 χρόνοις
1864 3598 1880 3625 ,
1932 3561 2030 3615 καὶ

455 3654 618 3724 μέχρι
641 3650 764 3707 νῦν·
792 3650 931 3706 ἀλλὰ
971 3649 1067 3705 καὶ
1091 3650 1294 3722 ἀρτίως
1323 3651 1540 3720 λέγεται
1581 3651 2020 3722 καινοτομεῖσθαι

453 3745 560 3798 ύπό
583 3761 744 3798 τινων
767 3742 828 3796 τὸ
855 3742 1107 3813 ἀνόμοιον
1131 3740 1227 3795 τοῦ
1249 3741 1382 3795 Υἱοῦ
1403 3742 1540 3814 πρὸς
1566 3741 1807 3812 Πατέρα·
1830 3743 2018 3796 τούτου

452 3833 614 3904 χάριν
628 3832 688 3886 τὸ
718 3833 815 3903 μὲν
840 3832 1123 3903 όμοούσιον
1147 3832 1242 3886 καὶ
1266 3834 1327 3887 τὸ
1343 3831 1646 3904 ὀμοιούσιον
1668 3833 2021 3905 ἐκϐάλλομεν,

451 3927 526 3989 ὡς
558 3926 838 3998 ἀλλότριον
876 3926 984 3980 τῶν
1010 3926 1260 3998 Γραφῶν,
1300 3928 1361 3980 τὺ
1397 3928 1454 3982 δὲ
1478 3929 1730 3998 ἀνόμοιον
1754 3928 2024 3999 ἀναθεμαο

453 4018 675 4087 τίζομεν
698 4035 711 4048 ·
745 4020 840 4071 καὶ
865 4018 1072 4082 πάντας
1103 4019 1217 4072 ὅσοι
1247 4018 1480 4072 τοιοῦτοι
1511 4019 1896 4090 τυγχάνουσιν,
1930 4021 2024 4073 ἁλ-

454 4111 696 4182 λοτρίους
720 4109 1002 4182 ἡγούμεθα
1028 4112 1126 4184 τῆς
1161 4112 1508 4183 Ἐκκλησίας.
1540 4113 1614 4166 T6
1637 4112 1692 4168 δὲ
1715 4113 1900 4183 ὅμοιον
1925 4111 2022 4166 τοῦ

456 4201 584 4256 Υίοῦ
630 4201 767 4273 πρὸς
800 4201 890 4256 τὸν
933 4202 1154 4274 Πατέρα
1189 4202 1376 4272 σαφῶς
1403 4202 1770 4276 ὁμολογοῦμεν
1803 4203 1852 4269 ί,
1881 4202 2024 4258 κατὰ

1457 437 1777 494 HISTORIA
1821 437 2372 494 IiCCI.ESI.\STiC.\.
2404 470 2468 478 ——
2512 440 2638 494 LIB.
2685 441 2744 495 II.

2105 565 2375 610 conventu
2418 555 2713 626 ejiciendus
2743 555 2894 647 prius
2922 569 3042 608 esse
3095 555 3374 618 (licentes,
3427 562 3540 608 tum
3586 572 3681 609 eos
3740 584 3744 590 ε

2112 648 2202 717 qui
2234 648 2342 716 jam
2379 656 2536 700 antea
2561 645 2828 714 depositi,
2846 654 2961 697 tum
3007 645 3128 698 illos
3170 646 3264 712 qui
3297 646 3352 698 in
3389 647 3681 715 praesentia

2113 739 2352 792 accusati
2397 746 2573 791 erant.
2620 737 2749 790 Post
2799 737 3028 790 multam
3077 737 3224 789 ultro
3267 736 3514 806 citroque
3547 752 3682 790 con—

2113 831 2432 893 tentionem,
2460 845 2583 884 cum
2608 830 2724 883 hare
2755 828 3025 882 sententia
3044 827 3260 881 tandem
3289 829 3682 897 prrevaluisset,

2113 921 2151 976 ii
2174 921 2268 990 qui
2301 921 2356 974 in
2389 920 2598 974 crimen
2629 920 2808 974 vocati
2841 920 3077 984 fuerant,
3113 920 3318 990 egressi
3345 929 3474 974 sunt
3503 937 3516 971 τ
3544 920 3684 973 Aea-

2113 1012 2255 1067 ciani
2289 1025 2419 1065 vero
2453 1011 2733 1065 introiere.
2763 1011 2904 1065 Tum
2945 1011 3156 1066 Leonas
3198 1010 3449 1064 libellum
3478 1009 3580 1064 sibi
3616 1010 3686 1063 ab

2113 1102 2311 1157 Acacio
2355 1100 2616 1155 traditum
2659 1117 2780 1158 esse
2823 1101 3004 1156 dixit:
3037 1101 3391 1157 dissimulans
3443 1102 3683 1161 interim,

2114 1192 2261 1263 quod
2310 1202 2453 1247 esset
2498 1193 2766 1262 expositio
2816 1193 2979 1257 ﬁdei,
3043 1209 3192 1248 nunc
3242 1193 3490 1256 occulte,
3542 1210 3688 1246 nunc

2116 1287 2303 1354 aperte
2327 1284 2702 1354 superioribus
2731 1285 3104 1354 repugnantis.
3134 1284 3273 1338 Cum
3297 1285 3577 1338 silentimn
3605 1285 3686 1337 l'e-

2117 1377 2320 1432 cissent
2360 1377 2415 1432 hi
2455 1376 2550 1446 qui
2596 1375 2845 1440 aderant,
2892 1377 3111 1446 quidvis
3152 1377 3338 1446 potius
3363 1392 3526 1446 quam
3562 1376 3687 1430 ﬁdei

2118 1469 2405 1524 formulam
2448 1484 2515 1524 eo
2548 1469 2736 1524 libello
2767 1469 3039 1523 contineri
3091 1469 3469 1523 existimantes
3493 1508 3507 1530 ,
3558 1476 3691 1522 tunc

2119 1560 2380 1614 recitatus
2419 1569 2505 1614 est
2551 1559 2733 1614 Acacii
2777 1557 2919 1614 liber
2960 1558 3029 1612 de
3061 1558 3166 1612 ﬁde
3213 1575 3337 1612 cum
3389 1558 3686 1628 prooemio,

2117 1653 2212 1723 qui
2263 1653 2343 1706 sic
2387 1652 2554 1706 habet
2587 1669 2600 1703 :
2635 1652 2746 1705 Nos
2781 1652 3003 1721 quidem
3036 1666 3159 1705 cum
3203 1651 3348 1720 apud
3380 1650 3690 1704 Seleuciam

2118 1744 2339 1800 Isauriae
2384 1758 2454 1798 ex
2506 1743 2852 1813 imperatoris
2902 1741 3159 1796 mandato
3209 1742 3687 1802 convenissemus,

2121 1836 2380 1890 hesterno
2411 1835 2521 1898 die,
2550 1835 2657 1888 hoc
2679 1841 2781 1897 est,
2809 1841 2935 1887 ante
2960 1833 3104 1886 diem
3140 1831 3392 1900 quintum
3410 1832 3691 1885 .Kalcndas

2119 1924 2401 1990 Octobres,
2449 1926 2598 1980 omni
2647 1925 2830 1980 studio
2874 1923 3265 1987 laboravimus,
3291 1931 3352 1976 ut
3383 1938 3508 1977 cum
3541 1923 3687 1977 omni

2120 2015 2385 2070 modestia
2406 2032 2511 2086 pax
2528 2016 2789 2071 Ecclesia:
2814 2023 3148 2080 servaretur,
3171 2023 3227 2069 et
3257 2014 3325 2069 de
3353 2014 3459 2069 ﬁde
3481 2014 3692 2084 placidi.

2124 2095 2450 2160 tractaretur
2475 2106 2630 2174 juxta
2662 2106 3011 2174 propheticas
3035 2115 3091 2159 et
3131 2106 3476 2175 evangelicas
3507 2120 3690 2164 voces,

2119 2195 2576 2266 quemadmodum
2609 2196 2720 2250 Deo
2760 2195 3118 2250 charissimus
3163 2195 3462 2264 imperator
3507 2203 3695 2249 noster

2091 2353 2095 2357 ,
2118 2287 2473 2343 Constantius
2495 2287 2755 2357 prazcepit
2783 2305 2794 2338 :
2829 2301 2932 2340 nec
2956 2287 3257 2357 quidquam
3290 2295 3492 2356 praeter
3514 2301 3697 2340 sacras

2121 2378 2433 2447 Scripturas
2456 2377 2512 2431 in
2543 2377 2968 2432 ecclesiasticam
2993 2377 3154 2431 ﬁdem
3187 2377 3562 2432 induceretur.
3588 2375 3695 2430 Scal

2120 2470 2379 2540 quoniam
2407 2469 2462 2524 in
2488 2469 2718 2524 concilio
2742 2469 2991 2524 nonnulli
3017 2469 3156 2524 alios
3176 2485 3244 2525 ex
3264 2470 3467 2524 nostris
3497 2469 3695 2540 injuria

2120 2561 2444 2624 affecerunt,
2476 2560 2602 2616 aliis
2632 2575 2694 2615 os
2724 2561 3072 2626 obturarunt,
3112 2569 3308 2632 negata
3331 2561 3414 2616 eis
3437 2561 3695 2630 loquendi

2119 2654 2395 2719 libertate,
2424 2653 2563 2708 alios
2598 2653 2798 2708 invitos
2827 2653 3182 2708 excluserunt
3211 2670 3225 2705 :
3263 2667 3388 2706 cum
3435 2661 3617 2707 tamen
3644 2662 3718 2705 et.

2120 2744 2387 2815 quosdam
2409 2744 2502 2814 qui
2527 2743 2762 2813 depositi
2783 2743 3002 2798 fuerant
3024 2758 3211 2798 secum
3227 2742 3515 2805 haberent,
3535 2757 3700 2811 quos-

2121 2835 2246 2892 dam
2278 2843 2492 2905 praater.
2515 2834 2772 2890 Ecclesiae
2809 2835 3055 2906 regulam
3089 2834 3374 2889 ordinatos
3408 2848 3475 2887 ex
3510 2833 3695 2888 diver-

2122 2927 2199 2983 sis
2217 2926 2511 2997 provinciis
2526 2941 2712 2982 secum
2735 2925 3090 2981 adduxissent
3117 2944 3130 2980 :
3157 2924 3296 2980 adeo
3319 2932 3380 2980 ut
3404 2924 3710 2980 concilium-

2123 3017 2366 3088 undique
2387 3017 2757 3087 compleretur
2781 3017 3042 3082 tumultu,
3077 3017 3220 3072 sicut
3246 3016 3331 3070 vir
3357 3015 3740 3072 clarissimus.

2128 3109 2284 3180 152
2308 3109 2603 3181 provincia:
2629 3125 2827 3179 praeses
2849 3108 3156 3172 Lauricius,
3181 3117 3238 3162 et
3260 3109 3343 3162 vir
3365 3107 3705 3163 clarissimus

2051 3225 2097 3287 ϐ
2126 3213 2308 3253 comes
2339 3197 2550 3253 Leonas
2599 3197 2700 3268 ipsi
2749 3196 2865 3251 suis
2909 3197 3088 3252 oculis
3128 3196 3386 3251 viderunt
3419 3213 3432 3250 :
3460 3195 3531 3250 ob
3580 3211 3701 3280 eam

2124 3303 2345 3345 causam
2377 3290 2494 3344 haec
2524 3289 2979 3367 interloquimur':
3003 3289 3114 3344 Nos
3136 3303 3244 3342 non
3274 3287 3573 3359 refugimus
3602 3303 3704 3342 au-

2127 3381 2429 3437 thenticam
2460 3381 2624 3436 ﬁdem
2666 3395 2788 3451 qua:
2814 3370 3120 3435 Antiochia;
3170 3380 3225 3434 in
3273 3380 3533 3434 encamiis
3575 3396 3703 3449 pro-

2126 3474 2365 3545 mulgata
2400 3481 2514 3539 est,
2557 3488 2678 3527 eam
2716 3472 2906 3541 utique
2939 3471 3304 3542 proferentes,
3361 3471 3489 3525 licet
3521 3480 3706 3540 patres

2125 3563 2299 3618 nostri
2321 3563 2389 3617 ad
2414 3563 2754 3633 propositum
2774 3562 2843 3616 de
2858 3578 2968 3633 quo
2991 3572 3106 3617 tum
3129 3562 3476 3633 quazrebatur
3502 3577 3702 3636 conive-

2124 3655 2326 3711 nerint.
2349 3654 2620 3712 Caeterum
2645 3654 3088 3725 quandoquidem
3115 3655 3199 3709 ha:
3226 3669 3392 3709 voces
3421 3653 3704 3722 ὁμοούσιον

2134 3755 2189 3802 et
2211 3747 2514 3816 ὁμοιούσιον
2540 3747 2744 3801 multos
2759 3747 3141 3816 superioribus
3165 3745 3504 3814 temporibus
3522 3745 3706 3799 turba-

2126 3846 2276 3904 runt,
2294 3845 2459 3907 atque
2481 3838 2784 3892 etiamnum
2811 3838 3034 3891 turbant
3053 3855 3066 3889 :
3085 3851 3150 3891 ac
3173 3845 3438 3905 praetcrea
3461 3850 3640 3903 nuper
3673 3853 3701 3887 a

2123 3930 2464 4002 quibusdam
2491 3931 2768 3985 invectum
2792 3945 2912 3984 esse
2937 3929 3139 3984 dicitur
3155 3929 3217 3981 τὸ
3250 3928 3523 3997 ἀνόμοιον,
3547 3927 3598 3980 id
3616 3935 3700 3980 est

2123 4022 2512 4079 dissimilitudo
2537 4022 2661 4077 Filii
2685 4037 2716 4076 a
2745 4023 2904 4078 Patre
2941 4040 2953 4075 :
2987 4020 3194 4075 idcirco
3225 4018 3548 4072 homousion
3581 4020 3672 4086 qui
3693 4049 3706 4057 -

2123 4115 2248 4172 dem
2271 4124 2328 4170 et
2353 4114 2719 4178 hommusion,
2742 4121 2998 4184 tanquam
3028 4127 3197 4166 voces
3218 4127 3248 4165 a
3272 4110 3445 4165 sacris
3479 4109 3705 4163 Litteris

2123 4203 2328 4260 alienas
2351 4203 2632 4274 rejicimus
2650 4220 2663 4254 :
2683 4216 2973 4258 anommon
2991 4207 3174 4255 autem
3189 4198 3536 4252 anathemate
3555 4197 3707 4251 dam-

1659 4358 1923 4414 VALESII
1960 4357 2508 4416 ANNOTATIONES.
2568 4385 2572 4390 -

528 4470 640 4541 (68)
690 4469 1046 4541 Ἦγούμενος
1067 4540 1070 4541 ν
1093 4471 1203 4537 τῆς
1238 4473 1526 4540 ἐπαρχίας
1552 4473 1890 4539 Λαυρίκιος.
1929 4473 2031 4528 Ilic
2066 4483 2106 4537 ι)
2131 4475 2260 4530 nius

1929 4473 2031 4528 Ilic
2066 4483 2106 4537 ι)
2131 4475 2260 4530 nius
2322 4472 2730 4535 Seholasticus,
2780 4471 2887 4541 nisi
2920 4469 3065 4541 quod
3122 4469 3372 4541 Leonam
3439 4466 3708 4537 praeponit

457 4537 687 4623 lpc'us'in
703 4537 892 4623 codice
909 4537 1542 4623 LeonislAllatiiauctior
1567 4537 1897 4623 legiturﬁoc
1916 4559 2032 4623 mo-
2137 4543 2413 4623 Lauricio,
2451 4544 2660 4623 rectius
2701 4541 2825 4623 ‘sine
2861 4537 3077 4623 dulrio.‘
3105 4537 3280 4620 Atque
3455 4552 3708 4618 _pr_0rsus

460 4612 532 4684 do
549 4653 564 4678 ,
585 4609 769 4684 καθὼς
788 4610 882 4684 και
914 4611 1291 4684 λαμπρότατος
1321 4612 1616 4684 ἡγούμενος
1627 4609 1736 4684 ’τῆς
1763 4613 2030 4684 ἐπαρχίας

460 4680 772 4754 ᾼαυ-ρίκιος,
799 4681 893 4754 ita}
923 4683 952 4733 6
980 4680 1368 4754 λαμπρότατος
1415 4680 1618 4754 κόμηςᾼ
1645 4680 2030 4754 Λεωνρςίπαρ-

457 4749 648 4806 έλαϐον
687 4750 935 4820 αὐτοψίᾳ.
968 4749 1452 4818 ρυέιηιἸοοιίοηεηι
1482 4749 1768 4807 conﬁrmat
1788 4749 2028 4824 Epipha-

2137 4614 2338 4683 legitur
2374 4613 2516 4682 apud
2559 4612 2924 4683 Epiphanium
2969 4611 3023 4663 in
3065 4607 3270 4683 lugeresi
3314 4607 3702 4683 _Semiariauo--

2137 4679 2280 4807 Iru'm,
2319 4679 2439 4752 cap.
2466 4683 2556 4746 2'5,
2599 4679 2694 4738 ubi
2727 4682 2844 4736 hazc
2886 4680 3156 4750 professio
3200 4679 3328 4735 ﬁdei
3373 4681 3586 4746 integra
3616 4692 3694 4728 rc-

2157 4763 2330 4808 ertur.

1893 4910 2278 4967 VARIORUM.

459 5039 694 5108 cvranus
714 5041 740 5106 ε.
769 5039 909 5095 quos
936 5026 1160 5095 quidem
1181 5041 1234 5108 _a
1273 5024 1478 5108 synodo
1502 5022 1826 5108 _§ardieensi
1853 5023 2024 5094 depo-

458 5095 596 5152 sitos
639 5095 891 5166 legimus,
920 5111 1056 5166 inon
1103 5095 1314 5151 autem
1350 5095 1419 5150 ab
1469 5095 1654 5164 aliquo
1675 5095 2026 5166 Arianorum

459 5163 755 5227 conventu,
788 5165 936 5235 quod
963 5167 1155 5221 sciam.
1189 5166 1522 5221 Athanasius
1553 5163 1735 5220 autem
1766 5163 2027 5235 Basiliam

459 5234 820 5307 Ancyranum’
839 5243 906 5307 et?
939 5251 1064 5289 cum
1103 5252 1170 5290 eo
1199 5236 1530 5297 sentientes,
1577 5245 1639 5289 ut
1663 5235 1731 5288 ab
1758 5234 2027 5307 orthodo-

459 5306 562 5369 κίε,
582 5304 780 5359 ’νειοιήε
803 5306 982 5374 potius
1018 5318 1174 5372 quam
1202 5322 1292 5370 re,
1325 5307 1722 5374 discrepantes,
1759 5314 1954 5374 purgat
1974 5304 2030 5374 in

460 5376 602 5498 ἓξ),το
659 5375 736 5430 De
786 5373 1010 5447 s’ynodis
1060 5377 1234 5431 Arim.
1286 5384 1344 5431 et
1397 5373 1611 5430 Seleuc.
1663 5391 1716 5445 p.
1761 5373 1897 5428 ’705.
1939 5373 2028 5430 W.

539 5461 678 5498 wru.
1999 5483 2004 5488 -

505 5460 657 5498 OWTII
665 5484 678 5498 .
1999 5483 2004 5488 .

532 5524 555 5550 ⁸
587 5515 693 5585 ίὨς
721 5517 793 5585 οὐ
828 5517 1142 5585 φεύγομεν.
1181 5515 1426 5569 lIabetur
1458 5515 1574 5568 hzec
1609 5513 1734 5568 ﬁdei
1759 5512 2029 5584 professio

459 5584 1230 5708 inpugquifzhaniumbzeresi
1267 5587 1354 5650 75,
1378 5585 1535 5650 c.2255,
1567 5594 1623 5639 et
1661 5585 1890 5654 Niceph.
1928 5585 2026 5639 lib.

463 5669 535 5717 ix,
567 5669 686 5723 cap.
724 5669 813 5708 4ο.

518 5725 556 5801 _‘
606 5723 676 5801 η)
707 5723 776 5801 δέ
799 5725 1004 5801 ὅμοιον
1033 5726 1138 5801 τοῦ
1175 5726 1494 5801 Υἰοῦίτρός
1518 5725 1625 5778 τόν
1674 5725 1902 5801 Πατέρα
1920 5740 2036 5801 ρ’ᾳτ

464 5795 586 5872 φῶς
620 5797 1048 5872 ὁμολολοοῦμεν.
1079 5796 1137 5872 In
1183 5797 1287 5872 hoc
1313 5795 1885 5872 dilIerunt__c.m1fessio
1911 5796 2034 5849 ﬁdei

465 5865 518 5919 in
559 5865 767 5928 synodo
810 5865 1094 5923 Sinnieusi
1151 5868 1331 5930 tertia,
1372 5884 1496 5922 ann.
1532 5868 1631 5921 357
1677 5870 2070 5937 pl'tnlmlg:il.l,.

2129 5022 2520 5086 Séleuciensis,
2555 5021 2621 5076 dc
2643 5035 2750 5090 qua
2783 5019 2870 5072 hic
2906 5019 3110 5090 agitur,
3136 5027 3208 5090 et
3243 5016 3703 5090 constantinon-

2125 5093 2290 5147 litana
2319 5093 2511 5146 eodem
2550 5087 2694 5146 anno
2743 5091 2920 5154 edita;
2948 5087 3116 5157 quod
3157 5087 3472 5157 Sirmiensis
3506 5087 3702 5140 Filium

2125 5163 2274 5217 Patri
2316 5163 2552 5216 similem
2619 5160 2760 5214 κατὰ
2809 5156 3003 5212 πάντα
3036 5156 3520 5228 pronuntiaverit;
3579 5158 3698 5228 vid.

2127 5249 2294 5303 supra
2332 5249 2452 5302 cap.
2478 5233 2565 5285 56.
2608 5231 2732 5285 llaec
2757 5226 3124 5303 Seleucicnsis
3149 5227 3347 5303 Filium
3371 5226 3524 5303 Patri
3546 5226 3698 5303 simi--

2127 5298 2234 5356 lem
2278 5298 2626 5372 generalibus
2678 5300 2861 5354 verbis
2915 5299 3216 5372 secundum
3267 5298 3705 5372 Scripturasdu

2130 5366 2388 5438 ﬁniveiit,
2416 5373 2708 5426 Anommos
2734 5380 2918 5424 tamen
2963 5368 3239 5422 damnarit
3265 5385 3277 5419 :
3313 5366 3690 5438 Constantinu-

2129 5441 2371 5512 polita'na
2426 5443 2616 5496 eadem
2668 5441 2736 5494 de
2792 5437 3325 5512 similitudinc‘Filii
3362 5453 3487 5490 cum
3521 5439 3703 5500 Patre,

2127 5509 2249 5582 qua:
2297 5512 2697 5574 Seleueiensis,
2756 5510 3098 5582 allirmabat;
3153 5509 3456 5582 Anomoqos
3522 5517 3702 5560 tamen

2129 5578 2461 5637 anathemati
2489 5583 2710 5636 minime
2738 5580 3065 5647 sulijieieliat
3097 5597 3110 5644 ;
3147 5578 3704 5645 ettatnodsiavquam

2131 5653 2427 5705 ὑπόστασιν
2459 5653 2525 5705 de
2553 5653 2662 5704 Deo
2703 5653 2997 5721 pra-dieare.
3037 5650 3272 5704 vetabat.
3315 5648 3494 5721 l’nrru
3529 5648 3708 5721 qualis

2131 5733 2277 5778 esset
2301 5724 2420 5777 Filii
2475 5739 2597 5776 eum
2629 5717 2787 5776 Patre
2815 5721 3121 5775 similitudo
3153 5737 3216 5771 ex
3259 5735 3421 5772 sensu
3472 5717 3704 5770 Ariano-

2137 5811 2254 5848 rum
2315 5794 2623 5847 luculenter
2670 5793 2893 5860 exponit
2937 5791 3206 5844 I‘Juseliius
3252 5787 3704 5860 Nimnn-diensis.

2140 5867 2349 5920 Arianrr
2407 5864 2656 5920 [animus
2701 5859 2947 5933 signifer,
2999 5863 3050 5915 in
3100 5861 3268 5930 I-Ipist.
3309 5860 3373 5916 ad
3417 5859 3707 5913 I‘aulinntu

3577 441 3681 494 358
3785 459 3788 462 λ
