  <div class='ocr_page' id='page_1' title='image "/cluster/home/n/w/nwhite01/storage/ocr_20150623/67/pst.000009865921/190.png"; bbox 0 0 4508 6588; ppageno 0'>
   <div class='ocr_carea' id='block_1_1' title="bbox 475 448 574 504">
    <p class='ocr_par' dir='ltr' id='par_1_1' title="bbox 475 448 574 504">
     <span class='ocr_line' id='line_1_1' title="bbox 475 448 574 504; baseline -0.02 0"><span class='ocrx_word' id='word_1_1' title='bbox 475 448 574 504; x_wconf 72' lang='lat'><strong>5“</strong></span> 
     </span>
    </p>
   </div>
   <div class='ocr_carea' id='block_1_2' title="bbox 1468 452 2770 512">
    <p class='ocr_par' dir='ltr' id='par_1_2' title="bbox 1468 452 2770 512">
     <span class='ocr_line' id='line_1_2' title="bbox 1468 452 2770 512; baseline 0.002 -5"><span class='ocrx_word' id='word_1_2' title='bbox 1468 452 1793 509; x_wconf 77' lang='lat' dir='ltr'><strong>HISTORIA</strong></span> <span class='ocrx_word' id='word_1_3' title='bbox 1830 454 2384 512; x_wconf 77' lang='lat' dir='ltr'><strong>ECCLESIASTICA.</strong></span> <span class='ocrx_word' id='word_1_4' title='bbox 2424 486 2493 496; x_wconf 97' lang='lat'><strong><em>—</em></strong></span> <span class='ocrx_word' id='word_1_5' title='bbox 2533 455 2661 512; x_wconf 82' lang='lat' dir='ltr'><strong>LIB.</strong></span> <span class='ocrx_word' id='word_1_6' title='bbox 2704 456 2770 512; x_wconf 87' lang='grc' dir='ltr'><strong>Π.</strong></span> 
     </span>
    </p>
   </div>
   <div class='ocr_carea' id='block_1_3' title="bbox 3642 463 3749 521">
    <p class='ocr_par' dir='ltr' id='par_1_3' title="bbox 3642 463 3749 521">
     <span class='ocr_line' id='line_1_3' title="bbox 3642 463 3749 521; baseline -0.019 0"><span class='ocrx_word' id='word_1_7' title='bbox 3642 463 3749 521; x_wconf 69' lang='grc' dir='ltr'><strong>διε</strong></span> 
     </span>
    </p>
   </div>
   <div class='ocr_carea' id='block_1_4' title="bbox 477 561 2257 646">
    <p class='ocr_par' dir='ltr' id='par_1_4' title="bbox 477 561 2257 640">
     <span class='ocr_line' id='line_1_4' title="bbox 477 561 2257 640; baseline 0.006 -25"><span class='ocrx_word' id='word_1_8' title='bbox 477 562 678 633; x_wconf 77' lang='grc' dir='ltr'><strong>μένων,</strong></span> <span class='ocrx_word' id='word_1_9' title='bbox 712 561 956 627; x_wconf 75' lang='grc' dir='ltr'><strong>εἰπόντες</strong></span> <span class='ocrx_word' id='word_1_10' title='bbox 983 562 1078 616; x_wconf 68' lang='grc' dir='ltr'><strong>καὶ</strong></span> <span class='ocrx_word' id='word_1_11' title='bbox 1110 562 1475 630; x_wconf 79' lang='grc' dir='ltr'><strong>ἀκούσαντες,</strong></span> <span class='ocrx_word' id='word_1_12' title='bbox 1508 566 1854 639; x_wconf 86' lang='grc' dir='ltr'><strong>διελύθησαν.</strong></span> <span class='ocrx_word' id='word_1_13' title='bbox 1884 566 1967 640; x_wconf 77' lang='grc' dir='ltr'><strong>Τῇ</strong></span> <span class='ocrx_word' id='word_1_14' title='bbox 1995 568 2052 623; x_wconf 71' lang='grc' dir='ltr'><strong>δὲ</strong></span> <span class='ocrx_word' id='word_1_15' title='bbox 2082 575 2130 633; x_wconf 76' lang='grc' dir='ltr'><strong>Α</strong></span> <span class='ocrx_word' id='word_1_16' title='bbox 2157 569 2257 625; x_wconf 80' lang='lat' dir='ltr'><strong>Tui</strong></span> 
     </span>
    </p>
   </div>
   <div class='ocr_carea' id='block_1_5' title="bbox 1966 561 3746 646">
    <p class='ocr_par' dir='ltr' id='par_1_5' title="bbox 1966 568 3746 646">
     <span class='ocr_line' id='line_1_5' title="bbox 1966 568 3746 646; baseline 0.007 -24"><span class='ocrx_word' id='word_1_17' title='bbox 1966 624 1967 631; x_wconf 34' lang='grc' dir='ltr'><strong>η</strong></span> <span class='ocrx_word' id='word_1_18' title='bbox 1995 568 2052 623; x_wconf 71' lang='grc' dir='ltr'><strong>δὲ</strong></span> <span class='ocrx_word' id='word_1_19' title='bbox 2082 575 2130 633; x_wconf 76' lang='grc' dir='ltr'><strong>Α</strong></span> <span class='ocrx_word' id='word_1_20' title='bbox 2157 569 2315 625; x_wconf 89' lang='lat' dir='ltr'><strong>Tunc</strong></span> <span class='ocrx_word' id='word_1_21' title='bbox 2336 570 2601 640; x_wconf 87' lang='lat' dir='ltr'><strong>temporis</strong></span> <span class='ocrx_word' id='word_1_22' title='bbox 2630 586 2784 636; x_wconf 86' lang='lat' dir='ltr'><strong>vero,</strong></span> <span class='ocrx_word' id='word_1_23' title='bbox 2815 586 2945 627; x_wconf 90' lang='lat' dir='ltr'><strong>eum</strong></span> <span class='ocrx_word' id='word_1_24' title='bbox 2968 571 3204 644; x_wconf 91' lang='lat' dir='ltr'><strong>plurima</strong></span> <span class='ocrx_word' id='word_1_25' title='bbox 3238 574 3385 630; x_wconf 93' lang='lat' dir='ltr'><strong>ultro</strong></span> <span class='ocrx_word' id='word_1_26' title='bbox 3415 575 3666 646; x_wconf 87' lang='lat' dir='ltr'><strong>citroque</strong></span> <span class='ocrx_word' id='word_1_27' title='bbox 3688 588 3746 634; x_wconf 86' lang='lat' dir='ltr'><strong>et</strong></span> 
     </span>
    </p>
   </div>
   <div class='ocr_carea' id='block_1_6' title="bbox 472 649 2054 728">
    <p class='ocr_par' dir='ltr' id='par_1_6' title="bbox 472 649 2054 728">
     <span class='ocr_line' id='line_1_6' title="bbox 472 649 2054 728; baseline 0.005 -21"><span class='ocrx_word' id='word_1_28' title='bbox 472 654 710 726; x_wconf 77' lang='grc' dir='ltr'><strong>τετάρτῃ</strong></span> <span class='ocrx_word' id='word_1_29' title='bbox 741 649 901 719; x_wconf 81' lang='grc' dir='ltr'><strong>αὖθις</strong></span> <span class='ocrx_word' id='word_1_30' title='bbox 932 656 1120 728; x_wconf 70' lang='grc' dir='ltr'><strong>ἡμέρᾳ</strong></span> <span class='ocrx_word' id='word_1_31' title='bbox 1158 657 1425 728; x_wconf 83' lang='grc' dir='ltr'><strong>συνῆλθον</strong></span> <span class='ocrx_word' id='word_1_32' title='bbox 1459 658 1701 724; x_wconf 78' lang='grc' dir='ltr'><strong>άπαντες</strong></span> <span class='ocrx_word' id='word_1_33' title='bbox 1733 662 1815 725; x_wconf 88' lang='grc' dir='ltr'><strong>είς</strong></span> <span class='ocrx_word' id='word_1_34' title='bbox 1846 662 2014 715; x_wconf 83' lang='grc' dir='ltr'><strong>ταὺτὸ</strong></span> <span class='ocrx_word' id='word_1_35' title='bbox 2036 700 2054 727; x_wconf 93' lang='grc'><strong>,</strong></span> 
     </span>
    </p>
   </div>
   <div class='ocr_carea' id='block_1_7' title="bbox 472 743 2052 822">
    <p class='ocr_par' dir='ltr' id='par_1_7' title="bbox 472 743 2052 822">
     <span class='ocr_line' id='line_1_7' title="bbox 472 743 2052 822; baseline 0.004 -21"><span class='ocrx_word' id='word_1_36' title='bbox 472 747 570 801; x_wconf 74' lang='grc' dir='ltr'><strong>καὶ</strong></span> <span class='ocrx_word' id='word_1_37' title='bbox 609 743 769 812; x_wconf 80' lang='grc' dir='ltr'><strong>αὖθις</strong></span> <span class='ocrx_word' id='word_1_38' title='bbox 804 748 1086 803; x_wconf 82' lang='grc' dir='ltr'><strong>άνεκίνουν</strong></span> <span class='ocrx_word' id='word_1_39' title='bbox 1130 749 1272 820; x_wconf 83' lang='grc' dir='ltr'><strong>μετά</strong></span> <span class='ocrx_word' id='word_1_40' title='bbox 1309 751 1626 822; x_wconf 73' lang='grc' dir='ltr'><strong>ιρεσχελίας</strong></span> <span class='ocrx_word' id='word_1_41' title='bbox 1666 754 1796 816; x_wconf 81' lang='grc' dir='ltr'><strong>τοὺς</strong></span> <span class='ocrx_word' id='word_1_42' title='bbox 1842 753 2052 822; x_wconf 79' lang='grc' dir='ltr'><strong>λόγους.</strong></span> 
     </span>
    </p>
   </div>
   <div class='ocr_carea' id='block_1_8' title="bbox 485 834 2057 917">
    <p class='ocr_par' dir='ltr' id='par_1_8' title="bbox 485 834 2057 917">
     <span class='ocr_line' id='line_1_8' title="bbox 485 834 2057 917; baseline 0.004 -25"><span class='ocrx_word' id='word_1_43' title='bbox 485 841 575 892; x_wconf 87' lang='grc' dir='ltr'><strong>Ἐν</strong></span> <span class='ocrx_word' id='word_1_44' title='bbox 618 834 702 904; x_wconf 75' lang='grc' dir='ltr'><strong>οἷς</strong></span> <span class='ocrx_word' id='word_1_45' title='bbox 762 841 1014 905; x_wconf 82' lang='grc' dir='ltr'><strong>’Δκάκιος</strong></span> <span class='ocrx_word' id='word_1_46' title='bbox 1079 842 1291 895; x_wconf 75' lang='grc' dir='ltr'><strong>τοιάνδε</strong></span> <span class='ocrx_word' id='word_1_47' title='bbox 1330 842 1475 897; x_wconf 83' lang='grc' dir='ltr'><strong>κατά</strong></span> <span class='ocrx_word' id='word_1_48' title='bbox 1529 842 1675 911; x_wconf 80' lang='grc' dir='ltr'>λέξιν</span> <span class='ocrx_word' id='word_1_49' title='bbox 1724 846 2057 917; x_wconf 78' lang='grc' dir='ltr'><strong>εἰσηγήσατο</strong></span> 
     </span>
    </p>
   </div>
   <div class='ocr_carea' id='block_1_9' title="bbox 471 932 2055 1008">
    <p class='ocr_par' dir='ltr' id='par_1_9' title="bbox 471 932 2055 1008">
     <span class='ocr_line' id='line_1_9' title="bbox 471 932 2055 1008; baseline 0.003 -22"><span class='ocrx_word' id='word_1_50' title='bbox 471 932 721 1005; x_wconf 83' lang='grc' dir='ltr'><strong>γνώμην⁶</strong></span> <span class='ocrx_word' id='word_1_51' title='bbox 740 934 806 987; x_wconf 77' lang='grc' dir='ltr'><strong>Εἰ</strong></span> <span class='ocrx_word' id='word_1_52' title='bbox 830 933 979 999; x_wconf 72' lang='grc' dir='ltr'><strong>ἅπαξ</strong></span> <span class='ocrx_word' id='word_1_53' title='bbox 1007 935 1043 1005; x_wconf 79' lang='grc' dir='ltr'><strong>η</strong></span> <span class='ocrx_word' id='word_1_54' title='bbox 1070 935 1133 986; x_wconf 73' lang='grc' dir='ltr'><strong>εν</strong></span> <span class='ocrx_word' id='word_1_55' title='bbox 1158 934 1365 1007; x_wconf 80' lang='grc' dir='ltr'><strong>Νικαίᾳ</strong></span> <span class='ocrx_word' id='word_1_56' title='bbox 1389 935 1571 999; x_wconf 80' lang='grc' dir='ltr'><strong>πίστις</strong></span> <span class='ocrx_word' id='word_1_57' title='bbox 1601 937 1938 1008; x_wconf 80' lang='grc' dir='ltr'><strong>μετεποίηθη</strong></span> <span class='ocrx_word' id='word_1_58' title='bbox 1960 937 2055 990; x_wconf 82' lang='grc' dir='ltr'><strong>καὶ</strong></span> 
     </span>
    </p>
   </div>
   <div class='ocr_carea' id='block_1_10' title="bbox 474 1022 2055 1098">
    <p class='ocr_par' dir='ltr' id='par_1_10' title="bbox 474 1022 2055 1098">
     <span class='ocr_line' id='line_1_10' title="bbox 474 1022 2055 1098; baseline 0.004 -24"><span class='ocrx_word' id='word_1_59' title='bbox 474 1022 790 1091; x_wconf 88' lang='grc' dir='ltr'><strong>μεταταῦτα</strong></span> <span class='ocrx_word' id='word_1_60' title='bbox 834 1022 1132 1088; x_wconf 79' lang='grc' dir='ltr'><strong>πολλάκις,</strong></span> <span class='ocrx_word' id='word_1_61' title='bbox 1165 1022 1320 1077; x_wconf 72' lang='grc' dir='ltr'><strong>οὐδὲν</strong></span> <span class='ocrx_word' id='word_1_62' title='bbox 1358 1023 1559 1077; x_wconf 84' lang='grc' dir='ltr'><strong>κωλύει</strong></span> <span class='ocrx_word' id='word_1_63' title='bbox 1604 1025 1701 1078; x_wconf 82' lang='grc' dir='ltr'><strong>καὶ</strong></span> <span class='ocrx_word' id='word_1_64' title='bbox 1730 1026 1826 1080; x_wconf 83' lang='grc' dir='ltr'><strong>νῦν</strong></span> <span class='ocrx_word' id='word_1_65' title='bbox 1860 1028 2055 1098; x_wconf 71' lang='grc' dir='ltr'><strong>ἑτέραν</strong></span> 
     </span>
    </p>
   </div>
   <div class='ocr_carea' id='block_1_11' title="bbox 471 1115 2053 1189">
    <p class='ocr_par' dir='ltr' id='par_1_11' title="bbox 471 1115 2053 1189">
     <span class='ocr_line' id='line_1_11' title="bbox 471 1115 2053 1189; baseline 0.004 -23"><span class='ocrx_word' id='word_1_66' title='bbox 471 1115 915 1187; x_wconf 76' lang='grc' dir='ltr'><strong>ὑπαγορευθῆναι</strong></span> <span class='ocrx_word' id='word_1_67' title='bbox 926 1115 1128 1170; x_wconf 88' lang='grc' dir='ltr'><strong>πίστιν.</strong></span> <span class='ocrx_word' id='word_1_68' title='bbox 1142 1116 1468 1189; x_wconf 84' lang='grc' dir='ltr'><strong>Πρὺςταῦτα</strong></span> <span class='ocrx_word' id='word_1_69' title='bbox 1490 1116 1797 1182; x_wconf 83' lang='grc' dir='ltr'><strong>Ἐλεύσιοςό</strong></span> <span class='ocrx_word' id='word_1_70' title='bbox 1814 1118 2053 1184; x_wconf 77' lang='grc' dir='ltr'><strong>Κυζίκου</strong></span> 
     </span>
    </p>
   </div>
   <div class='ocr_carea' id='block_1_12' title="bbox 469 1203 2051 1280">
    <p class='ocr_par' dir='ltr' id='par_1_12' title="bbox 469 1203 2051 1280">
     <span class='ocr_line' id='line_1_12' title="bbox 469 1203 2051 1280; baseline 0.001 -19"><span class='ocrx_word' id='word_1_71' title='bbox 469 1207 647 1262; x_wconf 81' lang='grc' dir='ltr'><strong>τοιάδε</strong></span> <span class='ocrx_word' id='word_1_72' title='bbox 676 1203 830 1261; x_wconf 72' lang='grc' dir='ltr'><strong>εἶπεν</strong></span> <span class='ocrx_word' id='word_1_73' title='bbox 847 1222 863 1236; x_wconf 89' lang='grc'><strong>·</strong></span> <span class='ocrx_word' id='word_1_74' title='bbox 879 1208 944 1261; x_wconf 86' lang='grc' dir='ltr'><strong>Ἦ</strong></span> <span class='ocrx_word' id='word_1_75' title='bbox 968 1207 1188 1273; x_wconf 76' lang='grc' dir='ltr'><strong>σύνοδος</strong></span> <span class='ocrx_word' id='word_1_76' title='bbox 1216 1208 1589 1280; x_wconf 83' lang='grc' dir='ltr'><strong>συνεκροτήθιη</strong></span> <span class='ocrx_word' id='word_1_77' title='bbox 1610 1208 1704 1262; x_wconf 71' lang='grc' dir='ltr'><strong>ἐπὶ</strong></span> <span class='ocrx_word' id='word_1_78' title='bbox 1720 1209 1817 1263; x_wconf 82' lang='grc' dir='ltr'><strong>τοῦ</strong></span> <span class='ocrx_word' id='word_1_79' title='bbox 1845 1211 2051 1280; x_wconf 83' lang='grc' dir='ltr'><strong>παρόν-</strong></span> 
     </span>
    </p>
   </div>
   <div class='ocr_carea' id='block_1_13' title="bbox 468 1296 2051 1371">
    <p class='ocr_par' dir='ltr' id='par_1_13' title="bbox 468 1296 2051 1371">
     <span class='ocr_line' id='line_1_13' title="bbox 468 1296 2051 1371; baseline 0.002 -20"><span class='ocrx_word' id='word_1_80' title='bbox 468 1314 595 1361; x_wconf 88' lang='grc' dir='ltr'><strong>τος,</strong></span> <span class='ocrx_word' id='word_1_81' title='bbox 619 1296 721 1367; x_wconf 77' lang='grc' dir='ltr'><strong>οὐχ</strong></span> <span class='ocrx_word' id='word_1_82' title='bbox 754 1296 843 1351; x_wconf 84' lang='grc' dir='ltr'><strong>ἶνα</strong></span> <span class='ocrx_word' id='word_1_83' title='bbox 878 1297 1029 1371; x_wconf 68' lang='grc' dir='ltr'><strong>μάθῃ</strong></span> <span class='ocrx_word' id='word_1_84' title='bbox 1054 1296 1094 1351; x_wconf 74' lang='grc' dir='ltr'>ἃ</span> <span class='ocrx_word' id='word_1_85' title='bbox 1139 1297 1216 1369; x_wconf 79' lang='grc' dir='ltr'><strong>μὴ</strong></span> <span class='ocrx_word' id='word_1_86' title='bbox 1252 1297 1572 1369; x_wconf 76' lang='grc' dir='ltr'><strong>μεμάθηκεν</strong></span> <span class='ocrx_word' id='word_1_87' title='bbox 1615 1298 1753 1371; x_wconf 79' lang='lat'><strong>(70),</strong></span> <span class='ocrx_word' id='word_1_88' title='bbox 1800 1298 1915 1354; x_wconf 74' lang='grc' dir='ltr'><strong>οὗθ’</strong></span> <span class='ocrx_word' id='word_1_89' title='bbox 1964 1301 2051 1354; x_wconf 85' lang='grc' dir='ltr'><strong>ἵνα</strong></span> 
     </span>
    </p>
   </div>
   <div class='ocr_carea' id='block_1_14' title="bbox 476 1387 2052 1461">
    <p class='ocr_par' dir='ltr' id='par_1_14' title="bbox 476 1387 2052 1461">
     <span class='ocr_line' id='line_1_14' title="bbox 476 1387 2052 1461; baseline 0.002 -21"><span class='ocrx_word' id='word_1_90' title='bbox 476 1388 664 1441; x_wconf 81' lang='grc' dir='ltr'><strong>πίστιν</strong></span> <span class='ocrx_word' id='word_1_91' title='bbox 691 1387 936 1458; x_wconf 78' lang='grc' dir='ltr'><strong>δέξηται,</strong></span> <span class='ocrx_word' id='word_1_92' title='bbox 964 1388 1035 1459; x_wconf 67' lang='grc' dir='ltr'><strong>ἢν</strong></span> <span class='ocrx_word' id='word_1_93' title='bbox 1055 1387 1133 1460; x_wconf 79' lang='grc' dir='ltr'><strong>μὴ</strong></span> <span class='ocrx_word' id='word_1_94' title='bbox 1163 1387 1428 1459; x_wconf 72' lang='grc' dir='ltr'><strong>κέκτηται</strong></span> <span class='ocrx_word' id='word_1_95' title='bbox 1448 1404 1465 1421; x_wconf 76' lang='grc' dir='ltr'><strong>ο</strong></span> <span class='ocrx_word' id='word_1_96' title='bbox 1496 1388 1637 1443; x_wconf 82' lang='grc' dir='ltr'><strong>ἀλλὰ</strong></span> <span class='ocrx_word' id='word_1_97' title='bbox 1660 1392 1728 1461; x_wconf 73' lang='grc' dir='ltr'><strong>τῇ</strong></span> <span class='ocrx_word' id='word_1_98' title='bbox 1750 1390 1859 1452; x_wconf 75' lang='grc' dir='ltr'><strong>τῶν</strong></span> <span class='ocrx_word' id='word_1_99' title='bbox 1884 1390 2052 1443; x_wconf 81' lang='grc' dir='ltr'><strong>πατέ-</strong></span> 
     </span>
    </p>
   </div>
   <div class='ocr_carea' id='block_1_15' title="bbox 472 1476 2051 1552">
    <p class='ocr_par' dir='ltr' id='par_1_15' title="bbox 472 1476 2051 1552">
     <span class='ocr_line' id='line_1_15' title="bbox 472 1476 2051 1552; baseline 0.002 -22"><span class='ocrx_word' id='word_1_100' title='bbox 472 1494 582 1548; x_wconf 81' lang='grc' dir='ltr'><strong>ρων</strong></span> <span class='ocrx_word' id='word_1_101' title='bbox 609 1478 793 1531; x_wconf 81' lang='grc' dir='ltr'><strong>πίστει</strong></span> <span class='ocrx_word' id='word_1_102' title='bbox 821 1476 1113 1548; x_wconf 75' lang='grc' dir='ltr'><strong>στοιχοῦσα</strong></span> <span class='ocrx_word' id='word_1_103' title='bbox 1158 1477 1311 1549; x_wconf 78' lang='grc'><strong>(71),</strong></span> <span class='ocrx_word' id='word_1_104' title='bbox 1336 1476 1545 1549; x_wconf 82' lang='grc' dir='ltr'><strong>ταύτης</strong></span> <span class='ocrx_word' id='word_1_105' title='bbox 1577 1478 1739 1551; x_wconf 72' lang='grc' dir='ltr'><strong>μέχρι</strong></span> <span class='ocrx_word' id='word_1_106' title='bbox 1775 1478 1922 1552; x_wconf 65' lang='grc' dir='ltr'><strong>ζωῆς</strong></span> <span class='ocrx_word' id='word_1_107' title='bbox 1958 1481 2051 1533; x_wconf 82' lang='grc' dir='ltr'><strong>καὶ</strong></span> 
     </span>
    </p>
   </div>
   <div class='ocr_carea' id='block_1_16' title="bbox 469 1566 2051 1637">
    <p class='ocr_par' dir='ltr' id='par_1_16' title="bbox 469 1566 2051 1637">
     <span class='ocr_line' id='line_1_16' title="bbox 469 1566 2051 1637; baseline 0.001 -15"><span class='ocrx_word' id='word_1_108' title='bbox 469 1566 706 1623; x_wconf 89' lang='grc' dir='ltr'><strong>θανάτου</strong></span> <span class='ocrx_word' id='word_1_109' title='bbox 743 1569 847 1623; x_wconf 79' lang='grc' dir='ltr'><strong>οὐκ</strong></span> <span class='ocrx_word' id='word_1_110' title='bbox 884 1568 1181 1637; x_wconf 74' lang='grc' dir='ltr'><strong>ιξίσταται.</strong></span> <span class='ocrx_word' id='word_1_111' title='bbox 1226 1569 1507 1633; x_wconf 87' lang='grc' dir='ltr'><strong>Τοιούτοις</strong></span> <span class='ocrx_word' id='word_1_112' title='bbox 1545 1572 1640 1624; x_wconf 76' lang='grc' dir='ltr'><strong>καὶ</strong></span> <span class='ocrx_word' id='word_1_113' title='bbox 1683 1573 1714 1625; x_wconf 83' lang='grc' dir='ltr'><strong>ό</strong></span> <span class='ocrx_word' id='word_1_114' title='bbox 1779 1570 2051 1635; x_wconf 80' lang='grc' dir='ltr'><strong>Ἐλεύσιος</strong></span> 
     </span>
    </p>
   </div>
   <div class='ocr_carea' id='block_1_17' title="bbox 468 1659 2048 1733">
    <p class='ocr_par' dir='ltr' id='par_1_17' title="bbox 468 1659 2048 1733">
     <span class='ocr_line' id='line_1_17' title="bbox 468 1659 2048 1733; baseline 0.002 -21"><span class='ocrx_word' id='word_1_115' title='bbox 468 1659 608 1730; x_wconf 81' lang='grc' dir='ltr'><strong>πρὸς</strong></span> <span class='ocrx_word' id='word_1_116' title='bbox 632 1660 735 1733; x_wconf 76' lang='grc' dir='ltr'><strong>τὴν</strong></span> <span class='ocrx_word' id='word_1_117' title='bbox 772 1659 1031 1714; x_wconf 81' lang='grc' dir='ltr'><strong>’Δκακίου</strong></span> <span class='ocrx_word' id='word_1_118' title='bbox 1056 1659 1286 1732; x_wconf 78' lang='grc' dir='ltr'><strong>γνώμην</strong></span> <span class='ocrx_word' id='word_1_119' title='bbox 1318 1661 1631 1732; x_wconf 79' lang='grc' dir='ltr'><strong>ἀπήντησε,</strong></span> <span class='ocrx_word' id='word_1_120' title='bbox 1668 1660 1851 1715; x_wconf 87' lang='grc' dir='ltr'><strong>πίστιν</strong></span> <span class='ocrx_word' id='word_1_121' title='bbox 1880 1662 2048 1715; x_wconf 82' lang='grc' dir='ltr'><strong>πατέ-</strong></span> 
     </span>
    </p>
   </div>
   <div class='ocr_carea' id='block_1_18' title="bbox 474 1752 2043 1825">
    <p class='ocr_par' dir='ltr' id='par_1_18' title="bbox 474 1752 2043 1825">
     <span class='ocr_line' id='line_1_18' title="bbox 474 1752 2043 1825; baseline 0.001 -18"><span class='ocrx_word' id='word_1_122' title='bbox 474 1770 586 1823; x_wconf 90' lang='grc' dir='ltr'><strong>ρων</strong></span> <span class='ocrx_word' id='word_1_123' title='bbox 634 1754 737 1823; x_wconf 75' lang='grc' dir='ltr'><strong>τὴν</strong></span> <span class='ocrx_word' id='word_1_124' title='bbox 782 1755 843 1807; x_wconf 73' lang='grc' dir='ltr'><strong>ιν</strong></span> <span class='ocrx_word' id='word_1_125' title='bbox 888 1753 1192 1825; x_wconf 76' lang='grc' dir='ltr'><strong>Ἀντιοχείᾳ</strong></span> <span class='ocrx_word' id='word_1_126' title='bbox 1250 1752 1564 1809; x_wconf 64' lang='grc' dir='ltr'><strong>ἐκτεθεῖσαν</strong></span> <span class='ocrx_word' id='word_1_127' title='bbox 1610 1754 1796 1810; x_wconf 80' lang='grc' dir='ltr'><strong>πίστιν</strong></span> <span class='ocrx_word' id='word_1_128' title='bbox 1844 1753 2043 1809; x_wconf 84' lang='grc' dir='ltr'><strong>καλῶν.</strong></span> 
     </span>
    </p>
   </div>
   <div class='ocr_carea' id='block_1_19' title="bbox 482 1845 2044 1917">
    <p class='ocr_par' dir='ltr' id='par_1_19' title="bbox 482 1845 2044 1917">
     <span class='ocr_line' id='line_1_19' title="bbox 482 1845 2044 1917; baseline 0.001 -19"><span class='ocrx_word' id='word_1_129' title='bbox 482 1846 813 1917; x_wconf 77' lang='grc' dir='ltr'><strong>Ἀπαντήσει</strong></span> <span class='ocrx_word' id='word_1_130' title='bbox 843 1845 890 1900; x_wconf 73' lang='grc' dir='ltr'><strong>δ’</strong></span> <span class='ocrx_word' id='word_1_131' title='bbox 920 1847 988 1902; x_wconf 70' lang='grc' dir='ltr'><strong>ἄν</strong></span> <span class='ocrx_word' id='word_1_132' title='bbox 1006 1863 1093 1911; x_wconf 91' lang='grc' dir='ltr'><strong>τις</strong></span> <span class='ocrx_word' id='word_1_133' title='bbox 1124 1846 1220 1900; x_wconf 86' lang='grc' dir='ltr'><strong>καὶ</strong></span> <span class='ocrx_word' id='word_1_134' title='bbox 1253 1846 1391 1916; x_wconf 82' lang='grc' dir='ltr'><strong>πρὸς</strong></span> <span class='ocrx_word' id='word_1_135' title='bbox 1411 1845 1600 1900; x_wconf 80' lang='grc' dir='ltr'><strong>τοῦτον</strong></span> <span class='ocrx_word' id='word_1_136' title='bbox 1621 1862 1638 1879; x_wconf 77' lang='grc' dir='ltr'><strong>ο</strong></span> <span class='ocrx_word' id='word_1_137' title='bbox 1670 1846 1796 1911; x_wconf 82' lang='grc' dir='ltr'><strong>Πῶς</strong></span> <span class='ocrx_word' id='word_1_138' title='bbox 1831 1849 1958 1912; x_wconf 83' lang='grc' dir='ltr'><strong>τοὺς</strong></span> <span class='ocrx_word' id='word_1_139' title='bbox 1985 1848 2044 1900; x_wconf 84' lang='grc' dir='ltr'><strong>ὲν</strong></span> 
     </span>
    </p>
   </div>
   <div class='ocr_carea' id='block_1_20' title="bbox 2159 659 3743 733">
    <p class='ocr_par' dir='ltr' id='par_1_20' title="bbox 2159 659 3743 733">
     <span class='ocr_line' id='line_1_20' title="bbox 2159 659 3743 733; baseline 0.005 -19"><span class='ocrx_word' id='word_1_140' title='bbox 2159 659 2228 714; x_wconf 91' lang='lat' dir='ltr'><strong>de</strong></span> <span class='ocrx_word' id='word_1_141' title='bbox 2252 660 2356 715; x_wconf 87' lang='lat' dir='ltr'><strong>hac</strong></span> <span class='ocrx_word' id='word_1_142' title='bbox 2380 676 2437 715; x_wconf 91' lang='lat' dir='ltr'><strong>re</strong></span> <span class='ocrx_word' id='word_1_143' title='bbox 2459 660 2606 715; x_wconf 89' lang='lat' dir='ltr'><strong>etde</strong></span> <span class='ocrx_word' id='word_1_144' title='bbox 2631 661 2741 715; x_wconf 88' lang='lat' dir='ltr'><strong>illis</strong></span> <span class='ocrx_word' id='word_1_145' title='bbox 2763 662 2856 732; x_wconf 89' lang='lat' dir='ltr'><strong>qui</strong></span> <span class='ocrx_word' id='word_1_146' title='bbox 2880 664 3121 717; x_wconf 90' lang='lat' dir='ltr'><strong>accusati</strong></span> <span class='ocrx_word' id='word_1_147' title='bbox 3140 672 3300 719; x_wconf 89' lang='lat' dir='ltr'><strong>erant</strong></span> <span class='ocrx_word' id='word_1_148' title='bbox 3316 665 3461 719; x_wconf 89' lang='lat' dir='ltr'><strong>dicta</strong></span> <span class='ocrx_word' id='word_1_149' title='bbox 3487 666 3743 733; x_wconf 85' lang='lat' dir='ltr'><strong>fuissent,</strong></span> 
     </span>
    </p>
   </div>
   <div class='ocr_carea' id='block_1_21' title="bbox 2157 749 3744 819">
    <p class='ocr_par' dir='ltr' id='par_1_21' title="bbox 2157 749 3744 819">
     <span class='ocr_line' id='line_1_21' title="bbox 2157 749 3744 819; baseline 0.005 -15"><span class='ocrx_word' id='word_1_150' title='bbox 2157 749 2456 804; x_wconf 87' lang='lat' dir='ltr'><strong>concilium</strong></span> <span class='ocrx_word' id='word_1_151' title='bbox 2502 750 2790 806; x_wconf 87' lang='lat' dir='ltr'><strong>dimissqu</strong></span> <span class='ocrx_word' id='word_1_152' title='bbox 2828 761 2932 806; x_wconf 89' lang='lat' dir='ltr'><strong>est.</strong></span> <span class='ocrx_word' id='word_1_153' title='bbox 2983 752 3191 819; x_wconf 89' lang='lat' dir='ltr'><strong>Quarto</strong></span> <span class='ocrx_word' id='word_1_154' title='bbox 3232 754 3432 809; x_wconf 91' lang='lat' dir='ltr'><strong>iterum</strong></span> <span class='ocrx_word' id='word_1_155' title='bbox 3473 756 3563 812; x_wconf 91' lang='lat' dir='ltr'><strong>die</strong></span> <span class='ocrx_word' id='word_1_156' title='bbox 3616 774 3744 813; x_wconf 90' lang='lat' dir='ltr'><strong>cum</strong></span> 
     </span>
    </p>
   </div>
   <div class='ocr_carea' id='block_1_22' title="bbox 2157 839 3743 917">
    <p class='ocr_par' dir='ltr' id='par_1_22' title="bbox 2157 839 3743 917">
     <span class='ocr_line' id='line_1_22' title="bbox 2157 839 3743 917; baseline 0.008 -25"><span class='ocrx_word' id='word_1_157' title='bbox 2157 851 2352 894; x_wconf 91' lang='lat' dir='ltr'><strong>omnes</strong></span> <span class='ocrx_word' id='word_1_158' title='bbox 2385 839 2441 893; x_wconf 93' lang='lat' dir='ltr'><strong>in</strong></span> <span class='ocrx_word' id='word_1_159' title='bbox 2467 856 2639 894; x_wconf 93' lang='lat' dir='ltr'><strong>unum</strong></span> <span class='ocrx_word' id='word_1_160' title='bbox 2671 842 3081 907; x_wconf 82' lang='lat' dir='ltr'><strong>convenissent,</strong></span> <span class='ocrx_word' id='word_1_161' title='bbox 3120 843 3313 899; x_wconf 90' lang='lat' dir='ltr'><strong>eadem</strong></span> <span class='ocrx_word' id='word_1_162' title='bbox 3338 861 3464 899; x_wconf 92' lang='lat' dir='ltr'><strong>cum</strong></span> <span class='ocrx_word' id='word_1_163' title='bbox 3488 849 3743 917; x_wconf 83' lang='lat' dir='ltr'><strong>pervica-</strong></span> 
     </span>
    </p>
   </div>
   <div class='ocr_carea' id='block_1_23' title="bbox 2156 927 3741 1004">
    <p class='ocr_par' dir='ltr' id='par_1_23' title="bbox 2156 927 3741 1004">
     <span class='ocr_line' id='line_1_23' title="bbox 2156 927 3741 1004; baseline 0.007 -21"><span class='ocrx_word' id='word_1_164' title='bbox 2156 928 2241 984; x_wconf 91' lang='lat' dir='ltr'><strong>cia</strong></span> <span class='ocrx_word' id='word_1_165' title='bbox 2272 927 2556 1000; x_wconf 80' lang='lat' dir='ltr'><strong>disputare</strong></span> <span class='ocrx_word' id='word_1_166' title='bbox 2581 940 2887 1000; x_wconf 66' lang='lat' dir='ltr'><strong>creperum.</strong></span> <span class='ocrx_word' id='word_1_167' title='bbox 2916 932 3064 988; x_wconf 89' lang='lat' dir='ltr'><strong>Inter</strong></span> <span class='ocrx_word' id='word_1_168' title='bbox 3088 950 3229 1004; x_wconf 87' lang='lat' dir='ltr'><strong>quos</strong></span> <span class='ocrx_word' id='word_1_169' title='bbox 3251 934 3483 991; x_wconf 79' lang='lat' dir='ltr'><strong>Aeacius</strong></span> <span class='ocrx_word' id='word_1_170' title='bbox 3512 949 3741 994; x_wconf 88' lang='lat' dir='ltr'><strong>senten-</strong></span> 
     </span>
    </p>
   </div>
   <div class='ocr_carea' id='block_1_24' title="bbox 2158 1018 3737 1091">
    <p class='ocr_par' dir='ltr' id='par_1_24' title="bbox 2158 1018 3737 1091">
     <span class='ocr_line' id='line_1_24' title="bbox 2158 1018 3737 1091; baseline 0.009 -20"><span class='ocrx_word' id='word_1_171' title='bbox 2158 1018 2288 1072; x_wconf 88' lang='lat' dir='ltr'><strong>tiam</strong></span> <span class='ocrx_word' id='word_1_172' title='bbox 2322 1034 2477 1073; x_wconf 90' lang='lat' dir='ltr'><strong>suam</strong></span> <span class='ocrx_word' id='word_1_173' title='bbox 2504 1021 2763 1091; x_wconf 78' lang='lat' dir='ltr'><strong>exposuit</strong></span> <span class='ocrx_word' id='word_1_174' title='bbox 2788 1021 2877 1076; x_wconf 86' lang='lat' dir='ltr'><strong>his</strong></span> <span class='ocrx_word' id='word_1_175' title='bbox 2913 1024 3127 1079; x_wconf 82' lang='lat' dir='ltr'><strong>verbis:</strong></span> <span class='ocrx_word' id='word_1_176' title='bbox 3174 1025 3314 1081; x_wconf 89' lang='lat' dir='ltr'><strong>Cum</strong></span> <span class='ocrx_word' id='word_1_177' title='bbox 3347 1027 3483 1082; x_wconf 82' lang='lat' dir='ltr'><strong>fides</strong></span> <span class='ocrx_word' id='word_1_178' title='bbox 3517 1029 3737 1085; x_wconf 70' lang='lat' dir='ltr'><strong>Nicaena</strong></span> 
     </span>
    </p>
   </div>
   <div class='ocr_carea' id='block_1_25' title="bbox 2149 1108 3735 1185">
    <p class='ocr_par' dir='ltr' id='par_1_25' title="bbox 2149 1108 3735 1185">
     <span class='ocr_line' id='line_1_25' title="bbox 2149 1108 3735 1185; baseline 0.009 -24"><span class='ocrx_word' id='word_1_179' title='bbox 2149 1108 2481 1179; x_wconf 87' lang='lat' dir='ltr'><strong>jampridem</strong></span> <span class='ocrx_word' id='word_1_180' title='bbox 2508 1111 2676 1165; x_wconf 87' lang='lat' dir='ltr'><strong>semel</strong></span> <span class='ocrx_word' id='word_1_181' title='bbox 2694 1128 2759 1167; x_wconf 90' lang='lat' dir='ltr'><strong>ac</strong></span> <span class='ocrx_word' id='word_1_182' title='bbox 2786 1111 2987 1168; x_wconf 84' lang='lat' dir='ltr'><strong>deinde</strong></span> <span class='ocrx_word' id='word_1_183' title='bbox 3019 1116 3218 1185; x_wconf 66' lang='lat' dir='ltr'><strong>saepius</strong></span> <span class='ocrx_word' id='word_1_184' title='bbox 3241 1127 3450 1173; x_wconf 89' lang='lat' dir='ltr'><strong>mutata</strong></span> <span class='ocrx_word' id='word_1_185' title='bbox 3480 1120 3571 1183; x_wconf 87' lang='lat' dir='ltr'><strong>sit,</strong></span> <span class='ocrx_word' id='word_1_186' title='bbox 3597 1121 3735 1175; x_wconf 87' lang='lat' dir='ltr'><strong>nihil</strong></span> 
     </span>
    </p>
   </div>
   <div class='ocr_carea' id='block_1_26' title="bbox 2154 1202 3737 1277">
    <p class='ocr_par' dir='ltr' id='par_1_26' title="bbox 2154 1202 3737 1277">
     <span class='ocr_line' id='line_1_26' title="bbox 2154 1202 3737 1277; baseline 0.009 -23"><span class='ocrx_word' id='word_1_187' title='bbox 2154 1209 2304 1255; x_wconf 80' lang='lat' dir='ltr'><strong>vetat</strong></span> <span class='ocrx_word' id='word_1_188' title='bbox 2350 1202 2648 1271; x_wconf 89' lang='lat' dir='ltr'><strong>quominus</strong></span> <span class='ocrx_word' id='word_1_189' title='bbox 2708 1219 2858 1259; x_wconf 91' lang='lat' dir='ltr'><strong>nunc</strong></span> <span class='ocrx_word' id='word_1_190' title='bbox 2902 1220 3119 1277; x_wconf 91' lang='lat' dir='ltr'><strong>quoque</strong></span> <span class='ocrx_word' id='word_1_191' title='bbox 3174 1208 3280 1263; x_wconf 88' lang='lat' dir='ltr'><strong>alia</strong></span> <span class='ocrx_word' id='word_1_192' title='bbox 3349 1213 3737 1269; x_wconf 89' lang='lat' dir='ltr'><strong>conscribatur</strong></span> 
     </span>
    </p>
   </div>
   <div class='ocr_carea' id='block_1_27' title="bbox 2156 1291 3736 1375">
    <p class='ocr_par' dir='ltr' id='par_1_27' title="bbox 2156 1291 3736 1375">
     <span class='ocr_line' id='line_1_27' title="bbox 2156 1291 3736 1375; baseline 0.01 -29"><span class='ocrx_word' id='word_1_193' title='bbox 2156 1291 2308 1347; x_wconf 85' lang='lat' dir='ltr'><strong>ﬁdes.</strong></span> <span class='ocrx_word' id='word_1_194' title='bbox 2356 1294 2439 1349; x_wconf 89' lang='lat' dir='ltr'><strong>Ad</strong></span> <span class='ocrx_word' id='word_1_195' title='bbox 2498 1296 2615 1351; x_wconf 76' lang='lat' dir='ltr'><strong>lucc</strong></span> <span class='ocrx_word' id='word_1_196' title='bbox 2670 1298 2923 1353; x_wconf 87' lang='lat' dir='ltr'><strong>Eleusius</strong></span> <span class='ocrx_word' id='word_1_197' title='bbox 2975 1299 3156 1371; x_wconf 72' lang='lat' dir='ltr'><strong>Cyzici</strong></span> <span class='ocrx_word' id='word_1_198' title='bbox 3218 1304 3542 1375; x_wconf 87' lang='lat' dir='ltr'><strong>episcopus:</strong></span> <span class='ocrx_word' id='word_1_199' title='bbox 3590 1306 3736 1362; x_wconf 86' lang='lat' dir='ltr'><strong>Con-</strong></span> 
     </span>
    </p>
   </div>
   <div class='ocr_carea' id='block_1_28' title="bbox 2154 1385 3736 1465">
    <p class='ocr_par' dir='ltr' id='par_1_28' title="bbox 2154 1385 3736 1465">
     <span class='ocr_line' id='line_1_28' title="bbox 2154 1385 3736 1465; baseline 0.006 -24"><span class='ocrx_word' id='word_1_200' title='bbox 2154 1385 2365 1450; x_wconf 88' lang='lat' dir='ltr'><strong>cilium,</strong></span> <span class='ocrx_word' id='word_1_201' title='bbox 2421 1387 2624 1458; x_wconf 89' lang='lat' dir='ltr'><strong>inquit,</strong></span> <span class='ocrx_word' id='word_1_202' title='bbox 2661 1390 3159 1461; x_wconf 66' lang='lat' dir='ltr'><strong>impraesentiarum</strong></span> <span class='ocrx_word' id='word_1_203' title='bbox 3192 1406 3579 1465; x_wconf 71' lang='lat' dir='ltr'><strong>congregatum</strong></span> <span class='ocrx_word' id='word_1_204' title='bbox 3630 1409 3736 1463; x_wconf 87' lang='lat' dir='ltr'><strong>est,</strong></span> 
     </span>
    </p>
   </div>
   <div class='ocr_carea' id='block_1_29' title="bbox 2153 1480 3738 1558">
    <p class='ocr_par' dir='ltr' id='par_1_29' title="bbox 2153 1480 3738 1558">
     <span class='ocr_line' id='line_1_29' title="bbox 2153 1480 3738 1558; baseline 0.008 -27"><span class='ocrx_word' id='word_1_205' title='bbox 2153 1493 2263 1532; x_wconf 93' lang='lat' dir='ltr'><strong>non</strong></span> <span class='ocrx_word' id='word_1_206' title='bbox 2310 1488 2371 1532; x_wconf 91' lang='lat' dir='ltr'><strong>ut</strong></span> <span class='ocrx_word' id='word_1_207' title='bbox 2418 1495 2483 1533; x_wconf 88' lang='lat' dir='ltr'><strong>ea</strong></span> <span class='ocrx_word' id='word_1_208' title='bbox 2516 1480 2694 1535; x_wconf 88' lang='lat' dir='ltr'><strong>discat</strong></span> <span class='ocrx_word' id='word_1_209' title='bbox 2737 1498 2859 1551; x_wconf 72' lang='lat' dir='ltr'><strong>qua:</strong></span> <span class='ocrx_word' id='word_1_210' title='bbox 2885 1483 2997 1553; x_wconf 80' lang='lat' dir='ltr'><strong>jam</strong></span> <span class='ocrx_word' id='word_1_211' title='bbox 3041 1484 3173 1538; x_wconf 89' lang='lat' dir='ltr'><strong>olim</strong></span> <span class='ocrx_word' id='word_1_212' title='bbox 3212 1486 3426 1550; x_wconf 77' lang='lat' dir='ltr'><strong>didicit,</strong></span> <span class='ocrx_word' id='word_1_213' title='bbox 3465 1504 3643 1558; x_wconf 89' lang='lat' dir='ltr'><strong>neque</strong></span> <span class='ocrx_word' id='word_1_214' title='bbox 3678 1499 3738 1544; x_wconf 93' lang='lat' dir='ltr'><strong>ut</strong></span> 
     </span>
    </p>
   </div>
   <div class='ocr_carea' id='block_1_30' title="bbox 2154 1568 3733 1646">
    <p class='ocr_par' dir='ltr' id='par_1_30' title="bbox 2154 1568 3733 1646">
     <span class='ocr_line' id='line_1_30' title="bbox 2154 1568 3733 1646; baseline 0.009 -23"><span class='ocrx_word' id='word_1_215' title='bbox 2154 1568 2317 1625; x_wconf 86' lang='lat' dir='ltr'><strong>ﬁdem</strong></span> <span class='ocrx_word' id='word_1_216' title='bbox 2340 1573 2607 1643; x_wconf 85' lang='lat' dir='ltr'><strong>suscipiat</strong></span> <span class='ocrx_word' id='word_1_217' title='bbox 2642 1590 2805 1644; x_wconf 85' lang='lat' dir='ltr'><strong>quam</strong></span> <span class='ocrx_word' id='word_1_218' title='bbox 2842 1577 2997 1646; x_wconf 90' lang='lat' dir='ltr'><strong>prius</strong></span> <span class='ocrx_word' id='word_1_219' title='bbox 3029 1594 3139 1632; x_wconf 92' lang='lat' dir='ltr'><strong>non</strong></span> <span class='ocrx_word' id='word_1_220' title='bbox 3202 1579 3424 1646; x_wconf 88' lang='lat' dir='ltr'><strong>habuit;</strong></span> <span class='ocrx_word' id='word_1_221' title='bbox 3469 1582 3562 1636; x_wconf 86' lang='lat' dir='ltr'><strong>sed</strong></span> <span class='ocrx_word' id='word_1_222' title='bbox 3608 1583 3733 1637; x_wconf 76' lang='lat' dir='ltr'><strong>fidei</strong></span> 
     </span>
    </p>
   </div>
   <div class='ocr_carea' id='block_1_31' title="bbox 2153 1666 3735 1743">
    <p class='ocr_par' dir='ltr' id='par_1_31' title="bbox 2153 1666 3735 1743">
     <span class='ocr_line' id='line_1_31' title="bbox 2153 1666 3735 1743; baseline 0.007 -26"><span class='ocrx_word' id='word_1_223' title='bbox 2153 1673 2368 1733; x_wconf 85' lang='lat' dir='ltr'><strong>patrum</strong></span> <span class='ocrx_word' id='word_1_224' title='bbox 2412 1666 2692 1731; x_wconf 87' lang='lat' dir='ltr'><strong>insistens,</strong></span> <span class='ocrx_word' id='word_1_225' title='bbox 2734 1684 2838 1723; x_wconf 91' lang='lat' dir='ltr'><strong>nec</strong></span> <span class='ocrx_word' id='word_1_226' title='bbox 2869 1670 2994 1725; x_wconf 63' lang='lat' dir='ltr'><strong>vita;</strong></span> <span class='ocrx_word' id='word_1_227' title='bbox 3028 1686 3131 1726; x_wconf 91' lang='lat' dir='ltr'><strong>nec</strong></span> <span class='ocrx_word' id='word_1_228' title='bbox 3163 1673 3355 1726; x_wconf 92' lang='lat' dir='ltr'><strong>mortis</strong></span> <span class='ocrx_word' id='word_1_229' title='bbox 3390 1682 3636 1743; x_wconf 87' lang='lat' dir='ltr'><strong>tempore</strong></span> <span class='ocrx_word' id='word_1_230' title='bbox 3665 1675 3735 1728; x_wconf 91' lang='lat' dir='ltr'><strong>ab</strong></span> 
     </span>
    </p>
   </div>
   <div class='ocr_carea' id='block_1_32' title="bbox 2150 1755 3732 1828">
    <p class='ocr_par' dir='ltr' id='par_1_32' title="bbox 2150 1755 3732 1828">
     <span class='ocr_line' id='line_1_32' title="bbox 2150 1755 3732 1828; baseline 0.009 -24"><span class='ocrx_word' id='word_1_231' title='bbox 2150 1766 2216 1804; x_wconf 89' lang='lat' dir='ltr'><strong>ea</strong></span> <span class='ocrx_word' id='word_1_232' title='bbox 2270 1768 2510 1823; x_wconf 86' lang='lat' dir='ltr'><strong>unquam</strong></span> <span class='ocrx_word' id='word_1_233' title='bbox 2561 1755 2797 1810; x_wconf 90' lang='lat' dir='ltr'><strong>recedet.</strong></span> <span class='ocrx_word' id='word_1_234' title='bbox 2847 1756 3171 1828; x_wconf 85' lang='lat' dir='ltr'><strong>llujusmodi</strong></span> <span class='ocrx_word' id='word_1_235' title='bbox 3218 1761 3408 1816; x_wconf 82' lang='lat' dir='ltr'><strong>verbis</strong></span> <span class='ocrx_word' id='word_1_236' title='bbox 3457 1763 3732 1819; x_wconf 83' lang='lat' dir='ltr'><strong>adversus</strong></span> 
     </span>
    </p>
   </div>
   <div class='ocr_carea' id='block_1_33' title="bbox 2152 1842 3809 1925">
    <p class='ocr_par' dir='ltr' id='par_1_33' title="bbox 2152 1842 3809 1925">
     <span class='ocr_line' id='line_1_33' title="bbox 2152 1842 3809 1925; baseline 0.008 -29"><span class='ocrx_word' id='word_1_237' title='bbox 2152 1842 2335 1899; x_wconf 82' lang='lat' dir='ltr'><strong>Aeacii</strong></span> <span class='ocrx_word' id='word_1_238' title='bbox 2367 1846 2695 1901; x_wconf 85' lang='lat' dir='ltr'><strong>sententiam</strong></span> <span class='ocrx_word' id='word_1_239' title='bbox 2727 1850 2971 1905; x_wconf 81' lang='lat' dir='ltr'><strong>occurrit</strong></span> <span class='ocrx_word' id='word_1_240' title='bbox 3012 1851 3287 1918; x_wconf 87' lang='lat' dir='ltr'><strong>Eleusius,</strong></span> <span class='ocrx_word' id='word_1_241' title='bbox 3313 1853 3474 1909; x_wconf 82' lang='lat' dir='ltr'><strong>fidem</strong></span> <span class='ocrx_word' id='word_1_242' title='bbox 3515 1864 3732 1925; x_wconf 82' lang='lat' dir='ltr'><strong>patrum</strong></span> <span class='ocrx_word' id='word_1_243' title='bbox 3800 1874 3809 1883; x_wconf 88' lang='grc'><strong>·</strong></span> 
     </span>
    </p>
   </div>
   <div class='ocr_carea' id='block_1_34' title="bbox 482 1930 2262 2012">
    <p class='ocr_par' dir='ltr' id='par_1_34' title="bbox 482 1930 2262 2010">
     <span class='ocr_line' id='line_1_34' title="bbox 482 1930 2262 2010; baseline -0.011 -1"><span class='ocrx_word' id='word_1_244' title='bbox 482 1936 781 2009; x_wconf 71' lang='grc' dir='ltr'><strong>Ἀντιοχείᾳ</strong></span> <span class='ocrx_word' id='word_1_245' title='bbox 802 1937 1155 2001; x_wconf 69' lang='grc' dir='ltr'><strong>συνελθόντας</strong></span> <span class='ocrx_word' id='word_1_246' title='bbox 1179 1936 1423 2010; x_wconf 77' lang='grc' dir='ltr'><strong>πατέρας</strong></span> <span class='ocrx_word' id='word_1_247' title='bbox 1435 1937 1747 2009; x_wconf 74' lang='grc' dir='ltr'><strong>ὀνομάζεις,</strong></span> <span class='ocrx_word' id='word_1_248' title='bbox 1784 1938 2046 2004; x_wconf 86' lang='grc' dir='ltr'><strong>Ἐλεύσιε,</strong></span> <span class='ocrx_word' id='word_1_249' title='bbox 2082 1930 2126 1988; x_wconf 85' lang='grc' dir='ltr'><strong>Β</strong></span> <span class='ocrx_word' id='word_1_250' title='bbox 2152 1952 2262 2006; x_wconf 88' lang='lat' dir='ltr'><strong>app</strong></span> 
     </span>
    </p>
   </div>
   <div class='ocr_carea' id='block_1_35' title="bbox 1951 1930 3731 2012">
    <p class='ocr_par' dir='ltr' id='par_1_35' title="bbox 1951 1930 3731 2012">
     <span class='ocr_line' id='line_1_35' title="bbox 1951 1930 3731 2012; baseline 0.007 -21"><span class='ocrx_word' id='word_1_251' title='bbox 1951 1956 2046 2004; x_wconf 73' lang='grc' dir='ltr'><strong>ςιε,</strong></span> <span class='ocrx_word' id='word_1_252' title='bbox 2082 1930 2126 1988; x_wconf 85' lang='grc' dir='ltr'><strong>Β</strong></span> <span class='ocrx_word' id='word_1_253' title='bbox 2152 1937 2434 2006; x_wconf 87' lang='lat' dir='ltr'><strong>appellans</strong></span> <span class='ocrx_word' id='word_1_254' title='bbox 2460 1954 2579 1994; x_wconf 89' lang='lat' dir='ltr'><strong>eam</strong></span> <span class='ocrx_word' id='word_1_255' title='bbox 2610 1956 2733 2011; x_wconf 73' lang='lat' dir='ltr'><strong>qua:</strong></span> <span class='ocrx_word' id='word_1_256' title='bbox 2755 1943 3000 2012; x_wconf 78' lang='lat' dir='ltr'><strong>exposita</strong></span> <span class='ocrx_word' id='word_1_257' title='bbox 3029 1953 3149 1999; x_wconf 90' lang='lat' dir='ltr'><strong>erat</strong></span> <span class='ocrx_word' id='word_1_258' title='bbox 3179 1945 3500 2003; x_wconf 66' lang='lat' dir='ltr'><strong>Antiochiae.</strong></span> <span class='ocrx_word' id='word_1_259' title='bbox 3534 1948 3731 2003; x_wconf 86' lang='lat' dir='ltr'><strong>Verum</strong></span> 
     </span>
    </p>
   </div>
   <div class='ocr_carea' id='block_1_36' title="bbox 468 2028 2043 2103">
    <p class='ocr_par' dir='ltr' id='par_1_36' title="bbox 468 2028 2043 2103">
     <span class='ocr_line' id='line_1_36' title="bbox 468 2028 2043 2103; baseline 0.003 -22"><span class='ocrx_word' id='word_1_260' title='bbox 468 2028 595 2092; x_wconf 79' lang='grc' dir='ltr'><strong>τοὺς</strong></span> <span class='ocrx_word' id='word_1_261' title='bbox 631 2029 858 2084; x_wconf 75' lang='grc' dir='ltr'><strong>ἐκείνων</strong></span> <span class='ocrx_word' id='word_1_262' title='bbox 897 2028 1148 2103; x_wconf 75' lang='grc' dir='ltr'><strong>πατέρας</strong></span> <span class='ocrx_word' id='word_1_263' title='bbox 1192 2028 1525 2101; x_wconf 79' lang='grc' dir='ltr'><strong>ἀρνούμενος</strong></span> <span class='ocrx_word' id='word_1_264' title='bbox 1557 2029 1706 2102; x_wconf 73' lang='lat'><strong>(72);</strong></span> <span class='ocrx_word' id='word_1_265' title='bbox 1738 2031 1803 2083; x_wconf 79' lang='lat' dir='ltr'><strong>Oi</strong></span> <span class='ocrx_word' id='word_1_266' title='bbox 1843 2029 1953 2101; x_wconf 79' lang='grc' dir='ltr'><strong>γάρ</strong></span> <span class='ocrx_word' id='word_1_267' title='bbox 1983 2030 2043 2085; x_wconf 80' lang='grc' dir='ltr'><strong>ὲν</strong></span> 
     </span>
    </p>
   </div>
   <div class='ocr_carea' id='block_1_37' title="bbox 466 2118 2046 2195">
    <p class='ocr_par' dir='ltr' id='par_1_37' title="bbox 466 2118 2046 2195">
     <span class='ocr_line' id='line_1_37' title="bbox 466 2118 2046 2195; baseline 0.003 -22"><span class='ocrx_word' id='word_1_268' title='bbox 466 2118 671 2192; x_wconf 72' lang='grc' dir='ltr'><strong>Νικαίᾳ</strong></span> <span class='ocrx_word' id='word_1_269' title='bbox 718 2121 1098 2187; x_wconf 76' lang='grc' dir='ltr'><strong>συνελθόντες,</strong></span> <span class='ocrx_word' id='word_1_270' title='bbox 1150 2123 1245 2176; x_wconf 83' lang='grc' dir='ltr'><strong>καὶ</strong></span> <span class='ocrx_word' id='word_1_271' title='bbox 1290 2122 1354 2177; x_wconf 78' lang='grc' dir='ltr'><strong>τὸ</strong></span> <span class='ocrx_word' id='word_1_272' title='bbox 1401 2122 1687 2194; x_wconf 82' lang='grc' dir='ltr'><strong>όμοούσιον</strong></span> <span class='ocrx_word' id='word_1_273' title='bbox 1740 2125 1811 2195; x_wconf 74' lang='grc' dir='ltr'><strong>τῇ</strong></span> <span class='ocrx_word' id='word_1_274' title='bbox 1866 2123 2046 2177; x_wconf 81' lang='grc' dir='ltr'><strong>πίστει</strong></span> 
     </span>
    </p>
   </div>
   <div class='ocr_carea' id='block_1_38' title="bbox 467 2213 2048 2288">
    <p class='ocr_par' dir='ltr' id='par_1_38' title="bbox 467 2213 2048 2288">
     <span class='ocr_line' id='line_1_38' title="bbox 467 2213 2048 2288; baseline 0.002 -23"><span class='ocrx_word' id='word_1_275' title='bbox 467 2213 933 2284; x_wconf 80' lang='grc' dir='ltr'><strong>συμφωνήσαντες</strong></span> <span class='ocrx_word' id='word_1_276' title='bbox 944 2254 965 2281; x_wconf 95' lang='grc'><strong>,</strong></span> <span class='ocrx_word' id='word_1_277' title='bbox 990 2213 1322 2287; x_wconf 82' lang='grc' dir='ltr'><strong>κυριώτερον</strong></span> <span class='ocrx_word' id='word_1_278' title='bbox 1337 2214 1406 2269; x_wconf 75' lang='grc' dir='ltr'><strong>ἂν</strong></span> <span class='ocrx_word' id='word_1_279' title='bbox 1426 2215 1660 2288; x_wconf 77' lang='grc' dir='ltr'><strong>πατέρες</strong></span> <span class='ocrx_word' id='word_1_280' title='bbox 1674 2214 1916 2284; x_wconf 63' lang='grc' dir='ltr'><strong>λέγοιντο</strong></span> <span class='ocrx_word' id='word_1_281' title='bbox 1929 2256 1944 2278; x_wconf 94' lang='grc'><strong>,</strong></span> <span class='ocrx_word' id='word_1_282' title='bbox 1968 2214 2048 2286; x_wconf 84' lang='grc' dir='ltr'><strong>τῷ</strong></span> 
     </span>
    </p>
   </div>
   <div class='ocr_carea' id='block_1_39' title="bbox 466 2305 2046 2379">
    <p class='ocr_par' dir='ltr' id='par_1_39' title="bbox 466 2305 2046 2379">
     <span class='ocr_line' id='line_1_39' title="bbox 466 2305 2046 2379; baseline 0.001 -19"><span class='ocrx_word' id='word_1_283' title='bbox 466 2305 563 2360; x_wconf 77' lang='grc' dir='ltr'><strong>καὶ</strong></span> <span class='ocrx_word' id='word_1_284' title='bbox 589 2305 1094 2379; x_wconf 80' lang='grc' dir='ltr'><strong>προαναϐεϐηκέναι</strong></span> <span class='ocrx_word' id='word_1_285' title='bbox 1116 2310 1231 2371; x_wconf 76' lang='grc' dir='ltr'><strong>τοίς</strong></span> <span class='ocrx_word' id='word_1_286' title='bbox 1252 2308 1486 2379; x_wconf 73' lang='grc' dir='ltr'><strong>χρόνοις,</strong></span> <span class='ocrx_word' id='word_1_287' title='bbox 1512 2309 1609 2363; x_wconf 78' lang='grc' dir='ltr'><strong>καὶ</strong></span> <span class='ocrx_word' id='word_1_288' title='bbox 1632 2309 1717 2362; x_wconf 81' lang='grc' dir='ltr'><strong>ὅτι</strong></span> <span class='ocrx_word' id='word_1_289' title='bbox 1744 2310 1795 2362; x_wconf 91' lang='grc' dir='ltr'><strong>οί</strong></span> <span class='ocrx_word' id='word_1_290' title='bbox 1837 2311 1896 2363; x_wconf 74' lang='grc' dir='ltr'><strong>ιν</strong></span> <span class='ocrx_word' id='word_1_291' title='bbox 1929 2309 2046 2362; x_wconf 78' lang='grc' dir='ltr'><strong>Ἀν-</strong></span> 
     </span>
    </p>
   </div>
   <div class='ocr_carea' id='block_1_40' title="bbox 470 2396 2047 2474">
    <p class='ocr_par' dir='ltr' id='par_1_40' title="bbox 470 2396 2047 2474">
     <span class='ocr_line' id='line_1_40' title="bbox 470 2396 2047 2474; baseline 0.003 -24"><span class='ocrx_word' id='word_1_292' title='bbox 470 2396 681 2470; x_wconf 78' lang='grc' dir='ltr'><strong>τιοχείᾳ</strong></span> <span class='ocrx_word' id='word_1_293' title='bbox 714 2398 1028 2470; x_wconf 86' lang='grc' dir='ltr'><strong>γενόμενοι,</strong></span> <span class='ocrx_word' id='word_1_294' title='bbox 1070 2399 1164 2453; x_wconf 79' lang='grc' dir='ltr'><strong>ὑπ’</strong></span> <span class='ocrx_word' id='word_1_295' title='bbox 1206 2399 1433 2454; x_wconf 68' lang='grc' dir='ltr'><strong>εκείνων</strong></span> <span class='ocrx_word' id='word_1_296' title='bbox 1479 2402 1561 2466; x_wconf 84' lang='grc' dir='ltr'><strong>είς</strong></span> <span class='ocrx_word' id='word_1_297' title='bbox 1596 2401 1699 2474; x_wconf 76' lang='grc' dir='ltr'><strong>τὴν</strong></span> <span class='ocrx_word' id='word_1_298' title='bbox 1745 2400 2047 2474; x_wconf 79' lang='grc' dir='ltr'><strong>ἱερωσύνην</strong></span> 
     </span>
    </p>
   </div>
   <div class='ocr_carea' id='block_1_41' title="bbox 465 2488 2047 2567">
    <p class='ocr_par' dir='ltr' id='par_1_41' title="bbox 465 2488 2047 2567">
     <span class='ocr_line' id='line_1_41' title="bbox 465 2488 2047 2567; baseline 0.004 -26"><span class='ocrx_word' id='word_1_299' title='bbox 465 2488 853 2562; x_wconf 79' lang='grc' dir='ltr'><strong>προϐέϐληντο.</strong></span> <span class='ocrx_word' id='word_1_300' title='bbox 884 2492 949 2545; x_wconf 81' lang='grc' dir='ltr'><strong>ΕΙ.</strong></span> <span class='ocrx_word' id='word_1_301' title='bbox 973 2492 1030 2547; x_wconf 74' lang='grc' dir='ltr'><strong>δι</strong></span> <span class='ocrx_word' id='word_1_302' title='bbox 1053 2493 1105 2547; x_wconf 78' lang='lat' dir='ltr'><strong>oi</strong></span> <span class='ocrx_word' id='word_1_303' title='bbox 1142 2494 1202 2547; x_wconf 74' lang='grc' dir='ltr'><strong>ὲν</strong></span> <span class='ocrx_word' id='word_1_304' title='bbox 1243 2493 1544 2567; x_wconf 81' lang='grc' dir='ltr'><strong>’Δντιοχείᾳ</strong></span> <span class='ocrx_word' id='word_1_305' title='bbox 1576 2495 1703 2558; x_wconf 81' lang='grc' dir='ltr'><strong>τοὺς</strong></span> <span class='ocrx_word' id='word_1_306' title='bbox 1747 2494 1909 2557; x_wconf 82' lang='grc' dir='ltr'><strong>ἰδίους</strong></span> <span class='ocrx_word' id='word_1_307' title='bbox 1939 2511 2047 2547; x_wconf 84' lang='grc' dir='ltr'><strong>πα-</strong></span> 
     </span>
    </p>
   </div>
   <div class='ocr_carea' id='block_1_42' title="bbox 462 2579 2045 2654">
    <p class='ocr_par' dir='ltr' id='par_1_42' title="bbox 462 2579 2045 2654">
     <span class='ocr_line' id='line_1_42' title="bbox 462 2579 2045 2654; baseline 0.003 -21"><span class='ocrx_word' id='word_1_308' title='bbox 462 2579 631 2652; x_wconf 75' lang='grc' dir='ltr'><strong>τίρας</strong></span> <span class='ocrx_word' id='word_1_309' title='bbox 660 2580 961 2653; x_wconf 70' lang='grc' dir='ltr'><strong>ἠθέτησαν,</strong></span> <span class='ocrx_word' id='word_1_310' title='bbox 1014 2581 1306 2653; x_wconf 76' lang='grc' dir='ltr'><strong>λελήθασιν</strong></span> <span class='ocrx_word' id='word_1_311' title='bbox 1348 2583 1574 2648; x_wconf 70' lang='grc' dir='ltr'><strong>ἑαυτοὺς</strong></span> <span class='ocrx_word' id='word_1_312' title='bbox 1628 2584 1679 2636; x_wconf 84' lang='lat' dir='ltr'><strong>oi</strong></span> <span class='ocrx_word' id='word_1_313' title='bbox 1728 2581 2045 2654; x_wconf 85' lang='grc' dir='ltr'><strong>μεταταῦτα</strong></span> 
     </span>
    </p>
   </div>
   <div class='ocr_carea' id='block_1_43' title="bbox 462 2668 2043 2747">
    <p class='ocr_par' dir='ltr' id='par_1_43' title="bbox 462 2668 2043 2747">
     <span class='ocr_line' id='line_1_43' title="bbox 462 2668 2043 2747; baseline -0.002 -17"><span class='ocrx_word' id='word_1_314' title='bbox 462 2675 576 2738; x_wconf 74' lang='grc' dir='ltr'><strong>τοῖς</strong></span> <span class='ocrx_word' id='word_1_315' title='bbox 598 2674 957 2747; x_wconf 83' lang='grc' dir='ltr'><strong>πατραλοίαις</strong></span> <span class='ocrx_word' id='word_1_316' title='bbox 981 2675 1259 2746; x_wconf 67' lang='grc' dir='ltr'><strong>ἑπόμενοι.</strong></span> <span class='ocrx_word' id='word_1_317' title='bbox 1286 2674 1483 2739; x_wconf 62' lang='lat' dir='ltr'><strong>nam</strong></span> <span class='ocrx_word' id='word_1_318' title='bbox 1512 2676 1607 2729; x_wconf 74' lang='lat' dir='ltr'><strong>xui.</strong></span> <span class='ocrx_word' id='word_1_319' title='bbox 1629 2668 1706 2730; x_wconf 81' lang='grc' dir='ltr'><strong>ὧν</strong></span> <span class='ocrx_word' id='word_1_320' title='bbox 1732 2676 1927 2729; x_wconf 70' lang='grc' dir='ltr'><strong>ἐκεῖνοι</strong></span> <span class='ocrx_word' id='word_1_321' title='bbox 1941 2674 2043 2744; x_wconf 82' lang='grc' dir='ltr'><strong>τὴν</strong></span> 
     </span>
    </p>
   </div>
   <div class='ocr_carea' id='block_1_44' title="bbox 462 2765 2042 2838">
    <p class='ocr_par' dir='ltr' id='par_1_44' title="bbox 462 2765 2042 2838">
     <span class='ocr_line' id='line_1_44' title="bbox 462 2765 2042 2838; baseline 0 -20"><span class='ocrx_word' id='word_1_322' title='bbox 462 2766 647 2820; x_wconf 76' lang='grc' dir='ltr'><strong>πίστιν</strong></span> <span class='ocrx_word' id='word_1_323' title='bbox 685 2765 764 2827; x_wconf 80' lang='grc' dir='ltr'><strong>ὡς</strong></span> <span class='ocrx_word' id='word_1_324' title='bbox 806 2766 1069 2838; x_wconf 75' lang='grc' dir='ltr'><strong>ἀδόκιμον</strong></span> <span class='ocrx_word' id='word_1_325' title='bbox 1102 2766 1399 2837; x_wconf 75' lang='grc' dir='ltr'><strong>ἠθέτησαν,</strong></span> <span class='ocrx_word' id='word_1_326' title='bbox 1442 2766 1545 2837; x_wconf 79' lang='grc' dir='ltr'><strong>τὴν</strong></span> <span class='ocrx_word' id='word_1_327' title='bbox 1593 2766 1933 2837; x_wconf 83' lang='grc' dir='ltr'><strong>χειροτονίαν</strong></span> <span class='ocrx_word' id='word_1_328' title='bbox 1965 2765 2042 2829; x_wconf 85' lang='grc' dir='ltr'><strong>ὼς</strong></span> 
     </span>
    </p>
   </div>
   <div class='ocr_carea' id='block_1_45' title="bbox 459 2855 2041 2929">
    <p class='ocr_par' dir='ltr' id='par_1_45' title="bbox 459 2855 2041 2929">
     <span class='ocr_line' id='line_1_45' title="bbox 459 2855 2041 2929; baseline 0.001 -18"><span class='ocrx_word' id='word_1_329' title='bbox 459 2858 694 2929; x_wconf 86' lang='grc' dir='ltr'><strong>δοκίμην</strong></span> <span class='ocrx_word' id='word_1_330' title='bbox 719 2857 1006 2925; x_wconf 69' lang='grc' dir='ltr'><strong>ἑδέξαντος</strong></span> <span class='ocrx_word' id='word_1_331' title='bbox 1038 2856 1100 2911; x_wconf 81' lang='lat' dir='ltr'><strong>Ei</strong></span> <span class='ocrx_word' id='word_1_332' title='bbox 1123 2858 1181 2912; x_wconf 70' lang='grc' dir='ltr'><strong>δὲ</strong></span> <span class='ocrx_word' id='word_1_333' title='bbox 1204 2858 1404 2912; x_wconf 67' lang='grc' dir='ltr'><strong>ἐκεῖνοι</strong></span> <span class='ocrx_word' id='word_1_334' title='bbox 1434 2858 1536 2911; x_wconf 77' lang='grc' dir='ltr'><strong>οὐκ</strong></span> <span class='ocrx_word' id='word_1_335' title='bbox 1558 2855 1705 2929; x_wconf 78' lang='grc' dir='ltr'><strong>εἶχον</strong></span> <span class='ocrx_word' id='word_1_336' title='bbox 1732 2858 1793 2910; x_wconf 81' lang='grc' dir='ltr'><strong>τὸ</strong></span> <span class='ocrx_word' id='word_1_337' title='bbox 1815 2858 2041 2929; x_wconf 83' lang='grc' dir='ltr'><strong>Πνεῦμα</strong></span> 
     </span>
    </p>
   </div>
   <div class='ocr_carea' id='block_1_46' title="bbox 458 2944 2039 3022">
    <p class='ocr_par' dir='ltr' id='par_1_46' title="bbox 458 2944 2039 3022">
     <span class='ocr_line' id='line_1_46' title="bbox 458 2944 2039 3022; baseline 0 -19"><span class='ocrx_word' id='word_1_338' title='bbox 458 2949 522 3003; x_wconf 80' lang='grc' dir='ltr'><strong>τὸ</strong></span> <span class='ocrx_word' id='word_1_339' title='bbox 552 2948 729 3018; x_wconf 78' lang='grc' dir='ltr'><strong>άγιαν,</strong></span> <span class='ocrx_word' id='word_1_340' title='bbox 759 2950 789 3004; x_wconf 87' lang='grc' dir='ltr'><strong>ὃ</strong></span> <span class='ocrx_word' id='word_1_341' title='bbox 820 2950 911 3003; x_wconf 67' lang='grc' dir='ltr'><strong>διὰ</strong></span> <span class='ocrx_word' id='word_1_342' title='bbox 942 2951 1045 3021; x_wconf 87' lang='grc' dir='ltr'><strong>τῆς</strong></span> <span class='ocrx_word' id='word_1_343' title='bbox 1080 2950 1416 3022; x_wconf 74' lang='grc' dir='ltr'><strong>χειρστονίας</strong></span> <span class='ocrx_word' id='word_1_344' title='bbox 1446 2950 1761 3021; x_wconf 75' lang='grc' dir='ltr'><strong>ἐπέρχεται,</strong></span> <span class='ocrx_word' id='word_1_345' title='bbox 1791 2949 1913 3003; x_wconf 69' lang='grc' dir='ltr'><strong>οὐδὲ</strong></span> <span class='ocrx_word' id='word_1_346' title='bbox 1942 2944 2039 3004; x_wconf 76' lang='grc' dir='ltr'><strong>οὗ-</strong></span> 
     </span>
    </p>
   </div>
   <div class='ocr_carea' id='block_1_47' title="bbox 456 3042 2042 3116">
    <p class='ocr_par' dir='ltr' id='par_1_47' title="bbox 456 3042 2042 3116">
     <span class='ocr_line' id='line_1_47' title="bbox 456 3042 2042 3116; baseline 0.001 -20"><span class='ocrx_word' id='word_1_347' title='bbox 456 3061 541 3097; x_wconf 86' lang='grc' dir='ltr'><strong>τοι</strong></span> <span class='ocrx_word' id='word_1_348' title='bbox 572 3043 672 3114; x_wconf 80' lang='grc' dir='ltr'><strong>τὴν</strong></span> <span class='ocrx_word' id='word_1_349' title='bbox 695 3042 995 3116; x_wconf 79' lang='grc' dir='ltr'><strong>ἱερωσύνην</strong></span> <span class='ocrx_word' id='word_1_350' title='bbox 1014 3043 1226 3099; x_wconf 76' lang='grc' dir='ltr'><strong>ἔλαϐον.</strong></span> <span class='ocrx_word' id='word_1_351' title='bbox 1263 3044 1386 3107; x_wconf 67' lang='lat' dir='ltr'><strong>ua;</strong></span> <span class='ocrx_word' id='word_1_352' title='bbox 1420 3044 1531 3116; x_wconf 80' lang='grc' dir='ltr'><strong>γὰρ</strong></span> <span class='ocrx_word' id='word_1_353' title='bbox 1558 3043 1862 3115; x_wconf 71' lang='grc' dir='ltr'><strong>ἐλάμϐανον</strong></span> <span class='ocrx_word' id='word_1_354' title='bbox 1888 3043 2042 3114; x_wconf 79' lang='grc' dir='ltr'><strong>παρὰ</strong></span> 
     </span>
    </p>
   </div>
   <div class='ocr_carea' id='block_1_48' title="bbox 455 3132 2040 3208">
    <p class='ocr_par' dir='ltr' id='par_1_48' title="bbox 455 3132 2040 3208">
     <span class='ocr_line' id='line_1_48' title="bbox 455 3132 2040 3208; baseline -0.001 -18"><span class='ocrx_word' id='word_1_355' title='bbox 455 3135 567 3190; x_wconf 81' lang='grc' dir='ltr'><strong>τῶν</strong></span> <span class='ocrx_word' id='word_1_356' title='bbox 591 3137 696 3192; x_wconf 82' lang='grc' dir='ltr'><strong>οὐκ</strong></span> <span class='ocrx_word' id='word_1_357' title='bbox 721 3136 959 3208; x_wconf 67' lang='grc' dir='ltr'><strong>ἑχόντων</strong></span> <span class='ocrx_word' id='word_1_358' title='bbox 990 3137 1051 3190; x_wconf 84' lang='grc' dir='ltr'><strong>τὸ</strong></span> <span class='ocrx_word' id='word_1_359' title='bbox 1082 3136 1395 3208; x_wconf 86' lang='grc' dir='ltr'><strong>διδόμενον;</strong></span> <span class='ocrx_word' id='word_1_360' title='bbox 1424 3137 1613 3191; x_wconf 85' lang='grc' dir='ltr'><strong>Ταῦτα</strong></span> <span class='ocrx_word' id='word_1_361' title='bbox 1645 3136 1746 3208; x_wconf 72' lang='grc' dir='ltr'><strong>μὲν</strong></span> <span class='ocrx_word' id='word_1_362' title='bbox 1773 3132 1868 3191; x_wconf 82' lang='grc' dir='ltr'><strong>οὖν</strong></span> <span class='ocrx_word' id='word_1_363' title='bbox 1896 3138 2040 3191; x_wconf 83' lang='grc' dir='ltr'><strong>ἀντι-</strong></span> 
     </span>
    </p>
   </div>
   <div class='ocr_carea' id='block_1_49' title="bbox 458 3228 2037 3304">
    <p class='ocr_par' dir='ltr' id='par_1_49' title="bbox 458 3228 2037 3304">
     <span class='ocr_line' id='line_1_49' title="bbox 458 3228 2037 3304; baseline -0.002 -19"><span class='ocrx_word' id='word_1_364' title='bbox 458 3233 617 3304; x_wconf 85' lang='grc' dir='ltr'><strong>θήσει</strong></span> <span class='ocrx_word' id='word_1_365' title='bbox 669 3249 754 3295; x_wconf 90' lang='grc' dir='ltr'><strong>τις</strong></span> <span class='ocrx_word' id='word_1_366' title='bbox 799 3230 938 3303; x_wconf 83' lang='grc' dir='ltr'><strong>πρὸς</strong></span> <span class='ocrx_word' id='word_1_367' title='bbox 982 3230 1052 3283; x_wconf 86' lang='grc' dir='ltr'><strong>τά</strong></span> <span class='ocrx_word' id='word_1_368' title='bbox 1098 3230 1206 3284; x_wconf 81' lang='grc' dir='ltr'><strong>ὑπὸ</strong></span> <span class='ocrx_word' id='word_1_369' title='bbox 1250 3229 1525 3284; x_wconf 85' lang='grc' dir='ltr'><strong>Ἐλευσίου</strong></span> <span class='ocrx_word' id='word_1_370' title='bbox 1572 3229 1852 3300; x_wconf 79' lang='grc' dir='ltr'><strong>λεχθέντα.</strong></span> <span class='ocrx_word' id='word_1_371' title='bbox 1902 3228 2037 3282; x_wconf 88' lang='grc' dir='ltr'><strong>Τότε</strong></span> 
     </span>
    </p>
   </div>
   <div class='ocr_carea' id='block_1_50' title="bbox 454 3320 2037 3394">
    <p class='ocr_par' dir='ltr' id='par_1_50' title="bbox 454 3320 2037 3394">
     <span class='ocr_line' id='line_1_50' title="bbox 454 3320 2037 3394; baseline -0.003 -15"><span class='ocrx_word' id='word_1_372' title='bbox 454 3324 513 3379; x_wconf 72' lang='grc' dir='ltr'><strong>δὲ</strong></span> <span class='ocrx_word' id='word_1_373' title='bbox 542 3320 698 3388; x_wconf 85' lang='grc' dir='ltr'><strong>αὖθις</strong></span> <span class='ocrx_word' id='word_1_374' title='bbox 739 3323 835 3376; x_wconf 67' lang='grc' dir='ltr'><strong>ἐπὶ</strong></span> <span class='ocrx_word' id='word_1_375' title='bbox 872 3322 1067 3394; x_wconf 73' lang='grc' dir='ltr'><strong>ἑτέραν</strong></span> <span class='ocrx_word' id='word_1_376' title='bbox 1098 3320 1387 3394; x_wconf 75' lang='grc' dir='ltr'><strong>ἐχώρησαν</strong></span> <span class='ocrx_word' id='word_1_377' title='bbox 1418 3321 1668 3393; x_wconf 80' lang='grc' dir='ltr'><strong>ζήτησιν.</strong></span> <span class='ocrx_word' id='word_1_378' title='bbox 1726 3321 1878 3376; x_wconf 79' lang='grc' dir='ltr'><strong>Ἐπεὶ</strong></span> <span class='ocrx_word' id='word_1_379' title='bbox 1928 3320 2037 3392; x_wconf 83' lang='grc' dir='ltr'><strong>γὰρ</strong></span> 
     </span>
    </p>
   </div>
   <div class='ocr_carea' id='block_1_51' title="bbox 455 3412 2039 3489">
    <p class='ocr_par' dir='ltr' id='par_1_51' title="bbox 455 3412 2039 3489">
     <span class='ocr_line' id='line_1_51' title="bbox 455 3412 2039 3489; baseline -0.003 -18"><span class='ocrx_word' id='word_1_380' title='bbox 455 3418 551 3471; x_wconf 77' lang='grc' dir='ltr'><strong>καὶ</strong></span> <span class='ocrx_word' id='word_1_381' title='bbox 599 3418 650 3471; x_wconf 78' lang='grc' dir='ltr'><strong>οἱ</strong></span> <span class='ocrx_word' id='word_1_382' title='bbox 694 3415 825 3489; x_wconf 75' lang='grc' dir='ltr'><strong>περὶ</strong></span> <span class='ocrx_word' id='word_1_383' title='bbox 876 3415 1135 3470; x_wconf 81' lang='grc' dir='ltr'><strong>’Δκάκιον</strong></span> <span class='ocrx_word' id='word_1_384' title='bbox 1178 3416 1237 3468; x_wconf 73' lang='grc' dir='ltr'><strong>ὲν</strong></span> <span class='ocrx_word' id='word_1_385' title='bbox 1280 3415 1348 3486; x_wconf 75' lang='grc' dir='ltr'><strong>τῇ</strong></span> <span class='ocrx_word' id='word_1_386' title='bbox 1389 3412 1802 3486; x_wconf 63' lang='grc' dir='ltr'><strong>ἀναγνωσθείσης]</strong></span> <span class='ocrx_word' id='word_1_387' title='bbox 1855 3413 2039 3466; x_wconf 88' lang='grc' dir='ltr'><strong>πίστει</strong></span> 
     </span>
    </p>
   </div>
   <div class='ocr_carea' id='block_1_52' title="bbox 452 3502 2040 3578">
    <p class='ocr_par' dir='ltr' id='par_1_52' title="bbox 452 3502 2040 3578">
     <span class='ocr_line' id='line_1_52' title="bbox 452 3502 2040 3578; baseline -0.004 -16"><span class='ocrx_word' id='word_1_388' title='bbox 452 3508 643 3578; x_wconf 83' lang='grc' dir='ltr'><strong>ὅμοιον</strong></span> <span class='ocrx_word' id='word_1_389' title='bbox 683 3505 892 3577; x_wconf 65' lang='grc' dir='ltr'><strong>ἔφασαν</strong></span> <span class='ocrx_word' id='word_1_390' title='bbox 943 3504 1035 3560; x_wconf 79' lang='grc' dir='ltr'><strong>τὸν</strong></span> <span class='ocrx_word' id='word_1_391' title='bbox 1075 3505 1203 3559; x_wconf 83' lang='grc' dir='ltr'><strong>Υίὸν</strong></span> <span class='ocrx_word' id='word_1_392' title='bbox 1250 3503 1330 3575; x_wconf 84' lang='grc' dir='ltr'><strong>τῷ</strong></span> <span class='ocrx_word' id='word_1_393' title='bbox 1374 3504 1571 3575; x_wconf 79' lang='grc' dir='ltr'><strong>Πατρὶ,</strong></span> <span class='ocrx_word' id='word_1_394' title='bbox 1621 3502 2040 3557; x_wconf 82' lang='grc' dir='ltr'><strong>διεπυνθάνοντο</strong></span> 
     </span>
    </p>
   </div>
   <div class='ocr_carea' id='block_1_53' title="bbox 452 3595 2038 3672">
    <p class='ocr_par' dir='ltr' id='par_1_53' title="bbox 452 3595 2038 3672">
     <span class='ocr_line' id='line_1_53' title="bbox 452 3595 2038 3672; baseline -0.004 -18"><span class='ocrx_word' id='word_1_395' title='bbox 452 3599 719 3672; x_wconf 66' lang='grc' dir='ltr'><strong>ἀλλήλων,</strong></span> <span class='ocrx_word' id='word_1_396' title='bbox 741 3598 883 3654; x_wconf 79' lang='grc' dir='ltr'><strong>κατὰ</strong></span> <span class='ocrx_word' id='word_1_397' title='bbox 897 3600 951 3652; x_wconf 90' lang='grc' dir='ltr'><strong>τί</strong></span> <span class='ocrx_word' id='word_1_398' title='bbox 970 3597 1153 3670; x_wconf 78' lang='grc' dir='ltr'><strong>ὅμοιός</strong></span> <span class='ocrx_word' id='word_1_399' title='bbox 1179 3597 1328 3651; x_wconf 78' lang='grc' dir='ltr'><strong>ἐστιν</strong></span> <span class='ocrx_word' id='word_1_400' title='bbox 1349 3598 1378 3650; x_wconf 83' lang='grc' dir='ltr'><strong>ὁ</strong></span> <span class='ocrx_word' id='word_1_401' title='bbox 1396 3596 1524 3659; x_wconf 80' lang='grc' dir='ltr'><strong>Υίὸς</strong></span> <span class='ocrx_word' id='word_1_402' title='bbox 1545 3595 1623 3666; x_wconf 90' lang='grc' dir='ltr'>τῷ</span> <span class='ocrx_word' id='word_1_403' title='bbox 1639 3595 1832 3667; x_wconf 88' lang='grc' dir='ltr'><strong>Πατρί.</strong></span> <span class='ocrx_word' id='word_1_404' title='bbox 1855 3596 1965 3651; x_wconf 78' lang='grc' dir='ltr'><strong>Καὶ</strong></span> <span class='ocrx_word' id='word_1_405' title='bbox 1987 3596 2038 3648; x_wconf 88' lang='grc' dir='ltr'><strong>οί</strong></span> 
     </span>
    </p>
   </div>
   <div class='ocr_carea' id='block_1_54' title="bbox 458 3687 2035 3764">
    <p class='ocr_par' dir='ltr' id='par_1_54' title="bbox 458 3687 2035 3764">
     <span class='ocr_line' id='line_1_54' title="bbox 458 3687 2035 3764; baseline -0.002 -20"><span class='ocrx_word' id='word_1_406' title='bbox 458 3692 559 3764; x_wconf 82' lang='grc' dir='ltr'><strong>μὲν</strong></span> <span class='ocrx_word' id='word_1_407' title='bbox 592 3691 722 3763; x_wconf 80' lang='grc' dir='ltr'><strong>περὶ</strong></span> <span class='ocrx_word' id='word_1_408' title='bbox 758 3691 1033 3757; x_wconf 81' lang='grc' dir='ltr'><strong>’Δκάκιον,</strong></span> <span class='ocrx_word' id='word_1_409' title='bbox 1057 3689 1242 3759; x_wconf 71' lang='grc' dir='ltr'><strong>ελεγον</strong></span> <span class='ocrx_word' id='word_1_410' title='bbox 1270 3690 1413 3745; x_wconf 82' lang='grc' dir='ltr'><strong>κατὰ</strong></span> <span class='ocrx_word' id='word_1_411' title='bbox 1438 3690 1538 3761; x_wconf 79' lang='grc' dir='ltr'><strong>τὴν</strong></span> <span class='ocrx_word' id='word_1_412' title='bbox 1563 3687 1819 3759; x_wconf 83' lang='grc' dir='ltr'><strong>βούλησιν</strong></span> <span class='ocrx_word' id='word_1_413' title='bbox 1854 3688 2035 3758; x_wconf 85' lang='grc' dir='ltr'><strong>μόνον,</strong></span> 
     </span>
    </p>
   </div>
   <div class='ocr_carea' id='block_1_55' title="bbox 454 3774 2037 3856">
    <p class='ocr_par' dir='ltr' id='par_1_55' title="bbox 454 3774 2037 3856">
     <span class='ocr_line' id='line_1_55' title="bbox 454 3774 2037 3856; baseline -0.004 -17"><span class='ocrx_word' id='word_1_414' title='bbox 454 3787 516 3839; x_wconf 76' lang='grc' dir='ltr'><strong>οὐ</strong></span> <span class='ocrx_word' id='word_1_415' title='bbox 552 3784 659 3856; x_wconf 71' lang='grc' dir='ltr'><strong>μὴν</strong></span> <span class='ocrx_word' id='word_1_416' title='bbox 692 3784 835 3839; x_wconf 69' lang='grc' dir='ltr'><strong>κατὰ</strong></span> <span class='ocrx_word' id='word_1_417' title='bbox 862 3784 964 3855; x_wconf 75' lang='grc' dir='ltr'><strong>τὴν</strong></span> <span class='ocrx_word' id='word_1_418' title='bbox 1005 3782 1195 3838; x_wconf 74' lang='grc' dir='ltr'><strong>οὐσίαύ</strong></span> <span class='ocrx_word' id='word_1_419' title='bbox 1226 3783 1413 3855; x_wconf 83' lang='grc' dir='ltr'><strong>ὅμοιον</strong></span> <span class='ocrx_word' id='word_1_420' title='bbox 1449 3781 1529 3853; x_wconf 83' lang='grc' dir='ltr'><strong>τῷ</strong></span> <span class='ocrx_word' id='word_1_421' title='bbox 1574 3780 1749 3855; x_wconf 78' lang='grc' dir='ltr'><strong>Πατρὶ</strong></span> <span class='ocrx_word' id='word_1_422' title='bbox 1781 3774 1921 3835; x_wconf 78' lang='grc' dir='ltr'><strong>εἶναι</strong></span> <span class='ocrx_word' id='word_1_423' title='bbox 1946 3780 2037 3834; x_wconf 84' lang='grc' dir='ltr'><strong>τὸν</strong></span> 
     </span>
    </p>
   </div>
   <div class='ocr_carea' id='block_1_56' title="bbox 457 3873 2037 3947">
    <p class='ocr_par' dir='ltr' id='par_1_56' title="bbox 457 3873 2037 3947">
     <span class='ocr_line' id='line_1_56' title="bbox 457 3873 2037 3947; baseline -0.003 -16"><span class='ocrx_word' id='word_1_424' title='bbox 457 3878 610 3931; x_wconf 85' lang='grc' dir='ltr'><strong>Υἰόν.</strong></span> <span class='ocrx_word' id='word_1_425' title='bbox 646 3878 710 3932; x_wconf 76' lang='lat' dir='ltr'><strong>Oi</strong></span> <span class='ocrx_word' id='word_1_426' title='bbox 735 3877 793 3932; x_wconf 83' lang='grc' dir='ltr'><strong>δὲ</strong></span> <span class='ocrx_word' id='word_1_427' title='bbox 838 3876 990 3931; x_wconf 76' lang='grc' dir='ltr'><strong>ἄλλοι</strong></span> <span class='ocrx_word' id='word_1_428' title='bbox 1032 3875 1379 3947; x_wconf 83' lang='grc' dir='ltr'><strong>σύμπαντες,</strong></span> <span class='ocrx_word' id='word_1_429' title='bbox 1418 3876 1515 3930; x_wconf 73' lang='grc' dir='ltr'><strong>καὶ</strong></span> <span class='ocrx_word' id='word_1_430' title='bbox 1541 3874 1684 3929; x_wconf 81' lang='grc' dir='ltr'><strong>κατὰ</strong></span> <span class='ocrx_word' id='word_1_431' title='bbox 1708 3874 1809 3946; x_wconf 79' lang='grc' dir='ltr'><strong>τὴν</strong></span> <span class='ocrx_word' id='word_1_432' title='bbox 1848 3873 2037 3927; x_wconf 84' lang='grc' dir='ltr'><strong>οὐσίαν</strong></span> 
     </span>
    </p>
   </div>
   <div class='ocr_carea' id='block_1_57' title="bbox 454 3964 2032 4040">
    <p class='ocr_par' dir='ltr' id='par_1_57' title="bbox 454 3964 2032 4040">
     <span class='ocr_line' id='line_1_57' title="bbox 454 3964 2032 4040; baseline -0.003 -17"><span class='ocrx_word' id='word_1_433' title='bbox 454 3969 827 4039; x_wconf 77' lang='grc' dir='ltr'><strong>ἀπεφήναντο.</strong></span> <span class='ocrx_word' id='word_1_434' title='bbox 853 3966 990 4040; x_wconf 80' lang='grc' dir='ltr'><strong>Περὶ</strong></span> <span class='ocrx_word' id='word_1_435' title='bbox 1020 3965 1211 4021; x_wconf 87' lang='grc' dir='ltr'><strong>τούτου</strong></span> <span class='ocrx_word' id='word_1_436' title='bbox 1247 3966 1305 4021; x_wconf 73' lang='grc' dir='ltr'><strong>δὲ</strong></span> <span class='ocrx_word' id='word_1_437' title='bbox 1333 3965 1428 4020; x_wconf 83' lang='grc' dir='ltr'><strong>τοῦ</strong></span> <span class='ocrx_word' id='word_1_438' title='bbox 1456 3964 1770 4037; x_wconf 81' lang='grc' dir='ltr'><strong>ζητήματος</strong></span> <span class='ocrx_word' id='word_1_439' title='bbox 1800 3965 2032 4035; x_wconf 83' lang='grc' dir='ltr'><strong>φιλονει-</strong></span> 
     </span>
    </p>
   </div>
   <div class='ocr_carea' id='block_1_58' title="bbox 456 4046 2033 4131">
    <p class='ocr_par' dir='ltr' id='par_1_58' title="bbox 456 4046 2033 4131">
     <span class='ocr_line' id='line_1_58' title="bbox 456 4046 2033 4131; baseline -0.001 -17"><span class='ocrx_word' id='word_1_440' title='bbox 456 4060 684 4121; x_wconf 81' lang='grc' dir='ltr'><strong>κοῦντες</strong></span> <span class='ocrx_word' id='word_1_441' title='bbox 712 4046 1134 4131; x_wconf 74' lang='grc' dir='ltr'><strong>ἐνδιημέρευον,</strong></span> <span class='ocrx_word' id='word_1_442' title='bbox 1164 4057 1261 4112; x_wconf 82' lang='grc' dir='ltr'><strong>καὶ</strong></span> <span class='ocrx_word' id='word_1_443' title='bbox 1288 4057 1382 4111; x_wconf 80' lang='grc' dir='ltr'><strong>τὸν</strong></span> <span class='ocrx_word' id='word_1_444' title='bbox 1425 4057 1682 4111; x_wconf 81' lang='grc' dir='ltr'><strong>’Δκάκιον</strong></span> <span class='ocrx_word' id='word_1_445' title='bbox 1721 4056 2033 4129; x_wconf 76' lang='grc' dir='ltr'><strong>ἐξήλεγχον.</strong></span> 
     </span>
    </p>
   </div>
   <div class='ocr_carea' id='block_1_59' title="bbox 452 4150 2034 4223">
    <p class='ocr_par' dir='ltr' id='par_1_59' title="bbox 452 4150 2034 4223">
     <span class='ocr_line' id='line_1_59' title="bbox 452 4150 2034 4223; baseline -0.002 -16"><span class='ocrx_word' id='word_1_446' title='bbox 452 4153 529 4217; x_wconf 84' lang='grc' dir='ltr'><strong>ὼς</strong></span> <span class='ocrx_word' id='word_1_447' title='bbox 569 4154 656 4223; x_wconf 75' lang='grc' dir='ltr'><strong>εἴη</strong></span> <span class='ocrx_word' id='word_1_448' title='bbox 684 4155 743 4207; x_wconf 80' lang='grc' dir='ltr'><strong>ὲν</strong></span> <span class='ocrx_word' id='word_1_449' title='bbox 772 4155 885 4217; x_wconf 80' lang='grc' dir='ltr'><strong>τοῖς</strong></span> <span class='ocrx_word' id='word_1_450' title='bbox 917 4152 1095 4221; x_wconf 85' lang='grc' dir='ltr'><strong>λόγοις</strong></span> <span class='ocrx_word' id='word_1_451' title='bbox 1124 4150 1312 4215; x_wconf 78' lang='grc' dir='ltr'><strong>αὑτοῦ,</strong></span> <span class='ocrx_word' id='word_1_452' title='bbox 1343 4150 1440 4215; x_wconf 78' lang='grc' dir='ltr'><strong>οὒς</strong></span> <span class='ocrx_word' id='word_1_453' title='bbox 1476 4150 1805 4223; x_wconf 82' lang='grc' dir='ltr'><strong>συγγράψας</strong></span> <span class='ocrx_word' id='word_1_454' title='bbox 1840 4152 2034 4216; x_wconf 56' lang='lat' dir='ltr'><strong>tegam.</strong></span> 
     </span>
    </p>
   </div>
   <div class='ocr_carea' id='block_1_60' title="bbox 454 4243 2033 4317">
    <p class='ocr_par' dir='ltr' id='par_1_60' title="bbox 454 4243 2033 4317">
     <span class='ocr_line' id='line_1_60' title="bbox 454 4243 2033 4317; baseline -0.003 -16"><span class='ocrx_word' id='word_1_455' title='bbox 454 4264 571 4311; x_wconf 87' lang='grc' dir='ltr'><strong>κεν,</strong></span> <span class='ocrx_word' id='word_1_456' title='bbox 610 4247 794 4317; x_wconf 79' lang='grc' dir='ltr'><strong>ὅμοιον</strong></span> <span class='ocrx_word' id='word_1_457' title='bbox 817 4244 962 4299; x_wconf 86' lang='grc' dir='ltr'><strong>κατά</strong></span> <span class='ocrx_word' id='word_1_458' title='bbox 998 4245 1176 4300; x_wconf 87' lang='grc' dir='ltr'><strong>πάντα</strong></span> <span class='ocrx_word' id='word_1_459' title='bbox 1212 4243 1381 4298; x_wconf 77' lang='grc' dir='ltr'><strong>εἰπὼν</strong></span> <span class='ocrx_word' id='word_1_460' title='bbox 1414 4243 1508 4297; x_wconf 82' lang='grc' dir='ltr'><strong>τὸν</strong></span> <span class='ocrx_word' id='word_1_461' title='bbox 1555 4244 1685 4299; x_wconf 83' lang='grc' dir='ltr'><strong>Υίδν</strong></span> <span class='ocrx_word' id='word_1_462' title='bbox 1720 4244 1799 4315; x_wconf 84' lang='grc' dir='ltr'><strong>τῷ</strong></span> <span class='ocrx_word' id='word_1_463' title='bbox 1836 4245 2033 4315; x_wconf 88' lang='grc' dir='ltr'><strong>Πατρί.</strong></span> 
     </span>
    </p>
   </div>
   <div class='ocr_carea' id='block_1_61' title="bbox 455 4335 2035 4409">
    <p class='ocr_par' dir='ltr' id='par_1_61' title="bbox 455 4335 2035 4409">
     <span class='ocr_line' id='line_1_61' title="bbox 455 4335 2035 4409; baseline -0.003 -14"><span class='ocrx_word' id='word_1_464' title='bbox 455 4341 568 4396; x_wconf 73' lang='grc' dir='ltr'><strong>Καὶ</strong></span> <span class='ocrx_word' id='word_1_465' title='bbox 594 4339 712 4403; x_wconf 83' lang='grc' dir='ltr'><strong>πῶς</strong></span> <span class='ocrx_word' id='word_1_466' title='bbox 734 4339 851 4402; x_wconf 80' lang='grc' dir='ltr'><strong>νῦν,</strong></span> <span class='ocrx_word' id='word_1_467' title='bbox 871 4337 1100 4409; x_wconf 73' lang='grc' dir='ltr'><strong>ἔφασαν,</strong></span> <span class='ocrx_word' id='word_1_468' title='bbox 1124 4338 1265 4409; x_wconf 81' lang='grc' dir='ltr'><strong>ἀρνῇ</strong></span> <span class='ocrx_word' id='word_1_469' title='bbox 1290 4335 1387 4409; x_wconf 78' lang='grc' dir='ltr'><strong>τὴν</strong></span> <span class='ocrx_word' id='word_1_470' title='bbox 1416 4338 1538 4391; x_wconf 87' lang='grc' dir='ltr'><strong>κατ’</strong></span> <span class='ocrx_word' id='word_1_471' title='bbox 1567 4337 1758 4391; x_wconf 76' lang='grc' dir='ltr'><strong>οὐσίαν</strong></span> <span class='ocrx_word' id='word_1_472' title='bbox 1777 4336 1873 4390; x_wconf 84' lang='grc' dir='ltr'><strong>τοῦ</strong></span> <span class='ocrx_word' id='word_1_473' title='bbox 1904 4336 2035 4390; x_wconf 84' lang='grc' dir='ltr'><strong>Υἱοῦ</strong></span> 
     </span>
    </p>
   </div>
   <div class='ocr_carea' id='block_1_62' title="bbox 456 4429 2033 4505">
    <p class='ocr_par' dir='ltr' id='par_1_62' title="bbox 456 4429 2033 4505">
     <span class='ocr_line' id='line_1_62' title="bbox 456 4429 2033 4505; baseline -0.004 -17"><span class='ocrx_word' id='word_1_474' title='bbox 456 4433 594 4505; x_wconf 82' lang='grc' dir='ltr'><strong>πρὸς</strong></span> <span class='ocrx_word' id='word_1_475' title='bbox 629 4432 721 4487; x_wconf 80' lang='grc' dir='ltr'><strong>τὸν</strong></span> <span class='ocrx_word' id='word_1_476' title='bbox 750 4430 971 4502; x_wconf 79' lang='grc' dir='ltr'><strong>Πατέρα</strong></span> <span class='ocrx_word' id='word_1_477' title='bbox 1001 4430 1332 4504; x_wconf 74' lang='grc' dir='ltr'><strong>ὁμοιότητας</strong></span> <span class='ocrx_word' id='word_1_478' title='bbox 1371 4430 1432 4483; x_wconf 86' lang='lat'><strong>&#39;0</strong></span> <span class='ocrx_word' id='word_1_479' title='bbox 1460 4429 1551 4494; x_wconf 78' lang='grc' dir='ltr'><strong>δὲ,</strong></span> <span class='ocrx_word' id='word_1_480' title='bbox 1586 4429 1720 4482; x_wconf 79' lang='grc' dir='ltr'><strong>Ἀπὸ</strong></span> <span class='ocrx_word' id='word_1_481' title='bbox 1749 4446 2033 4501; x_wconf 80' lang='grc' dir='ltr'><strong>συγγραμο</strong></span> 
     </span>
    </p>
   </div>
   <div class='ocr_carea' id='block_1_63' title="bbox 459 4520 2032 4595">
    <p class='ocr_par' dir='ltr' id='par_1_63' title="bbox 459 4520 2032 4595">
     <span class='ocr_line' id='line_1_63' title="bbox 459 4520 2032 4595; baseline -0.003 -17"><span class='ocrx_word' id='word_1_482' title='bbox 459 4526 671 4595; x_wconf 87' lang='grc' dir='ltr'><strong>μάτων,</strong></span> <span class='ocrx_word' id='word_1_483' title='bbox 710 4524 849 4595; x_wconf 76' lang='grc' dir='ltr'><strong>ἔφη,</strong></span> <span class='ocrx_word' id='word_1_484' title='bbox 893 4522 1016 4577; x_wconf 72' lang='grc' dir='ltr'><strong>οὔτε</strong></span> <span class='ocrx_word' id='word_1_485' title='bbox 1056 4522 1176 4586; x_wconf 83' lang='grc' dir='ltr'><strong>νέος</strong></span> <span class='ocrx_word' id='word_1_486' title='bbox 1216 4538 1301 4587; x_wconf 89' lang='grc' dir='ltr'><strong>τις</strong></span> <span class='ocrx_word' id='word_1_487' title='bbox 1351 4520 1476 4575; x_wconf 74' lang='grc' dir='ltr'><strong>οὔτε</strong></span> <span class='ocrx_word' id='word_1_488' title='bbox 1540 4523 1767 4593; x_wconf 79' lang='grc' dir='ltr'><strong>ἀρχαῖος</strong></span> <span class='ocrx_word' id='word_1_489' title='bbox 1817 4521 2032 4593; x_wconf 75' lang='grc' dir='ltr'><strong>ἐκρίθη.</strong></span> 
     </span>
    </p>
   </div>
   <div class='ocr_carea' id='block_1_64' title="bbox 2149 2027 3728 2105">
    <p class='ocr_par' dir='ltr' id='par_1_64' title="bbox 2149 2027 3728 2105">
     <span class='ocr_line' id='line_1_64' title="bbox 2149 2027 3728 2105; baseline 0.006 -24"><span class='ocrx_word' id='word_1_490' title='bbox 2149 2027 2281 2083; x_wconf 91' lang='lat' dir='ltr'><strong>huic</strong></span> <span class='ocrx_word' id='word_1_491' title='bbox 2309 2044 2529 2099; x_wconf 90' lang='lat' dir='ltr'><strong>quoque</strong></span> <span class='ocrx_word' id='word_1_492' title='bbox 2556 2031 2891 2100; x_wconf 91' lang='lat' dir='ltr'><strong>respondere</strong></span> <span class='ocrx_word' id='word_1_493' title='bbox 2918 2033 3189 2104; x_wconf 91' lang='lat' dir='ltr'><strong>quispiam</strong></span> <span class='ocrx_word' id='word_1_494' title='bbox 3213 2036 3385 2105; x_wconf 90' lang='lat' dir='ltr'><strong>possit</strong></span> <span class='ocrx_word' id='word_1_495' title='bbox 3411 2036 3497 2091; x_wconf 89' lang='lat' dir='ltr'><strong>bis</strong></span> <span class='ocrx_word' id='word_1_496' title='bbox 3522 2037 3728 2091; x_wconf 90' lang='lat' dir='ltr'><strong>verbis:</strong></span> 
     </span>
    </p>
   </div>
   <div class='ocr_carea' id='block_1_65' title="bbox 2146 2119 3734 2201">
    <p class='ocr_par' dir='ltr' id='par_1_65' title="bbox 2146 2119 3734 2201">
     <span class='ocr_line' id='line_1_65' title="bbox 2146 2119 3734 2201; baseline 0.008 -27"><span class='ocrx_word' id='word_1_497' title='bbox 2146 2119 2436 2187; x_wconf 85' lang='lat' dir='ltr'><strong>Quomodo</strong></span> <span class='ocrx_word' id='word_1_498' title='bbox 2475 2139 2572 2177; x_wconf 93' lang='lat' dir='ltr'><strong>eos</strong></span> <span class='ocrx_word' id='word_1_499' title='bbox 2612 2125 2707 2194; x_wconf 90' lang='lat' dir='ltr'><strong>qui</strong></span> <span class='ocrx_word' id='word_1_500' title='bbox 2737 2125 3043 2183; x_wconf 70' lang='lat' dir='ltr'><strong>Antiochia:</strong></span> <span class='ocrx_word' id='word_1_501' title='bbox 3088 2138 3503 2196; x_wconf 82' lang='lat' dir='ltr'><strong>convenerunt,</strong></span> <span class='ocrx_word' id='word_1_502' title='bbox 3550 2140 3734 2201; x_wconf 88' lang='lat' dir='ltr'><strong>patres</strong></span> 
     </span>
    </p>
   </div>
   <div class='ocr_carea' id='block_1_66' title="bbox 2145 2213 3734 2292">
    <p class='ocr_par' dir='ltr' id='par_1_66' title="bbox 2145 2213 3734 2292">
     <span class='ocr_line' id='line_1_66' title="bbox 2145 2213 3734 2292; baseline 0.007 -27"><span class='ocrx_word' id='word_1_503' title='bbox 2145 2213 2409 2282; x_wconf 90' lang='lat' dir='ltr'><strong>appellas,</strong></span> <span class='ocrx_word' id='word_1_504' title='bbox 2444 2214 2649 2280; x_wconf 85' lang='lat' dir='ltr'><strong>Eleusi,</strong></span> <span class='ocrx_word' id='word_1_505' title='bbox 2683 2217 2778 2286; x_wconf 89' lang='lat' dir='ltr'><strong>qui</strong></span> <span class='ocrx_word' id='word_1_506' title='bbox 2819 2218 3039 2274; x_wconf 93' lang='lat' dir='ltr'><strong>illorum</strong></span> <span class='ocrx_word' id='word_1_507' title='bbox 3084 2229 3269 2291; x_wconf 91' lang='lat' dir='ltr'><strong>patres</strong></span> <span class='ocrx_word' id='word_1_508' title='bbox 3301 2237 3412 2276; x_wconf 91' lang='lat' dir='ltr'><strong>non</strong></span> <span class='ocrx_word' id='word_1_509' title='bbox 3444 2223 3734 2292; x_wconf 79' lang='lat' dir='ltr'><strong>agnoscis?</strong></span> 
     </span>
    </p>
   </div>
   <div class='ocr_carea' id='block_1_67' title="bbox 2145 2305 3731 2378">
    <p class='ocr_par' dir='ltr' id='par_1_67' title="bbox 2145 2305 3731 2378">
     <span class='ocr_line' id='line_1_67' title="bbox 2145 2305 3731 2378; baseline 0.006 -19"><span class='ocrx_word' id='word_1_510' title='bbox 2145 2305 2281 2360; x_wconf 79' lang='lat' dir='ltr'><strong>Nam</strong></span> <span class='ocrx_word' id='word_1_511' title='bbox 2305 2306 2360 2360; x_wconf 89' lang='lat' dir='ltr'><strong>bi</strong></span> <span class='ocrx_word' id='word_1_512' title='bbox 2387 2315 2536 2363; x_wconf 89' lang='lat' dir='ltr'><strong>certe</strong></span> <span class='ocrx_word' id='word_1_513' title='bbox 2552 2308 2646 2378; x_wconf 89' lang='lat' dir='ltr'><strong>qui</strong></span> <span class='ocrx_word' id='word_1_514' title='bbox 2665 2308 2858 2364; x_wconf 60' lang='lat' dir='ltr'><strong>Nicane</strong></span> <span class='ocrx_word' id='word_1_515' title='bbox 2874 2320 3272 2376; x_wconf 89' lang='lat' dir='ltr'><strong>convenerunt,</strong></span> <span class='ocrx_word' id='word_1_516' title='bbox 3290 2322 3347 2366; x_wconf 91' lang='lat' dir='ltr'><strong>et</strong></span> <span class='ocrx_word' id='word_1_517' title='bbox 3366 2312 3731 2369; x_wconf 82' lang='lat' dir='ltr'><strong>consubstan-</strong></span> 
     </span>
    </p>
   </div>
   <div class='ocr_carea' id='block_1_68' title="bbox 2144 2397 3731 2474">
    <p class='ocr_par' dir='ltr' id='par_1_68' title="bbox 2144 2397 3731 2474">
     <span class='ocr_line' id='line_1_68' title="bbox 2144 2397 3731 2474; baseline 0.006 -24"><span class='ocrx_word' id='word_1_518' title='bbox 2144 2397 2291 2452; x_wconf 90' lang='lat' dir='ltr'><strong>tialis</strong></span> <span class='ocrx_word' id='word_1_519' title='bbox 2325 2398 2487 2453; x_wconf 85' lang='lat' dir='ltr'><strong>fidem</strong></span> <span class='ocrx_word' id='word_1_520' title='bbox 2532 2414 2634 2454; x_wconf 92' lang='lat' dir='ltr'><strong>suo</strong></span> <span class='ocrx_word' id='word_1_521' title='bbox 2666 2414 2939 2456; x_wconf 86' lang='lat' dir='ltr'><strong>consensu</strong></span> <span class='ocrx_word' id='word_1_522' title='bbox 2972 2400 3279 2466; x_wconf 83' lang='lat' dir='ltr'><strong>firmarunt,</strong></span> <span class='ocrx_word' id='word_1_523' title='bbox 3306 2406 3480 2474; x_wconf 82' lang='lat' dir='ltr'><strong>magis</strong></span> <span class='ocrx_word' id='word_1_524' title='bbox 3510 2404 3731 2474; x_wconf 79' lang='lat' dir='ltr'><strong>proprio</strong></span> 
     </span>
    </p>
   </div>
   <div class='ocr_carea' id='block_1_69' title="bbox 2144 2487 3727 2565">
    <p class='ocr_par' dir='ltr' id='par_1_69' title="bbox 2144 2487 3727 2565">
     <span class='ocr_line' id='line_1_69' title="bbox 2144 2487 3727 2565; baseline 0.006 -22"><span class='ocrx_word' id='word_1_525' title='bbox 2144 2487 2467 2544; x_wconf 88' lang='lat' dir='ltr'><strong>dicerentur</strong></span> <span class='ocrx_word' id='word_1_526' title='bbox 2500 2499 2717 2561; x_wconf 88' lang='lat' dir='ltr'><strong>patres:</strong></span> <span class='ocrx_word' id='word_1_527' title='bbox 2748 2492 2951 2563; x_wconf 89' lang='lat' dir='ltr'><strong>quippe</strong></span> <span class='ocrx_word' id='word_1_528' title='bbox 2974 2494 3069 2564; x_wconf 88' lang='lat' dir='ltr'><strong>qui</strong></span> <span class='ocrx_word' id='word_1_529' title='bbox 3100 2504 3158 2550; x_wconf 91' lang='lat' dir='ltr'><strong>et</strong></span> <span class='ocrx_word' id='word_1_530' title='bbox 3183 2496 3567 2565; x_wconf 68' lang='lat' dir='ltr'><strong>praecesserint</strong></span> <span class='ocrx_word' id='word_1_531' title='bbox 3588 2504 3727 2551; x_wconf 93' lang='lat' dir='ltr'><strong>tem-</strong></span> 
     </span>
    </p>
   </div>
   <div class='ocr_carea' id='block_1_70' title="bbox 2144 2582 3729 2657">
    <p class='ocr_par' dir='ltr' id='par_1_70' title="bbox 2144 2582 3729 2657">
     <span class='ocr_line' id='line_1_70' title="bbox 2144 2582 3729 2657; baseline 0.006 -23"><span class='ocrx_word' id='word_1_532' title='bbox 2144 2596 2298 2651; x_wconf 89' lang='lat' dir='ltr'><strong>pore,</strong></span> <span class='ocrx_word' id='word_1_533' title='bbox 2325 2590 2383 2637; x_wconf 89' lang='lat' dir='ltr'><strong>et</strong></span> <span class='ocrx_word' id='word_1_534' title='bbox 2416 2583 2538 2637; x_wconf 91' lang='lat' dir='ltr'><strong>illos</strong></span> <span class='ocrx_word' id='word_1_535' title='bbox 2559 2582 2655 2653; x_wconf 91' lang='lat' dir='ltr'><strong>qui</strong></span> <span class='ocrx_word' id='word_1_536' title='bbox 2681 2583 2988 2641; x_wconf 65' lang='lat' dir='ltr'><strong>Antiochiae</strong></span> <span class='ocrx_word' id='word_1_537' title='bbox 3006 2594 3195 2657; x_wconf 87' lang='lat' dir='ltr'><strong>postea</strong></span> <span class='ocrx_word' id='word_1_538' title='bbox 3225 2597 3624 2652; x_wconf 86' lang='lat' dir='ltr'><strong>convenerunt,</strong></span> <span class='ocrx_word' id='word_1_539' title='bbox 3659 2589 3729 2643; x_wconf 89' lang='lat' dir='ltr'><strong>ad</strong></span> 
     </span>
    </p>
   </div>
   <div class='ocr_carea' id='block_1_71' title="bbox 2146 2673 3730 2750">
    <p class='ocr_par' dir='ltr' id='par_1_71' title="bbox 2146 2673 3730 2750">
     <span class='ocr_line' id='line_1_71' title="bbox 2146 2673 3730 2750; baseline 0.003 -23"><span class='ocrx_word' id='word_1_540' title='bbox 2146 2673 2440 2729; x_wconf 91' lang='lat' dir='ltr'><strong>sacerdotii</strong></span> <span class='ocrx_word' id='word_1_541' title='bbox 2480 2674 2802 2745; x_wconf 83' lang='lat' dir='ltr'><strong>dignitatem</strong></span> <span class='ocrx_word' id='word_1_542' title='bbox 2845 2677 3241 2746; x_wconf 86' lang='lat' dir='ltr'><strong>promoverint.</strong></span> <span class='ocrx_word' id='word_1_543' title='bbox 3270 2677 3428 2745; x_wconf 85' lang='lat' dir='ltr'><strong>Quod</strong></span> <span class='ocrx_word' id='word_1_544' title='bbox 3465 2679 3511 2734; x_wconf 93' lang='lat' dir='ltr'><strong>si</strong></span> <span class='ocrx_word' id='word_1_545' title='bbox 3555 2679 3611 2733; x_wconf 91' lang='lat' dir='ltr'><strong>hi</strong></span> <span class='ocrx_word' id='word_1_546' title='bbox 3634 2677 3730 2750; x_wconf 87' lang='lat' dir='ltr'><strong>qui</strong></span> 
     </span>
    </p>
   </div>
   <div class='ocr_carea' id='block_1_72' title="bbox 2144 2764 3726 2843">
    <p class='ocr_par' dir='ltr' id='par_1_72' title="bbox 2144 2764 3726 2843">
     <span class='ocr_line' id='line_1_72' title="bbox 2144 2764 3726 2843; baseline 0.006 -25"><span class='ocrx_word' id='word_1_547' title='bbox 2144 2764 2451 2822; x_wconf 75' lang='lat' dir='ltr'><strong>Antiochia:</strong></span> <span class='ocrx_word' id='word_1_548' title='bbox 2486 2766 2714 2821; x_wconf 89' lang='lat' dir='ltr'><strong>fuerunt</strong></span> <span class='ocrx_word' id='word_1_549' title='bbox 2744 2769 3080 2840; x_wconf 76' lang='lat' dir='ltr'><strong>congregati,</strong></span> <span class='ocrx_word' id='word_1_550' title='bbox 3124 2778 3309 2841; x_wconf 85' lang='lat' dir='ltr'><strong>patres</strong></span> <span class='ocrx_word' id='word_1_551' title='bbox 3350 2786 3483 2827; x_wconf 85' lang='lat' dir='ltr'><strong>suos</strong></span> <span class='ocrx_word' id='word_1_552' title='bbox 3518 2772 3726 2843; x_wconf 85' lang='lat' dir='ltr'><strong>rejecc-</strong></span> 
     </span>
    </p>
   </div>
   <div class='ocr_carea' id='block_1_73' title="bbox 2144 2856 3733 2929">
    <p class='ocr_par' dir='ltr' id='par_1_73' title="bbox 2144 2856 3733 2929">
     <span class='ocr_line' id='line_1_73' title="bbox 2144 2856 3733 2929; baseline 0.005 -20"><span class='ocrx_word' id='word_1_553' title='bbox 2144 2865 2306 2919; x_wconf 90' lang='lat' dir='ltr'><strong>runt,</strong></span> <span class='ocrx_word' id='word_1_554' title='bbox 2343 2856 2430 2911; x_wconf 89' lang='lat' dir='ltr'><strong>isti</strong></span> <span class='ocrx_word' id='word_1_555' title='bbox 2464 2857 2558 2927; x_wconf 92' lang='lat' dir='ltr'><strong>qui</strong></span> <span class='ocrx_word' id='word_1_556' title='bbox 2596 2872 2693 2913; x_wconf 92' lang='lat' dir='ltr'><strong>eos</strong></span> <span class='ocrx_word' id='word_1_557' title='bbox 2739 2868 3081 2929; x_wconf 88' lang='lat' dir='ltr'><strong>sequuntur,</strong></span> <span class='ocrx_word' id='word_1_558' title='bbox 3128 2876 3239 2916; x_wconf 94' lang='lat' dir='ltr'><strong>non</strong></span> <span class='ocrx_word' id='word_1_559' title='bbox 3284 2862 3733 2917; x_wconf 83' lang='lat' dir='ltr'><strong>animadvertunt</strong></span> 
     </span>
    </p>
   </div>
   <div class='ocr_carea' id='block_1_74' title="bbox 2141 2947 3727 3020">
    <p class='ocr_par' dir='ltr' id='par_1_74' title="bbox 2141 2947 3727 3020">
     <span class='ocr_line' id='line_1_74' title="bbox 2141 2947 3727 3020; baseline 0.007 -19"><span class='ocrx_word' id='word_1_560' title='bbox 2141 2961 2199 3001; x_wconf 89' lang='lat' dir='ltr'><strong>se</strong></span> <span class='ocrx_word' id='word_1_561' title='bbox 2231 2947 2535 3017; x_wconf 87' lang='lat' dir='ltr'><strong>parricidas</strong></span> <span class='ocrx_word' id='word_1_562' title='bbox 2578 2949 2757 3020; x_wconf 91' lang='lat' dir='ltr'><strong>sequi.</strong></span> <span class='ocrx_word' id='word_1_563' title='bbox 2794 2950 3044 3017; x_wconf 89' lang='lat' dir='ltr'><strong>Quonam</strong></span> <span class='ocrx_word' id='word_1_564' title='bbox 3088 2961 3273 3009; x_wconf 89' lang='lat' dir='ltr'><strong>autem</strong></span> <span class='ocrx_word' id='word_1_565' title='bbox 3327 2955 3492 3011; x_wconf 93' lang='lat' dir='ltr'><strong>modo</strong></span> <span class='ocrx_word' id='word_1_566' title='bbox 3532 2971 3727 3012; x_wconf 89' lang='lat' dir='ltr'><strong>eorum</strong></span> 
     </span>
    </p>
   </div>
   <div class='ocr_carea' id='block_1_75' title="bbox 2140 3040 3729 3117">
    <p class='ocr_par' dir='ltr' id='par_1_75' title="bbox 2140 3040 3729 3117">
     <span class='ocr_line' id='line_1_75' title="bbox 2140 3040 3729 3117; baseline 0.006 -24"><span class='ocrx_word' id='word_1_567' title='bbox 2140 3040 2543 3095; x_wconf 88' lang='lat' dir='ltr'><strong>ordinationem</strong></span> <span class='ocrx_word' id='word_1_568' title='bbox 2571 3050 2827 3112; x_wconf 87' lang='lat' dir='ltr'><strong>tanquam</strong></span> <span class='ocrx_word' id='word_1_569' title='bbox 2860 3043 3091 3113; x_wconf 91' lang='lat' dir='ltr'><strong>probam</strong></span> <span class='ocrx_word' id='word_1_570' title='bbox 3119 3060 3184 3100; x_wconf 89' lang='lat' dir='ltr'><strong>ac</strong></span> <span class='ocrx_word' id='word_1_571' title='bbox 3220 3045 3521 3117; x_wconf 78' lang='lat' dir='ltr'><strong>legitimam</strong></span> <span class='ocrx_word' id='word_1_572' title='bbox 3542 3062 3729 3103; x_wconf 85' lang='lat' dir='ltr'><strong>susce-</strong></span> 
     </span>
    </p>
   </div>
   <div class='ocr_carea' id='block_1_76' title="bbox 2141 3133 3726 3209">
    <p class='ocr_par' dir='ltr' id='par_1_76' title="bbox 2141 3133 3726 3209">
     <span class='ocr_line' id='line_1_76' title="bbox 2141 3133 3726 3209; baseline 0.005 -23"><span class='ocrx_word' id='word_1_573' title='bbox 2141 3141 2362 3203; x_wconf 86' lang='lat' dir='ltr'><strong>perunt,</strong></span> <span class='ocrx_word' id='word_1_574' title='bbox 2413 3149 2649 3203; x_wconf 91' lang='lat' dir='ltr'><strong>quorum</strong></span> <span class='ocrx_word' id='word_1_575' title='bbox 2706 3133 2869 3189; x_wconf 82' lang='lat' dir='ltr'><strong>fidem</strong></span> <span class='ocrx_word' id='word_1_576' title='bbox 2900 3136 3051 3189; x_wconf 90' lang='lat' dir='ltr'><strong>velut</strong></span> <span class='ocrx_word' id='word_1_577' title='bbox 3083 3135 3272 3191; x_wconf 81' lang='lat' dir='ltr'><strong>falsam</strong></span> <span class='ocrx_word' id='word_1_578' title='bbox 3322 3154 3386 3193; x_wconf 89' lang='lat' dir='ltr'><strong>ac</strong></span> <span class='ocrx_word' id='word_1_579' title='bbox 3437 3139 3726 3209; x_wconf 86' lang='lat' dir='ltr'><strong>reprobam</strong></span> 
     </span>
    </p>
   </div>
   <div class='ocr_carea' id='block_1_77' title="bbox 2143 3223 3723 3299">
    <p class='ocr_par' dir='ltr' id='par_1_77' title="bbox 2143 3223 3723 3299">
     <span class='ocr_line' id='line_1_77' title="bbox 2143 3223 3723 3299; baseline 0.006 -23"><span class='ocrx_word' id='word_1_580' title='bbox 2143 3223 2501 3292; x_wconf 83' lang='lat' dir='ltr'><strong>rejecerunt?</strong></span> <span class='ocrx_word' id='word_1_581' title='bbox 2541 3223 2676 3278; x_wconf 89' lang='lat' dir='ltr'><strong>Nam</strong></span> <span class='ocrx_word' id='word_1_582' title='bbox 2710 3225 2754 3278; x_wconf 90' lang='lat' dir='ltr'><strong>si</strong></span> <span class='ocrx_word' id='word_1_583' title='bbox 2788 3225 2865 3279; x_wconf 91' lang='lat' dir='ltr'><strong>illi</strong></span> <span class='ocrx_word' id='word_1_584' title='bbox 2909 3241 3020 3280; x_wconf 93' lang='lat' dir='ltr'><strong>non</strong></span> <span class='ocrx_word' id='word_1_585' title='bbox 3085 3227 3401 3284; x_wconf 89' lang='lat' dir='ltr'><strong>habuerunt</strong></span> <span class='ocrx_word' id='word_1_586' title='bbox 3453 3229 3723 3299; x_wconf 89' lang='lat' dir='ltr'><strong>Spiritum</strong></span> 
     </span>
    </p>
   </div>
   <div class='ocr_carea' id='block_1_78' title="bbox 2140 3313 3724 3384">
    <p class='ocr_par' dir='ltr' id='par_1_78' title="bbox 2140 3313 3724 3384">
     <span class='ocr_line' id='line_1_78' title="bbox 2140 3313 3724 3384; baseline 0.006 -18"><span class='ocrx_word' id='word_1_587' title='bbox 2140 3322 2388 3367; x_wconf 87' lang='lat' dir='ltr'><strong>sanetum</strong></span> <span class='ocrx_word' id='word_1_588' title='bbox 2414 3313 2508 3382; x_wconf 90' lang='lat' dir='ltr'><strong>qui</strong></span> <span class='ocrx_word' id='word_1_589' title='bbox 2533 3329 2632 3384; x_wconf 90' lang='lat' dir='ltr'><strong>per</strong></span> <span class='ocrx_word' id='word_1_590' title='bbox 2646 3313 3050 3370; x_wconf 90' lang='lat' dir='ltr'><strong>ordinationem</strong></span> <span class='ocrx_word' id='word_1_591' title='bbox 3078 3316 3406 3382; x_wconf 81' lang='lat' dir='ltr'><strong>infunditur,</strong></span> <span class='ocrx_word' id='word_1_592' title='bbox 3425 3318 3513 3374; x_wconf 89' lang='lat' dir='ltr'><strong>isti</strong></span> <span class='ocrx_word' id='word_1_593' title='bbox 3539 3335 3724 3375; x_wconf 83' lang='lat' dir='ltr'><strong>sacer-</strong></span> 
     </span>
    </p>
   </div>
   <div class='ocr_carea' id='block_1_79' title="bbox 2140 3403 3725 3484">
    <p class='ocr_par' dir='ltr' id='par_1_79' title="bbox 2140 3403 3725 3484">
     <span class='ocr_line' id='line_1_79' title="bbox 2140 3403 3725 3484; baseline 0.007 -27"><span class='ocrx_word' id='word_1_594' title='bbox 2140 3403 2350 3458; x_wconf 91' lang='lat' dir='ltr'><strong>dotium</strong></span> <span class='ocrx_word' id='word_1_595' title='bbox 2398 3420 2507 3458; x_wconf 92' lang='lat' dir='ltr'><strong>non</strong></span> <span class='ocrx_word' id='word_1_596' title='bbox 2542 3414 2895 3476; x_wconf 84' lang='lat' dir='ltr'><strong>acceperunt.</strong></span> <span class='ocrx_word' id='word_1_597' title='bbox 2945 3406 3231 3473; x_wconf 87' lang='lat' dir='ltr'><strong>Quomodo</strong></span> <span class='ocrx_word' id='word_1_598' title='bbox 3273 3410 3419 3465; x_wconf 91' lang='lat' dir='ltr'><strong>enim</strong></span> <span class='ocrx_word' id='word_1_599' title='bbox 3469 3413 3725 3484; x_wconf 78' lang='lat' dir='ltr'><strong>accipere</strong></span> 
     </span>
    </p>
   </div>
   <div class='ocr_carea' id='block_1_80' title="bbox 2138 3498 3727 3574">
    <p class='ocr_par' dir='ltr' id='par_1_80' title="bbox 2138 3498 3727 3574">
     <span class='ocr_line' id='line_1_80' title="bbox 2138 3498 3727 3574; baseline 0.007 -24"><span class='ocrx_word' id='word_1_600' title='bbox 2138 3505 2441 3567; x_wconf 92' lang='lat' dir='ltr'><strong>potuerunt</strong></span> <span class='ocrx_word' id='word_1_601' title='bbox 2489 3498 2558 3552; x_wconf 84' lang='lat' dir='ltr'><strong>ah</strong></span> <span class='ocrx_word' id='word_1_602' title='bbox 2595 3498 2684 3563; x_wconf 91' lang='lat' dir='ltr'><strong>iis,</strong></span> <span class='ocrx_word' id='word_1_603' title='bbox 2712 3500 2804 3570; x_wconf 92' lang='lat' dir='ltr'><strong>qui</strong></span> <span class='ocrx_word' id='word_1_604' title='bbox 2838 3515 2949 3554; x_wconf 92' lang='lat' dir='ltr'><strong>non</strong></span> <span class='ocrx_word' id='word_1_605' title='bbox 2990 3501 3272 3557; x_wconf 90' lang='lat' dir='ltr'><strong>habebant</strong></span> <span class='ocrx_word' id='word_1_606' title='bbox 3301 3504 3449 3574; x_wconf 93' lang='lat' dir='ltr'><strong>quod</strong></span> <span class='ocrx_word' id='word_1_607' title='bbox 3494 3505 3727 3561; x_wconf 78' lang='lat' dir='ltr'><strong>darent?</strong></span> 
     </span>
    </p>
   </div>
   <div class='ocr_carea' id='block_1_81' title="bbox 2140 3590 3724 3667">
    <p class='ocr_par' dir='ltr' id='par_1_81' title="bbox 2140 3590 3724 3667">
     <span class='ocr_line' id='line_1_81' title="bbox 2140 3590 3724 3667; baseline 0.004 -21"><span class='ocrx_word' id='word_1_608' title='bbox 2140 3590 2265 3647; x_wconf 64' lang='lat' dir='ltr'><strong>llazc</strong></span> <span class='ocrx_word' id='word_1_609' title='bbox 2299 3608 2407 3645; x_wconf 92' lang='lat' dir='ltr'><strong>non</strong></span> <span class='ocrx_word' id='word_1_610' title='bbox 2441 3592 2716 3647; x_wconf 89' lang='lat' dir='ltr'><strong>immerito</strong></span> <span class='ocrx_word' id='word_1_611' title='bbox 2739 3592 2864 3663; x_wconf 89' lang='lat' dir='ltr'><strong>quis</strong></span> <span class='ocrx_word' id='word_1_612' title='bbox 2891 3594 3062 3663; x_wconf 86' lang='lat' dir='ltr'><strong>possit</strong></span> <span class='ocrx_word' id='word_1_613' title='bbox 3084 3594 3323 3665; x_wconf 89' lang='lat' dir='ltr'><strong>objicere</strong></span> <span class='ocrx_word' id='word_1_614' title='bbox 3354 3594 3442 3661; x_wconf 90' lang='lat' dir='ltr'><strong>iis,</strong></span> <span class='ocrx_word' id='word_1_615' title='bbox 3461 3612 3582 3667; x_wconf 68' lang='lat' dir='ltr'><strong>quae</strong></span> <span class='ocrx_word' id='word_1_616' title='bbox 3608 3607 3724 3653; x_wconf 90' lang='lat' dir='ltr'><strong>tum</strong></span> 
     </span>
    </p>
   </div>
   <div class='ocr_carea' id='block_1_82' title="bbox 2138 3684 3725 3759">
    <p class='ocr_par' dir='ltr' id='par_1_82' title="bbox 2138 3684 3725 3759">
     <span class='ocr_line' id='line_1_82' title="bbox 2138 3684 3725 3759; baseline 0.003 -20"><span class='ocrx_word' id='word_1_617' title='bbox 2138 3684 2207 3739; x_wconf 87' lang='lat' dir='ltr'><strong>ab</strong></span> <span class='ocrx_word' id='word_1_618' title='bbox 2223 3684 2440 3739; x_wconf 83' lang='lat' dir='ltr'><strong>Eleusio</strong></span> <span class='ocrx_word' id='word_1_619' title='bbox 2461 3693 2589 3739; x_wconf 85' lang='lat' dir='ltr'><strong>sunt</strong></span> <span class='ocrx_word' id='word_1_620' title='bbox 2608 3684 2773 3740; x_wconf 82' lang='lat' dir='ltr'><strong>dicta.</strong></span> <span class='ocrx_word' id='word_1_621' title='bbox 2797 3686 2927 3741; x_wconf 88' lang='lat' dir='ltr'><strong>Post</strong></span> <span class='ocrx_word' id='word_1_622' title='bbox 2950 3684 3111 3759; x_wconf 62' lang='lat'><strong>15‘,</strong></span> <span class='ocrx_word' id='word_1_623' title='bbox 3130 3686 3247 3741; x_wconf 67' lang='lat' dir='ltr'><strong>haec</strong></span> <span class='ocrx_word' id='word_1_624' title='bbox 3262 3687 3330 3742; x_wconf 87' lang='lat' dir='ltr'><strong>ad</strong></span> <span class='ocrx_word' id='word_1_625' title='bbox 3348 3688 3513 3743; x_wconf 87' lang='lat' dir='ltr'><strong>aliam</strong></span> <span class='ocrx_word' id='word_1_626' title='bbox 3531 3706 3725 3744; x_wconf 83' lang='lat' dir='ltr'><strong>rursus</strong></span> 
     </span>
    </p>
   </div>
   <div class='ocr_carea' id='block_1_83' title="bbox 2138 3776 3721 3848">
    <p class='ocr_par' dir='ltr' id='par_1_83' title="bbox 2138 3776 3721 3848">
     <span class='ocr_line' id='line_1_83' title="bbox 2138 3776 3721 3848; baseline 0.002 -17"><span class='ocrx_word' id='word_1_627' title='bbox 2138 3776 2497 3846; x_wconf 65' lang='lat' dir='ltr'><strong>quaestionem</strong></span> <span class='ocrx_word' id='word_1_628' title='bbox 2533 3776 2935 3832; x_wconf 85' lang='lat' dir='ltr'><strong>transilierunt.</strong></span> <span class='ocrx_word' id='word_1_629' title='bbox 2968 3777 3103 3833; x_wconf 83' lang='lat' dir='ltr'><strong>Nam</strong></span> <span class='ocrx_word' id='word_1_630' title='bbox 3147 3778 3409 3848; x_wconf 91' lang='lat' dir='ltr'><strong>quoniam</strong></span> <span class='ocrx_word' id='word_1_631' title='bbox 3463 3780 3721 3835; x_wconf 86' lang='lat' dir='ltr'><strong>Aeaciani</strong></span> 
     </span>
    </p>
   </div>
   <div class='ocr_carea' id='block_1_84' title="bbox 2139 3868 3720 3941">
    <p class='ocr_par' dir='ltr' id='par_1_84' title="bbox 2139 3868 3720 3941">
     <span class='ocr_line' id='line_1_84' title="bbox 2139 3868 3720 3941; baseline 0.003 -17"><span class='ocrx_word' id='word_1_632' title='bbox 2139 3870 2194 3924; x_wconf 95' lang='lat' dir='ltr'><strong>iu</strong></span> <span class='ocrx_word' id='word_1_633' title='bbox 2228 3870 2461 3924; x_wconf 89' lang='lat' dir='ltr'><strong>formula</strong></span> <span class='ocrx_word' id='word_1_634' title='bbox 2494 3868 2621 3925; x_wconf 83' lang='lat' dir='ltr'><strong>fidei</strong></span> <span class='ocrx_word' id='word_1_635' title='bbox 2664 3886 2787 3941; x_wconf 73' lang='lat' dir='ltr'><strong>quae</strong></span> <span class='ocrx_word' id='word_1_636' title='bbox 2817 3870 3000 3927; x_wconf 84' lang='lat' dir='ltr'><strong>fuerat</strong></span> <span class='ocrx_word' id='word_1_637' title='bbox 3044 3871 3292 3937; x_wconf 86' lang='lat' dir='ltr'><strong>recitata,</strong></span> <span class='ocrx_word' id='word_1_638' title='bbox 3342 3872 3539 3928; x_wconf 84' lang='lat' dir='ltr'><strong>Filium</strong></span> <span class='ocrx_word' id='word_1_639' title='bbox 3573 3873 3720 3930; x_wconf 87' lang='lat' dir='ltr'><strong>Patri</strong></span> 
     </span>
    </p>
   </div>
   <div class='ocr_carea' id='block_1_85' title="bbox 2137 3963 3723 4037">
    <p class='ocr_par' dir='ltr' id='par_1_85' title="bbox 2137 3963 3723 4037">
     <span class='ocr_line' id='line_1_85' title="bbox 2137 3963 3723 4037; baseline 0.003 -20"><span class='ocrx_word' id='word_1_640' title='bbox 2137 3963 2372 4019; x_wconf 88' lang='lat' dir='ltr'><strong>similem</strong></span> <span class='ocrx_word' id='word_1_641' title='bbox 2397 3979 2518 4019; x_wconf 88' lang='lat' dir='ltr'><strong>esse</strong></span> <span class='ocrx_word' id='word_1_642' title='bbox 2543 3964 2818 4029; x_wconf 80' lang='lat' dir='ltr'><strong>dixerant,</strong></span> <span class='ocrx_word' id='word_1_643' title='bbox 2847 3964 3166 4034; x_wconf 62' lang='lat' dir='ltr'><strong>quaerebant</strong></span> <span class='ocrx_word' id='word_1_644' title='bbox 3192 3966 3335 4020; x_wconf 90' lang='lat' dir='ltr'><strong>inter</strong></span> <span class='ocrx_word' id='word_1_645' title='bbox 3359 3982 3416 4021; x_wconf 88' lang='lat' dir='ltr'><strong>se</strong></span> <span class='ocrx_word' id='word_1_646' title='bbox 3437 3982 3545 4037; x_wconf 91' lang='lat' dir='ltr'><strong>qua</strong></span> <span class='ocrx_word' id='word_1_647' title='bbox 3572 3966 3628 4021; x_wconf 95' lang='lat' dir='ltr'><strong>in</strong></span> <span class='ocrx_word' id='word_1_648' title='bbox 3663 3981 3723 4023; x_wconf 87' lang='lat' dir='ltr'><strong>re</strong></span> 
     </span>
    </p>
   </div>
   <div class='ocr_carea' id='block_1_86' title="bbox 2139 4054 3722 4127">
    <p class='ocr_par' dir='ltr' id='par_1_86' title="bbox 2139 4054 3722 4127">
     <span class='ocr_line' id='line_1_86' title="bbox 2139 4054 3722 4127; baseline 0.003 -19"><span class='ocrx_word' id='word_1_649' title='bbox 2139 4054 2310 4110; x_wconf 86' lang='lat' dir='ltr'><strong>Filius</strong></span> <span class='ocrx_word' id='word_1_650' title='bbox 2335 4065 2481 4110; x_wconf 90' lang='lat' dir='ltr'><strong>esset</strong></span> <span class='ocrx_word' id='word_1_651' title='bbox 2505 4054 2700 4111; x_wconf 88' lang='lat' dir='ltr'><strong>similis</strong></span> <span class='ocrx_word' id='word_1_652' title='bbox 2742 4055 2912 4110; x_wconf 87' lang='lat' dir='ltr'><strong>Patri.</strong></span> <span class='ocrx_word' id='word_1_653' title='bbox 2957 4055 3025 4110; x_wconf 84' lang='lat' dir='ltr'><strong>Et</strong></span> <span class='ocrx_word' id='word_1_654' title='bbox 3054 4056 3312 4112; x_wconf 83' lang='lat' dir='ltr'><strong>Acaciani</strong></span> <span class='ocrx_word' id='word_1_655' title='bbox 3344 4056 3570 4127; x_wconf 90' lang='lat' dir='ltr'><strong>quidem</strong></span> <span class='ocrx_word' id='word_1_656' title='bbox 3605 4057 3722 4113; x_wconf 87' lang='lat' dir='ltr'><strong>sola</strong></span> 
     </span>
    </p>
   </div>
   <div class='ocr_carea' id='block_1_87' title="bbox 2137 4150 3718 4215">
    <p class='ocr_par' dir='ltr' id='par_1_87' title="bbox 2137 4150 3718 4215">
     <span class='ocr_line' id='line_1_87' title="bbox 2137 4150 3718 4215; baseline 0.002 -10"><span class='ocrx_word' id='word_1_657' title='bbox 2137 4151 2421 4206; x_wconf 88' lang='lat' dir='ltr'><strong>voluntate</strong></span> <span class='ocrx_word' id='word_1_658' title='bbox 2460 4151 2697 4207; x_wconf 88' lang='lat' dir='ltr'><strong>similem</strong></span> <span class='ocrx_word' id='word_1_659' title='bbox 2738 4166 2859 4206; x_wconf 81' lang='lat' dir='ltr'><strong>esse</strong></span> <span class='ocrx_word' id='word_1_660' title='bbox 2894 4150 3172 4215; x_wconf 88' lang='lat' dir='ltr'><strong>dicebant,</strong></span> <span class='ocrx_word' id='word_1_661' title='bbox 3218 4167 3329 4207; x_wconf 90' lang='lat' dir='ltr'><strong>non</strong></span> <span class='ocrx_word' id='word_1_662' title='bbox 3361 4159 3543 4207; x_wconf 89' lang='lat' dir='ltr'><strong>autem</strong></span> <span class='ocrx_word' id='word_1_663' title='bbox 3586 4153 3718 4208; x_wconf 81' lang='lat' dir='ltr'><strong>sub-</strong></span> 
     </span>
    </p>
   </div>
   <div class='ocr_carea' id='block_1_88' title="bbox 2138 4241 3720 4312">
    <p class='ocr_par' dir='ltr' id='par_1_88' title="bbox 2138 4241 3720 4312">
     <span class='ocr_line' id='line_1_88' title="bbox 2138 4241 3720 4312; baseline 0 -15"><span class='ocrx_word' id='word_1_664' title='bbox 2138 4242 2360 4297; x_wconf 86' lang='lat' dir='ltr'><strong>stantia.</strong></span> <span class='ocrx_word' id='word_1_665' title='bbox 2409 4242 2629 4312; x_wconf 82' lang='lat' dir='ltr'><strong>Reliqui</strong></span> <span class='ocrx_word' id='word_1_666' title='bbox 2672 4257 2885 4305; x_wconf 91' lang='lat' dir='ltr'><strong>omnes,</strong></span> <span class='ocrx_word' id='word_1_667' title='bbox 2920 4241 3086 4295; x_wconf 91' lang='lat' dir='ltr'><strong>etiam</strong></span> <span class='ocrx_word' id='word_1_668' title='bbox 3132 4241 3439 4297; x_wconf 88' lang='lat' dir='ltr'><strong>substantia</strong></span> <span class='ocrx_word' id='word_1_669' title='bbox 3484 4243 3720 4298; x_wconf 88' lang='lat' dir='ltr'><strong>similem</strong></span> 
     </span>
    </p>
   </div>
   <div class='ocr_carea' id='block_1_89' title="bbox 2138 4332 3721 4405">
    <p class='ocr_par' dir='ltr' id='par_1_89' title="bbox 2138 4332 3721 4405">
     <span class='ocr_line' id='line_1_89' title="bbox 2138 4332 3721 4405; baseline -0.001 -14"><span class='ocrx_word' id='word_1_670' title='bbox 2138 4335 2287 4391; x_wconf 90' lang='lat' dir='ltr'><strong>Patri</strong></span> <span class='ocrx_word' id='word_1_671' title='bbox 2306 4350 2427 4390; x_wconf 90' lang='lat' dir='ltr'><strong>esse</strong></span> <span class='ocrx_word' id='word_1_672' title='bbox 2446 4335 2645 4391; x_wconf 84' lang='lat' dir='ltr'><strong>Filiqu</strong></span> <span class='ocrx_word' id='word_1_673' title='bbox 2663 4332 3005 4389; x_wconf 85' lang='lat' dir='ltr'><strong>asserebant.</strong></span> <span class='ocrx_word' id='word_1_674' title='bbox 3026 4333 3103 4388; x_wconf 91' lang='lat' dir='ltr'><strong>De</strong></span> <span class='ocrx_word' id='word_1_675' title='bbox 3127 4333 3229 4389; x_wconf 88' lang='lat' dir='ltr'><strong>hac</strong></span> <span class='ocrx_word' id='word_1_676' title='bbox 3250 4334 3554 4405; x_wconf 63' lang='lat' dir='ltr'><strong>quaastione</strong></span> <span class='ocrx_word' id='word_1_677' title='bbox 3574 4336 3721 4391; x_wconf 89' lang='lat' dir='ltr'><strong>inter</strong></span> 
     </span>
    </p>
   </div>
   <div class='ocr_carea' id='block_1_90' title="bbox 2137 4427 3719 4493">
    <p class='ocr_par' dir='ltr' id='par_1_90' title="bbox 2137 4427 3719 4493">
     <span class='ocr_line' id='line_1_90' title="bbox 2137 4427 3719 4493; baseline -0.001 -7"><span class='ocrx_word' id='word_1_678' title='bbox 2137 4447 2196 4487; x_wconf 89' lang='lat' dir='ltr'><strong>se</strong></span> <span class='ocrx_word' id='word_1_679' title='bbox 2219 4431 2567 4493; x_wconf 89' lang='lat' dir='ltr'><strong>altercantes,</strong></span> <span class='ocrx_word' id='word_1_680' title='bbox 2606 4437 2780 4482; x_wconf 89' lang='lat' dir='ltr'><strong>totum</strong></span> <span class='ocrx_word' id='word_1_681' title='bbox 2807 4427 2955 4482; x_wconf 89' lang='lat' dir='ltr'><strong>diem</strong></span> <span class='ocrx_word' id='word_1_682' title='bbox 2986 4427 3318 4483; x_wconf 86' lang='lat' dir='ltr'><strong>contrivere.</strong></span> <span class='ocrx_word' id='word_1_683' title='bbox 3364 4428 3433 4482; x_wconf 86' lang='lat' dir='ltr'><strong>Et</strong></span> <span class='ocrx_word' id='word_1_684' title='bbox 3458 4429 3719 4484; x_wconf 87' lang='lat' dir='ltr'><strong>Acacium</strong></span> 
     </span>
    </p>
   </div>
   <div class='ocr_carea' id='block_1_91' title="bbox 2138 4516 3720 4589">
    <p class='ocr_par' dir='ltr' id='par_1_91' title="bbox 2138 4516 3720 4589">
     <span class='ocr_line' id='line_1_91' title="bbox 2138 4516 3720 4589; baseline -0.001 -13"><span class='ocrx_word' id='word_1_685' title='bbox 2138 4520 2525 4581; x_wconf 81' lang='lat' dir='ltr'><strong>confutabant,</strong></span> <span class='ocrx_word' id='word_1_686' title='bbox 2580 4518 2728 4588; x_wconf 90' lang='lat' dir='ltr'><strong>quod</strong></span> <span class='ocrx_word' id='word_1_687' title='bbox 2778 4516 2839 4573; x_wconf 92' lang='lat' dir='ltr'><strong>in</strong></span> <span class='ocrx_word' id='word_1_688' title='bbox 2886 4516 3043 4572; x_wconf 90' lang='lat' dir='ltr'><strong>libris</strong></span> <span class='ocrx_word' id='word_1_689' title='bbox 3090 4529 3230 4586; x_wconf 89' lang='lat' dir='ltr'><strong>quos</strong></span> <span class='ocrx_word' id='word_1_690' title='bbox 3279 4534 3310 4571; x_wconf 92' lang='lat' dir='ltr'><strong>a</strong></span> <span class='ocrx_word' id='word_1_691' title='bbox 3369 4534 3427 4573; x_wconf 90' lang='lat' dir='ltr'><strong>se</strong></span> <span class='ocrx_word' id='word_1_692' title='bbox 3483 4519 3720 4589; x_wconf 85' lang='lat' dir='ltr'><strong>scriptos</strong></span> 
     </span>
    </p>
   </div>
   <div class='ocr_carea' id='block_1_92' title="bbox 456 4608 2236 4690">
    <p class='ocr_par' dir='ltr' id='par_1_92' title="bbox 456 4611 2236 4690">
     <span class='ocr_line' id='line_1_92' title="bbox 456 4611 2236 4690; baseline -0.004 -18"><span class='ocrx_word' id='word_1_693' title='bbox 456 4618 635 4672; x_wconf 82' lang='grc' dir='ltr'><strong>Πολλά</strong></span> <span class='ocrx_word' id='word_1_694' title='bbox 662 4617 720 4671; x_wconf 67' lang='grc' dir='ltr'><strong>δὲ</strong></span> <span class='ocrx_word' id='word_1_695' title='bbox 752 4617 888 4690; x_wconf 82' lang='grc' dir='ltr'><strong>πρὸς</strong></span> <span class='ocrx_word' id='word_1_696' title='bbox 912 4615 1175 4686; x_wconf 74' lang='grc' dir='ltr'><strong>ἀλλήλους</strong></span> <span class='ocrx_word' id='word_1_697' title='bbox 1208 4614 1339 4687; x_wconf 75' lang='grc' dir='ltr'><strong>περὶ</strong></span> <span class='ocrx_word' id='word_1_698' title='bbox 1366 4612 1462 4668; x_wconf 81' lang='grc' dir='ltr'><strong>τοῦ</strong></span> <span class='ocrx_word' id='word_1_699' title='bbox 1492 4613 1808 4685; x_wconf 78' lang='grc' dir='ltr'><strong>ζητήματος</strong></span> <span class='ocrx_word' id='word_1_700' title='bbox 1840 4613 2031 4667; x_wconf 89' lang='grc' dir='ltr'><strong>τούτου</strong></span> <span class='ocrx_word' id='word_1_701' title='bbox 2064 4630 2111 4690; x_wconf 77' lang='grc' dir='ltr'>ο</span> <span class='ocrx_word' id='word_1_702' title='bbox 2136 4611 2236 4665; x_wconf 58' lang='lat' dir='ltr'><strong>edi:</strong></span> 
     </span>
    </p>
   </div>
   <div class='ocr_carea' id='block_1_93' title="bbox 1938 4608 3718 4690">
    <p class='ocr_par' dir='ltr' id='par_1_93' title="bbox 1938 4608 3718 4690">
     <span class='ocr_line' id='line_1_93' title="bbox 1938 4608 3718 4690; baseline -0.001 -24"><span class='ocrx_word' id='word_1_703' title='bbox 1938 4628 2031 4667; x_wconf 88' lang='grc' dir='ltr'><strong>του</strong></span> <span class='ocrx_word' id='word_1_704' title='bbox 2064 4630 2111 4690; x_wconf 78' lang='grc' dir='ltr'>ο</span> <span class='ocrx_word' id='word_1_705' title='bbox 2136 4611 2404 4673; x_wconf 87' lang='lat' dir='ltr'><strong>ediderat,</strong></span> <span class='ocrx_word' id='word_1_706' title='bbox 2429 4610 2626 4666; x_wconf 80' lang='lat' dir='ltr'><strong>Filium</strong></span> <span class='ocrx_word' id='word_1_707' title='bbox 2650 4610 2799 4665; x_wconf 88' lang='lat' dir='ltr'><strong>Patri</strong></span> <span class='ocrx_word' id='word_1_708' title='bbox 2827 4608 3119 4680; x_wconf 89' lang='lat' dir='ltr'><strong>peromnia</strong></span> <span class='ocrx_word' id='word_1_709' title='bbox 3148 4608 3380 4663; x_wconf 88' lang='lat' dir='ltr'><strong>similem</strong></span> <span class='ocrx_word' id='word_1_710' title='bbox 3405 4624 3524 4663; x_wconf 90' lang='lat' dir='ltr'><strong>esse</strong></span> <span class='ocrx_word' id='word_1_711' title='bbox 3546 4609 3718 4665; x_wconf 80' lang='lat' dir='ltr'><strong>dixis-</strong></span> 
     </span>
    </p>
   </div>
   <div class='ocr_carea' id='block_1_94' title="bbox 456 4700 2030 4776">
    <p class='ocr_par' dir='ltr' id='par_1_94' title="bbox 456 4700 2030 4776">
     <span class='ocr_line' id='line_1_94' title="bbox 456 4700 2030 4776; baseline -0.002 -17"><span class='ocrx_word' id='word_1_712' title='bbox 456 4704 1033 4776; x_wconf 81' lang='grc' dir='ltr'><strong>ἀκριϐολογουμένων,</strong></span> <span class='ocrx_word' id='word_1_713' title='bbox 1062 4704 1159 4757; x_wconf 78' lang='grc' dir='ltr'><strong>καὶ</strong></span> <span class='ocrx_word' id='word_1_714' title='bbox 1196 4701 1466 4775; x_wconf 86' lang='grc' dir='ltr'><strong>μηδαμῶς</strong></span> <span class='ocrx_word' id='word_1_715' title='bbox 1507 4700 1963 4772; x_wconf 84' lang='grc' dir='ltr'><strong>συμφωνούντων,</strong></span> <span class='ocrx_word' id='word_1_716' title='bbox 2000 4704 2030 4756; x_wconf 83' lang='grc' dir='ltr'><strong>ὁ</strong></span> 
     </span>
    </p>
   </div>
   <div class='ocr_carea' id='block_1_95' title="bbox 454 4788 2029 4858">
    <p class='ocr_par' dir='ltr' id='par_1_95' title="bbox 454 4788 2029 4858">
     <span class='ocr_line' id='line_1_95' title="bbox 454 4788 2029 4858; baseline -0.004 -10"><span class='ocrx_word' id='word_1_717' title='bbox 454 4794 676 4857; x_wconf 78' lang='grc' dir='ltr'><strong>Λεωνᾶς</strong></span> <span class='ocrx_word' id='word_1_718' title='bbox 696 4792 933 4856; x_wconf 76' lang='grc' dir='ltr'><strong>ἀναστὰς</strong></span> <span class='ocrx_word' id='word_1_719' title='bbox 962 4791 1173 4845; x_wconf 76' lang='grc' dir='ltr'><strong>διέλυσε</strong></span> <span class='ocrx_word' id='word_1_720' title='bbox 1198 4790 1290 4844; x_wconf 82' lang='grc' dir='ltr'><strong>τὸν</strong></span> <span class='ocrx_word' id='word_1_721' title='bbox 1318 4789 1597 4858; x_wconf 89' lang='grc' dir='ltr'><strong>σύλλογον.</strong></span> <span class='ocrx_word' id='word_1_722' title='bbox 1630 4790 1741 4844; x_wconf 75' lang='grc' dir='ltr'><strong>Καὶ</strong></span> <span class='ocrx_word' id='word_1_723' title='bbox 1764 4789 1926 4843; x_wconf 85' lang='grc' dir='ltr'><strong>τοῦτο</strong></span> <span class='ocrx_word' id='word_1_724' title='bbox 1950 4788 2029 4842; x_wconf 85' lang='grc' dir='ltr'><strong>τέ-</strong></span> 
     </span>
    </p>
   </div>
   <div class='ocr_carea' id='block_1_96' title="bbox 453 4881 2031 4957">
    <p class='ocr_par' dir='ltr' id='par_1_96' title="bbox 453 4881 2031 4957">
     <span class='ocr_line' id='line_1_96' title="bbox 453 4881 2031 4957; baseline -0.003 -18"><span class='ocrx_word' id='word_1_725' title='bbox 453 4885 545 4950; x_wconf 88' lang='grc' dir='ltr'><strong>λος</strong></span> <span class='ocrx_word' id='word_1_726' title='bbox 570 4885 727 4956; x_wconf 72' lang='grc' dir='ltr'><strong>ἔσχεν</strong></span> <span class='ocrx_word' id='word_1_727' title='bbox 750 4887 785 4957; x_wconf 74' lang='grc' dir='ltr'><strong>ἡ</strong></span> <span class='ocrx_word' id='word_1_728' title='bbox 814 4885 873 4938; x_wconf 70' lang='grc' dir='ltr'><strong>ἐν</strong></span> <span class='ocrx_word' id='word_1_729' title='bbox 898 4883 1191 4955; x_wconf 80' lang='grc' dir='ltr'><strong>Σελευκείᾳ</strong></span> <span class='ocrx_word' id='word_1_730' title='bbox 1230 4882 1500 4953; x_wconf 83' lang='grc' dir='ltr'><strong>γενομένη</strong></span> <span class='ocrx_word' id='word_1_731' title='bbox 1537 4881 1775 4947; x_wconf 86' lang='grc' dir='ltr'><strong>σύνοδος.</strong></span> <span class='ocrx_word' id='word_1_732' title='bbox 1815 4883 1895 4953; x_wconf 78' lang='grc' dir='ltr'><strong>Τῇ</strong></span> <span class='ocrx_word' id='word_1_733' title='bbox 1923 4882 2031 4953; x_wconf 74' lang='grc' dir='ltr'><strong>γὰρ</strong></span> 
     </span>
    </p>
   </div>
   <div class='ocr_carea' id='block_1_97' title="bbox 456 4970 2030 5046">
    <p class='ocr_par' dir='ltr' id='par_1_97' title="bbox 456 4970 2030 5046">
     <span class='ocr_line' id='line_1_97' title="bbox 456 4970 2030 5046; baseline -0.003 -16"><span class='ocrx_word' id='word_1_734' title='bbox 456 4974 585 5046; x_wconf 73' lang='grc' dir='ltr'><strong>ιξῆς</strong></span> <span class='ocrx_word' id='word_1_735' title='bbox 626 4973 1114 5045; x_wconf 88' lang='grc' dir='ltr'><strong>παρακαλούμενος</strong></span> <span class='ocrx_word' id='word_1_736' title='bbox 1150 4972 1337 5027; x_wconf 81' lang='grc' dir='ltr'><strong>οὐκέτι</strong></span> <span class='ocrx_word' id='word_1_737' title='bbox 1378 4972 1463 5036; x_wconf 80' lang='grc' dir='ltr'><strong>είς</strong></span> <span class='ocrx_word' id='word_1_738' title='bbox 1505 4970 1703 5027; x_wconf 84' lang='grc' dir='ltr'><strong>ταύτὸν</strong></span> <span class='ocrx_word' id='word_1_739' title='bbox 1752 4970 2030 5025; x_wconf 86' lang='grc' dir='ltr'><strong>συνελθεῖν</strong></span> 
     </span>
    </p>
   </div>
   <div class='ocr_carea' id='block_1_98' title="bbox 2135 4698 3719 4770">
    <p class='ocr_par' dir='ltr' id='par_1_98' title="bbox 2135 4698 3719 4770">
     <span class='ocr_line' id='line_1_98' title="bbox 2135 4698 3719 4770; baseline 0.001 -16"><span class='ocrx_word' id='word_1_740' title='bbox 2135 4709 2238 4755; x_wconf 88' lang='lat' dir='ltr'><strong>set.</strong></span> <span class='ocrx_word' id='word_1_741' title='bbox 2264 4699 2569 4767; x_wconf 91' lang='lat' dir='ltr'><strong>Quomodo,</strong></span> <span class='ocrx_word' id='word_1_742' title='bbox 2587 4698 2829 4763; x_wconf 90' lang='lat' dir='ltr'><strong>aiebant,</strong></span> <span class='ocrx_word' id='word_1_743' title='bbox 2847 4713 3046 4770; x_wconf 75' lang='lat' dir='ltr'><strong>negare</strong></span> <span class='ocrx_word' id='word_1_744' title='bbox 3067 4713 3215 4753; x_wconf 92' lang='lat' dir='ltr'><strong>nunc</strong></span> <span class='ocrx_word' id='word_1_745' title='bbox 3246 4699 3415 4755; x_wconf 85' lang='lat' dir='ltr'><strong>audes</strong></span> <span class='ocrx_word' id='word_1_746' title='bbox 3445 4700 3567 4754; x_wconf 84' lang='lat' dir='ltr'><strong>Filii</strong></span> <span class='ocrx_word' id='word_1_747' title='bbox 3592 4716 3719 4756; x_wconf 93' lang='lat' dir='ltr'><strong>cum</strong></span> 
     </span>
    </p>
   </div>
   <div class='ocr_carea' id='block_1_99' title="bbox 2137 4791 3720 4847">
    <p class='ocr_par' dir='ltr' id='par_1_99' title="bbox 2137 4791 3720 4847">
     <span class='ocr_line' id='line_1_99' title="bbox 2137 4791 3720 4847; baseline 0 0"><span class='ocrx_word' id='word_1_748' title='bbox 2137 4793 2298 4847; x_wconf 87' lang='lat' dir='ltr'><strong>Patre</strong></span> <span class='ocrx_word' id='word_1_749' title='bbox 2330 4791 2748 4847; x_wconf 87' lang='lat' dir='ltr'><strong>similitudinem</strong></span> <span class='ocrx_word' id='word_1_750' title='bbox 2780 4791 3084 4846; x_wconf 90' lang='lat' dir='ltr'><strong>secundum</strong></span> <span class='ocrx_word' id='word_1_751' title='bbox 3124 4792 3531 4847; x_wconf 83' lang='lat' dir='ltr'><strong>substantiam?</strong></span> <span class='ocrx_word' id='word_1_752' title='bbox 3579 4793 3720 4847; x_wconf 88' lang='lat' dir='ltr'><strong>Tum</strong></span> 
     </span>
    </p>
   </div>
   <div class='ocr_carea' id='block_1_100' title="bbox 2136 4883 3720 4955">
    <p class='ocr_par' dir='ltr' id='par_1_100' title="bbox 2136 4883 3720 4955">
     <span class='ocr_line' id='line_1_100' title="bbox 2136 4883 3720 4955; baseline 0.002 -18"><span class='ocrx_word' id='word_1_753' title='bbox 2136 4883 2403 4939; x_wconf 89' lang='lat' dir='ltr'><strong>Aeacius:</strong></span> <span class='ocrx_word' id='word_1_754' title='bbox 2430 4883 2619 4955; x_wconf 86' lang='lat' dir='ltr'><strong>Neque</strong></span> <span class='ocrx_word' id='word_1_755' title='bbox 2646 4900 2714 4938; x_wconf 81' lang='lat' dir='ltr'><strong>ex</strong></span> <span class='ocrx_word' id='word_1_756' title='bbox 2743 4884 3169 4949; x_wconf 84' lang='lat' dir='ltr'><strong>recentioribus,</strong></span> <span class='ocrx_word' id='word_1_757' title='bbox 3199 4884 3399 4955; x_wconf 90' lang='lat' dir='ltr'><strong>inquit,</strong></span> <span class='ocrx_word' id='word_1_758' title='bbox 3435 4901 3615 4955; x_wconf 88' lang='lat' dir='ltr'><strong>neque</strong></span> <span class='ocrx_word' id='word_1_759' title='bbox 3652 4902 3720 4939; x_wconf 75' lang='lat' dir='ltr'><strong>ex</strong></span> 
     </span>
    </p>
   </div>
   <div class='ocr_carea' id='block_1_101' title="bbox 2137 4975 3716 5047">
    <p class='ocr_par' dir='ltr' id='par_1_101' title="bbox 2137 4975 3716 5047">
     <span class='ocr_line' id='line_1_101' title="bbox 2137 4975 3716 5047; baseline 0.002 -19"><span class='ocrx_word' id='word_1_760' title='bbox 2137 4975 2533 5030; x_wconf 90' lang='lat' dir='ltr'><strong>vetustioribus</strong></span> <span class='ocrx_word' id='word_1_761' title='bbox 2553 4975 2863 5045; x_wconf 88' lang='lat' dir='ltr'><strong>quisquam,</strong></span> <span class='ocrx_word' id='word_1_762' title='bbox 2890 4991 2959 5031; x_wconf 80' lang='lat' dir='ltr'><strong>ex</strong></span> <span class='ocrx_word' id='word_1_763' title='bbox 2980 4975 3139 5031; x_wconf 88' lang='lat' dir='ltr'><strong>libris</strong></span> <span class='ocrx_word' id='word_1_764' title='bbox 3164 4976 3281 5031; x_wconf 86' lang='lat' dir='ltr'><strong>suis</strong></span> <span class='ocrx_word' id='word_1_765' title='bbox 3306 4977 3586 5047; x_wconf 86' lang='lat' dir='ltr'><strong>judicatus</strong></span> <span class='ocrx_word' id='word_1_766' title='bbox 3611 4984 3716 5032; x_wconf 88' lang='lat' dir='ltr'><strong>est.</strong></span> 
     </span>
    </p>
   </div>
   <div class='ocr_carea' id='block_1_102' title="bbox 1644 5150 2501 5207">
    <p class='ocr_par' dir='ltr' id='par_1_102' title="bbox 1644 5150 2501 5207">
     <span class='ocr_line' id='line_1_102' title="bbox 1644 5150 2501 5207; baseline -0.002 -1"><span class='ocrx_word' id='word_1_767' title='bbox 1644 5150 1913 5206; x_wconf 86' lang='lat' dir='ltr'><strong>VALESll</strong></span> <span class='ocrx_word' id='word_1_768' title='bbox 1947 5150 2390 5207; x_wconf 76' lang='lat' dir='ltr'><strong>ANNOTATION</strong></span> <span class='ocrx_word' id='word_1_769' title='bbox 2399 5150 2501 5205; x_wconf 85' lang='lat' dir='ltr'><strong>ES.</strong></span> 
     </span>
    </p>
   </div>
   <div class='ocr_carea' id='block_1_103' title="bbox 525 5265 2039 5342">
    <p class='ocr_par' dir='ltr' id='par_1_103' title="bbox 525 5265 2039 5342">
     <span class='ocr_line' id='line_1_103' title="bbox 525 5265 2039 5342; baseline -0.005 -16"><span class='ocrx_word' id='word_1_770' title='bbox 525 5270 636 5342; x_wconf 87' lang='lat'><strong>(70)</strong></span> <span class='ocrx_word' id='word_1_771' title='bbox 653 5270 776 5342; x_wconf 80' lang='grc' dir='ltr'><strong>Οὐχ</strong></span> <span class='ocrx_word' id='word_1_772' title='bbox 798 5269 901 5342; x_wconf 75' lang='grc' dir='ltr'><strong>ἵνα</strong></span> <span class='ocrx_word' id='word_1_773' title='bbox 910 5268 1074 5342; x_wconf 70' lang='grc' dir='ltr'><strong>μάθῃ</strong></span> <span class='ocrx_word' id='word_1_774' title='bbox 1087 5266 1129 5322; x_wconf 78' lang='grc' dir='ltr'><strong>ά</strong></span> <span class='ocrx_word' id='word_1_775' title='bbox 1149 5265 1510 5342; x_wconf 64' lang='grc' dir='ltr'><strong>μεμάθηκεν.</strong></span> <span class='ocrx_word' id='word_1_776' title='bbox 1530 5266 1589 5321; x_wconf 84' lang='lat' dir='ltr'><strong>In</strong></span> <span class='ocrx_word' id='word_1_777' title='bbox 1605 5265 1795 5342; x_wconf 75' lang='lat' dir='ltr'><strong>codice</strong></span> <span class='ocrx_word' id='word_1_778' title='bbox 1813 5265 2039 5342; x_wconf 56' lang='lat' dir='ltr'><strong>Floren-</strong></span> 
     </span>
    </p>
   </div>
   <div class='ocr_carea' id='block_1_104' title="bbox 458 5289 2039 5420">
    <p class='ocr_par' dir='ltr' id='par_1_104' title="bbox 458 5289 2039 5420">
     <span class='ocr_line' id='line_1_104' title="bbox 525 5289 2039 5346; baseline -0.005 -20"><span class='ocrx_word' id='word_1_779' title='bbox 525 5289 636 5342; x_wconf 77' lang='lat' dir='ltr'><strong>(IU)</strong></span> <span class='ocrx_word' id='word_1_780' title='bbox 653 5289 737 5324; x_wconf 87' lang='grc' dir='ltr'><strong>υυ</strong></span> <span class='ocrx_word' id='word_1_781' title='bbox 801 5289 1069 5339; x_wconf 65' lang='lat' dir='ltr'><strong>crapulm</strong></span> <span class='ocrx_word' id='word_1_782' title='bbox 1087 5289 1129 5322; x_wconf 82' lang='grc' dir='ltr'><strong>α</strong></span> <span class='ocrx_word' id='word_1_783' title='bbox 1149 5289 1508 5337; x_wconf 76' lang='grc' dir='ltr'><strong>μεμασηκεν.</strong></span> <span class='ocrx_word' id='word_1_784' title='bbox 1534 5289 1589 5321; x_wconf 86' lang='lat' dir='ltr'><strong>In</strong></span> <span class='ocrx_word' id='word_1_785' title='bbox 1605 5289 1795 5321; x_wconf 77' lang='lat' dir='ltr'><strong>couwt:</strong></span> <span class='ocrx_word' id='word_1_786' title='bbox 1817 5289 1842 5319; x_wconf 84' lang='grc' dir='ltr'><strong>ι·</strong></span> <span class='ocrx_word' id='word_1_787' title='bbox 1858 5289 2039 5346; x_wconf 57' lang='lat' dir='ltr'><strong>turmi-</strong></span> 
     </span>
     <span class='ocr_line' id='line_1_105' title="bbox 458 5289 2039 5420; baseline -0.006 -22"><span class='ocrx_word' id='word_1_788' title='bbox 458 5344 575 5420; x_wconf 79' lang='lat' dir='ltr'><strong>tino</strong></span> <span class='ocrx_word' id='word_1_789' title='bbox 596 5352 653 5420; x_wconf 81' lang='lat' dir='ltr'><strong>et</strong></span> <span class='ocrx_word' id='word_1_790' title='bbox 677 5289 1237 5420; x_wconf 44' lang='lat' dir='ltr'><strong>Alfatianohseriptum</strong></span> <span class='ocrx_word' id='word_1_791' title='bbox 1264 5348 1351 5420; x_wconf 77' lang='lat' dir='ltr'><strong>est</strong></span> <span class='ocrx_word' id='word_1_792' title='bbox 1370 5356 1383 5390; x_wconf 91' lang='lat'><strong>:</strong></span> <span class='ocrx_word' id='word_1_793' title='bbox 1401 5338 1437 5391; x_wconf 77' lang='grc' dir='ltr'>ἃ</span> <span class='ocrx_word' id='word_1_794' title='bbox 1455 5338 1528 5420; x_wconf 79' lang='grc' dir='ltr'><strong>μῂ</strong></span> <span class='ocrx_word' id='word_1_795' title='bbox 1552 5336 1889 5420; x_wconf 78' lang='grc' dir='ltr'><strong>μεμάθηκεν.</strong></span> <span class='ocrx_word' id='word_1_796' title='bbox 1911 5336 2039 5420; x_wconf 62' lang='lat' dir='ltr'><strong>Ept—</strong></span> 
     </span>
    </p>
   </div>
   <div class='ocr_carea' id='block_1_105' title="bbox 458 5409 2029 5485">
    <p class='ocr_par' dir='ltr' id='par_1_105' title="bbox 458 5409 2029 5485">
     <span class='ocr_line' id='line_1_106' title="bbox 458 5409 2029 5485; baseline -0.006 -16"><span class='ocrx_word' id='word_1_797' title='bbox 458 5414 695 5485; x_wconf 86' lang='lat' dir='ltr'><strong>phanius</strong></span> <span class='ocrx_word' id='word_1_798' title='bbox 720 5409 1305 5485; x_wconf 33' lang='lat' dir='ltr'><strong>autem‘Scholasticus</strong></span> <span class='ocrx_word' id='word_1_799' title='bbox 1327 5409 1476 5463; x_wconf 93' lang='lat' dir='ltr'><strong>hunc</strong></span> <span class='ocrx_word' id='word_1_800' title='bbox 1504 5409 1683 5462; x_wconf 93' lang='lat' dir='ltr'><strong>locum</strong></span> <span class='ocrx_word' id='word_1_801' title='bbox 1712 5409 1789 5461; x_wconf 91' lang='lat' dir='ltr'><strong>ita</strong></span> <span class='ocrx_word' id='word_1_802' title='bbox 1829 5409 2029 5485; x_wconf 73' lang='lat' dir='ltr'><strong>vertit:</strong></span> 
     </span>
    </p>
   </div>
   <div class='ocr_carea' id='block_1_106' title="bbox 461 5478 2035 5543">
    <p class='ocr_par' dir='ltr' id='par_1_106' title="bbox 461 5478 2035 5543">
     <span class='ocr_line' id='line_1_107' title="bbox 461 5478 2035 5543; baseline -0.005 -5"><span class='ocrx_word' id='word_1_803' title='bbox 461 5478 700 5538; x_wconf 65' lang='lat' dir='ltr'><strong>Pricaeus</strong></span> <span class='ocrx_word' id='word_1_804' title='bbox 734 5478 1015 5535; x_wconf 71' lang='lat' dir='ltr'><strong>concilium</strong></span> <span class='ocrx_word' id='word_1_805' title='bbox 1048 5479 1375 5533; x_wconf 77' lang='lat' dir='ltr'><strong>celebratum</strong></span> <span class='ocrx_word' id='word_1_806' title='bbox 1400 5488 1499 5543; x_wconf 75' lang='lat' dir='ltr'><strong>est,</strong></span> <span class='ocrx_word' id='word_1_807' title='bbox 1536 5494 1639 5531; x_wconf 86' lang='lat' dir='ltr'><strong>non</strong></span> <span class='ocrx_word' id='word_1_808' title='bbox 1670 5487 1726 5531; x_wconf 84' lang='lat' dir='ltr'><strong>ut</strong></span> <span class='ocrx_word' id='word_1_809' title='bbox 1770 5478 2035 5531; x_wconf 78' lang='lat' dir='ltr'><strong>mathema</strong></span> 
     </span>
    </p>
   </div>
   <div class='ocr_carea' id='block_1_107' title="bbox 457 5546 2033 5621">
    <p class='ocr_par' dir='ltr' id='par_1_107' title="bbox 457 5546 2033 5621">
     <span class='ocr_line' id='line_1_108' title="bbox 457 5546 2033 5621; baseline -0.003 -15"><span class='ocrx_word' id='word_1_810' title='bbox 457 5557 652 5617; x_wconf 76' lang='lat' dir='ltr'><strong>discat;</strong></span> <span class='ocrx_word' id='word_1_811' title='bbox 674 5552 756 5607; x_wconf 85' lang='lat' dir='ltr'><strong>sic</strong></span> <span class='ocrx_word' id='word_1_812' title='bbox 800 5551 955 5606; x_wconf 90' lang='lat' dir='ltr'><strong>enim</strong></span> <span class='ocrx_word' id='word_1_813' title='bbox 1004 5550 1301 5621; x_wconf 77' lang='lat' dir='ltr'><strong>legendum</strong></span> <span class='ocrx_word' id='word_1_814' title='bbox 1347 5558 1454 5615; x_wconf 81' lang='lat' dir='ltr'><strong>est,</strong></span> <span class='ocrx_word' id='word_1_815' title='bbox 1496 5557 1558 5603; x_wconf 93' lang='lat' dir='ltr'><strong>ut</strong></span> <span class='ocrx_word' id='word_1_816' title='bbox 1580 5549 1692 5619; x_wconf 80' lang='lat' dir='ltr'><strong>jam</strong></span> <span class='ocrx_word' id='word_1_817' title='bbox 1740 5556 1903 5605; x_wconf 87' lang='lat' dir='ltr'><strong>antea</strong></span> <span class='ocrx_word' id='word_1_818' title='bbox 1930 5546 2033 5601; x_wconf 81' lang='lat' dir='ltr'><strong>ob-</strong></span> 
     </span>
    </p>
   </div>
   <div class='ocr_carea' id='block_1_108' title="bbox 458 5639 2034 5765">
    <p class='ocr_par' dir='ltr' id='par_1_108' title="bbox 458 5639 2034 5765">
     <span class='ocr_line' id='line_1_109' title="bbox 458 5639 2034 5765; baseline -0.004 -18"><span class='ocrx_word' id='word_1_819' title='bbox 458 5639 1029 5765; x_wconf 54' lang='grc' dir='ltr'><strong>³ωὸἲῖ..ξιίνοιχρῦονιι</strong></span> <span class='ocrx_word' id='word_1_820' title='bbox 1055 5691 1165 5765; x_wconf 72' lang='lat' dir='ltr'><strong>Aut</strong></span> <span class='ocrx_word' id='word_1_821' title='bbox 1199 5689 1493 5765; x_wconf 48' lang='lat' dir='ltr'><strong>prcipuam</strong></span> <span class='ocrx_word' id='word_1_822' title='bbox 1526 5687 1899 5744; x_wconf 82' lang='lat' dir='ltr'><strong>&#39;seribendum</strong></span> <span class='ocrx_word' id='word_1_823' title='bbox 1912 5694 2034 5765; x_wconf 64' lang='lat' dir='ltr'><strong>est,</strong></span> 
     </span>
    </p>
   </div>
   <div class='ocr_carea' id='block_1_109' title="bbox 456 5758 2035 5833">
    <p class='ocr_par' dir='ltr' id='par_1_109' title="bbox 456 5758 2035 5833">
     <span class='ocr_line' id='line_1_110' title="bbox 456 5758 2035 5833; baseline -0.004 -15"><span class='ocrx_word' id='word_1_824' title='bbox 456 5758 688 5819; x_wconf 80' lang='lat' dir='ltr'><strong>accentu</strong></span> <span class='ocrx_word' id='word_1_825' title='bbox 720 5762 777 5817; x_wconf 92' lang='lat' dir='ltr'><strong>in</strong></span> <span class='ocrx_word' id='word_1_826' title='bbox 804 5758 1574 5833; x_wconf 12' lang='lat' dir='ltr'><strong>primmrsyllahamimjecto,</strong></span> <span class='ocrx_word' id='word_1_827' title='bbox 1595 5769 1693 5816; x_wconf 90' lang='lat' dir='ltr'><strong>aut</strong></span> <span class='ocrx_word' id='word_1_828' title='bbox 1726 5758 2035 5830; x_wconf 83' lang='grc' dir='ltr'><strong>στοιχοῦσα,</strong></span> 
     </span>
    </p>
   </div>
   <div class='ocr_carea' id='block_1_110' title="bbox 459 5832 1492 5889">
    <p class='ocr_par' dir='ltr' id='par_1_110' title="bbox 459 5832 1492 5889">
     <span class='ocr_line' id='line_1_111' title="bbox 459 5832 1492 5889; baseline -0.005 0"><span class='ocrx_word' id='word_1_829' title='bbox 459 5844 524 5889; x_wconf 76' lang='lat' dir='ltr'><strong>ut</strong></span> <span class='ocrx_word' id='word_1_830' title='bbox 547 5832 821 5889; x_wconf 80' lang='lat' dir='ltr'><strong>scribitur</strong></span> <span class='ocrx_word' id='word_1_831' title='bbox 844 5834 898 5887; x_wconf 92' lang='lat' dir='ltr'><strong>in</strong></span> <span class='ocrx_word' id='word_1_832' title='bbox 932 5832 1123 5886; x_wconf 87' lang='lat' dir='ltr'><strong>codice</strong></span> <span class='ocrx_word' id='word_1_833' title='bbox 1154 5832 1492 5886; x_wconf 76' lang='lat' dir='ltr'><strong>Florentino.</strong></span> 
     </span>
    </p>
   </div>
   <div class='ocr_carea' id='block_1_111' title="bbox 532 5902 2028 5973">
    <p class='ocr_par' dir='ltr' id='par_1_111' title="bbox 532 5902 2028 5973">
     <span class='ocr_line' id='line_1_112' title="bbox 532 5902 2028 5973; baseline -0.003 -14"><span class='ocrx_word' id='word_1_834' title='bbox 532 5904 645 5973; x_wconf 77' lang='lat'><strong>(72)</strong></span> <span class='ocrx_word' id='word_1_835' title='bbox 698 5905 845 5972; x_wconf 85' lang='grc' dir='ltr'><strong>Τοὺς</strong></span> <span class='ocrx_word' id='word_1_836' title='bbox 884 5903 980 5959; x_wconf 80' lang='grc' dir='ltr'><strong>καὶ</strong></span> <span class='ocrx_word' id='word_1_837' title='bbox 1028 5904 1275 5957; x_wconf 74' lang='grc' dir='ltr'><strong>ἐκείνων</strong></span> <span class='ocrx_word' id='word_1_838' title='bbox 1321 5902 1581 5972; x_wconf 69' lang='grc' dir='ltr'><strong>πατέρας</strong></span> <span class='ocrx_word' id='word_1_839' title='bbox 1639 5902 2028 5973; x_wconf 70' lang='grc' dir='ltr'><strong>ἀρνούμενος.</strong></span> 
     </span>
    </p>
   </div>
   <div class='ocr_carea' id='block_1_112' title="bbox 2137 5266 3722 5336">
    <p class='ocr_par' dir='ltr' id='par_1_112' title="bbox 2137 5266 3722 5336">
     <span class='ocr_line' id='line_1_113' title="bbox 2137 5266 3722 5336; baseline 0.003 -17"><span class='ocrx_word' id='word_1_840' title='bbox 2137 5266 2378 5320; x_wconf 83' lang='lat' dir='ltr'><strong>Delenda</strong></span> <span class='ocrx_word' id='word_1_841' title='bbox 2405 5266 2625 5321; x_wconf 83' lang='lat' dir='ltr'><strong>videtur</strong></span> <span class='ocrx_word' id='word_1_842' title='bbox 2645 5268 2913 5336; x_wconf 82' lang='lat' dir='ltr'><strong>particula</strong></span> <span class='ocrx_word' id='word_1_843' title='bbox 2949 5268 3062 5330; x_wconf 82' lang='grc' dir='ltr'><strong>καί,</strong></span> <span class='ocrx_word' id='word_1_844' title='bbox 3106 5282 3228 5336; x_wconf 73' lang='lat' dir='ltr'><strong>quae</strong></span> <span class='ocrx_word' id='word_1_845' title='bbox 3259 5283 3483 5321; x_wconf 83' lang='lat' dir='ltr'><strong>sensum</strong></span> <span class='ocrx_word' id='word_1_846' title='bbox 3531 5269 3722 5325; x_wconf 86' lang='lat' dir='ltr'><strong>turbat</strong></span> 
     </span>
    </p>
   </div>
   <div class='ocr_carea' id='block_1_113' title="bbox 2136 5337 3721 5407">
    <p class='ocr_par' dir='ltr' id='par_1_113' title="bbox 2136 5337 3721 5407">
     <span class='ocr_line' id='line_1_114' title="bbox 2136 5337 3721 5407; baseline 0.003 -19"><span class='ocrx_word' id='word_1_847' title='bbox 2136 5338 2325 5405; x_wconf 87' lang='lat' dir='ltr'><strong>potius</strong></span> <span class='ocrx_word' id='word_1_848' title='bbox 2355 5352 2517 5405; x_wconf 86' lang='lat' dir='ltr'><strong>quam</strong></span> <span class='ocrx_word' id='word_1_849' title='bbox 2550 5338 2787 5407; x_wconf 81' lang='lat' dir='ltr'><strong>adjuvat.</strong></span> <span class='ocrx_word' id='word_1_850' title='bbox 2819 5337 2982 5393; x_wconf 89' lang='lat' dir='ltr'><strong>Certe</strong></span> <span class='ocrx_word' id='word_1_851' title='bbox 3032 5339 3373 5407; x_wconf 79' lang='lat' dir='ltr'><strong>Epiphanius</strong></span> <span class='ocrx_word' id='word_1_852' title='bbox 3416 5338 3721 5393; x_wconf 82' lang='lat' dir='ltr'><strong>Scholasti-</strong></span> 
     </span>
    </p>
   </div>
   <div class='ocr_carea' id='block_1_114' title="bbox 2135 5408 3721 5477">
    <p class='ocr_par' dir='ltr' id='par_1_114' title="bbox 2135 5408 3721 5477">
     <span class='ocr_line' id='line_1_115' title="bbox 2135 5408 3721 5477; baseline 0.002 -17"><span class='ocrx_word' id='word_1_853' title='bbox 2135 5423 2235 5460; x_wconf 81' lang='lat' dir='ltr'><strong>cus</strong></span> <span class='ocrx_word' id='word_1_854' title='bbox 2270 5423 2390 5460; x_wconf 83' lang='lat' dir='ltr'><strong>eam</strong></span> <span class='ocrx_word' id='word_1_855' title='bbox 2436 5423 2545 5460; x_wconf 90' lang='lat' dir='ltr'><strong>non</strong></span> <span class='ocrx_word' id='word_1_856' title='bbox 2572 5409 2838 5477; x_wconf 73' lang='lat' dir='ltr'><strong>agnoscit.</strong></span> <span class='ocrx_word' id='word_1_857' title='bbox 2874 5408 2965 5463; x_wconf 87' lang='lat' dir='ltr'><strong>Sic</strong></span> <span class='ocrx_word' id='word_1_858' title='bbox 2994 5410 3143 5462; x_wconf 88' lang='lat' dir='ltr'><strong>enim</strong></span> <span class='ocrx_word' id='word_1_859' title='bbox 3186 5409 3353 5461; x_wconf 87' lang='lat' dir='ltr'><strong>vertit</strong></span> <span class='ocrx_word' id='word_1_860' title='bbox 3402 5426 3412 5461; x_wconf 95' lang='lat'><strong>:</strong></span> <span class='ocrx_word' id='word_1_861' title='bbox 3448 5408 3721 5473; x_wconf 83' lang='lat' dir='ltr'><strong>Quomodo</strong></span> 
     </span>
    </p>
   </div>
   <div class='ocr_carea' id='block_1_115' title="bbox 2135 5478 3722 5546">
    <p class='ocr_par' dir='ltr' id='par_1_115' title="bbox 2135 5478 3722 5546">
     <span class='ocr_line' id='line_1_116' title="bbox 2135 5478 3722 5546; baseline 0.001 -15"><span class='ocrx_word' id='word_1_862' title='bbox 2135 5488 2313 5546; x_wconf 79' lang='lat' dir='ltr'><strong>patres</strong></span> <span class='ocrx_word' id='word_1_863' title='bbox 2368 5478 2458 5530; x_wconf 70' lang='lat' dir='ltr'><strong>hos</strong></span> <span class='ocrx_word' id='word_1_864' title='bbox 2506 5479 2769 5542; x_wconf 75' lang='lat' dir='ltr'><strong>nominas,</strong></span> <span class='ocrx_word' id='word_1_865' title='bbox 2830 5495 2861 5531; x_wconf 92' lang='grc' dir='ltr'><strong>ο</strong></span> <span class='ocrx_word' id='word_1_866' title='bbox 2903 5478 3118 5539; x_wconf 75' lang='lat' dir='ltr'><strong>Eleusi,</strong></span> <span class='ocrx_word' id='word_1_867' title='bbox 3178 5495 3297 5531; x_wconf 87' lang='lat' dir='ltr'><strong>cum</strong></span> <span class='ocrx_word' id='word_1_868' title='bbox 3356 5478 3573 5533; x_wconf 83' lang='lat' dir='ltr'><strong>illorum</strong></span> <span class='ocrx_word' id='word_1_869' title='bbox 3618 5498 3722 5533; x_wconf 86' lang='lat' dir='ltr'><strong>non</strong></span> 
     </span>
    </p>
   </div>
   <div class='ocr_carea' id='block_1_116' title="bbox 2135 5548 3723 5618">
    <p class='ocr_par' dir='ltr' id='par_1_116' title="bbox 2135 5548 3723 5618">
     <span class='ocr_line' id='line_1_117' title="bbox 2135 5548 3723 5618; baseline 0.004 -19"><span class='ocrx_word' id='word_1_870' title='bbox 2135 5549 2358 5617; x_wconf 76' lang='lat' dir='ltr'><strong>recipias</strong></span> <span class='ocrx_word' id='word_1_871' title='bbox 2398 5550 2617 5618; x_wconf 73' lang='lat' dir='ltr'><strong>patres?</strong></span> <span class='ocrx_word' id='word_1_872' title='bbox 2642 5548 2701 5602; x_wconf 87' lang='lat' dir='ltr'><strong>In</strong></span> <span class='ocrx_word' id='word_1_873' title='bbox 2730 5548 2921 5603; x_wconf 89' lang='lat' dir='ltr'><strong>codice</strong></span> <span class='ocrx_word' id='word_1_874' title='bbox 2949 5560 3132 5603; x_wconf 89' lang='lat' dir='ltr'><strong>autem</strong></span> <span class='ocrx_word' id='word_1_875' title='bbox 3164 5548 3365 5603; x_wconf 89' lang='lat' dir='ltr'><strong>Leonis</strong></span> <span class='ocrx_word' id='word_1_876' title='bbox 3394 5549 3602 5611; x_wconf 88' lang='lat' dir='ltr'><strong>Allatii,</strong></span> <span class='ocrx_word' id='word_1_877' title='bbox 3631 5551 3723 5605; x_wconf 91' lang='lat' dir='ltr'><strong>hic</strong></span> 
     </span>
    </p>
   </div>
   <div class='ocr_carea' id='block_1_117' title="bbox 2136 5618 3723 5690">
    <p class='ocr_par' dir='ltr' id='par_1_117' title="bbox 2136 5618 3723 5690">
     <span class='ocr_line' id='line_1_118' title="bbox 2136 5618 3723 5690; baseline 0.001 -18"><span class='ocrx_word' id='word_1_878' title='bbox 2136 5618 2290 5690; x_wconf 87' lang='lat' dir='ltr'><strong>locus</strong></span> <span class='ocrx_word' id='word_1_879' title='bbox 2331 5620 2405 5690; x_wconf 86' lang='lat' dir='ltr'><strong>ita</strong></span> <span class='ocrx_word' id='word_1_880' title='bbox 2427 5618 2768 5690; x_wconf 72' lang='lat' dir='ltr'><strong>perscriptus</strong></span> <span class='ocrx_word' id='word_1_881' title='bbox 2787 5629 2903 5673; x_wconf 90' lang='lat' dir='ltr'><strong>est:</strong></span> <span class='ocrx_word' id='word_1_882' title='bbox 2928 5621 3022 5672; x_wconf 75' lang='grc' dir='ltr'><strong>καὶ</strong></span> <span class='ocrx_word' id='word_1_883' title='bbox 3050 5620 3176 5681; x_wconf 84' lang='grc' dir='ltr'><strong>τοὺς</strong></span> <span class='ocrx_word' id='word_1_884' title='bbox 3209 5620 3431 5690; x_wconf 80' lang='grc' dir='ltr'><strong>ἐκείνων</strong></span> <span class='ocrx_word' id='word_1_885' title='bbox 3478 5620 3723 5690; x_wconf 76' lang='grc' dir='ltr'><strong>πατέρας</strong></span> 
     </span>
    </p>
   </div>
   <div class='ocr_carea' id='block_1_118' title="bbox 2136 5689 3721 5758">
    <p class='ocr_par' dir='ltr' id='par_1_118' title="bbox 2136 5689 3721 5758">
     <span class='ocr_line' id='line_1_119' title="bbox 2136 5689 3721 5758; baseline 0.002 -19"><span class='ocrx_word' id='word_1_886' title='bbox 2136 5689 2548 5756; x_wconf 73' lang='grc' dir='ltr'><strong>άρνουμένουςς</strong></span> <span class='ocrx_word' id='word_1_887' title='bbox 2616 5689 2823 5758; x_wconf 90' lang='lat' dir='ltr'><strong>absque</strong></span> <span class='ocrx_word' id='word_1_888' title='bbox 2890 5690 3003 5743; x_wconf 92' lang='lat' dir='ltr'><strong>ullo</strong></span> <span class='ocrx_word' id='word_1_889' title='bbox 3059 5704 3244 5743; x_wconf 86' lang='lat' dir='ltr'><strong>sensu.</strong></span> <span class='ocrx_word' id='word_1_890' title='bbox 3308 5689 3414 5744; x_wconf 85' lang='lat' dir='ltr'><strong>Sed</strong></span> <span class='ocrx_word' id='word_1_891' title='bbox 3475 5689 3721 5744; x_wconf 83' lang='lat' dir='ltr'><strong>nostram</strong></span> 
     </span>
    </p>
   </div>
   <div class='ocr_carea' id='block_1_119' title="bbox 2134 5758 3725 5829">
    <p class='ocr_par' dir='ltr' id='par_1_119' title="bbox 2134 5758 3725 5829">
     <span class='ocr_line' id='line_1_120' title="bbox 2134 5758 3725 5829; baseline 0.001 -18"><span class='ocrx_word' id='word_1_892' title='bbox 2134 5758 2578 5812; x_wconf 88' lang='lat' dir='ltr'><strong>emendationem</strong></span> <span class='ocrx_word' id='word_1_893' title='bbox 2615 5759 2905 5814; x_wconf 80' lang='lat' dir='ltr'><strong>confirmat</strong></span> <span class='ocrx_word' id='word_1_894' title='bbox 2935 5760 3107 5814; x_wconf 82' lang='lat' dir='ltr'><strong>codex</strong></span> <span class='ocrx_word' id='word_1_895' title='bbox 3142 5759 3475 5823; x_wconf 88' lang='lat' dir='ltr'><strong>Sfortianus,</strong></span> <span class='ocrx_word' id='word_1_896' title='bbox 3506 5760 3560 5814; x_wconf 84' lang='lat' dir='ltr'><strong>in</strong></span> <span class='ocrx_word' id='word_1_897' title='bbox 3614 5775 3725 5829; x_wconf 87' lang='lat' dir='ltr'><strong>quo</strong></span> 
     </span>
    </p>
   </div>
   <div class='ocr_carea' id='block_1_120' title="bbox 2134 5829 3726 5955">
    <p class='ocr_par' dir='ltr' id='par_1_120' title="bbox 2134 5829 3726 5955">
     <span class='ocr_line' id='line_1_121' title="bbox 2134 5829 3726 5955; baseline 0.001 -74"><span class='ocrx_word' id='word_1_898' title='bbox 2134 5830 2289 5955; x_wconf 54' lang='lat' dir='ltr'><strong>il‘etist</strong></span> <span class='ocrx_word' id='word_1_899' title='bbox 2336 5830 2607 5909; x_wconf 73' lang='lat' dir='ltr'><strong>particula</strong></span> <span class='ocrx_word' id='word_1_900' title='bbox 2635 5830 2749 5896; x_wconf 86' lang='grc' dir='ltr'><strong>καί,</strong></span> <span class='ocrx_word' id='word_1_901' title='bbox 2803 5839 2863 5885; x_wconf 83' lang='grc' dir='ltr'><strong>ιιι</strong></span> <span class='ocrx_word' id='word_1_902' title='bbox 2921 5829 2989 5886; x_wconf 85' lang='lat' dir='ltr'><strong>ad</strong></span> <span class='ocrx_word' id='word_1_903' title='bbox 3022 5832 3167 5887; x_wconf 85' lang='lat' dir='ltr'><strong>latus</strong></span> <span class='ocrx_word' id='word_1_904' title='bbox 3194 5831 3324 5886; x_wconf 89' lang='lat' dir='ltr'><strong>libri</strong></span> <span class='ocrx_word' id='word_1_905' title='bbox 3377 5831 3462 5885; x_wconf 90' lang='lat' dir='ltr'><strong>sui</strong></span> <span class='ocrx_word' id='word_1_906' title='bbox 3513 5830 3726 5886; x_wconf 76' lang='lat' dir='ltr'><strong>notavit</strong></span> 
     </span>
     <span class='ocr_line' id='line_1_122' title="bbox 2184 5909 2472 5955; baseline 0 -2"><span class='ocrx_word' id='word_1_907' title='bbox 2184 5909 2472 5955; x_wconf 78' lang='lat' dir='ltr'><strong>ostentus.</strong></span> 
     </span>
    </p>
   </div>
   <div class='ocr_carea' id='block_1_121' title="bbox 2161 5900 2472 5955">
    <p class='ocr_par' dir='ltr' id='par_1_121' title="bbox 2161 5900 2472 5955">
     <span class='ocr_line' id='line_1_123' title="bbox 2161 5900 2472 5955; baseline 0 -2"><span class='ocrx_word' id='word_1_908' title='bbox 2161 5900 2472 5955; x_wconf 83' lang='lat' dir='ltr'><strong>lolstenius.</strong></span> 
     </span>
    </p>
   </div>
  </div>
