4508 6588
465 422 573 480 διε

1456 426 1780 484 HISTORIA
1817 427 2372 492 ECCLESIASTICA.
2417 465 2485 476 ——
2522 437 2653 492 LlB.
2693 437 2759 493 Π.

3652 443 3757 497 350

468 534 679 608 ελήφθη
716 533 799 597 είς
837 534 966 598 τοὺς
990 535 1287 607 οὐρανοὺς,
1338 539 1435 592 καὶ
1467 538 1761 602 καθέζεται
1808 541 1867 596 ἐν
1901 542 2053 615 δεξιᾷ
2083 555 2126 611 Α
2155 547 2248 604 Pan

1976 542 2053 615 Ξιᾷ
2083 555 2126 611 Α
2155 547 2355 613 Patris,
2385 558 2447 605 ut
2476 550 2671 606 reddat
2695 551 2993 623 unicuique
3016 554 3327 610 mercedem
3357 572 3586 626 operum
3624 574 3756 614 suo-

466 627 563 682 τοῦ
596 628 843 699 Πατρδς,
878 628 1236 700 ἐλευσόμενος
1274 632 1333 684 ἐν
1360 635 1427 702 τῇ
1464 632 1670 706 ἐσχάτῃ
1720 633 1905 707 ἡμέρᾳ
1952 637 2054 705 τῆς

467 721 819 784 ἀναστάσεως
840 722 899 775 ἐν
919 724 986 793 τῇ
1008 724 1255 794 Πατρικῇ
1280 723 1427 797 δόξῃ,
1448 725 1535 778 ἴνα
1558 725 1815 799 ἀποδὼσῃ
1839 729 2055 800 ἑκάστῳ

466 814 613 871 κατά
637 815 707 870 τά
727 815 865 886 ἔργα
888 815 1079 870 αὐτοῦ.
1110 818 1224 872 Καὶ
1257 818 1336 881 είς
1365 818 1428 872 τὸ
1458 818 1614 889 ἅγιον
1640 818 1887 893 Πνεῦμα,
1916 823 2054 895 ὅπερ

467 907 633 972 αὐτὸς
657 909 687 961 ὁ
715 907 1027 979 Μονογενὴς
1041 907 1136 963 τοῦ
1165 908 1302 963 Θεοῦ
1327 912 1356 963 ὁ
1385 910 1645 981 Χριστὸς,
1672 913 1701 965 ὁ
1726 913 1931 985 Κύριος
1957 915 2052 968 καὶ

467 998 772 1072 Θεδςήμῶν
791 998 1155 1071 ἐπηγγείλατο
1181 999 1420 1071 πέμπειν
1434 1000 1512 1072 τῷ
1531 1002 1677 1070 γένει
1697 1001 1807 1057 τῶν
1831 1004 1928 1057 ἀνθ
1938 1002 2048 1074 ρώ-

468 1106 591 1145 πων
635 1088 1017 1162 Παράκλητον,
1052 1088 1310 1163 καθάπερ
1340 1089 1693 1163 γέγραπται,
1738 1090 1802 1145 τὸ
1829 1089 2055 1161 Πνεῦμα

468 1183 572 1256 τῆς
611 1182 873 1255 ἀληθείας
894 1198 909 1212 ·
938 1182 1079 1251 ὅπερ
1107 1181 1291 1247 αὐτοῖς
1320 1180 1569 1254 ἐπεμψεν
1592 1221 1610 1248 ,
1647 1184 1738 1237 ὅτε
1771 1182 2053 1254 ἀνελήφθη

469 1277 549 1339 εἰς
588 1275 718 1339 τοὺς
750 1274 1037 1351 οὐρανούς.
1067 1274 1142 1328 Τὸ
1165 1274 1224 1331 δὲ
1253 1274 1430 1346 ὄνομα
1462 1274 1562 1345 τῆς
1600 1274 1813 1340 οὐσίας,
1850 1275 2056 1330 ἀπλού-

473 1385 663 1441 στερον
695 1366 802 1423 ὑπὸ
824 1367 934 1421 τῶν
962 1367 1217 1440 πατέρων
1242 1367 1426 1440 ἐτέθη,
1467 1367 1835 1439 ἀγνοούμενον
1855 1367 1915 1423 δὲ
1943 1372 2056 1435 τοῖς

471 1461 643 1526 λαοῖς,
679 1460 976 1515 σκάνδαλον
1008 1460 1204 1533 ἔφερε,
1232 1460 1369 1516 διότι
1402 1461 1539 1534 μηδέ
1569 1462 1627 1515 αἱ
1656 1461 1874 1533 Γραφαὶ
1896 1461 2057 1516 τοῦτο

474 1555 844 1628 περιέχουσιν,
901 1554 1070 1626 ήρεσε
1123 1554 1587 1626 περιαιρεθῆναι,
1632 1554 1728 1610 καὶ
1772 1554 2056 1620 παντελῶς

478 1647 750 1720 μηδεμίαν
799 1646 1024 1719 μνήμην
1068 1645 1163 1701 τοῦ
1207 1645 1397 1700 λοιποῦ
1436 1646 1690 1716 γενέσθαι
1714 1686 1731 1711 ,
1756 1648 2055 1723 ἐπειδήπερ

475 1741 652 1797 καιαί
677 1738 819 1793 θεῖαι
844 1738 1062 1810 Γραφαὶ
1088 1736 1329 1805 οὐδαμοῦ
1354 1739 1774 1811 ἐμνημόνευσαν
1807 1742 1936 1813 περὶ
1967 1743 2057 1796 οὐ·

477 1833 599 1896 σίας
628 1831 844 1902 Πατρὸς
874 1832 967 1885 καὶ
985 1829 1138 1885 Υἰοῦ.
1176 1830 1291 1885 Καὶ
1316 1830 1427 1903 γὰρ
1454 1831 1556 1886 οὐκ
1584 1832 1787 1903 ὀφείλει
1816 1834 2055 1888 ὑπόστα-

479 1943 565 1988 σις
605 1924 721 1994 (84)
754 1925 883 1994 περὶ
907 1924 1121 1995 Πατρὸς
1147 1924 1243 1976 καὶ
1276 1923 1407 1977 Υίοῦ
1447 1924 1542 1978 καὶ
1566 1924 1722 1993 ἁγίου
1740 1924 2060 1997 Πνεύματος
2090 1920 2133 1976 Β

474 2014 860 2087 ὀνομάζεσθαι.
897 2016 1122 2086 Ὀμοιον
1144 2015 1201 2068 δέ
1220 2014 1454 2086 λέγομεν
1473 2015 1564 2070 τὸν
1596 2016 1725 2070 Υίὸν
1755 2016 1832 2089 τῷ
1859 2018 2059 2090 Πατρὶ,

475 2110 552 2173 ὡς
588 2108 838 2177 λέγουσιν
863 2108 921 2160 αί
962 2107 1103 2161 θεῖαι
1138 2108 1177 2160 Γ
1184 2108 1356 2179 ραφαὶ
1386 2110 1481 2162 καὶ
1512 2108 1848 2165 διδάσκουσι⁴
1881 2112 2061 2165 Πᾶσαι

474 2200 535 2253 δὲ
573 2200 854 2270 αἱρέσεις,
887 2199 947 2253 αῖ
984 2216 1043 2252 τε
1069 2198 1169 2269 ήδη
1207 2199 1475 2271 πρότερον
1514 2200 1940 2273 κατεκρίθησαν,
1969 2204 2064 2256 καὶ

475 2294 683 2357 αἵτινες
742 2293 837 2347 ἐὰν
890 2293 1212 2364 καινότεραι
1286 2293 1400 2364 (85)
1458 2292 1759 2362 γένωνται,
1820 2295 2063 2350 ἐναντίαι

474 2384 844 2456 τυγχάνουσαι
862 2385 962 2456 τῆς
976 2384 1292 2456 ἐκτεθείσης
1317 2384 1522 2457 ταύτης
1542 2386 1785 2457 γραφῆς,
1813 2387 2063 2460 ἀνάθεμα

476 2478 744 2532 ἔστωσαν.
791 2477 980 2532 Ταῦτα
1029 2476 1129 2546 μὲν
1180 2476 1239 2530 ἐν
1282 2478 1695 2532 Κωνσταντίνου
1745 2478 1898 2532 πόλει
1942 2480 2065 2534 τότε

476 2570 915 2642 ἀνεγνώσθησαν.
932 2571 1124 2641 Ἡμεῖς
1139 2570 1197 2624 δὲ
1214 2570 1306 2624 τὸν
1326 2570 1650 2641 λαϐύρινθον
1668 2571 1777 2625 τῶν
1794 2571 2065 2625 ἐκθέσεων

477 2663 575 2729 ὀψέ
605 2680 737 2718 ποτε
763 2661 1116 2725 διανύσαντες
1143 2703 1159 2729 ,
1187 2661 1285 2732 τὴν
1309 2662 1692 2734 ἀπαρίθμησιν
1722 2663 1906 2717 αὐτῶν
1943 2681 2066 2716 συν-

477 2753 797 2823 αγάγωμεν.
838 2751 994 2806 Μετὰ
1016 2751 1123 2820 γὰρ
1150 2749 1249 2821 τὴν
1273 2753 1330 2805 ἐν
1366 2751 1569 2823 Νικαίᾳ
1600 2752 1802 2819 πίστιν,
1838 2752 2066 2824 ὕστερον

477 2845 536 2896 ἐν
577 2841 879 2912 Ἀντιοχείᾳ
917 2843 1028 2904 τοῖς
1085 2841 1381 2909 ἐγκαινίοις
1440 2840 1628 2904 δισσὰς
1670 2841 1915 2905 ἐκθέσεις
1956 2845 2059 2896 ὐπο

477 2936 814 3007 ηγόρευσαν.
856 2935 899 2985 Τ
905 2934 1027 3004 ρίτη
1060 2932 1118 2985 δέ
1156 2933 1326 2996 ἐστιν,
1347 2934 1381 3001 ή
1410 2933 1718 2988 ἐπιδοθεῖσα
1762 2936 1915 3007 παρὰ
1958 2936 2066 2991 τῶν

477 3025 608 3097 περὶ
646 3025 958 3095 Νάρκισσον
990 3024 1049 3075 ἐν
1073 3025 1195 3085 ταῖς
1240 3022 1491 3087 Γαλλίαις
1524 3021 1604 3093 τῷ
1644 3024 1855 3094 βασιλεῖ
1897 3027 2058 3080 Κών-

479 3132 669 3171 σταντι
694 3132 709 3148 ο
744 3115 982 3186 τετάρτη
1016 3113 1074 3168 δὲ
1096 3152 1111 3177 ,
1143 3115 1178 3185 ἡ
1224 3114 1291 3166 δι’
1329 3114 1582 3179 Εὐδοξίου
1610 3118 1722 3178 τοίς
1753 3118 1811 3169 ἐν
1869 3117 2068 3188 Ἰταλίᾳ

2163 655 2307 693 rum.
2342 640 2411 694 Et
2441 640 2498 695 in
2520 641 2787 713 Spiritum
2810 656 3082 710 sanctum,
3108 662 3273 715 quem
3298 646 3415 717 ipse
3442 649 3759 719 unigenitus

2161 731 2260 786 Dei
2290 732 2482 799 Filius,
2508 733 2780 801 Christus,
2814 736 3079 792 Dominus
3118 753 3182 793 ac
3223 738 3367 793 Deus
3405 749 3593 795 noster
3622 756 3756 810 pro-

2162 825 2313 880 misit
2336 842 2394 882 se
2424 827 2723 884 missurum
2760 830 2943 902 generi
2972 831 3213 886 humano
3239 831 3589 896 advocatum,
3612 832 3758 887 sicut

2161 924 2426 996 scriptum
2448 936 2555 991 est,
2586 926 2852 998 Spiritum
2882 927 3169 983 veritatis:
3204 944 3369 998 quem
3408 937 3466 983 et
3492 928 3623 999 ipsis
3648 930 3757 983 mi-

2161 1014 2253 1079 sit,
2278 1025 2633 1088 posteaquam
2652 1018 3063 1075 ascendissetin
3085 1020 3306 1074 calum.
3326 1020 3538 1076 Nomen
3571 1030 3755 1075 autem

2162 1108 2505 1177 substantia,
2531 1109 2679 1180 quod
2702 1110 3008 1181 simplicius
3036 1126 3069 1165 a
3094 1111 3351 1167 Patribus
3382 1112 3622 1181 positum
3646 1119 3754 1176 est,

2162 1211 2220 1257 et
2250 1202 2398 1273 quod
2443 1203 2691 1274 ignotum
2723 1202 2941 1274 populis
2977 1202 3273 1258 offensioni
3316 1202 3438 1267 fuit,
3462 1211 3755 1274 propterea

2163 1295 2313 1366 quod
2342 1295 2399 1350 in
2421 1296 2595 1351 sacris
2620 1294 2847 1351 Litteris
2864 1311 2976 1351 non
3006 1295 3342 1359 continetur,
3368 1294 3575 1365 placuit
3598 1310 3755 1349 amo-

2161 1388 2302 1453 veri,
2326 1403 2432 1443 nec
2452 1388 2623 1443 ullam
2638 1387 2900 1459 deinceps
2915 1388 3034 1459 ejus
3056 1387 3179 1443 ﬁeri
3202 1386 3559 1453 mentionem,
3581 1402 3758 1457 quan-

2163 1480 2460 1551 doquidem
2476 1495 2646 1536 sacra
2660 1479 2883 1537 Littera
2897 1494 3167 1549 nusquam
3182 1479 3483 1535 meminere
3498 1480 3759 1534 substan-

2166 1577 2255 1632 tia
2273 1575 2451 1633 Patris
2482 1589 2546 1630 ac
2578 1574 2722 1631 Filii.
2746 1573 2886 1630 Nam
2919 1572 3229 1645 bypostasis
3262 1572 3443 1627 Patris
3458 1579 3517 1627 et
3540 1572 3661 1626 Filii
3690 1588 3755 1627 ac

2166 1669 2406 1741 Spiritus
2424 1669 2599 1724 sancti
2628 1684 2699 1724 ne
2732 1667 3007 1723 nominari
3039 1666 3262 1738 quidem
3290 1666 3474 1721 debet.
3506 1666 3753 1721 Similem

2162 1772 2349 1819 autem
2376 1762 2611 1818 dicimus
2642 1761 2843 1817 Filium
2870 1759 3039 1824 Patri,
3066 1758 3529 1829 quemadmodum
3553 1758 3755 1814 divina

2165 1857 2465 1927 Scriptura
2494 1855 2684 1911 dicunt
2713 1868 2779 1909 ac
2798 1852 3017 1908 docent.
3050 1850 3255 1906 Omnes
3283 1865 3450 1921 porro
3492 1850 3752 1913 hareses,

2161 1965 2257 2005 seu
2278 1964 2401 2019 qua
2432 1947 2562 2003 olim
2588 1947 2878 2010 damnata,
2913 1959 3009 1999 seu
3036 1958 3157 2013 qua
3196 1957 3392 1998 recens
3434 1950 3589 2006 orta,
3623 1941 3757 1998 huic

2162 2059 2193 2097 a
2220 2042 2378 2096 nobis
2406 2040 2668 2109 exposita
2707 2037 2835 2092 ﬁdei
2875 2035 3240 2105 refragantur,
3283 2033 3576 2088 anathema
3619 2033 3753 2088 sint.

2162 2135 2231 2190 Et
2262 2134 2379 2189 hac
2400 2132 2626 2202 quidem
2666 2125 3140 2196 Constantinopoli
3182 2134 3299 2180 tum
3343 2124 3571 2178 recitata
3602 2128 3751 2177 sunt.

2162 2227 2273 2282 Nos
2308 2241 2443 2280 vero
2486 2222 2891 2293 expositionum
2932 2217 3059 2272 ﬁdei
3104 2216 3480 2287 labyrinthum
3534 2214 3755 2268 tandem

2163 2314 2459 2385 aliquando
2481 2311 2712 2375 emensi,
2743 2323 2936 2365 earum
2964 2320 3258 2362 numerum
3279 2305 3392 2375 jam
3413 2303 3753 2374 colligamus.

2164 2408 2293 2463 Post
2323 2405 2488 2461 ﬁdem
2528 2418 2651 2474 qua
2690 2402 2886 2458 Nicaa
2928 2398 3272 2471 promulgata
3298 2404 3403 2462 est,
3450 2396 3758 2451 Antiochia

2164 2499 2222 2554 in
2242 2496 2588 2553 dedicatione
2617 2492 2865 2549 ecclesia
2889 2490 3027 2546 duas
3055 2488 3430 2561 expositiones
3458 2486 3587 2543 ﬁdei
3620 2504 3757 2543 con-

2165 2591 2527 2661 scripserunt.
2561 2586 2749 2641 Tertia
2772 2592 2879 2648 est,
2907 2598 3073 2653 quam
3100 2581 3391 2637 Narcissus
3422 2589 3480 2635 et
3507 2580 3601 2649 qui
3631 2594 3756 2633 cum

2166 2686 2261 2740 illo
2282 2691 2439 2738 erant
2467 2678 2729 2752 episcopi,
2750 2676 3034 2733 Constanti
3056 2674 3303 2745 Augusto
3334 2672 3679 2728 tradiderunt
3700 2670 3755 2724 in

2164 2777 2374 2842 Galliis;
2408 2783 2624 2846 quarta,
2649 2790 2771 2844 qua
2798 2788 2897 2843 per
2921 2771 3230 2827 Eudoxium
3265 2770 3321 2824 in
3347 2769 3555 2822 Italiam
3589 2768 3760 2821 missa

2165 2880 2269 2925 est.
2306 2868 2491 2924 Sirmii
2521 2882 2653 2922 vero
2680 2876 2793 2921 tres
2816 2864 3140 2933 conscripta
3176 2871 3339 2916 sunt:
3382 2875 3615 2931 quarum
3648 2875 3757 2915 una

2167 2980 2293 3019 eum
2327 2961 2563 3033 praﬁxis
2592 2958 2880 3013 consulum
2916 2955 3236 3011 nominibus
3261 2953 3496 3008 Arimini
3530 2950 3757 3007 recitata

2167 3064 2271 3111 est.
2297 3053 2501 3109 Octava
2528 3060 2614 3107 est
2637 3066 2803 3121 quam
2849 3047 3105 3103 Acaciani
3136 3046 3403 3101 Seleucia
3442 3045 3757 3115 promulga-

2169 3150 2319 3196 runt.
2344 3142 2628 3195 Postrema
2656 3134 3129 3204 Constantinopoli
3168 3132 3317 3189 edita
3346 3142 3432 3188 est
3458 3148 3581 3186 cum
3615 3147 3759 3186 nova

478 3209 843 3320 πεμφθεῖσα’;
872 3207 931 3259 ἒν
954 3224 1013 3320 τε
1042 3206 1255 3320 Σιρμίιέ)
1278 3210 1429 3309 τρεῖς
1475 3208 1961 3279 ὑπηγορεύθησαν,
1989 3203 2066 3264 ὧν
2092 3258 2139 3320 c
2170 3246 2258 3301 api

1978 3203 2066 3320 ηῶν
2092 3258 2139 3320 c
2170 3229 2490 3301 appendice.
2521 3226 2662 3282 Huic
2702 3224 2850 3279 enim
2881 3203 3154 3295 adjectum
3184 3233 3288 3285 est,
3327 3229 3388 3275 ut
3415 3235 3591 3291 neque
3622 3220 3758 3275 sub-

480 3304 514 3371 ή
562 3300 660 3372 μία
698 3300 757 3353 ἐν
797 3298 1078 3371 Ἀριμήνῳ
1110 3298 1250 3368 μετά
1283 3298 1384 3369 τῆς
1424 3299 1691 3362 ὑπατείας
1720 3300 2062 3375 ἀνεγνώσθη.

489 3392 683 3463 Ὀγδόη
730 3389 788 3446 δέ
833 3392 1003 3454 ἐστιν,
1027 3392 1062 3461 ή
1087 3390 1146 3444 ἐν
1169 3388 1463 3463 Σελευκείᾳ
1487 3429 1503 3454 ,
1545 3393 1615 3462 ήν
1643 3392 1695 3445 οἱ
1735 3394 1869 3465 περὶ
1907 3396 2069 3451 Ἀκά-

482 3500 601 3538 κιον
653 3481 1075 3552 ἀνεγνώκεισαν.
1132 3479 1436 3535 Τελευταία
1491 3481 1589 3547 δέ,
1646 3482 1708 3535 ἐν
1764 3484 2069 3538 Κωνσταν-

483 3576 632 3629 τίνιυ
660 3575 813 3629 πόλει
844 3574 983 3646 μετά
1007 3573 1108 3644 τῆς
1138 3573 1458 3645 προσθήκης
1484 3574 1779 3630 ἐκδίδοται.
1806 3576 2070 3649 Πρόσκει-

483 3686 574 3722 ται
606 3667 715 3740 γὰρ
737 3669 897 3738 αὐτῇ,
924 3667 1062 3739 μήτε
1090 3666 1298 3730 οὐσίαν,
1332 3667 1469 3738 μήτε
1491 3667 1790 3722 ὑπόστασιν
1818 3671 1909 3724 ἐπὶ
1930 3671 2068 3728 Θεοῦ

482 3760 682 3828 λέγειν.
711 3757 895 3829 Ταύτῃ
930 3757 1023 3810 κα)⁸
1050 3754 1320 3825 Οὐλφίλας
1345 3757 1375 3809 ὀ
1397 3756 1506 3810 τῶν
1536 3756 1746 3813 Γότθων
1769 3759 2067 3831 ἐπίσκοπος

2167 3319 2367 3375 stantia
2399 3332 2578 3387 neque
2618 3314 2927 3386 hypostasis
2970 3311 3039 3367 de
3086 3312 3200 3366 Deo
3243 3310 3541 3365 diceretur.
3584 3308 3760 3364 Porro

2166 3407 2297 3462 huic
2342 3406 2469 3461 ﬁdei
2515 3404 2683 3461 etiam
2728 3401 2889 3458 Ullila
2943 3398 3247 3456 Gothorum
3294 3397 3583 3468 episcopus
3626 3404 3762 3451 tunc

2166 3497 2405 3567 primum
2436 3492 2734 3550 consensit.
2758 3491 2895 3548 Nam
2923 3498 3050 3545 ante
3072 3488 3208 3544 illud
3242 3497 3459 3558 tempus
3484 3486 3758 3541 Nicanam

2166 3585 2331 3640 ﬁdem
2372 3584 2657 3653 amplexus
2706 3580 2918 3645 fuerat;
2958 3585 3183 3633 secutus
3224 3574 3612 3646 Theophilum,
3662 3571 3760 3642 qui

2171 3692 2300 3733 cum
2340 3674 2643 3731 Gothorum
2686 3678 2833 3727 esset
2876 3669 3201 3740 episcopus,
3255 3667 3476 3722 Nicano
3525 3663 3762 3720 concilio

2173 3781 2416 3838 praesens
2437 3763 2858 3833 subscripserat.
2887 3756 2997 3813 Sed
3023 3757 3091 3813 de
3120 3758 3207 3812 his
3232 3757 3519 3811 hactenus.

493 3855 616 3907 τότε
653 3852 869 3926 πρῶτον
900 3850 1175 3907 συνέθετο.
1214 3850 1322 3905 Τὸν
1362 3851 1473 3924 γὰρ
1511 3851 1823 3925 ἔμπροσθεν
1860 3858 2075 3928 χρόνον,
2106 3862 2208 3934 τὴν
2269 3862 2330 3917 ἐν
2403 3859 2609 3931 Νικαία
2647 3856 2832 3910 πίστιν
2867 3854 3167 3925 ἠσπάζετο,
3199 3850 3467 3921 ἑπόμενος
3488 3844 3760 3915 Θεοφίλῳ,

485 3951 546 4014 ὃς
578 3950 687 4002 τῶν
736 3950 775 4002 Γ
775 3949 949 4004 ότθων
1012 3944 1311 4010 ἐπίσκοπος
1357 3945 1435 4001 ὢν
1475 3949 1544 4019 τῇ
1582 3948 1642 4002 ὲν
1677 3948 1885 4025 Νικαίᾳ
1917 3955 2121 4029 συνόδῳ
2158 3955 2353 4028 παρὼν
2411 3952 2830 4027 καθυπέγραψε.
2865 3948 3119 4005 Τοσαῦτα
3153 3946 3253 4019 μὲν
3282 3944 3411 4016 περὶ
3440 3942 3648 3998 τούτων
3683 3943 3763 3995 εἰ.

489 4045 695 4118 ρήσθω.

2790 4146 2943 4204 CAP.
2976 4142 3140 4200 XLII.

2178 4248 2423 4319 Qualiter
2463 4242 2693 4319 deposito
2720 4238 3048 4319 chedoqio,
3088 4233 3376 4319 ΙξιιιίοιιτὶιιεΔ
3404 4232 3762 4303 episcopatum

2533 4305 3057 4381 ConstantinOpoleos
3095 4305 3397 4361 obtinuerit.

2244 4411 2518 4467 Caterum
2560 4403 2794 4461 Aeacius
2837 4408 2896 4455 et
2932 4396 3215 4455 Eudoxius
3252 4402 3310 4450 et
3349 4391 3443 4463 qui
3480 4406 3606 4446 cum
3654 4389 3765 4445 illis

1041 4156 1303 4213 ΚΕΦΔΔ.
1342 4156 1479 4212 MB'.

501 4256 598 4321 Ὠς
612 4252 1064 4322 καθαιρεθέντος
1088 4253 1488 4315 Μακεδονίου,
1505 4250 1795 4317 Εὐδόξιος
1816 4251 1933 4320 τὴν
1951 4251 2079 4307 ἐπι-

594 4325 842 4392 σκοπὴν
876 4326 1340 4380 Κωνσταντίνου
1373 4325 1608 4389 πόλεως
1644 4322 1965 4392 κατέσχεν.

562 4421 624 4473 Οί
647 4419 705 4471 δὲ
744 4418 873 4487 περὶ
912 4416 1168 4471 ’Δκάκιον
1196 4417 1293 4469 καὶ
1308 4414 1580 4480 Εὐδόξιον,
1604 4416 1662 4469 ἐν
1688 4417 1755 4485 τῇ
1787 4416 2080 4469 Κωνσταν-

489 4513 639 4566 τίνου
686 4484 839 4564 πόλει
872 4511 1002 4582 περὶ
1044 4510 1105 4563 τὸ
1136 4509 1544 4581 ἀντικαθαιρεῖν
1574 4509 1669 4561 καὶ
1716 4484 1873 4562 αὐτοί
1920 4524 2075 4572 τινας
2179 4519 2269 4561 era

1983 4524 2075 4572 νας
2179 4510 2339 4561 erant
2379 4492 2877 4565 Constantinopoli,
2910 4490 2964 4547 id
2998 4489 3233 4544 maxime
3267 4484 3571 4547 ambibant,
3609 4490 3671 4536 ut
3706 4488 3763 4537 et

487 4604 585 4658 τοῦ
610 4602 799 4675 ἐτέρου
834 4574 1057 4675 μέρους,
1098 4602 1287 4670 ἀγῶνα
1332 4574 1590 4656 ἐτίθεντο.
1632 4599 1829 4653 ’ἰστέον
1870 4599 1949 4663 δὲ,
1992 4601 2077 4655 ὅτι
2108 4622 2153 4677 ι)
2182 4597 2267 4668 ips

2108 4622 2153 4677 ι)
2182 4597 2287 4668 ipsi
2318 4593 2561 4650 vicissim
2600 4586 2895 4645 nonnullos
2927 4582 3283 4640 adversarum
3322 4577 3563 4653 partium
3596 4574 3766 4644 depo—
3880 4628 3882 4635 ,

489 4666 765 4767 οὐδέτεροι
786 4666 877 4747 διά
909 4666 1232 4764 θρησκείαν,
1256 4692 1393 4747 ἀλλά
1426 4692 1495 4746 δι’
1523 4692 1719 4762 ἐτέρας
1743 4691 2072 4763 προφάσεις,
2108 4666 2150 4677 ν
2182 4666 2269 4741 net

1982 4708 2072 4755 εις,
2108 4666 2150 4677 ν
2182 4666 2397 4741 nerent.
2425 4679 2722 4737 Sciendum
2746 4691 2914 4748 porro
2940 4681 3044 4738 est,
3071 4678 3303 4727 neutros
3318 4668 3390 4724 ob
3415 4666 3762 4737 religionem,

490 4790 589 4853 τὰς
612 4758 962 4860 καθαιρέσεις
984 4758 1331 4858 πεποίηνται.
1364 4758 1915 4856 Διακρινόμενοινγὰρ
1948 4784 2076 4855 περὶ
2187 4778 2270 4833 sed

1985 4784 2076 4855 ςερὶ
2187 4778 2282 4833 sed
2308 4784 2533 4849 propter
2548 4774 2683 4828 alias
2701 4784 2915 4833 causas,
2938 4763 3253 4837 huiusmodi
3274 4761 3650 4832 depositiones
3671 4758 3765 4813 de-

493 4850 753 4943 πίστεως,
784 4850 857 4933 ’ἐν
902 4878 981 4951 τῷ
1031 4850 1315 4950 καθαιρεῖν
1345 4850 1639 4949 ἀλλήλους,
1687 4876 1785 4947 τὴν
1819 4850 2075 4947 ἀλλήλων
2183 4881 2273 4920 (ἴτε

1985 4850 2075 4930 ,ᾠν
2183 4864 2445 4920 crevisse.
2466 4860 2600 4916 Nam
2632 4857 2882 4930 quamvis
2905 4855 2959 4910 in
2996 4853 3103 4909 ﬁde
3126 4850 3548 4914 dissentiebant,
3579 4856 3765 4903 tamen

494 4972 678 5025 πίστιν
712 4940 796 5023 ὀὐ
854 4940 1267 5040 διειλέμφοντδί
1296 4940 1681 5038 Συγχρὼμενοι
1728 4940 1785 5017 δέ
1831 4965 1880 5016 οἱ
1946 4940 2076 5033 περὶ
2174 4972 2274 5011 cun

1986 4964 2076 5033 ερὶ
2174 4971 2301 5011 cum
2350 4970 2410 5010 se
2456 4952 2701 5007 vicissim
2746 4949 3105 5019 deponerent,
3133 4952 3330 4999 neutra
3362 4957 3493 5014 pars
3535 4940 3766 4995 alterius

504 5065 759 5118 Ἀκάκιον
780 5064 847 5133 τῇ
874 5035 966 5115 τοῦ
996 5035 1261 5133 βασιλέως
1287 5035 1456 5132 ὀργῇ,
1483 5035 1552 5130 ἢν
1592 5055 1737 5110 κατά
1762 5074 1823 5109 τε
1852 5055 1960 5110 τῶν
1990 5054 2078 5109 άλ-
2174 5050 2281 5105 ﬁde

1990 5054 2078 5109 άλ-
2174 5050 2339 5105 ﬁdem
2371 5046 2726 5102 insimulavit.
2756 5044 2861 5111 Qui
2901 5041 3069 5113 igitur
3112 5038 3275 5109 158
3297 5037 3366 5091 ab
3401 5035 3603 5091 Acacio
3650 5041 3764 5089 sta-

492 5158 619 5222 λων,
648 5156 743 5211 καὶ
768 5155 1007 5226 μάλιστα
1051 5153 1197 5208 κατὰ
1234 5151 1571 5207 Μακεδονίου
1605 5148 1891 5218 φυλάττων
1922 5149 2077 5201 ἐκτε-
2174 5143 2272 5198 ban

1984 5165 2077 5201 ιτε-
2174 5143 2328 5207 bant,
2366 5141 2656 5195 abutentes
2683 5134 3030 5207 imperatoris
3055 5129 3448 5202 indignatione,
3476 5143 3641 5198 quam
3674 5127 3764 5181 illo

494 5220 649 5304 λέσαι
680 5220 1035 5312 ἐσπούδαζεν,
1067 5244 1395 5318 καθαιροῦσι
1444 5242 1661 5315 πρῶτον
1690 5240 1790 5312 μὲν
1822 5238 2075 5294 Μακεδό-
2169 5238 2274 5309 jam

1986 5238 2075 5293 δό-
2169 5235 2501 5309 jampridem
2550 5234 2733 5289 animo
2776 5237 3120 5299 conceptam,
3151 5234 3266 5281 tum
3310 5224 3579 5279 adversus
3602 5220 3762 5285 alios,

1700 5396 1969 5454 VALESII
2008 5392 2556 5451 ANNOTATIONES.

571 5525 682 5597 (84)
737 5524 845 5597 Καὶ
894 5522 1032 5597 γὰρ,
1085 5522 1194 5597 οὑξ
1236 5517 1465 5597 ὀφείλει
1520 5516 1882 5597 mmm-
1913 5509 2085 5597 x’W
2187 5525 2347 5597 Pais.

1729 5527 1882 5597 ασις.
1913 5509 2085 5591 .Apud
2187 5509 2493 5597 paggvilot’i';
2514 5508 2716 5597 ‘loc'um
2747 5504 2925 5597 ipsum
2955 5516 3081 5555 mox
3111 5498 3469 5597 adducentis.
3499 5566 3509 5579 .

500 5566 856 5654 Athanasiirm
888 5566 1768 5660 iniibrovDevsry'nodi-st.‘906,
1814 5566 2086 5660 scriptum
2189 5566 2206 5579 ³

1980 5566 2086 5634 [um
2189 5566 2206 5579 ³
2258 5566 2370 5650 (85)
2420 5566 2802 5660 [fabulati-ei:
2830 5573 2939 5659 ea!
2982 5572 3370 5660 xattdtspat.‘
3392 5566 3760 5660 Scribeqdum

500 5603 856 5654 Athanasium
888 5603 945 5651 in
977 5603 1127 5669 libro
1158 5603 1233 5645 De
1264 5603 1487 5660 synoals
1507 5628 1521 5649 ,
1646 5603 1768 5665 υυυ,
1814 5603 2086 5663 ⁸εετψιιιιιι
2260 5603 2277 5650 κ

500 5681 586 5725 est
614 5686 627 5721 :
656 5669 748 5719 καὶ
771 5665 882 5734 γὰρ
906 5664 1027 5718 οὐδέ
1051 5662 1274 5734 ὀφείλει,
1308 5668 1416 5715 etc.
1459 5658 1542 5734 E_t_
1603 5664 1785 5734 atinus
1811 5660 2087 5734 interpres
2183 5662 2269 5706 est

1983 5603 2086 5634 ιυιιι
2420 5603 2531 5633 nul.
2571 5603 2792 5641 αιτιτσς
2830 5603 2936 5627 cur
2982 5603 3339 5638 διμιιυιομυη.
3394 5603 3761 5623 υνιιυυιιυυιιι

1983 5666 2087 5705 πρε
2183 5662 2269 5706 est
2296 5650 2488 5734 procul
2520 5647 2813 5734 dubio‘icna‘t
2859 5645 3061 5725 αἵτινες
3098 5641 3184 5734 ἂν]
3217 5638 3527 5734 καινόῗραι
3556 5639 3763 5734 γένευνὶ

609 5711 1389 5792 ὖέῖιέιῗῖηὶἇ’,ἱέῦἐτδᾰέὰᾱίέ
1419 5728 1626 5799 quidem
1647 5728 1754 5779 sive
1796 5711 2083 5799 subsis'ten-
2182 5711 2459 5799 rat_._'l_i_eet
2500 5718 2643 5799 apud
2681 5715 3035 5796 Athanasium
3084 5711 3275 5769 eadem
3308 5725 3431 5783 qua
3468 5711 3524 5765 in
3556 5711 3764 5765 nostris

620 5786 1098 5869 ⁷Ῐίιι-ινξξξῇίίο,
1139 5812 1187 5855 et
1234 5786 1443 5870 Spiritu,
1468 5808 1649 5870 sancto
1695 5792 2080 5870 nontinaridc-
2182 5793 2471 5849 codicibus
2503 5786 2769 5848 h’abcatur
2795 5786 3088 5858 scriptura.

503 5882 604 5935 bet.
647 5878 803 5945 Quod
856 5863 1142 5933 conﬁrmat
1166 5863 1493 5929 Athanasius
1550 5869 1605 5923 in
1664 5865 1858 5923 eodem
1915 5863 2079 5929 libro,
