  <div class='ocr_page' id='page_1' title='image "/cluster/home/n/w/nwhite01/storage/ocr_20150623/67/pst.000009865921/195.png"; bbox 0 0 4508 6588; ppageno 0'>
   <div class='ocr_carea' id='block_1_1' title="bbox 790 443 908 497">
    <p class='ocr_par' dir='ltr' id='par_1_1' title="bbox 790 443 908 497">
     <span class='ocr_line' id='line_1_1' title="bbox 790 443 908 497; baseline -0.008 -1"><span class='ocrx_word' id='word_1_1' title='bbox 790 443 908 497; x_wconf 70' lang='lat' dir='ltr'><strong>~Ei&#39;il</strong></span> 
     </span>
    </p>
   </div>
   <div class='ocr_carea' id='block_1_2' title="bbox 2261 449 2525 508">
    <p class='ocr_par' dir='ltr' id='par_1_2' title="bbox 2261 449 2525 508">
     <span class='ocr_line' id='line_1_2' title="bbox 2261 449 2525 508; baseline 0.008 -2"><span class='ocrx_word' id='word_1_2' title='bbox 2261 449 2525 508; x_wconf 82' lang='lat' dir='ltr'><strong>SOCRAT</strong></span> 
     </span>
    </p>
   </div>
   <div class='ocr_carea' id='block_1_3' title="bbox 3958 476 4061 528">
    <p class='ocr_par' dir='ltr' id='par_1_3' title="bbox 3958 476 4061 528">
     <span class='ocr_line' id='line_1_3' title="bbox 3958 476 4061 528; baseline 0.01 -2"><span class='ocrx_word' id='word_1_3' title='bbox 3958 476 4061 528; x_wconf 61' lang='lat'><strong>37-2</strong></span> 
     </span>
    </p>
   </div>
   <div class='ocr_carea' id='block_1_4' title="bbox 813 569 2593 657">
    <p class='ocr_par' dir='ltr' id='par_1_4' title="bbox 813 569 2593 657">
     <span class='ocr_line' id='line_1_4' title="bbox 813 569 2593 657; baseline 0.006 -26"><span class='ocrx_word' id='word_1_4' title='bbox 813 589 925 633; x_wconf 79' lang='lat' dir='ltr'><strong>Imn</strong></span> <span class='ocrx_word' id='word_1_5' title='bbox 946 580 1216 651; x_wconf 64' lang='lat' dir='ltr'><strong>przecipue</strong></span> <span class='ocrx_word' id='word_1_6' title='bbox 1231 569 1421 637; x_wconf 84' lang='lat' dir='ltr'><strong>contra</strong></span> <span class='ocrx_word' id='word_1_7' title='bbox 1444 580 1821 637; x_wconf 86' lang='lat' dir='ltr'><strong>Macedonium</strong></span> <span class='ocrx_word' id='word_1_8' title='bbox 1849 582 2072 653; x_wconf 77' lang='lat' dir='ltr'><strong>explere</strong></span> <span class='ocrx_word' id='word_1_9' title='bbox 2090 589 2392 657; x_wconf 77' lang='lat' dir='ltr'><strong>satagebat,</strong></span> <span class='ocrx_word' id='word_1_10' title='bbox 2424 586 2476 640; x_wconf 73' lang='grc' dir='ltr'><strong>Λ</strong></span> <span class='ocrx_word' id='word_1_11' title='bbox 2498 591 2593 626; x_wconf 58' lang='grc' dir='ltr'>νιοπ</span> 
     </span>
    </p>
   </div>
   <div class='ocr_carea' id='block_1_5' title="bbox 2277 569 4057 657">
    <p class='ocr_par' dir='ltr' id='par_1_5' title="bbox 2279 571 4057 655">
     <span class='ocr_line' id='line_1_5' title="bbox 2279 571 4057 655; baseline 0.012 -33"><span class='ocrx_word' id='word_1_12' title='bbox 2279 589 2392 652; x_wconf 54' lang='lat' dir='ltr'><strong>bat,</strong></span> <span class='ocrx_word' id='word_1_13' title='bbox 2424 586 2476 640; x_wconf 66' lang='grc' dir='ltr'>Α</span> <span class='ocrx_word' id='word_1_14' title='bbox 2498 591 2630 638; x_wconf 87' lang='grc' dir='ltr'>νιον,</span> <span class='ocrx_word' id='word_1_15' title='bbox 2663 580 2754 629; x_wconf 87' lang='grc' dir='ltr'><strong>καί</strong></span> <span class='ocrx_word' id='word_1_16' title='bbox 2775 579 2848 641; x_wconf 81' lang='grc' dir='ltr'>ὼς</span> <span class='ocrx_word' id='word_1_17' title='bbox 2870 580 3042 631; x_wconf 75' lang='grc' dir='ltr'>αἴτιον</span> <span class='ocrx_word' id='word_1_18' title='bbox 3075 571 3289 633; x_wconf 81' lang='grc' dir='ltr'>πολλῶν</span> <span class='ocrx_word' id='word_1_19' title='bbox 3317 584 3487 652; x_wconf 87' lang='grc' dir='ltr'>φόνων</span> <span class='ocrx_word' id='word_1_20' title='bbox 3517 585 3825 655; x_wconf 85' lang='grc' dir='ltr'>γενόμενον,</span> <span class='ocrx_word' id='word_1_21' title='bbox 3860 589 3950 642; x_wconf 62' lang='grc' dir='ltr'>καὶ</span> <span class='ocrx_word' id='word_1_22' title='bbox 3976 591 4057 642; x_wconf 64' lang='grc' dir='ltr'>ὅτι</span> 
     </span>
    </p>
   </div>
   <div class='ocr_carea' id='block_1_6' title="bbox 813 672 2389 748">
    <p class='ocr_par' dir='ltr' id='par_1_6' title="bbox 813 672 2389 748">
     <span class='ocr_line' id='line_1_6' title="bbox 813 672 2389 748; baseline 0.008 -27"><span class='ocrx_word' id='word_1_23' title='bbox 813 673 1046 738; x_wconf 75' lang='lat' dir='ltr'><strong>primum</strong></span> <span class='ocrx_word' id='word_1_24' title='bbox 1070 673 1295 742; x_wconf 86' lang='lat' dir='ltr'><strong>quidem</strong></span> <span class='ocrx_word' id='word_1_25' title='bbox 1333 672 1616 742; x_wconf 91' lang='lat' dir='ltr'><strong>deponunt</strong></span> <span class='ocrx_word' id='word_1_26' title='bbox 1644 673 2054 730; x_wconf 85' lang='lat' dir='ltr'><strong>Macedonium:</strong></span> <span class='ocrx_word' id='word_1_27' title='bbox 2093 685 2207 730; x_wconf 90' lang='lat' dir='ltr'><strong>tum</strong></span> <span class='ocrx_word' id='word_1_28' title='bbox 2243 679 2389 748; x_wconf 90' lang='lat' dir='ltr'><strong>quod</strong></span> 
     </span>
    </p>
   </div>
   <div class='ocr_carea' id='block_1_7' title="bbox 811 763 2394 840">
    <p class='ocr_par' dir='ltr' id='par_1_7' title="bbox 811 763 2394 840">
     <span class='ocr_line' id='line_1_7' title="bbox 811 763 2394 840; baseline 0.007 -27"><span class='ocrx_word' id='word_1_29' title='bbox 811 764 1170 828; x_wconf 86' lang='lat' dir='ltr'><strong>plurimarum</strong></span> <span class='ocrx_word' id='word_1_30' title='bbox 1209 763 1439 818; x_wconf 72' lang='lat' dir='ltr'><strong>caedium</strong></span> <span class='ocrx_word' id='word_1_31' title='bbox 1469 771 1662 818; x_wconf 92' lang='lat' dir='ltr'><strong>auctor</strong></span> <span class='ocrx_word' id='word_1_32' title='bbox 1701 763 1914 840; x_wconf 89' lang='lat' dir='ltr'><strong>fuisset,</strong></span> <span class='ocrx_word' id='word_1_33' title='bbox 1946 773 2059 819; x_wconf 91' lang='lat' dir='ltr'><strong>tum</strong></span> <span class='ocrx_word' id='word_1_34' title='bbox 2090 768 2236 836; x_wconf 85' lang='lat' dir='ltr'><strong>quod</strong></span> <span class='ocrx_word' id='word_1_35' title='bbox 2276 769 2394 824; x_wconf 88' lang='lat' dir='ltr'><strong>dia-</strong></span> 
     </span>
    </p>
   </div>
   <div class='ocr_carea' id='block_1_8' title="bbox 811 840 2391 924">
    <p class='ocr_par' dir='ltr' id='par_1_8' title="bbox 811 840 2391 924">
     <span class='ocr_line' id='line_1_8' title="bbox 811 840 2391 924; baseline 0.009 -24"><span class='ocrx_word' id='word_1_36' title='bbox 811 870 1008 906; x_wconf 71' lang='lat' dir='ltr'><strong>muum</strong></span> <span class='ocrx_word' id='word_1_37' title='bbox 1038 855 1092 908; x_wconf 91' lang='lat' dir='ltr'><strong>in</strong></span> <span class='ocrx_word' id='word_1_38' title='bbox 1117 854 1477 910; x_wconf 78' lang='lat' dir='ltr'><strong>fornicatione</strong></span> <span class='ocrx_word' id='word_1_39' title='bbox 1498 840 1901 924; x_wconf 51' lang='lat' dir='ltr'><strong>depreh&#39;imsum</strong></span> <span class='ocrx_word' id='word_1_40' title='bbox 1940 858 2009 912; x_wconf 92' lang='lat' dir='ltr'><strong>ad</strong></span> <span class='ocrx_word' id='word_1_41' title='bbox 2047 861 2391 914; x_wconf 88' lang='lat' dir='ltr'><strong>communio-</strong></span> 
     </span>
    </p>
   </div>
   <div class='ocr_carea' id='block_1_9' title="bbox 809 944 2394 1020">
    <p class='ocr_par' dir='ltr' id='par_1_9' title="bbox 809 944 2394 1020">
     <span class='ocr_line' id='line_1_9' title="bbox 809 944 2394 1020; baseline 0.009 -27"><span class='ocrx_word' id='word_1_42' title='bbox 809 959 932 995; x_wconf 87' lang='lat' dir='ltr'><strong>nem</strong></span> <span class='ocrx_word' id='word_1_43' title='bbox 985 944 1317 1011; x_wconf 78' lang='lat' dir='ltr'><strong>admiserat;</strong></span> <span class='ocrx_word' id='word_1_44' title='bbox 1361 945 1642 1000; x_wconf 88' lang='lat' dir='ltr'><strong>Eleusium</strong></span> <span class='ocrx_word' id='word_1_45' title='bbox 1680 947 1880 1002; x_wconf 90' lang='lat' dir='ltr'><strong>deinde</strong></span> <span class='ocrx_word' id='word_1_46' title='bbox 1920 948 2201 1020; x_wconf 61' lang='lat' dir='ltr'><strong>Cyzicena:</strong></span> <span class='ocrx_word' id='word_1_47' title='bbox 2240 953 2394 1008; x_wconf 87' lang='lat' dir='ltr'><strong>urbis</strong></span> 
     </span>
    </p>
   </div>
   <div class='ocr_carea' id='block_1_10' title="bbox 805 1035 2392 1113">
    <p class='ocr_par' dir='ltr' id='par_1_10' title="bbox 805 1035 2392 1113">
     <span class='ocr_line' id='line_1_10' title="bbox 805 1035 2392 1113; baseline 0.008 -27"><span class='ocrx_word' id='word_1_48' title='bbox 805 1035 1146 1104; x_wconf 76' lang='lat' dir='ltr'><strong>episcopum,</strong></span> <span class='ocrx_word' id='word_1_49' title='bbox 1199 1045 1492 1106; x_wconf 82' lang='lat' dir='ltr'><strong>propterea</strong></span> <span class='ocrx_word' id='word_1_50' title='bbox 1539 1039 1687 1109; x_wconf 92' lang='lat' dir='ltr'><strong>quod</strong></span> <span class='ocrx_word' id='word_1_51' title='bbox 1739 1041 2054 1096; x_wconf 90' lang='lat' dir='ltr'><strong>IIeraclium</strong></span> <span class='ocrx_word' id='word_1_52' title='bbox 2099 1044 2392 1113; x_wconf 89' lang='lat' dir='ltr'><strong>quemdam</strong></span> 
     </span>
    </p>
   </div>
   <div class='ocr_carea' id='block_1_11' title="bbox 811 1125 2392 1203">
    <p class='ocr_par' dir='ltr' id='par_1_11' title="bbox 811 1125 2392 1203">
     <span class='ocr_line' id='line_1_11' title="bbox 811 1125 2392 1203; baseline 0.008 -26"><span class='ocrx_word' id='word_1_53' title='bbox 811 1125 1061 1180; x_wconf 87' lang='lat' dir='ltr'><strong>Herculis</strong></span> <span class='ocrx_word' id='word_1_54' title='bbox 1083 1127 1232 1198; x_wconf 87' lang='lat' dir='ltr'><strong>Tyrii</strong></span> <span class='ocrx_word' id='word_1_55' title='bbox 1263 1129 1626 1194; x_wconf 83' lang='lat' dir='ltr'><strong>sacerdotem,</strong></span> <span class='ocrx_word' id='word_1_56' title='bbox 1667 1131 1919 1186; x_wconf 77' lang='lat' dir='ltr'><strong>maleficii</strong></span> <span class='ocrx_word' id='word_1_57' title='bbox 1962 1140 2019 1187; x_wconf 87' lang='lat' dir='ltr'><strong>et</strong></span> <span class='ocrx_word' id='word_1_58' title='bbox 2059 1135 2392 1203; x_wconf 88' lang='lat' dir='ltr'><strong>magicarum</strong></span> 
     </span>
    </p>
   </div>
   <div class='ocr_carea' id='block_1_12' title="bbox 809 1217 2392 1292">
    <p class='ocr_par' dir='ltr' id='par_1_12' title="bbox 809 1217 2392 1292">
     <span class='ocr_line' id='line_1_12' title="bbox 809 1217 2392 1292; baseline 0.006 -22"><span class='ocrx_word' id='word_1_59' title='bbox 809 1217 1010 1270; x_wconf 86' lang='lat' dir='ltr'><strong>artium</strong></span> <span class='ocrx_word' id='word_1_60' title='bbox 1041 1220 1371 1284; x_wconf 80' lang='lat' dir='ltr'><strong>convictum,</strong></span> <span class='ocrx_word' id='word_1_61' title='bbox 1407 1235 1532 1275; x_wconf 91' lang='lat' dir='ltr'><strong>cum</strong></span> <span class='ocrx_word' id='word_1_62' title='bbox 1558 1236 1713 1277; x_wconf 91' lang='lat' dir='ltr'><strong>sacro</strong></span> <span class='ocrx_word' id='word_1_63' title='bbox 1736 1223 2063 1292; x_wconf 85' lang='lat' dir='ltr'><strong>baptismate</strong></span> <span class='ocrx_word' id='word_1_64' title='bbox 2101 1225 2392 1292; x_wconf 88' lang='lat' dir='ltr'><strong>initiasset,</strong></span> 
     </span>
    </p>
   </div>
   <div class='ocr_carea' id='block_1_13' title="bbox 811 1309 2395 1370">
    <p class='ocr_par' dir='ltr' id='par_1_13' title="bbox 811 1309 2395 1370">
     <span class='ocr_line' id='line_1_13' title="bbox 811 1309 2395 1370; baseline 0.008 -12"><span class='ocrx_word' id='word_1_65' title='bbox 811 1323 935 1361; x_wconf 77' lang='lat' dir='ltr'><strong>mox</strong></span> <span class='ocrx_word' id='word_1_66' title='bbox 965 1309 1256 1364; x_wconf 89' lang='lat' dir='ltr'><strong>diaconum</strong></span> <span class='ocrx_word' id='word_1_67' title='bbox 1287 1311 1656 1366; x_wconf 82' lang='lat' dir='ltr'><strong>ordinaverat.</strong></span> <span class='ocrx_word' id='word_1_68' title='bbox 1696 1312 1836 1366; x_wconf 90' lang='lat' dir='ltr'><strong>Tum</strong></span> <span class='ocrx_word' id='word_1_69' title='bbox 1865 1313 2124 1368; x_wconf 83' lang='lat' dir='ltr'><strong>Basiliam</strong></span> <span class='ocrx_word' id='word_1_70' title='bbox 2154 1331 2252 1370; x_wconf 87' lang='lat' dir='ltr'><strong>seu</strong></span> <span class='ocrx_word' id='word_1_71' title='bbox 2292 1316 2395 1370; x_wconf 86' lang='lat' dir='ltr'><strong>Ba-</strong></span> 
     </span>
    </p>
   </div>
   <div class='ocr_carea' id='block_1_14' title="bbox 809 1399 2392 1474">
    <p class='ocr_par' dir='ltr' id='par_1_14' title="bbox 809 1399 2392 1474">
     <span class='ocr_line' id='line_1_14' title="bbox 809 1399 2392 1474; baseline 0.006 -23"><span class='ocrx_word' id='word_1_72' title='bbox 809 1399 985 1463; x_wconf 90' lang='lat' dir='ltr'><strong>silam,</strong></span> <span class='ocrx_word' id='word_1_73' title='bbox 1012 1402 1092 1455; x_wconf 92' lang='lat' dir='ltr'><strong>sic</strong></span> <span class='ocrx_word' id='word_1_74' title='bbox 1109 1401 1256 1456; x_wconf 91' lang='lat' dir='ltr'><strong>enim</strong></span> <span class='ocrx_word' id='word_1_75' title='bbox 1276 1403 1449 1456; x_wconf 84' lang='lat' dir='ltr'><strong>etiam</strong></span> <span class='ocrx_word' id='word_1_76' title='bbox 1464 1404 1861 1474; x_wconf 80' lang='lat' dir='ltr'><strong>appellabatur,</strong></span> <span class='ocrx_word' id='word_1_77' title='bbox 1892 1405 1986 1474; x_wconf 92' lang='lat' dir='ltr'><strong>qui</strong></span> <span class='ocrx_word' id='word_1_78' title='bbox 2013 1406 2247 1460; x_wconf 86' lang='lat' dir='ltr'><strong>Marcelli</strong></span> <span class='ocrx_word' id='word_1_79' title='bbox 2270 1407 2392 1462; x_wconf 90' lang='lat' dir='ltr'><strong>loco</strong></span> 
     </span>
    </p>
   </div>
   <div class='ocr_carea' id='block_1_15' title="bbox 807 1491 2394 1567">
    <p class='ocr_par' dir='ltr' id='par_1_15' title="bbox 807 1491 2394 1567">
     <span class='ocr_line' id='line_1_15' title="bbox 807 1491 2394 1567; baseline 0.007 -25"><span class='ocrx_word' id='word_1_80' title='bbox 807 1491 1097 1560; x_wconf 83' lang='lat' dir='ltr'><strong>episcopus</strong></span> <span class='ocrx_word' id='word_1_81' title='bbox 1123 1491 1350 1564; x_wconf 65' lang='lat' dir='ltr'><strong>Ancyra:</strong></span> <span class='ocrx_word' id='word_1_82' title='bbox 1371 1493 1550 1549; x_wconf 88' lang='lat' dir='ltr'><strong>fuerat</strong></span> <span class='ocrx_word' id='word_1_83' title='bbox 1568 1495 1922 1560; x_wconf 91' lang='lat' dir='ltr'><strong>constitutus,</strong></span> <span class='ocrx_word' id='word_1_84' title='bbox 1955 1511 2022 1551; x_wconf 91' lang='lat' dir='ltr'><strong>eo</strong></span> <span class='ocrx_word' id='word_1_85' title='bbox 2041 1498 2187 1566; x_wconf 90' lang='lat' dir='ltr'><strong>quod</strong></span> <span class='ocrx_word' id='word_1_86' title='bbox 2203 1514 2394 1567; x_wconf 89' lang='lat' dir='ltr'><strong>quem-</strong></span> 
     </span>
    </p>
   </div>
   <div class='ocr_carea' id='block_1_16' title="bbox 811 1579 2391 1651">
    <p class='ocr_par' dir='ltr' id='par_1_16' title="bbox 811 1579 2391 1651">
     <span class='ocr_line' id='line_1_16' title="bbox 811 1579 2391 1651; baseline 0.009 -20"><span class='ocrx_word' id='word_1_87' title='bbox 811 1579 937 1632; x_wconf 89' lang='lat' dir='ltr'><strong>dam</strong></span> <span class='ocrx_word' id='word_1_88' title='bbox 993 1583 1194 1651; x_wconf 88' lang='lat' dir='ltr'><strong>injuste</strong></span> <span class='ocrx_word' id='word_1_89' title='bbox 1238 1592 1502 1649; x_wconf 88' lang='lat' dir='ltr'><strong>torserat,</strong></span> <span class='ocrx_word' id='word_1_90' title='bbox 1542 1595 1598 1641; x_wconf 90' lang='lat' dir='ltr'><strong>et</strong></span> <span class='ocrx_word' id='word_1_91' title='bbox 1651 1587 1859 1642; x_wconf 90' lang='lat' dir='ltr'><strong>catenis</strong></span> <span class='ocrx_word' id='word_1_92' title='bbox 1905 1587 2102 1643; x_wconf 85' lang='lat' dir='ltr'><strong>ferreis</strong></span> <span class='ocrx_word' id='word_1_93' title='bbox 2145 1589 2391 1645; x_wconf 91' lang='lat' dir='ltr'><strong>vinctum</strong></span> 
     </span>
    </p>
   </div>
   <div class='ocr_carea' id='block_1_17' title="bbox 808 1671 2394 1747">
    <p class='ocr_par' dir='ltr' id='par_1_17' title="bbox 808 1671 2394 1747">
     <span class='ocr_line' id='line_1_17' title="bbox 808 1671 2394 1747; baseline 0.008 -24"><span class='ocrx_word' id='word_1_94' title='bbox 808 1671 1072 1726; x_wconf 80' lang='lat' dir='ltr'><strong>custodia:</strong></span> <span class='ocrx_word' id='word_1_95' title='bbox 1094 1674 1506 1744; x_wconf 91' lang='lat' dir='ltr'><strong>mancipaverat</strong></span> <span class='ocrx_word' id='word_1_96' title='bbox 1535 1694 1547 1728; x_wconf 93' lang='lat'><strong>:</strong></span> <span class='ocrx_word' id='word_1_97' title='bbox 1579 1685 1846 1745; x_wconf 82' lang='lat' dir='ltr'><strong>praeterea</strong></span> <span class='ocrx_word' id='word_1_98' title='bbox 1867 1693 1934 1732; x_wconf 92' lang='lat' dir='ltr'><strong>eo</strong></span> <span class='ocrx_word' id='word_1_99' title='bbox 1962 1678 2108 1747; x_wconf 90' lang='lat' dir='ltr'><strong>quod</strong></span> <span class='ocrx_word' id='word_1_100' title='bbox 2131 1680 2394 1735; x_wconf 84' lang='lat' dir='ltr'><strong>adversus</strong></span> 
     </span>
    </p>
   </div>
   <div class='ocr_carea' id='block_1_18' title="bbox 813 1764 2396 1838">
    <p class='ocr_par' dir='ltr' id='par_1_18' title="bbox 813 1764 2396 1838">
     <span class='ocr_line' id='line_1_18' title="bbox 813 1764 2396 1838; baseline 0.008 -25"><span class='ocrx_word' id='word_1_101' title='bbox 813 1764 1107 1818; x_wconf 90' lang='lat' dir='ltr'><strong>nonnullos</strong></span> <span class='ocrx_word' id='word_1_102' title='bbox 1129 1765 1428 1820; x_wconf 90' lang='lat' dir='ltr'><strong>calumnias</strong></span> <span class='ocrx_word' id='word_1_103' title='bbox 1451 1774 1760 1822; x_wconf 84' lang='lat' dir='ltr'><strong>struxerat:</strong></span> <span class='ocrx_word' id='word_1_104' title='bbox 1787 1768 2023 1838; x_wconf 89' lang='lat' dir='ltr'><strong>denique</strong></span> <span class='ocrx_word' id='word_1_105' title='bbox 2039 1771 2183 1838; x_wconf 89' lang='lat' dir='ltr'><strong>quod</strong></span> <span class='ocrx_word' id='word_1_106' title='bbox 2207 1771 2396 1825; x_wconf 87' lang='lat' dir='ltr'><strong>Eccle-</strong></span> 
     </span>
    </p>
   </div>
   <div class='ocr_carea' id='block_1_19' title="bbox 808 1852 2390 1928">
    <p class='ocr_par' dir='ltr' id='par_1_19' title="bbox 808 1852 2390 1928">
     <span class='ocr_line' id='line_1_19' title="bbox 808 1852 2390 1928; baseline 0.008 -23"><span class='ocrx_word' id='word_1_107' title='bbox 808 1852 916 1907; x_wconf 89' lang='lat' dir='ltr'><strong>sias</strong></span> <span class='ocrx_word' id='word_1_108' title='bbox 941 1853 1137 1915; x_wconf 69' lang='lat' dir='ltr'><strong>Africa:</strong></span> <span class='ocrx_word' id='word_1_109' title='bbox 1169 1857 1416 1925; x_wconf 83' lang='lat' dir='ltr'><strong>epistolis</strong></span> <span class='ocrx_word' id='word_1_110' title='bbox 1443 1858 1558 1912; x_wconf 89' lang='lat' dir='ltr'><strong>suis</strong></span> <span class='ocrx_word' id='word_1_111' title='bbox 1583 1860 2018 1928; x_wconf 85' lang='lat' dir='ltr'><strong>perturbaverat.</strong></span> <span class='ocrx_word' id='word_1_112' title='bbox 2039 1861 2390 1916; x_wconf 89' lang='lat' dir='ltr'><strong>Dracontium</strong></span> 
     </span>
    </p>
   </div>
   <div class='ocr_carea' id='block_1_20' title="bbox 2493 666 4054 746">
    <p class='ocr_par' dir='ltr' id='par_1_20' title="bbox 2493 666 4054 746">
     <span class='ocr_line' id='line_1_20' title="bbox 2493 666 4054 746; baseline 0.011 -28"><span class='ocrx_word' id='word_1_113' title='bbox 2493 666 2737 720; x_wconf 77' lang='grc' dir='ltr'>διάκονον</span> <span class='ocrx_word' id='word_1_114' title='bbox 2771 670 2865 722; x_wconf 75' lang='grc' dir='ltr'><strong>ἐπὶ</strong></span> <span class='ocrx_word' id='word_1_115' title='bbox 2895 669 3118 741; x_wconf 68' lang='grc' dir='ltr'>πορνεία</span> <span class='ocrx_word' id='word_1_116' title='bbox 3148 666 3344 726; x_wconf 81' lang='grc' dir='ltr'><strong>ἁλόντα</strong></span> <span class='ocrx_word' id='word_1_117' title='bbox 3380 675 3592 742; x_wconf 80' lang='grc' dir='ltr'><strong>ἐδέξατο</strong></span> <span class='ocrx_word' id='word_1_118' title='bbox 3622 679 3702 740; x_wconf 86' lang='grc' dir='ltr'><strong>είς</strong></span> <span class='ocrx_word' id='word_1_119' title='bbox 3735 682 4016 746; x_wconf 87' lang='grc' dir='ltr'>κοινωνίαν</span> <span class='ocrx_word' id='word_1_120' title='bbox 4040 701 4054 714; x_wconf 89' lang='grc'><strong>·</strong></span> 
     </span>
    </p>
   </div>
   <div class='ocr_carea' id='block_1_21' title="bbox 2505 757 4060 841">
    <p class='ocr_par' dir='ltr' id='par_1_21' title="bbox 2505 757 4060 841">
     <span class='ocr_line' id='line_1_21' title="bbox 2505 757 4060 841; baseline 0.01 -31"><span class='ocrx_word' id='word_1_121' title='bbox 2505 757 2776 836; x_wconf 74' lang='grc' dir='ltr'>Ἐλεύσιον</span> <span class='ocrx_word' id='word_1_122' title='bbox 2805 761 2861 813; x_wconf 84' lang='grc' dir='ltr'>δὲ</span> <span class='ocrx_word' id='word_1_123' title='bbox 2882 761 2971 813; x_wconf 86' lang='grc' dir='ltr'><strong>τὸν</strong></span> <span class='ocrx_word' id='word_1_124' title='bbox 2993 762 3253 827; x_wconf 72' lang='grc' dir='ltr'>Κυζίκου,</span> <span class='ocrx_word' id='word_1_125' title='bbox 3277 764 3408 818; x_wconf 84' lang='grc' dir='ltr'>διότι</span> <span class='ocrx_word' id='word_1_126' title='bbox 3433 767 3752 837; x_wconf 84' lang='grc' dir='ltr'>Ἡράκλειόν</span> <span class='ocrx_word' id='word_1_127' title='bbox 3772 789 3891 824; x_wconf 87' lang='grc' dir='ltr'>τινα</span> <span class='ocrx_word' id='word_1_128' title='bbox 3913 774 3954 824; x_wconf 80' lang='lat' dir='ltr'><strong>is</strong></span> <span class='ocrx_word' id='word_1_129' title='bbox 3965 775 4060 841; x_wconf 74' lang='grc' dir='ltr'><strong>ρέα</strong></span> 
     </span>
    </p>
   </div>
   <div class='ocr_carea' id='block_1_22' title="bbox 2491 849 4061 932">
    <p class='ocr_par' dir='ltr' id='par_1_22' title="bbox 2491 849 4061 932">
     <span class='ocr_line' id='line_1_22' title="bbox 2491 849 4061 932; baseline 0.01 -32"><span class='ocrx_word' id='word_1_130' title='bbox 2491 849 2586 902; x_wconf 81' lang='grc' dir='ltr'>τοῦ</span> <span class='ocrx_word' id='word_1_131' title='bbox 2650 852 2708 902; x_wconf 93' lang='grc' dir='ltr'><strong>ἐν</strong></span> <span class='ocrx_word' id='word_1_132' title='bbox 2756 851 2916 920; x_wconf 77' lang='grc' dir='ltr'>Τύρῳ</span> <span class='ocrx_word' id='word_1_133' title='bbox 2975 852 3334 924; x_wconf 76' lang='grc' dir='ltr'><strong>Ἡρακλέους,</strong></span> <span class='ocrx_word' id='word_1_134' title='bbox 3381 858 3473 910; x_wconf 76' lang='grc' dir='ltr'><strong>ἐπὶ</strong></span> <span class='ocrx_word' id='word_1_135' title='bbox 3525 860 3748 930; x_wconf 78' lang='grc' dir='ltr'>γοητείᾳ</span> <span class='ocrx_word' id='word_1_136' title='bbox 3792 861 4061 932; x_wconf 70' lang='grc' dir='ltr'>ληφθέντα</span> 
     </span>
    </p>
   </div>
   <div class='ocr_carea' id='block_1_23' title="bbox 2496 939 4056 1016">
    <p class='ocr_par' dir='ltr' id='par_1_23' title="bbox 2496 939 4056 1016">
     <span class='ocr_line' id='line_1_23' title="bbox 2496 939 4056 1016; baseline 0.008 -25"><span class='ocrx_word' id='word_1_137' title='bbox 2496 939 2781 1009; x_wconf 81' lang='grc' dir='ltr'><strong>βαπτίσας,</strong></span> <span class='ocrx_word' id='word_1_138' title='bbox 2814 945 2893 1005; x_wconf 85' lang='grc' dir='ltr'><strong>είς</strong></span> <span class='ocrx_word' id='word_1_139' title='bbox 2934 942 3178 998; x_wconf 87' lang='grc' dir='ltr'>διάκονον</span> <span class='ocrx_word' id='word_1_140' title='bbox 3227 945 3609 1016; x_wconf 75' lang='grc' dir='ltr'>προεϐάλλετο.</span> <span class='ocrx_word' id='word_1_141' title='bbox 3659 949 3936 1004; x_wconf 75' lang='grc' dir='ltr'><strong>Βασίλειον</strong></span> <span class='ocrx_word' id='word_1_142' title='bbox 3977 952 4056 1010; x_wconf 84' lang='grc' dir='ltr'><strong>δὲ,</strong></span> 
     </span>
    </p>
   </div>
   <div class='ocr_carea' id='block_1_24' title="bbox 2491 1031 4058 1109">
    <p class='ocr_par' dir='ltr' id='par_1_24' title="bbox 2491 1031 4058 1109">
     <span class='ocr_line' id='line_1_24' title="bbox 2491 1031 4058 1109; baseline 0.007 -26"><span class='ocrx_word' id='word_1_143' title='bbox 2491 1031 2583 1085; x_wconf 85' lang='grc' dir='ltr'><strong>τὸν</strong></span> <span class='ocrx_word' id='word_1_144' title='bbox 2613 1033 2706 1085; x_wconf 76' lang='grc' dir='ltr'><strong>καὶ</strong></span> <span class='ocrx_word' id='word_1_145' title='bbox 2737 1032 2998 1098; x_wconf 84' lang='grc' dir='ltr'>Βασιλᾶν,</span> <span class='ocrx_word' id='word_1_146' title='bbox 3040 1035 3265 1106; x_wconf 76' lang='grc' dir='ltr'>καὶγὰρ</span> <span class='ocrx_word' id='word_1_147' title='bbox 3291 1037 3462 1101; x_wconf 75' lang='grc' dir='ltr'>οὕτως</span> <span class='ocrx_word' id='word_1_148' title='bbox 3507 1039 3844 1109; x_wconf 78' lang='grc' dir='ltr'>ὠνομάζετο,</span> <span class='ocrx_word' id='word_1_149' title='bbox 3873 1044 3963 1094; x_wconf 78' lang='grc' dir='ltr'><strong>τὸν</strong></span> <span class='ocrx_word' id='word_1_150' title='bbox 4001 1045 4058 1094; x_wconf 83' lang='grc' dir='ltr'><strong>ἐν</strong></span> 
     </span>
    </p>
   </div>
   <div class='ocr_carea' id='block_1_25' title="bbox 2505 1123 4056 1202">
    <p class='ocr_par' dir='ltr' id='par_1_25' title="bbox 2505 1123 4056 1202">
     <span class='ocr_line' id='line_1_25' title="bbox 2505 1123 4056 1202; baseline 0.005 -26"><span class='ocrx_word' id='word_1_151' title='bbox 2505 1123 2747 1195; x_wconf 78' lang='grc' dir='ltr'>Ἀγκύρᾳ</span> <span class='ocrx_word' id='word_1_152' title='bbox 2779 1127 2860 1188; x_wconf 86' lang='grc' dir='ltr'><strong>είς</strong></span> <span class='ocrx_word' id='word_1_153' title='bbox 2882 1127 2974 1178; x_wconf 76' lang='grc' dir='ltr'><strong>τὸν</strong></span> <span class='ocrx_word' id='word_1_154' title='bbox 3016 1127 3180 1180; x_wconf 85' lang='grc' dir='ltr'>τόπον</span> <span class='ocrx_word' id='word_1_155' title='bbox 3221 1129 3541 1199; x_wconf 82' lang='grc' dir='ltr'>Μαρκέλλου</span> <span class='ocrx_word' id='word_1_156' title='bbox 3592 1133 4056 1202; x_wconf 85' lang='grc' dir='ltr'>προχειρισθέντα,</span> 
     </span>
    </p>
   </div>
   <div class='ocr_carea' id='block_1_26' title="bbox 2492 1216 4059 1295">
    <p class='ocr_par' dir='ltr' id='par_1_26' title="bbox 2492 1216 4059 1295">
     <span class='ocr_line' id='line_1_26' title="bbox 2492 1216 4059 1295; baseline 0.006 -28"><span class='ocrx_word' id='word_1_157' title='bbox 2492 1216 2572 1278; x_wconf 70' lang='grc' dir='ltr'>ὡς</span> <span class='ocrx_word' id='word_1_158' title='bbox 2622 1216 2823 1279; x_wconf 84' lang='grc' dir='ltr'>ἀδίκως</span> <span class='ocrx_word' id='word_1_159' title='bbox 2872 1219 2994 1271; x_wconf 80' lang='grc' dir='ltr'>τινὰ</span> <span class='ocrx_word' id='word_1_160' title='bbox 3048 1218 3447 1288; x_wconf 85' lang='grc' dir='ltr'>βασανίσαντα,</span> <span class='ocrx_word' id='word_1_161' title='bbox 3508 1223 3603 1275; x_wconf 76' lang='grc' dir='ltr'><strong>καὶ</strong></span> <span class='ocrx_word' id='word_1_162' title='bbox 3655 1224 4059 1295; x_wconf 77' lang='grc' dir='ltr'>σιδηροὸέσμοις</span> 
     </span>
    </p>
   </div>
   <div class='ocr_carea' id='block_1_27' title="bbox 2493 1305 4059 1380">
    <p class='ocr_par' dir='ltr' id='par_1_27' title="bbox 2493 1305 4059 1380">
     <span class='ocr_line' id='line_1_27' title="bbox 2493 1305 4059 1380; baseline 0.004 -22"><span class='ocrx_word' id='word_1_163' title='bbox 2493 1305 2762 1375; x_wconf 78' lang='grc' dir='ltr'><strong>φυλακαῖς</strong></span> <span class='ocrx_word' id='word_1_164' title='bbox 2803 1308 3236 1363; x_wconf 82' lang='grc' dir='ltr'>κατακλείσαντα</span> <span class='ocrx_word' id='word_1_165' title='bbox 3254 1327 3266 1340; x_wconf 90' lang='grc'><strong>·</strong></span> <span class='ocrx_word' id='word_1_166' title='bbox 3305 1312 3398 1364; x_wconf 74' lang='grc' dir='ltr'><strong>καὶ</strong></span> <span class='ocrx_word' id='word_1_167' title='bbox 3420 1313 3500 1364; x_wconf 83' lang='grc' dir='ltr'>ὅτι</span> <span class='ocrx_word' id='word_1_168' title='bbox 3531 1315 3892 1380; x_wconf 82' lang='grc' dir='ltr'><strong>συκοφαντίας</strong></span> <span class='ocrx_word' id='word_1_169' title='bbox 3919 1316 4059 1367; x_wconf 66' lang='grc' dir='ltr'>τισὶν</span> 
     </span>
    </p>
   </div>
   <div class='ocr_carea' id='block_1_28' title="bbox 2492 1398 4058 1472">
    <p class='ocr_par' dir='ltr' id='par_1_28' title="bbox 2492 1398 4058 1472">
     <span class='ocr_line' id='line_1_28' title="bbox 2492 1398 4058 1472; baseline 0.003 -21"><span class='ocrx_word' id='word_1_170' title='bbox 2492 1398 2765 1472; x_wconf 72' lang='grc' dir='ltr'>ἕρῤαψενο</span> <span class='ocrx_word' id='word_1_171' title='bbox 2827 1398 2905 1452; x_wconf 79' lang='grc' dir='ltr'><strong>ἔτι</strong></span> <span class='ocrx_word' id='word_1_172' title='bbox 2954 1398 3059 1470; x_wconf 82' lang='grc' dir='ltr'>μὴν</span> <span class='ocrx_word' id='word_1_173' title='bbox 3112 1400 3208 1453; x_wconf 79' lang='grc' dir='ltr'>καὶ</span> <span class='ocrx_word' id='word_1_174' title='bbox 3257 1402 3338 1454; x_wconf 83' lang='grc' dir='ltr'><strong>ὅτι</strong></span> <span class='ocrx_word' id='word_1_175' title='bbox 3378 1401 3446 1455; x_wconf 88' lang='grc' dir='ltr'>δι’</span> <span class='ocrx_word' id='word_1_176' title='bbox 3501 1403 3800 1456; x_wconf 76' lang='grc' dir='ltr'>ἐπιστολῶν</span> <span class='ocrx_word' id='word_1_177' title='bbox 3851 1403 3950 1466; x_wconf 79' lang='grc' dir='ltr'>τὰς</span> <span class='ocrx_word' id='word_1_178' title='bbox 4001 1406 4058 1455; x_wconf 89' lang='grc' dir='ltr'><strong>ἐν</strong></span> 
     </span>
    </p>
   </div>
   <div class='ocr_carea' id='block_1_29' title="bbox 2507 1490 4058 1569">
    <p class='ocr_par' dir='ltr' id='par_1_29' title="bbox 2507 1490 4058 1569">
     <span class='ocr_line' id='line_1_29' title="bbox 2507 1490 4058 1569; baseline 0.001 -25"><span class='ocrx_word' id='word_1_179' title='bbox 2507 1493 2738 1565; x_wconf 82' lang='grc' dir='ltr'>Ἀφρικῇ</span> <span class='ocrx_word' id='word_1_180' title='bbox 2787 1490 3111 1561; x_wconf 81' lang='grc' dir='ltr'>Ἐκκλησίας</span> <span class='ocrx_word' id='word_1_181' title='bbox 3154 1492 3449 1563; x_wconf 58' lang='grc' dir='ltr'>ἐτάραξεν</span> <span class='ocrx_word' id='word_1_182' title='bbox 3488 1494 3811 1569; x_wconf 73' lang='grc' dir='ltr'>Δρακόντιον</span> <span class='ocrx_word' id='word_1_183' title='bbox 3867 1495 3943 1557; x_wconf 86' lang='grc' dir='ltr'><strong>δὲ,</strong></span> <span class='ocrx_word' id='word_1_184' title='bbox 3976 1497 4058 1548; x_wconf 82' lang='grc' dir='ltr'>ὃτι</span> 
     </span>
    </p>
   </div>
   <div class='ocr_carea' id='block_1_30' title="bbox 2493 1581 4088 1654">
    <p class='ocr_par' dir='ltr' id='par_1_30' title="bbox 2493 1581 4088 1654">
     <span class='ocr_line' id='line_1_30' title="bbox 2493 1581 4088 1654; baseline 0.002 -18"><span class='ocrx_word' id='word_1_185' title='bbox 2493 1582 2602 1636; x_wconf 79' lang='grc' dir='ltr'>ἀπὸ</span> <span class='ocrx_word' id='word_1_186' title='bbox 2629 1581 2897 1645; x_wconf 84' lang='grc' dir='ltr'>Γαλατίας</span> <span class='ocrx_word' id='word_1_187' title='bbox 2919 1582 3121 1654; x_wconf 79' lang='grc' dir='ltr'>μετέϐη</span> <span class='ocrx_word' id='word_1_188' title='bbox 3146 1585 3226 1647; x_wconf 88' lang='grc' dir='ltr'><strong>είς</strong></span> <span class='ocrx_word' id='word_1_189' title='bbox 3253 1583 3569 1654; x_wconf 75' lang='grc' dir='ltr'>Πέργαμον.</span> <span class='ocrx_word' id='word_1_190' title='bbox 3592 1585 3856 1639; x_wconf 82' lang='grc' dir='ltr'>Καθεῖλον</span> <span class='ocrx_word' id='word_1_191' title='bbox 3887 1585 3943 1637; x_wconf 81' lang='grc' dir='ltr'>δὲ</span> <span class='ocrx_word' id='word_1_192' title='bbox 3967 1586 4059 1638; x_wconf 71' lang='grc' dir='ltr'><strong>καὶ</strong></span> <span class='ocrx_word' id='word_1_193' title='bbox 4086 1637 4088 1639; x_wconf 74' lang='lat'><strong>.</strong></span> 
     </span>
    </p>
   </div>
   <div class='ocr_carea' id='block_1_31' title="bbox 2494 1668 4058 1745">
    <p class='ocr_par' dir='ltr' id='par_1_31' title="bbox 2494 1668 4058 1745">
     <span class='ocr_line' id='line_1_31' title="bbox 2494 1668 4058 1745; baseline 0 -20"><span class='ocrx_word' id='word_1_194' title='bbox 2494 1673 2717 1726; x_wconf 78' lang='grc' dir='ltr'>Νεωνᾶν</span> <span class='ocrx_word' id='word_1_195' title='bbox 2751 1672 2843 1725; x_wconf 76' lang='grc' dir='ltr'><strong>τὸν</strong></span> <span class='ocrx_word' id='word_1_196' title='bbox 2865 1672 3204 1737; x_wconf 74' lang='grc' dir='ltr'>Σελευκείας,</span> <span class='ocrx_word' id='word_1_197' title='bbox 3233 1675 3291 1726; x_wconf 89' lang='grc' dir='ltr'><strong>ἐν</strong></span> <span class='ocrx_word' id='word_1_198' title='bbox 3387 1675 3626 1743; x_wconf 81' lang='grc' dir='ltr'>ἐγεγόνει</span> <span class='ocrx_word' id='word_1_199' title='bbox 3659 1676 3692 1745; x_wconf 84' lang='grc' dir='ltr'><strong>ή</strong></span> <span class='ocrx_word' id='word_1_200' title='bbox 3723 1674 3959 1739; x_wconf 82' lang='grc' dir='ltr'>σύνοδος,</span> <span class='ocrx_word' id='word_1_201' title='bbox 3980 1674 4058 1726; x_wconf 71' lang='grc' dir='ltr'>ἔτι</span> 
     </span>
    </p>
   </div>
   <div class='ocr_carea' id='block_1_32' title="bbox 2497 1763 4060 1835">
    <p class='ocr_par' dir='ltr' id='par_1_32' title="bbox 2497 1763 4060 1835">
     <span class='ocr_line' id='line_1_32' title="bbox 2497 1763 4060 1835; baseline -0.003 -17"><span class='ocrx_word' id='word_1_202' title='bbox 2497 1765 2604 1835; x_wconf 84' lang='grc' dir='ltr'><strong>μὴν</strong></span> <span class='ocrx_word' id='word_1_203' title='bbox 2659 1765 2751 1818; x_wconf 74' lang='grc' dir='ltr'><strong>καὶ</strong></span> <span class='ocrx_word' id='word_1_204' title='bbox 2809 1764 3114 1835; x_wconf 83' lang='grc' dir='ltr'>Σωφρόνιον</span> <span class='ocrx_word' id='word_1_205' title='bbox 3169 1764 3260 1816; x_wconf 84' lang='grc' dir='ltr'><strong>τὸν</strong></span> <span class='ocrx_word' id='word_1_206' title='bbox 3308 1765 3803 1835; x_wconf 77' lang='grc' dir='ltr'>Πομπηϊουπόλεως</span> <span class='ocrx_word' id='word_1_207' title='bbox 3847 1764 3945 1834; x_wconf 84' lang='grc' dir='ltr'>τῆς</span> <span class='ocrx_word' id='word_1_208' title='bbox 4002 1763 4060 1813; x_wconf 61' lang='grc' dir='ltr'><strong>ἐν</strong></span> 
     </span>
    </p>
   </div>
   <div class='ocr_carea' id='block_1_33' title="bbox 2495 1854 4054 1927">
    <p class='ocr_par' dir='ltr' id='par_1_33' title="bbox 2495 1854 4054 1927">
     <span class='ocr_line' id='line_1_33' title="bbox 2495 1854 4054 1927; baseline -0.003 -17"><span class='ocrx_word' id='word_1_209' title='bbox 2495 1856 2868 1927; x_wconf 69' lang='grc' dir='ltr'>Παφλαγονία,</span> <span class='ocrx_word' id='word_1_210' title='bbox 2913 1856 3008 1910; x_wconf 75' lang='grc' dir='ltr'><strong>καὶ</strong></span> <span class='ocrx_word' id='word_1_211' title='bbox 3066 1856 3332 1910; x_wconf 85' lang='grc' dir='ltr'>Ἐλπίδιον</span> <span class='ocrx_word' id='word_1_212' title='bbox 3381 1855 3634 1910; x_wconf 88' lang='grc' dir='ltr'>Σατάλων</span> <span class='ocrx_word' id='word_1_213' title='bbox 3670 1857 3769 1925; x_wconf 82' lang='grc' dir='ltr'>τῆς</span> <span class='ocrx_word' id='word_1_214' title='bbox 3817 1854 4054 1909; x_wconf 77' lang='grc' dir='ltr'>Μακεδο-</span> 
     </span>
    </p>
   </div>
   <div class='ocr_carea' id='block_1_34' title="bbox 812 1935 2592 2022">
    <p class='ocr_par' dir='ltr' id='par_1_34' title="bbox 812 1935 2592 2022">
     <span class='ocr_line' id='line_1_34' title="bbox 812 1935 2592 2022; baseline 0.002 -26"><span class='ocrx_word' id='word_1_215' title='bbox 812 1961 948 1999; x_wconf 93' lang='lat' dir='ltr'><strong>vero</strong></span> <span class='ocrx_word' id='word_1_216' title='bbox 977 1947 1183 2003; x_wconf 93' lang='lat' dir='ltr'><strong>idcirco</strong></span> <span class='ocrx_word' id='word_1_217' title='bbox 1217 1949 1610 2018; x_wconf 90' lang='lat' dir='ltr'><strong>deposuerunt,</strong></span> <span class='ocrx_word' id='word_1_218' title='bbox 1647 1950 1794 2018; x_wconf 89' lang='lat' dir='ltr'><strong>quod</strong></span> <span class='ocrx_word' id='word_1_219' title='bbox 1839 1966 1906 2005; x_wconf 80' lang='lat' dir='ltr'><strong>ex</strong></span> <span class='ocrx_word' id='word_1_220' title='bbox 1941 1951 2152 2006; x_wconf 86' lang='lat' dir='ltr'><strong>Galatia</strong></span> <span class='ocrx_word' id='word_1_221' title='bbox 2193 1954 2391 2022; x_wconf 85' lang='lat' dir='ltr'><strong>Perga-</strong></span> <span class='ocrx_word' id='word_1_222' title='bbox 2422 1935 2464 1988; x_wconf 77' lang='grc' dir='ltr'><strong>Β</strong></span> <span class='ocrx_word' id='word_1_223' title='bbox 2493 1948 2592 2000; x_wconf 63' lang='lat' dir='ltr'><strong>viai</strong></span> 
     </span>
    </p>
   </div>
   <div class='ocr_carea' id='block_1_35' title="bbox 2277 1935 4057 2022">
    <p class='ocr_par' dir='ltr' id='par_1_35' title="bbox 2277 1935 4057 2022">
     <span class='ocr_line' id='line_1_35' title="bbox 2277 1935 4057 2022; baseline -0.004 -17"><span class='ocrx_word' id='word_1_224' title='bbox 2277 1969 2391 2022; x_wconf 82' lang='lat' dir='ltr'><strong>rga-</strong></span> <span class='ocrx_word' id='word_1_225' title='bbox 2422 1935 2464 1988; x_wconf 75' lang='grc' dir='ltr'><strong>Β</strong></span> <span class='ocrx_word' id='word_1_226' title='bbox 2493 1948 2612 2010; x_wconf 86' lang='grc' dir='ltr'>νίας</span> <span class='ocrx_word' id='word_1_227' title='bbox 2675 1946 2812 2017; x_wconf 87' lang='grc'><strong>(86),</strong></span> <span class='ocrx_word' id='word_1_228' title='bbox 2868 1947 2961 2000; x_wconf 74' lang='grc' dir='ltr'><strong>καὶ</strong></span> <span class='ocrx_word' id='word_1_229' title='bbox 3014 1947 3123 2000; x_wconf 85' lang='grc' dir='ltr'><strong>τῶν</strong></span> <span class='ocrx_word' id='word_1_230' title='bbox 3172 1946 3557 2018; x_wconf 82' lang='grc' dir='ltr'>Ἱεροσολύμων</span> <span class='ocrx_word' id='word_1_231' title='bbox 3627 1946 3913 2020; x_wconf 82' lang='grc' dir='ltr'>Κύριλλον,</span> <span class='ocrx_word' id='word_1_232' title='bbox 3965 1948 4057 1999; x_wconf 79' lang='grc' dir='ltr'><strong>καὶ</strong></span> 
     </span>
    </p>
   </div>
   <div class='ocr_carea' id='block_1_36' title="bbox 809 2037 2392 2110">
    <p class='ocr_par' dir='ltr' id='par_1_36' title="bbox 809 2037 2392 2110">
     <span class='ocr_line' id='line_1_36' title="bbox 809 2037 2392 2110; baseline 0.005 -23"><span class='ocrx_word' id='word_1_233' title='bbox 809 2049 960 2091; x_wconf 90' lang='lat' dir='ltr'><strong>mum</strong></span> <span class='ocrx_word' id='word_1_234' title='bbox 984 2037 1334 2092; x_wconf 87' lang='lat' dir='ltr'><strong>transilierat.</strong></span> <span class='ocrx_word' id='word_1_235' title='bbox 1362 2038 1705 2093; x_wconf 84' lang='lat' dir='ltr'><strong>Abdicarunt</strong></span> <span class='ocrx_word' id='word_1_236' title='bbox 1727 2040 1891 2094; x_wconf 89' lang='lat' dir='ltr'><strong>etiam</strong></span> <span class='ocrx_word' id='word_1_237' title='bbox 1914 2041 2154 2095; x_wconf 84' lang='lat' dir='ltr'><strong>Nconam</strong></span> <span class='ocrx_word' id='word_1_238' title='bbox 2180 2041 2392 2110; x_wconf 86' lang='lat' dir='ltr'><strong>episco-</strong></span> 
     </span>
    </p>
   </div>
   <div class='ocr_carea' id='block_1_37' title="bbox 2498 2037 3521 2102">
    <p class='ocr_par' dir='ltr' id='par_1_37' title="bbox 2498 2037 3521 2102">
     <span class='ocr_line' id='line_1_37' title="bbox 2498 2037 3521 2102; baseline 0 -10"><span class='ocrx_word' id='word_1_239' title='bbox 2498 2038 2688 2101; x_wconf 77' lang='grc' dir='ltr'>ἄλλους</span> <span class='ocrx_word' id='word_1_240' title='bbox 2723 2038 2788 2091; x_wconf 85' lang='grc' dir='ltr'>δι’</span> <span class='ocrx_word' id='word_1_241' title='bbox 2819 2037 2981 2101; x_wconf 78' lang='grc' dir='ltr'>ἄλλας</span> <span class='ocrx_word' id='word_1_242' title='bbox 3006 2037 3184 2100; x_wconf 79' lang='grc' dir='ltr'>αἰτίας</span> <span class='ocrx_word' id='word_1_243' title='bbox 3218 2037 3521 2102; x_wconf 81' lang='grc' dir='ltr'>ἐξέϐαλλον.</span> 
     </span>
    </p>
   </div>
   <div class='ocr_carea' id='block_1_38' title="bbox 809 2129 4056 2202">
    <p class='ocr_par' dir='ltr' id='par_1_38' title="bbox 809 2129 4056 2202">
     <span class='ocr_line' id='line_1_38' title="bbox 809 2129 4056 2202; baseline -0.001 -22"><span class='ocrx_word' id='word_1_244' title='bbox 809 2143 950 2197; x_wconf 55' lang='lat' dir='ltr'><strong>pum,</strong></span> <span class='ocrx_word' id='word_1_245' title='bbox 973 2129 1253 2194; x_wconf 70' lang='lat' dir='ltr'><strong>Seleuciae,</strong></span> <span class='ocrx_word' id='word_1_246' title='bbox 1286 2147 1391 2200; x_wconf 90' lang='lat' dir='ltr'><strong>qua</strong></span> <span class='ocrx_word' id='word_1_247' title='bbox 1431 2132 1484 2184; x_wconf 91' lang='lat' dir='ltr'><strong>in</strong></span> <span class='ocrx_word' id='word_1_248' title='bbox 1513 2133 1647 2185; x_wconf 86' lang='lat' dir='ltr'><strong>urbe</strong></span> <span class='ocrx_word' id='word_1_249' title='bbox 1687 2132 1927 2202; x_wconf 72' lang='lat' dir='ltr'><strong>synodus</strong></span> <span class='ocrx_word' id='word_1_250' title='bbox 1958 2133 2145 2188; x_wconf 87' lang='lat' dir='ltr'><strong>habita</strong></span> <span class='ocrx_word' id='word_1_251' title='bbox 2177 2133 2353 2186; x_wconf 87' lang='lat' dir='ltr'><strong>fuerat</strong></span> <span class='ocrx_word' id='word_1_252' title='bbox 2379 2151 2393 2186; x_wconf 71' lang='grc' dir='ltr'><strong>ε</strong></span> <span class='ocrx_word' id='word_1_253' title='bbox 2435 2132 2803 2201; x_wconf 89' lang='lat' dir='ltr'><strong>Sophronium</strong></span> <span class='ocrx_word' id='word_1_254' title='bbox 2824 2146 3041 2200; x_wconf 91' lang='lat' dir='ltr'><strong>quoque</strong></span> <span class='ocrx_word' id='word_1_255' title='bbox 3063 2171 3078 2196; x_wconf 90' lang='lat'><strong>,</strong></span> <span class='ocrx_word' id='word_1_256' title='bbox 3115 2129 3432 2200; x_wconf 88' lang='lat' dir='ltr'><strong>episcopum</strong></span> <span class='ocrx_word' id='word_1_257' title='bbox 3454 2129 3917 2200; x_wconf 89' lang='lat' dir='ltr'><strong>Pompeiopoleos,</strong></span> <span class='ocrx_word' id='word_1_258' title='bbox 3935 2143 4056 2196; x_wconf 78' lang='lat' dir='ltr'><strong>quae</strong></span> 
     </span>
    </p>
   </div>
   <div class='ocr_carea' id='block_1_39' title="bbox 811 2219 4157 2299">
    <p class='ocr_par' dir='ltr' id='par_1_39' title="bbox 811 2219 4157 2299">
     <span class='ocr_line' id='line_1_39' title="bbox 811 2219 4157 2299; baseline 0 -29"><span class='ocrx_word' id='word_1_259' title='bbox 811 2219 943 2272; x_wconf 87' lang='lat' dir='ltr'><strong>urbs</strong></span> <span class='ocrx_word' id='word_1_260' title='bbox 1004 2228 1089 2272; x_wconf 89' lang='lat' dir='ltr'><strong>est</strong></span> <span class='ocrx_word' id='word_1_261' title='bbox 1149 2220 1562 2289; x_wconf 65' lang='lat' dir='ltr'><strong>Paphlagoniae;</strong></span> <span class='ocrx_word' id='word_1_262' title='bbox 1603 2220 1878 2299; x_wconf 51' lang='lat' dir='ltr'><strong>Elindium</strong></span> <span class='ocrx_word' id='word_1_263' title='bbox 1921 2222 2228 2280; x_wconf 83' lang='lat' dir='ltr'><strong>Satalorum</strong></span> <span class='ocrx_word' id='word_1_264' title='bbox 2298 2221 2590 2286; x_wconf 60' lang='lat' dir='ltr'><strong>Armeniae,</strong></span> <span class='ocrx_word' id='word_1_265' title='bbox 2651 2219 2915 2292; x_wconf 88' lang='lat' dir='ltr'><strong>Cyrillum</strong></span> <span class='ocrx_word' id='word_1_266' title='bbox 2967 2220 3469 2292; x_wconf 83' lang='lat' dir='ltr'><strong>Hierosolymorum</strong></span> <span class='ocrx_word' id='word_1_267' title='bbox 3514 2219 3828 2290; x_wconf 88' lang='lat' dir='ltr'><strong>episcopum</strong></span> <span class='ocrx_word' id='word_1_268' title='bbox 3858 2258 3873 2283; x_wconf 90' lang='lat'><strong>,</strong></span> <span class='ocrx_word' id='word_1_269' title='bbox 3921 2219 4058 2272; x_wconf 85' lang='lat' dir='ltr'><strong>alios</strong></span> <span class='ocrx_word' id='word_1_270' title='bbox 4151 2252 4157 2258; x_wconf 87' lang='lat'><strong>-</strong></span> 
     </span>
    </p>
   </div>
   <div class='ocr_carea' id='block_1_40' title="bbox 809 2311 1996 2381">
    <p class='ocr_par' dir='ltr' id='par_1_40' title="bbox 809 2311 1996 2381">
     <span class='ocr_line' id='line_1_40' title="bbox 809 2311 1996 2381; baseline -0.002 -16"><span class='ocrx_word' id='word_1_271' title='bbox 809 2311 1048 2381; x_wconf 80' lang='lat' dir='ltr'><strong>denique</strong></span> <span class='ocrx_word' id='word_1_272' title='bbox 1073 2311 1206 2367; x_wconf 86' lang='lat' dir='ltr'><strong>alias</strong></span> <span class='ocrx_word' id='word_1_273' title='bbox 1228 2311 1299 2364; x_wconf 90' lang='lat' dir='ltr'><strong>ob</strong></span> <span class='ocrx_word' id='word_1_274' title='bbox 1332 2325 1524 2364; x_wconf 87' lang='lat' dir='ltr'><strong>causas</strong></span> <span class='ocrx_word' id='word_1_275' title='bbox 1549 2319 1996 2364; x_wconf 77' lang='lat' dir='ltr'><strong>exauctorarunt.</strong></span> 
     </span>
    </p>
   </div>
   <div class='ocr_carea' id='block_1_41' title="bbox 1418 2443 1788 2498">
    <p class='ocr_par' dir='ltr' id='par_1_41' title="bbox 1418 2443 1788 2498">
     <span class='ocr_line' id='line_1_41' title="bbox 1418 2443 1788 2498; baseline 0 0"><span class='ocrx_word' id='word_1_276' title='bbox 1418 2443 1568 2498; x_wconf 81' lang='lat' dir='ltr'><strong>CAP.</strong></span> <span class='ocrx_word' id='word_1_277' title='bbox 1603 2444 1788 2498; x_wconf 78' lang='lat' dir='ltr'>XLIII.</span> 
     </span>
    </p>
   </div>
   <div class='ocr_carea' id='block_1_42' title="bbox 1115 2532 2086 2604">
    <p class='ocr_par' dir='ltr' id='par_1_42' title="bbox 1115 2532 2086 2604">
     <span class='ocr_line' id='line_1_42' title="bbox 1115 2532 2086 2604; baseline 0.002 -17"><span class='ocrx_word' id='word_1_278' title='bbox 1115 2533 1194 2587; x_wconf 88' lang='lat' dir='ltr'><strong>De</strong></span> <span class='ocrx_word' id='word_1_279' title='bbox 1226 2533 1505 2588; x_wconf 84' lang='lat' dir='ltr'><strong>Eustathio</strong></span> <span class='ocrx_word' id='word_1_280' title='bbox 1541 2537 1777 2604; x_wconf 86' lang='lat' dir='ltr'><strong>episc0po</strong></span> <span class='ocrx_word' id='word_1_281' title='bbox 1817 2532 2086 2589; x_wconf 75' lang='lat' dir='ltr'><strong>Sebastiw.</strong></span> 
     </span>
    </p>
   </div>
   <div class='ocr_carea' id='block_1_43' title="bbox 883 2625 2396 2700">
    <p class='ocr_par' dir='ltr' id='par_1_43' title="bbox 883 2625 2396 2700">
     <span class='ocr_line' id='line_1_43' title="bbox 883 2625 2396 2700; baseline 0.001 -18"><span class='ocrx_word' id='word_1_282' title='bbox 883 2625 1202 2682; x_wconf 85' lang='lat' dir='ltr'><strong>Eustathius</strong></span> <span class='ocrx_word' id='word_1_283' title='bbox 1227 2641 1358 2680; x_wconf 93' lang='lat' dir='ltr'><strong>vero</strong></span> <span class='ocrx_word' id='word_1_284' title='bbox 1383 2626 1647 2681; x_wconf 72' lang='lat' dir='ltr'><strong>Sebastia:</strong></span> <span class='ocrx_word' id='word_1_285' title='bbox 1684 2628 1740 2680; x_wconf 91' lang='lat' dir='ltr'><strong>in</strong></span> <span class='ocrx_word' id='word_1_286' title='bbox 1778 2627 2038 2682; x_wconf 88' lang='lat' dir='ltr'><strong>Armenia</strong></span> <span class='ocrx_word' id='word_1_287' title='bbox 2081 2628 2396 2700; x_wconf 88' lang='lat' dir='ltr'><strong>episcopus,</strong></span> 
     </span>
    </p>
   </div>
   <div class='ocr_carea' id='block_1_44' title="bbox 817 2717 2397 2789">
    <p class='ocr_par' dir='ltr' id='par_1_44' title="bbox 817 2717 2397 2789">
     <span class='ocr_line' id='line_1_44' title="bbox 817 2717 2397 2789; baseline 0.002 -18"><span class='ocrx_word' id='word_1_288' title='bbox 817 2736 880 2771; x_wconf 79' lang='lat' dir='ltr'><strong>ne</strong></span> <span class='ocrx_word' id='word_1_289' title='bbox 905 2718 1126 2786; x_wconf 86' lang='lat' dir='ltr'><strong>quidem</strong></span> <span class='ocrx_word' id='word_1_290' title='bbox 1148 2717 1214 2771; x_wconf 89' lang='lat' dir='ltr'><strong>ad</strong></span> <span class='ocrx_word' id='word_1_291' title='bbox 1243 2718 1324 2771; x_wconf 83' lang='lat' dir='ltr'><strong>sui</strong></span> <span class='ocrx_word' id='word_1_292' title='bbox 1357 2717 1730 2772; x_wconf 88' lang='lat' dir='ltr'><strong>defensionem</strong></span> <span class='ocrx_word' id='word_1_293' title='bbox 1753 2718 2028 2774; x_wconf 85' lang='lat' dir='ltr'><strong>admissus</strong></span> <span class='ocrx_word' id='word_1_294' title='bbox 2049 2728 2163 2775; x_wconf 87' lang='lat' dir='ltr'><strong>est:</strong></span> <span class='ocrx_word' id='word_1_295' title='bbox 2194 2721 2397 2789; x_wconf 87' lang='lat' dir='ltr'><strong>quippe</strong></span> 
     </span>
    </p>
   </div>
   <div class='ocr_carea' id='block_1_45' title="bbox 805 2810 2399 2882">
    <p class='ocr_par' dir='ltr' id='par_1_45' title="bbox 805 2810 2399 2882">
     <span class='ocr_line' id='line_1_45' title="bbox 805 2810 2399 2882; baseline -0.001 -16"><span class='ocrx_word' id='word_1_296' title='bbox 805 2813 902 2880; x_wconf 77' lang='lat' dir='ltr'><strong>qui</strong></span> <span class='ocrx_word' id='word_1_297' title='bbox 940 2826 968 2864; x_wconf 92' lang='lat' dir='ltr'><strong>a</strong></span> <span class='ocrx_word' id='word_1_298' title='bbox 997 2819 1149 2880; x_wconf 83' lang='lat' dir='ltr'><strong>patre</strong></span> <span class='ocrx_word' id='word_1_299' title='bbox 1191 2827 1290 2864; x_wconf 88' lang='lat' dir='ltr'><strong>suo</strong></span> <span class='ocrx_word' id='word_1_300' title='bbox 1324 2811 1554 2875; x_wconf 84' lang='lat' dir='ltr'><strong>Eulalio,</strong></span> <span class='ocrx_word' id='word_1_301' title='bbox 1589 2810 1848 2865; x_wconf 58' lang='lat' dir='ltr'><strong>Caesareae</strong></span> <span class='ocrx_word' id='word_1_302' title='bbox 1874 2810 2254 2882; x_wconf 89' lang='lat' dir='ltr'><strong>Cappadocum</strong></span> <span class='ocrx_word' id='word_1_303' title='bbox 2283 2811 2399 2882; x_wconf 92' lang='lat' dir='ltr'><strong>epi-</strong></span> 
     </span>
    </p>
   </div>
   <div class='ocr_carea' id='block_1_46' title="bbox 3050 2445 3457 2500">
    <p class='ocr_par' dir='ltr' id='par_1_46' title="bbox 3050 2445 3457 2500">
     <span class='ocr_line' id='line_1_46' title="bbox 3050 2445 3457 2500; baseline -0.01 0"><span class='ocrx_word' id='word_1_304' title='bbox 3050 2445 3295 2500; x_wconf 77' lang='grc' dir='ltr'><strong>ΚΕΦΑΛ.</strong></span> <span class='ocrx_word' id='word_1_305' title='bbox 3327 2445 3457 2499; x_wconf 75' lang='grc' dir='ltr'><strong>ΜΓ.</strong></span> 
     </span>
    </p>
   </div>
   <div class='ocr_carea' id='block_1_47' title="bbox 2562 2533 3983 2610">
    <p class='ocr_par' dir='ltr' id='par_1_47' title="bbox 2562 2533 3983 2610">
     <span class='ocr_line' id='line_1_47' title="bbox 2562 2533 3983 2610; baseline -0.008 -13"><span class='ocrx_word' id='word_1_306' title='bbox 2562 2541 2701 2610; x_wconf 73' lang='grc' dir='ltr'>Περὶ</span> <span class='ocrx_word' id='word_1_307' title='bbox 2730 2539 3066 2594; x_wconf 77' lang='grc' dir='ltr'>Εὐσταθίου</span> <span class='ocrx_word' id='word_1_308' title='bbox 3100 2537 3205 2591; x_wconf 86' lang='grc' dir='ltr'>τοῦ</span> <span class='ocrx_word' id='word_1_309' title='bbox 3229 2534 3588 2600; x_wconf 80' lang='grc' dir='ltr'>Σεϐαστείας</span> <span class='ocrx_word' id='word_1_310' title='bbox 3624 2533 3983 2590; x_wconf 78' lang='grc' dir='ltr'>ἐπισκόπου.</span> 
     </span>
    </p>
   </div>
   <div class='ocr_carea' id='block_1_48' title="bbox 2563 2623 4113 2698">
    <p class='ocr_par' dir='ltr' id='par_1_48' title="bbox 2563 2623 4113 2698">
     <span class='ocr_line' id='line_1_48' title="bbox 2563 2623 4113 2698; baseline -0.008 -11"><span class='ocrx_word' id='word_1_311' title='bbox 2563 2632 2862 2694; x_wconf 82' lang='grc' dir='ltr'>Εὐστάθιος</span> <span class='ocrx_word' id='word_1_312' title='bbox 2891 2630 2948 2683; x_wconf 84' lang='grc' dir='ltr'>δὲ</span> <span class='ocrx_word' id='word_1_313' title='bbox 2969 2631 2997 2681; x_wconf 88' lang='grc' dir='ltr'><strong>ὁ</strong></span> <span class='ocrx_word' id='word_1_314' title='bbox 3022 2629 3121 2696; x_wconf 78' lang='grc' dir='ltr'>τῆς</span> <span class='ocrx_word' id='word_1_315' title='bbox 3150 2630 3206 2681; x_wconf 88' lang='grc' dir='ltr'><strong>ἐν</strong></span> <span class='ocrx_word' id='word_1_316' title='bbox 3243 2627 3503 2698; x_wconf 66' lang='grc' dir='ltr'>Ἀρμενίᾳ.</span> <span class='ocrx_word' id='word_1_317' title='bbox 3552 2624 3893 2688; x_wconf 78' lang='grc' dir='ltr'>Σεὸαστείας,</span> <span class='ocrx_word' id='word_1_318' title='bbox 3933 2623 4055 2677; x_wconf 79' lang='grc' dir='ltr'>οὔτε</span> <span class='ocrx_word' id='word_1_319' title='bbox 4107 2681 4113 2687; x_wconf 38' lang='lat'><strong>,</strong></span> 
     </span>
    </p>
   </div>
   <div class='ocr_carea' id='block_1_49' title="bbox 2499 2716 4056 2794">
    <p class='ocr_par' dir='ltr' id='par_1_49' title="bbox 2499 2716 4056 2794">
     <span class='ocr_line' id='line_1_49' title="bbox 2499 2716 4056 2794; baseline -0.008 -15"><span class='ocrx_word' id='word_1_320' title='bbox 2499 2727 2578 2788; x_wconf 83' lang='grc' dir='ltr'>εἰς</span> <span class='ocrx_word' id='word_1_321' title='bbox 2607 2722 2900 2791; x_wconf 86' lang='grc' dir='ltr'>ἀπολογίαν</span> <span class='ocrx_word' id='word_1_322' title='bbox 2932 2723 3045 2794; x_wconf 88' lang='lat'><strong>(87)</strong></span> <span class='ocrx_word' id='word_1_323' title='bbox 3091 2720 3305 2790; x_wconf 78' lang='grc' dir='ltr'>ἐδέχθη,</span> <span class='ocrx_word' id='word_1_324' title='bbox 3337 2718 3470 2772; x_wconf 86' lang='grc' dir='ltr'>διότι</span> <span class='ocrx_word' id='word_1_325' title='bbox 3517 2717 3621 2770; x_wconf 80' lang='grc' dir='ltr'>ὑπὸ</span> <span class='ocrx_word' id='word_1_326' title='bbox 3663 2717 3920 2768; x_wconf 84' lang='grc' dir='ltr'>Εὑλαλίου</span> <span class='ocrx_word' id='word_1_327' title='bbox 3960 2716 4056 2768; x_wconf 79' lang='grc' dir='ltr'>τοῦ</span> 
     </span>
    </p>
   </div>
   <div class='ocr_carea' id='block_1_50' title="bbox 2499 2807 4059 2886">
    <p class='ocr_par' dir='ltr' id='par_1_50' title="bbox 2499 2807 4059 2886">
     <span class='ocr_line' id='line_1_50' title="bbox 2499 2807 4059 2886; baseline -0.008 -17"><span class='ocrx_word' id='word_1_328' title='bbox 2499 2817 2627 2870; x_wconf 86' lang='grc' dir='ltr'>ίδίου</span> <span class='ocrx_word' id='word_1_329' title='bbox 2653 2815 2856 2886; x_wconf 76' lang='grc' dir='ltr'>πατρὸς</span> <span class='ocrx_word' id='word_1_330' title='bbox 2876 2814 2970 2866; x_wconf 73' lang='grc' dir='ltr'>καὶ</span> <span class='ocrx_word' id='word_1_331' title='bbox 2992 2812 3288 2865; x_wconf 83' lang='grc' dir='ltr'>ἐπισκόπου</span> <span class='ocrx_word' id='word_1_332' title='bbox 3326 2809 3660 2878; x_wconf 79' lang='grc' dir='ltr'>Καισαρείας</span> <span class='ocrx_word' id='word_1_333' title='bbox 3691 2808 3792 2876; x_wconf 82' lang='grc' dir='ltr'>τῆς</span> <span class='ocrx_word' id='word_1_334' title='bbox 3820 2809 3877 2860; x_wconf 88' lang='grc' dir='ltr'><strong>ἐν</strong></span> <span class='ocrx_word' id='word_1_335' title='bbox 3901 2807 4059 2859; x_wconf 71' lang='lat' dir='ltr'><strong>Kart-</strong></span> 
     </span>
    </p>
   </div>
   <div class='ocr_carea' id='block_1_51' title="bbox 813 2899 2593 2976">
    <p class='ocr_par' dir='ltr' id='par_1_51' title="bbox 813 2900 2593 2972">
     <span class='ocr_line' id='line_1_51' title="bbox 813 2900 2593 2972; baseline 0.003 -17"><span class='ocrx_word' id='word_1_336' title='bbox 813 2917 978 2970; x_wconf 92' lang='lat' dir='ltr'><strong>seopo</strong></span> <span class='ocrx_word' id='word_1_337' title='bbox 1018 2901 1132 2969; x_wconf 87' lang='lat' dir='ltr'><strong>jam</strong></span> <span class='ocrx_word' id='word_1_338' title='bbox 1174 2906 1334 2954; x_wconf 84' lang='lat' dir='ltr'><strong>antea</strong></span> <span class='ocrx_word' id='word_1_339' title='bbox 1372 2900 1654 2970; x_wconf 87' lang='lat' dir='ltr'><strong>depositus</strong></span> <span class='ocrx_word' id='word_1_340' title='bbox 1684 2901 1880 2966; x_wconf 88' lang='lat' dir='ltr'><strong>luerat,</strong></span> <span class='ocrx_word' id='word_1_341' title='bbox 1903 2918 1970 2956; x_wconf 90' lang='lat' dir='ltr'><strong>eo</strong></span> <span class='ocrx_word' id='word_1_342' title='bbox 2005 2903 2151 2972; x_wconf 88' lang='lat' dir='ltr'><strong>quod</strong></span> <span class='ocrx_word' id='word_1_343' title='bbox 2190 2912 2398 2958; x_wconf 83' lang='lat' dir='ltr'><strong>vestem</strong></span> <span class='ocrx_word' id='word_1_344' title='bbox 2495 2908 2593 2960; x_wconf 81' lang='grc' dir='ltr'><strong>παί</strong></span> 
     </span>
    </p>
   </div>
   <div class='ocr_carea' id='block_1_52' title="bbox 2277 2899 4057 2976">
    <p class='ocr_par' dir='ltr' id='par_1_52' title="bbox 2277 2899 4057 2976">
     <span class='ocr_line' id='line_1_52' title="bbox 2277 2899 4057 2976; baseline -0.004 -20"><span class='ocrx_word' id='word_1_345' title='bbox 2277 2912 2398 2958; x_wconf 69' lang='lat' dir='ltr'><strong>item</strong></span> <span class='ocrx_word' id='word_1_346' title='bbox 2495 2907 2747 2976; x_wconf 67' lang='grc' dir='ltr'>παδοκίᾳ,</span> <span class='ocrx_word' id='word_1_347' title='bbox 2803 2906 2902 2976; x_wconf 72' lang='grc' dir='ltr'><strong>ήδη</strong></span> <span class='ocrx_word' id='word_1_348' title='bbox 2944 2905 3204 2974; x_wconf 79' lang='grc' dir='ltr'>πρότερον</span> <span class='ocrx_word' id='word_1_349' title='bbox 3239 2901 3548 2972; x_wconf 81' lang='grc' dir='ltr'>καθῄρητο,.</span> <span class='ocrx_word' id='word_1_350' title='bbox 3581 2900 3768 2970; x_wconf 83' lang='grc' dir='ltr'>ἐπειδὴ</span> <span class='ocrx_word' id='word_1_351' title='bbox 3816 2899 4057 2968; x_wconf 84' lang='grc' dir='ltr'>ἀνάρμο-</span> 
     </span>
    </p>
   </div>
   <div class='ocr_carea' id='block_1_53' title="bbox 815 2989 2595 3068">
    <p class='ocr_par' dir='ltr' id='par_1_53' title="bbox 815 2989 2595 3062">
     <span class='ocr_line' id='line_1_53' title="bbox 815 2989 2595 3062; baseline 0.005 -19"><span class='ocrx_word' id='word_1_352' title='bbox 815 2989 1085 3043; x_wconf 86' lang='lat' dir='ltr'><strong>sacerdoti</strong></span> <span class='ocrx_word' id='word_1_353' title='bbox 1133 2990 1358 3045; x_wconf 89' lang='lat' dir='ltr'><strong>minime</strong></span> <span class='ocrx_word' id='word_1_354' title='bbox 1413 2992 1828 3046; x_wconf 87' lang='lat' dir='ltr'><strong>convenientem</strong></span> <span class='ocrx_word' id='word_1_355' title='bbox 1874 3001 2158 3062; x_wconf 81' lang='lat' dir='ltr'><strong>gestasset.</strong></span> <span class='ocrx_word' id='word_1_356' title='bbox 2212 2993 2402 3048; x_wconf 89' lang='lat' dir='ltr'><strong>Scien-</strong></span> <span class='ocrx_word' id='word_1_357' title='bbox 2496 3015 2595 3052; x_wconf 74' lang='lat' dir='ltr'><strong>oro</strong></span> 
     </span>
    </p>
   </div>
   <div class='ocr_carea' id='block_1_54' title="bbox 2279 2989 4059 3068">
    <p class='ocr_par' dir='ltr' id='par_1_54' title="bbox 2279 2991 4059 3068">
     <span class='ocr_line' id='line_1_54' title="bbox 2279 2991 4059 3068; baseline -0.003 -21"><span class='ocrx_word' id='word_1_358' title='bbox 2279 2995 2402 3048; x_wconf 86' lang='lat' dir='ltr'><strong>:ien—</strong></span> <span class='ocrx_word' id='word_1_359' title='bbox 2496 3015 2620 3052; x_wconf 80' lang='grc' dir='ltr'>στον</span> <span class='ocrx_word' id='word_1_360' title='bbox 2663 3000 2727 3067; x_wconf 82' lang='grc' dir='ltr'>τῇ</span> <span class='ocrx_word' id='word_1_361' title='bbox 2763 2995 3030 3068; x_wconf 77' lang='grc' dir='ltr'>ἱερωσύνῃ</span> <span class='ocrx_word' id='word_1_362' title='bbox 3070 2994 3260 3063; x_wconf 84' lang='grc' dir='ltr'>στολὴν</span> <span class='ocrx_word' id='word_1_363' title='bbox 3299 2994 3586 3064; x_wconf 81' lang='grc' dir='ltr'>ἠμφίεστο.</span> <span class='ocrx_word' id='word_1_364' title='bbox 3634 2993 3828 3044; x_wconf 88' lang='grc' dir='ltr'>Ίστέον</span> <span class='ocrx_word' id='word_1_365' title='bbox 3857 2991 3934 3055; x_wconf 86' lang='grc' dir='ltr'><strong>δὲ,</strong></span> <span class='ocrx_word' id='word_1_366' title='bbox 3960 2992 4059 3043; x_wconf 80' lang='grc' dir='ltr'>-ὃτι,</span> 
     </span>
    </p>
   </div>
   <div class='ocr_carea' id='block_1_55' title="bbox 813 3080 2593 3155">
    <p class='ocr_par' dir='ltr' id='par_1_55' title="bbox 813 3081 2575 3155">
     <span class='ocr_line' id='line_1_55' title="bbox 813 3081 2575 3155; baseline 0.003 -21"><span class='ocrx_word' id='word_1_367' title='bbox 813 3081 944 3135; x_wconf 92' lang='lat' dir='ltr'><strong>dum</strong></span> <span class='ocrx_word' id='word_1_368' title='bbox 973 3097 1138 3150; x_wconf 91' lang='lat' dir='ltr'><strong>porro</strong></span> <span class='ocrx_word' id='word_1_369' title='bbox 1173 3091 1277 3147; x_wconf 89' lang='lat' dir='ltr'><strong>est,</strong></span> <span class='ocrx_word' id='word_1_370' title='bbox 1311 3083 1366 3135; x_wconf 91' lang='lat' dir='ltr'><strong>in</strong></span> <span class='ocrx_word' id='word_1_371' title='bbox 1402 3083 1581 3136; x_wconf 92' lang='lat' dir='ltr'><strong>locum</strong></span> <span class='ocrx_word' id='word_1_372' title='bbox 1626 3083 1896 3138; x_wconf 88' lang='lat' dir='ltr'><strong>Eustathii</strong></span> <span class='ocrx_word' id='word_1_373' title='bbox 1923 3085 2239 3155; x_wconf 90' lang='lat' dir='ltr'><strong>episcopum</strong></span> <span class='ocrx_word' id='word_1_374' title='bbox 2265 3085 2424 3140; x_wconf 84' lang='lat' dir='ltr'><strong>sub-‘</strong></span> <span class='ocrx_word' id='word_1_375' title='bbox 2494 3087 2575 3148; x_wconf 84' lang='grc' dir='ltr'><strong>είς</strong></span> 
     </span>
    </p>
   </div>
   <div class='ocr_carea' id='block_1_56' title="bbox 2276 3080 4056 3155">
    <p class='ocr_par' dir='ltr' id='par_1_56' title="bbox 2276 3080 4056 3150">
     <span class='ocr_line' id='line_1_56' title="bbox 2276 3080 4056 3150; baseline -0.004 -10"><span class='ocrx_word' id='word_1_376' title='bbox 2276 3085 2424 3140; x_wconf 74' lang='lat' dir='ltr'><strong>sub-‘</strong></span> <span class='ocrx_word' id='word_1_377' title='bbox 2494 3087 2575 3148; x_wconf 86' lang='grc' dir='ltr'><strong>είς</strong></span> <span class='ocrx_word' id='word_1_378' title='bbox 2609 3085 2774 3138; x_wconf 87' lang='grc' dir='ltr'>τόπον</span> <span class='ocrx_word' id='word_1_379' title='bbox 2819 3082 3114 3138; x_wconf 85' lang='grc' dir='ltr'>Εὑσταθίου</span> <span class='ocrx_word' id='word_1_380' title='bbox 3163 3082 3422 3144; x_wconf 81' lang='grc' dir='ltr'>Μελέτιος</span> <span class='ocrx_word' id='word_1_381' title='bbox 3465 3081 3700 3150; x_wconf 81' lang='grc' dir='ltr'>κατέστη</span> <span class='ocrx_word' id='word_1_382' title='bbox 3743 3080 4056 3142; x_wconf 78' lang='grc' dir='ltr'>ἐπίσκοπος,</span> 
     </span>
    </p>
   </div>
   <div class='ocr_carea' id='block_1_57' title="bbox 817 3167 2597 3272">
    <p class='ocr_par' dir='ltr' id='par_1_57' title="bbox 817 3175 2597 3272">
     <span class='ocr_line' id='line_1_57' title="bbox 817 3175 2597 3272; baseline 0.001 -45"><span class='ocrx_word' id='word_1_383' title='bbox 817 3182 1063 3244; x_wconf 81' lang='lat' dir='ltr'><strong>rogatum</strong></span> <span class='ocrx_word' id='word_1_384' title='bbox 1105 3190 1224 3229; x_wconf 89' lang='lat' dir='ltr'><strong>esse</strong></span> <span class='ocrx_word' id='word_1_385' title='bbox 1267 3175 1562 3238; x_wconf 85' lang='lat' dir='ltr'><strong>Meletium,</strong></span> <span class='ocrx_word' id='word_1_386' title='bbox 1612 3175 1678 3229; x_wconf 90' lang='lat' dir='ltr'><strong>de</strong></span> <span class='ocrx_word' id='word_1_387' title='bbox 1702 3193 1811 3246; x_wconf 91' lang='lat' dir='ltr'><strong>quo</strong></span> <span class='ocrx_word' id='word_1_388' title='bbox 1843 3178 2005 3246; x_wconf 89' lang='lat' dir='ltr'><strong>paulo</strong></span> <span class='ocrx_word' id='word_1_389' title='bbox 2026 3178 2166 3232; x_wconf 81' lang='lat' dir='ltr'><strong>infra</strong></span> <span class='ocrx_word' id='word_1_390' title='bbox 2196 3178 2395 3234; x_wconf 91' lang='lat' dir='ltr'><strong>dicturi</strong></span> <span class='ocrx_word' id='word_1_391' title='bbox 2426 3209 2471 3272; x_wconf 68' lang='grc' dir='ltr'>ο</span> <span class='ocrx_word' id='word_1_392' title='bbox 2502 3192 2597 3246; x_wconf 63' lang='grc' dir='ltr'><strong>περ</strong></span> 
     </span>
    </p>
   </div>
   <div class='ocr_carea' id='block_1_58' title="bbox 2278 3167 4058 3272">
    <p class='ocr_par' dir='ltr' id='par_1_58' title="bbox 2278 3167 4058 3272">
     <span class='ocr_line' id='line_1_58' title="bbox 2278 3167 4058 3272; baseline -0.005 -40"><span class='ocrx_word' id='word_1_393' title='bbox 2278 3180 2395 3234; x_wconf 89' lang='lat' dir='ltr'><strong>:turi</strong></span> <span class='ocrx_word' id='word_1_394' title='bbox 2426 3209 2471 3272; x_wconf 68' lang='grc' dir='ltr'>ο</span> <span class='ocrx_word' id='word_1_395' title='bbox 2502 3175 2632 3246; x_wconf 76' lang='grc' dir='ltr'>περὶ</span> <span class='ocrx_word' id='word_1_396' title='bbox 2664 3167 2725 3228; x_wconf 77' lang='grc' dir='ltr'>οὗ</span> <span class='ocrx_word' id='word_1_397' title='bbox 2760 3173 2953 3244; x_wconf 76' lang='grc' dir='ltr'>μικρὸν</span> <span class='ocrx_word' id='word_1_398' title='bbox 2993 3173 3217 3242; x_wconf 81' lang='grc' dir='ltr'>ὕστερον</span> <span class='ocrx_word' id='word_1_399' title='bbox 3261 3171 3516 3242; x_wconf 81' lang='grc' dir='ltr'>ἐροῦμεν.</span> <span class='ocrx_word' id='word_1_400' title='bbox 3550 3172 3846 3235; x_wconf 83' lang='grc' dir='ltr'>Εὑστάθιος</span> <span class='ocrx_word' id='word_1_401' title='bbox 3881 3171 4058 3241; x_wconf 85' lang='grc' dir='ltr'>μέντοι</span> 
     </span>
    </p>
   </div>
   <div class='ocr_carea' id='block_1_59' title="bbox 817 3261 2597 3338">
    <p class='ocr_par' dir='ltr' id='par_1_59' title="bbox 817 3261 2596 3338">
     <span class='ocr_line' id='line_1_59' title="bbox 817 3261 2596 3338; baseline 0.001 -22"><span class='ocrx_word' id='word_1_402' title='bbox 817 3279 1027 3317; x_wconf 77' lang='lat' dir='ltr'><strong>sumus.</strong></span> <span class='ocrx_word' id='word_1_403' title='bbox 1052 3264 1320 3318; x_wconf 65' lang='lat' dir='ltr'><strong>Casterum</strong></span> <span class='ocrx_word' id='word_1_404' title='bbox 1348 3264 1670 3319; x_wconf 89' lang='lat' dir='ltr'><strong>Eustathius</strong></span> <span class='ocrx_word' id='word_1_405' title='bbox 1693 3266 1931 3334; x_wconf 66' lang='lat' dir='ltr'><strong>posthaec</strong></span> <span class='ocrx_word' id='word_1_406' title='bbox 1955 3265 2120 3320; x_wconf 90' lang='lat' dir='ltr'><strong>etiam</strong></span> <span class='ocrx_word' id='word_1_407' title='bbox 2156 3267 2211 3320; x_wconf 93' lang='lat' dir='ltr'><strong>in</strong></span> <span class='ocrx_word' id='word_1_408' title='bbox 2234 3283 2398 3338; x_wconf 84' lang='lat' dir='ltr'><strong>syno-</strong></span> <span class='ocrx_word' id='word_1_409' title='bbox 2432 3261 2471 3272; x_wconf 75' lang='grc'><strong>“’</strong></span> <span class='ocrx_word' id='word_1_410' title='bbox 2500 3267 2596 3320; x_wconf 76' lang='grc' dir='ltr'>καὶ</span> 
     </span>
    </p>
   </div>
   <div class='ocr_carea' id='block_1_60' title="bbox 2275 3261 4055 3338">
    <p class='ocr_par' dir='ltr' id='par_1_60' title="bbox 2275 3261 4055 3337">
     <span class='ocr_line' id='line_1_60' title="bbox 2275 3261 4055 3337; baseline -0.005 -14"><span class='ocrx_word' id='word_1_411' title='bbox 2275 3284 2398 3337; x_wconf 59' lang='lat' dir='ltr'><strong>y&#39;no-</strong></span> <span class='ocrx_word' id='word_1_412' title='bbox 2432 3261 2471 3272; x_wconf 69' lang='grc'><strong>“’</strong></span> <span class='ocrx_word' id='word_1_413' title='bbox 2500 3267 2596 3320; x_wconf 77' lang='grc' dir='ltr'>καὶ</span> <span class='ocrx_word' id='word_1_414' title='bbox 2618 3263 2929 3336; x_wconf 86' lang='grc' dir='ltr'>μεταταῦτα</span> <span class='ocrx_word' id='word_1_415' title='bbox 2951 3267 3006 3317; x_wconf 80' lang='grc' dir='ltr'><strong>ἐν</strong></span> <span class='ocrx_word' id='word_1_416' title='bbox 3022 3267 3089 3334; x_wconf 83' lang='grc' dir='ltr'>τῇ</span> <span class='ocrx_word' id='word_1_417' title='bbox 3113 3263 3180 3316; x_wconf 84' lang='grc' dir='ltr'>δι’</span> <span class='ocrx_word' id='word_1_418' title='bbox 3207 3263 3366 3316; x_wconf 79' lang='grc' dir='ltr'>αὑτὸν</span> <span class='ocrx_word' id='word_1_419' title='bbox 3377 3262 3643 3334; x_wconf 81' lang='grc' dir='ltr'>γενομένῃ</span> <span class='ocrx_word' id='word_1_420' title='bbox 3663 3263 3718 3314; x_wconf 88' lang='grc' dir='ltr'><strong>ἐν</strong></span> <span class='ocrx_word' id='word_1_421' title='bbox 3743 3261 4055 3331; x_wconf 80' lang='grc' dir='ltr'>Γάγγραις·</span> 
     </span>
    </p>
   </div>
   <div class='ocr_carea' id='block_1_61' title="bbox 818 3351 2598 3427">
    <p class='ocr_par' dir='ltr' id='par_1_61' title="bbox 818 3355 2596 3427">
     <span class='ocr_line' id='line_1_61' title="bbox 818 3355 2596 3427; baseline 0.002 -18"><span class='ocrx_word' id='word_1_422' title='bbox 818 3357 889 3409; x_wconf 93' lang='lat' dir='ltr'><strong>do</strong></span> <span class='ocrx_word' id='word_1_423' title='bbox 916 3355 1238 3424; x_wconf 80' lang='lat' dir='ltr'><strong>Gangrensi,</strong></span> <span class='ocrx_word' id='word_1_424' title='bbox 1272 3371 1392 3424; x_wconf 72' lang='lat' dir='ltr'><strong>qua:</strong></span> <span class='ocrx_word' id='word_1_425' title='bbox 1420 3356 1590 3424; x_wconf 85' lang='lat' dir='ltr'><strong>ipsius</strong></span> <span class='ocrx_word' id='word_1_426' title='bbox 1623 3371 1788 3409; x_wconf 89' lang='lat' dir='ltr'><strong>causa</strong></span> <span class='ocrx_word' id='word_1_427' title='bbox 1816 3355 1870 3409; x_wconf 91' lang='lat' dir='ltr'><strong>in</strong></span> <span class='ocrx_word' id='word_1_428' title='bbox 1897 3356 2266 3427; x_wconf 80' lang='lat' dir='ltr'><strong>Paphlagonia</strong></span> <span class='ocrx_word' id='word_1_429' title='bbox 2291 3359 2401 3412; x_wconf 89' lang='lat' dir='ltr'><strong>col—</strong></span> <span class='ocrx_word' id='word_1_430' title='bbox 2497 3356 2596 3426; x_wconf 84' lang='grc' dir='ltr'><strong>τῆς</strong></span> 
     </span>
    </p>
   </div>
   <div class='ocr_carea' id='block_1_62' title="bbox 2281 3351 4061 3427">
    <p class='ocr_par' dir='ltr' id='par_1_62' title="bbox 2291 3351 4061 3426">
     <span class='ocr_line' id='line_1_62' title="bbox 2291 3351 4061 3426; baseline -0.005 -14"><span class='ocrx_word' id='word_1_431' title='bbox 2291 3359 2401 3412; x_wconf 90' lang='lat' dir='ltr'><strong>col—</strong></span> <span class='ocrx_word' id='word_1_432' title='bbox 2497 3356 2596 3426; x_wconf 83' lang='grc' dir='ltr'>τῆς</span> <span class='ocrx_word' id='word_1_433' title='bbox 2645 3354 3024 3422; x_wconf 81' lang='grc' dir='ltr'>Παφλαγονίας</span> <span class='ocrx_word' id='word_1_434' title='bbox 3063 3353 3263 3423; x_wconf 80' lang='grc' dir='ltr'>συνόδῳ</span> <span class='ocrx_word' id='word_1_435' title='bbox 3291 3352 3612 3423; x_wconf 84' lang='grc' dir='ltr'>κατεκρίθη,</span> <span class='ocrx_word' id='word_1_436' title='bbox 3656 3352 3790 3406; x_wconf 88' lang='grc' dir='ltr'>διότι</span> <span class='ocrx_word' id='word_1_437' title='bbox 3825 3355 3962 3422; x_wconf 79' lang='grc' dir='ltr'>μετὰ</span> <span class='ocrx_word' id='word_1_438' title='bbox 3999 3351 4061 3404; x_wconf 87' lang='grc' dir='ltr'><strong>τδ</strong></span> 
     </span>
    </p>
   </div>
   <div class='ocr_carea' id='block_1_63' title="bbox 822 3443 2602 3516">
    <p class='ocr_par' dir='ltr' id='par_1_63' title="bbox 822 3443 2601 3516">
     <span class='ocr_line' id='line_1_63' title="bbox 822 3443 2601 3516; baseline 0.002 -20"><span class='ocrx_word' id='word_1_439' title='bbox 822 3445 960 3497; x_wconf 86' lang='lat' dir='ltr'><strong>lecta</strong></span> <span class='ocrx_word' id='word_1_440' title='bbox 1007 3443 1207 3506; x_wconf 84' lang='lat' dir='ltr'><strong>fuerat,</strong></span> <span class='ocrx_word' id='word_1_441' title='bbox 1245 3445 1643 3498; x_wconf 89' lang='lat' dir='ltr'><strong>condemnatus</strong></span> <span class='ocrx_word' id='word_1_442' title='bbox 1686 3453 1791 3508; x_wconf 82' lang='lat' dir='ltr'><strong>est,</strong></span> <span class='ocrx_word' id='word_1_443' title='bbox 1823 3461 1890 3499; x_wconf 87' lang='lat' dir='ltr'><strong>eo</strong></span> <span class='ocrx_word' id='word_1_444' title='bbox 1923 3446 2070 3515; x_wconf 89' lang='lat' dir='ltr'><strong>quod</strong></span> <span class='ocrx_word' id='word_1_445' title='bbox 2117 3455 2240 3516; x_wconf 89' lang='lat' dir='ltr'><strong>post</strong></span> <span class='ocrx_word' id='word_1_446' title='bbox 2269 3464 2401 3503; x_wconf 92' lang='lat' dir='ltr'><strong>con-</strong></span> <span class='ocrx_word' id='word_1_447' title='bbox 2499 3447 2601 3500; x_wconf 83' lang='grc' dir='ltr'><strong>καθ</strong></span> 
     </span>
    </p>
   </div>
   <div class='ocr_carea' id='block_1_64' title="bbox 2280 3443 4060 3516">
    <p class='ocr_par' dir='ltr' id='par_1_64' title="bbox 2280 3443 4060 3516">
     <span class='ocr_line' id='line_1_64' title="bbox 2280 3443 4060 3516; baseline -0.003 -13"><span class='ocrx_word' id='word_1_448' title='bbox 2280 3464 2401 3503; x_wconf 78' lang='lat' dir='ltr'><strong>:on-</strong></span> <span class='ocrx_word' id='word_1_449' title='bbox 2499 3446 2889 3516; x_wconf 80' lang='grc' dir='ltr'>καθαιρεθῆναι</span> <span class='ocrx_word' id='word_1_450' title='bbox 2944 3446 3104 3500; x_wconf 76' lang='grc' dir='ltr'>αὑτὸν</span> <span class='ocrx_word' id='word_1_451' title='bbox 3161 3447 3219 3498; x_wconf 89' lang='grc' dir='ltr'><strong>ἐν</strong></span> <span class='ocrx_word' id='word_1_452' title='bbox 3259 3447 3324 3515; x_wconf 79' lang='grc' dir='ltr'>τῇ</span> <span class='ocrx_word' id='word_1_453' title='bbox 3376 3443 3518 3498; x_wconf 83' lang='grc' dir='ltr'>κατὰ</span> <span class='ocrx_word' id='word_1_454' title='bbox 3564 3445 3899 3516; x_wconf 80' lang='grc' dir='ltr'>Καισάρειαν</span> <span class='ocrx_word' id='word_1_455' title='bbox 3939 3461 4060 3497; x_wconf 79' lang='grc' dir='ltr'>συν-</span> 
     </span>
    </p>
   </div>
   <div class='ocr_carea' id='block_1_65' title="bbox 821 3533 2601 3608">
    <p class='ocr_par' dir='ltr' id='par_1_65' title="bbox 821 3533 2601 3608">
     <span class='ocr_line' id='line_1_65' title="bbox 821 3533 2601 3608; baseline 0.001 -20"><span class='ocrx_word' id='word_1_456' title='bbox 821 3533 1193 3589; x_wconf 85' lang='lat' dir='ltr'><strong>demnationis</strong></span> <span class='ocrx_word' id='word_1_457' title='bbox 1218 3536 1544 3590; x_wconf 88' lang='lat' dir='ltr'><strong>sententiam</strong></span> <span class='ocrx_word' id='word_1_458' title='bbox 1570 3535 1833 3589; x_wconf 87' lang='lat' dir='ltr'><strong>adversus</strong></span> <span class='ocrx_word' id='word_1_459' title='bbox 1854 3536 2030 3606; x_wconf 91' lang='lat' dir='ltr'><strong>ipsum</strong></span> <span class='ocrx_word' id='word_1_460' title='bbox 2055 3537 2320 3605; x_wconf 88' lang='lat' dir='ltr'><strong>prolatam</strong></span> <span class='ocrx_word' id='word_1_461' title='bbox 2348 3539 2403 3593; x_wconf 92' lang='lat' dir='ltr'><strong>in</strong></span> <span class='ocrx_word' id='word_1_462' title='bbox 2498 3538 2601 3608; x_wconf 82' lang='grc' dir='ltr'><strong>ὁδῳ</strong></span> 
     </span>
    </p>
   </div>
   <div class='ocr_carea' id='block_1_66' title="bbox 2279 3533 4059 3608">
    <p class='ocr_par' dir='ltr' id='par_1_66' title="bbox 2279 3534 4059 3608">
     <span class='ocr_line' id='line_1_66' title="bbox 2279 3534 4059 3608; baseline -0.003 -17"><span class='ocrx_word' id='word_1_463' title='bbox 2279 3554 2320 3591; x_wconf 80' lang='grc' dir='ltr'><strong>[η</strong></span> <span class='ocrx_word' id='word_1_464' title='bbox 2348 3539 2403 3593; x_wconf 92' lang='lat' dir='ltr'><strong>in</strong></span> <span class='ocrx_word' id='word_1_465' title='bbox 2498 3538 2602 3608; x_wconf 83' lang='grc' dir='ltr'>όδῳ</span> <span class='ocrx_word' id='word_1_466' title='bbox 2627 3536 2762 3608; x_wconf 89' lang='grc'>(88),</span> <span class='ocrx_word' id='word_1_467' title='bbox 2791 3535 2960 3589; x_wconf 85' lang='grc' dir='ltr'>πολλὰ</span> <span class='ocrx_word' id='word_1_468' title='bbox 3002 3536 3152 3606; x_wconf 80' lang='grc' dir='ltr'>παρὰ</span> <span class='ocrx_word' id='word_1_469' title='bbox 3195 3536 3318 3598; x_wconf 85' lang='grc' dir='ltr'>τοὺς</span> <span class='ocrx_word' id='word_1_470' title='bbox 3347 3535 3826 3605; x_wconf 74' lang='grc' dir='ltr'>ἐκκλησιαστικοὺς</span> <span class='ocrx_word' id='word_1_471' title='bbox 3859 3534 4059 3597; x_wconf 83' lang='grc' dir='ltr'>τύπους</span> 
     </span>
    </p>
   </div>
   <div class='ocr_carea' id='block_1_67' title="bbox 824 3625 2604 3700">
    <p class='ocr_par' dir='ltr' id='par_1_67' title="bbox 824 3625 2604 3700">
     <span class='ocr_line' id='line_1_67' title="bbox 824 3625 2604 3700; baseline 0.001 -20"><span class='ocrx_word' id='word_1_472' title='bbox 824 3627 1035 3697; x_wconf 79' lang='lat' dir='ltr'><strong>synodo</strong></span> <span class='ocrx_word' id='word_1_473' title='bbox 1061 3625 1402 3690; x_wconf 62' lang='lat' dir='ltr'><strong>Caesariensi,</strong></span> <span class='ocrx_word' id='word_1_474' title='bbox 1428 3627 1600 3680; x_wconf 90' lang='lat' dir='ltr'><strong>multa</strong></span> <span class='ocrx_word' id='word_1_475' title='bbox 1623 3635 1809 3681; x_wconf 90' lang='lat' dir='ltr'><strong>contra</strong></span> <span class='ocrx_word' id='word_1_476' title='bbox 1834 3627 1980 3698; x_wconf 86' lang='lat' dir='ltr'><strong>leges</strong></span> <span class='ocrx_word' id='word_1_477' title='bbox 2006 3628 2404 3686; x_wconf 90' lang='lat' dir='ltr'><strong>ecclesiasticas</strong></span> <span class='ocrx_word' id='word_1_478' title='bbox 2501 3629 2604 3700; x_wconf 77' lang='grc' dir='ltr'><strong>έπρ</strong></span> 
     </span>
    </p>
   </div>
   <div class='ocr_carea' id='block_1_68' title="bbox 2279 3625 4059 3700">
    <p class='ocr_par' dir='ltr' id='par_1_68' title="bbox 2279 3625 4059 3700">
     <span class='ocr_line' id='line_1_68' title="bbox 2279 3625 4059 3700; baseline -0.003 -17"><span class='ocrx_word' id='word_1_479' title='bbox 2279 3630 2404 3686; x_wconf 75' lang='lat' dir='ltr'><strong>Licas</strong></span> <span class='ocrx_word' id='word_1_480' title='bbox 2501 3629 2787 3700; x_wconf 75' lang='grc' dir='ltr'>ἔπραττεν.</span> <span class='ocrx_word' id='word_1_481' title='bbox 2823 3629 3026 3700; x_wconf 87' lang='grc' dir='ltr'>Γαμεῖν</span> <span class='ocrx_word' id='word_1_482' title='bbox 3055 3630 3165 3700; x_wconf 85' lang='grc' dir='ltr'><strong>γὰρ</strong></span> <span class='ocrx_word' id='word_1_483' title='bbox 3194 3627 3421 3700; x_wconf 83' lang='grc' dir='ltr'>ἐκώλυε,</span> <span class='ocrx_word' id='word_1_484' title='bbox 3467 3627 3565 3681; x_wconf 78' lang='grc' dir='ltr'>καὶ</span> <span class='ocrx_word' id='word_1_485' title='bbox 3599 3625 3900 3698; x_wconf 78' lang='grc' dir='ltr'>βρωμάτιον</span> <span class='ocrx_word' id='word_1_486' title='bbox 3955 3627 4059 3679; x_wconf 82' lang='grc' dir='ltr'>ἁπ-</span> 
     </span>
    </p>
   </div>
   <div class='ocr_carea' id='block_1_69' title="bbox 2022 3757 2871 3850">
    <p class='ocr_par' dir='ltr' id='par_1_69' title="bbox 2022 3757 2871 3850">
     <span class='ocr_line' id='line_1_69' title="bbox 2022 3757 2871 3850; baseline -0.002 -1"><span class='ocrx_word' id='word_1_487' title='bbox 2022 3794 2284 3850; x_wconf 87' lang='lat' dir='ltr'><strong>VALESll</strong></span> <span class='ocrx_word' id='word_1_488' title='bbox 2321 3757 2871 3850; x_wconf 72' lang='lat' dir='ltr'><strong>ANNOTA&#39;rioNes.</strong></span> 
     </span>
    </p>
   </div>
   <div class='ocr_carea' id='block_1_70' title="bbox 897 3900 2384 3974">
    <p class='ocr_par' dir='ltr' id='par_1_70' title="bbox 897 3900 2384 3974">
     <span class='ocr_line' id='line_1_70' title="bbox 897 3900 2384 3974; baseline 0.003 -19"><span class='ocrx_word' id='word_1_489' title='bbox 897 3900 1007 3974; x_wconf 84' lang='grc'>(86)</span> <span class='ocrx_word' id='word_1_490' title='bbox 1037 3901 1315 3974; x_wconf 74' lang='grc' dir='ltr'><strong>Σατᾴλων</strong></span> <span class='ocrx_word' id='word_1_491' title='bbox 1343 3903 1453 3970; x_wconf 79' lang='grc' dir='ltr'>τῆς</span> <span class='ocrx_word' id='word_1_492' title='bbox 1490 3905 1880 3970; x_wconf 77' lang='grc' dir='ltr'>Μακεδονίας.</span> <span class='ocrx_word' id='word_1_493' title='bbox 1909 3904 2086 3959; x_wconf 86' lang='lat' dir='ltr'><strong>Satala</strong></span> <span class='ocrx_word' id='word_1_494' title='bbox 2123 3905 2384 3974; x_wconf 88' lang='lat' dir='ltr'><strong>oppidum</strong></span> 
     </span>
    </p>
   </div>
   <div class='ocr_carea' id='block_1_71' title="bbox 826 3971 2385 4056">
    <p class='ocr_par' dir='ltr' id='par_1_71' title="bbox 826 3971 2385 4056">
     <span class='ocr_line' id='line_1_71' title="bbox 826 3971 2385 4056; baseline 0.001 -28"><span class='ocrx_word' id='word_1_495' title='bbox 826 3972 930 4028; x_wconf 78' lang='lat' dir='ltr'><strong>fuit</strong></span> <span class='ocrx_word' id='word_1_496' title='bbox 959 3971 1253 4056; x_wconf 52' lang='lat' dir='ltr'><strong>Armenia}:</strong></span> <span class='ocrx_word' id='word_1_497' title='bbox 1295 3974 1449 4056; x_wconf 51' lang='lat' dir='ltr'><strong>cuius</strong></span> <span class='ocrx_word' id='word_1_498' title='bbox 1471 3975 1682 4054; x_wconf 42' lang='lat' dir='ltr'><strong>.crebra</strong></span> <span class='ocrx_word' id='word_1_499' title='bbox 1718 3975 1962 4056; x_wconf 68' lang='lat' dir='ltr'><strong>occurrit</strong></span> <span class='ocrx_word' id='word_1_500' title='bbox 2002 3971 2212 4056; x_wconf 80' lang='lat' dir='ltr'><strong>mentio</strong></span> <span class='ocrx_word' id='word_1_501' title='bbox 2241 3977 2385 4056; x_wconf 72' lang='lat' dir='ltr'><strong>apud</strong></span> 
     </span>
    </p>
   </div>
   <div class='ocr_carea' id='block_1_72' title="bbox 827 4041 2390 4113">
    <p class='ocr_par' dir='ltr' id='par_1_72' title="bbox 827 4041 2390 4113">
     <span class='ocr_line' id='line_1_72' title="bbox 827 4041 2390 4113; baseline 0.002 -18"><span class='ocrx_word' id='word_1_502' title='bbox 827 4041 1162 4113; x_wconf 78' lang='lat' dir='ltr'><strong>veteres._ln</strong></span> <span class='ocrx_word' id='word_1_503' title='bbox 1204 4041 1517 4097; x_wconf 86' lang='lat' dir='ltr'><strong>Macedonia</strong></span> <span class='ocrx_word' id='word_1_504' title='bbox 1549 4059 1700 4107; x_wconf 88' lang='lat' dir='ltr'><strong>vero,</strong></span> <span class='ocrx_word' id='word_1_505' title='bbox 1737 4046 1888 4098; x_wconf 89' lang='lat' dir='ltr'><strong>nulla</strong></span> <span class='ocrx_word' id='word_1_506' title='bbox 1938 4044 2101 4113; x_wconf 89' lang='lat' dir='ltr'><strong>hujus</strong></span> <span class='ocrx_word' id='word_1_507' title='bbox 2150 4041 2390 4099; x_wconf 89' lang='lat' dir='ltr'><strong>nominis</strong></span> 
     </span>
    </p>
   </div>
   <div class='ocr_carea' id='block_1_73' title="bbox 827 4110 2394 4182">
    <p class='ocr_par' dir='ltr' id='par_1_73' title="bbox 827 4110 2394 4182">
     <span class='ocr_line' id='line_1_73' title="bbox 827 4110 2394 4182; baseline 0 -16"><span class='ocrx_word' id='word_1_508' title='bbox 827 4111 1018 4182; x_wconf 80' lang='lat' dir='ltr'><strong>civitas</strong></span> <span class='ocrx_word' id='word_1_509' title='bbox 1047 4110 1114 4182; x_wconf 84' lang='lat' dir='ltr'><strong>ab</strong></span> <span class='ocrx_word' id='word_1_510' title='bbox 1143 4113 1382 4182; x_wconf 85' lang='lat' dir='ltr'><strong>antiquis</strong></span> <span class='ocrx_word' id='word_1_511' title='bbox 1411 4123 1708 4168; x_wconf 82' lang='lat' dir='ltr'><strong>melnorata</strong></span> <span class='ocrx_word' id='word_1_512' title='bbox 1735 4110 2029 4167; x_wconf 47' lang='lat' dir='ltr'><strong>invenitur:</strong></span> <span class='ocrx_word' id='word_1_513' title='bbox 2053 4113 2231 4179; x_wconf 85' lang='lat' dir='ltr'><strong>Quare</strong></span> <span class='ocrx_word' id='word_1_514' title='bbox 2272 4115 2394 4182; x_wconf 80' lang='grc' dir='ltr'><strong>Ἀρ-</strong></span> 
     </span>
    </p>
   </div>
   <div class='ocr_carea' id='block_1_74' title="bbox 832 4180 2392 4252">
    <p class='ocr_par' dir='ltr' id='par_1_74' title="bbox 832 4180 2392 4252">
     <span class='ocr_line' id='line_1_74' title="bbox 832 4180 2392 4252; baseline 0.001 -16"><span class='ocrx_word' id='word_1_515' title='bbox 832 4180 1017 4250; x_wconf 85' lang='grc' dir='ltr'>μενίας</span> <span class='ocrx_word' id='word_1_516' title='bbox 1050 4180 1141 4236; x_wconf 91' lang='lat' dir='ltr'><strong>hic</strong></span> <span class='ocrx_word' id='word_1_517' title='bbox 1171 4180 1520 4237; x_wconf 87' lang='lat' dir='ltr'><strong>scribendum</strong></span> <span class='ocrx_word' id='word_1_518' title='bbox 1558 4191 1712 4252; x_wconf 89' lang='lat' dir='ltr'><strong>puto,</strong></span> <span class='ocrx_word' id='word_1_519' title='bbox 1742 4199 1843 4252; x_wconf 89' lang='lat' dir='ltr'><strong>pro</strong></span> <span class='ocrx_word' id='word_1_520' title='bbox 1884 4183 2246 4246; x_wconf 84' lang='grc' dir='ltr'>Μακεδονίας.</span> <span class='ocrx_word' id='word_1_521' title='bbox 2292 4180 2392 4238; x_wconf 60' lang='lat' dir='ltr'><strong>sa-</strong></span> 
     </span>
    </p>
   </div>
   <div class='ocr_carea' id='block_1_75' title="bbox 2491 3902 4062 3975">
    <p class='ocr_par' dir='ltr' id='par_1_75' title="bbox 2491 3902 4062 3975">
     <span class='ocr_line' id='line_1_75' title="bbox 2491 3902 4062 3975; baseline -0.004 -13"><span class='ocrx_word' id='word_1_522' title='bbox 2491 3905 2619 3968; x_wconf 84' lang='lat' dir='ltr'><strong>tala,</strong></span> <span class='ocrx_word' id='word_1_523' title='bbox 2657 3905 3001 3975; x_wconf 88' lang='lat' dir='ltr'><strong>episcopatus</strong></span> <span class='ocrx_word' id='word_1_524' title='bbox 3035 3904 3216 3975; x_wconf 58' lang='lat' dir='ltr'><strong>Lyciae</strong></span> <span class='ocrx_word' id='word_1_525' title='bbox 3247 3910 3588 3975; x_wconf 72' lang='lat' dir='ltr'><strong>memoratur</strong></span> <span class='ocrx_word' id='word_1_526' title='bbox 3632 3902 3687 3956; x_wconf 92' lang='lat' dir='ltr'><strong>in</strong></span> <span class='ocrx_word' id='word_1_527' title='bbox 3716 3912 3871 3971; x_wconf 87' lang='lat' dir='ltr'><strong>parte</strong></span> <span class='ocrx_word' id='word_1_528' title='bbox 3907 3903 4062 3958; x_wconf 80' lang='lat' dir='ltr'><strong>tertia</strong></span> 
     </span>
    </p>
   </div>
   <div class='ocr_carea' id='block_1_76' title="bbox 2493 3972 3326 4046">
    <p class='ocr_par' dir='ltr' id='par_1_76' title="bbox 2493 3972 3326 4046">
     <span class='ocr_line' id='line_1_76' title="bbox 2493 3972 3326 4046; baseline -0.005 -16"><span class='ocrx_word' id='word_1_529' title='bbox 2493 3972 2993 4046; x_wconf 55' lang='lat' dir='ltr'><strong>synodi&#39;Chalced.,</strong></span> <span class='ocrx_word' id='word_1_530' title='bbox 3035 3972 3160 4046; x_wconf 77' lang='lat' dir='ltr'><strong>pag.</strong></span> <span class='ocrx_word' id='word_1_531' title='bbox 3204 3972 3326 4046; x_wconf 63' lang='lat'><strong>590.</strong></span> 
     </span>
    </p>
   </div>
   <div class='ocr_carea' id='block_1_77' title="bbox 2591 4041 4058 4113">
    <p class='ocr_par' dir='ltr' id='par_1_77' title="bbox 2591 4041 4058 4113">
     <span class='ocr_line' id='line_1_77' title="bbox 2591 4041 4058 4113; baseline -0.003 -17"><span class='ocrx_word' id='word_1_532' title='bbox 2591 4044 2677 4113; x_wconf 87' lang='lat'><strong>87)</strong></span> <span class='ocrx_word' id='word_1_533' title='bbox 2713 4045 2860 4096; x_wconf 81' lang='grc' dir='ltr'>Οὔτε</span> <span class='ocrx_word' id='word_1_534' title='bbox 2890 4046 2976 4107; x_wconf 83' lang='grc' dir='ltr'><strong>εις</strong></span> <span class='ocrx_word' id='word_1_535' title='bbox 3013 4041 3364 4109; x_wconf 78' lang='grc' dir='ltr'>ἀπολογίαν.</span> <span class='ocrx_word' id='word_1_536' title='bbox 3399 4041 3599 4113; x_wconf 86' lang='lat' dir='ltr'><strong>_Malim</strong></span> <span class='ocrx_word' id='word_1_537' title='bbox 3643 4042 3884 4113; x_wconf 89' lang='lat' dir='ltr'><strong>scribere</strong></span> <span class='ocrx_word' id='word_1_538' title='bbox 3919 4042 4058 4094; x_wconf 68' lang='grc' dir='ltr'>οὐδέ.</span> 
     </span>
    </p>
   </div>
   <div class='ocr_carea' id='block_1_78' title="bbox 2568 4044 4066 4183">
    <p class='ocr_par' dir='ltr' id='par_1_78' title="bbox 2568 4044 4066 4183">
     <span class='ocr_line' id='line_1_78' title="bbox 2591 4044 4058 4113; baseline -0.003 -17"><span class='ocrx_word' id='word_1_539' title='bbox 2591 4044 2677 4113; x_wconf 84' lang='grc'>87)</span> <span class='ocrx_word' id='word_1_540' title='bbox 2713 4045 2860 4096; x_wconf 81' lang='grc' dir='ltr'>Οὔτε</span> <span class='ocrx_word' id='word_1_541' title='bbox 2890 4046 2976 4107; x_wconf 83' lang='grc' dir='ltr'>εις</span> <span class='ocrx_word' id='word_1_542' title='bbox 3013 4044 3364 4109; x_wconf 77' lang='grc' dir='ltr'>ἀπολογίαν.</span> <span class='ocrx_word' id='word_1_543' title='bbox 3419 4044 3599 4095; x_wconf 87' lang='lat' dir='ltr'><strong>Malim</strong></span> <span class='ocrx_word' id='word_1_544' title='bbox 3643 4044 3884 4098; x_wconf 88' lang='lat' dir='ltr'><strong>scribere</strong></span> <span class='ocrx_word' id='word_1_545' title='bbox 3919 4044 4058 4094; x_wconf 61' lang='lat' dir='ltr'><strong>obes.</strong></span> 
     </span>
     <span class='ocr_line' id='line_1_79' title="bbox 2568 4044 4066 4183; baseline -0.001 -17"><span class='ocrx_word' id='word_1_546' title='bbox 2568 4044 2683 4183; x_wconf 58' lang='lat' dir='ltr'><strong>i88)</strong></span> <span class='ocrx_word' id='word_1_547' title='bbox 2727 4114 2834 4183; x_wconf 58' lang='grc' dir='ltr'><strong>Ἑν)</strong></span> <span class='ocrx_word' id='word_1_548' title='bbox 2885 4113 2960 4182; x_wconf 77' lang='grc' dir='ltr'>τῇ</span> <span class='ocrx_word' id='word_1_549' title='bbox 3018 4114 3166 4166; x_wconf 79' lang='grc' dir='ltr'>κατὰ</span> <span class='ocrx_word' id='word_1_550' title='bbox 3223 4110 3581 4177; x_wconf 79' lang='grc' dir='ltr'>Καισάρειαν</span> <span class='ocrx_word' id='word_1_551' title='bbox 3625 4112 3898 4183; x_wconf 20' lang='grc' dir='ltr'>γσυνόόφ.</span> <span class='ocrx_word' id='word_1_552' title='bbox 3956 4114 4066 4168; x_wconf 86' lang='lat' dir='ltr'><strong>Pro</strong></span> 
     </span>
    </p>
   </div>
   <div class='ocr_carea' id='block_1_79' title="bbox 2498 4181 3762 4248">
    <p class='ocr_par' dir='ltr' id='par_1_79' title="bbox 2498 4181 3762 4248">
     <span class='ocr_line' id='line_1_80' title="bbox 2498 4181 3762 4248; baseline -0.004 -9"><span class='ocrx_word' id='word_1_553' title='bbox 2498 4181 2764 4248; x_wconf 66' lang='lat' dir='ltr'><strong>Cresarea,</strong></span> <span class='ocrx_word' id='word_1_554' title='bbox 2803 4181 3138 4239; x_wconf 83' lang='lat' dir='ltr'><strong>Sozomcnus</strong></span> <span class='ocrx_word' id='word_1_555' title='bbox 3167 4183 3572 4237; x_wconf 66' lang='lat' dir='ltr'><strong>Neocaasarcam</strong></span> <span class='ocrx_word' id='word_1_556' title='bbox 3609 4181 3762 4237; x_wconf 92' lang='lat' dir='ltr'><strong>dicit.</strong></span> 
     </span>
    </p>
   </div>
   <div class='ocr_carea' id='block_1_80' title="bbox 2265 4344 2647 4404">
    <p class='ocr_par' dir='ltr' id='par_1_80' title="bbox 2265 4344 2647 4404">
     <span class='ocr_line' id='line_1_81' title="bbox 2265 4344 2647 4404; baseline -0.008 -3"><span class='ocrx_word' id='word_1_557' title='bbox 2265 4344 2647 4404; x_wconf 78' lang='lat' dir='ltr'><strong>VARIORUM.</strong></span> 
     </span>
    </p>
   </div>
   <div class='ocr_carea' id='block_1_81' title="bbox 902 4449 2393 4524">
    <p class='ocr_par' dir='ltr' id='par_1_81' title="bbox 902 4449 2393 4524">
     <span class='ocr_line' id='line_1_82' title="bbox 902 4449 2393 4524; baseline 0.004 -21"><span class='ocrx_word' id='word_1_558' title='bbox 902 4464 929 4492; x_wconf 78' lang='grc' dir='ltr'>ι</span> <span class='ocrx_word' id='word_1_559' title='bbox 987 4451 1090 4524; x_wconf 72' lang='grc' dir='ltr'><strong>Ἑν</strong></span> <span class='ocrx_word' id='word_1_560' title='bbox 1116 4449 1436 4524; x_wconf 55' lang='grc' dir='ltr'>Γάγγραις.</span> <span class='ocrx_word' id='word_1_561' title='bbox 1461 4450 1611 4524; x_wconf 85' lang='lat' dir='ltr'><strong>Hanc</strong></span> <span class='ocrx_word' id='word_1_562' title='bbox 1643 4452 1930 4524; x_wconf 84' lang='lat' dir='ltr'><strong>synodum,</strong></span> <span class='ocrx_word' id='word_1_563' title='bbox 1956 4461 2080 4524; x_wconf 91' lang='lat' dir='ltr'><strong>post</strong></span> <span class='ocrx_word' id='word_1_564' title='bbox 2098 4453 2393 4521; x_wconf 72' lang='lat' dir='ltr'><strong>Nieaenam,</strong></span> 
     </span>
    </p>
   </div>
   <div class='ocr_carea' id='block_1_82' title="bbox 833 4521 2397 4592">
    <p class='ocr_par' dir='ltr' id='par_1_82' title="bbox 833 4521 2397 4592">
     <span class='ocr_line' id='line_1_83' title="bbox 833 4521 2397 4592; baseline 0.001 -16"><span class='ocrx_word' id='word_1_565' title='bbox 833 4523 946 4577; x_wconf 86' lang='lat' dir='ltr'><strong>sive</strong></span> <span class='ocrx_word' id='word_1_566' title='bbox 967 4521 1199 4592; x_wconf 74' lang='lat' dir='ltr'><strong>primam</strong></span> <span class='ocrx_word' id='word_1_567' title='bbox 1223 4521 1814 4592; x_wconf 71' lang='lat' dir='ltr'><strong>generalem,haliitam</strong></span> <span class='ocrx_word' id='word_1_568' title='bbox 1841 4521 2030 4586; x_wconf 80' lang='lat' dir='ltr'><strong>fuisse,</strong></span> <span class='ocrx_word' id='word_1_569' title='bbox 2054 4533 2254 4592; x_wconf 64' lang='lat' dir='ltr'><strong>praeter</strong></span> <span class='ocrx_word' id='word_1_570' title='bbox 2269 4525 2397 4578; x_wconf 90' lang='lat' dir='ltr'><strong>Bal-</strong></span> 
     </span>
    </p>
   </div>
   <div class='ocr_carea' id='block_1_83' title="bbox 834 4589 2394 4653">
    <p class='ocr_par' dir='ltr' id='par_1_83' title="bbox 834 4589 2394 4653">
     <span class='ocr_line' id='line_1_84' title="bbox 834 4589 2394 4653; baseline 0.002 -9"><span class='ocrx_word' id='word_1_571' title='bbox 834 4589 1045 4645; x_wconf 86' lang='lat' dir='ltr'><strong>samum</strong></span> <span class='ocrx_word' id='word_1_572' title='bbox 1084 4599 1141 4644; x_wconf 88' lang='lat' dir='ltr'><strong>et</strong></span> <span class='ocrx_word' id='word_1_573' title='bbox 1165 4589 1450 4653; x_wconf 88' lang='lat' dir='ltr'><strong>Zonaram,</strong></span> <span class='ocrx_word' id='word_1_574' title='bbox 1482 4591 1574 4645; x_wconf 91' lang='lat' dir='ltr'><strong>alii</strong></span> <span class='ocrx_word' id='word_1_575' title='bbox 1615 4592 1776 4645; x_wconf 88' lang='lat' dir='ltr'><strong>etiam</strong></span> <span class='ocrx_word' id='word_1_576' title='bbox 1801 4592 2003 4645; x_wconf 75' lang='lat' dir='ltr'><strong>diserte</strong></span> <span class='ocrx_word' id='word_1_577' title='bbox 2033 4589 2214 4647; x_wconf 81' lang='lat' dir='ltr'><strong>testati</strong></span> <span class='ocrx_word' id='word_1_578' title='bbox 2246 4603 2394 4648; x_wconf 90' lang='lat' dir='ltr'><strong>sunt.</strong></span> 
     </span>
    </p>
   </div>
   <div class='ocr_carea' id='block_1_84' title="bbox 835 4659 2397 4730">
    <p class='ocr_par' dir='ltr' id='par_1_84' title="bbox 835 4659 2397 4730">
     <span class='ocr_line' id='line_1_85' title="bbox 835 4659 2397 4730; baseline 0.001 -16"><span class='ocrx_word' id='word_1_579' title='bbox 835 4662 903 4715; x_wconf 90' lang='lat' dir='ltr'><strong>Et</strong></span> <span class='ocrx_word' id='word_1_580' title='bbox 921 4661 1141 4730; x_wconf 86' lang='lat' dir='ltr'><strong>quidem</strong></span> <span class='ocrx_word' id='word_1_581' title='bbox 1185 4659 1448 4730; x_wconf 67' lang='lat' dir='ltr'><strong>Baronius</strong></span> <span class='ocrx_word' id='word_1_582' title='bbox 1499 4660 1585 4730; x_wconf 87' lang='lat' dir='ltr'><strong>ad</strong></span> <span class='ocrx_word' id='word_1_583' title='bbox 1605 4676 1732 4714; x_wconf 91' lang='lat' dir='ltr'><strong>anu.</strong></span> <span class='ocrx_word' id='word_1_584' title='bbox 1759 4661 1882 4723; x_wconf 79' lang='grc'><strong>561,</strong></span> <span class='ocrx_word' id='word_1_585' title='bbox 1911 4669 1968 4714; x_wconf 92' lang='lat' dir='ltr'><strong>et</strong></span> <span class='ocrx_word' id='word_1_586' title='bbox 1996 4678 2064 4716; x_wconf 80' lang='lat' dir='ltr'><strong>ex</strong></span> <span class='ocrx_word' id='word_1_587' title='bbox 2089 4677 2156 4716; x_wconf 88' lang='lat' dir='ltr'><strong>eo</strong></span> <span class='ocrx_word' id='word_1_588' title='bbox 2186 4662 2397 4728; x_wconf 89' lang='lat' dir='ltr'><strong>Binius,</strong></span> 
     </span>
    </p>
   </div>
   <div class='ocr_carea' id='block_1_85' title="bbox 835 4728 2401 4800">
    <p class='ocr_par' dir='ltr' id='par_1_85' title="bbox 835 4728 2401 4800">
     <span class='ocr_line' id='line_1_86' title="bbox 835 4728 2401 4800; baseline 0.003 -17"><span class='ocrx_word' id='word_1_589' title='bbox 835 4728 959 4800; x_wconf 12' lang='lat' dir='ltr'><strong>eam,</strong></span> <span class='ocrx_word' id='word_1_590' title='bbox 993 4729 1333 4800; x_wconf 75' lang='lat' dir='ltr'><strong>Constantini</strong></span> <span class='ocrx_word' id='word_1_591' title='bbox 1381 4728 1450 4782; x_wconf 82' lang='lat' dir='ltr'><strong>M.</strong></span> <span class='ocrx_word' id='word_1_592' title='bbox 1481 4739 1538 4784; x_wconf 91' lang='lat' dir='ltr'><strong>et</strong></span> <span class='ocrx_word' id='word_1_593' title='bbox 1567 4729 1827 4800; x_wconf 87' lang='lat' dir='ltr'><strong>Sylvestri</strong></span> <span class='ocrx_word' id='word_1_594' title='bbox 1873 4746 2022 4799; x_wconf 61' lang='lat' dir='ltr'><strong>papa:</strong></span> <span class='ocrx_word' id='word_1_595' title='bbox 2063 4733 2401 4800; x_wconf 89' lang='lat' dir='ltr'><strong>temporibus</strong></span> 
     </span>
    </p>
   </div>
   <div class='ocr_carea' id='block_1_86' title="bbox 839 4797 2708 4871">
    <p class='ocr_par' dir='ltr' id='par_1_86' title="bbox 839 4797 2708 4871">
     <span class='ocr_line' id='line_1_87' title="bbox 839 4797 2708 4871; baseline 0.002 -19"><span class='ocrx_word' id='word_1_596' title='bbox 839 4799 1078 4852; x_wconf 90' lang='lat' dir='ltr'><strong>habitam</strong></span> <span class='ocrx_word' id='word_1_597' title='bbox 1091 4797 1281 4871; x_wconf 60' lang='lat' dir='ltr'><strong>fuisse</strong></span> <span class='ocrx_word' id='word_1_598' title='bbox 1307 4797 1662 4871; x_wconf 79' lang='lat' dir='ltr'><strong>contendunt,</strong></span> <span class='ocrx_word' id='word_1_599' title='bbox 1699 4816 1764 4871; x_wconf 58' lang='lat' dir='ltr'><strong>es</strong></span> <span class='ocrx_word' id='word_1_600' title='bbox 1789 4815 1856 4871; x_wconf 85' lang='lat' dir='ltr'><strong>eo</strong></span> <span class='ocrx_word' id='word_1_601' title='bbox 1875 4797 2028 4871; x_wconf 74' lang='lat' dir='ltr'><strong>quod</strong></span> <span class='ocrx_word' id='word_1_602' title='bbox 2057 4797 2258 4855; x_wconf 81' lang='lat' dir='ltr'><strong>Hosius</strong></span> <span class='ocrx_word' id='word_1_603' title='bbox 2281 4801 2399 4871; x_wconf 84' lang='lat' dir='ltr'><strong>epi-</strong></span> <span class='ocrx_word' id='word_1_604' title='bbox 2435 4851 2475 4871; x_wconf 57' lang='grc' dir='ltr'><strong><em>η</em></strong></span> <span class='ocrx_word' id='word_1_605' title='bbox 2501 4803 2600 4856; x_wconf 74' lang='lat' dir='ltr'><strong>3M</strong></span> <span class='ocrx_word' id='word_1_606' title='bbox 2639 4803 2708 4856; x_wconf 92' lang='lat' dir='ltr'><strong>ha</strong></span> 
     </span>
    </p>
   </div>
   <div class='ocr_carea' id='block_1_87' title="bbox 2492 4441 4064 4526">
    <p class='ocr_par' dir='ltr' id='par_1_87' title="bbox 2492 4441 4064 4526">
     <span class='ocr_line' id='line_1_88' title="bbox 2492 4441 4064 4526; baseline -0.004 -15"><span class='ocrx_word' id='word_1_607' title='bbox 2492 4471 2602 4526; x_wconf 92' lang='lat' dir='ltr'><strong>quo</strong></span> <span class='ocrx_word' id='word_1_608' title='bbox 2631 4469 2776 4526; x_wconf 72' lang='lat' dir='ltr'><strong>anno</strong></span> <span class='ocrx_word' id='word_1_609' title='bbox 2811 4452 2930 4508; x_wconf 61' lang='lat' dir='ltr'><strong>hac</strong></span> <span class='ocrx_word' id='word_1_610' title='bbox 2974 4451 3214 4526; x_wconf 72' lang='lat' dir='ltr'><strong>synodus</strong></span> <span class='ocrx_word' id='word_1_611' title='bbox 3253 4451 3528 4526; x_wconf 70' lang='lat' dir='ltr'><strong>celebrata</strong></span> <span class='ocrx_word' id='word_1_612' title='bbox 3567 4441 3764 4526; x_wconf 45' lang='lat' dir='ltr'><strong>“fuerit.</strong></span> <span class='ocrx_word' id='word_1_613' title='bbox 3796 4449 4064 4526; x_wconf 80' lang='lat' dir='ltr'><strong>Quoniam</strong></span> 
     </span>
    </p>
   </div>
   <div class='ocr_carea' id='block_1_88' title="bbox 2494 4469 4068 4591">
    <p class='ocr_par' dir='ltr' id='par_1_88' title="bbox 2494 4469 4068 4591">
     <span class='ocr_line' id='line_1_89' title="bbox 2494 4469 4064 4576; baseline -0.004 -65"><span class='ocrx_word' id='word_1_614' title='bbox 2494 4471 2602 4526; x_wconf 91' lang='lat' dir='ltr'><strong>quo</strong></span> <span class='ocrx_word' id='word_1_615' title='bbox 2631 4469 2776 4509; x_wconf 91' lang='lat' dir='ltr'><strong>anno</strong></span> <span class='ocrx_word' id='word_1_616' title='bbox 2813 4469 2930 4508; x_wconf 68' lang='lat' dir='ltr'><strong>nam</strong></span> <span class='ocrx_word' id='word_1_617' title='bbox 2974 4469 3214 4576; x_wconf 42' lang='lat' dir='ltr'><strong>sineaus</strong></span> <span class='ocrx_word' id='word_1_618' title='bbox 3253 4469 3528 4507; x_wconf 80' lang='lat' dir='ltr'><strong>celenrata</strong></span> <span class='ocrx_word' id='word_1_619' title='bbox 3577 4469 3764 4505; x_wconf 76' lang='lat' dir='ltr'><strong>luerit.</strong></span> <span class='ocrx_word' id='word_1_620' title='bbox 3796 4469 4064 4516; x_wconf 62' lang='lat' dir='ltr'><strong>quoniam</strong></span> 
     </span>
     <span class='ocr_line' id='line_1_90' title="bbox 2494 4520 4068 4591; baseline -0.004 -12"><span class='ocrx_word' id='word_1_621' title='bbox 2494 4535 2677 4579; x_wconf 87' lang='lat' dir='ltr'><strong>autem</strong></span> <span class='ocrx_word' id='word_1_622' title='bbox 2732 4523 2948 4577; x_wconf 82' lang='lat' dir='ltr'><strong>Sozom.</strong></span> <span class='ocrx_word' id='word_1_623' title='bbox 3023 4523 3097 4575; x_wconf 92' lang='lat' dir='ltr'><strong>ib.</strong></span> <span class='ocrx_word' id='word_1_624' title='bbox 3152 4538 3224 4586; x_wconf 79' lang='lat' dir='ltr'><strong>IV,</strong></span> <span class='ocrx_word' id='word_1_625' title='bbox 3280 4537 3400 4591; x_wconf 91' lang='lat' dir='ltr'><strong>cap.</strong></span> <span class='ocrx_word' id='word_1_626' title='bbox 3456 4521 3547 4585; x_wconf 72' lang='grc'><strong>24,</strong></span> <span class='ocrx_word' id='word_1_627' title='bbox 3589 4521 3820 4574; x_wconf 87' lang='lat' dir='ltr'><strong>inuuerc</strong></span> <span class='ocrx_word' id='word_1_628' title='bbox 3849 4520 4068 4574; x_wconf 86' lang='lat' dir='ltr'><strong>videtur</strong></span> 
     </span>
    </p>
   </div>
   <div class='ocr_carea' id='block_1_89' title="bbox 2495 4591 4065 4673">
    <p class='ocr_par' dir='ltr' id='par_1_89' title="bbox 2495 4591 4065 4673">
     <span class='ocr_line' id='line_1_91' title="bbox 2495 4591 4065 4673; baseline -0.004 -24"><span class='ocrx_word' id='word_1_629' title='bbox 2495 4595 2637 4673; x_wconf 79' lang='lat' dir='ltr'><strong>hanc</strong></span> <span class='ocrx_word' id='word_1_630' title='bbox 2665 4593 3003 4673; x_wconf 39' lang='lat' dir='ltr'><strong>Antioch-cna</strong></span> <span class='ocrx_word' id='word_1_631' title='bbox 3041 4591 3210 4672; x_wconf 75' lang='lat' dir='ltr'><strong>fuisse</strong></span> <span class='ocrx_word' id='word_1_632' title='bbox 3250 4592 3537 4673; x_wconf 55' lang='lat' dir='ltr'><strong>priorem,“</strong></span> <span class='ocrx_word' id='word_1_633' title='bbox 3565 4591 3714 4673; x_wconf 68' lang='lat' dir='ltr'><strong>gravi</strong></span> <span class='ocrx_word' id='word_1_634' title='bbox 3764 4591 4065 4673; x_wconf 75' lang='lat' dir='ltr'><strong>paraehro-</strong></span> 
     </span>
    </p>
   </div>
   <div class='ocr_carea' id='block_1_90' title="bbox 2499 4660 4066 4730">
    <p class='ocr_par' dir='ltr' id='par_1_90' title="bbox 2499 4660 4066 4730">
     <span class='ocr_line' id='line_1_92' title="bbox 2499 4660 4066 4730; baseline -0.003 -12"><span class='ocrx_word' id='word_1_635' title='bbox 2499 4665 2696 4728; x_wconf 90' lang='lat' dir='ltr'><strong>nismo,</strong></span> <span class='ocrx_word' id='word_1_636' title='bbox 2745 4670 2806 4715; x_wconf 93' lang='lat' dir='ltr'><strong>ut</strong></span> <span class='ocrx_word' id='word_1_637' title='bbox 2854 4662 3099 4723; x_wconf 88' lang='lat' dir='ltr'><strong>videtur,</strong></span> <span class='ocrx_word' id='word_1_638' title='bbox 3134 4662 3221 4714; x_wconf 84' lang='lat' dir='ltr'><strong>vir</strong></span> <span class='ocrx_word' id='word_1_639' title='bbox 3263 4662 3333 4714; x_wconf 91' lang='lat' dir='ltr'><strong>cl.</strong></span> <span class='ocrx_word' id='word_1_640' title='bbox 3370 4660 3623 4730; x_wconf 77' lang='lat' dir='ltr'><strong>intelligit</strong></span> <span class='ocrx_word' id='word_1_641' title='bbox 3674 4661 4066 4715; x_wconf 87' lang='lat' dir='ltr'><strong>Antiochenam</strong></span> 
     </span>
    </p>
   </div>
   <div class='ocr_carea' id='block_1_91' title="bbox 2499 4730 4068 4800">
    <p class='ocr_par' dir='ltr' id='par_1_91' title="bbox 2499 4730 4068 4800">
     <span class='ocr_line' id='line_1_93' title="bbox 2499 4730 4068 4800; baseline -0.001 -13"><span class='ocrx_word' id='word_1_642' title='bbox 2499 4734 2647 4788; x_wconf 91' lang='lat' dir='ltr'><strong>illam</strong></span> <span class='ocrx_word' id='word_1_643' title='bbox 2683 4731 2970 4800; x_wconf 83' lang='lat' dir='ltr'><strong>synodum,</strong></span> <span class='ocrx_word' id='word_1_644' title='bbox 2998 4733 3052 4784; x_wconf 84' lang='lat' dir='ltr'><strong>in</strong></span> <span class='ocrx_word' id='word_1_645' title='bbox 3080 4730 3341 4784; x_wconf 66' lang='lat' dir='ltr'><strong>Encwniis</strong></span> <span class='ocrx_word' id='word_1_646' title='bbox 3374 4731 3537 4800; x_wconf 86' lang='lat' dir='ltr'><strong>vulgo</strong></span> <span class='ocrx_word' id='word_1_647' title='bbox 3564 4730 3789 4792; x_wconf 89' lang='lat' dir='ltr'><strong>dictam,</strong></span> <span class='ocrx_word' id='word_1_648' title='bbox 3816 4745 4068 4800; x_wconf 84' lang='lat' dir='ltr'><strong>annoque</strong></span> 
     </span>
    </p>
   </div>
   <div class='ocr_carea' id='block_1_92' title="bbox 2713 4748 4070 4856">
    <p class='ocr_par' dir='ltr' id='par_1_92' title="bbox 2713 4748 4070 4856">
     <span class='ocr_line' id='line_1_94' title="bbox 2748 4748 4068 4800; baseline 0 -15"><span class='ocrx_word' id='word_1_649' title='bbox 2748 4748 2970 4793; x_wconf 83' lang='lat' dir='ltr'><strong>nouum,</strong></span> <span class='ocrx_word' id='word_1_650' title='bbox 2998 4749 3052 4784; x_wconf 73' lang='lat' dir='ltr'><strong>in</strong></span> <span class='ocrx_word' id='word_1_651' title='bbox 3080 4748 3341 4784; x_wconf 63' lang='lat' dir='ltr'><strong>nucleum</strong></span> <span class='ocrx_word' id='word_1_652' title='bbox 3374 4748 3537 4800; x_wconf 76' lang='lat' dir='ltr'><strong>vulgo</strong></span> <span class='ocrx_word' id='word_1_653' title='bbox 3564 4748 3789 4792; x_wconf 74' lang='lat' dir='ltr'><strong>eictam,</strong></span> <span class='ocrx_word' id='word_1_654' title='bbox 3816 4748 4068 4799; x_wconf 85' lang='lat' dir='ltr'><strong>annoque</strong></span> 
     </span>
     <span class='ocr_line' id='line_1_95' title="bbox 2713 4748 4070 4856; baseline 0.001 -2"><span class='ocrx_word' id='word_1_655' title='bbox 2713 4748 2900 4855; x_wconf 56' lang='lat' dir='ltr'><strong>bitam.</strong></span> <span class='ocrx_word' id='word_1_656' title='bbox 2949 4800 3218 4854; x_wconf 63' lang='lat' dir='ltr'><strong>Caeterum</strong></span> <span class='ocrx_word' id='word_1_657' title='bbox 3269 4815 3392 4854; x_wconf 92' lang='lat' dir='ltr'><strong>cum</strong></span> <span class='ocrx_word' id='word_1_658' title='bbox 3437 4799 3686 4853; x_wconf 83' lang='lat' dir='ltr'><strong>Socrates</strong></span> <span class='ocrx_word' id='word_1_659' title='bbox 3739 4801 3827 4856; x_wconf 84' lang='lat' dir='ltr'><strong>hic</strong></span> <span class='ocrx_word' id='word_1_660' title='bbox 3866 4799 4070 4855; x_wconf 86' lang='lat' dir='ltr'><strong>diserte</strong></span> 
     </span>
    </p>
   </div>
   <div class='ocr_carea' id='block_1_93' title="bbox 839 4851 4071 4938">
    <p class='ocr_par' dir='ltr' id='par_1_93' title="bbox 839 4851 4071 4938">
     <span class='ocr_line' id='line_1_96' title="bbox 839 4851 4071 4938; baseline 0.001 -16"><span class='ocrx_word' id='word_1_661' title='bbox 839 4851 1038 4937; x_wconf 53' lang='lat' dir='ltr'><strong>aspis</strong></span> <span class='ocrx_word' id='word_1_662' title='bbox 1081 4851 1475 4938; x_wconf 29' lang='lat' dir='ltr'><strong>Cordubensisr</strong></span> <span class='ocrx_word' id='word_1_663' title='bbox 1497 4851 2400 4935; x_wconf 9' lang='lat' dir='ltr'><strong>eiii&#39;ihicriuis&#39;se&quot;d&#39;iealiif;&#39;ni}ﬁi-</strong></span> <span class='ocrx_word' id='word_1_664' title='bbox 2435 4851 2477 4904; x_wconf 79' lang='grc' dir='ltr'>υ</span> <span class='ocrx_word' id='word_1_665' title='bbox 2506 4851 4071 4938; x_wconf 32' lang='lat' dir='ltr'><strong>amantissimamammeata;ara-coiisse</strong></span> 
     </span>
    </p>
   </div>
   <div class='ocr_carea' id='block_1_94' title="bbox 840 4937 2402 5009">
    <p class='ocr_par' dir='ltr' id='par_1_94' title="bbox 840 4937 2402 5009">
     <span class='ocr_line' id='line_1_97' title="bbox 840 4937 2402 5009; baseline 0.001 -18"><span class='ocrx_word' id='word_1_666' title='bbox 840 4955 960 4991; x_wconf 87' lang='lat' dir='ltr'><strong>rum</strong></span> <span class='ocrx_word' id='word_1_667' title='bbox 1002 4938 1055 4990; x_wconf 93' lang='lat' dir='ltr'><strong>in</strong></span> <span class='ocrx_word' id='word_1_668' title='bbox 1089 4937 1440 5006; x_wconf 87' lang='lat' dir='ltr'><strong>inscriptione</strong></span> <span class='ocrx_word' id='word_1_669' title='bbox 1467 4940 1708 5008; x_wconf 71' lang='lat' dir='ltr'><strong>epistola:</strong></span> <span class='ocrx_word' id='word_1_670' title='bbox 1735 4939 1802 4992; x_wconf 92' lang='lat' dir='ltr'><strong>ab</strong></span> <span class='ocrx_word' id='word_1_671' title='bbox 1835 4939 1940 5009; x_wconf 86' lang='lat' dir='ltr'><strong>hac</strong></span> <span class='ocrx_word' id='word_1_672' title='bbox 1966 4939 2171 5009; x_wconf 81' lang='lat' dir='ltr'><strong>synodo</strong></span> <span class='ocrx_word' id='word_1_673' title='bbox 2202 4939 2269 4993; x_wconf 92' lang='lat' dir='ltr'><strong>ad</strong></span> <span class='ocrx_word' id='word_1_674' title='bbox 2298 4943 2402 4993; x_wconf 81' lang='lat' dir='ltr'><strong>Ar-</strong></span> 
     </span>
    </p>
   </div>
   <div class='ocr_carea' id='block_1_95' title="bbox 840 5008 2400 5076">
    <p class='ocr_par' dir='ltr' id='par_1_95' title="bbox 840 5008 2400 5076">
     <span class='ocr_line' id='line_1_98' title="bbox 840 5008 2400 5076; baseline 0.001 -16"><span class='ocrx_word' id='word_1_675' title='bbox 840 5023 1031 5061; x_wconf 89' lang='lat' dir='ltr'><strong>menos</strong></span> <span class='ocrx_word' id='word_1_676' title='bbox 1067 5011 1407 5076; x_wconf 57' lang='lat' dir='ltr'><strong>conscripta),</strong></span> <span class='ocrx_word' id='word_1_677' title='bbox 1445 5023 1566 5076; x_wconf 73' lang='lat' dir='ltr'><strong>quae</strong></span> <span class='ocrx_word' id='word_1_678' title='bbox 1624 5009 1702 5062; x_wconf 85' lang='lat' dir='ltr'><strong>sic</strong></span> <span class='ocrx_word' id='word_1_679' title='bbox 1754 5023 1810 5062; x_wconf 92' lang='lat' dir='ltr'><strong>sc</strong></span> <span class='ocrx_word' id='word_1_680' title='bbox 1841 5008 2061 5066; x_wconf 76' lang='lat' dir='ltr'><strong>habere</strong></span> <span class='ocrx_word' id='word_1_681' title='bbox 2114 5009 2400 5063; x_wconf 87' lang='lat' dir='ltr'><strong>creditur:</strong></span> 
     </span>
    </p>
   </div>
   <div class='ocr_carea' id='block_1_96' title="bbox 842 5076 2406 5132">
    <p class='ocr_par' dir='ltr' id='par_1_96' title="bbox 842 5076 2406 5132">
     <span class='ocr_line' id='line_1_99' title="bbox 842 5076 2406 5132; baseline 0.002 -3"><span class='ocrx_word' id='word_1_682' title='bbox 842 5077 1078 5129; x_wconf 78' lang='lat' dir='ltr'><strong>Dominis</strong></span> <span class='ocrx_word' id='word_1_683' title='bbox 1128 5076 1513 5131; x_wconf 80' lang='lat' dir='ltr'><strong>honorabilibus</strong></span> <span class='ocrx_word' id='word_1_684' title='bbox 1559 5077 2007 5130; x_wconf 84' lang='lat' dir='ltr'><strong>consacerdotibus</strong></span> <span class='ocrx_word' id='word_1_685' title='bbox 2058 5079 2111 5131; x_wconf 87' lang='lat' dir='ltr'><strong>in</strong></span> <span class='ocrx_word' id='word_1_686' title='bbox 2153 5078 2406 5132; x_wconf 79' lang='lat' dir='ltr'><strong>Armenia</strong></span> 
     </span>
    </p>
   </div>
   <div class='ocr_carea' id='block_1_97' title="bbox 843 5145 2403 5217">
    <p class='ocr_par' dir='ltr' id='par_1_97' title="bbox 843 5145 2403 5217">
     <span class='ocr_line' id='line_1_100' title="bbox 843 5145 2403 5217; baseline 0.002 -19"><span class='ocrx_word' id='word_1_687' title='bbox 843 5145 1132 5217; x_wconf 68' lang='lat' dir='ltr'><strong>constitutis</strong></span> <span class='ocrx_word' id='word_1_688' title='bbox 1177 5147 1480 5217; x_wconf 56' lang='lat' dir='ltr'><strong>eriswpi,</strong></span> <span class='ocrx_word' id='word_1_689' title='bbox 1513 5146 1786 5211; x_wconf 80' lang='lat' dir='ltr'><strong>Eusebius,</strong></span> <span class='ocrx_word' id='word_1_690' title='bbox 1812 5147 2105 5217; x_wconf 66' lang='grc' dir='ltr'><strong>ΔΗςηηιιὶιιε,</strong></span> <span class='ocrx_word' id='word_1_691' title='bbox 2138 5146 2403 5212; x_wconf 80' lang='lat' dir='ltr'><strong>Eulalius,</strong></span> 
     </span>
    </p>
   </div>
   <div class='ocr_carea' id='block_1_98' title="bbox 843 5213 2405 5286">
    <p class='ocr_par' dir='ltr' id='par_1_98' title="bbox 843 5213 2405 5286">
     <span class='ocr_line' id='line_1_101' title="bbox 843 5213 2405 5286; baseline 0.003 -20"><span class='ocrx_word' id='word_1_692' title='bbox 843 5215 1140 5286; x_wconf 72' lang='lat' dir='ltr'><strong>Gregorius.</strong></span> <span class='ocrx_word' id='word_1_693' title='bbox 1158 5213 1425 5286; x_wconf 61' lang='lat' dir='ltr'><strong>@lionus,</strong></span> <span class='ocrx_word' id='word_1_694' title='bbox 1448 5215 1766 5286; x_wconf 70' lang='lat' dir='ltr'><strong>Bithynicus,</strong></span> <span class='ocrx_word' id='word_1_695' title='bbox 1793 5213 2405 5286; x_wconf 40' lang='lat' dir='ltr'><strong>OlympiumBassianus,</strong></span> 
     </span>
    </p>
   </div>
   <div class='ocr_carea' id='block_1_99' title="bbox 844 5281 2405 5355">
    <p class='ocr_par' dir='ltr' id='par_1_99' title="bbox 844 5281 2405 5355">
     <span class='ocr_line' id='line_1_102' title="bbox 844 5281 2405 5355; baseline 0.003 -19"><span class='ocrx_word' id='word_1_696' title='bbox 844 5281 1112 5355; x_wconf 65' lang='lat' dir='ltr'><strong>lfasilius_,</strong></span> <span class='ocrx_word' id='word_1_697' title='bbox 1177 5281 1432 5350; x_wconf 71' lang='lat' dir='ltr'><strong>Philetas,</strong></span> <span class='ocrx_word' id='word_1_698' title='bbox 1492 5281 1785 5346; x_wconf 69' lang='lat' dir='ltr'><strong>Heraclius,</strong></span> <span class='ocrx_word' id='word_1_699' title='bbox 1829 5281 2062 5355; x_wconf 71' lang='lat' dir='ltr'><strong>Pappus,</strong></span> <span class='ocrx_word' id='word_1_700' title='bbox 2118 5281 2405 5355; x_wconf 79' lang='lat' dir='ltr'><strong>Eugenius,</strong></span> 
     </span>
    </p>
   </div>
   <div class='ocr_carea' id='block_1_100' title="bbox 846 5351 2412 5424">
    <p class='ocr_par' dir='ltr' id='par_1_100' title="bbox 846 5351 2412 5424">
     <span class='ocr_line' id='line_1_103' title="bbox 846 5351 2412 5424; baseline 0.003 -18"><span class='ocrx_word' id='word_1_701' title='bbox 846 5353 1032 5406; x_wconf 80' lang='lat' dir='ltr'><strong>Hosius</strong></span> <span class='ocrx_word' id='word_1_702' title='bbox 1067 5351 1431 5419; x_wconf 82' lang='lat' dir='ltr'><strong>Cordubensis,</strong></span> <span class='ocrx_word' id='word_1_703' title='bbox 1469 5365 1575 5409; x_wconf 86' lang='lat' dir='ltr'><strong>etc.</strong></span> <span class='ocrx_word' id='word_1_704' title='bbox 1618 5355 1723 5409; x_wconf 91' lang='lat' dir='ltr'><strong>Sed</strong></span> <span class='ocrx_word' id='word_1_705' title='bbox 1763 5356 1816 5408; x_wconf 91' lang='lat' dir='ltr'><strong>in</strong></span> <span class='ocrx_word' id='word_1_706' title='bbox 1849 5351 2034 5408; x_wconf 63' lang='lat' dir='ltr'><strong>Graeca</strong></span> <span class='ocrx_word' id='word_1_707' title='bbox 2069 5356 2182 5424; x_wconf 88' lang='lat' dir='ltr'><strong>ipsa</strong></span> <span class='ocrx_word' id='word_1_708' title='bbox 2204 5351 2412 5410; x_wconf 74' lang='lat' dir='ltr'><strong>inscri-</strong></span> 
     </span>
    </p>
   </div>
   <div class='ocr_carea' id='block_1_101' title="bbox 849 5423 2410 5493">
    <p class='ocr_par' dir='ltr' id='par_1_101' title="bbox 849 5423 2410 5493">
     <span class='ocr_line' id='line_1_104' title="bbox 849 5423 2410 5493; baseline 0.004 -19"><span class='ocrx_word' id='word_1_709' title='bbox 849 5425 1067 5490; x_wconf 86' lang='lat' dir='ltr'><strong>ptione,</strong></span> <span class='ocrx_word' id='word_1_710' title='bbox 1125 5423 1213 5475; x_wconf 89' lang='lat' dir='ltr'><strong>cui</strong></span> <span class='ocrx_word' id='word_1_711' title='bbox 1269 5425 1408 5477; x_wconf 92' lang='lat' dir='ltr'><strong>hanc</strong></span> <span class='ocrx_word' id='word_1_712' title='bbox 1461 5425 1651 5478; x_wconf 86' lang='lat' dir='ltr'><strong>Binius</strong></span> <span class='ocrx_word' id='word_1_713' title='bbox 1708 5432 1960 5493; x_wconf 90' lang='lat' dir='ltr'><strong>tanquam</strong></span> <span class='ocrx_word' id='word_1_714' title='bbox 2017 5423 2262 5478; x_wconf 82' lang='lat' dir='ltr'><strong>Latinam</strong></span> <span class='ocrx_word' id='word_1_715' title='bbox 2292 5427 2410 5493; x_wconf 84' lang='lat' dir='ltr'><strong>ejus</strong></span> 
     </span>
    </p>
   </div>
   <div class='ocr_carea' id='block_1_102' title="bbox 854 5493 2408 5562">
    <p class='ocr_par' dir='ltr' id='par_1_102' title="bbox 854 5493 2408 5562">
     <span class='ocr_line' id='line_1_105' title="bbox 854 5493 2408 5562; baseline 0.005 -20"><span class='ocrx_word' id='word_1_716' title='bbox 854 5494 1152 5545; x_wconf 73' lang='lat' dir='ltr'><strong>u‘rsionem</strong></span> <span class='ocrx_word' id='word_1_717' title='bbox 1183 5495 1454 5562; x_wconf 85' lang='lat' dir='ltr'><strong>apposuit,</strong></span> <span class='ocrx_word' id='word_1_718' title='bbox 1495 5495 1641 5548; x_wconf 91' lang='lat' dir='ltr'><strong>nulla</strong></span> <span class='ocrx_word' id='word_1_719' title='bbox 1690 5493 1749 5546; x_wconf 83' lang='lat' dir='ltr'><strong>ﬁt</strong></span> <span class='ocrx_word' id='word_1_720' title='bbox 1775 5495 1998 5548; x_wconf 90' lang='lat' dir='ltr'><strong>omnino</strong></span> <span class='ocrx_word' id='word_1_721' title='bbox 2026 5495 2175 5548; x_wconf 81' lang='lat' dir='ltr'><strong>Hosii</strong></span> <span class='ocrx_word' id='word_1_722' title='bbox 2197 5493 2408 5548; x_wconf 91' lang='lat' dir='ltr'><strong>Cordu-</strong></span> 
     </span>
    </p>
   </div>
   <div class='ocr_carea' id='block_1_103' title="bbox 853 5563 2412 5628">
    <p class='ocr_par' dir='ltr' id='par_1_103' title="bbox 853 5563 2412 5628">
     <span class='ocr_line' id='line_1_106' title="bbox 853 5563 2412 5628; baseline 0.002 -13"><span class='ocrx_word' id='word_1_723' title='bbox 853 5563 1033 5615; x_wconf 67' lang='lat' dir='ltr'><strong>laensis</strong></span> <span class='ocrx_word' id='word_1_724' title='bbox 1068 5565 1290 5616; x_wconf 84' lang='lat' dir='ltr'><strong>mentio.</strong></span> <span class='ocrx_word' id='word_1_725' title='bbox 1335 5563 1644 5628; x_wconf 85' lang='lat' dir='ltr'><strong>Quinetiam</strong></span> <span class='ocrx_word' id='word_1_726' title='bbox 1690 5580 1791 5617; x_wconf 88' lang='lat' dir='ltr'><strong>nec</strong></span> <span class='ocrx_word' id='word_1_727' title='bbox 1823 5580 1852 5617; x_wconf 91' lang='lat' dir='ltr'><strong>a</strong></span> <span class='ocrx_word' id='word_1_728' title='bbox 1889 5571 2074 5616; x_wconf 86' lang='lat' dir='ltr'><strong>vetere</strong></span> <span class='ocrx_word' id='word_1_729' title='bbox 2106 5564 2298 5618; x_wconf 86' lang='lat' dir='ltr'><strong>Latino</strong></span> <span class='ocrx_word' id='word_1_730' title='bbox 2329 5565 2412 5618; x_wconf 93' lang='lat' dir='ltr'><strong>in-</strong></span> 
     </span>
    </p>
   </div>
   <div class='ocr_carea' id='block_1_104' title="bbox 855 5632 2411 5702">
    <p class='ocr_par' dir='ltr' id='par_1_104' title="bbox 855 5632 2411 5702">
     <span class='ocr_line' id='line_1_107' title="bbox 855 5632 2411 5702; baseline 0.002 -19"><span class='ocrx_word' id='word_1_731' title='bbox 855 5642 1112 5699; x_wconf 82' lang='lat' dir='ltr'><strong>terprete,</strong></span> <span class='ocrx_word' id='word_1_732' title='bbox 1144 5649 1246 5686; x_wconf 86' lang='lat' dir='ltr'><strong>nec</strong></span> <span class='ocrx_word' id='word_1_733' title='bbox 1271 5632 1339 5685; x_wconf 88' lang='lat' dir='ltr'><strong>ab</strong></span> <span class='ocrx_word' id='word_1_734' title='bbox 1375 5634 1480 5686; x_wconf 90' lang='lat' dir='ltr'><strong>alio</strong></span> <span class='ocrx_word' id='word_1_735' title='bbox 1520 5634 1712 5702; x_wconf 82' lang='lat' dir='ltr'><strong>quovis</strong></span> <span class='ocrx_word' id='word_1_736' title='bbox 1746 5637 2014 5688; x_wconf 88' lang='lat' dir='ltr'><strong>canonum</strong></span> <span class='ocrx_word' id='word_1_737' title='bbox 2065 5634 2258 5686; x_wconf 91' lang='lat' dir='ltr'><strong>horum</strong></span> <span class='ocrx_word' id='word_1_738' title='bbox 2296 5635 2411 5688; x_wconf 73' lang='lat' dir='ltr'><strong>edi—</strong></span> 
     </span>
    </p>
   </div>
   <div class='ocr_carea' id='block_1_105' title="bbox 854 5702 2412 5772">
    <p class='ocr_par' dir='ltr' id='par_1_105' title="bbox 854 5702 2412 5772">
     <span class='ocr_line' id='line_1_108' title="bbox 854 5702 2412 5772; baseline 0.002 -18"><span class='ocrx_word' id='word_1_739' title='bbox 854 5710 971 5754; x_wconf 86' lang='lat' dir='ltr'><strong>tore</strong></span> <span class='ocrx_word' id='word_1_740' title='bbox 1009 5702 1208 5757; x_wconf 87' lang='lat' dir='ltr'><strong>Ilosius</strong></span> <span class='ocrx_word' id='word_1_741' title='bbox 1246 5702 1347 5755; x_wconf 91' lang='lat' dir='ltr'><strong>iste</strong></span> <span class='ocrx_word' id='word_1_742' title='bbox 1391 5704 1532 5755; x_wconf 91' lang='lat' dir='ltr'><strong>inter</strong></span> <span class='ocrx_word' id='word_1_743' title='bbox 1568 5703 1853 5772; x_wconf 89' lang='lat' dir='ltr'><strong>episcopos</strong></span> <span class='ocrx_word' id='word_1_744' title='bbox 1900 5703 2000 5756; x_wconf 89' lang='lat' dir='ltr'><strong>hac</strong></span> <span class='ocrx_word' id='word_1_745' title='bbox 2035 5703 2240 5771; x_wconf 83' lang='lat' dir='ltr'><strong>synodo</strong></span> <span class='ocrx_word' id='word_1_746' title='bbox 2281 5720 2412 5757; x_wconf 90' lang='lat' dir='ltr'><strong>con-</strong></span> 
     </span>
    </p>
   </div>
   <div class='ocr_carea' id='block_1_106' title="bbox 853 5771 2405 5841">
    <p class='ocr_par' dir='ltr' id='par_1_106' title="bbox 853 5771 2405 5841">
     <span class='ocr_line' id='line_1_109' title="bbox 853 5771 2405 5841; baseline 0.003 -19"><span class='ocrx_word' id='word_1_747' title='bbox 853 5780 1101 5839; x_wconf 80' lang='lat' dir='ltr'><strong>gregatos</strong></span> <span class='ocrx_word' id='word_1_748' title='bbox 1157 5783 1610 5826; x_wconf 84' lang='lat' dir='ltr'><strong>commemoratur</strong></span> <span class='ocrx_word' id='word_1_749' title='bbox 1646 5771 1791 5826; x_wconf 82' lang='lat' dir='ltr'><strong>Guil.</strong></span> <span class='ocrx_word' id='word_1_750' title='bbox 1841 5772 2166 5841; x_wconf 80' lang='lat' dir='ltr'><strong>Beveregins</strong></span> <span class='ocrx_word' id='word_1_751' title='bbox 2223 5782 2405 5826; x_wconf 89' lang='lat' dir='ltr'><strong>annot.</strong></span> 
     </span>
    </p>
   </div>
   <div class='ocr_carea' id='block_1_107' title="bbox 863 5841 2410 5911">
    <p class='ocr_par' dir='ltr' id='par_1_107' title="bbox 863 5841 2410 5911">
     <span class='ocr_line' id='line_1_110' title="bbox 863 5841 2410 5911; baseline -0.003 -12"><span class='ocrx_word' id='word_1_752' title='bbox 863 5843 916 5900; x_wconf 87' lang='lat' dir='ltr'><strong>in</strong></span> <span class='ocrx_word' id='word_1_753' title='bbox 955 5857 1073 5897; x_wconf 84' lang='lat' dir='ltr'><strong>can.</strong></span> <span class='ocrx_word' id='word_1_754' title='bbox 1115 5857 1265 5896; x_wconf 82' lang='lat' dir='ltr'><strong>eone.</strong></span> <span class='ocrx_word' id='word_1_755' title='bbox 1321 5841 1678 5911; x_wconf 78' lang='lat' dir='ltr'><strong>Gaugrcnsis;</strong></span> <span class='ocrx_word' id='word_1_756' title='bbox 1721 5842 1812 5896; x_wconf 90' lang='lat' dir='ltr'><strong>ubi</strong></span> <span class='ocrx_word' id='word_1_757' title='bbox 1850 5857 1906 5894; x_wconf 84' lang='lat' dir='ltr'><strong>se</strong></span> <span class='ocrx_word' id='word_1_758' title='bbox 1945 5842 2157 5896; x_wconf 83' lang='lat' dir='ltr'><strong>nescire</strong></span> <span class='ocrx_word' id='word_1_759' title='bbox 2209 5843 2410 5896; x_wconf 76' lang='lat' dir='ltr'><strong>fatetur</strong></span> 
     </span>
    </p>
   </div>
   <div class='ocr_carea' id='block_1_108' title="bbox 2487 4938 4068 5011">
    <p class='ocr_par' dir='ltr' id='par_1_108' title="bbox 2487 4938 4068 5011">
     <span class='ocr_line' id='line_1_111' title="bbox 2487 4938 4068 5011; baseline -0.003 -15"><span class='ocrx_word' id='word_1_760' title='bbox 2487 4950 2634 5011; x_wconf 87' lang='lat' dir='ltr'><strong>-post</strong></span> <span class='ocrx_word' id='word_1_761' title='bbox 2667 4941 2830 5011; x_wconf 88' lang='lat' dir='ltr'><strong>modo</strong></span> <span class='ocrx_word' id='word_1_762' title='bbox 2855 4947 3218 5011; x_wconf 82' lang='lat' dir='ltr'><strong>memoratum</strong></span> <span class='ocrx_word' id='word_1_763' title='bbox 3266 4939 3400 4993; x_wconf 92' lang='lat' dir='ltr'><strong>illud</strong></span> <span class='ocrx_word' id='word_1_764' title='bbox 3435 4938 3915 5011; x_wconf 76' lang='lat' dir='ltr'><strong>constantinopoli</strong></span> <span class='ocrx_word' id='word_1_765' title='bbox 3969 4954 4068 4992; x_wconf 90' lang='lat' dir='ltr'><strong>an-</strong></span> 
     </span>
    </p>
   </div>
   <div class='ocr_carea' id='block_1_109' title="bbox 2506 5008 4072 5078">
    <p class='ocr_par' dir='ltr' id='par_1_109' title="bbox 2506 5008 4072 5078">
     <span class='ocr_line' id='line_1_112' title="bbox 2506 5008 4072 5078; baseline -0.002 -13"><span class='ocrx_word' id='word_1_766' title='bbox 2506 5008 2580 5065; x_wconf 76' lang='lat' dir='ltr'><strong>no</strong></span> <span class='ocrx_word' id='word_1_767' title='bbox 2633 5010 2735 5065; x_wconf 75' lang='grc'><strong>560</strong></span> <span class='ocrx_word' id='word_1_768' title='bbox 2782 5009 3050 5072; x_wconf 86' lang='lat' dir='ltr'><strong>habitum,</strong></span> <span class='ocrx_word' id='word_1_769' title='bbox 3084 5024 3317 5078; x_wconf 91' lang='lat' dir='ltr'><strong>cumque</strong></span> <span class='ocrx_word' id='word_1_770' title='bbox 3374 5009 3606 5063; x_wconf 86' lang='lat' dir='ltr'><strong>modicis</strong></span> <span class='ocrx_word' id='word_1_771' title='bbox 3647 5008 3950 5062; x_wconf 84' lang='lat' dir='ltr'><strong>intervallis</strong></span> <span class='ocrx_word' id='word_1_772' title='bbox 3980 5025 4072 5062; x_wconf 92' lang='lat' dir='ltr'><strong>oc-</strong></span> 
     </span>
    </p>
   </div>
   <div class='ocr_carea' id='block_1_110' title="bbox 2507 5079 4070 5148">
    <p class='ocr_par' dir='ltr' id='par_1_110' title="bbox 2507 5079 4070 5148">
     <span class='ocr_line' id='line_1_113' title="bbox 2507 5079 4070 5148; baseline -0.001 -14"><span class='ocrx_word' id='word_1_773' title='bbox 2507 5080 2680 5134; x_wconf 90' lang='lat' dir='ltr'><strong>currit</strong></span> <span class='ocrx_word' id='word_1_774' title='bbox 2725 5095 2894 5133; x_wconf 91' lang='lat' dir='ltr'><strong>unum</strong></span> <span class='ocrx_word' id='word_1_775' title='bbox 2927 5087 2983 5132; x_wconf 90' lang='lat' dir='ltr'><strong>et</strong></span> <span class='ocrx_word' id='word_1_776' title='bbox 3015 5080 3246 5148; x_wconf 80' lang='lat' dir='ltr'><strong>alterum</strong></span> <span class='ocrx_word' id='word_1_777' title='bbox 3299 5079 3619 5148; x_wconf 72' lang='lat' dir='ltr'><strong>AntioCliixe</strong></span> <span class='ocrx_word' id='word_1_778' title='bbox 3659 5087 4070 5148; x_wconf 80' lang='lat' dir='ltr'><strong>congregatum,</strong></span> 
     </span>
    </p>
   </div>
   <div class='ocr_carea' id='block_1_111' title="bbox 2507 5146 4071 5219">
    <p class='ocr_par' dir='ltr' id='par_1_111' title="bbox 2507 5146 4071 5219">
     <span class='ocr_line' id='line_1_114' title="bbox 2507 5146 4071 5219; baseline -0.001 -16"><span class='ocrx_word' id='word_1_779' title='bbox 2507 5150 2641 5219; x_wconf 88' lang='lat' dir='ltr'><strong>quid</strong></span> <span class='ocrx_word' id='word_1_780' title='bbox 2669 5149 2982 5219; x_wconf 83' lang='lat' dir='ltr'><strong>dubitemus</strong></span> <span class='ocrx_word' id='word_1_781' title='bbox 3011 5146 3278 5219; x_wconf 79' lang='lat' dir='ltr'><strong>allirmare</strong></span> <span class='ocrx_word' id='word_1_782' title='bbox 3311 5149 3576 5219; x_wconf 85' lang='lat' dir='ltr'><strong>synodum</strong></span> <span class='ocrx_word' id='word_1_783' title='bbox 3610 5147 3752 5201; x_wconf 90' lang='lat' dir='ltr'><strong>hanc</strong></span> <span class='ocrx_word' id='word_1_784' title='bbox 3767 5146 4071 5219; x_wconf 33' lang='lat' dir='ltr'><strong>:Gangrcn-</strong></span> 
     </span>
    </p>
   </div>
   <div class='ocr_carea' id='block_1_112' title="bbox 2510 5216 4074 5280">
    <p class='ocr_par' dir='ltr' id='par_1_112' title="bbox 2510 5216 4074 5280">
     <span class='ocr_line' id='line_1_115' title="bbox 2510 5216 4074 5280; baseline 0 -8"><span class='ocrx_word' id='word_1_785' title='bbox 2510 5216 2623 5272; x_wconf 72' lang='lat' dir='ltr'><strong>sem</strong></span> <span class='ocrx_word' id='word_1_786' title='bbox 2655 5234 2799 5273; x_wconf 91' lang='lat' dir='ltr'><strong>anno</strong></span> <span class='ocrx_word' id='word_1_787' title='bbox 2841 5217 3064 5272; x_wconf 85' lang='lat' dir='ltr'><strong>circiter</strong></span> <span class='ocrx_word' id='word_1_788' title='bbox 3089 5217 3212 5280; x_wconf 76' lang='grc'>561,</span> <span class='ocrx_word' id='word_1_789' title='bbox 3249 5216 3352 5271; x_wconf 74' lang='lat' dir='ltr'><strong>aut</strong></span> <span class='ocrx_word' id='word_1_790' title='bbox 3375 5217 3478 5272; x_wconf 72' lang='grc'><strong>562</strong></span> <span class='ocrx_word' id='word_1_791' title='bbox 3502 5216 3670 5271; x_wconf 89' lang='lat' dir='ltr'><strong>luisse</strong></span> <span class='ocrx_word' id='word_1_792' title='bbox 3699 5217 4028 5276; x_wconf 87' lang='lat' dir='ltr'><strong>celebratam</strong></span> <span class='ocrx_word' id='word_1_793' title='bbox 4048 5219 4074 5272; x_wconf 84' lang='lat'><strong>?</strong></span> 
     </span>
    </p>
   </div>
   <div class='ocr_carea' id='block_1_113' title="bbox 2507 5287 4072 5358">
    <p class='ocr_par' dir='ltr' id='par_1_113' title="bbox 2507 5287 4072 5358">
     <span class='ocr_line' id='line_1_116' title="bbox 2507 5287 4072 5358; baseline -0.002 -15"><span class='ocrx_word' id='word_1_794' title='bbox 2507 5287 3042 5358; x_wconf 40' lang='lat' dir='ltr'><strong>GerteAAthanasius,</strong></span> <span class='ocrx_word' id='word_1_795' title='bbox 3064 5287 3215 5358; x_wconf 73' lang='lat' dir='ltr'><strong>libro</strong></span> <span class='ocrx_word' id='word_1_796' title='bbox 3251 5287 3327 5358; x_wconf 86' lang='lat' dir='ltr'><strong>De</strong></span> <span class='ocrx_word' id='word_1_797' title='bbox 3369 5287 3608 5358; x_wconf 83' lang='lat' dir='ltr'><strong>synodis,</strong></span> <span class='ocrx_word' id='word_1_798' title='bbox 3651 5302 3771 5358; x_wconf 65' lang='lat' dir='ltr'><strong>pag.</strong></span> <span class='ocrx_word' id='word_1_799' title='bbox 3801 5287 3926 5358; x_wconf 70' lang='grc'><strong>747,</strong></span> <span class='ocrx_word' id='word_1_800' title='bbox 3960 5294 4072 5340; x_wconf 90' lang='lat' dir='ltr'><strong>tra-</strong></span> 
     </span>
    </p>
   </div>
   <div class='ocr_carea' id='block_1_114' title="bbox 2509 5349 4070 5426">
    <p class='ocr_par' dir='ltr' id='par_1_114' title="bbox 2509 5349 4070 5426">
     <span class='ocr_line' id='line_1_117' title="bbox 2509 5349 4070 5426; baseline -0.001 -15"><span class='ocrx_word' id='word_1_801' title='bbox 2509 5356 2610 5420; x_wconf 89' lang='lat' dir='ltr'><strong>dit,</strong></span> <span class='ocrx_word' id='word_1_802' title='bbox 2661 5349 3036 5426; x_wconf 86' lang='lat' dir='ltr'><strong>Semiarianos</strong></span> <span class='ocrx_word' id='word_1_803' title='bbox 3051 5349 3522 5426; x_wconf 63' lang='lat' dir='ltr'><strong>Cpnstantino&#39;poli</strong></span> <span class='ocrx_word' id='word_1_804' title='bbox 3539 5425 3543 5426; x_wconf 13' lang='grc' dir='ltr'>ί</span> <span class='ocrx_word' id='word_1_805' title='bbox 3562 5349 3919 5426; x_wconf 64' lang='lat' dir='ltr'><strong>Antiochiam</strong></span> <span class='ocrx_word' id='word_1_806' title='bbox 3941 5372 4070 5424; x_wconf 90' lang='lat' dir='ltr'><strong>pro-</strong></span> 
     </span>
    </p>
   </div>
   <div class='ocr_carea' id='block_1_115' title="bbox 2510 5425 4070 5490">
    <p class='ocr_par' dir='ltr' id='par_1_115' title="bbox 2510 5425 4070 5490">
     <span class='ocr_line' id='line_1_118' title="bbox 2510 5425 4070 5490; baseline -0.001 -9"><span class='ocrx_word' id='word_1_807' title='bbox 2510 5426 2702 5490; x_wconf 87' lang='lat' dir='ltr'><strong>fectos,</strong></span> <span class='ocrx_word' id='word_1_808' title='bbox 2736 5427 2897 5479; x_wconf 89' lang='lat' dir='ltr'><strong>aliam</strong></span> <span class='ocrx_word' id='word_1_809' title='bbox 2924 5425 3047 5479; x_wconf 84' lang='lat' dir='ltr'><strong>ﬁdei</strong></span> <span class='ocrx_word' id='word_1_810' title='bbox 3086 5425 3371 5479; x_wconf 86' lang='lat' dir='ltr'><strong>formulam</strong></span> <span class='ocrx_word' id='word_1_811' title='bbox 3405 5425 3670 5488; x_wconf 84' lang='lat' dir='ltr'><strong>edidisse;</strong></span> <span class='ocrx_word' id='word_1_812' title='bbox 3702 5425 3838 5478; x_wconf 90' lang='lat' dir='ltr'><strong>adeo</strong></span> <span class='ocrx_word' id='word_1_813' title='bbox 3873 5433 3933 5477; x_wconf 92' lang='lat' dir='ltr'><strong>ut</strong></span> <span class='ocrx_word' id='word_1_814' title='bbox 3963 5443 4070 5480; x_wconf 91' lang='lat' dir='ltr'><strong>non</strong></span> 
     </span>
    </p>
   </div>
   <div class='ocr_carea' id='block_1_116' title="bbox 2510 5495 4072 5576">
    <p class='ocr_par' dir='ltr' id='par_1_116' title="bbox 2510 5495 4072 5576">
     <span class='ocr_line' id='line_1_119' title="bbox 2510 5495 4072 5576; baseline -0.001 -26"><span class='ocrx_word' id='word_1_815' title='bbox 2510 5497 2584 5550; x_wconf 89' lang='lat' dir='ltr'><strong>sit</strong></span> <span class='ocrx_word' id='word_1_816' title='bbox 2615 5511 2751 5576; x_wconf 77' lang='lat' dir='ltr'><strong>opus</strong></span> <span class='ocrx_word' id='word_1_817' title='bbox 2788 5511 3071 5576; x_wconf 65' lang='lat' dir='ltr'><strong>recurrere</strong></span> <span class='ocrx_word' id='word_1_818' title='bbox 3102 5495 3168 5549; x_wconf 90' lang='lat' dir='ltr'><strong>ad</strong></span> <span class='ocrx_word' id='word_1_819' title='bbox 3198 5495 3336 5576; x_wconf 71' lang='lat' dir='ltr'><strong>illud</strong></span> <span class='ocrx_word' id='word_1_820' title='bbox 3367 5497 3430 5576; x_wconf 70' lang='lat' dir='ltr'><strong>in</strong></span> <span class='ocrx_word' id='word_1_821' title='bbox 3475 5495 3738 5576; x_wconf 54' lang='lat' dir='ltr'><strong>{Incgmiis</strong></span> <span class='ocrx_word' id='word_1_822' title='bbox 3767 5495 4072 5576; x_wconf 68' lang='lat' dir='ltr'><strong>Antiochia:</strong></span> 
     </span>
    </p>
   </div>
   <div class='ocr_carea' id='block_1_117' title="bbox 2511 5565 4072 5635">
    <p class='ocr_par' dir='ltr' id='par_1_117' title="bbox 2511 5565 4072 5635">
     <span class='ocr_line' id='line_1_120' title="bbox 2511 5565 4072 5635; baseline 0 -17"><span class='ocrx_word' id='word_1_823' title='bbox 2511 5565 2823 5635; x_wconf 79' lang='lat' dir='ltr'><strong>concilium.</strong></span> <span class='ocrx_word' id='word_1_824' title='bbox 2848 5565 3003 5631; x_wconf 87' lang='lat' dir='ltr'><strong>Quod</strong></span> <span class='ocrx_word' id='word_1_825' title='bbox 3031 5580 3161 5618; x_wconf 91' lang='lat' dir='ltr'><strong>vero</strong></span> <span class='ocrx_word' id='word_1_826' title='bbox 3184 5565 3450 5619; x_wconf 85' lang='lat' dir='ltr'><strong>Antonius</strong></span> <span class='ocrx_word' id='word_1_827' title='bbox 3478 5565 3603 5635; x_wconf 82' lang='lat' dir='ltr'><strong>Pagi</strong></span> <span class='ocrx_word' id='word_1_828' title='bbox 3638 5565 3906 5635; x_wconf 77' lang='lat' dir='ltr'><strong>synodum</strong></span> <span class='ocrx_word' id='word_1_829' title='bbox 3933 5565 4072 5635; x_wconf 88' lang='lat' dir='ltr'><strong>hanc</strong></span> 
     </span>
    </p>
   </div>
   <div class='ocr_carea' id='block_1_118' title="bbox 2510 5634 4069 5700">
    <p class='ocr_par' dir='ltr' id='par_1_118' title="bbox 2510 5634 4069 5700">
     <span class='ocr_line' id='line_1_121' title="bbox 2510 5634 4069 5700; baseline 0 -12"><span class='ocrx_word' id='word_1_830' title='bbox 2510 5634 2739 5700; x_wconf 84' lang='lat' dir='ltr'><strong>Gangris</strong></span> <span class='ocrx_word' id='word_1_831' title='bbox 2774 5635 3089 5690; x_wconf 88' lang='lat' dir='ltr'><strong>convenisse</strong></span> <span class='ocrx_word' id='word_1_832' title='bbox 3119 5636 3309 5689; x_wconf 90' lang='lat' dir='ltr'><strong>statuit</strong></span> <span class='ocrx_word' id='word_1_833' title='bbox 3335 5645 3458 5688; x_wconf 84' lang='lat' dir='ltr'><strong>ante</strong></span> <span class='ocrx_word' id='word_1_834' title='bbox 3481 5634 3680 5688; x_wconf 88' lang='lat' dir='ltr'><strong>annum</strong></span> <span class='ocrx_word' id='word_1_835' title='bbox 3707 5634 3828 5697; x_wconf 82' lang='grc'><strong>558,</strong></span> <span class='ocrx_word' id='word_1_836' title='bbox 3862 5634 3913 5686; x_wconf 87' lang='lat' dir='ltr'><strong>id</strong></span> <span class='ocrx_word' id='word_1_837' title='bbox 3944 5634 4069 5688; x_wconf 84' lang='lat' dir='ltr'><strong>facit</strong></span> 
     </span>
    </p>
   </div>
   <div class='ocr_carea' id='block_1_119' title="bbox 2512 5703 4064 5775">
    <p class='ocr_par' dir='ltr' id='par_1_119' title="bbox 2512 5703 4064 5775">
     <span class='ocr_line' id='line_1_122' title="bbox 2512 5703 4064 5775; baseline -0.001 -17"><span class='ocrx_word' id='word_1_838' title='bbox 2512 5716 2573 5775; x_wconf 88' lang='lat' dir='ltr'><strong>ut</strong></span> <span class='ocrx_word' id='word_1_839' title='bbox 2611 5704 2808 5758; x_wconf 85' lang='lat' dir='ltr'><strong>Ilosius</strong></span> <span class='ocrx_word' id='word_1_840' title='bbox 2851 5707 3112 5761; x_wconf 84' lang='lat' dir='ltr'><strong>interesse</strong></span> <span class='ocrx_word' id='word_1_841' title='bbox 3142 5714 3346 5775; x_wconf 82' lang='lat' dir='ltr'><strong>posset,</strong></span> <span class='ocrx_word' id='word_1_842' title='bbox 3379 5706 3472 5774; x_wconf 90' lang='lat' dir='ltr'><strong>qui</strong></span> <span class='ocrx_word' id='word_1_843' title='bbox 3505 5720 3572 5758; x_wconf 88' lang='lat' dir='ltr'><strong>eo</strong></span> <span class='ocrx_word' id='word_1_844' title='bbox 3615 5719 3756 5775; x_wconf 87' lang='lat' dir='ltr'><strong>anno</strong></span> <span class='ocrx_word' id='word_1_845' title='bbox 3791 5705 3844 5757; x_wconf 92' lang='lat' dir='ltr'><strong>in</strong></span> <span class='ocrx_word' id='word_1_846' title='bbox 3877 5703 4064 5772; x_wconf 79' lang='lat' dir='ltr'><strong>Ilispa-</strong></span> 
     </span>
    </p>
   </div>
   <div class='ocr_carea' id='block_1_120' title="bbox 2512 5774 4058 5829">
    <p class='ocr_par' dir='ltr' id='par_1_120' title="bbox 2512 5774 4058 5829">
     <span class='ocr_line' id='line_1_123' title="bbox 2512 5774 4058 5829; baseline 0.001 -3"><span class='ocrx_word' id='word_1_847' title='bbox 2512 5774 2656 5827; x_wconf 87' lang='lat' dir='ltr'><strong>niam</strong></span> <span class='ocrx_word' id='word_1_848' title='bbox 2707 5788 2960 5828; x_wconf 89' lang='lat' dir='ltr'><strong>reversus</strong></span> <span class='ocrx_word' id='word_1_849' title='bbox 3001 5785 3086 5828; x_wconf 88' lang='lat' dir='ltr'><strong>est</strong></span> <span class='ocrx_word' id='word_1_850' title='bbox 3124 5774 3152 5826; x_wconf 62' lang='grc' dir='ltr'><strong>ι</strong></span> <span class='ocrx_word' id='word_1_851' title='bbox 3175 5774 3397 5829; x_wconf 86' lang='lat' dir='ltr'><strong>Ilosium</strong></span> <span class='ocrx_word' id='word_1_852' title='bbox 3428 5783 3610 5828; x_wconf 89' lang='lat' dir='ltr'><strong>autem</strong></span> <span class='ocrx_word' id='word_1_853' title='bbox 3640 5774 3751 5827; x_wconf 93' lang='lat' dir='ltr'><strong>illic</strong></span> <span class='ocrx_word' id='word_1_854' title='bbox 3782 5790 3891 5828; x_wconf 86' lang='lat' dir='ltr'><strong>non</strong></span> <span class='ocrx_word' id='word_1_855' title='bbox 3924 5788 4058 5828; x_wconf 43' lang='lat' dir='ltr'><strong>com:</strong></span> 
     </span>
    </p>
   </div>
   <div class='ocr_carea' id='block_1_121' title="bbox 2512 5844 3799 5916">
    <p class='ocr_par' dir='ltr' id='par_1_121' title="bbox 2512 5844 3799 5916">
     <span class='ocr_line' id='line_1_124' title="bbox 2512 5844 3799 5916; baseline 0.001 -19"><span class='ocrx_word' id='word_1_856' title='bbox 2512 5844 2757 5911; x_wconf 87' lang='lat' dir='ltr'><strong>paruisse</strong></span> <span class='ocrx_word' id='word_1_857' title='bbox 2783 5859 2945 5915; x_wconf 86' lang='lat' dir='ltr'><strong>supra</strong></span> <span class='ocrx_word' id='word_1_858' title='bbox 2970 5859 3034 5898; x_wconf 82' lang='lat' dir='ltr'><strong>ex</strong></span> <span class='ocrx_word' id='word_1_859' title='bbox 3063 5845 3356 5916; x_wconf 82' lang='lat' dir='ltr'><strong>Bcveregio</strong></span> <span class='ocrx_word' id='word_1_860' title='bbox 3387 5853 3664 5900; x_wconf 85' lang='lat' dir='ltr'><strong>ostensum</strong></span> <span class='ocrx_word' id='word_1_861' title='bbox 3698 5854 3799 5900; x_wconf 91' lang='lat' dir='ltr'><strong>cst.</strong></span> 
     </span>
    </p>
   </div>
  </div>
