4508 6588
785 428 890 520 315

2232 449 2565 506 SOCRATIS

3937 447 4040 502 356

785 574 1102 643 quicunque
1140 566 1190 620 ei
1231 565 1440 619 nollent
1472 560 1821 616 subscribere
1845 601 1860 620 .
1902 573 1972 612 ex
2017 559 2367 628 imperatoris
2394 569 2442 626 Α
2468 559 2565 611 l‘vd

2261 560 2367 613 oris
2394 569 2442 626 Α
2468 559 2727 630 Γνὼριμα
2755 560 2812 612 δὲ
2844 557 3144 614 καθιστῶσι
3195 556 3266 611 τὰ
3307 560 3396 614 ὑπ’
3430 556 3610 614 αὐτῶν
3656 559 4041 630 πεπραγμένα,

786 666 968 718 edicto
1004 662 1060 714 in
1092 657 1346 713 exsilium
1383 655 1738 725 pellerentur.
1771 649 2057 706 Postremo
2078 659 2273 704 cuncta
2296 651 2366 704 ab

789 771 848 809 se
879 761 1050 824 gesta,
1075 759 1190 805 tum
1215 749 1341 804 aliis
1362 764 1460 818 per
1484 745 1763 801 Orientem
1786 746 1879 816 qui
1911 745 2053 799 idem
2083 760 2207 799 cum
2235 737 2367 814 ipsis

789 846 1118 906 sentiebant,
1163 850 1278 897 tum
1320 839 1636 909 Patrophilo
1676 836 2066 908 Scythopoleos
2108 836 2367 904 episeopo

788 937 1182 1007 signiliearunt.
1198 933 1298 988 llic
1311 933 1456 987 enim
1474 931 1542 985 ab
1559 931 1693 983 urbe
1710 927 1956 982 Seleucia
1974 936 2119 980 recta
2138 927 2191 980 in
2211 934 2365 980 stram

790 1028 1067 1081 civitatem
1093 1023 1469 1080 contenderat.
1496 1022 1668 1076 Porro
1694 1019 1941 1074 Eudoxio
1969 1017 2024 1071 in
2049 1017 2184 1071 urbe
2217 1017 2366 1087 regia

790 1118 1072 1172 sacerdote
1114 1115 1436 1177 constituto,
1471 1128 1663 1183 magna
1685 1110 1915 1165 ecclesia
1945 1109 2103 1180 160
2118 1124 2245 1178 quae
2269 1107 2369 1163 So-

791 1211 919 1279 phia
957 1208 1394 1279 cognominatur,
1427 1205 1529 1260 sub
1560 1203 1703 1257 idem
1735 1211 1951 1272 tempus
1979 1200 2228 1255 dedicata
2260 1209 2365 1265 est,

789 1299 1075 1353 consulatu
1112 1293 1418 1352 Constantii
1455 1291 1669 1347 decimo
1697 1301 1754 1345 et
1772 1290 1974 1346 Juliani
2001 1289 2228 1344 Cursaris
2255 1298 2368 1343 ter-

791 1388 888 1451 tio,
923 1385 1340 1456 quintodecimo
1368 1383 1457 1437 die
1492 1380 1700 1436 mensis
1745 1377 2052 1435 Februarii.
2089 1377 2368 1434 Eudoxius

787 1491 921 1532 vero
949 1476 1112 1531 simul
1162 1483 1324 1544 atque
1361 1475 1415 1528 in
1446 1473 1576 1528 sede
1624 1474 1715 1528 illa
1751 1472 2049 1528 collocatus
2097 1481 2201 1534 est,
2249 1471 2366 1542 pri-

789 1586 933 1625 mam
959 1568 1102 1622 hanc
1138 1567 1367 1637 protulit
1393 1566 1744 1628 sententiam,
1790 1580 1912 1634 quae
1956 1563 2202 1617 omnium
2254 1577 2369 1616 ser-

787 1675 951 1713 mone
1007 1657 1352 1712 celebratur:
1414 1657 1572 1710 Pater
1623 1655 1850 1724 ἀσεϐής,
1902 1653 2073 1708 Filius
2112 1652 2363 1722 εὐσεϐής.

789 1749 944 1806 Unde
973 1765 1097 1803 cum
1131 1748 1398 1802 tumultus
1424 1763 1488 1801 ac
1516 1747 1716 1800 seditio
1748 1755 1934 1800 exorta
1958 1753 2134 1800 esset:
2165 1745 2362 1810 Nolite,

793 1841 992 1911 inquit,
1019 1841 1228 1894 turbari
1255 1841 1327 1894 ob
1362 1855 1425 1894 ea
1461 1855 1580 1908 quae
1619 1837 1752 1891 dixi.
1786 1838 1920 1892 Nam
1949 1835 2110 1892 Pater
2142 1836 2365 1907 quidem

2472 654 2586 714 τοῖς
2613 668 2671 704 τε
2704 651 2886 716 ἄλλοις
2913 649 3027 716 τοῖς
3055 649 3203 706 κατά
3221 651 3603 722 τὴνξάνατοὶὴν
3630 650 3924 720 ὁμοδόξοις,
3951 649 4045 700 καὶ

2475 741 2804 816 Πατροφίὶῳ
2835 745 2915 815 τῷ
2945 743 3348 808 Σκυθοπόλεως.
3385 739 3553 806 Οὗτος
3580 744 3690 812 γὰρ
3734 743 3798 795 ὲκ
3824 741 3923 810 τῆς
3952 740 4045 792 Σεο

2473 835 2730 902 λευκείας
2765 839 2859 891 ἐπὶ
2881 839 2979 907 τὴν
3001 838 3209 891 οἰκείαν
3231 837 3392 899 εὐθὺς
3423 828 3650 906 ὥρμησε
3682 827 3856 886 πόλιν.
3888 831 4045 884 Εύδο·

2475 929 2587 993 ξίου
2613 929 2671 982 δὲ
2700 930 3105 999 ἀναδειχθέντος
3152 930 3248 998 τῆς
3293 925 3706 998 μεγαλοπόλεως
3747 921 4044 992 τηνικαῦτα

2473 1023 2506 1090 ἡ
2563 1021 2776 1093 μεγάλη
2817 1021 3085 1091 ἐκκλησία
3130 1018 3507 1090 ὀνομαζομένη
3554 1015 3726 1085 Σοφία
3760 1023 3784 1052 ο
3840 1016 4046 1067 ὲνεκαι-

2473 1113 2629 1182 νίσθη
2656 1114 2794 1181 (93),
2824 1114 2885 1165 ὲν
2921 1112 3156 1182 ὑπατεία
3185 1107 3564 1165 Κωνσταντίου
3591 1108 3651 1162 τὸ
3675 1108 3919 1169 δέκατον,
3951 1107 4046 1158 καὶ

2487 1204 2773 1258 Ἰουλιανοῦ
2803 1205 3080 1276 Καίσαρος
3125 1203 3187 1257 τὸ
3231 1204 3436 1274 τρίτον,
3475 1205 3545 1274 τῇ
3585 1197 4046 1270 πεντεκαιδεκάτῃ

2473 1295 2566 1347 τοῦ
2595 1295 2961 1368 Φεϐρουαρίου
2986 1290 3174 1366 μηνός.
3204 1294 3453 1361 Εύδὸξιος
3470 1293 3526 1346 δὲ
3552 1289 3935 1354 καθεσθεὶςείς
3955 1286 4044 1342 τὸν

2475 1385 2665 1457 θρόνον
2705 1388 2900 1458 αὐτῆς,
2941 1387 3166 1458 πρώτην
3207 1385 3422 1456 ἐκείνην
3464 1385 3563 1456 τὴν
3608 1381 4046 1453 πολυθρύλλητον

2482 1478 2665 1548 ἀφῆκε
2695 1479 2899 1550 φωνὴν,
2927 1479 3175 1550 φράσαςο
3227 1479 3288 1532 '0
3336 1478 3526 1550 Πατὴρ
3569 1476 3772 1547 ἀσεϐής
3797 1493 3811 1507 ⁸
3845 1478 3874 1530 δ
3918 1471 4043 1538 Υἱὸς

2473 1571 2723 1643 εὐσεϐής.
2753 1571 2997 1643 Θορύϐου
3022 1573 3080 1626 δὲ
3122 1571 3215 1626 καὶ
3242 1571 3482 1635 στάσεως
3512 1571 3606 1625 ἐπὶ
3631 1570 3789 1624 τοῦτο
3817 1568 4044 1638 γενομέ-

2473 1679 2594 1732 νης,
2614 1663 2818 1731 Μηδὲν,
2832 1663 2958 1734 ἔφη,
2979 1662 3312 1734 ταράττεσθε
3334 1663 3470 1732 πρὸς
3488 1662 3548 1716 τὸ
3569 1661 3756 1730 λεχθὲν
3779 1659 3868 1714 ὑπ’
3886 1658 4040 1729 ἐμοῦ·

2473 1753 2504 1806 δ
2548 1754 2660 1825 γὰρ
2707 1755 2899 1826 Πατὴρ
2945 1754 3168 1826 ἀσεϐὴς,
3202 1755 3284 1808 ὅτι
3331 1753 3523 1808 οὐδένα
3573 1751 3750 1806 σέϐει·
3776 1754 3804 1805 ὁ
3829 1751 3885 1804 δὲ
3919 1747 4045 1813 Υἱὸς

2475 1843 2727 1916 εὐσεϐὴς,
2755 1845 2839 1899 ὃτι
2873 1845 3024 1900 σέϐει
3055 1845 3147 1899 τὸν
3192 1843 3435 1917 Πατέρα.
3468 1842 3705 1898 Τοιαῦτα
3727 1842 3784 1895 δὲ
3807 1840 3900 1894 τοῦ
3942 1835 4044 1892 Εὐ-

789 1935 994 2006 ἀσεϐὴς
1017 1940 1122 2000 est,
1149 1935 1352 2006 quippe
1375 1934 1470 2004 qui
1493 1931 1768 1986 neminem
1799 1925 1958 1996 colit;
1987 1929 2156 1985 Filius
2188 1939 2371 1983 autem
2403 1929 2446 1984 B
2474 1937 2565 2000 δοξ

2262 1939 2371 1983 tem
2403 1929 2446 1984 B
2474 1935 2651 2000 δοξίου
2681 1937 2950 2005 εἰπόντος,
2980 1939 3009 1992 δ
3031 1938 3130 2008 μὲν
3167 1937 3398 2008 θόρυϐος
3423 1936 3728 2005 κατεστάλη
3745 1951 3759 1964 ·
3787 1933 3959 2003 γέλως
3985 1928 4042 1985 δὲ

792 2027 1044 2099 εὐσεϐής,
1073 2027 1203 2098 quia
1241 2026 1372 2082 colit
1410 2025 1650 2080 Patrem.
1677 2022 1808 2089 Quae
1847 2037 1973 2076 cum
2001 2021 2228 2076 dixisset
2255 2020 2368 2074 Eu-

791 2121 990 2177 doxius
1025 2121 1293 2175 tumultus
1337 2115 1562 2190 quidem
1594 2116 1814 2171 sedatus
1854 2123 1970 2169 est:
2011 2113 2203 2183 ingens
2238 2127 2372 2167 vero

791 2211 936 2267 risus
960 2212 1016 2266 in
1038 2209 1272 2267 ecclesia
1297 2210 1570 2266 excitatus
1602 2207 1898 2262 tumultum
1930 2206 2163 2275 excepit.
2193 2205 2371 2274 Atque

790 2303 897 2359 hoc
925 2303 1132 2360 dictum
1157 2319 1284 2358 cum
1314 2303 1428 2357 risu
1459 2308 1516 2356 et
1542 2299 1812 2356 cachinno
1835 2297 2101 2353 hactenus
2127 2312 2370 2350 comme-

789 2403 1059 2448 moratur.
1091 2389 1416 2464 Hujusmodi
1457 2389 1897 2446 cavillationibus
1935 2395 2154 2442 utentes
2195 2387 2370 2440 luere-

789 2486 1044 2552 siarchae,
1076 2494 1134 2541 et
1180 2485 1238 2541 in
1279 2485 1484 2541 talibus
1521 2483 1734 2539 voculis
1763 2480 2036 2552 occupati,
2071 2479 2370 2534 Ecclesiam

789 2579 1156 2636 disciderunt.
1194 2580 1374 2650 Atque
1399 2580 1550 2634 hunc
1574 2577 1738 2632 ﬁnem
1763 2571 2371 2642 Constantinopolitana

799 2689 1019 2744 quoque
1038 2673 1280 2745 synodus
1305 2672 1497 2727 sortita
1523 2678 1608 2724 est

1387 2763 1540 2818 CAP.
1586 2761 1768 2816 XLIV.

1125 2856 1203 2910 De
1234 2855 1438 2910 Meletio
1465 2855 1750 2908 Antiochia:
1775 2851 2010 2922 episc0po

861 2946 1021 3003 Nunc
1049 2955 1263 3017 tempus
1281 2955 1366 3000 est
1385 2955 1447 3000 ut
1471 2945 1538 2999 dc
1568 2943 1784 2998 Meletio
1813 2943 2077 2996 dicamus.
2102 2940 2204 2996 llic
2223 2940 2372 2994 enim

794 3049 918 3112 post
945 3039 1338 3111 depositionem
1370 3037 1662 3103 Eustathii,
1689 3035 1956 3092 Sebastia
1987 3034 2373 3090 Armeniorum

793 3133 1085 3203 episcopus
1117 3131 1295 3187 factus
1339 3140 1444 3196 est,
1482 3133 1626 3185 sicut
1662 3129 1825 3200 paulo
1853 3137 1980 3183 ante
2014 3127 2147 3183 dixi.
2181 3127 2375 3182 Postea

794 3236 928 3276 vero
961 3237 992 3276 a
1027 3221 1274 3278 Sebastia
1298 3222 1594 3276 translatus
1636 3228 1721 3274 est
1752 3219 2021 3282 Bormam,
2066 3232 2188 3286 quae
2239 3216 2376 3271 urbs

2469 2028 2594 2081 ἀντὶ
2619 2027 2852 2099 θορύϐου
2876 2031 3096 2100 κατεῖχε
3119 2030 3397 2100 πολὺςτὴν
3425 2027 3742 2100 ἐκκλησίαν.
3764 2023 3876 2078 Καὶ
3894 2024 4043 2095 μένει

2469 2117 2532 2169 τὸ
2561 2089 2748 2188 λεχθέν
2780 2119 2908 2190 ἄχρι
2955 2089 3116 2190 δεύρο
3151 2089 3481 2190 γελώμενον.
3507 2089 3748 2170 Τοίαύτα
3774 2089 3968 2186 γὰρ-δὴ
3993 2113 4044 2165 οἱ

2473 2206 2828 2280 αἰρεσιάρχαι
2858 2209 3226 2280 σοφιζόμενοι,
3251 2213 3344 2264 καὶ
3369 2211 3498 2282 περὶ
3517 2208 3773 2272 τοιαύτας
3789 2203 4042 2276 ἀσχολού-

2475 2316 2627 2370 μενοι
2665 2299 2859 2367 λέξεις,
2888 2303 2987 2374 τὴν
3033 2301 3362 2373 Ἐκκλησίαν
3386 2301 3704 2355 διέσπασαν.
3745 2297 3915 2352 Τοῦτο
3946 2294 4045 2368 μὲν

2470 2387 2568 2445 οὖν
2595 2392 2809 2446 τοιοῦτο
2836 2393 2949 2463 (θι)
2984 2394 3134 2460 τέλος
3165 2395 3259 2448 καὶ
3289 2391 3323 2466 ὴ
3350 2395 3413 2448 έν
3436 2390 3844 2449 Κωνσταντίνου
3892 2386 4043 2442 πόλει

2470 2484 2743 2556 γενομένη
2765 2483 2984 2550 σύνοδος
3017 2482 3195 2556 ἔσχεν.

3069 2754 3323 2810 ΚΕΦΔΔ.
3353 2755 3482 2810 MA'.

2568 2845 2710 2913 Περὶ
2747 2845 3036 2901 Μελετίου
3067 2845 3177 2901 τοῦ
3221 2845 3586 2916 Ἀντιοχείας
3601 2844 3959 2899 ἐπισκόπου.

2549 2938 2691 3010 Ἤδη
2736 2937 2796 2991 δὲ
2839 2937 3024 2991 λοιπὸν
3064 2937 3160 2991 καὶ
3199 2937 3267 2990 τὰ
3315 2939 3446 3008 περὶ
3493 2935 3755 2990 Μελετίου
3808 2934 4044 2988 λεκτέον.

2475 3023 2644 3095 Οὗτος
2671 3031 2804 3103 γὰρ,
2833 3031 2910 3096 ὡς
2939 3033 3136 3104 μικρὸν
3168 3030 3477 3104 ἔμπροσθεν
3510 3024 3684 3095 εἶπον,
3715 3029 3816 3099 τῆς
3851 3029 4048 3099 Ἀρμε-

2475 3127 2604 3180 νίων
2651 3125 2981 3190 Σεϐαστείας
3027 3126 3326 3190 ἐπίσκοπος
3373 3124 3706 3199 προεϐλήθη,
3749 3123 4048 3177 Εύσταθίου

2474 3215 2913 3288 καθαιρεθέντος.
2956 3217 3052 3270 Ἐκ
3090 3217 3150 3270 δὲ
3197 3217 3526 3280 Σεϐαστείας
3569 3217 3649 3279 είς
3693 3214 3922 3286 Βέροιαν
3949 3213 4048 3280 τῆς

793 3322 879 3370 est
901 3314 1090 3387 Syriae.
1115 3313 1362 3385 Cumque
1394 3311 1732 3369 Seleuciensi
1755 3309 1988 3367 concilio
2013 3309 2372 3375 interfuisset,
2401 3293 2446 3355 Ο
2477 3307 2573 3379 Συε

2270 3317 2372 3375 set,
2401 3293 2446 3355 ο
2477 3307 2676 3379 Συρίας
2700 3308 3010 3381 μετηνέχθη
3042 3308 3179 3381 (95).
3205 3309 3502 3382 Γενόμενος
3522 3307 3580 3363 δὲ
3601 3307 3661 3361 ιν
3686 3308 3754 3378 τῇ
3790 3305 3930 3361 κατὰ
3956 3305 4050 3358 Σε-

1998 3449 2264 3506 VALESII
2300 3447 2853 3506 ANNOTATIONES.

875 3571 987 3642 (93)
1023 3570 1085 3625 Ἠ
1130 3568 1363 3642 μεγάλη
1404 3567 1704 3642 ἐκκλησία
1760 3565 2169 3642 signiﬁcari.
2215 3563 2374 3642 ρειηο

795 3633 980 3699 locum
999 3657 1066 3697 ex
1093 3633 1480 3709 manuscriptis
1507 3636 1789 3709 codicibus
1809 3635 2125 3709 Florentino
2147 3645 2201 3689 et
2221 3633 2376 3709 βίοι·-

798 3715 950 3767 tiano
995 3711 1242 3782 supplevi
1283 3704 1449 3782 atque
1492 3705 2110 3782 cmenda_vi._Dc‘hujus
2132 3704 2380 3782 ecclesia:

797 3773 1147 3837 dedicatione
1187 3780 1262 3835 ita
1300 3773 1566 3837 sci-intum
1591 3784 1677 3832 est
1711 3777 1766 3829 in
1800 3775 1976 3830 Fastis
2012 3774 2166 3830 ldatii
2197 3792 2209 3826 :
2235 3773 2378 3829 Con-

797 3854 995 3906 stantia
1031 3852 1230 3906 decimo
1260 3859 1310 3903 et
1341 3845 1560 3903 Iuliano
1594 3848 1767 3900 tertio.
1831 3845 1946 3900 liis.
1989 3861 2121 3899 coss.
2163 3845 2378 3897 dedica-

798 3933 911 3976 tum
957 3930 1033 3975 est
1081 3918 1537 3990 ConstantinOpoli
1580 3917 1934 3990 Dominicuin,
1989 3917 2072 3968 die
2124 3931 2192 3968 xv
2242 3914 2374 3990 ιςαι.

797 3992 1042 4046 Martias.
1065 3991 1346 4046 Cedrenus
1387 3985 1441 4044 iii
1466 3988 1738 4043 Chronico
1784 3987 1880 4052 ait,
1903 3987 2044 4041 hanc
2077 3985 2376 4052 secundam

797 4062 966 4118 fuisse
1009 4061 1408 4117 dedicationem
1455 4059 1619 4128 hujus
1657 4056 1919 4128 ecclesiae.
1949 4056 2192 4128 Primum
2226 4057 2375 4110 enim

797 4133 1105 4187 dedicatam
1127 4131 1296 4186 fuisse
1321 4130 1455 4186 dicit
1475 4126 1543 4183 ab
1563 4127 1800 4182 Eusebio
1824 4127 2082 4196 episc0po
2103 4126 2375 4180 Constan-

800 4204 1128 4272 tinopoleos.
1177 4200 1286 4272 Sed
1335 4215 1459 4255 cum
1505 4207 1692 4272 postea
1730 4197 2050 4272 corruisset,
2076 4196 2258 4272 de_nu_o
2286 4197 2372 4272 in-

798 4266 1095 4328 stauratum
1150 4287 1182 4325 a
1227 4266 1554 4325 Constantio
1586 4268 1852 4330 Augusto,
1883 4275 1939 4320 et
1990 4267 2060 4320 ab
2120 4266 2371 4322 Eudoxio

798 4350 1195 4398 consecratam.
1225 4341 1362 4396 Vide
1407 4340 1632 4394 omnino
1673 4337 2007 4392 Chronicum
2040 4337 2366 4392 Alexandri-

798 4429 952 4475 num,
981 4414 1037 4467 in
1059 4427 1168 4483 quo
1195 4412 1366 4466 multa
1392 4410 1664 4464 habentur
1686 4407 1754 4463 de
1776 4408 1878 4462 hac
1891 4406 2233 4463 dedicatione
2256 4423 2368 4461 non

797 4484 1060 4538 vulgaria.

871 4544 983 4623 (Μ)
1014 4551 1190 4606 Τοῦτο
1214 4551 1331 4620 μὲν
1356 4544 1470 4623 οὖᾼν
1509 4547 1761 4623 τοιοῦτο.
1793 4547 2069 4623 alterutra
2105 4546 2368 4623 _vox_-de_-.

800 4617 973 4678 lenda'
1011 4630 1096 4678 est
1135 4617 1540 4690 ut'superllua.
1594 4619 1654 4690 In
1717 4618 1906 4690 codice
1952 4617 2367 4690 Leonis-Allatii

799 4694 1064 4764 scriptum
1099 4692 1281 4747 inveni
1311 4685 1429 4744 τότε
1458 4691 1558 4753 μὲν
1587 4685 1681 4743 οὖν
1710 4687 1949 4742 τοιοῦτον
1969 4688 2032 4742 τδ
2059 4689 2230 4752 τέλος.

2403 4683 2448 4738 Ι)
2476 4683 2865 4753 Theodoritus,
2895 4705 2996 4744 nec
3029 4690 3366 4745 Sozomcnus
3390 4689 3446 4744 id
3467 4690 3536 4745 de

2545 3567 2657 3638 (95)
2683 3571 2789 3638 Εις
2820 3565 3067 3632 Βέροιαν
3111 3565 3223 3634 τῆς
3255 3565 3472 3638 Συρίας
3492 3565 3863 3638 μετηνέχθη.
3883 3567 4048 3622 Mele-

2473 3637 2609 3692 tium
2642 3637 2674 3693 a
2708 3637 2956 3708 Sebastia
2987 3638 3259 3691 Armenia!
3304 3637 3371 3691 ad
3420 3637 3795 3708 episc0patum
3847 3637 4050 3693 Beraxe

2475 3711 2798 3762 translatum
2831 3707 3022 3770 fuisse,
3057 3723 3199 3776 :egre
3238 3707 3531 3762 admodum
3562 3707 3909 3762 crediderim.
3947 3710 4050 3762 So-

2474 3794 2737 3833 zomenus
2773 3777 2920 3832 enim
2954 3793 3018 3831 ac
3051 3777 3440 3842 Theodoritus,
3470 3787 3527 3833 et
3550 3787 3675 3832 ante
3701 3779 3825 3832 illos
3853 3778 4048 3832 Hiero-

2474 3863 2692 3911 nymus,
2728 3849 2879 3902 illum
2910 3865 2941 3901 a
2980 3847 3228 3901 Sebastia
3252 3848 3524 3902 Armeniae
3553 3848 3618 3902 ad
3645 3849 3828 3903 sedem
3855 3849 4049 3902 Antio-

2477 3866 2692 3972 nzmus,
2728 3866 2879 3902 mum
2910 3866 2941 3901 a
2981 3866 3228 3901 acuasua
3252 3866 3524 3902 armeniae
3553 3866 3618 3902 aa
3645 3866 3828 3903 sedem
3855 3866 4049 3902 anuo-

2477 3934 2507 3972 c
2550 3935 2709 3972 enam
2741 3919 3063 3973 translatum
3104 3933 3225 3971 esse
3257 3918 3469 3982 dicunt,
3507 3919 3656 3972 nulla
3700 3919 4053 3988 episcopatus

2479 3989 2786 4044 Beroeensis
2819 3989 3096 4042 mentione
3124 3988 3285 4042 facta.
3314 3989 3369 4042 ld
3394 3998 3603 4042 tantum
3633 3988 3767 4043 dicit
3801 3989 4051 4042 Theodo-

2476 4061 2639 4122 ritus,
2653 4059 2964 4121 'Meletium,
2991 4073 3113 4112 cum
3149 4057 3215 4111 ad
3263 4059 3643 4113 Sebastensem
3675 4059 4048 4129 episcopatum

2475 4140 2762 4200 promotus
2799 4129 3012 4191 fuisset,
3051 4129 3430 4200 animadversa
3469 4130 3812 4184 subditorum
3852 4140 4048 4182 contu-

2475 4199 2671 4280 inaeia,
2706 4200 2832 4253 inde
2873 4200 2980 4280 alio
3026 4199 3337 4280 secessisse.
3389 4200 3544 4280 tunc
3587 4201 3752 4280 igitur
3803 4199 4047 4280 Beroeam

2475 4269 2645 4340 Syria:
2687 4285 2745 4323 se
2796 4269 3025 4338 recepit.
3049 4277 3111 4322 ut
3130 4269 3382 4340 conjicio.
3411 4269 3517 4323 Sed
3547 4269 3918 4340 episcopatum
3951 4269 4050 4322 Bc-

2475 4339 2744 4394 rteensem
2775 4354 3118 4408 nequaquam
3153 4339 3572 4393 administravit.
3606 4340 3761 4393 Hunc
3807 4339 4050 4393 Socratis

2473 4425 2718 4463 errorem
2741 4409 2879 4463 vidit
2900 4412 3063 4463 etiam
3087 4409 3352 4463 Baronius
3378 4410 3444 4463 ad
3470 4425 3672 4464 annum
3695 4409 3900 4464 Christi
3923 4410 4044 4463 560.

2475 4479 2647 4545 Quem
2687 4479 2910 4548 quidem
2941 4480 3031 4534 ille
3062 4479 3142 4534 sic
3173 4481 3449 4540 emendat,
3481 4489 3543 4534 ut
3572 4480 3845 4534 Meletium
3880 4495 3911 4534 a
3942 4479 4044 4533 Be-

2475 4565 2589 4604 raaa
2607 4548 2931 4610 Sebastiani,
2963 4565 3070 4602 non
3107 4564 3138 4602 a
3172 4549 3419 4604 Sebastia
3449 4549 3694 4604 Beroeam
3727 4549 4046 4603 translatum

2475 4633 2596 4673 esse
2629 4619 2794 4672 dicat.
2825 4618 2980 4684 Quod
3011 4629 3191 4673 tamen
3221 4634 3410 4674 verum
3446 4634 3556 4673 non
3594 4627 3748 4684 puto,
3778 4635 3903 4673 eum
3946 4636 4050 4672 nec

3609 4690 3774 4744 eletio
3788 4689 4045 4744 dixerint.

2223 4777 2602 4834 VARIORUM.

872 4882 895 4911 ε
933 4870 1259 4938 Ἐκκλησία
1303 4867 1698 4938 ὀνομαζομένη
1738 4869 1944 4938 togula.
1997 4866 2055 4921 In
2095 4867 2372 4924 Chronico

799 4937 1193 5004 Alexandrino,
1223 4940 1325 4994 sub
1341 4937 1658 4994 consulibus
1676 4939 1802 4993 anni
1828 4937 1951 4992 560.
1987 4937 2186 5007 legitur
2213 4956 2226 4991 :
2261 4939 2370 4992 Hoc

801 5029 964 5073 anno,
1005 5027 1179 5065 mense
1225 5010 1423 5064 Peritio
1468 5009 1580 5076 (seu
1622 5009 1689 5062 15
1719 5007 2015 5076 Februarii)
2056 5026 2249 5078 magna
2283 5026 2368 5062 ec-

800 5083 959 5136 clesia
1008 5079 1591 5150 Constantinopolitano
1629 5079 1865 5132 dedicata
1905 5088 1998 5132 est.
2038 5077 2372 5150 Macedonius

800 5154 1068 5222 episcopus
1105 5148 1716 5219 Constant‘inopolitanus
1766 5158 1980 5222 prapter
2023 5148 2188 5222 multa
2209 5150 2371 5222 ipsius

801 5219 1016 5292 propria
1047 5223 1268 5292 erimina
1287 5229 1656 5292 exauctoratus
1667 5228 1762 5282 est,
1783 5223 1902 5292 etin
1936 5219 2102 5292 lo_cum
2124 5219 2236 5292 eius
2251 5220 2372 5272 sub-

802 5289 1017 5362 rogatus
1040 5290 1307 5362 Eudoxius
1335 5290 1800 5362 menseﬁAudyna’o
1825 5290 1936 5362 (seu
1970 5289 2094 5342 Jan.
2121 5289 2211 5362 27)
2238 5305 2377 5362 pra;-

801 5359 1028 5415 sentibus
1052 5361 1301 5431 episcopis
1325 5376 1482 5431 1.xxu.
1505 5361 1671 5431 Paulo
1692 5368 1814 5429 post
1842 5359 1931 5413 :In
1961 5360 2233 5428 easynodo
2266 5361 2378 5431 epi-

803 5429 1206 5501 scoporum—non
1226 5429 1340 5501 post
1369 5430 1558 5483 multos
1583 5429 1690 5501 dies
1715 5431 1778 5482 ab
1809 5431 2230 5501 (inauguratione
2263 5430 2379 5482 Eu-

803 5449 1075 5501 scaporum
1104 5449 1206 5485 non
1264 5449 1340 5485 08!
1369 5449 1558 5483 mutws
1583 5449 1690 5482 ("(38
1715 5449 1778 5482 αο
1823 5449 2230 5500 maugurauoue
2263 5449 2379 5482 nu-

803 5502 942 5572 dexii
961 5503 1184 5572 episcopi
1218 5449 1756 5570 Constantinopoleos,
1785 5500 2035 5554 Encwnia
2058 5516 2264 5572 magna:
2282 5516 2379 5572 iec-

803 5571 1247 5640 clesiaz'ejusdem
1284 5573 1426 5625 urbis
1470 5571 1731 5624 celebrata
1763 5580 1886 5623 sunt
1925 5587 2066 5640 anno
2117 5571 2378 5622 tricesimo

802 5652 992 5764 (‘luarto
1023 5638 1139 5711 plus
1190 5643 1360 5696 minus
1410 5640 1950 5764 quam‘lundamenta
1996 5638 2374 5694 Constantinus

847 5712 976 5764 ietor
1007 5714 1270 5764 Auaustus
1313 5714 1525 5764 iecerat.
1630 5721 1712 5764 cta
1769 5722 1889 5763 sunt
1921 5710 2171 5764 Enca’nia
2213 5712 2373 5764 etiam

847 5712 976 5764 ietor
1007 5710 1270 5782 Augustus
1304 5710 1525 5782 jecerat.
1581 5710 1712 5764 Acta
1769 5722 1889 5763 sunt
1921 5710 2171 5782 Encayiia
2213 5712 2373 5782 etiam

803 5782 881 5850 [Lis
910 5799 1039 5835 coss.
1075 5774 1159 5836 {VI
1191 5774 1319 5836 Kal:
1342 5781 1585 5844 Martias,
1618 5784 1707 5850 qui
1732 5781 1838 5834 dies
1854 5782 2040 5834 mensis
2056 5780 2239 5850 Peritii
2266 5781 2376 5848 (seu

803 5848 1094 5921 Februarii)
1144 5853 1228 5906 14.
1269 5853 1349 5906 Ad
1401 5867 1463 5906 ea
1503 5848 1764 5918 ,Enca’nia
1804 5853 2090 5920 imperator
2116 5849 2373 5904 Constan-

805 5922 907 5975 tius
944 5924 1205 5988 Auqustus
1229 5931 1346 5976 vota
1375 5939 1465 5976 seu
1488 5939 1729 5987 munera,
1761 5921 1930 5976 multa
1966 5922 2172 5976 cimelia
2199 5938 2369 5976 aurea

2477 4880 2819 4942 etargeutea
2846 4873 3103 4942 ingentia,
3147 4872 3465 4942 gemmisque
3496 4880 3549 4942 et
3575 4887 3706 4926 auro
3742 4871 4048 4927 intertextus

2477 4940 2612 5012 telas
2633 4940 2746 5012 pro
2795 4940 2957 4996 altari
3010 4940 3203 4996 multas
3233 4940 3471 4997 contulit.
3517 4941 3655 5007 Quin
3687 4950 3736 4995 et
3776 4943 3830 4995 in
3861 4944 4048 5012 januis

2475 5011 2710 5081 geminas
2726 5013 2971 5082 utrinque
2997 5013 3130 5081 fores
3161 5029 3350 5067 aureas
3370 5015 3516 5067 vario
3545 5012 3856 5084 aperejeeit,
3879 5015 4048 5084 ipsus-

2476 5029 2710 5081 genuuas
2726 5029 2971 5082 utrmque
2997 5029 3130 5081 [ores
3161 5029 3350 5067 aureas
3370 5030 3516 5067 vario
3545 5029 3698 5084 apere
3718 5029 3856 5080 lem,
3879 5029 4048 5135 ipsus-

2476 5098 2576 5153 q_ue
2599 5085 2881 5153 exteriores
2914 5094 3091 5153 pcrtas
3122 5099 3253 5136 auro
3280 5086 3411 5136 mire
3426 5085 3670 5137 variavit.
3694 5081 3862 5153 Multa
3926 5099 4048 5136 ene-

2473 5150 2596 5218 Iicia
2619 5152 2894 5222 magniﬁce
2914 5150 3137 5207 'contulit
3160 5171 3276 5206 cum
3297 5156 3352 5207 in
3383 5155 3682 5207 universum
3703 5152 3920 5214 clerum,
3938 5161 4048 5206 titur

2475 5223 2532 5293 in
2559 5222 2828 5292 religiosas
2850 5225 3072 5293 virgines
3102 5233 3150 5277 et
3189 5225 3393 5284 viduas,
3415 5233 3522 5278 etc.
3565 5223 3832 5293 Loquitur
3857 5232 4048 5276 auctor

2476 5291 2544 5344 de
2559 5291 2798 5363 (concilio
2825 5291 3448 5362 ConsmntinOpolitano,
3469 5295 3521 5347 in
3543 5291 3959 5363 quo’Eudoxius
3981 5293 4047 5346 ad

2478 5361 3349 5433 sedemConstantinopolitanam
3387 5361 3685 5418 translatus
3709 5363 4048 5433 est._Supra.

2474 5431 2600 5484 loco
2628 5432 2692 5485 16
2721 5431 2847 5486 Kal.
2879 5431 3120 5497 Martias,
3146 5434 3433 5502 legendum
3465 5435 3550 5498 15,
3578 5444 3634 5488 et
3663 5434 3784 5486 loco
3817 5431 4050 5502 Februa-

2477 5502 2543 5553 rii
2575 5502 2658 5563 l4,
2692 5503 2979 5569 legendum
3006 5505 3108 5557 15:
3139 5501 3215 5557 eoi
3237 5505 3384 5557 enim
3429 5505 3516 5558 die
3547 5504 3832 5558 ecclesiam
3865 5502 3920 5555 S.
3946 5501 4048 5553 So-

2478 5571 2620 5640 phim
2649 5573 2952 5626 dedicatam
2976 5575 3086 5643 jam
3106 5575 3340 5634 dixerat,
3369 5589 3478 5642 quo
3503 5575 3668 5628 etiam
3698 5589 3762 5627 ea
3791 5572 4047 5643 iEnczeuia

2479 5652 2698 5709 peracta
2726 5643 2928 5696 diserte
2962 5641 3192 5698 testatur
3231 5641 3437 5698 ldatius
3474 5644 3526 5697 in
3556 5643 3751 5698 Fastis.
3787 5642 3911 5696 Haec
3951 5641 4048 5693 dc-

2481 5711 2704 5782 dicatio,
2759 5713 3115 5782 ingentesque
3163 5715 3483 5782 largitiones
3551 5714 3706 5768 facta;
3762 5711 4049 5782 occasione

2444 5792 2451 5800 '
2477 5780 3191 5854 QuinquennaliumJuliaui
3214 5780 3465 5848 Caesaris,
3493 5793 3778 5854 postquam
3799 5784 3906 5854 jam
3937 5781 4032 5833 Au-

2471 5861 2667 5976 ἕὲὃιυε
2693 5853 3034 5992 υΡ-θῖοτοὶιιι
3071 5854 3253 5910 dictus
3283 5864 3450 5911 esset.
3489 5852 3646 5925 (Aut.
3668 5854 3795 5924 Pagi
3814 5852 3880 5906 ad
3914 5865 4046 5904 ann.

2579 5964 2592 5988 ,
2621 5939 2674 5977 n.
2754 5942 2805 5974 ο.

2579 5964 2592 5988 ,
2621 5939 2674 5977 ιι.
2722 5939 2805 5976 ‘lo.
