  <div class='ocr_page' id='page_1' title='image "/cluster/home/n/w/nwhite01/storage/ocr_20150623/67/pst.000009865921/198.png"; bbox 0 0 4508 6588; ppageno 0'>
   <div class='ocr_carea' id='block_1_1' title="bbox 440 468 541 526">
    <p class='ocr_par' dir='ltr' id='par_1_1' title="bbox 440 468 541 526">
     <span class='ocr_line' id='line_1_1' title="bbox 440 468 541 526; baseline -0.03 0"><span class='ocrx_word' id='word_1_1' title='bbox 440 468 541 526; x_wconf 73' lang='lat'><strong>557</strong></span> 
     </span>
    </p>
   </div>
   <div class='ocr_carea' id='block_1_2' title="bbox 1468 463 2746 522">
    <p class='ocr_par' dir='ltr' id='par_1_2' title="bbox 1468 463 2746 522">
     <span class='ocr_line' id='line_1_2' title="bbox 1468 463 2746 522; baseline -0.001 -2"><span class='ocrx_word' id='word_1_2' title='bbox 1468 464 1787 522; x_wconf 77' lang='lat' dir='ltr'><strong>HISTORIA</strong></span> <span class='ocrx_word' id='word_1_3' title='bbox 1826 463 2379 521; x_wconf 80' lang='lat' dir='ltr'><strong>ECCLESIASTICA.</strong></span> <span class='ocrx_word' id='word_1_4' title='bbox 2420 496 2489 505; x_wconf 97' lang='lat'><strong>—</strong></span> <span class='ocrx_word' id='word_1_5' title='bbox 2516 466 2642 521; x_wconf 86' lang='lat' dir='ltr'><strong>LIB.</strong></span> <span class='ocrx_word' id='word_1_6' title='bbox 2685 466 2746 521; x_wconf 90' lang='lat' dir='ltr'><strong>ll.</strong></span> 
     </span>
    </p>
   </div>
   <div class='ocr_carea' id='block_1_3' title="bbox 3602 465 3712 523">
    <p class='ocr_par' dir='ltr' id='par_1_3' title="bbox 3602 465 3712 523">
     <span class='ocr_line' id='line_1_3' title="bbox 3602 465 3712 523; baseline -0.018 0"><span class='ocrx_word' id='word_1_7' title='bbox 3602 465 3712 523; x_wconf 72' lang='lat'><strong>358</strong></span> 
     </span>
    </p>
   </div>
   <div class='ocr_carea' id='block_1_4' title="bbox 442 578 2222 653">
    <p class='ocr_par' dir='ltr' id='par_1_4' title="bbox 442 579 2181 653">
     <span class='ocr_line' id='line_1_4' title="bbox 442 579 2181 653; baseline 0 -17"><span class='ocrx_word' id='word_1_8' title='bbox 442 583 692 638; x_wconf 78' lang='grc' dir='ltr'>λεύκειαν</span> <span class='ocrx_word' id='word_1_9' title='bbox 727 579 949 651; x_wconf 83' lang='grc' dir='ltr'>συνόδῳ,</span> <span class='ocrx_word' id='word_1_10' title='bbox 997 579 1093 633; x_wconf 77' lang='grc' dir='ltr'>καὶ</span> <span class='ocrx_word' id='word_1_11' title='bbox 1124 580 1193 651; x_wconf 71' lang='grc' dir='ltr'>τῇ</span> <span class='ocrx_word' id='word_1_12' title='bbox 1227 579 1410 634; x_wconf 92' lang='grc' dir='ltr'>πίστει</span> <span class='ocrx_word' id='word_1_13' title='bbox 1447 581 1557 637; x_wconf 86' lang='grc' dir='ltr'><strong>τῶν</strong></span> <span class='ocrx_word' id='word_1_14' title='bbox 1590 582 1721 653; x_wconf 75' lang='grc' dir='ltr'>περὶ</span> <span class='ocrx_word' id='word_1_15' title='bbox 1765 580 2023 637; x_wconf 80' lang='grc' dir='ltr'>’Δκάκιον</span> <span class='ocrx_word' id='word_1_16' title='bbox 2050 588 2097 646; x_wconf 80' lang='grc' dir='ltr'><strong>Α</strong></span> <span class='ocrx_word' id='word_1_17' title='bbox 2122 588 2181 637; x_wconf 84' lang='lat' dir='ltr'><strong>et</strong></span> 
     </span>
    </p>
   </div>
   <div class='ocr_carea' id='block_1_5' title="bbox 1932 578 3712 653">
    <p class='ocr_par' dir='ltr' id='par_1_5' title="bbox 1932 578 3712 651">
     <span class='ocr_line' id='line_1_5' title="bbox 1932 578 3712 651; baseline -0.002 -16"><span class='ocrx_word' id='word_1_18' title='bbox 1932 598 2023 637; x_wconf 85' lang='grc' dir='ltr'>;ιον</span> <span class='ocrx_word' id='word_1_19' title='bbox 2050 588 2097 646; x_wconf 80' lang='grc' dir='ltr'><strong>Α</strong></span> <span class='ocrx_word' id='word_1_20' title='bbox 2122 588 2181 637; x_wconf 87' lang='lat' dir='ltr'><strong>et</strong></span> <span class='ocrx_word' id='word_1_21' title='bbox 2224 579 2353 636; x_wconf 88' lang='lat' dir='ltr'><strong>ﬁdei</strong></span> <span class='ocrx_word' id='word_1_22' title='bbox 2380 580 2495 636; x_wconf 79' lang='lat' dir='ltr'><strong>illic</strong></span> <span class='ocrx_word' id='word_1_23' title='bbox 2525 581 2595 636; x_wconf 87' lang='lat' dir='ltr'><strong>ab</strong></span> <span class='ocrx_word' id='word_1_24' title='bbox 2638 580 2838 637; x_wconf 84' lang='lat' dir='ltr'><strong>Acacio</strong></span> <span class='ocrx_word' id='word_1_25' title='bbox 2882 580 3043 635; x_wconf 80' lang='lat' dir='ltr'><strong>edita:</strong></span> <span class='ocrx_word' id='word_1_26' title='bbox 3074 578 3514 651; x_wconf 82' lang='lat' dir='ltr'><strong>subseripsisset,</strong></span> <span class='ocrx_word' id='word_1_27' title='bbox 3566 588 3712 633; x_wconf 86' lang='lat' dir='ltr'><strong>recta</strong></span> 
     </span>
    </p>
   </div>
   <div class='ocr_carea' id='block_1_6' title="bbox 442 667 2017 745">
    <p class='ocr_par' dir='ltr' id='par_1_6' title="bbox 442 667 2017 745">
     <span class='ocr_line' id='line_1_6' title="bbox 442 667 2017 745; baseline -0.001 -17"><span class='ocrx_word' id='word_1_28' title='bbox 442 672 791 744; x_wconf 76' lang='grc' dir='ltr'>ὑπογράψας.</span> <span class='ocrx_word' id='word_1_29' title='bbox 829 671 907 735; x_wconf 85' lang='grc' dir='ltr'><strong>ὡς</strong></span> <span class='ocrx_word' id='word_1_30' title='bbox 949 667 1096 743; x_wconf 76' lang='grc' dir='ltr'>εῖχεν</span> <span class='ocrx_word' id='word_1_31' title='bbox 1130 672 1225 725; x_wconf 65' lang='grc' dir='ltr'><strong>ἐπὶ</strong></span> <span class='ocrx_word' id='word_1_32' title='bbox 1259 671 1362 742; x_wconf 82' lang='grc' dir='ltr'><strong>τὴν</strong></span> <span class='ocrx_word' id='word_1_33' title='bbox 1408 672 1639 744; x_wconf 73' lang='grc' dir='ltr'>Βέροιαν</span> <span class='ocrx_word' id='word_1_34' title='bbox 1679 671 2017 745; x_wconf 77' lang='grc' dir='ltr'><strong>ἀνεχώρησε.</strong></span> 
     </span>
    </p>
   </div>
   <div class='ocr_carea' id='block_1_7' title="bbox 441 762 2021 835">
    <p class='ocr_par' dir='ltr' id='par_1_7' title="bbox 441 762 2021 835">
     <span class='ocr_line' id='line_1_7' title="bbox 441 762 2021 835; baseline -0.001 -17"><span class='ocrx_word' id='word_1_35' title='bbox 441 765 746 835; x_wconf 78' lang='grc' dir='ltr'><strong>Γενομένης</strong></span> <span class='ocrx_word' id='word_1_36' title='bbox 769 763 827 816; x_wconf 77' lang='grc' dir='ltr'>δὲ</span> <span class='ocrx_word' id='word_1_37' title='bbox 852 764 950 833; x_wconf 84' lang='grc' dir='ltr'>τῆς</span> <span class='ocrx_word' id='word_1_38' title='bbox 981 763 1039 816; x_wconf 84' lang='grc' dir='ltr'>ὲν</span> <span class='ocrx_word' id='word_1_39' title='bbox 1066 763 1482 817; x_wconf 82' lang='grc' dir='ltr'>Κωνσταντίνου</span> <span class='ocrx_word' id='word_1_40' title='bbox 1514 763 1666 818; x_wconf 84' lang='grc' dir='ltr'>πόλει</span> <span class='ocrx_word' id='word_1_41' title='bbox 1694 762 1934 826; x_wconf 87' lang='grc' dir='ltr'>συνόδου,</span> <span class='ocrx_word' id='word_1_42' title='bbox 1970 764 2021 817; x_wconf 90' lang='grc' dir='ltr'><strong>οί</strong></span> 
     </span>
    </p>
   </div>
   <div class='ocr_carea' id='block_1_8' title="bbox 442 853 2024 927">
    <p class='ocr_par' dir='ltr' id='par_1_8' title="bbox 442 853 2024 927">
     <span class='ocr_line' id='line_1_8' title="bbox 442 853 2024 927; baseline -0.001 -19"><span class='ocrx_word' id='word_1_43' title='bbox 442 857 499 909; x_wconf 74' lang='grc' dir='ltr'>ὲν</span> <span class='ocrx_word' id='word_1_44' title='bbox 541 854 844 926; x_wconf 75' lang='grc' dir='ltr'><strong>Ἀντιοχείᾳ</strong></span> <span class='ocrx_word' id='word_1_45' title='bbox 873 854 1169 925; x_wconf 87' lang='grc' dir='ltr'>πυθόμενοι</span> <span class='ocrx_word' id='word_1_46' title='bbox 1202 853 1293 907; x_wconf 75' lang='grc' dir='ltr'>τὸν</span> <span class='ocrx_word' id='word_1_47' title='bbox 1334 854 1583 921; x_wconf 80' lang='grc' dir='ltr'>Εὑδόξιον</span> <span class='ocrx_word' id='word_1_48' title='bbox 1611 872 2024 927; x_wconf 84' lang='grc' dir='ltr'>καταπεφρονη-</span> 
     </span>
    </p>
   </div>
   <div class='ocr_carea' id='block_1_9' title="bbox 450 944 2023 1016">
    <p class='ocr_par' dir='ltr' id='par_1_9' title="bbox 450 944 2023 1016">
     <span class='ocr_line' id='line_1_9' title="bbox 450 944 2023 1016; baseline 0.001 -16"><span class='ocrx_word' id='word_1_49' title='bbox 450 946 602 1000; x_wconf 81' lang='grc' dir='ltr'>κέναι</span> <span class='ocrx_word' id='word_1_50' title='bbox 633 947 731 1016; x_wconf 81' lang='grc' dir='ltr'>μὲν</span> <span class='ocrx_word' id='word_1_51' title='bbox 751 945 854 1014; x_wconf 72' lang='grc' dir='ltr'>τῆς</span> <span class='ocrx_word' id='word_1_52' title='bbox 879 946 1060 999; x_wconf 83' lang='grc' dir='ltr'>αὐτῶν</span> <span class='ocrx_word' id='word_1_53' title='bbox 1098 944 1447 1016; x_wconf 85' lang='grc' dir='ltr'>Ἐκκλησίας,</span> <span class='ocrx_word' id='word_1_54' title='bbox 1479 946 1571 1000; x_wconf 73' lang='grc' dir='ltr'><strong>ἐπὶ</strong></span> <span class='ocrx_word' id='word_1_55' title='bbox 1588 945 1647 1000; x_wconf 76' lang='grc' dir='ltr'>δὲ</span> <span class='ocrx_word' id='word_1_56' title='bbox 1673 946 1765 999; x_wconf 79' lang='grc' dir='ltr'><strong>τὸν</strong></span> <span class='ocrx_word' id='word_1_57' title='bbox 1794 945 2023 1001; x_wconf 82' lang='grc' dir='ltr'>πλοῦτον</span> 
     </span>
    </p>
   </div>
   <div class='ocr_carea' id='block_1_10' title="bbox 442 1033 2023 1107">
    <p class='ocr_par' dir='ltr' id='par_1_10' title="bbox 442 1033 2023 1107">
     <span class='ocr_line' id='line_1_10' title="bbox 442 1033 2023 1107; baseline -0.001 -17"><span class='ocrx_word' id='word_1_58' title='bbox 442 1034 1072 1099; x_wconf 81' lang='grc' dir='ltr'>Κωνσταντινουπόλεως</span> <span class='ocrx_word' id='word_1_59' title='bbox 1098 1033 1547 1099; x_wconf 64' lang='grc' dir='ltr'>ἀωκεκλικὲναι,</span> <span class='ocrx_word' id='word_1_60' title='bbox 1592 1034 2023 1107; x_wconf 78' lang='grc' dir='ltr'>μεταπεμψάμε-</span> 
     </span>
    </p>
   </div>
   <div class='ocr_carea' id='block_1_11' title="bbox 442 1125 2020 1199">
    <p class='ocr_par' dir='ltr' id='par_1_11' title="bbox 442 1125 2020 1199">
     <span class='ocr_line' id='line_1_11' title="bbox 442 1125 2020 1199; baseline -0.003 -16"><span class='ocrx_word' id='word_1_61' title='bbox 442 1146 521 1183; x_wconf 91' lang='grc' dir='ltr'><strong>νοι</strong></span> <span class='ocrx_word' id='word_1_62' title='bbox 542 1128 634 1183; x_wconf 83' lang='grc' dir='ltr'>τὸν</span> <span class='ocrx_word' id='word_1_63' title='bbox 656 1127 918 1182; x_wconf 78' lang='grc' dir='ltr'>Μελέτιον</span> <span class='ocrx_word' id='word_1_64' title='bbox 934 1125 961 1166; x_wconf 73' lang='grc' dir='ltr'><em>ά</em></span> <span class='ocrx_word' id='word_1_65' title='bbox 989 1128 1052 1179; x_wconf 74' lang='grc' dir='ltr'>ἐκ</span> <span class='ocrx_word' id='word_1_66' title='bbox 1077 1126 1177 1198; x_wconf 82' lang='grc' dir='ltr'>τῆς</span> <span class='ocrx_word' id='word_1_67' title='bbox 1194 1128 1441 1199; x_wconf 76' lang='grc' dir='ltr'><strong>Βεροίας,</strong></span> <span class='ocrx_word' id='word_1_68' title='bbox 1465 1127 1543 1191; x_wconf 87' lang='grc' dir='ltr'><strong>είς</strong></span> <span class='ocrx_word' id='word_1_69' title='bbox 1560 1126 1660 1199; x_wconf 84' lang='grc' dir='ltr'>τὴν</span> <span class='ocrx_word' id='word_1_70' title='bbox 1691 1126 2020 1197; x_wconf 77' lang='grc' dir='ltr'>Ἀντιοχείας</span> 
     </span>
    </p>
   </div>
   <div class='ocr_carea' id='block_1_12' title="bbox 455 1217 2024 1290">
    <p class='ocr_par' dir='ltr' id='par_1_12' title="bbox 455 1217 2024 1290">
     <span class='ocr_line' id='line_1_12' title="bbox 455 1217 2024 1290; baseline -0.002 -17"><span class='ocrx_word' id='word_1_71' title='bbox 455 1217 787 1289; x_wconf 80' lang='grc' dir='ltr'><strong>Ἐκκλησίαν</strong></span> <span class='ocrx_word' id='word_1_72' title='bbox 818 1217 1236 1290; x_wconf 77' lang='grc' dir='ltr'>ὲνθρονίζουσιν.</span> <span class='ocrx_word' id='word_1_73' title='bbox 1274 1220 1335 1272; x_wconf 90' lang='lat'><strong>&#39;0</strong></span> <span class='ocrx_word' id='word_1_74' title='bbox 1376 1217 1455 1284; x_wconf 82' lang='grc' dir='ltr'>δὲ,</span> <span class='ocrx_word' id='word_1_75' title='bbox 1501 1217 1716 1289; x_wconf 85' lang='grc' dir='ltr'>πρῶτον</span> <span class='ocrx_word' id='word_1_76' title='bbox 1748 1218 1849 1289; x_wconf 74' lang='grc' dir='ltr'>μὲν</span> <span class='ocrx_word' id='word_1_77' title='bbox 1895 1218 2024 1290; x_wconf 77' lang='grc' dir='ltr'>περὶ</span> 
     </span>
    </p>
   </div>
   <div class='ocr_carea' id='block_1_13' title="bbox 441 1307 2020 1381">
    <p class='ocr_par' dir='ltr' id='par_1_13' title="bbox 441 1307 2020 1381">
     <span class='ocr_line' id='line_1_13' title="bbox 441 1307 2020 1381; baseline -0.001 -19"><span class='ocrx_word' id='word_1_78' title='bbox 441 1309 710 1381; x_wconf 79' lang='grc' dir='ltr'>δόγματος</span> <span class='ocrx_word' id='word_1_79' title='bbox 762 1308 1106 1377; x_wconf 80' lang='grc' dir='ltr'>διαλέγεσθαι</span> <span class='ocrx_word' id='word_1_80' title='bbox 1162 1308 1535 1381; x_wconf 82' lang='grc' dir='ltr'><strong>ὑπερετίθετο,</strong></span> <span class='ocrx_word' id='word_1_81' title='bbox 1590 1308 1760 1379; x_wconf 89' lang='grc' dir='ltr'>μόνην</span> <span class='ocrx_word' id='word_1_82' title='bbox 1807 1308 1865 1362; x_wconf 79' lang='grc' dir='ltr'>δὲ</span> <span class='ocrx_word' id='word_1_83' title='bbox 1920 1307 2020 1380; x_wconf 79' lang='grc' dir='ltr'>τὴν</span> 
     </span>
    </p>
   </div>
   <div class='ocr_carea' id='block_1_14' title="bbox 441 1396 2017 1470">
    <p class='ocr_par' dir='ltr' id='par_1_14' title="bbox 441 1396 2017 1470">
     <span class='ocr_line' id='line_1_14' title="bbox 441 1396 2017 1470; baseline -0.001 -16"><span class='ocrx_word' id='word_1_84' title='bbox 441 1397 637 1469; x_wconf 69' lang='grc' dir='ltr'>ἠθικὴν</span> <span class='ocrx_word' id='word_1_85' title='bbox 679 1397 1030 1452; x_wconf 82' lang='grc' dir='ltr'>διδασκαλίαν</span> <span class='ocrx_word' id='word_1_86' title='bbox 1063 1399 1174 1461; x_wconf 82' lang='grc' dir='ltr'>τοῖς</span> <span class='ocrx_word' id='word_1_87' title='bbox 1218 1398 1515 1469; x_wconf 81' lang='grc' dir='ltr'>ἀκροαταῖς</span> <span class='ocrx_word' id='word_1_88' title='bbox 1559 1399 1855 1470; x_wconf 80' lang='grc' dir='ltr'>προσήκειν</span> <span class='ocrx_word' id='word_1_89' title='bbox 1883 1396 2017 1469; x_wconf 87' lang='grc'><strong>(96).</strong></span> 
     </span>
    </p>
   </div>
   <div class='ocr_carea' id='block_1_15' title="bbox 442 1486 2024 1562">
    <p class='ocr_par' dir='ltr' id='par_1_15' title="bbox 442 1486 2024 1562">
     <span class='ocr_line' id='line_1_15' title="bbox 442 1486 2024 1562; baseline -0.001 -18"><span class='ocrx_word' id='word_1_90' title='bbox 442 1490 762 1562; x_wconf 78' lang='grc' dir='ltr'>Προϐαίνων</span> <span class='ocrx_word' id='word_1_91' title='bbox 790 1488 871 1555; x_wconf 70' lang='grc' dir='ltr'>δὲ,</span> <span class='ocrx_word' id='word_1_92' title='bbox 907 1489 1005 1560; x_wconf 80' lang='grc' dir='ltr'>τὴν</span> <span class='ocrx_word' id='word_1_93' title='bbox 1026 1490 1084 1542; x_wconf 79' lang='grc' dir='ltr'>ὲν</span> <span class='ocrx_word' id='word_1_94' title='bbox 1114 1486 1319 1561; x_wconf 79' lang='grc' dir='ltr'>Νικαίᾳ</span> <span class='ocrx_word' id='word_1_95' title='bbox 1343 1486 1669 1561; x_wconf 82' lang='grc' dir='ltr'>παρετίθετο</span> <span class='ocrx_word' id='word_1_96' title='bbox 1702 1488 1907 1553; x_wconf 86' lang='grc' dir='ltr'>πίστιν,</span> <span class='ocrx_word' id='word_1_97' title='bbox 1928 1489 2024 1543; x_wconf 76' lang='grc' dir='ltr'>καὶ</span> 
     </span>
    </p>
   </div>
   <div class='ocr_carea' id='block_1_16' title="bbox 441 1579 2020 1653">
    <p class='ocr_par' dir='ltr' id='par_1_16' title="bbox 441 1579 2020 1653">
     <span class='ocr_line' id='line_1_16' title="bbox 441 1579 2020 1653; baseline -0.002 -16"><span class='ocrx_word' id='word_1_98' title='bbox 441 1583 681 1637; x_wconf 78' lang='grc' dir='ltr'>διδάσκει</span> <span class='ocrx_word' id='word_1_99' title='bbox 701 1580 763 1636; x_wconf 79' lang='grc' dir='ltr'>τὸ</span> <span class='ocrx_word' id='word_1_100' title='bbox 785 1580 1071 1653; x_wconf 85' lang='grc' dir='ltr'>όμοοὺσιον</span> <span class='ocrx_word' id='word_1_101' title='bbox 1090 1592 1135 1635; x_wconf 77' lang='grc' dir='ltr'>ο.</span> <span class='ocrx_word' id='word_1_102' title='bbox 1159 1580 1345 1635; x_wconf 80' lang='grc' dir='ltr'>Ταῦτα</span> <span class='ocrx_word' id='word_1_103' title='bbox 1368 1579 1675 1652; x_wconf 83' lang='grc' dir='ltr'>πυθόμενος</span> <span class='ocrx_word' id='word_1_104' title='bbox 1693 1583 1721 1636; x_wconf 87' lang='grc' dir='ltr'><strong>ό</strong></span> <span class='ocrx_word' id='word_1_105' title='bbox 1749 1580 2020 1651; x_wconf 80' lang='grc' dir='ltr'>βασιλεὺς,</span> 
     </span>
    </p>
   </div>
   <div class='ocr_carea' id='block_1_17' title="bbox 440 1668 2024 1745">
    <p class='ocr_par' dir='ltr' id='par_1_17' title="bbox 440 1668 2024 1745">
     <span class='ocr_line' id='line_1_17' title="bbox 440 1668 2024 1745; baseline -0.003 -17"><span class='ocrx_word' id='word_1_106' title='bbox 440 1674 531 1728; x_wconf 77' lang='grc' dir='ltr'>τὸν</span> <span class='ocrx_word' id='word_1_107' title='bbox 564 1674 663 1745; x_wconf 77' lang='grc' dir='ltr'>μὲν</span> <span class='ocrx_word' id='word_1_108' title='bbox 680 1672 951 1745; x_wconf 69' lang='grc' dir='ltr'>ἐξόριστον</span> <span class='ocrx_word' id='word_1_109' title='bbox 970 1671 1226 1742; x_wconf 80' lang='grc' dir='ltr'>γενέσθαι</span> <span class='ocrx_word' id='word_1_110' title='bbox 1247 1671 1534 1725; x_wconf 69' lang='grc' dir='ltr'>ἐκέλευσεν</span> <span class='ocrx_word' id='word_1_111' title='bbox 1559 1687 1573 1702; x_wconf 88' lang='grc'><strong>·</strong></span> <span class='ocrx_word' id='word_1_112' title='bbox 1599 1668 1839 1736; x_wconf 76' lang='grc' dir='ltr'>Εὺζώῖον</span> <span class='ocrx_word' id='word_1_113' title='bbox 1858 1671 1914 1727; x_wconf 82' lang='grc' dir='ltr'>δὲ</span> <span class='ocrx_word' id='word_1_114' title='bbox 1933 1669 2024 1724; x_wconf 79' lang='grc' dir='ltr'>τὸν</span> 
     </span>
    </p>
   </div>
   <div class='ocr_carea' id='block_1_18' title="bbox 441 1762 2025 1837">
    <p class='ocr_par' dir='ltr' id='par_1_18' title="bbox 441 1762 2025 1837">
     <span class='ocr_line' id='line_1_18' title="bbox 441 1762 2025 1837; baseline -0.003 -18"><span class='ocrx_word' id='word_1_115' title='bbox 441 1766 541 1837; x_wconf 69' lang='grc' dir='ltr'>ἤδη</span> <span class='ocrx_word' id='word_1_116' title='bbox 570 1765 835 1837; x_wconf 87' lang='grc' dir='ltr'>πρότερον</span> <span class='ocrx_word' id='word_1_117' title='bbox 860 1762 977 1835; x_wconf 72' lang='grc' dir='ltr'>ἅμα</span> <span class='ocrx_word' id='word_1_118' title='bbox 1017 1763 1212 1836; x_wconf 81' lang='grc' dir='ltr'>Ἀρείῳ</span> <span class='ocrx_word' id='word_1_119' title='bbox 1245 1762 1663 1835; x_wconf 72' lang='grc' dir='ltr'>καθαιρεθέντα,</span> <span class='ocrx_word' id='word_1_120' title='bbox 1685 1763 1785 1835; x_wconf 83' lang='grc' dir='ltr'>τῆς</span> <span class='ocrx_word' id='word_1_121' title='bbox 1823 1764 2025 1817; x_wconf 80' lang='grc' dir='ltr'>Ἀντιο-</span> 
     </span>
    </p>
   </div>
   <div class='ocr_carea' id='block_1_19' title="bbox 443 1852 2021 1926">
    <p class='ocr_par' dir='ltr' id='par_1_19' title="bbox 443 1852 2021 1926">
     <span class='ocr_line' id='line_1_19' title="bbox 443 1852 2021 1926; baseline -0.002 -17"><span class='ocrx_word' id='word_1_122' title='bbox 443 1854 594 1926; x_wconf 81' lang='grc' dir='ltr'>χείας</span> <span class='ocrx_word' id='word_1_123' title='bbox 617 1853 913 1907; x_wconf 79' lang='grc' dir='ltr'>ἐπίσκοπον</span> <span class='ocrx_word' id='word_1_124' title='bbox 946 1852 1401 1926; x_wconf 82' lang='grc' dir='ltr'>προχειρισθῆναι</span> <span class='ocrx_word' id='word_1_125' title='bbox 1424 1852 1749 1923; x_wconf 88' lang='grc' dir='ltr'>πεποίηκεν.</span> <span class='ocrx_word' id='word_1_126' title='bbox 1784 1852 1937 1906; x_wconf 89' lang='grc' dir='ltr'>Ὅσοι</span> <span class='ocrx_word' id='word_1_127' title='bbox 1966 1852 2021 1906; x_wconf 79' lang='grc' dir='ltr'>δὲ</span> 
     </span>
    </p>
   </div>
   <div class='ocr_carea' id='block_1_20' title="bbox 441 1929 2094 2014">
    <p class='ocr_par' dir='ltr' id='par_1_20' title="bbox 441 1929 2094 2014">
     <span class='ocr_line' id='line_1_20' title="bbox 441 1929 2094 2014; baseline 0 -17"><span class='ocrx_word' id='word_1_128' title='bbox 441 1944 540 2014; x_wconf 77' lang='grc' dir='ltr'>τὴν</span> <span class='ocrx_word' id='word_1_129' title='bbox 575 1942 710 2014; x_wconf 82' lang='grc' dir='ltr'>πρὸς</span> <span class='ocrx_word' id='word_1_130' title='bbox 730 1941 986 1997; x_wconf 78' lang='grc' dir='ltr'>Μελέτιον</span> <span class='ocrx_word' id='word_1_131' title='bbox 1013 1943 1253 1999; x_wconf 79' lang='grc' dir='ltr'>διάθεσιν</span> <span class='ocrx_word' id='word_1_132' title='bbox 1274 1942 1498 2007; x_wconf 71' lang='grc' dir='ltr'>ἔσωζον.</span> <span class='ocrx_word' id='word_1_133' title='bbox 1535 1943 1932 2008; x_wconf 78' lang='grc' dir='ltr'>καταλιπόντες</span> <span class='ocrx_word' id='word_1_134' title='bbox 1953 1943 2016 1997; x_wconf 80' lang='grc' dir='ltr'>τὸ</span> <span class='ocrx_word' id='word_1_135' title='bbox 2049 1929 2094 1989; x_wconf 76' lang='grc' dir='ltr'><strong>Β</strong></span> 
     </span>
    </p>
   </div>
   <div class='ocr_carea' id='block_1_21' title="bbox 455 2033 2021 2107">
    <p class='ocr_par' dir='ltr' id='par_1_21' title="bbox 455 2033 2021 2107">
     <span class='ocr_line' id='line_1_21' title="bbox 455 2033 2021 2107; baseline 0.001 -19"><span class='ocrx_word' id='word_1_136' title='bbox 455 2034 793 2107; x_wconf 80' lang='grc' dir='ltr'>Ἀρειανικδν</span> <span class='ocrx_word' id='word_1_137' title='bbox 842 2034 1149 2106; x_wconf 71' lang='grc' dir='ltr'>ἄθροισμα,</span> <span class='ocrx_word' id='word_1_138' title='bbox 1197 2036 1319 2088; x_wconf 85' lang='grc' dir='ltr'>κατ’</span> <span class='ocrx_word' id='word_1_139' title='bbox 1370 2033 1507 2089; x_wconf 85' lang='grc' dir='ltr'>ίδίαν</span> <span class='ocrx_word' id='word_1_140' title='bbox 1541 2034 1641 2099; x_wconf 71' lang='grc' dir='ltr'><strong>τὰς</strong></span> <span class='ocrx_word' id='word_1_141' title='bbox 1692 2035 2021 2104; x_wconf 83' lang='grc' dir='ltr'>συναγωγὰς</span> 
     </span>
    </p>
   </div>
   <div class='ocr_carea' id='block_1_22' title="bbox 443 2124 2020 2198">
    <p class='ocr_par' dir='ltr' id='par_1_22' title="bbox 443 2124 2020 2198">
     <span class='ocr_line' id='line_1_22' title="bbox 443 2124 2020 2198; baseline -0.002 -17"><span class='ocrx_word' id='word_1_142' title='bbox 443 2129 771 2198; x_wconf 79' lang='grc' dir='ltr'>ἐποιήσαντο</span> <span class='ocrx_word' id='word_1_143' title='bbox 790 2144 804 2159; x_wconf 89' lang='grc'><strong>·</strong></span> <span class='ocrx_word' id='word_1_144' title='bbox 827 2126 934 2181; x_wconf 83' lang='grc' dir='ltr'><strong>τῶν</strong></span> <span class='ocrx_word' id='word_1_145' title='bbox 964 2126 1025 2179; x_wconf 79' lang='grc' dir='ltr'>τὸ</span> <span class='ocrx_word' id='word_1_146' title='bbox 1057 2124 1344 2198; x_wconf 81' lang='grc' dir='ltr'>όμοούσιον</span> <span class='ocrx_word' id='word_1_147' title='bbox 1372 2126 1432 2191; x_wconf 70' lang='grc' dir='ltr'><strong>ἐξ</strong></span> <span class='ocrx_word' id='word_1_148' title='bbox 1463 2126 1642 2196; x_wconf 81' lang='grc' dir='ltr'>ἀρχῆς</span> <span class='ocrx_word' id='word_1_149' title='bbox 1678 2125 2020 2198; x_wconf 83' lang='grc' dir='ltr'>φρονούντων</span> 
     </span>
    </p>
   </div>
   <div class='ocr_carea' id='block_1_23' title="bbox 446 2217 2022 2292">
    <p class='ocr_par' dir='ltr' id='par_1_23' title="bbox 446 2217 2022 2292">
     <span class='ocr_line' id='line_1_23' title="bbox 446 2217 2022 2292; baseline -0.003 -18"><span class='ocrx_word' id='word_1_150' title='bbox 446 2220 521 2292; x_wconf 83' lang='grc' dir='ltr'>μὴ</span> <span class='ocrx_word' id='word_1_151' title='bbox 544 2219 890 2291; x_wconf 79' lang='grc' dir='ltr'>θελησάντων</span> <span class='ocrx_word' id='word_1_152' title='bbox 905 2219 1091 2282; x_wconf 81' lang='grc' dir='ltr'>αὐτοῖς</span> <span class='ocrx_word' id='word_1_153' title='bbox 1114 2220 1414 2283; x_wconf 77' lang='grc' dir='ltr'>κοινωνεῖν,</span> <span class='ocrx_word' id='word_1_154' title='bbox 1433 2217 1565 2271; x_wconf 85' lang='grc' dir='ltr'>διότι</span> <span class='ocrx_word' id='word_1_155' title='bbox 1584 2219 1649 2271; x_wconf 72' lang='grc' dir='ltr'>ἐκ</span> <span class='ocrx_word' id='word_1_156' title='bbox 1675 2217 1777 2287; x_wconf 81' lang='grc' dir='ltr'>τῆς</span> <span class='ocrx_word' id='word_1_157' title='bbox 1818 2218 1875 2269; x_wconf 84' lang='grc' dir='ltr'><strong>Ἀ</strong></span> <span class='ocrx_word' id='word_1_158' title='bbox 1885 2234 2022 2289; x_wconf 82' lang='grc' dir='ltr'>ρεια-</span> 
     </span>
    </p>
   </div>
   <div class='ocr_carea' id='block_1_24' title="bbox 443 2302 2019 2382">
    <p class='ocr_par' dir='ltr' id='par_1_24' title="bbox 443 2302 2019 2382">
     <span class='ocr_line' id='line_1_24' title="bbox 443 2302 2019 2382; baseline -0.002 -18"><span class='ocrx_word' id='word_1_159' title='bbox 443 2311 540 2381; x_wconf 84' lang='grc' dir='ltr'>νῆς</span> <span class='ocrx_word' id='word_1_160' title='bbox 577 2310 759 2382; x_wconf 77' lang='grc' dir='ltr'>ψήφου</span> <span class='ocrx_word' id='word_1_161' title='bbox 799 2308 896 2380; x_wconf 78' lang='grc' dir='ltr'>τὴν</span> <span class='ocrx_word' id='word_1_162' title='bbox 955 2308 1295 2381; x_wconf 85' lang='grc' dir='ltr'>χειροτονίαν</span> <span class='ocrx_word' id='word_1_163' title='bbox 1345 2308 1614 2373; x_wconf 71' lang='grc' dir='ltr'>Μελέτιος</span> <span class='ocrx_word' id='word_1_164' title='bbox 1647 2302 1760 2379; x_wconf 77' lang='grc' dir='ltr'>εἶχε</span> <span class='ocrx_word' id='word_1_165' title='bbox 1803 2306 2019 2361; x_wconf 70' lang='grc' dir='ltr'>λαθώνο</span> 
     </span>
    </p>
   </div>
   <div class='ocr_carea' id='block_1_25' title="bbox 443 2398 2020 2471">
    <p class='ocr_par' dir='ltr' id='par_1_25' title="bbox 443 2398 2020 2471">
     <span class='ocr_line' id='line_1_25' title="bbox 443 2398 2020 2471; baseline -0.001 -18"><span class='ocrx_word' id='word_1_166' title='bbox 443 2400 541 2453; x_wconf 79' lang='grc' dir='ltr'>καὶ</span> <span class='ocrx_word' id='word_1_167' title='bbox 556 2400 639 2453; x_wconf 85' lang='grc' dir='ltr'>ὅτι</span> <span class='ocrx_word' id='word_1_168' title='bbox 655 2399 1124 2469; x_wconf 82' lang='grc' dir='ltr'>ἀκολουθήσαντες</span> <span class='ocrx_word' id='word_1_169' title='bbox 1147 2399 1318 2471; x_wconf 80' lang='grc' dir='ltr'>αὐτῷ,</span> <span class='ocrx_word' id='word_1_170' title='bbox 1338 2401 1428 2453; x_wconf 81' lang='grc' dir='ltr'><strong>ὑπ’</strong></span> <span class='ocrx_word' id='word_1_171' title='bbox 1452 2400 1674 2453; x_wconf 64' lang='grc' dir='ltr'>ἐκείνων</span> <span class='ocrx_word' id='word_1_172' title='bbox 1696 2398 2020 2470; x_wconf 82' lang='grc' dir='ltr'>βαπτισθέν-</span> 
     </span>
    </p>
   </div>
   <div class='ocr_carea' id='block_1_26' title="bbox 442 2485 2020 2561">
    <p class='ocr_par' dir='ltr' id='par_1_26' title="bbox 442 2485 2020 2561">
     <span class='ocr_line' id='line_1_26' title="bbox 442 2485 2020 2561; baseline 0.001 -20"><span class='ocrx_word' id='word_1_173' title='bbox 442 2505 537 2552; x_wconf 86' lang='grc' dir='ltr'><strong>τες</strong></span> <span class='ocrx_word' id='word_1_174' title='bbox 558 2489 875 2559; x_wconf 75' lang='grc' dir='ltr'>ἐτύγχανον.</span> <span class='ocrx_word' id='word_1_175' title='bbox 908 2489 1109 2541; x_wconf 77' lang='grc' dir='ltr'>Τοῦτον</span> <span class='ocrx_word' id='word_1_176' title='bbox 1143 2490 1245 2559; x_wconf 80' lang='grc' dir='ltr'>μὲν</span> <span class='ocrx_word' id='word_1_177' title='bbox 1283 2485 1377 2543; x_wconf 82' lang='grc' dir='ltr'>οὖν</span> <span class='ocrx_word' id='word_1_178' title='bbox 1406 2488 1499 2543; x_wconf 81' lang='grc' dir='ltr'>τὸν</span> <span class='ocrx_word' id='word_1_179' title='bbox 1527 2489 1750 2559; x_wconf 85' lang='grc' dir='ltr'>τρόπον,</span> <span class='ocrx_word' id='word_1_180' title='bbox 1780 2491 1931 2561; x_wconf 76' lang='grc' dir='ltr'>καὶὴ</span> <span class='ocrx_word' id='word_1_181' title='bbox 1963 2492 2020 2542; x_wconf 85' lang='grc' dir='ltr'>ὲν</span> 
     </span>
    </p>
   </div>
   <div class='ocr_carea' id='block_1_27' title="bbox 456 2578 2021 2652">
    <p class='ocr_par' dir='ltr' id='par_1_27' title="bbox 456 2578 2021 2652">
     <span class='ocr_line' id='line_1_27' title="bbox 456 2578 2021 2652; baseline 0.001 -21"><span class='ocrx_word' id='word_1_182' title='bbox 456 2579 757 2652; x_wconf 70' lang='grc' dir='ltr'>Ἀντιοχείᾳ</span> <span class='ocrx_word' id='word_1_183' title='bbox 812 2579 1106 2649; x_wconf 77' lang='grc' dir='ltr'>Ἐκκλησία</span> <span class='ocrx_word' id='word_1_184' title='bbox 1147 2581 1227 2643; x_wconf 85' lang='grc' dir='ltr'><strong>είς</strong></span> <span class='ocrx_word' id='word_1_185' title='bbox 1274 2578 1461 2652; x_wconf 67' lang='grc' dir='ltr'>ἕτερον</span> <span class='ocrx_word' id='word_1_186' title='bbox 1508 2580 1760 2651; x_wconf 83' lang='grc' dir='ltr'>ὁμόδοξον</span> <span class='ocrx_word' id='word_1_187' title='bbox 1810 2580 2021 2652; x_wconf 79' lang='grc' dir='ltr'>διετέθη</span> 
     </span>
    </p>
   </div>
   <div class='ocr_carea' id='block_1_28' title="bbox 447 2669 2022 2744">
    <p class='ocr_par' dir='ltr' id='par_1_28' title="bbox 447 2669 2022 2744">
     <span class='ocr_line' id='line_1_28' title="bbox 447 2669 2022 2744; baseline -0.002 -19"><span class='ocrx_word' id='word_1_188' title='bbox 447 2671 634 2744; x_wconf 82' lang='grc' dir='ltr'>μέρος.</span> <span class='ocrx_word' id='word_1_189' title='bbox 662 2674 719 2724; x_wconf 86' lang='lat'><strong>&#39;0</strong></span> <span class='ocrx_word' id='word_1_190' title='bbox 747 2671 929 2742; x_wconf 80' lang='grc' dir='ltr'>μέντοι</span> <span class='ocrx_word' id='word_1_191' title='bbox 961 2669 1234 2740; x_wconf 77' lang='grc' dir='ltr'>βασιλεὺς,</span> <span class='ocrx_word' id='word_1_192' title='bbox 1253 2669 1560 2741; x_wconf 82' lang='grc' dir='ltr'>πυθόμενος</span> <span class='ocrx_word' id='word_1_193' title='bbox 1581 2669 2022 2723; x_wconf 64' lang='grc' dir='ltr'>κινεῖώαιπάλιν</span> 
     </span>
    </p>
   </div>
   <div class='ocr_carea' id='block_1_29' title="bbox 445 2760 2023 2834">
    <p class='ocr_par' dir='ltr' id='par_1_29' title="bbox 445 2760 2023 2834">
     <span class='ocr_line' id='line_1_29' title="bbox 445 2760 2023 2834; baseline 0 -19"><span class='ocrx_word' id='word_1_194' title='bbox 445 2761 587 2816; x_wconf 84' lang='grc' dir='ltr'><strong>κατά</strong></span> <span class='ocrx_word' id='word_1_195' title='bbox 630 2761 918 2833; x_wconf 83' lang='grc' dir='ltr'>Ῥωμαίων</span> <span class='ocrx_word' id='word_1_196' title='bbox 949 2760 1020 2813; x_wconf 83' lang='grc' dir='ltr'>τὰ</span> <span class='ocrx_word' id='word_1_197' title='bbox 1058 2760 1283 2833; x_wconf 83' lang='grc' dir='ltr'>Περσῶν</span> <span class='ocrx_word' id='word_1_198' title='bbox 1329 2761 1480 2833; x_wconf 78' lang='grc' dir='ltr'>ἔθνη,</span> <span class='ocrx_word' id='word_1_199' title='bbox 1526 2760 1738 2831; x_wconf 83' lang='grc' dir='ltr'>ταχέως</span> <span class='ocrx_word' id='word_1_200' title='bbox 1788 2762 1880 2815; x_wconf 74' lang='grc' dir='ltr'><strong>ἐπὶ</strong></span> <span class='ocrx_word' id='word_1_201' title='bbox 1925 2762 2023 2834; x_wconf 82' lang='grc' dir='ltr'>τὴν</span> 
     </span>
    </p>
   </div>
   <div class='ocr_carea' id='block_1_30' title="bbox 458 2852 1097 2924">
    <p class='ocr_par' dir='ltr' id='par_1_30' title="bbox 458 2852 1097 2924">
     <span class='ocr_line' id='line_1_30' title="bbox 458 2852 1097 2924; baseline 0.003 -17"><span class='ocrx_word' id='word_1_202' title='bbox 458 2853 785 2924; x_wconf 70' lang='grc' dir='ltr'>Ἀντιόχειαν</span> <span class='ocrx_word' id='word_1_203' title='bbox 816 2852 1041 2924; x_wconf 84' lang='grc' dir='ltr'>ὥρμησε</span> <span class='ocrx_word' id='word_1_204' title='bbox 1050 2873 1097 2910; x_wconf 91' lang='grc' dir='ltr'>ν.</span> 
     </span>
    </p>
   </div>
   <div class='ocr_carea' id='block_1_31' title="bbox 1016 2965 1442 3021">
    <p class='ocr_par' dir='ltr' id='par_1_31' title="bbox 1016 2965 1442 3021">
     <span class='ocr_line' id='line_1_31' title="bbox 1016 2965 1442 3021; baseline 0.005 -3"><span class='ocrx_word' id='word_1_205' title='bbox 1016 2965 1266 3021; x_wconf 79' lang='grc' dir='ltr'>ΚΕΦΔΛ.</span> <span class='ocrx_word' id='word_1_206' title='bbox 1308 2966 1442 3020; x_wconf 85' lang='lat' dir='ltr'><strong>ME&#39;.</strong></span> 
     </span>
    </p>
   </div>
   <div class='ocr_carea' id='block_1_32' title="bbox 723 3055 1741 3127">
    <p class='ocr_par' dir='ltr' id='par_1_32' title="bbox 723 3055 1741 3127">
     <span class='ocr_line' id='line_1_32' title="bbox 723 3055 1741 3127; baseline 0.007 -18"><span class='ocrx_word' id='word_1_207' title='bbox 723 3055 866 3125; x_wconf 73' lang='grc' dir='ltr'>Περὶ</span> <span class='ocrx_word' id='word_1_208' title='bbox 904 3055 1013 3125; x_wconf 79' lang='grc' dir='ltr'>τῆς</span> <span class='ocrx_word' id='word_1_209' title='bbox 1042 3056 1416 3111; x_wconf 62' lang='lat' dir='ltr'><strong>Mauram-Iov</strong></span> <span class='ocrx_word' id='word_1_210' title='bbox 1439 3057 1741 3127; x_wconf 67' lang='grc' dir='ltr'>αἱρέσεως.</span> 
     </span>
    </p>
   </div>
   <div class='ocr_carea' id='block_1_33' title="bbox 518 3148 2025 3225">
    <p class='ocr_par' dir='ltr' id='par_1_33' title="bbox 518 3148 2025 3225">
     <span class='ocr_line' id='line_1_33' title="bbox 518 3148 2025 3225; baseline 0.003 -22"><span class='ocrx_word' id='word_1_211' title='bbox 518 3148 850 3212; x_wconf 85' lang='grc' dir='ltr'>Μακεδόνιος</span> <span class='ocrx_word' id='word_1_212' title='bbox 891 3149 947 3202; x_wconf 84' lang='grc' dir='ltr'>δὲ</span> <span class='ocrx_word' id='word_1_213' title='bbox 998 3148 1097 3220; x_wconf 82' lang='grc' dir='ltr'>τῆς</span> <span class='ocrx_word' id='word_1_214' title='bbox 1148 3149 1770 3216; x_wconf 82' lang='grc' dir='ltr'>Κωνσταντινουπόλεως</span> <span class='ocrx_word' id='word_1_215' title='bbox 1827 3151 2025 3225; x_wconf 75' lang='grc' dir='ltr'>ἐκϐλη-</span> 
     </span>
    </p>
   </div>
   <div class='ocr_carea' id='block_1_34' title="bbox 2123 668 3711 743">
    <p class='ocr_par' dir='ltr' id='par_1_34' title="bbox 2123 668 3711 743">
     <span class='ocr_line' id='line_1_34' title="bbox 2123 668 3711 743; baseline -0.003 -16"><span class='ocrx_word' id='word_1_216' title='bbox 2123 672 2253 728; x_wconf 88' lang='lat' dir='ltr'><strong>inde</strong></span> <span class='ocrx_word' id='word_1_217' title='bbox 2286 673 2534 728; x_wconf 71' lang='lat' dir='ltr'><strong>Bermam</strong></span> <span class='ocrx_word' id='word_1_218' title='bbox 2566 673 2809 743; x_wconf 90' lang='lat' dir='ltr'><strong>repetiit.</strong></span> <span class='ocrx_word' id='word_1_219' title='bbox 2836 671 3106 730; x_wconf 72' lang='lat' dir='ltr'><strong>tPostbzec</strong></span> <span class='ocrx_word' id='word_1_220' title='bbox 3133 671 3367 725; x_wconf 83' lang='lat' dir='ltr'><strong>concilio</strong></span> <span class='ocrx_word' id='word_1_221' title='bbox 3399 669 3542 741; x_wconf 89' lang='lat' dir='ltr'><strong>apud</strong></span> <span class='ocrx_word' id='word_1_222' title='bbox 3575 668 3711 724; x_wconf 84' lang='lat' dir='ltr'><strong>Con-</strong></span> 
     </span>
    </p>
   </div>
   <div class='ocr_carea' id='block_1_35' title="bbox 2122 762 3712 836">
    <p class='ocr_par' dir='ltr' id='par_1_35' title="bbox 2122 762 3712 836">
     <span class='ocr_line' id='line_1_35' title="bbox 2122 762 3712 836; baseline -0.004 -16"><span class='ocrx_word' id='word_1_223' title='bbox 2122 765 2535 835; x_wconf 85' lang='lat' dir='ltr'><strong>stantinopolim</strong></span> <span class='ocrx_word' id='word_1_224' title='bbox 2555 774 2902 836; x_wconf 88' lang='lat' dir='ltr'><strong>congregato,</strong></span> <span class='ocrx_word' id='word_1_225' title='bbox 2924 765 3004 818; x_wconf 89' lang='lat' dir='ltr'><strong>An</strong></span> <span class='ocrx_word' id='word_1_226' title='bbox 3014 764 3250 819; x_wconf 90' lang='lat' dir='ltr'><strong>tiocheni</strong></span> <span class='ocrx_word' id='word_1_227' title='bbox 3264 780 3385 817; x_wconf 87' lang='lat' dir='ltr'><strong>cum</strong></span> <span class='ocrx_word' id='word_1_228' title='bbox 3404 762 3712 818; x_wconf 81' lang='lat' dir='ltr'><strong>Eudoxium</strong></span> 
     </span>
    </p>
   </div>
   <div class='ocr_carea' id='block_1_36' title="bbox 2122 851 3713 924">
    <p class='ocr_par' dir='ltr' id='par_1_36' title="bbox 2122 851 3713 924">
     <span class='ocr_line' id='line_1_36' title="bbox 2122 851 3713 924; baseline -0.003 -16"><span class='ocrx_word' id='word_1_229' title='bbox 2122 854 2544 924; x_wconf 81' lang='lat' dir='ltr'><strong>comperissent,</strong></span> <span class='ocrx_word' id='word_1_230' title='bbox 2581 863 2764 923; x_wconf 90' lang='lat' dir='ltr'><strong>spreta</strong></span> <span class='ocrx_word' id='word_1_231' title='bbox 2786 853 3025 924; x_wconf 92' lang='lat' dir='ltr'><strong>ipsorum</strong></span> <span class='ocrx_word' id='word_1_232' title='bbox 3054 852 3320 916; x_wconf 84' lang='lat' dir='ltr'><strong>Ecclesia,</strong></span> <span class='ocrx_word' id='word_1_233' title='bbox 3346 852 3413 906; x_wconf 90' lang='lat' dir='ltr'><strong>ad</strong></span> <span class='ocrx_word' id='word_1_234' title='bbox 3443 851 3713 906; x_wconf 88' lang='lat' dir='ltr'><strong>Constan-</strong></span> 
     </span>
    </p>
   </div>
   <div class='ocr_carea' id='block_1_37' title="bbox 2123 937 3712 1013">
    <p class='ocr_par' dir='ltr' id='par_1_37' title="bbox 2123 937 3712 1013">
     <span class='ocr_line' id='line_1_37' title="bbox 2123 937 3712 1013; baseline -0.004 -17"><span class='ocrx_word' id='word_1_235' title='bbox 2123 942 2497 1013; x_wconf 55' lang='lat' dir='ltr'><strong>tinopolitanae</strong></span> <span class='ocrx_word' id='word_1_236' title='bbox 2524 942 2671 996; x_wconf 85' lang='lat' dir='ltr'><strong>sedis</strong></span> <span class='ocrx_word' id='word_1_237' title='bbox 2694 941 3031 1012; x_wconf 74' lang='lat' dir='ltr'><strong>opulentiam</strong></span> <span class='ocrx_word' id='word_1_238' title='bbox 3061 940 3406 1004; x_wconf 89' lang='lat' dir='ltr'><strong>transiliisse,</strong></span> <span class='ocrx_word' id='word_1_239' title='bbox 3438 937 3712 993; x_wconf 88' lang='lat' dir='ltr'><strong>Meletium</strong></span> 
     </span>
    </p>
   </div>
   <div class='ocr_carea' id='block_1_38' title="bbox 2123 1030 3711 1100">
    <p class='ocr_par' dir='ltr' id='par_1_38' title="bbox 2123 1030 3711 1100">
     <span class='ocr_line' id='line_1_38' title="bbox 2123 1030 3711 1100; baseline -0.003 -12"><span class='ocrx_word' id='word_1_240' title='bbox 2123 1032 2318 1088; x_wconf 69' lang='lat' dir='ltr'><strong>Beraaa</strong></span> <span class='ocrx_word' id='word_1_241' title='bbox 2342 1033 2600 1095; x_wconf 88' lang='lat' dir='ltr'><strong>accitum,</strong></span> <span class='ocrx_word' id='word_1_242' title='bbox 2629 1032 2685 1086; x_wconf 90' lang='lat' dir='ltr'><strong>in</strong></span> <span class='ocrx_word' id='word_1_243' title='bbox 2719 1031 2847 1087; x_wconf 91' lang='lat' dir='ltr'><strong>sedc</strong></span> <span class='ocrx_word' id='word_1_244' title='bbox 2876 1031 3213 1086; x_wconf 90' lang='lat' dir='ltr'><strong>Antiochena</strong></span> <span class='ocrx_word' id='word_1_245' title='bbox 3236 1031 3525 1084; x_wconf 85' lang='lat' dir='ltr'><strong>collocant.</strong></span> <span class='ocrx_word' id='word_1_246' title='bbox 3557 1030 3711 1100; x_wconf 72' lang='lat'><strong>161</strong></span> 
     </span>
    </p>
   </div>
   <div class='ocr_carea' id='block_1_39' title="bbox 2121 1121 3714 1193">
    <p class='ocr_par' dir='ltr' id='par_1_39' title="bbox 2121 1121 3714 1193">
     <span class='ocr_line' id='line_1_39' title="bbox 2121 1121 3714 1193; baseline -0.002 -15"><span class='ocrx_word' id='word_1_247' title='bbox 2121 1122 2224 1179; x_wconf 84' lang='lat' dir='ltr'><strong>Hic</strong></span> <span class='ocrx_word' id='word_1_248' title='bbox 2269 1124 2428 1178; x_wconf 88' lang='lat' dir='ltr'><strong>initio</strong></span> <span class='ocrx_word' id='word_1_249' title='bbox 2476 1124 2699 1193; x_wconf 90' lang='lat' dir='ltr'><strong>quidem</strong></span> <span class='ocrx_word' id='word_1_250' title='bbox 2734 1123 2802 1178; x_wconf 91' lang='lat' dir='ltr'><strong>de</strong></span> <span class='ocrx_word' id='word_1_251' title='bbox 2861 1123 3210 1193; x_wconf 78' lang='lat' dir='ltr'><strong>dogmatibus</strong></span> <span class='ocrx_word' id='word_1_252' title='bbox 3261 1121 3386 1176; x_wconf 91' lang='lat' dir='ltr'><strong>ﬁdei</strong></span> <span class='ocrx_word' id='word_1_253' title='bbox 3439 1121 3714 1175; x_wconf 84' lang='lat' dir='ltr'><strong>disserere</strong></span> 
     </span>
    </p>
   </div>
   <div class='ocr_carea' id='block_1_40' title="bbox 2122 1216 3714 1289">
    <p class='ocr_par' dir='ltr' id='par_1_40' title="bbox 2122 1216 3714 1289">
     <span class='ocr_line' id='line_1_40' title="bbox 2122 1216 3714 1289; baseline 0.001 -18"><span class='ocrx_word' id='word_1_254' title='bbox 2122 1218 2452 1287; x_wconf 86' lang='lat' dir='ltr'><strong>supersedit,</strong></span> <span class='ocrx_word' id='word_1_255' title='bbox 2479 1219 2758 1289; x_wconf 87' lang='lat' dir='ltr'><strong>solamque</strong></span> <span class='ocrx_word' id='word_1_256' title='bbox 2775 1233 2990 1273; x_wconf 91' lang='lat' dir='ltr'><strong>morum</strong></span> <span class='ocrx_word' id='word_1_257' title='bbox 3026 1217 3330 1272; x_wconf 87' lang='lat' dir='ltr'><strong>doctrinam</strong></span> <span class='ocrx_word' id='word_1_258' title='bbox 3368 1216 3714 1272; x_wconf 84' lang='lat' dir='ltr'><strong>auditoribus</strong></span> 
     </span>
    </p>
   </div>
   <div class='ocr_carea' id='block_1_41' title="bbox 2122 1310 3712 1381">
    <p class='ocr_par' dir='ltr' id='par_1_41' title="bbox 2122 1310 3712 1381">
     <span class='ocr_line' id='line_1_41' title="bbox 2122 1310 3712 1381; baseline -0.001 -18"><span class='ocrx_word' id='word_1_259' title='bbox 2122 1311 2240 1365; x_wconf 88' lang='lat' dir='ltr'><strong>suis</strong></span> <span class='ocrx_word' id='word_1_260' title='bbox 2289 1310 2537 1365; x_wconf 82' lang='lat' dir='ltr'><strong>tradidit.</strong></span> <span class='ocrx_word' id='word_1_261' title='bbox 2592 1310 2893 1381; x_wconf 89' lang='lat' dir='ltr'><strong>Progressu</strong></span> <span class='ocrx_word' id='word_1_262' title='bbox 2934 1326 3068 1365; x_wconf 88' lang='lat' dir='ltr'><strong>vero</strong></span> <span class='ocrx_word' id='word_1_263' title='bbox 3116 1311 3398 1381; x_wconf 88' lang='lat' dir='ltr'><strong>temporis,</strong></span> <span class='ocrx_word' id='word_1_264' title='bbox 3438 1310 3712 1365; x_wconf 77' lang='lat' dir='ltr'><strong>Niezenam</strong></span> 
     </span>
    </p>
   </div>
   <div class='ocr_carea' id='block_1_42' title="bbox 2123 1400 3712 1473">
    <p class='ocr_par' dir='ltr' id='par_1_42' title="bbox 2123 1400 3712 1473">
     <span class='ocr_line' id='line_1_42' title="bbox 2123 1400 3712 1473; baseline -0.001 -16"><span class='ocrx_word' id='word_1_265' title='bbox 2123 1402 2230 1459; x_wconf 91' lang='lat' dir='ltr'><strong>illis</strong></span> <span class='ocrx_word' id='word_1_266' title='bbox 2272 1402 2436 1457; x_wconf 91' lang='lat' dir='ltr'><strong>ﬁdem</strong></span> <span class='ocrx_word' id='word_1_267' title='bbox 2466 1403 2740 1473; x_wconf 79' lang='lat' dir='ltr'><strong>exposuit,</strong></span> <span class='ocrx_word' id='word_1_268' title='bbox 2783 1411 2839 1457; x_wconf 90' lang='lat' dir='ltr'><strong>et</strong></span> <span class='ocrx_word' id='word_1_269' title='bbox 2879 1400 3366 1457; x_wconf 88' lang='lat' dir='ltr'><strong>consubstantialis</strong></span> <span class='ocrx_word' id='word_1_270' title='bbox 3402 1400 3712 1456; x_wconf 86' lang='lat' dir='ltr'><strong>doctrinam</strong></span> 
     </span>
    </p>
   </div>
   <div class='ocr_carea' id='block_1_43' title="bbox 2121 1493 3711 1564">
    <p class='ocr_par' dir='ltr' id='par_1_43' title="bbox 2121 1493 3711 1564">
     <span class='ocr_line' id='line_1_43' title="bbox 2121 1493 3711 1564; baseline -0.001 -15"><span class='ocrx_word' id='word_1_271' title='bbox 2121 1507 2368 1550; x_wconf 86' lang='lat' dir='ltr'><strong>asserere</strong></span> <span class='ocrx_word' id='word_1_272' title='bbox 2395 1494 2581 1564; x_wconf 61' lang='lat' dir='ltr'><strong>cepit.</strong></span> <span class='ocrx_word' id='word_1_273' title='bbox 2609 1493 2741 1561; x_wconf 63' lang='lat' dir='ltr'><strong>Quae</strong></span> <span class='ocrx_word' id='word_1_274' title='bbox 2766 1509 2891 1548; x_wconf 90' lang='lat' dir='ltr'><strong>cum</strong></span> <span class='ocrx_word' id='word_1_275' title='bbox 2916 1494 3220 1564; x_wconf 85' lang='lat' dir='ltr'><strong>accepisset</strong></span> <span class='ocrx_word' id='word_1_276' title='bbox 3246 1493 3567 1563; x_wconf 89' lang='lat' dir='ltr'><strong>imperator,</strong></span> <span class='ocrx_word' id='word_1_277' title='bbox 3585 1508 3711 1547; x_wconf 89' lang='lat' dir='ltr'><strong>eum</strong></span> 
     </span>
    </p>
   </div>
   <div class='ocr_carea' id='block_1_44' title="bbox 2122 1582 3711 1654">
    <p class='ocr_par' dir='ltr' id='par_1_44' title="bbox 2122 1582 3711 1654">
     <span class='ocr_line' id='line_1_44' title="bbox 2122 1582 3711 1654; baseline -0.001 -17"><span class='ocrx_word' id='word_1_278' title='bbox 2122 1582 2342 1652; x_wconf 86' lang='lat' dir='ltr'><strong>quidem</strong></span> <span class='ocrx_word' id='word_1_279' title='bbox 2370 1583 2603 1654; x_wconf 89' lang='lat' dir='ltr'><strong>relegari</strong></span> <span class='ocrx_word' id='word_1_280' title='bbox 2629 1582 2823 1654; x_wconf 86' lang='lat' dir='ltr'><strong>jussit:</strong></span> <span class='ocrx_word' id='word_1_281' title='bbox 2861 1583 3127 1637; x_wconf 86' lang='lat' dir='ltr'><strong>Euzoium</strong></span> <span class='ocrx_word' id='word_1_282' title='bbox 3154 1598 3306 1649; x_wconf 91' lang='lat' dir='ltr'><strong>vero,</strong></span> <span class='ocrx_word' id='word_1_283' title='bbox 3335 1584 3431 1653; x_wconf 90' lang='lat' dir='ltr'><strong>qui</strong></span> <span class='ocrx_word' id='word_1_284' title='bbox 3456 1598 3563 1638; x_wconf 91' lang='lat' dir='ltr'><strong>una</strong></span> <span class='ocrx_word' id='word_1_285' title='bbox 3586 1598 3711 1637; x_wconf 92' lang='lat' dir='ltr'><strong>cum</strong></span> 
     </span>
    </p>
   </div>
   <div class='ocr_carea' id='block_1_45' title="bbox 2122 1673 3712 1745">
    <p class='ocr_par' dir='ltr' id='par_1_45' title="bbox 2122 1673 3712 1745">
     <span class='ocr_line' id='line_1_45' title="bbox 2122 1673 3712 1745; baseline -0.001 -16"><span class='ocrx_word' id='word_1_286' title='bbox 2122 1674 2254 1729; x_wconf 90' lang='lat' dir='ltr'><strong>Ario</strong></span> <span class='ocrx_word' id='word_1_287' title='bbox 2276 1673 2405 1729; x_wconf 91' lang='lat' dir='ltr'><strong>olim</strong></span> <span class='ocrx_word' id='word_1_288' title='bbox 2446 1674 2730 1745; x_wconf 88' lang='lat' dir='ltr'><strong>depositus</strong></span> <span class='ocrx_word' id='word_1_289' title='bbox 2784 1673 2983 1740; x_wconf 79' lang='lat' dir='ltr'><strong>fuerat,</strong></span> <span class='ocrx_word' id='word_1_290' title='bbox 3022 1674 3410 1730; x_wconf 88' lang='lat' dir='ltr'><strong>Antiochensis</strong></span> <span class='ocrx_word' id='word_1_291' title='bbox 3457 1673 3712 1729; x_wconf 77' lang='lat' dir='ltr'><strong>Ecclesia:</strong></span> 
     </span>
    </p>
   </div>
   <div class='ocr_carea' id='block_1_46' title="bbox 2123 1764 3688 1838">
    <p class='ocr_par' dir='ltr' id='par_1_46' title="bbox 2123 1764 3688 1838">
     <span class='ocr_line' id='line_1_46' title="bbox 2123 1764 3688 1838; baseline -0.001 -17"><span class='ocrx_word' id='word_1_292' title='bbox 2123 1767 2427 1821; x_wconf 85' lang='lat' dir='ltr'><strong>antistitem</strong></span> <span class='ocrx_word' id='word_1_293' title='bbox 2466 1766 2597 1822; x_wconf 90' lang='lat' dir='ltr'><strong>fecit</strong></span> <span class='ocrx_word' id='word_1_294' title='bbox 2643 1764 2975 1838; x_wconf 83' lang='lat' dir='ltr'><strong>promoveri.</strong></span> <span class='ocrx_word' id='word_1_295' title='bbox 3028 1766 3232 1822; x_wconf 76' lang='lat' dir='ltr'><strong>Verum</strong></span> <span class='ocrx_word' id='word_1_296' title='bbox 3280 1772 3551 1836; x_wconf 89' lang='lat' dir='ltr'><strong>quotquot</strong></span> <span class='ocrx_word' id='word_1_297' title='bbox 3588 1780 3688 1834; x_wconf 91' lang='lat' dir='ltr'><strong>pro</strong></span> 
     </span>
    </p>
   </div>
   <div class='ocr_carea' id='block_1_47' title="bbox 2124 1855 3687 1930">
    <p class='ocr_par' dir='ltr' id='par_1_47' title="bbox 2124 1855 3687 1930">
     <span class='ocr_line' id='line_1_47' title="bbox 2124 1855 3687 1930; baseline -0.002 -17"><span class='ocrx_word' id='word_1_298' title='bbox 2124 1873 2296 1928; x_wconf 90' lang='lat' dir='ltr'><strong>penso</strong></span> <span class='ocrx_word' id='word_1_299' title='bbox 2318 1875 2446 1930; x_wconf 90' lang='lat' dir='ltr'><strong>erga</strong></span> <span class='ocrx_word' id='word_1_300' title='bbox 2476 1857 2754 1915; x_wconf 82' lang='lat' dir='ltr'><strong>Meletium</strong></span> <span class='ocrx_word' id='word_1_301' title='bbox 2802 1859 2987 1912; x_wconf 90' lang='lat' dir='ltr'><strong>animo</strong></span> <span class='ocrx_word' id='word_1_302' title='bbox 3012 1864 3194 1923; x_wconf 86' lang='lat' dir='ltr'><strong>erant,</strong></span> <span class='ocrx_word' id='word_1_303' title='bbox 3237 1857 3431 1911; x_wconf 90' lang='lat' dir='ltr'><strong>relicto</strong></span> <span class='ocrx_word' id='word_1_304' title='bbox 3482 1855 3687 1911; x_wconf 89' lang='lat' dir='ltr'><strong>Ariano</strong></span> 
     </span>
    </p>
   </div>
   <div class='ocr_carea' id='block_1_48' title="bbox 2120 1948 3711 2021">
    <p class='ocr_par' dir='ltr' id='par_1_48' title="bbox 2120 1948 3711 2021">
     <span class='ocr_line' id='line_1_48' title="bbox 2120 1948 3711 2021; baseline -0.001 -17"><span class='ocrx_word' id='word_1_305' title='bbox 2120 1966 2241 2004; x_wconf 92' lang='lat' dir='ltr'><strong>rum</strong></span> <span class='ocrx_word' id='word_1_306' title='bbox 2269 1959 2435 2016; x_wconf 61' lang='lat' dir='ltr'><strong>coetu,</strong></span> <span class='ocrx_word' id='word_1_307' title='bbox 2464 1950 2757 2020; x_wconf 88' lang='lat' dir='ltr'><strong>separatim</strong></span> <span class='ocrx_word' id='word_1_308' title='bbox 2780 1958 3086 2005; x_wconf 90' lang='lat' dir='ltr'><strong>conventus</strong></span> <span class='ocrx_word' id='word_1_309' title='bbox 3109 1958 3374 2021; x_wconf 89' lang='lat' dir='ltr'><strong>egerunt:</strong></span> <span class='ocrx_word' id='word_1_310' title='bbox 3406 1964 3531 2003; x_wconf 91' lang='lat' dir='ltr'><strong>cum</strong></span> <span class='ocrx_word' id='word_1_311' title='bbox 3557 1948 3595 2002; x_wconf 89' lang='lat' dir='ltr'><strong>ii</strong></span> <span class='ocrx_word' id='word_1_312' title='bbox 3616 1948 3711 2018; x_wconf 92' lang='lat' dir='ltr'><strong>qui</strong></span> 
     </span>
    </p>
   </div>
   <div class='ocr_carea' id='block_1_49' title="bbox 2120 2040 3709 2111">
    <p class='ocr_par' dir='ltr' id='par_1_49' title="bbox 2120 2040 3709 2111">
     <span class='ocr_line' id='line_1_49' title="bbox 2120 2040 3709 2111; baseline 0 -16"><span class='ocrx_word' id='word_1_313' title='bbox 2120 2040 2189 2095; x_wconf 92' lang='lat' dir='ltr'><strong>ab</strong></span> <span class='ocrx_word' id='word_1_314' title='bbox 2215 2040 2376 2096; x_wconf 89' lang='lat' dir='ltr'><strong>initio</strong></span> <span class='ocrx_word' id='word_1_315' title='bbox 2429 2041 2916 2097; x_wconf 88' lang='lat' dir='ltr'><strong>consubstantialis</strong></span> <span class='ocrx_word' id='word_1_316' title='bbox 2961 2040 3270 2096; x_wconf 85' lang='lat' dir='ltr'><strong>doctrinam</strong></span> <span class='ocrx_word' id='word_1_317' title='bbox 3316 2040 3709 2111; x_wconf 85' lang='lat' dir='ltr'><strong>probaverant,</strong></span> 
     </span>
    </p>
   </div>
   <div class='ocr_carea' id='block_1_50' title="bbox 2120 2131 3710 2207">
    <p class='ocr_par' dir='ltr' id='par_1_50' title="bbox 2120 2131 3710 2207">
     <span class='ocr_line' id='line_1_50' title="bbox 2120 2131 3710 2207; baseline 0.001 -21"><span class='ocrx_word' id='word_1_318' title='bbox 2120 2133 2560 2189; x_wconf 90' lang='lat' dir='ltr'><strong>communionem</strong></span> <span class='ocrx_word' id='word_1_319' title='bbox 2600 2133 2845 2207; x_wconf 85' lang='lat' dir='ltr'><strong>ipsorum</strong></span> <span class='ocrx_word' id='word_1_320' title='bbox 2875 2132 3225 2205; x_wconf 78' lang='lat' dir='ltr'><strong>refugissent,</strong></span> <span class='ocrx_word' id='word_1_321' title='bbox 3264 2148 3331 2188; x_wconf 90' lang='lat' dir='ltr'><strong>eo</strong></span> <span class='ocrx_word' id='word_1_322' title='bbox 3361 2131 3509 2202; x_wconf 90' lang='lat' dir='ltr'><strong>quod</strong></span> <span class='ocrx_word' id='word_1_323' title='bbox 3545 2132 3710 2187; x_wconf 84' lang='lat' dir='ltr'><strong>Mele-</strong></span> 
     </span>
    </p>
   </div>
   <div class='ocr_carea' id='block_1_51' title="bbox 2118 2218 3710 2295">
    <p class='ocr_par' dir='ltr' id='par_1_51' title="bbox 2118 2218 3710 2295">
     <span class='ocr_line' id='line_1_51' title="bbox 2118 2218 3710 2295; baseline 0.001 -18"><span class='ocrx_word' id='word_1_324' title='bbox 2118 2222 2231 2277; x_wconf 80' lang='lat' dir='ltr'><strong>tius</strong></span> <span class='ocrx_word' id='word_1_325' title='bbox 2252 2222 2593 2278; x_wconf 79' lang='lat' dir='ltr'><strong>Arianorum</strong></span> <span class='ocrx_word' id='word_1_326' title='bbox 2631 2218 2891 2295; x_wconf 73' lang='lat' dir='ltr'><strong>suffragio</strong></span> <span class='ocrx_word' id='word_1_327' title='bbox 2916 2224 3204 2279; x_wconf 88' lang='lat' dir='ltr'><strong>ordinatus</strong></span> <span class='ocrx_word' id='word_1_328' title='bbox 3236 2223 3451 2287; x_wconf 82' lang='lat' dir='ltr'><strong>fuisset,</strong></span> <span class='ocrx_word' id='word_1_329' title='bbox 3500 2223 3710 2293; x_wconf 87' lang='lat' dir='ltr'><strong>ipsique</strong></span> 
     </span>
    </p>
   </div>
   <div class='ocr_carea' id='block_1_52' title="bbox 2117 2314 3690 2386">
    <p class='ocr_par' dir='ltr' id='par_1_52' title="bbox 2117 2314 3690 2386">
     <span class='ocr_line' id='line_1_52' title="bbox 2117 2314 3690 2386; baseline -0.002 -16"><span class='ocrx_word' id='word_1_330' title='bbox 2117 2315 2239 2386; x_wconf 82' lang='lat' dir='ltr'><strong>ejus</strong></span> <span class='ocrx_word' id='word_1_331' title='bbox 2274 2324 2575 2371; x_wconf 86' lang='lat' dir='ltr'><strong>sectatores</strong></span> <span class='ocrx_word' id='word_1_332' title='bbox 2613 2316 2946 2386; x_wconf 88' lang='lat' dir='ltr'><strong>baptismum</strong></span> <span class='ocrx_word' id='word_1_333' title='bbox 2974 2316 3044 2371; x_wconf 88' lang='lat' dir='ltr'><strong>ab</strong></span> <span class='ocrx_word' id='word_1_334' title='bbox 3075 2315 3270 2370; x_wconf 90' lang='lat' dir='ltr'><strong>iisdem</strong></span> <span class='ocrx_word' id='word_1_335' title='bbox 3318 2314 3690 2383; x_wconf 83' lang='lat' dir='ltr'><strong>suscepissent</strong></span> 
     </span>
    </p>
   </div>
   <div class='ocr_carea' id='block_1_53' title="bbox 2119 2404 3708 2476">
    <p class='ocr_par' dir='ltr' id='par_1_53' title="bbox 2119 2404 3708 2476">
     <span class='ocr_line' id='line_1_53' title="bbox 2119 2404 3708 2476; baseline 0 -17"><span class='ocrx_word' id='word_1_336' title='bbox 2119 2404 2201 2460; x_wconf 86' lang='lat' dir='ltr'><strong>Ad</strong></span> <span class='ocrx_word' id='word_1_337' title='bbox 2228 2406 2374 2461; x_wconf 86' lang='lat' dir='ltr'><strong>hunc</strong></span> <span class='ocrx_word' id='word_1_338' title='bbox 2402 2407 2624 2462; x_wconf 91' lang='lat' dir='ltr'><strong>modum</strong></span> <span class='ocrx_word' id='word_1_339' title='bbox 2651 2406 3039 2463; x_wconf 86' lang='lat' dir='ltr'><strong>Antiochensis</strong></span> <span class='ocrx_word' id='word_1_340' title='bbox 3061 2420 3280 2476; x_wconf 86' lang='lat' dir='ltr'><strong>quoque</strong></span> <span class='ocrx_word' id='word_1_341' title='bbox 3310 2404 3555 2460; x_wconf 81' lang='lat' dir='ltr'><strong>Ecclesia</strong></span> <span class='ocrx_word' id='word_1_342' title='bbox 3572 2404 3708 2459; x_wconf 81' lang='lat' dir='ltr'><strong>duas</strong></span> 
     </span>
    </p>
   </div>
   <div class='ocr_carea' id='block_1_54' title="bbox 2125 2494 3708 2567">
    <p class='ocr_par' dir='ltr' id='par_1_54' title="bbox 2125 2494 3708 2567">
     <span class='ocr_line' id='line_1_54' title="bbox 2125 2494 3708 2567; baseline -0.002 -16"><span class='ocrx_word' id='word_1_343' title='bbox 2125 2496 2182 2551; x_wconf 93' lang='lat' dir='ltr'><strong>in</strong></span> <span class='ocrx_word' id='word_1_344' title='bbox 2211 2506 2418 2567; x_wconf 90' lang='lat' dir='ltr'><strong>partes,</strong></span> <span class='ocrx_word' id='word_1_345' title='bbox 2451 2498 2579 2553; x_wconf 90' lang='lat' dir='ltr'><strong>licet</strong></span> <span class='ocrx_word' id='word_1_346' title='bbox 2606 2497 2664 2552; x_wconf 87' lang='lat' dir='ltr'><strong>in</strong></span> <span class='ocrx_word' id='word_1_347' title='bbox 2697 2497 2950 2553; x_wconf 88' lang='lat' dir='ltr'><strong>doctrina</strong></span> <span class='ocrx_word' id='word_1_348' title='bbox 2980 2496 3107 2551; x_wconf 89' lang='lat' dir='ltr'><strong>ﬁdei</strong></span> <span class='ocrx_word' id='word_1_349' title='bbox 3151 2494 3585 2558; x_wconf 87' lang='lat' dir='ltr'><strong>consentientes,</strong></span> <span class='ocrx_word' id='word_1_350' title='bbox 3622 2494 3708 2549; x_wconf 86' lang='lat' dir='ltr'><strong>di-</strong></span> 
     </span>
    </p>
   </div>
   <div class='ocr_carea' id='block_1_55' title="bbox 2119 2586 3707 2659">
    <p class='ocr_par' dir='ltr' id='par_1_55' title="bbox 2119 2586 3707 2659">
     <span class='ocr_line' id='line_1_55' title="bbox 2119 2586 3707 2659; baseline -0.001 -17"><span class='ocrx_word' id='word_1_351' title='bbox 2119 2588 2235 2642; x_wconf 85' lang='lat' dir='ltr'><strong>visa</strong></span> <span class='ocrx_word' id='word_1_352' title='bbox 2261 2597 2362 2642; x_wconf 91' lang='lat' dir='ltr'><strong>est.</strong></span> <span class='ocrx_word' id='word_1_353' title='bbox 2383 2588 2595 2643; x_wconf 81' lang='lat' dir='ltr'><strong>interea</strong></span> <span class='ocrx_word' id='word_1_354' title='bbox 2616 2588 2933 2658; x_wconf 83' lang='lat' dir='ltr'><strong>imperator,</strong></span> <span class='ocrx_word' id='word_1_355' title='bbox 2957 2603 3082 2643; x_wconf 90' lang='lat' dir='ltr'><strong>cum</strong></span> <span class='ocrx_word' id='word_1_356' title='bbox 3111 2588 3216 2659; x_wconf 85' lang='lat' dir='ltr'><strong>ipsi</strong></span> <span class='ocrx_word' id='word_1_357' title='bbox 3244 2586 3557 2641; x_wconf 87' lang='lat' dir='ltr'><strong>nuntiatum</strong></span> <span class='ocrx_word' id='word_1_358' title='bbox 3579 2586 3707 2642; x_wconf 81' lang='lat' dir='ltr'><strong>fuis-</strong></span> 
     </span>
    </p>
   </div>
   <div class='ocr_carea' id='block_1_56' title="bbox 2120 2677 3709 2749">
    <p class='ocr_par' dir='ltr' id='par_1_56' title="bbox 2120 2677 3709 2749">
     <span class='ocr_line' id='line_1_56' title="bbox 2120 2677 3709 2749; baseline -0.001 -15"><span class='ocrx_word' id='word_1_359' title='bbox 2120 2688 2206 2734; x_wconf 89' lang='lat' dir='ltr'><strong>set</strong></span> <span class='ocrx_word' id='word_1_360' title='bbox 2254 2680 2448 2735; x_wconf 88' lang='lat' dir='ltr'><strong>Persas</strong></span> <span class='ocrx_word' id='word_1_361' title='bbox 2489 2680 2692 2734; x_wconf 88' lang='lat' dir='ltr'><strong>iterum</strong></span> <span class='ocrx_word' id='word_1_362' title='bbox 2731 2679 3138 2749; x_wconf 78' lang='lat' dir='ltr'><strong>expeditionem</strong></span> <span class='ocrx_word' id='word_1_363' title='bbox 3183 2694 3407 2734; x_wconf 90' lang='lat' dir='ltr'><strong>movere</strong></span> <span class='ocrx_word' id='word_1_364' title='bbox 3447 2677 3709 2733; x_wconf 86' lang='lat' dir='ltr'><strong>adversus</strong></span> 
     </span>
    </p>
   </div>
   <div class='ocr_carea' id='block_1_57' title="bbox 2123 2770 3340 2842">
    <p class='ocr_par' dir='ltr' id='par_1_57' title="bbox 2123 2770 3340 2842">
     <span class='ocr_line' id='line_1_57' title="bbox 2123 2770 3340 2842; baseline -0.002 -16"><span class='ocrx_word' id='word_1_365' title='bbox 2123 2770 2420 2838; x_wconf 80' lang='lat' dir='ltr'><strong>Romanos,</strong></span> <span class='ocrx_word' id='word_1_366' title='bbox 2447 2786 2682 2842; x_wconf 89' lang='lat' dir='ltr'><strong>propere</strong></span> <span class='ocrx_word' id='word_1_367' title='bbox 2702 2770 3051 2828; x_wconf 85' lang='lat' dir='ltr'><strong>Antiochiam</strong></span> <span class='ocrx_word' id='word_1_368' title='bbox 3076 2770 3340 2841; x_wconf 83' lang='lat' dir='ltr'><strong>perrexit.</strong></span> 
     </span>
    </p>
   </div>
   <div class='ocr_carea' id='block_1_58' title="bbox 2745 2967 3086 3025">
    <p class='ocr_par' dir='ltr' id='par_1_58' title="bbox 2745 2967 3086 3025">
     <span class='ocr_line' id='line_1_58' title="bbox 2745 2967 3086 3025; baseline -0.003 -1"><span class='ocrx_word' id='word_1_369' title='bbox 2745 2968 2895 3025; x_wconf 86' lang='lat' dir='ltr'><strong>CAP.</strong></span> <span class='ocrx_word' id='word_1_370' title='bbox 2926 2967 3086 3024; x_wconf 75' lang='lat' dir='ltr'><strong>XLV.</strong></span> 
     </span>
    </p>
   </div>
   <div class='ocr_carea' id='block_1_59' title="bbox 2602 3059 3237 3115">
    <p class='ocr_par' dir='ltr' id='par_1_59' title="bbox 2602 3059 3237 3115">
     <span class='ocr_line' id='line_1_59' title="bbox 2602 3059 3237 3115; baseline -0.003 0"><span class='ocrx_word' id='word_1_371' title='bbox 2602 3061 2678 3115; x_wconf 89' lang='lat' dir='ltr'><strong>De</strong></span> <span class='ocrx_word' id='word_1_372' title='bbox 2714 3062 2903 3115; x_wconf 65' lang='lat' dir='ltr'><strong>haeresi</strong></span> <span class='ocrx_word' id='word_1_373' title='bbox 2922 3059 3237 3113; x_wconf 78' lang='lat' dir='ltr'><strong>Macedonii.</strong></span> 
     </span>
    </p>
   </div>
   <div class='ocr_carea' id='block_1_60' title="bbox 2193 3147 3699 3222">
    <p class='ocr_par' dir='ltr' id='par_1_60' title="bbox 2193 3147 3699 3222">
     <span class='ocr_line' id='line_1_60' title="bbox 2193 3147 3699 3222; baseline -0.005 -13"><span class='ocrx_word' id='word_1_374' title='bbox 2193 3153 2263 3209; x_wconf 90' lang='lat' dir='ltr'><strong>At</strong></span> <span class='ocrx_word' id='word_1_375' title='bbox 2289 3152 2664 3217; x_wconf 75' lang='lat' dir='ltr'><strong>Macedonius,</strong></span> <span class='ocrx_word' id='word_1_376' title='bbox 2693 3152 2785 3222; x_wconf 90' lang='lat' dir='ltr'><strong>qui</strong></span> <span class='ocrx_word' id='word_1_377' title='bbox 2810 3148 3281 3219; x_wconf 86' lang='lat' dir='ltr'><strong>Constantinopoli</strong></span> <span class='ocrx_word' id='word_1_378' title='bbox 3303 3148 3565 3220; x_wconf 89' lang='lat' dir='ltr'><strong>expulsus</strong></span> <span class='ocrx_word' id='word_1_379' title='bbox 3591 3147 3699 3203; x_wconf 86' lang='lat' dir='ltr'><strong>fue-</strong></span> 
     </span>
    </p>
   </div>
   <div class='ocr_carea' id='block_1_61' title="bbox 446 3240 2226 3336">
    <p class='ocr_par' dir='ltr' id='par_1_61' title="bbox 446 3240 2226 3336">
     <span class='ocr_line' id='line_1_61' title="bbox 446 3240 2226 3336; baseline 0.003 -42"><span class='ocrx_word' id='word_1_380' title='bbox 446 3242 591 3336; x_wconf 54' lang='grc' dir='ltr'><strong>θεὶςἒ</strong></span> <span class='ocrx_word' id='word_1_381' title='bbox 613 3242 710 3296; x_wconf 76' lang='grc' dir='ltr'>καὶ</span> <span class='ocrx_word' id='word_1_382' title='bbox 750 3241 826 3312; x_wconf 82' lang='grc' dir='ltr'>μὴ</span> <span class='ocrx_word' id='word_1_383' title='bbox 859 3240 1041 3312; x_wconf 82' lang='grc' dir='ltr'>φέρων</span> <span class='ocrx_word' id='word_1_384' title='bbox 1090 3242 1189 3313; x_wconf 79' lang='grc' dir='ltr'>τὴν</span> <span class='ocrx_word' id='word_1_385' title='bbox 1240 3241 1559 3313; x_wconf 86' lang='grc' dir='ltr'>καταδίκην,</span> <span class='ocrx_word' id='word_1_386' title='bbox 1605 3242 1897 3315; x_wconf 72' lang='grc' dir='ltr'>ἡσυχάζειν</span> <span class='ocrx_word' id='word_1_387' title='bbox 1934 3245 2026 3298; x_wconf 83' lang='grc' dir='ltr'><strong>οὐ·</strong></span> <span class='ocrx_word' id='word_1_388' title='bbox 2050 3276 2093 3336; x_wconf 74' lang='lat' dir='ltr'><strong><em>C</em></strong></span> <span class='ocrx_word' id='word_1_389' title='bbox 2125 3254 2226 3311; x_wconf 88' lang='lat' dir='ltr'><strong>rat,</strong></span> 
     </span>
    </p>
   </div>
   <div class='ocr_carea' id='block_1_62' title="bbox 1926 3240 3706 3336">
    <p class='ocr_par' dir='ltr' id='par_1_62' title="bbox 1934 3240 3706 3336">
     <span class='ocr_line' id='line_1_62' title="bbox 1934 3240 3706 3336; baseline 0 -39"><span class='ocrx_word' id='word_1_390' title='bbox 1934 3245 2026 3298; x_wconf 83' lang='grc' dir='ltr'><strong>οὐ·</strong></span> <span class='ocrx_word' id='word_1_391' title='bbox 2050 3276 2093 3336; x_wconf 73' lang='lat' dir='ltr'><strong><em>C</em></strong></span> <span class='ocrx_word' id='word_1_392' title='bbox 2125 3254 2231 3311; x_wconf 90' lang='lat' dir='ltr'><strong>rat,</strong></span> <span class='ocrx_word' id='word_1_393' title='bbox 2278 3244 2792 3301; x_wconf 89' lang='lat' dir='ltr'><strong>condemnationem</strong></span> <span class='ocrx_word' id='word_1_394' title='bbox 2830 3243 3021 3313; x_wconf 87' lang='lat' dir='ltr'><strong>iniquo</strong></span> <span class='ocrx_word' id='word_1_395' title='bbox 3069 3244 3253 3298; x_wconf 91' lang='lat' dir='ltr'><strong>animo</strong></span> <span class='ocrx_word' id='word_1_396' title='bbox 3302 3240 3518 3307; x_wconf 92' lang='lat' dir='ltr'><strong>ferens,</strong></span> <span class='ocrx_word' id='word_1_397' title='bbox 3554 3243 3706 3313; x_wconf 73' lang='lat' dir='ltr'><strong>quie-</strong></span> 
     </span>
    </p>
   </div>
   <div class='ocr_carea' id='block_1_63' title="bbox 445 3331 2225 3406">
    <p class='ocr_par' dir='ltr' id='par_1_63' title="bbox 445 3331 2219 3406">
     <span class='ocr_line' id='line_1_63' title="bbox 445 3331 2219 3406; baseline 0.003 -20"><span class='ocrx_word' id='word_1_398' title='bbox 445 3331 633 3403; x_wconf 86' lang='grc' dir='ltr'>δαμῶς</span> <span class='ocrx_word' id='word_1_399' title='bbox 669 3333 952 3404; x_wconf 73' lang='grc' dir='ltr'>ἠνείχετοο</span> <span class='ocrx_word' id='word_1_400' title='bbox 983 3332 1121 3387; x_wconf 87' lang='grc' dir='ltr'><strong>ἀλλά</strong></span> <span class='ocrx_word' id='word_1_401' title='bbox 1157 3332 1437 3387; x_wconf 81' lang='grc' dir='ltr'>ἀποκλίνει</span> <span class='ocrx_word' id='word_1_402' title='bbox 1474 3334 1573 3405; x_wconf 81' lang='grc' dir='ltr'>μὲν</span> <span class='ocrx_word' id='word_1_403' title='bbox 1610 3335 1747 3406; x_wconf 83' lang='grc' dir='ltr'>πρὸς</span> <span class='ocrx_word' id='word_1_404' title='bbox 1773 3336 1901 3400; x_wconf 84' lang='grc' dir='ltr'>τοὺς</span> <span class='ocrx_word' id='word_1_405' title='bbox 1931 3336 2024 3391; x_wconf 80' lang='grc' dir='ltr'>τοῦ</span> <span class='ocrx_word' id='word_1_406' title='bbox 2060 3331 2093 3336; x_wconf 34' lang='grc' dir='ltr'>ν</span> <span class='ocrx_word' id='word_1_407' title='bbox 2130 3352 2219 3391; x_wconf 86' lang='lat' dir='ltr'><strong>see</strong></span> 
     </span>
    </p>
   </div>
   <div class='ocr_carea' id='block_1_64' title="bbox 1926 3331 3706 3406">
    <p class='ocr_par' dir='ltr' id='par_1_64' title="bbox 1931 3331 3706 3405">
     <span class='ocr_line' id='line_1_64' title="bbox 1931 3331 3706 3405; baseline -0.003 -14"><span class='ocrx_word' id='word_1_408' title='bbox 1931 3336 2024 3391; x_wconf 81' lang='grc' dir='ltr'>τοῦ</span> <span class='ocrx_word' id='word_1_409' title='bbox 2060 3331 2093 3336; x_wconf 35' lang='grc' dir='ltr'>ν</span> <span class='ocrx_word' id='word_1_410' title='bbox 2130 3351 2280 3391; x_wconf 88' lang='lat' dir='ltr'><strong>scere</strong></span> <span class='ocrx_word' id='word_1_411' title='bbox 2304 3334 2725 3405; x_wconf 88' lang='lat' dir='ltr'><strong>haudquaquam</strong></span> <span class='ocrx_word' id='word_1_412' title='bbox 2755 3334 3045 3399; x_wconf 88' lang='lat' dir='ltr'><strong>sustinuit;</strong></span> <span class='ocrx_word' id='word_1_413' title='bbox 3073 3332 3168 3388; x_wconf 91' lang='lat' dir='ltr'><strong>sed</strong></span> <span class='ocrx_word' id='word_1_414' title='bbox 3194 3331 3263 3387; x_wconf 90' lang='lat' dir='ltr'><strong>ad</strong></span> <span class='ocrx_word' id='word_1_415' title='bbox 3285 3332 3515 3387; x_wconf 88' lang='lat' dir='ltr'><strong>alterius</strong></span> <span class='ocrx_word' id='word_1_416' title='bbox 3535 3334 3706 3402; x_wconf 88' lang='lat' dir='ltr'><strong>partis</strong></span> 
     </span>
    </p>
   </div>
   <div class='ocr_carea' id='block_1_65' title="bbox 446 3422 2028 3496">
    <p class='ocr_par' dir='ltr' id='par_1_65' title="bbox 446 3422 2028 3496">
     <span class='ocr_line' id='line_1_65' title="bbox 446 3422 2028 3496; baseline 0.003 -21"><span class='ocrx_word' id='word_1_417' title='bbox 446 3423 634 3494; x_wconf 78' lang='grc' dir='ltr'>ἑτέρου</span> <span class='ocrx_word' id='word_1_418' title='bbox 671 3423 892 3495; x_wconf 72' lang='grc' dir='ltr'>μέρους,</span> <span class='ocrx_word' id='word_1_419' title='bbox 936 3422 986 3476; x_wconf 86' lang='grc' dir='ltr'><strong>οἶ</strong></span> <span class='ocrx_word' id='word_1_420' title='bbox 1034 3423 1092 3476; x_wconf 69' lang='grc' dir='ltr'>ὲν</span> <span class='ocrx_word' id='word_1_421' title='bbox 1135 3424 1205 3493; x_wconf 80' lang='grc' dir='ltr'>τῇ</span> <span class='ocrx_word' id='word_1_422' title='bbox 1258 3424 1551 3496; x_wconf 76' lang='grc' dir='ltr'>Σελευκείᾳ</span> <span class='ocrx_word' id='word_1_423' title='bbox 1606 3424 1854 3479; x_wconf 85' lang='grc' dir='ltr'>καθεῖλον</span> <span class='ocrx_word' id='word_1_424' title='bbox 1898 3426 2028 3490; x_wconf 79' lang='grc' dir='ltr'>τοὺς</span> 
     </span>
    </p>
   </div>
   <div class='ocr_carea' id='block_1_66' title="bbox 445 3512 2017 3587">
    <p class='ocr_par' dir='ltr' id='par_1_66' title="bbox 445 3512 2017 3587">
     <span class='ocr_line' id='line_1_66' title="bbox 445 3512 2017 3587; baseline 0.002 -20"><span class='ocrx_word' id='word_1_425' title='bbox 445 3512 576 3584; x_wconf 78' lang='grc' dir='ltr'>περὶ</span> <span class='ocrx_word' id='word_1_426' title='bbox 620 3512 898 3568; x_wconf 82' lang='grc' dir='ltr'>’Δκάκιον.</span> <span class='ocrx_word' id='word_1_427' title='bbox 926 3512 1356 3585; x_wconf 76' lang='grc' dir='ltr'>Διεπρεσόεύετο</span> <span class='ocrx_word' id='word_1_428' title='bbox 1384 3514 1443 3567; x_wconf 80' lang='grc' dir='ltr'>δὲ</span> <span class='ocrx_word' id='word_1_429' title='bbox 1469 3516 1606 3587; x_wconf 82' lang='grc' dir='ltr'>πρός</span> <span class='ocrx_word' id='word_1_430' title='bbox 1636 3531 1697 3569; x_wconf 86' lang='grc' dir='ltr'><strong>τε</strong></span> <span class='ocrx_word' id='word_1_431' title='bbox 1722 3515 2017 3586; x_wconf 75' lang='grc' dir='ltr'>Σωφρόνιοι</span> 
     </span>
    </p>
   </div>
   <div class='ocr_carea' id='block_1_67' title="bbox 446 3604 2020 3679">
    <p class='ocr_par' dir='ltr' id='par_1_67' title="bbox 446 3604 2020 3679">
     <span class='ocr_line' id='line_1_67' title="bbox 446 3604 2020 3679; baseline 0.002 -20"><span class='ocrx_word' id='word_1_432' title='bbox 446 3607 541 3659; x_wconf 77' lang='grc' dir='ltr'>καὶ</span> <span class='ocrx_word' id='word_1_433' title='bbox 579 3604 872 3669; x_wconf 84' lang='grc' dir='ltr'>Ἐλεῠσιον,</span> <span class='ocrx_word' id='word_1_434' title='bbox 903 3604 1227 3676; x_wconf 75' lang='grc' dir='ltr'>ἀντέχεσθαι</span> <span class='ocrx_word' id='word_1_435' title='bbox 1253 3605 1354 3677; x_wconf 67' lang='grc' dir='ltr'>μὲν</span> <span class='ocrx_word' id='word_1_436' title='bbox 1380 3606 1481 3677; x_wconf 84' lang='grc' dir='ltr'>τῆς</span> <span class='ocrx_word' id='word_1_437' title='bbox 1525 3607 1789 3679; x_wconf 85' lang='grc' dir='ltr'>πρότερον</span> <span class='ocrx_word' id='word_1_438' title='bbox 1812 3611 1873 3661; x_wconf 80' lang='grc' dir='ltr'>ὲν</span> <span class='ocrx_word' id='word_1_439' title='bbox 1909 3609 2020 3662; x_wconf 76' lang='grc' dir='ltr'><strong>Ἂν·</strong></span> 
     </span>
    </p>
   </div>
   <div class='ocr_carea' id='block_1_68' title="bbox 449 3698 1995 3773">
    <p class='ocr_par' dir='ltr' id='par_1_68' title="bbox 449 3698 1995 3773">
     <span class='ocr_line' id='line_1_68' title="bbox 449 3698 1995 3773; baseline 0.001 -21"><span class='ocrx_word' id='word_1_440' title='bbox 449 3699 659 3771; x_wconf 77' lang='grc' dir='ltr'>τιοχείᾳ</span> <span class='ocrx_word' id='word_1_441' title='bbox 687 3698 1004 3769; x_wconf 81' lang='grc' dir='ltr'>ὲκτεθείσης</span> <span class='ocrx_word' id='word_1_442' title='bbox 1036 3698 1295 3765; x_wconf 85' lang='grc' dir='ltr'>πίστεως,</span> <span class='ocrx_word' id='word_1_443' title='bbox 1324 3698 1641 3770; x_wconf 81' lang='grc' dir='ltr'>μεταταῦτα</span> <span class='ocrx_word' id='word_1_444' title='bbox 1660 3701 1717 3755; x_wconf 77' lang='grc' dir='ltr'>δὲ</span> <span class='ocrx_word' id='word_1_445' title='bbox 1747 3701 1806 3755; x_wconf 70' lang='grc' dir='ltr'>ὲν</span> <span class='ocrx_word' id='word_1_446' title='bbox 1833 3700 1995 3773; x_wconf 75' lang='grc' dir='ltr'>Σελευ</span> 
     </span>
    </p>
   </div>
   <div class='ocr_carea' id='block_1_69' title="bbox 447 3789 2001 3864">
    <p class='ocr_par' dir='ltr' id='par_1_69' title="bbox 447 3789 2001 3864">
     <span class='ocr_line' id='line_1_69' title="bbox 447 3789 2001 3864; baseline 0.001 -21"><span class='ocrx_word' id='word_1_447' title='bbox 447 3790 575 3863; x_wconf 79' lang='grc' dir='ltr'>κείᾳ</span> <span class='ocrx_word' id='word_1_448' title='bbox 632 3789 1062 3862; x_wconf 79' lang='grc' dir='ltr'>βεϐαιωθείσης,</span> <span class='ocrx_word' id='word_1_449' title='bbox 1113 3790 1209 3845; x_wconf 76' lang='grc' dir='ltr'><strong>καὶ</strong></span> <span class='ocrx_word' id='word_1_450' title='bbox 1264 3792 1581 3864; x_wconf 79' lang='grc' dir='ltr'>παρασήμῳ</span> <span class='ocrx_word' id='word_1_451' title='bbox 1639 3790 1866 3863; x_wconf 84' lang='grc' dir='ltr'>ὀνόματι</span> <span class='ocrx_word' id='word_1_452' title='bbox 1911 3791 2001 3862; x_wconf 84' lang='grc'><strong>(97</strong></span> 
     </span>
    </p>
   </div>
   <div class='ocr_carea' id='block_1_70' title="bbox 2122 3425 3707 3496">
    <p class='ocr_par' dir='ltr' id='par_1_70' title="bbox 2122 3425 3707 3496">
     <span class='ocr_line' id='line_1_70' title="bbox 2122 3425 3707 3496; baseline -0.002 -15"><span class='ocrx_word' id='word_1_453' title='bbox 2122 3426 2429 3496; x_wconf 89' lang='lat' dir='ltr'><strong>episcopos,</strong></span> <span class='ocrx_word' id='word_1_454' title='bbox 2469 3426 2563 3495; x_wconf 92' lang='lat' dir='ltr'><strong>qui</strong></span> <span class='ocrx_word' id='word_1_455' title='bbox 2592 3425 2735 3495; x_wconf 92' lang='lat' dir='ltr'><strong>apud</strong></span> <span class='ocrx_word' id='word_1_456' title='bbox 2765 3426 3073 3481; x_wconf 84' lang='lat' dir='ltr'><strong>Seleuciam</strong></span> <span class='ocrx_word' id='word_1_457' title='bbox 3098 3425 3359 3480; x_wconf 83' lang='lat' dir='ltr'><strong>Acacium</strong></span> <span class='ocrx_word' id='word_1_458' title='bbox 3391 3441 3515 3480; x_wconf 91' lang='lat' dir='ltr'><strong>cum</strong></span> <span class='ocrx_word' id='word_1_459' title='bbox 3545 3425 3707 3480; x_wconf 86' lang='lat' dir='ltr'><strong>sociis</strong></span> 
     </span>
    </p>
   </div>
   <div class='ocr_carea' id='block_1_71' title="bbox 2123 3512 3705 3587">
    <p class='ocr_par' dir='ltr' id='par_1_71' title="bbox 2123 3512 3705 3587">
     <span class='ocr_line' id='line_1_71' title="bbox 2123 3512 3705 3587; baseline -0.003 -15"><span class='ocrx_word' id='word_1_460' title='bbox 2123 3518 2524 3587; x_wconf 88' lang='lat' dir='ltr'><strong>deposuerant,</strong></span> <span class='ocrx_word' id='word_1_461' title='bbox 2565 3522 2936 3586; x_wconf 81' lang='lat' dir='ltr'><strong>transgressus</strong></span> <span class='ocrx_word' id='word_1_462' title='bbox 2968 3523 3075 3569; x_wconf 90' lang='lat' dir='ltr'><strong>est.</strong></span> <span class='ocrx_word' id='word_1_463' title='bbox 3120 3514 3279 3569; x_wconf 80' lang='lat' dir='ltr'><strong>Missa</strong></span> <span class='ocrx_word' id='word_1_464' title='bbox 3328 3514 3494 3585; x_wconf 81' lang='lat' dir='ltr'><strong>igitur</strong></span> <span class='ocrx_word' id='word_1_465' title='bbox 3519 3513 3587 3568; x_wconf 92' lang='lat' dir='ltr'><strong>ad</strong></span> <span class='ocrx_word' id='word_1_466' title='bbox 3608 3512 3705 3568; x_wconf 89' lang='lat' dir='ltr'><strong>So-</strong></span> 
     </span>
    </p>
   </div>
   <div class='ocr_carea' id='block_1_72' title="bbox 2137 3605 3705 3677">
    <p class='ocr_par' dir='ltr' id='par_1_72' title="bbox 2137 3605 3705 3677">
     <span class='ocr_line' id='line_1_72' title="bbox 2137 3605 3705 3677; baseline -0.002 -16"><span class='ocrx_word' id='word_1_467' title='bbox 2137 3608 2425 3677; x_wconf 65' lang='lat' dir='ltr'><strong>)hronium</strong></span> <span class='ocrx_word' id='word_1_468' title='bbox 2457 3614 2515 3662; x_wconf 92' lang='lat' dir='ltr'><strong>et</strong></span> <span class='ocrx_word' id='word_1_469' title='bbox 2560 3606 2840 3661; x_wconf 86' lang='lat' dir='ltr'><strong>Eleusium</strong></span> <span class='ocrx_word' id='word_1_470' title='bbox 2886 3606 3179 3676; x_wconf 80' lang='lat' dir='ltr'><strong>legatione,</strong></span> <span class='ocrx_word' id='word_1_471' title='bbox 3227 3605 3482 3661; x_wconf 88' lang='lat' dir='ltr'><strong>hortatus</strong></span> <span class='ocrx_word' id='word_1_472' title='bbox 3528 3612 3612 3660; x_wconf 87' lang='lat' dir='ltr'><strong>est</strong></span> <span class='ocrx_word' id='word_1_473' title='bbox 3644 3613 3705 3659; x_wconf 92' lang='lat' dir='ltr'><strong>ut</strong></span> 
     </span>
    </p>
   </div>
   <div class='ocr_carea' id='block_1_73' title="bbox 2122 3697 3704 3768">
    <p class='ocr_par' dir='ltr' id='par_1_73' title="bbox 2122 3697 3704 3768">
     <span class='ocr_line' id='line_1_73' title="bbox 2122 3697 3704 3768; baseline -0.003 -13"><span class='ocrx_word' id='word_1_474' title='bbox 2122 3714 2247 3755; x_wconf 89' lang='lat' dir='ltr'><strong>eam</strong></span> <span class='ocrx_word' id='word_1_475' title='bbox 2302 3697 2465 3754; x_wconf 89' lang='lat' dir='ltr'><strong>ﬁdem</strong></span> <span class='ocrx_word' id='word_1_476' title='bbox 2523 3714 2645 3768; x_wconf 69' lang='lat' dir='ltr'><strong>qua:</strong></span> <span class='ocrx_word' id='word_1_477' title='bbox 2690 3698 2995 3754; x_wconf 68' lang='lat' dir='ltr'><strong>Antiochiae</strong></span> <span class='ocrx_word' id='word_1_478' title='bbox 3050 3698 3290 3768; x_wconf 90' lang='lat' dir='ltr'><strong>primum</strong></span> <span class='ocrx_word' id='word_1_479' title='bbox 3336 3697 3583 3768; x_wconf 78' lang='lat' dir='ltr'><strong>exposita</strong></span> <span class='ocrx_word' id='word_1_480' title='bbox 3639 3712 3704 3752; x_wconf 92' lang='lat' dir='ltr'><strong>ac</strong></span> 
     </span>
    </p>
   </div>
   <div class='ocr_carea' id='block_1_74' title="bbox 2123 3789 3705 3857">
    <p class='ocr_par' dir='ltr' id='par_1_74' title="bbox 2123 3789 3705 3857">
     <span class='ocr_line' id='line_1_74' title="bbox 2123 3789 3705 3857; baseline -0.001 -10"><span class='ocrx_word' id='word_1_481' title='bbox 2123 3789 2322 3847; x_wconf 87' lang='lat' dir='ltr'><strong>deinde</strong></span> <span class='ocrx_word' id='word_1_482' title='bbox 2344 3790 2608 3846; x_wconf 68' lang='lat' dir='ltr'><strong>Seleucia:</strong></span> <span class='ocrx_word' id='word_1_483' title='bbox 2638 3789 2959 3847; x_wconf 85' lang='lat' dir='ltr'><strong>conﬁrmata</strong></span> <span class='ocrx_word' id='word_1_484' title='bbox 2998 3790 3208 3857; x_wconf 86' lang='lat' dir='ltr'><strong>fuerat,</strong></span> <span class='ocrx_word' id='word_1_485' title='bbox 3254 3790 3535 3846; x_wconf 84' lang='lat' dir='ltr'><strong>mordicus</strong></span> <span class='ocrx_word' id='word_1_486' title='bbox 3576 3790 3705 3846; x_wconf 88' lang='lat' dir='ltr'><strong>reti-</strong></span> 
     </span>
    </p>
   </div>
   <div class='ocr_carea' id='block_1_75' title="bbox 1644 3969 2499 4027">
    <p class='ocr_par' dir='ltr' id='par_1_75' title="bbox 1644 3969 2499 4027">
     <span class='ocr_line' id='line_1_75' title="bbox 1644 3969 2499 4027; baseline -0.004 0"><span class='ocrx_word' id='word_1_487' title='bbox 1644 3969 1914 4027; x_wconf 78' lang='lat' dir='ltr'><strong>V&#39;ALESII</strong></span> <span class='ocrx_word' id='word_1_488' title='bbox 1950 3969 2499 4027; x_wconf 72' lang='lat' dir='ltr'><strong>ANNOTATIONES.</strong></span> 
     </span>
    </p>
   </div>
   <div class='ocr_carea' id='block_1_76' title="bbox 542 4083 2025 4157">
    <p class='ocr_par' dir='ltr' id='par_1_76' title="bbox 542 4083 2025 4157">
     <span class='ocr_line' id='line_1_76' title="bbox 542 4083 2025 4157; baseline -0.003 -14"><span class='ocrx_word' id='word_1_489' title='bbox 542 4087 632 4157; x_wconf 83' lang='lat'><strong>96)</strong></span> <span class='ocrx_word' id='word_1_490' title='bbox 700 4084 830 4152; x_wconf 81' lang='grc' dir='ltr'>Τοῖς</span> <span class='ocrx_word' id='word_1_491' title='bbox 879 4086 1197 4156; x_wconf 79' lang='grc' dir='ltr'>ἀκροαταῖς</span> <span class='ocrx_word' id='word_1_492' title='bbox 1254 4086 1618 4156; x_wconf 78' lang='grc' dir='ltr'>προσήκειν.</span> <span class='ocrx_word' id='word_1_493' title='bbox 1660 4083 2025 4157; x_wconf 84' lang='lat' dir='ltr'><strong>Scribendum</strong></span> 
     </span>
    </p>
   </div>
   <div class='ocr_carea' id='block_1_77' title="bbox 447 4155 2027 4239">
    <p class='ocr_par' dir='ltr' id='par_1_77' title="bbox 447 4155 2027 4239">
     <span class='ocr_line' id='line_1_77' title="bbox 447 4155 2027 4239; baseline -0.004 -26"><span class='ocrx_word' id='word_1_494' title='bbox 447 4155 671 4239; x_wconf 65' lang='lat' dir='ltr'><strong>videtur</strong></span> <span class='ocrx_word' id='word_1_495' title='bbox 702 4155 981 4239; x_wconf 75' lang='grc' dir='ltr'>παρεῖχεν,</span> <span class='ocrx_word' id='word_1_496' title='bbox 1008 4155 1631 4239; x_wconf 37' lang='grc' dir='ltr'>νει-,προσῇγενέΡοι-ειο</span> <span class='ocrx_word' id='word_1_497' title='bbox 1670 4170 1871 4235; x_wconf 85' lang='lat' dir='ltr'><strong>nomen</strong></span> <span class='ocrx_word' id='word_1_498' title='bbox 1912 4155 2027 4208; x_wconf 82' lang='lat' dir='ltr'><strong>Me-</strong></span> 
     </span>
    </p>
   </div>
   <div class='ocr_carea' id='block_1_78' title="bbox 449 4226 2028 4296">
    <p class='ocr_par' dir='ltr' id='par_1_78' title="bbox 449 4226 2028 4296">
     <span class='ocr_line' id='line_1_78' title="bbox 449 4226 2028 4296; baseline -0.005 -12"><span class='ocrx_word' id='word_1_499' title='bbox 449 4230 591 4293; x_wconf 89' lang='lat' dir='ltr'><strong>letii,</strong></span> <span class='ocrx_word' id='word_1_500' title='bbox 630 4238 744 4283; x_wconf 89' lang='lat' dir='ltr'><strong>tum</strong></span> <span class='ocrx_word' id='word_1_501' title='bbox 777 4226 899 4291; x_wconf 74' lang='lat' dir='ltr'><strong>hic,</strong></span> <span class='ocrx_word' id='word_1_502' title='bbox 917 4237 1033 4282; x_wconf 87' lang='lat' dir='ltr'><strong>tum</strong></span> <span class='ocrx_word' id='word_1_503' title='bbox 1067 4226 1220 4291; x_wconf 88' lang='lat' dir='ltr'><strong>alibi,</strong></span> <span class='ocrx_word' id='word_1_504' title='bbox 1249 4226 1615 4282; x_wconf 88' lang='lat' dir='ltr'><strong>diversimode</strong></span> <span class='ocrx_word' id='word_1_505' title='bbox 1636 4226 1902 4296; x_wconf 90' lang='lat' dir='ltr'><strong>scriptum</strong></span> <span class='ocrx_word' id='word_1_506' title='bbox 1936 4240 2028 4296; x_wconf 86' lang='lat' dir='ltr'><strong>re-</strong></span> 
     </span>
    </p>
   </div>
   <div class='ocr_carea' id='block_1_79' title="bbox 449 4295 2027 4369">
    <p class='ocr_par' dir='ltr' id='par_1_79' title="bbox 449 4295 2027 4369">
     <span class='ocr_line' id='line_1_79' title="bbox 449 4295 2027 4369; baseline -0.004 -15"><span class='ocrx_word' id='word_1_507' title='bbox 449 4300 652 4369; x_wconf 88' lang='lat' dir='ltr'><strong>perias.</strong></span> <span class='ocrx_word' id='word_1_508' title='bbox 695 4298 797 4352; x_wconf 87' lang='lat' dir='ltr'><strong>Per</strong></span> <span class='ocrx_word' id='word_1_509' title='bbox 825 4318 841 4352; x_wconf 83' lang='lat' dir='ltr'><strong>t</strong></span> <span class='ocrx_word' id='word_1_510' title='bbox 872 4307 1051 4369; x_wconf 87' lang='lat' dir='ltr'><strong>tamen</strong></span> <span class='ocrx_word' id='word_1_511' title='bbox 1084 4298 1250 4353; x_wconf 89' lang='lat' dir='ltr'><strong>scribi</strong></span> <span class='ocrx_word' id='word_1_512' title='bbox 1287 4296 1492 4352; x_wconf 91' lang='lat' dir='ltr'><strong>malim.</strong></span> <span class='ocrx_word' id='word_1_513' title='bbox 1527 4297 1677 4351; x_wconf 89' lang='lat' dir='ltr'><strong>llanc</strong></span> <span class='ocrx_word' id='word_1_514' title='bbox 1697 4295 1846 4369; x_wconf 84' lang='lat' dir='ltr'><strong>enim</strong></span> <span class='ocrx_word' id='word_1_515' title='bbox 1886 4295 2027 4369; x_wconf 78' lang='lat' dir='ltr'><strong>scri-</strong></span> 
     </span>
    </p>
   </div>
   <div class='ocr_carea' id='block_1_80' title="bbox 450 4364 2027 4439">
    <p class='ocr_par' dir='ltr' id='par_1_80' title="bbox 450 4364 2027 4439">
     <span class='ocr_line' id='line_1_80' title="bbox 450 4364 2027 4439; baseline -0.002 -17"><span class='ocrx_word' id='word_1_516' title='bbox 450 4364 667 4439; x_wconf 80' lang='lat' dir='ltr'><strong>pturam</strong></span> <span class='ocrx_word' id='word_1_517' title='bbox 690 4369 980 4423; x_wconf 90' lang='lat' dir='ltr'><strong>conﬁrmat</strong></span> <span class='ocrx_word' id='word_1_518' title='bbox 994 4368 1297 4439; x_wconf 82' lang='lat' dir='ltr'><strong>Gregorius</strong></span> <span class='ocrx_word' id='word_1_519' title='bbox 1316 4369 1694 4439; x_wconf 73' lang='lat' dir='ltr'><strong>Nazianzenus</strong></span> <span class='ocrx_word' id='word_1_520' title='bbox 1715 4366 1769 4439; x_wconf 83' lang='lat' dir='ltr'><strong>in</strong></span> <span class='ocrx_word' id='word_1_521' title='bbox 1784 4364 2027 4439; x_wconf 82' lang='lat' dir='ltr'><strong>carmine</strong></span> 
     </span>
    </p>
   </div>
   <div class='ocr_carea' id='block_1_81' title="bbox 452 4434 2026 4507">
    <p class='ocr_par' dir='ltr' id='par_1_81' title="bbox 452 4434 2026 4507">
     <span class='ocr_line' id='line_1_81' title="bbox 452 4434 2026 4507; baseline -0.006 -13"><span class='ocrx_word' id='word_1_522' title='bbox 452 4434 688 4495; x_wconf 80' lang='lat' dir='ltr'><strong>iambico</strong></span> <span class='ocrx_word' id='word_1_523' title='bbox 732 4439 807 4494; x_wconf 89' lang='lat' dir='ltr'><strong>De</strong></span> <span class='ocrx_word' id='word_1_524' title='bbox 856 4441 969 4494; x_wconf 88' lang='lat' dir='ltr'><strong>vita</strong></span> <span class='ocrx_word' id='word_1_525' title='bbox 999 4434 1133 4504; x_wconf 50' lang='lat' dir='ltr'><strong>sua;</strong></span> <span class='ocrx_word' id='word_1_526' title='bbox 1150 4438 1245 4493; x_wconf 89' lang='lat' dir='ltr'><strong>ubi</strong></span> <span class='ocrx_word' id='word_1_527' title='bbox 1287 4438 1444 4492; x_wconf 87' lang='lat' dir='ltr'><strong>illum</strong></span> <span class='ocrx_word' id='word_1_528' title='bbox 1486 4436 1703 4507; x_wconf 82' lang='grc' dir='ltr'>μέλιτος</span> <span class='ocrx_word' id='word_1_529' title='bbox 1742 4434 2026 4504; x_wconf 68' lang='grc' dir='ltr'>ἐπώνυμον</span> 
     </span>
    </p>
   </div>
   <div class='ocr_carea' id='block_1_82' title="bbox 449 4520 2029 4650">
    <p class='ocr_par' dir='ltr' id='par_1_82' title="bbox 449 4520 2029 4650">
     <span class='ocr_line' id='line_1_82' title="bbox 449 4520 2029 4650; baseline -0.004 -16"><span class='ocrx_word' id='word_1_530' title='bbox 449 4520 634 4648; x_wconf 51' lang='grc' dir='ltr'><strong>νοῗδὲί)</strong></span> <span class='ocrx_word' id='word_1_531' title='bbox 684 4579 1026 4650; x_wconf 82' lang='grc' dir='ltr'>Παρασήμῳ</span> <span class='ocrx_word' id='word_1_532' title='bbox 1071 4578 1331 4650; x_wconf 54' lang='grc' dir='ltr'>ὀνόματι.</span> <span class='ocrx_word' id='word_1_533' title='bbox 1370 4575 1527 4632; x_wconf 81' lang='lat' dir='ltr'><strong>Hunc</strong></span> <span class='ocrx_word' id='word_1_534' title='bbox 1567 4576 1765 4650; x_wconf 77' lang='lat' dir='ltr'><strong>locun_1_</strong></span> <span class='ocrx_word' id='word_1_535' title='bbox 1793 4590 1904 4629; x_wconf 89' lang='lat' dir='ltr'><strong>non</strong></span> <span class='ocrx_word' id='word_1_536' title='bbox 1939 4573 2029 4628; x_wconf 90' lang='lat' dir='ltr'><strong>in-</strong></span> 
     </span>
    </p>
   </div>
   <div class='ocr_carea' id='block_1_83' title="bbox 450 4644 2029 4719">
    <p class='ocr_par' dir='ltr' id='par_1_83' title="bbox 450 4644 2029 4719">
     <span class='ocr_line' id='line_1_83' title="bbox 450 4644 2029 4719; baseline -0.005 -14"><span class='ocrx_word' id='word_1_537' title='bbox 450 4644 785 4707; x_wconf 73' lang='lat' dir='ltr'><strong>tellexerunt</strong></span> <span class='ocrx_word' id='word_1_538' title='bbox 829 4644 1183 4719; x_wconf 70' lang='lat' dir='ltr'><strong>interpretes.</strong></span> <span class='ocrx_word' id='word_1_539' title='bbox 1226 4646 1329 4714; x_wconf 85' lang='lat' dir='ltr'><strong>Qui</strong></span> <span class='ocrx_word' id='word_1_540' title='bbox 1369 4656 1554 4702; x_wconf 89' lang='lat' dir='ltr'><strong>tamen</strong></span> <span class='ocrx_word' id='word_1_541' title='bbox 1591 4662 1671 4719; x_wconf 81' lang='lat' dir='ltr'><strong>ex</strong></span> <span class='ocrx_word' id='word_1_542' title='bbox 1719 4644 2029 4719; x_wconf 72' lang='lat' dir='ltr'><strong>Harpocra—</strong></span> 
     </span>
    </p>
   </div>
   <div class='ocr_carea' id='block_1_84' title="bbox 452 4714 2030 4787">
    <p class='ocr_par' dir='ltr' id='par_1_84' title="bbox 452 4714 2030 4787">
     <span class='ocr_line' id='line_1_84' title="bbox 452 4714 2030 4787; baseline -0.006 -11"><span class='ocrx_word' id='word_1_543' title='bbox 452 4720 618 4777; x_wconf 79' lang='lat' dir='ltr'><strong>tionis</strong></span> <span class='ocrx_word' id='word_1_544' title='bbox 668 4721 869 4778; x_wconf 80' lang='lat' dir='ltr'><strong>Lexico</strong></span> <span class='ocrx_word' id='word_1_545' title='bbox 906 4714 1120 4776; x_wconf 78' lang='lat' dir='ltr'><strong>discere</strong></span> <span class='ocrx_word' id='word_1_546' title='bbox 1150 4728 1425 4787; x_wconf 86' lang='lat' dir='ltr'><strong>poterant,</strong></span> <span class='ocrx_word' id='word_1_547' title='bbox 1456 4716 1787 4786; x_wconf 78' lang='grc' dir='ltr'>παράσημον</span> <span class='ocrx_word' id='word_1_548' title='bbox 1822 4714 2030 4785; x_wconf 86' lang='lat' dir='ltr'><strong>signifi-</strong></span> 
     </span>
    </p>
   </div>
   <div class='ocr_carea' id='block_1_85' title="bbox 2125 4082 3703 4154">
    <p class='ocr_par' dir='ltr' id='par_1_85' title="bbox 2125 4082 3703 4154">
     <span class='ocr_line' id='line_1_85' title="bbox 2125 4082 3703 4154; baseline -0.001 -14"><span class='ocrx_word' id='word_1_549' title='bbox 2125 4100 2255 4140; x_wconf 86' lang='lat' dir='ltr'><strong>care</strong></span> <span class='ocrx_word' id='word_1_550' title='bbox 2304 4082 2716 4146; x_wconf 87' lang='lat' dir='ltr'><strong>adulterinum,</strong></span> <span class='ocrx_word' id='word_1_551' title='bbox 2762 4083 3084 4152; x_wconf 88' lang='lat' dir='ltr'><strong>metaphora</strong></span> <span class='ocrx_word' id='word_1_552' title='bbox 3134 4091 3353 4154; x_wconf 89' lang='lat' dir='ltr'><strong>sumpta</strong></span> <span class='ocrx_word' id='word_1_553' title='bbox 3408 4098 3440 4139; x_wconf 88' lang='lat' dir='ltr'><strong>a</strong></span> <span class='ocrx_word' id='word_1_554' title='bbox 3485 4093 3703 4139; x_wconf 90' lang='lat' dir='ltr'><strong>moneta</strong></span> 
     </span>
    </p>
   </div>
   <div class='ocr_carea' id='block_1_86' title="bbox 2123 4154 3702 4226">
    <p class='ocr_par' dir='ltr' id='par_1_86' title="bbox 2123 4154 3702 4226">
     <span class='ocr_line' id='line_1_86' title="bbox 2123 4154 3702 4226; baseline 0 -18"><span class='ocrx_word' id='word_1_555' title='bbox 2123 4171 2247 4226; x_wconf 69' lang='lat' dir='ltr'><strong>qua:</strong></span> <span class='ocrx_word' id='word_1_556' title='bbox 2292 4155 2483 4226; x_wconf 79' lang='lat' dir='ltr'><strong>falsam</strong></span> <span class='ocrx_word' id='word_1_557' title='bbox 2535 4154 2702 4226; x_wconf 85' lang='lat' dir='ltr'><strong>habet</strong></span> <span class='ocrx_word' id='word_1_558' title='bbox 2744 4160 2952 4207; x_wconf 77' lang='lat' dir='ltr'><strong>notant.</strong></span> <span class='ocrx_word' id='word_1_559' title='bbox 2993 4154 3337 4226; x_wconf 77' lang='grc' dir='ltr'>Ὀμοιούσιον</span> <span class='ocrx_word' id='word_1_560' title='bbox 3364 4164 3389 4193; x_wconf 78' lang='grc' dir='ltr'><strong><em>ο</em></strong></span> <span class='ocrx_word' id='word_1_561' title='bbox 3434 4154 3702 4226; x_wconf 86' lang='lat' dir='ltr'><strong>erg_o__(sic</strong></span> 
     </span>
    </p>
   </div>
   <div class='ocr_carea' id='block_1_87' title="bbox 2123 4223 3703 4293">
    <p class='ocr_par' dir='ltr' id='par_1_87' title="bbox 2123 4223 3703 4293">
     <span class='ocr_line' id='line_1_87' title="bbox 2123 4223 3703 4293; baseline -0.001 -14"><span class='ocrx_word' id='word_1_562' title='bbox 2123 4223 2272 4279; x_wconf 77' lang='lat' dir='ltr'><strong>enim</strong></span> <span class='ocrx_word' id='word_1_563' title='bbox 2318 4223 2675 4278; x_wconf 85' lang='lat' dir='ltr'><strong>scribendum</strong></span> <span class='ocrx_word' id='word_1_564' title='bbox 2718 4231 2811 4293; x_wconf 90' lang='lat' dir='ltr'><strong>est</strong></span> <span class='ocrx_word' id='word_1_565' title='bbox 2844 4238 2923 4293; x_wconf 89' lang='lat' dir='ltr'><strong>ex</strong></span> <span class='ocrx_word' id='word_1_566' title='bbox 2982 4223 3373 4293; x_wconf 89' lang='lat' dir='ltr'><strong>manuscriptis</strong></span> <span class='ocrx_word' id='word_1_567' title='bbox 3421 4223 3703 4278; x_wconf 87' lang='lat' dir='ltr'><strong>codicibus</strong></span> 
     </span>
    </p>
   </div>
   <div class='ocr_carea' id='block_1_88' title="bbox 2126 4292 3703 4357">
    <p class='ocr_par' dir='ltr' id='par_1_88' title="bbox 2126 4292 3703 4357">
     <span class='ocr_line' id='line_1_88' title="bbox 2126 4292 3703 4357; baseline -0.001 -9"><span class='ocrx_word' id='word_1_568' title='bbox 2126 4294 2445 4350; x_wconf 86' lang='lat' dir='ltr'><strong>Florentino</strong></span> <span class='ocrx_word' id='word_1_569' title='bbox 2474 4302 2531 4347; x_wconf 90' lang='lat' dir='ltr'><strong>et</strong></span> <span class='ocrx_word' id='word_1_570' title='bbox 2560 4292 2860 4357; x_wconf 86' lang='lat' dir='ltr'><strong>Sfortiano)</strong></span> <span class='ocrx_word' id='word_1_571' title='bbox 2906 4292 3279 4348; x_wconf 83' lang='lat' dir='ltr'><strong>adulterinum</strong></span> <span class='ocrx_word' id='word_1_572' title='bbox 3314 4308 3511 4347; x_wconf 90' lang='lat' dir='ltr'><strong>nomen</strong></span> <span class='ocrx_word' id='word_1_573' title='bbox 3545 4306 3703 4347; x_wconf 77' lang='lat' dir='ltr'><strong>vorat</strong></span> 
     </span>
    </p>
   </div>
   <div class='ocr_carea' id='block_1_89' title="bbox 2123 4362 3702 4434">
    <p class='ocr_par' dir='ltr' id='par_1_89' title="bbox 2123 4362 3702 4434">
     <span class='ocr_line' id='line_1_89' title="bbox 2123 4362 3702 4434; baseline -0.001 -15"><span class='ocrx_word' id='word_1_574' title='bbox 2123 4364 2398 4429; x_wconf 86' lang='lat' dir='ltr'><strong>Socrates,</strong></span> <span class='ocrx_word' id='word_1_575' title='bbox 2418 4378 2485 4419; x_wconf 91' lang='lat' dir='ltr'><strong>eo</strong></span> <span class='ocrx_word' id='word_1_576' title='bbox 2505 4362 2651 4434; x_wconf 89' lang='lat' dir='ltr'><strong>quod</strong></span> <span class='ocrx_word' id='word_1_577' title='bbox 2674 4372 2996 4431; x_wconf 90' lang='lat' dir='ltr'><strong>corruptum</strong></span> <span class='ocrx_word' id='word_1_578' title='bbox 3020 4364 3090 4417; x_wconf 85' lang='lat' dir='ltr'><strong>sit</strong></span> <span class='ocrx_word' id='word_1_579' title='bbox 3121 4372 3177 4417; x_wconf 92' lang='lat' dir='ltr'><strong>et</strong></span> <span class='ocrx_word' id='word_1_580' title='bbox 3201 4364 3568 4434; x_wconf 87' lang='lat' dir='ltr'><strong>adulteratum</strong></span> <span class='ocrx_word' id='word_1_581' title='bbox 3603 4379 3702 4432; x_wconf 89' lang='lat' dir='ltr'><strong>pro</strong></span> 
     </span>
    </p>
   </div>
   <div class='ocr_carea' id='block_1_90' title="bbox 2129 4433 3697 4504">
    <p class='ocr_par' dir='ltr' id='par_1_90' title="bbox 2129 4433 3697 4504">
     <span class='ocr_line' id='line_1_90' title="bbox 2129 4433 3697 4504; baseline 0.001 -18"><span class='ocrx_word' id='word_1_582' title='bbox 2129 4436 2435 4503; x_wconf 73' lang='grc' dir='ltr'>ὁμοούσιον,</span> <span class='ocrx_word' id='word_1_583' title='bbox 2472 4433 2618 4504; x_wconf 90' lang='lat' dir='ltr'><strong>quod</strong></span> <span class='ocrx_word' id='word_1_584' title='bbox 2646 4448 2792 4486; x_wconf 73' lang='lat' dir='ltr'><strong>vera:</strong></span> <span class='ocrx_word' id='word_1_585' title='bbox 2834 4448 2896 4486; x_wconf 88' lang='lat' dir='ltr'><strong>ac</strong></span> <span class='ocrx_word' id='word_1_586' title='bbox 2924 4434 3168 4504; x_wconf 13' lang='lat' dir='ltr'><strong>rsincera!</strong></span> <span class='ocrx_word' id='word_1_587' title='bbox 3198 4433 3324 4487; x_wconf 87' lang='lat' dir='ltr'><strong>ﬁdei</strong></span> <span class='ocrx_word' id='word_1_588' title='bbox 3356 4448 3554 4487; x_wconf 91' lang='lat' dir='ltr'><strong>nomen</strong></span> <span class='ocrx_word' id='word_1_589' title='bbox 3594 4443 3697 4487; x_wconf 85' lang='lat' dir='ltr'><strong>est.</strong></span> 
     </span>
    </p>
   </div>
   <div class='ocr_carea' id='block_1_91' title="bbox 2128 4503 3700 4574">
    <p class='ocr_par' dir='ltr' id='par_1_91' title="bbox 2128 4503 3700 4574">
     <span class='ocr_line' id='line_1_91' title="bbox 2128 4503 3700 4574; baseline -0.001 -17"><span class='ocrx_word' id='word_1_590' title='bbox 2128 4504 2301 4559; x_wconf 90' lang='lat' dir='ltr'><strong>Porro</strong></span> <span class='ocrx_word' id='word_1_591' title='bbox 2322 4503 2578 4560; x_wconf 85' lang='lat' dir='ltr'><strong>Acaciani</strong></span> <span class='ocrx_word' id='word_1_592' title='bbox 2612 4511 2726 4574; x_wconf 87' lang='lat' dir='ltr'><strong>tam</strong></span> <span class='ocrx_word' id='word_1_593' title='bbox 2751 4503 3274 4574; x_wconf 66' lang='grc' dir='ltr'>ὁμοιούσιον,ηυοιῐι</span> <span class='ocrx_word' id='word_1_594' title='bbox 3300 4505 3581 4574; x_wconf 75' lang='grc' dir='ltr'>όμοούσιον</span> <span class='ocrx_word' id='word_1_595' title='bbox 3609 4518 3700 4555; x_wconf 87' lang='lat' dir='ltr'><strong>re-</strong></span> 
     </span>
    </p>
   </div>
   <div class='ocr_carea' id='block_1_92' title="bbox 2122 4572 3700 4645">
    <p class='ocr_par' dir='ltr' id='par_1_92' title="bbox 2122 4572 3700 4645">
     <span class='ocr_line' id='line_1_92' title="bbox 2122 4572 3700 4645; baseline -0.001 -18"><span class='ocrx_word' id='word_1_596' title='bbox 2122 4574 2429 4645; x_wconf 80' lang='lat' dir='ltr'><strong>jieiebant:</strong></span> <span class='ocrx_word' id='word_1_597' title='bbox 2467 4576 2673 4645; x_wconf 75' lang='grc' dir='ltr'>ὅμοιον</span> <span class='ocrx_word' id='word_1_598' title='bbox 2699 4572 2966 4629; x_wconf 81' lang='lat' dir='ltr'><strong>duntaxat</strong></span> <span class='ocrx_word' id='word_1_599' title='bbox 3001 4572 3345 4641; x_wconf 53' lang='lat' dir='ltr'><strong>retinentes,</strong></span> <span class='ocrx_word' id='word_1_600' title='bbox 3374 4572 3700 4629; x_wconf 77' lang='lat' dir='ltr'><strong>vocabulum</strong></span> 
     </span>
    </p>
   </div>
   <div class='ocr_carea' id='block_1_93' title="bbox 2128 4643 3187 4715">
    <p class='ocr_par' dir='ltr' id='par_1_93' title="bbox 2128 4643 3187 4715">
     <span class='ocr_line' id='line_1_93' title="bbox 2128 4643 3187 4715; baseline -0.001 -17"><span class='ocrx_word' id='word_1_601' title='bbox 2128 4643 2311 4703; x_wconf 81' lang='lat' dir='ltr'><strong>autem</strong></span> <span class='ocrx_word' id='word_1_602' title='bbox 2343 4643 2529 4709; x_wconf 78' lang='grc' dir='ltr'>οὐσίας</span> <span class='ocrx_word' id='word_1_603' title='bbox 2552 4643 2773 4715; x_wconf 86' lang='lat' dir='ltr'><strong>penitus</strong></span> <span class='ocrx_word' id='word_1_604' title='bbox 2806 4654 3187 4712; x_wconf 86' lang='lat' dir='ltr'><strong>aspernantes.</strong></span> 
     </span>
    </p>
   </div>
   <div class='ocr_carea' id='block_1_94' title="bbox 1868 4868 2252 4927">
    <p class='ocr_par' dir='ltr' id='par_1_94' title="bbox 1868 4868 2252 4927">
     <span class='ocr_line' id='line_1_94' title="bbox 1868 4868 2252 4927; baseline -0.01 -1"><span class='ocrx_word' id='word_1_605' title='bbox 1868 4868 2252 4927; x_wconf 78' lang='lat' dir='ltr'><strong>VARIORUM.</strong></span> 
     </span>
    </p>
   </div>
   <div class='ocr_carea' id='block_1_95' title="bbox 519 4974 3701 5058">
    <p class='ocr_par' dir='ltr' id='par_1_95' title="bbox 519 4974 3701 5058">
     <span class='ocr_line' id='line_1_95' title="bbox 519 4974 3701 5058; baseline -0.004 -11"><span class='ocrx_word' id='word_1_606' title='bbox 519 4994 547 5034; x_wconf 72' lang='grc' dir='ltr'><strong>ἀ</strong></span> <span class='ocrx_word' id='word_1_607' title='bbox 573 4991 881 5047; x_wconf 78' lang='grc' dir='ltr'>Μελέτιον.</span> <span class='ocrx_word' id='word_1_608' title='bbox 917 4988 1075 5043; x_wconf 84' lang='lat' dir='ltr'><strong>Anno</strong></span> <span class='ocrx_word' id='word_1_609' title='bbox 1096 4987 1193 5043; x_wconf 77' lang='lat' dir='ltr'><strong>56f</strong></span> <span class='ocrx_word' id='word_1_610' title='bbox 1222 4987 1470 5058; x_wconf 86' lang='lat' dir='ltr'><strong>ineunte,</strong></span> <span class='ocrx_word' id='word_1_611' title='bbox 1501 4982 1771 5058; x_wconf 74' lang='lat' dir='ltr'><strong>Meletius,</strong></span> <span class='ocrx_word' id='word_1_612' title='bbox 1801 4982 1886 5058; x_wconf 76' lang='lat' dir='ltr'><strong>vir</strong></span> <span class='ocrx_word' id='word_1_613' title='bbox 1903 4982 2021 5052; x_wconf 91' lang='lat' dir='ltr'><strong>pie-</strong></span> <span class='ocrx_word' id='word_1_614' title='bbox 2052 4985 2095 5041; x_wconf 78' lang='grc' dir='ltr'><strong>Β</strong></span> <span class='ocrx_word' id='word_1_615' title='bbox 2124 4981 2306 5058; x_wconf 81' lang='lat' dir='ltr'><strong>potior</strong></span> <span class='ocrx_word' id='word_1_616' title='bbox 2360 4976 2948 5058; x_wconf 37' lang='lat' dir='ltr'><strong>Ariano.rum,“Euzoio</strong></span> <span class='ocrx_word' id='word_1_617' title='bbox 2980 4976 3260 5058; x_wconf 81' lang='lat' dir='ltr'><strong>episcopo.</strong></span> <span class='ocrx_word' id='word_1_618' title='bbox 3306 4974 3556 5058; x_wconf 63' lang='lat' dir='ltr'><strong>secunda</strong></span> <span class='ocrx_word' id='word_1_619' title='bbox 3590 4975 3701 5058; x_wconf 69' lang='lat' dir='ltr'><strong>Me-</strong></span> 
     </span>
    </p>
   </div>
   <div class='ocr_carea' id='block_1_96' title="bbox 450 5052 2023 5127">
    <p class='ocr_par' dir='ltr' id='par_1_96' title="bbox 450 5052 2023 5127">
     <span class='ocr_line' id='line_1_96' title="bbox 450 5052 2023 5127; baseline -0.009 -7"><span class='ocrx_word' id='word_1_620' title='bbox 450 5074 581 5127; x_wconf 87' lang='lat' dir='ltr'><strong>tate,</strong></span> <span class='ocrx_word' id='word_1_621' title='bbox 625 5060 1003 5123; x_wconf 89' lang='lat' dir='ltr'><strong>sanctimonia,</strong></span> <span class='ocrx_word' id='word_1_622' title='bbox 1067 5058 1378 5112; x_wconf 90' lang='lat' dir='ltr'><strong>eruditione</strong></span> <span class='ocrx_word' id='word_1_623' title='bbox 1436 5055 1685 5124; x_wconf 80' lang='lat' dir='ltr'><strong>insignis,</strong></span> <span class='ocrx_word' id='word_1_624' title='bbox 1737 5052 1919 5127; x_wconf 81' lang='lat' dir='ltr'><strong>studio</strong></span> <span class='ocrx_word' id='word_1_625' title='bbox 1967 5062 2023 5127; x_wconf 81' lang='lat' dir='ltr'><strong>et</strong></span> 
     </span>
    </p>
   </div>
   <div class='ocr_carea' id='block_1_97' title="bbox 449 5124 2023 5204">
    <p class='ocr_par' dir='ltr' id='par_1_97' title="bbox 449 5124 2023 5204">
     <span class='ocr_line' id='line_1_97' title="bbox 449 5124 2023 5204; baseline -0.009 -15"><span class='ocrx_word' id='word_1_626' title='bbox 449 5124 618 5204; x_wconf 84' lang='lat' dir='ltr'><strong>Opera</strong></span> <span class='ocrx_word' id='word_1_627' title='bbox 652 5132 1004 5204; x_wconf 77' lang='lat' dir='ltr'><strong>Arianorum,</strong></span> <span class='ocrx_word' id='word_1_628' title='bbox 1042 5129 1135 5204; x_wconf 83' lang='lat' dir='ltr'><strong>qui</strong></span> <span class='ocrx_word' id='word_1_629' title='bbox 1175 5143 1283 5181; x_wconf 89' lang='lat' dir='ltr'><strong>non</strong></span> <span class='ocrx_word' id='word_1_630' title='bbox 1330 5134 1413 5179; x_wconf 85' lang='lat' dir='ltr'><strong>sat</strong></span> <span class='ocrx_word' id='word_1_631' title='bbox 1441 5130 1723 5204; x_wconf 75' lang='lat' dir='ltr'><strong>explorato</strong></span> <span class='ocrx_word' id='word_1_632' title='bbox 1743 5125 1867 5204; x_wconf 3' lang='lat' dir='ltr'><strong>pejus</strong></span> <span class='ocrx_word' id='word_1_633' title='bbox 1902 5124 2023 5204; x_wconf 75' lang='lat' dir='ltr'><strong>ani-</strong></span> 
     </span>
    </p>
   </div>
   <div class='ocr_carea' id='block_1_98' title="bbox 449 5194 2023 5269">
    <p class='ocr_par' dir='ltr' id='par_1_98' title="bbox 449 5194 2023 5269">
     <span class='ocr_line' id='line_1_98' title="bbox 449 5194 2023 5269; baseline -0.01 -10"><span class='ocrx_word' id='word_1_634' title='bbox 449 5194 560 5269; x_wconf 71' lang='lat' dir='ltr'><strong>nio,</strong></span> <span class='ocrx_word' id='word_1_635' title='bbox 604 5204 745 5256; x_wconf 86' lang='lat' dir='ltr'><strong>inter</strong></span> <span class='ocrx_word' id='word_1_636' title='bbox 792 5215 921 5254; x_wconf 92' lang='lat' dir='ltr'><strong>suos</strong></span> <span class='ocrx_word' id='word_1_637' title='bbox 974 5194 1249 5269; x_wconf 78' lang='lat' dir='ltr'><strong>hominem</strong></span> <span class='ocrx_word' id='word_1_638' title='bbox 1290 5195 1777 5269; x_wconf 69' lang='lat' dir='ltr'><strong>connumeraliant,</strong></span> <span class='ocrx_word' id='word_1_639' title='bbox 1813 5194 1867 5246; x_wconf 91' lang='lat' dir='ltr'><strong>in</strong></span> <span class='ocrx_word' id='word_1_640' title='bbox 1903 5194 2023 5269; x_wconf 85' lang='lat' dir='ltr'><strong>epi-</strong></span> 
     </span>
    </p>
   </div>
   <div class='ocr_carea' id='block_1_99' title="bbox 449 5266 2019 5344">
    <p class='ocr_par' dir='ltr' id='par_1_99' title="bbox 449 5266 2019 5344">
     <span class='ocr_line' id='line_1_99' title="bbox 449 5266 2019 5344; baseline -0.009 -14"><span class='ocrx_word' id='word_1_641' title='bbox 449 5266 671 5344; x_wconf 81' lang='lat' dir='ltr'><strong>scopum</strong></span> <span class='ocrx_word' id='word_1_642' title='bbox 710 5271 1110 5344; x_wconf 82' lang='lat' dir='ltr'><strong>Antioehenum</strong></span> <span class='ocrx_word' id='word_1_643' title='bbox 1164 5268 1408 5321; x_wconf 72' lang='lat' dir='ltr'><strong>delectus</strong></span> <span class='ocrx_word' id='word_1_644' title='bbox 1449 5275 1558 5344; x_wconf 51' lang='lat' dir='ltr'><strong>est.</strong></span> <span class='ocrx_word' id='word_1_645' title='bbox 1585 5266 1814 5344; x_wconf 78' lang='lat' dir='ltr'><strong>_V&#39;erum,</strong></span> <span class='ocrx_word' id='word_1_646' title='bbox 1857 5273 1917 5317; x_wconf 92' lang='lat' dir='ltr'><strong>ut</strong></span> <span class='ocrx_word' id='word_1_647' title='bbox 1966 5266 2019 5316; x_wconf 90' lang='lat' dir='ltr'><strong>in</strong></span> 
     </span>
    </p>
   </div>
   <div class='ocr_carea' id='block_1_100' title="bbox 449 5336 2020 5406">
    <p class='ocr_par' dir='ltr' id='par_1_100' title="bbox 449 5336 2020 5406">
     <span class='ocr_line' id='line_1_100' title="bbox 449 5336 2020 5406; baseline -0.008 -7"><span class='ocrx_word' id='word_1_648' title='bbox 449 5336 600 5399; x_wconf 73' lang='lat' dir='ltr'><strong>tanto</strong></span> <span class='ocrx_word' id='word_1_649' title='bbox 629 5357 858 5396; x_wconf 89' lang='lat' dir='ltr'><strong>munere</strong></span> <span class='ocrx_word' id='word_1_650' title='bbox 892 5342 982 5393; x_wconf 87' lang='lat' dir='ltr'><strong>vix</strong></span> <span class='ocrx_word' id='word_1_651' title='bbox 1025 5340 1197 5392; x_wconf 84' lang='lat' dir='ltr'><strong>latere</strong></span> <span class='ocrx_word' id='word_1_652' title='bbox 1249 5345 1430 5406; x_wconf 81' lang='lat' dir='ltr'><strong>potest</strong></span> <span class='ocrx_word' id='word_1_653' title='bbox 1469 5336 1600 5404; x_wconf 92' lang='lat' dir='ltr'><strong>quid</strong></span> <span class='ocrx_word' id='word_1_654' title='bbox 1630 5336 1860 5403; x_wconf 87' lang='lat' dir='ltr'><strong>quisque</strong></span> <span class='ocrx_word' id='word_1_655' title='bbox 1884 5349 2020 5406; x_wconf 76' lang='lat' dir='ltr'><strong>sen-</strong></span> 
     </span>
    </p>
   </div>
   <div class='ocr_carea' id='block_1_101' title="bbox 448 5404 2019 5481">
    <p class='ocr_par' dir='ltr' id='par_1_101' title="bbox 448 5404 2019 5481">
     <span class='ocr_line' id='line_1_101' title="bbox 448 5404 2019 5481; baseline -0.009 -13"><span class='ocrx_word' id='word_1_656' title='bbox 448 5417 567 5477; x_wconf 91' lang='lat' dir='ltr'><strong>tiat,</strong></span> <span class='ocrx_word' id='word_1_657' title='bbox 603 5428 724 5466; x_wconf 74' lang='lat' dir='ltr'><strong>eum</strong></span> <span class='ocrx_word' id='word_1_658' title='bbox 754 5410 1099 5481; x_wconf 85' lang='lat' dir='ltr'><strong>potissimum</strong></span> <span class='ocrx_word' id='word_1_659' title='bbox 1130 5409 1219 5461; x_wconf 90' lang='lat' dir='ltr'><strong>ille</strong></span> <span class='ocrx_word' id='word_1_660' title='bbox 1251 5404 1352 5460; x_wconf 84' lang='lat' dir='ltr'><strong>nec</strong></span> <span class='ocrx_word' id='word_1_661' title='bbox 1383 5406 1616 5481; x_wconf 77' lang='lat' dir='ltr'><strong>obscure</strong></span> <span class='ocrx_word' id='word_1_662' title='bbox 1643 5408 1701 5481; x_wconf 58' lang='lat' dir='ltr'><strong>to</strong></span> <span class='ocrx_word' id='word_1_663' title='bbox 1734 5404 2019 5481; x_wconf 81' lang='grc' dir='ltr'>ὁμοούσιον</span> 
     </span>
    </p>
   </div>
   <div class='ocr_carea' id='block_1_102' title="bbox 416 5475 2010 5553">
    <p class='ocr_par' dir='ltr' id='par_1_102' title="bbox 416 5475 2010 5553">
     <span class='ocr_line' id='line_1_102' title="bbox 416 5475 2010 5553; baseline -0.007 -16"><span class='ocrx_word' id='word_1_664' title='bbox 416 5475 770 5553; x_wconf 54' lang='grc' dir='ltr'><strong>»υνςυιίὶρίιτυί</strong></span> <span class='ocrx_word' id='word_1_665' title='bbox 837 5486 1339 5553; x_wconf 83' lang='lat' dir='ltr'><strong>propugnaretque,</strong></span> <span class='ocrx_word' id='word_1_666' title='bbox 1391 5476 1619 5553; x_wconf 82' lang='lat' dir='ltr'><strong>Ariani,</strong></span> <span class='ocrx_word' id='word_1_667' title='bbox 1669 5475 2010 5543; x_wconf 87' lang='lat' dir='ltr'><strong>deprehensa</strong></span> 
     </span>
    </p>
   </div>
   <div class='ocr_carea' id='block_1_103' title="bbox 448 5546 2015 5627">
    <p class='ocr_par' dir='ltr' id='par_1_103' title="bbox 448 5546 2015 5627">
     <span class='ocr_line' id='line_1_103' title="bbox 448 5546 2015 5627; baseline -0.006 -19"><span class='ocrx_word' id='word_1_668' title='bbox 448 5546 567 5627; x_wconf 63' lang='lat' dir='ltr'><strong>ejus</strong></span> <span class='ocrx_word' id='word_1_669' title='bbox 580 5576 585 5593; x_wconf 64' lang='grc' dir='ltr'><em>η</em></span> <span class='ocrx_word' id='word_1_670' title='bbox 601 5546 871 5627; x_wconf 71' lang='lat' dir='ltr'><strong>doctrina,</strong></span> <span class='ocrx_word' id='word_1_671' title='bbox 891 5546 1249 5627; x_wconf 66' lang='lat' dir='ltr'><strong>deturbatum</strong></span> <span class='ocrx_word' id='word_1_672' title='bbox 1286 5563 1354 5626; x_wconf 74' lang='lat' dir='ltr'><strong>ex</strong></span> <span class='ocrx_word' id='word_1_673' title='bbox 1373 5546 1710 5627; x_wconf 69' lang='lat' dir='ltr'><strong>episcopatu</strong></span> <span class='ocrx_word' id='word_1_674' title='bbox 1721 5615 1730 5625; x_wconf 38' lang='lat' dir='ltr'><strong>I</strong></span> <span class='ocrx_word' id='word_1_675' title='bbox 1753 5553 2015 5627; x_wconf 73' lang='lat' dir='ltr'><strong>curarunt</strong></span> 
     </span>
    </p>
   </div>
   <div class='ocr_carea' id='block_1_104' title="bbox 450 5615 2011 5690">
    <p class='ocr_par' dir='ltr' id='par_1_104' title="bbox 450 5615 2011 5690">
     <span class='ocr_line' id='line_1_104' title="bbox 450 5615 2011 5690; baseline -0.006 -13"><span class='ocrx_word' id='word_1_676' title='bbox 450 5615 505 5677; x_wconf 75' lang='lat' dir='ltr'><strong>in</strong></span> <span class='ocrx_word' id='word_1_677' title='bbox 534 5623 786 5679; x_wconf 77' lang='lat' dir='ltr'><strong>exsilium</strong></span> <span class='ocrx_word' id='word_1_678' title='bbox 817 5620 1079 5690; x_wconf 85' lang='lat' dir='ltr'><strong>ablegari,</strong></span> <span class='ocrx_word' id='word_1_679' title='bbox 1112 5634 1235 5672; x_wconf 93' lang='lat' dir='ltr'><strong>cum</strong></span> <span class='ocrx_word' id='word_1_680' title='bbox 1256 5617 1344 5670; x_wconf 83' lang='lat' dir='ltr'><strong>vix</strong></span> <span class='ocrx_word' id='word_1_681' title='bbox 1368 5615 1589 5686; x_wconf 81' lang='lat' dir='ltr'><strong>triginta</strong></span> <span class='ocrx_word' id='word_1_682' title='bbox 1619 5615 1851 5669; x_wconf 90' lang='lat' dir='ltr'><strong>sedisset</strong></span> <span class='ocrx_word' id='word_1_683' title='bbox 1874 5615 2011 5677; x_wconf 90' lang='lat' dir='ltr'><strong>dies,</strong></span> 
     </span>
    </p>
   </div>
   <div class='ocr_carea' id='block_1_105' title="bbox 449 5690 2015 5809">
    <p class='ocr_par' dir='ltr' id='par_1_105' title="bbox 449 5690 2015 5809">
     <span class='ocr_line' id='line_1_105' title="bbox 449 5690 2015 5809; baseline -0.006 -61"><span class='ocrx_word' id='word_1_684' title='bbox 449 5695 506 5748; x_wconf 94' lang='lat' dir='ltr'><strong>in</strong></span> <span class='ocrx_word' id='word_1_685' title='bbox 541 5696 765 5763; x_wconf 79' lang='lat' dir='ltr'><strong>ejusque</strong></span> <span class='ocrx_word' id='word_1_686' title='bbox 800 5692 979 5745; x_wconf 86' lang='lat' dir='ltr'><strong>locum</strong></span> <span class='ocrx_word' id='word_1_687' title='bbox 1010 5690 1276 5743; x_wconf 86' lang='lat' dir='ltr'><strong>Euzoium</strong></span> <span class='ocrx_word' id='word_1_688' title='bbox 1300 5695 1644 5755; x_wconf 82' lang='lat' dir='ltr'><strong>cooptarunt,</strong></span> <span class='ocrx_word' id='word_1_689' title='bbox 1674 5701 2015 5809; x_wconf 53' lang='lat' dir='ltr'><strong>nequaquam</strong></span> 
     </span>
     <span class='ocr_line' id='line_1_106' title="bbox 449 5755 2015 5809; baseline -0.001 0"><span class='ocrx_word' id='word_1_690' title='bbox 449 5774 757 5809; x_wconf 69' lang='grc' dir='ltr'>ςιιςηροιιιιη</span> <span class='ocrx_word' id='word_1_691' title='bbox 790 5762 917 5809; x_wconf 72' lang='lat' dir='ltr'><strong>sibi-</strong></span> <span class='ocrx_word' id='word_1_692' title='bbox 944 5776 1043 5809; x_wconf 74' lang='lat' dir='ltr'><strong>nee</strong></span> <span class='ocrx_word' id='word_1_693' title='bbox 1068 5759 1249 5809; x_wconf 65' lang='lat' dir='ltr'><strong>dubiae</strong></span> <span class='ocrx_word' id='word_1_694' title='bbox 1272 5757 1395 5809; x_wconf 81' lang='lat' dir='ltr'><strong>fidei</strong></span> <span class='ocrx_word' id='word_1_695' title='bbox 1428 5757 1723 5809; x_wconf 83' lang='lat' dir='ltr'><strong>hominem.</strong></span> <span class='ocrx_word' id='word_1_696' title='bbox 1750 5755 1840 5808; x_wconf 86' lang='lat' dir='ltr'><strong>sed</strong></span> <span class='ocrx_word' id='word_1_697' title='bbox 1909 5756 2015 5808; x_wconf 90' lang='lat' dir='ltr'><strong>ria-</strong></span> 
     </span>
    </p>
   </div>
   <div class='ocr_carea' id='block_1_106' title="bbox 449 5755 2018 5833">
    <p class='ocr_par' dir='ltr' id='par_1_106' title="bbox 449 5755 2018 5833">
     <span class='ocr_line' id='line_1_107' title="bbox 449 5755 2018 5833; baseline -0.007 -15"><span class='ocrx_word' id='word_1_698' title='bbox 449 5755 757 5833; x_wconf 77' lang='lat' dir='ltr'><strong>suspeetum</strong></span> <span class='ocrx_word' id='word_1_699' title='bbox 790 5762 917 5825; x_wconf 84' lang='lat' dir='ltr'><strong>sibi,</strong></span> <span class='ocrx_word' id='word_1_700' title='bbox 944 5776 1043 5833; x_wconf 73' lang='lat' dir='ltr'><strong>nec</strong></span> <span class='ocrx_word' id='word_1_701' title='bbox 1068 5759 1249 5813; x_wconf 62' lang='lat' dir='ltr'><strong>dubia:</strong></span> <span class='ocrx_word' id='word_1_702' title='bbox 1272 5757 1395 5833; x_wconf 80' lang='lat' dir='ltr'><strong>fidei</strong></span> <span class='ocrx_word' id='word_1_703' title='bbox 1428 5757 1723 5833; x_wconf 74' lang='lat' dir='ltr'><strong>hominem,</strong></span> <span class='ocrx_word' id='word_1_704' title='bbox 1750 5755 1840 5833; x_wconf 79' lang='lat' dir='ltr'><strong>sed</strong></span> <span class='ocrx_word' id='word_1_705' title='bbox 1860 5755 2018 5809; x_wconf 84' lang='lat' dir='ltr'><strong>Aria-</strong></span> 
     </span>
    </p>
   </div>
   <div class='ocr_carea' id='block_1_107' title="bbox 448 5826 2015 5901">
    <p class='ocr_par' dir='ltr' id='par_1_107' title="bbox 448 5826 2015 5901">
     <span class='ocr_line' id='line_1_108' title="bbox 448 5826 2015 5901; baseline -0.006 -14"><span class='ocrx_word' id='word_1_706' title='bbox 448 5826 601 5897; x_wconf 76' lang='lat' dir='ltr'><strong>nutit,</strong></span> <span class='ocrx_word' id='word_1_707' title='bbox 650 5833 972 5901; x_wconf 68' lang='lat' dir='ltr'><strong>Arianasque</strong></span> <span class='ocrx_word' id='word_1_708' title='bbox 1031 5830 1303 5901; x_wconf 61' lang='lat' dir='ltr'><strong>haereseos</strong></span> <span class='ocrx_word' id='word_1_709' title='bbox 1344 5826 1616 5901; x_wconf 76' lang='lat' dir='ltr'><strong>vindicem</strong></span> <span class='ocrx_word' id='word_1_710' title='bbox 1660 5826 2015 5901; x_wconf 76' lang='lat' dir='ltr'><strong>acerrimum.</strong></span> 
     </span>
    </p>
   </div>
   <div class='ocr_carea' id='block_1_108' title="bbox 449 5897 2021 5959">
    <p class='ocr_par' dir='ltr' id='par_1_108' title="bbox 449 5897 2021 5959">
     <span class='ocr_line' id='line_1_109' title="bbox 449 5897 2021 5959; baseline -0.005 -1"><span class='ocrx_word' id='word_1_711' title='bbox 449 5905 587 5958; x_wconf 85' lang='lat' dir='ltr'><strong>llinc</strong></span> <span class='ocrx_word' id='word_1_712' title='bbox 625 5913 738 5958; x_wconf 91' lang='lat' dir='ltr'><strong>tres</strong></span> <span class='ocrx_word' id='word_1_713' title='bbox 762 5903 816 5956; x_wconf 91' lang='lat' dir='ltr'><strong>in</strong></span> <span class='ocrx_word' id='word_1_714' title='bbox 852 5897 1033 5959; x_wconf 76' lang='lat' dir='ltr'><strong>partes</strong></span> <span class='ocrx_word' id='word_1_715' title='bbox 1056 5900 1313 5956; x_wconf 84' lang='lat' dir='ltr'><strong>distracta</strong></span> <span class='ocrx_word' id='word_1_716' title='bbox 1342 5898 1553 5952; x_wconf 88' lang='lat' dir='ltr'><strong>civitas.</strong></span> <span class='ocrx_word' id='word_1_717' title='bbox 1585 5897 1763 5951; x_wconf 88' lang='lat' dir='ltr'><strong>Prima</strong></span> <span class='ocrx_word' id='word_1_718' title='bbox 1791 5911 2021 5951; x_wconf 87' lang='lat' dir='ltr'><strong>numero</strong></span> 
     </span>
    </p>
   </div>
   <div class='ocr_carea' id='block_1_109' title="bbox 2146 5042 3699 5117">
    <p class='ocr_par' dir='ltr' id='par_1_109' title="bbox 2146 5042 3699 5117">
     <span class='ocr_line' id='line_1_110' title="bbox 2146 5042 3699 5117; baseline -0.001 -12"><span class='ocrx_word' id='word_1_719' title='bbox 2146 5052 2450 5105; x_wconf 89' lang='lat' dir='ltr'><strong>etianorum</strong></span> <span class='ocrx_word' id='word_1_720' title='bbox 2479 5049 2575 5117; x_wconf 91' lang='lat' dir='ltr'><strong>qui</strong></span> <span class='ocrx_word' id='word_1_721' title='bbox 2609 5048 2664 5102; x_wconf 90' lang='lat' dir='ltr'><strong>in</strong></span> <span class='ocrx_word' id='word_1_722' title='bbox 2713 5048 2888 5103; x_wconf 71' lang='lat' dir='ltr'><strong>Palaea</strong></span> <span class='ocrx_word' id='word_1_723' title='bbox 2931 5042 3031 5101; x_wconf 76' lang='lat' dir='ltr'><strong>seu</strong></span> <span class='ocrx_word' id='word_1_724' title='bbox 3061 5042 3233 5102; x_wconf 74' lang='lat' dir='ltr'><strong>veteri</strong></span> <span class='ocrx_word' id='word_1_725' title='bbox 3268 5042 3407 5117; x_wconf 79' lang='lat' dir='ltr'><strong>urbe</strong></span> <span class='ocrx_word' id='word_1_726' title='bbox 3440 5047 3699 5117; x_wconf 80' lang='lat' dir='ltr'><strong>collectas</strong></span> 
     </span>
    </p>
   </div>
   <div class='ocr_carea' id='block_1_110' title="bbox 2122 5115 3696 5188">
    <p class='ocr_par' dir='ltr' id='par_1_110' title="bbox 2122 5115 3696 5188">
     <span class='ocr_line' id='line_1_111' title="bbox 2122 5115 3696 5188; baseline -0.004 -13"><span class='ocrx_word' id='word_1_727' title='bbox 2122 5122 2375 5188; x_wconf 79' lang='lat' dir='ltr'><strong>agebant,</strong></span> <span class='ocrx_word' id='word_1_728' title='bbox 2418 5136 2448 5173; x_wconf 92' lang='lat' dir='ltr'><strong>a</strong></span> <span class='ocrx_word' id='word_1_729' title='bbox 2478 5115 2694 5174; x_wconf 69' lang='lat' dir='ltr'><strong>lileletio</strong></span> <span class='ocrx_word' id='word_1_730' title='bbox 2723 5133 2909 5171; x_wconf 89' lang='lat' dir='ltr'><strong>sanam</strong></span> <span class='ocrx_word' id='word_1_731' title='bbox 2940 5117 3115 5188; x_wconf 85' lang='lat' dir='ltr'><strong>edocti</strong></span> <span class='ocrx_word' id='word_1_732' title='bbox 3152 5115 3550 5188; x_wconf 86' lang='lat' dir='ltr'><strong>ﬁdem._Tertia</strong></span> <span class='ocrx_word' id='word_1_733' title='bbox 3583 5116 3696 5170; x_wconf 84' lang='lat' dir='ltr'><strong>Eu-</strong></span> 
     </span>
    </p>
   </div>
   <div class='ocr_carea' id='block_1_111' title="bbox 2124 5186 3691 5255">
    <p class='ocr_par' dir='ltr' id='par_1_111' title="bbox 2124 5186 3691 5255">
     <span class='ocr_line' id='line_1_112' title="bbox 2124 5186 3691 5255; baseline -0.003 -10"><span class='ocrx_word' id='word_1_734' title='bbox 2124 5186 2547 5253; x_wconf 80' lang='lat' dir='ltr'><strong>stathianorum,</strong></span> <span class='ocrx_word' id='word_1_735' title='bbox 2584 5204 2614 5241; x_wconf 89' lang='lat' dir='ltr'><strong>a</strong></span> <span class='ocrx_word' id='word_1_736' title='bbox 2656 5188 2711 5243; x_wconf 91' lang='lat' dir='ltr'><strong>S.</strong></span> <span class='ocrx_word' id='word_1_737' title='bbox 2758 5187 3047 5241; x_wconf 89' lang='lat' dir='ltr'><strong>Eustathio</strong></span> <span class='ocrx_word' id='word_1_738' title='bbox 3090 5188 3220 5240; x_wconf 92' lang='lat' dir='ltr'><strong>olim</strong></span> <span class='ocrx_word' id='word_1_739' title='bbox 3276 5186 3551 5255; x_wconf 89' lang='lat' dir='ltr'><strong>episcopo.</strong></span> <span class='ocrx_word' id='word_1_740' title='bbox 3591 5188 3691 5255; x_wconf 81' lang='lat' dir='ltr'><strong>(Cl.</strong></span> 
     </span>
    </p>
   </div>
   <div class='ocr_carea' id='block_1_112' title="bbox 2125 5256 3696 5324">
    <p class='ocr_par' dir='ltr' id='par_1_112' title="bbox 2125 5256 3696 5324">
     <span class='ocr_line' id='line_1_113' title="bbox 2125 5256 3696 5324; baseline -0.003 -9"><span class='ocrx_word' id='word_1_741' title='bbox 2125 5261 2379 5315; x_wconf 85' lang='lat' dir='ltr'><strong>monachi</strong></span> <span class='ocrx_word' id='word_1_742' title='bbox 2411 5258 2748 5314; x_wconf 89' lang='lat' dir='ltr'><strong>Benedictini</strong></span> <span class='ocrx_word' id='word_1_743' title='bbox 2779 5258 2875 5311; x_wconf 81' lang='lat' dir='ltr'><strong>Vit.</strong></span> <span class='ocrx_word' id='word_1_744' title='bbox 2902 5257 3158 5311; x_wconf 75' lang='lat' dir='ltr'><strong>Athanas.</strong></span> <span class='ocrx_word' id='word_1_745' title='bbox 3184 5257 3248 5311; x_wconf 88' lang='lat' dir='ltr'><strong>ad</strong></span> <span class='ocrx_word' id='word_1_746' title='bbox 3273 5271 3400 5309; x_wconf 89' lang='lat' dir='ltr'><strong>ann.</strong></span> <span class='ocrx_word' id='word_1_747' title='bbox 3419 5256 3563 5324; x_wconf 80' lang='grc'><strong>561).</strong></span> <span class='ocrx_word' id='word_1_748' title='bbox 3590 5256 3696 5311; x_wconf 89' lang='lat' dir='ltr'><strong>Alii</strong></span> 
     </span>
    </p>
   </div>
   <div class='ocr_carea' id='block_1_113' title="bbox 2124 5325 3693 5396">
    <p class='ocr_par' dir='ltr' id='par_1_113' title="bbox 2124 5325 3693 5396">
     <span class='ocr_line' id='line_1_114' title="bbox 2124 5325 3693 5396; baseline -0.004 -11"><span class='ocrx_word' id='word_1_749' title='bbox 2124 5340 2308 5385; x_wconf 87' lang='lat' dir='ltr'><strong>autem</strong></span> <span class='ocrx_word' id='word_1_750' title='bbox 2351 5330 2630 5384; x_wconf 85' lang='lat' dir='ltr'><strong>Meletium</strong></span> <span class='ocrx_word' id='word_1_751' title='bbox 2665 5328 2911 5382; x_wconf 62' lang='lat' dir='ltr'><strong>formula:</strong></span> <span class='ocrx_word' id='word_1_752' title='bbox 2948 5328 3229 5382; x_wconf 73' lang='lat' dir='ltr'><strong>Acaciante</strong></span> <span class='ocrx_word' id='word_1_753' title='bbox 3269 5328 3325 5380; x_wconf 89' lang='lat' dir='ltr'><strong>in</strong></span> <span class='ocrx_word' id='word_1_754' title='bbox 3359 5327 3564 5396; x_wconf 79' lang='lat' dir='ltr'><strong>synodo</strong></span> <span class='ocrx_word' id='word_1_755' title='bbox 3595 5325 3693 5378; x_wconf 91' lang='lat' dir='ltr'><strong>Se-</strong></span> 
     </span>
    </p>
   </div>
   <div class='ocr_carea' id='block_1_114' title="bbox 2124 5396 3696 5468">
    <p class='ocr_par' dir='ltr' id='par_1_114' title="bbox 2124 5396 3696 5468">
     <span class='ocr_line' id='line_1_115' title="bbox 2124 5396 3696 5468; baseline -0.003 -14"><span class='ocrx_word' id='word_1_756' title='bbox 2124 5400 2387 5456; x_wconf 88' lang='lat' dir='ltr'><strong>leuciensi</strong></span> <span class='ocrx_word' id='word_1_757' title='bbox 2455 5398 2845 5468; x_wconf 87' lang='lat' dir='ltr'><strong>subscripsisse</strong></span> <span class='ocrx_word' id='word_1_758' title='bbox 2913 5398 3209 5452; x_wconf 76' lang='lat' dir='ltr'><strong>observant</strong></span> <span class='ocrx_word' id='word_1_759' title='bbox 3257 5396 3696 5468; x_wconf 88' lang='lat' dir='ltr'><strong>:Philostorgius</strong></span> 
     </span>
    </p>
   </div>
   <div class='ocr_carea' id='block_1_115' title="bbox 2120 5467 3694 5539">
    <p class='ocr_par' dir='ltr' id='par_1_115' title="bbox 2120 5467 3694 5539">
     <span class='ocr_line' id='line_1_116' title="bbox 2120 5467 3694 5539; baseline -0.005 -14"><span class='ocrx_word' id='word_1_760' title='bbox 2120 5472 2283 5535; x_wconf 88' lang='lat' dir='ltr'><strong>lib.v,</strong></span> <span class='ocrx_word' id='word_1_761' title='bbox 2310 5486 2431 5539; x_wconf 89' lang='lat' dir='ltr'><strong>cap.</strong></span> <span class='ocrx_word' id='word_1_762' title='bbox 2459 5472 2511 5532; x_wconf 80' lang='grc'>1,</span> <span class='ocrx_word' id='word_1_763' title='bbox 2545 5467 2721 5539; x_wconf 81' lang='lat' dir='ltr'><strong>ipsum</strong></span> <span class='ocrx_word' id='word_1_764' title='bbox 2743 5469 2803 5520; x_wconf 90' lang='grc' dir='ltr'>τὸ</span> <span class='ocrx_word' id='word_1_765' title='bbox 2823 5467 3135 5539; x_wconf 19' lang='grc' dir='ltr'>ἑτερούσιονγ</span> <span class='ocrx_word' id='word_1_766' title='bbox 3152 5467 3457 5539; x_wconf 83' lang='lat' dir='ltr'><strong>simulasse,</strong></span> <span class='ocrx_word' id='word_1_767' title='bbox 3485 5467 3694 5539; x_wconf 53' lang='lat' dir='ltr'><strong>etAri-</strong></span> 
     </span>
    </p>
   </div>
   <div class='ocr_carea' id='block_1_116' title="bbox 2116 5536 3696 5596">
    <p class='ocr_par' dir='ltr' id='par_1_116' title="bbox 2116 5536 3696 5596">
     <span class='ocr_line' id='line_1_117' title="bbox 2116 5536 3696 5596; baseline -0.005 0"><span class='ocrx_word' id='word_1_768' title='bbox 2116 5542 2349 5596; x_wconf 87' lang='lat' dir='ltr'><strong>minensi</strong></span> <span class='ocrx_word' id='word_1_769' title='bbox 2375 5536 2621 5595; x_wconf 68' lang='lat' dir='ltr'><strong>formulae</strong></span> <span class='ocrx_word' id='word_1_770' title='bbox 2642 5536 3029 5596; x_wconf 80' lang='lat' dir='ltr'><strong>subscripsisse</strong></span> <span class='ocrx_word' id='word_1_771' title='bbox 3058 5538 3304 5591; x_wconf 86' lang='lat' dir='ltr'><strong>afﬁrmat.</strong></span> <span class='ocrx_word' id='word_1_772' title='bbox 3320 5536 3491 5591; x_wconf 86' lang='lat' dir='ltr'><strong>Aliter</strong></span> <span class='ocrx_word' id='word_1_773' title='bbox 3514 5536 3696 5589; x_wconf 87' lang='lat' dir='ltr'><strong>Theo-</strong></span> 
     </span>
    </p>
   </div>
   <div class='ocr_carea' id='block_1_117' title="bbox 2117 5606 3691 5678">
    <p class='ocr_par' dir='ltr' id='par_1_117' title="bbox 2117 5606 3691 5678">
     <span class='ocr_line' id='line_1_118' title="bbox 2117 5606 3691 5678; baseline -0.005 -12"><span class='ocrx_word' id='word_1_774' title='bbox 2117 5613 2278 5666; x_wconf 90' lang='lat' dir='ltr'><strong>dorit.</strong></span> <span class='ocrx_word' id='word_1_775' title='bbox 2312 5610 2449 5666; x_wconf 81' lang='lat' dir='ltr'><strong>ilist.</strong></span> <span class='ocrx_word' id='word_1_776' title='bbox 2478 5611 2576 5666; x_wconf 90' lang='lat' dir='ltr'><strong>lib.</strong></span> <span class='ocrx_word' id='word_1_777' title='bbox 2612 5625 2670 5675; x_wconf 79' lang='grc' dir='ltr'><strong>ιι,</strong></span> <span class='ocrx_word' id='word_1_778' title='bbox 2709 5624 2828 5678; x_wconf 91' lang='lat' dir='ltr'><strong>cap.</strong></span> <span class='ocrx_word' id='word_1_779' title='bbox 2863 5606 2953 5672; x_wconf 76' lang='grc'>51,</span> <span class='ocrx_word' id='word_1_780' title='bbox 2984 5618 3040 5662; x_wconf 92' lang='lat' dir='ltr'><strong>et</strong></span> <span class='ocrx_word' id='word_1_781' title='bbox 3072 5608 3342 5678; x_wconf 89' lang='lat' dir='ltr'><strong>Epiphan.</strong></span> <span class='ocrx_word' id='word_1_782' title='bbox 3376 5606 3571 5661; x_wconf 61' lang='lat' dir='ltr'><strong>haeres.</strong></span> <span class='ocrx_word' id='word_1_783' title='bbox 3603 5606 3691 5671; x_wconf 78' lang='lat'><strong>75,</strong></span> 
     </span>
    </p>
   </div>
   <div class='ocr_carea' id='block_1_118' title="bbox 2119 5684 2434 5745">
    <p class='ocr_par' dir='ltr' id='par_1_118' title="bbox 2119 5684 2434 5745">
     <span class='ocr_line' id='line_1_119' title="bbox 2119 5684 2434 5745; baseline -0.006 -8"><span class='ocrx_word' id='word_1_784' title='bbox 2119 5700 2174 5737; x_wconf 78' lang='grc' dir='ltr'><strong>ιι.</strong></span> <span class='ocrx_word' id='word_1_785' title='bbox 2207 5684 2295 5745; x_wconf 75' lang='grc'><strong>29,</strong></span> <span class='ocrx_word' id='word_1_786' title='bbox 2329 5689 2434 5735; x_wconf 88' lang='lat' dir='ltr'><strong>etc.</strong></span> 
     </span>
    </p>
   </div>
   <div class='ocr_carea' id='block_1_119' title="bbox 2194 5746 3694 5810">
    <p class='ocr_par' dir='ltr' id='par_1_119' title="bbox 2194 5746 3694 5810">
     <span class='ocr_line' id='line_1_120' title="bbox 2194 5746 3694 5810; baseline -0.007 -3"><span class='ocrx_word' id='word_1_787' title='bbox 2194 5765 2217 5792; x_wconf 78' lang='grc' dir='ltr'><strong>ε</strong></span> <span class='ocrx_word' id='word_1_788' title='bbox 2250 5749 2619 5807; x_wconf 82' lang='lat' dir='ltr'><strong>Eruditissimi</strong></span> <span class='ocrx_word' id='word_1_789' title='bbox 2652 5746 2993 5804; x_wconf 89' lang='lat' dir='ltr'><strong>Benedictini</strong></span> <span class='ocrx_word' id='word_1_790' title='bbox 3023 5748 3079 5802; x_wconf 92' lang='lat' dir='ltr'><strong>in</strong></span> <span class='ocrx_word' id='word_1_791' title='bbox 3124 5747 3385 5804; x_wconf 88' lang='lat' dir='ltr'><strong>Athanas.</strong></span> <span class='ocrx_word' id='word_1_792' title='bbox 3417 5746 3492 5801; x_wconf 84' lang='lat' dir='ltr'><strong>De</strong></span> <span class='ocrx_word' id='word_1_793' title='bbox 3528 5760 3694 5810; x_wconf 63' lang='lat' dir='ltr'><strong>syno-</strong></span> 
     </span>
    </p>
   </div>
   <div class='ocr_carea' id='block_1_120' title="bbox 2122 5818 3695 5893">
    <p class='ocr_par' dir='ltr' id='par_1_120' title="bbox 2122 5818 3695 5893">
     <span class='ocr_line' id='line_1_121' title="bbox 2122 5818 3695 5893; baseline -0.004 -17"><span class='ocrx_word' id='word_1_794' title='bbox 2122 5823 2228 5887; x_wconf 87' lang='lat' dir='ltr'><strong>dis,</strong></span> <span class='ocrx_word' id='word_1_795' title='bbox 2261 5840 2379 5893; x_wconf 80' lang='lat' dir='ltr'><strong>pag.</strong></span> <span class='ocrx_word' id='word_1_796' title='bbox 2421 5823 2544 5884; x_wconf 73' lang='grc'>⁸146,</span> <span class='ocrx_word' id='word_1_797' title='bbox 2574 5822 2715 5893; x_wconf 86' lang='lat' dir='ltr'><strong>hanc</strong></span> <span class='ocrx_word' id='word_1_798' title='bbox 2744 5835 2935 5873; x_wconf 86' lang='lat' dir='ltr'><strong>vocem</strong></span> <span class='ocrx_word' id='word_1_799' title='bbox 2959 5819 3299 5893; x_wconf 75' lang='grc' dir='ltr'>όμοιοούσιον</span> <span class='ocrx_word' id='word_1_800' title='bbox 3327 5818 3600 5882; x_wconf 87' lang='lat' dir='ltr'><strong>scribunt,</strong></span> <span class='ocrx_word' id='word_1_801' title='bbox 3638 5825 3695 5871; x_wconf 80' lang='lat' dir='ltr'><strong>et</strong></span> 
     </span>
    </p>
   </div>
   <div class='ocr_carea' id='block_1_121' title="bbox 2124 5888 3108 5950">
    <p class='ocr_par' dir='ltr' id='par_1_121' title="bbox 2124 5888 3108 5950">
     <span class='ocr_line' id='line_1_122' title="bbox 2124 5888 3108 5950; baseline -0.009 0"><span class='ocrx_word' id='word_1_802' title='bbox 2124 5896 2201 5950; x_wconf 84' lang='lat' dir='ltr'><strong>sic</strong></span> <span class='ocrx_word' id='word_1_803' title='bbox 2228 5888 2354 5949; x_wconf 53' lang='lat' dir='ltr'><strong>cisse</strong></span> <span class='ocrx_word' id='word_1_804' title='bbox 2375 5891 2721 5948; x_wconf 85' lang='lat' dir='ltr'><strong>scribendam</strong></span> <span class='ocrx_word' id='word_1_805' title='bbox 2744 5888 3108 5946; x_wconf 87' lang='lat' dir='ltr'><strong>contendunt.</strong></span> 
     </span>
    </p>
   </div>
  </div>
