4508 6588
435 441 534 498 337

1457 448 1777 506 HISTORIA
1821 448 2372 504 ECCLESlASTiCA.
2404 481 2468 488 ——
2511 450 2638 504 LIB.
2685 451 2745 504 ll.

449 558 600 611 Ἐπεὶ
631 555 688 612 δὲ
720 556 1234 630 φιλονεικησάντων,
1258 561 1416 616 τοῦτο
1445 564 1647 634 μᾶλλον
1676 565 2000 634 ἐκράτησεν,
2033 570 2074 626 Α
2106 582 2229 620 cum

1963 581 2000 626 ν,
2033 570 2074 626 Α
2106 575 2375 620 conventu
2418 565 2714 636 ejiciendus
2743 564 2895 657 prius
2923 577 3042 615 esse
3094 563 3374 627 dicentes,
3427 570 3540 616 tum
3586 580 3681 617 eos
3740 590 3743 600 ἢ

438 648 742 720 ὑπεξῄεσαν
789 650 887 720 μὲν
929 652 978 704 οί
1011 654 1068 706 ἐν
1095 653 1328 706 αἰτιάσει
1359 656 1715 725 τυγχάνοντες
1739 671 1752 685 °
1798 657 2011 709 άντεισ-

436 737 597 806 ἦλθον
641 739 699 792 δέ
740 739 787 792 οί
817 741 945 811 περὶ
995 741 1269 797 Ἀκάκιον.
1326 742 1458 798 Τότε
1491 745 1548 798 δὲ
1589 749 1617 799 6
1647 749 1866 809 Λεωνᾶς
1900 745 2002 816 ἔφη

398 868 399 871 η
439 827 640 896 βιϐλίον
683 828 928 883 δεδόσθαι
980 831 1130 902 αύτῷ
1185 833 1337 902 παρᾶ
1376 835 1485 886 τῶν
1534 836 1664 904 περὶ
1729 837 2010 898 Ἀκάκιον,

439 920 765 992 ἀποκρύψας
789 922 865 986 ὡς
893 923 978 993 εἴη
1007 923 1275 994 δόγματος
1311 926 1698 997 ύπαγόρευσις,
1729 927 1890 981 τοῦτο
1915 928 2015 997 μὲν

438 1011 740 1080 λεληθότως
764 1053 780 1074 ,
833 1013 990 1068 τοῦτο
1031 1014 1087 1067 δὲ
1122 1017 1218 1069 καὶ
1265 1017 1516 1089 φανερῶς
1545 1017 1856 1088 μαχομένου
1905 1019 2016 1081 τοῖς

441 1102 821 1171 προλαϐοῦσιν.
863 1104 949 1168 Ὧς
980 1104 1038 1158 δὲ
1065 1108 1113 1160 οί
1141 1108 1408 1179 παρόντες
1449 1099 1732 1178 ἡσύχασαν
1757 1148 1772 1172 ,
1812 1107 1939 1162 ἄλλο
1963 1125 2016 1160 τι

445 1195 640 1263 μᾶλλον
668 1194 701 1266 ἢ
734 1195 971 1262 πίστεως
1002 1197 1212 1252 ἔκδοσιν
1241 1199 1517 1271 περιέχειν
1544 1199 1606 1253 τὸ
1635 1199 1838 1270 βιϐλίον
1864 1200 2016 1269 νομί-

443 1301 654 1348 σαντες,
692 1285 993 1354 τηνικαῦτα
1040 1289 1136 1343 καὶ
1178 1289 1432 1344 Ἀκακίου
1463 1290 1564 1359 τῆς
1613 1290 1848 1353 πίστεως
1888 1289 2012 1343 σύν-

441 1393 630 1447 ταγμα
651 1377 748 1431 σὺν
776 1374 855 1448 τῷ
887 1379 1159 1452 προοιμίῳ
1199 1381 1533 1452 ἀνεγνώσθη,
1565 1381 1751 1435 τοῦτον
1779 1380 1899 1452 ἔχον
1927 1381 2018 1435 τὸν

443 1468 662 1530 τρόπον’
706 1469 898 1541 Ἡμεῖς
926 1471 1271 1536 συνελθόντες
1296 1473 1355 1527 ἐν
1379 1472 1670 1543 Σελευκείᾳ
1699 1473 1800 1542 τῆς
1845 1471 2019 1526 Ἰσαυ-

447 1559 565 1630 ρίας
605 1561 747 1615 κατά
783 1561 845 1614 τὸ
882 1561 1160 1632 βασιλικὸν
1199 1562 1481 1636 βούλημα,
1520 1567 1589 1635 τῇ
1640 1561 1768 1635 χθὲς
1791 1564 1978 1635 ἡμέρᾳ
2001 1604 2016 1630 ,

444 1652 566 1720 ἥτις
596 1647 666 1723 ἦν
711 1653 820 1723 πρὸ
869 1653 1031 1706 πέντε
1075 1653 1366 1708 Καλανδῶν
1412 1655 1792 1726 Ὀκτωϐρίων,
1839 1657 2020 1711 πᾶσαν

447 1743 683 1815 σπουδὴν
711 1744 946 1815 ἐθέμεθα
965 1785 982 1810 ,
1017 1745 1154 1816 μετά
1180 1745 1360 1816 πάσης
1391 1745 1642 1813 εὐταξίας
1669 1746 1768 1818 τὴν
1794 1747 2020 1817 εἰρήνην

444 1835 512 1904 τῇ
547 1833 842 1905 Ἐκκλησία
865 1833 1119 1904 φυλάξαι,
1143 1834 1238 1888 καὶ
1256 1834 1490 1906 περὶτῆς
1505 1835 1736 1898 πίστεως
1747 1834 2021 1898 εὐσταθῶς

443 1922 752 1986 διαλαϐεῖν,
782 1923 858 1987 ὡς
893 1923 1226 1995 προσέταξεν
1255 1927 1285 1978 6
1317 1925 1730 1994 θεοφιλέστατος
1766 1924 2019 1995 βασιλεὺς
2052 1906 2094 1960 Β

447 2013 606 2086 ἡμῶν
634 2014 1038 2082 Κωνστάντιος,
1071 2017 1213 2070 κατὰ
1239 2016 1338 2082 τὰς
1369 2016 1713 2089 προφητικὰς
1739 2016 1832 2069 καὶ
1857 2015 2022 2084 εύαγ-

446 2102 672 2172 γελικὰς
701 2106 885 2174 φωνὰς
909 2146 925 2170 ,
961 2108 1056 2160 καὶ
1101 2108 1268 2178 μηδὲν
1300 2109 1452 2179 παρά
1477 2108 1576 2171 τάς
1609 2107 1760 2170 θείας
1797 2106 2020 2178 Γραφάς

445 2194 752 2264 εἰσενέγκαι
769 2200 834 2269 τῇ
865 2199 1318 2270 Ἐκκλησιαστικῇ
1341 2199 1545 2253 πίστει.
1562 2198 1779 2270 Ἐπειδὴ
1797 2197 1854 2252 δέ
1872 2214 2018 2261 τινες

447 2288 505 2339 ἐν
535 2289 601 2357 τῇ
636 2288 836 2358 συνόδῳ
855 2330 870 2355 ,
917 2290 1046 2354 τοὺς
1077 2289 1176 2360 μὲν
1200 2290 1356 2362 ήμῶν
1387 2289 1638 2361 ὕϐρισαν,
1673 2291 1797 2354 τοὺς
1823 2290 1879 2343 δὲ
1923 2290 2022 2342 ἐτιτ⁴

447 2377 760 2449 εστόμισαν,
783 2381 842 2432 ού
863 2381 1268 2453 συγχωροῦντες
1290 2381 1470 2436 λαλεῖν
1489 2400 1503 2414 ·
1535 2383 1658 2448 τοὺς
1687 2383 1744 2436 δὲ
1770 2381 2021 2437 ἀπέκλει-

451 2471 796 2538 σανάκοντας
820 2486 834 2501 ·
857 2473 952 2526 καὶ
983 2475 1112 2537 τοὺς
1139 2473 1557 2545 καθῃρημένους
1588 2474 1644 2527 δὲ
1668 2474 1734 2526 ἐκ
1753 2472 2020 2543 διαφόρων

451 2561 730 2632 ἐπαρχιῶν
768 2557 912 2633 εἶχον
951 2562 1067 2634 μεθ’
1100 2562 1338 2616 ἑαυτῶν·
1364 2564 1459 2617 καὶ
1489 2564 1615 2626 τοὺς
1648 2562 1800 2634 παρὰ
1825 2562 2022 2617 κανόνα

451 2653 825 2718 καταστάντας
848 2650 982 2725 ἦγον
1024 2654 1143 2725 μεθ’
1169 2655 1376 2710 ἑαυτῶν
1397 2673 1410 2686 ·
1445 2654 1522 2718 ὼς
1551 2654 1888 2725 πανταχόθεν
1935 2653 2020 2708 θο-

453 2743 617 2813 ρύϐου
635 2743 814 2816 πλήρη
837 2746 1091 2814 γενέσθαι
1110 2747 1209 2818 τὴν
1239 2745 1477 2812 σύνοδον,
1507 2744 1686 2809 καθὼς
1714 2746 1808 2799 καὶ
1829 2745 1860 2798 6
1878 2743 2018 2815 λαμ-

452 2833 718 2904 πρότατος
751 2833 1051 2904 ἡγούμενος
1076 2836 1175 2907 τῆς
1217 2835 1489 2906 ἐπαρχίας
1530 2835 1827 2906 Λαυρίκιος
1871 2834 2020 2905 (68),

454 2926 546 2978 καὶ
578 2927 608 2978 6
634 2927 1016 2998 λαμπρότατος
1042 2928 1217 3000 κόμης
1249 2930 1468 2992 Λεωνᾶς
1510 2929 1745 3000 αὐτοψίᾳ
1779 2929 2020 3000 παρέλα-

452 3016 564 3082 ϐον,
590 3017 780 3071 τούτου
813 3018 999 3073 ἕνεκεν
1030 3019 1388 3092 διαλαλοῦμεν
1420 3019 1614 3075 ταῦτα·
1663 3020 1750 3084 Ὡς
1796 3023 1855 3074 οὐ
1888 3019 2023 3090 φεύ-

455 3127 624 3184 γομεν
657 3120 680 3148 ³
720 3111 822 3182 τὴν
863 3113 1179 3168 ἐκτεθεϊσαν
1217 3114 1540 3186 αὐθεντικὴν
1583 3114 1764 3169 πίστιν
1808 3117 1868 3168 ἐν
1913 3115 2026 3178 τοῖς

453 3207 748 3276 ἐγκαινίοις
777 3208 890 3269 τοῖς
923 3205 1064 3298 κατά
1088 3205 1186 3277 τὴν
1225 3204 1575 3277 ’Δντιόχειαν,
1603 3205 2028 3278 προκομίζοντες
2055 3236 2101 3298 c

456 3300 647 3371 αὐτὴν,
674 3299 834 3352 είκαὶ
853 3297 1165 3367 ταμάλιστα
1192 3298 1241 3351 οί
1271 3297 1507 3369 πατέρες
1527 3299 1559 3368 ἡ
1569 3297 1684 3369 μῶν
1706 3296 1825 3350 κατ’
1855 3298 2032 3350 ἐκεῖνο

454 3391 549 3444 τοῦ
595 3389 786 3461 καιροῦ
816 3389 954 3459 πρὸς
984 3387 1045 3441 τδ
1074 3387 1430 3457 ὑποκείμενον
1453 3390 1553 3459 τῆς
1585 3387 1866 3459 ζητήσεως
1899 3403 2030 3441 συνο

459 3484 715 3556 ἔδραμον.
755 3481 909 3536 Ἐπεὶ
948 3481 1006 3534 δὲ
1044 3479 1272 3545 πολλοὺς
1301 3479 1631 3552 ἐθορύϐησεν
1659 3479 1724 3534 τὸ
1749 3477 2034 3550 ὀμοούσιον

458 3576 553 3628 καὶ
581 3574 645 3628 τὸ
671 3572 982 3655 όμοιούσιον
1025 3572 1084 3625 ἐν
1113 3573 1228 3636 τοῖς
1260 3571 1593 3644 παρελθοῦσι
1634 3571 1849 3644 χρόνοις
1869 3609 1885 3635 ,
1937 3571 2034 3626 καὶ

461 3667 624 3737 μέχρι
646 3663 770 3719 νῦν
798 3662 938 3719 ἀλλὰ
977 3661 1073 3718 καὶ
1097 3662 1300 3733 ἀρτίως
1328 3663 1545 3732 λέγεται
1587 3661 2025 3732 καινοτομεῖσθαι

459 3757 566 3810 ύπό
589 3773 749 3811 τινων
773 3755 835 3809 τὺ
862 3754 1113 3826 ἀνόμοιον
1137 3752 1233 3806 τοῦ
1256 3753 1387 3807 Υἱοῦ
1409 3754 1545 3825 πρὸς
1571 3752 1812 3823 Πατέρα·
1835 3753 2024 3807 τούτου

459 3846 620 3918 χάριν
633 3845 694 3900 τὸ
724 3845 822 3916 μὲν
847 3845 1129 3916 ὁμοούσιον
1153 3844 1248 3898 καὶ
1272 3845 1333 3898 τὸ
1348 3843 1652 3915 ὁμοιούσιον
1674 3843 2027 3916 ἐκϐάλλομεν,

459 3941 533 4002 ὼς
564 3939 844 4011 ἀλλότριον
883 3938 990 3992 τῶν
1016 3938 1266 4011 Γραφῶν,
1306 3939 1367 3992 τὺ
1403 3939 1460 3993 δὲ
1484 3940 1736 4010 ἀνόμοιον
1760 3939 2030 4010 ἀναθεμαο

460 4031 681 4100 τίζομεν
705 4048 718 4061 ·
751 4033 847 4084 καὶ
871 4030 1079 4094 πάντας
1109 4032 1223 4084 ὅσοι
1253 4029 1486 4084 τοιοῦτοι
1517 4030 1902 4101 τυγχάνουσιν,
1936 4031 2030 4084 άλ-

461 4124 702 4195 λοτρίους
727 4122 1009 4194 ἡγούμεθα
1035 4124 1133 4195 τῆς
1167 4123 1514 4194 Ἐκκλησίας.
1546 4124 1621 4177 Τὸ
1643 4123 1698 4178 δέ
1722 4123 1906 4193 ὅμοιον
1931 4121 2028 4176 τοῦ

463 4214 591 4269 Υίοῦ
637 4213 774 4286 πρὸς
807 4213 897 4270 τὸν
940 4213 1160 4285 Πατέρα
1195 4213 1382 4284 σαφῶς
1409 4213 1777 4287 ὁμολογοῦμεν
1811 4213 1858 4280 α,
1888 4213 2030 4268 κατὰ

2112 658 2201 727 qui
2234 658 2342 726 jam
2379 666 2537 710 antea
2563 654 2828 723 depositi,
2847 663 2962 707 tum
3007 654 3127 707 illos
3170 654 3265 722 qui
3297 654 3353 707 in
3388 654 3681 724 prasentia

2113 749 2352 802 accusati
2398 756 2574 801 erant.
2621 747 2750 800 Post
2798 746 3029 799 multam
3078 745 3224 798 ultro
3268 744 3514 814 citroque
3547 760 3682 798 con-

2113 841 2434 903 tentionem,
2461 855 2584 893 cum
2609 840 2724 892 hac
2756 837 3025 891 sententia
3044 835 3260 890 tandem
3289 837 3683 906 pravaluisset,

2113 931 2152 987 ii
2175 931 2268 1000 qui
2303 931 2357 984 in
2390 930 2598 984 crimen
2630 929 2809 984 vocati
2841 929 3077 993 fuerant,
3114 929 3318 999 egressi
3346 937 3475 982 sunt
3504 944 3517 979 :
3543 929 3684 981 Aea-

2115 1022 2256 1077 ciani
2291 1036 2420 1075 vero
2453 1020 2734 1075 introiere.
2764 1020 2904 1074 Tum
2945 1019 3157 1074 Leonas
3198 1019 3450 1073 libellum
3479 1017 3581 1071 sibi
3617 1017 3687 1070 ab

2115 1112 2312 1167 Acacio
2356 1110 2618 1165 traditum
2661 1126 2781 1167 esse
2824 1111 3004 1165 dixit:
3039 1111 3392 1166 dissimulans
3445 1111 3684 1168 interi-ni.

2115 1202 2262 1273 quod
2311 1212 2455 1257 esset
2499 1203 2768 1272 expositio
2817 1202 2980 1266 fidei,
3045 1218 3193 1256 nunc
3243 1202 3491 1264 occulte,
3543 1218 3689 1255 nunc

2117 1297 2304 1365 aperte
2328 1294 2703 1364 superioribus
2733 1295 3105 1363 repugnantis.
3136 1293 3274 1347 Cum
3298 1293 3578 1346 silentium
3607 1293 3687 1345 l'e—

2119 1388 2321 1442 cissent
2361 1388 2417 1442 hi
2456 1387 2551 1456 qui
2597 1385 2847 1448 aderant,
2894 1385 3112 1455 quidvis
3153 1386 3340 1455 potius
3365 1400 3528 1454 quam
3564 1384 3688 1437 fidei

2120 1479 2407 1534 formulam
2449 1495 2517 1534 eo
2549 1479 2737 1534 libello
2769 1477 3041 1533 contineri
3092 1477 3471 1531 existimantes
3494 1515 3509 1539 ,
3561 1483 3692 1530 tunc

2121 1570 2383 1624 recitatus
2421 1578 2506 1624 est
2552 1569 2734 1624 Aeaeii
2778 1566 2920 1623 liber
2962 1567 3031 1621 de
3063 1566 3167 1620 fide
3215 1583 3339 1620 cum
3392 1567 3688 1636 proamio,

2119 1663 2213 1733 qui
2265 1663 2345 1717 sie
2389 1662 2557 1716 habet
2589 1679 2602 1713 :
2637 1661 2746 1714 Nos
2783 1661 3004 1731 quidem
3037 1674 3161 1713 cum
3205 1658 3350 1728 apud
3383 1657 3692 1712 Seleuciam

2120 1755 2341 1810 Isauria
2387 1769 2455 1808 ex
2509 1753 2852 1823 imperatoris
2904 1751 3161 1805 mandato
3211 1749 3689 1810 eonvenisscmus,

2123 1847 2382 1901 hesterno
2414 1845 2523 1909 die,
2552 1844 2659 1898 hoc
2681 1850 2783 1906 est,
2811 1850 2937 1895 ante
2963 1841 3106 1895 diem
3142 1840 3394 1908 quintum
3414 1839 3694 1892 Kalendas

2121 1934 2403 1999 Octobres,
2451 1935 2600 1989 omni
2649 1933 2832 1989 studio
2876 1931 3267 1995 laboravimus,
3294 1940 3355 1985 ut
3385 1946 3510 1985 cum
3543 1931 3689 1984 omni

2123 2026 2388 2081 modestia
2409 2042 2512 2096 pax
2531 2025 2791 2080 Ecclesia
2817 2032 3150 2088 servaretur,
3173 2031 3230 2077 et
3260 2023 3328 2077 de
3356 2022 3462 2076 fide
3483 2021 3657 2092 placid
3669 2038 3694 2074 ρ.

2127 2103 2452 2171 tractaretur
2477 2115 2632 2185 juxta
2665 2115 3014 2184 prophetieas
3037 2124 3094 2168 et
3133 2113 3479 2184 evangelieas
3510 2127 3692 2172 voces.

2121 2205 2578 2276 quemadmodum
2613 2206 2722 2259 Deo
2763 2204 3120 2259 charissimus
3166 2204 3466 2273 imperator
3510 2211 3698 2257 noster

2095 2296 2476 2368 Constantius
2498 2296 2758 2367 pracepit
2785 2314 2797 2348 :
2831 2311 2935 2349 nec
2959 2296 3259 2365 quidquam
3293 2304 3494 2364 prater
3517 2308 3700 2348 sacras

2123 2388 2435 2458 Seripturas
2460 2387 2514 2441 in
2547 2387 2972 2441 ecclesiasticam
2996 2385 3157 2440 fidem
3191 2385 3564 2440 induceretur.
3592 2383 3699 2438 Sed

2122 2480 2381 2551 quoniam
2410 2479 2465 2534 in
2490 2478 2722 2534 concilio
2746 2479 2994 2533 nonnulli
3020 2477 3159 2532 alios
3179 2493 3246 2533 ex
3267 2477 3470 2532 nostris
3501 2476 3699 2548 injuria

2123 2573 2447 2635 affecerunt,
2479 2570 2604 2626 aliis
2635 2585 2697 2625 os
2727 2570 3074 2634 obturarunt,
3116 2578 3311 2641 negata
3335 2569 3416 2625 eis
3441 2568 3698 2638 loquendi

2123 2664 2398 2730 libertate,
2427 2663 2566 2718 alios
2602 2663 2801 2716 invitos
2831 2663 3185 2718 excluserunt
3215 2679 3228 2714 :
3266 2675 3392 2715 eum
3439 2669 3621 2716 tamen
3648 2670 3723 2712 Ct;

2124 2755 2390 2825 quosdam
2412 2755 2505 2824 qui
2530 2753 2765 2823 depositi
2788 2752 3006 2807 fuerant
3027 2767 3214 2807 secum
3231 2751 3519 2814 haberent,
3539 2765 3704 2820 quos-

2125 2845 2250 2902 dam
2281 2853 2495 2915 prater.
2518 2844 2776 2900 Ecclesia
2813 2844 3059 2915 regulam
3093 2843 3378 2898 ordinatos
3411 2856 3479 2896 ex
3514 2841 3699 2896 diver~

2126 2937 2203 2993 sis
2221 2937 2515 3007 provinciis
2529 2951 2715 2992 secum
2740 2935 3094 2991 adduxissent
3122 2952 3134 2988 :
3161 2934 3299 2989 adeo
3323 2941 3384 2989 ut
3408 2933 3713 2988 concilium-

2128 3028 2370 3098 undique
2391 3027 2761 3097 compleretur
2784 3026 3046 3091 tumultu,
3081 3026 3224 3080 sicut
3251 3025 3335 3078 vir
3362 3024 3744 3081 clarissimus.

2132 3120 2289 3191 152
2312 3119 2608 3191 provincia
2633 3134 2831 3189 prases
2853 3117 3162 3182 Lauricius,
3185 3126 3243 3172 ct
3265 3117 3348 3171 vir
3370 3115 3709 3171 clarissimus

2130 3224 2313 3264 comes
2343 3208 2554 3263 Leonas
2603 3207 2704 3277 ipsi
2753 3205 2869 3261 suis
2913 3205 3092 3262 oculis
3133 3205 3391 3260 viderunt
3424 3223 3436 3257 :
3464 3204 3536 3259 ob
3585 3219 3705 3288 eain

2129 3313 2350 3355 causam
2382 3300 2498 3354 hac
2529 3298 2984 3377 interloquimur;
3008 3298 3118 3352 Nos
3141 3312 3248 3350 non
3279 3295 3577 3367 refugimus
3607 3311 3708 3350 au-

2131 3392 2433 3447 thenticam
2465 3390 2628 3446 fidem
2670 3405 2792 3460 qua
2819 3380 3125 3444 Antiochia
3175 3388 3230 3442 in
3279 3388 3538 3442 eneaniis
3580 3404 3707 3457 pm-

2131 3485 2370 3555 mulgata
2405 3489 2519 3548 est,
2561 3497 2682 3536 eam
2721 3481 2912 3550 utique
2945 3479 3309 3551 proferentcs,
3366 3479 3494 3533 licet
3527 3487 3712 3548 patres

2131 3573 2304 3629 nostri
2327 3572 2394 3628 ad
2419 3572 2759 3643 prepositum
2780 3571 2848 3625 de
2864 3587 2974 3642 quo
2997 3580 3111 3626 tum
3135 3570 3481 3641 quarebatur
3507 3585 3708 3645 conve-

2129 3666 2331 3722 nerint.
2354 3664 2626 3721 (laterum
2650 3663 3094 3734 quandoquidem
3121 3663 3204 3717 ha
3232 3677 3397 3717 voces
3427 3661 3710 3730 ὀμοούσιον

2139 3766 2194 3812 et
2216 3756 2519 3827 όμοιούσιον
2545 3757 2750 3810 multos
2765 3755 3147 3825 superioribus
3171 3753 3509 3822 temporibus
3527 3752 3712 3806 turba-

2131 3856 2281 3914 runt,
2300 3855 2464 3917 atque
2487 3848 2790 3902 etiamnum
2817 3847 3040 3900 turbant
3060 3863 3072 3898 :
3091 3860 3155 3899 ac
3179 3852 3444 3913 praeterea
3467 3858 3646 3910 nuper
3678 3860 3707 3894 a

2129 3940 2470 4012 quibusdam
2497 3941 2774 3995 invectum
2797 3954 2918 3993 esse
2943 3938 3145 3992 dicitur
3161 3937 3223 3989 τὸ
3257 3936 3529 4005 ἀνόμοιον,
3551 3934 3603 3987 id
3622 3943 3706 3988 est

2129 4032 2518 4089 dissimilitudo
2543 4031 2666 4086 Filii
2691 4047 2722 4086 a
2751 4032 2911 4086 Patre
2947 4049 2960 4084 :
2994 4028 3199 4083 ideirco
3232 4026 3554 4080 homousion
3586 4027 3712 4094 qui-

2129 4125 2254 4181 dem
2277 4134 2334 4179 et
2360 4124 2725 4188 homausion,
2748 4131 3004 4193 tanquam
3034 4135 3204 4174 voces
3225 4135 3254 4173 a
3279 4118 3451 4173 sacris
3484 4117 3712 4170 Litteris

2129 4213 2335 4270 alienas
2358 4212 2638 4284 rejicimus
2656 4229 2669 4264 :
2689 4225 2980 4269 anomaon
2996 4216 3180 4263 autem
3195 4207 3542 4260 anathemate
3562 4205 3713 4258 dam-

1666 4369 1930 4424 VALESll
1967 4366 2516 4425 ANNOTATIONES.
2575 4392 2579 4401 ι

535 4483 647 4554 (68)
697 4482 1079 4554 Hrodiis-rae
1100 4482 1210 4554 τῆς
1245 4483 1533 4554 ἐπαρχίας
1559 4483 1896 4554 ᾼαυρίκιος.
1936 4482 2038 4538 llic
2072 4492 2113 4546 D
2139 4484 2266 4539 nius
2296 4553 2303 4554 ί

1936 4482 2038 4538 llic
2072 4492 2113 4546 D
2139 4484 2266 4539 nius
2296 4553 2303 4554 ί
2328 4481 2700 4554 scholasticus
2723 4522 2755 4554 ,Α
2787 4479 2897 4554 nisi
2927 4478 3072 4554 quod
3128 4478 3378 4554 Leonam
3447 4474 3715 4544 pra-ponit

464 4552 619 4612 locus
641 4554 695 4623 in
710 4553 899 4623 codice
916 4552 1114 4623 Leonis
1135 4553 1315 4607 Allatii
1337 4553 1550 4607 auctior
1574 4552 1775 4623 legitur
1800 4553 1905 4607 hoc
1922 4569 2039 4606 mo-

467 4624 539 4678 do
555 4665 572 4690 ,
592 4621 776 4694 καθὼς
795 4622 890 4694 καὶ.
921 4622 1298 4694 λαμπρότατος
1328 4623 1624 4694 ἡγούμενος
1638 4621 1743 4694 τῆς
1771 4623 2038 4694 ἐπαρχίας

468 4693 779 4764 ᾼαυρίκιος,
807 4692 900 4764 καὶ
929 4694 959 4744 6
988 4692 1375 4764 λαμπρότατος
1423 4693 1625 4764 κόμης⁸
1652 4692 2037 4764 Λεωνρἱξπαρ-

468 4711 779 4817 Λαιὲεικιος,
807 4711 900 4744 και
929 4711 959 4744 ο
995 4711 1375 4763 Ααμπροτατος
1423 4711 1600 4762 κομης
1652 4711 1870 4756 Λεωνας
1898 4711 2035 4764 παρ-

465 4763 559 4818 έλα
627 4779 656 4816 ν
695 4761 942 4832 αὑτοψίᾳ.
976 4761 1149 4828 Quam
1171 4763 1460 4819 lectionem
1489 4761 1776 4817 conﬁrmat
1795 4762 2035 4834 Epipha-

2144 4552 2420 4615 Lauricio,
2458 4553 2668 4605 rectius
2716 4551 2832 4604 sine
2867 4546 3058 4604 dubio.
3113 4546 3288 4616 Atque
3354 4548 3427 4600 ita
3487 4559 3715 4614 prorsus

2144 4623 2344 4693 legitur
2381 4622 2525 4693 apud
2566 4621 2932 4693 Epiphanium
2976 4619 3031 4693 in
3071 4618 3277 4693 haresi
3321 4616 3700 4693 ‘Semiariauo-

2144 4687 2286 4817 Pin],
2326 4687 2446 4762 cap.
2473 4692 2564 4756 25,
2608 4687 2701 4746 ubi
2734 4691 2851 4744 hac
2893 4688 3164 4759 professio
3209 4687 3335 4743 fidei
3381 4688 3594 4754 integra
3622 4700 3702 4736 re-

2165 4772 2338 4818 ertur.

1901 4919 2286 4977 VARIORUM.

465 5051 702 5121 cvranus
722 5053 748 5119 ι.
777 5052 917 5108 quos
944 5037 1168 5107 quidem
1188 5052 1243 5121 Aa
1281 5035 1486 5121 synedo
1510 5033 1834 5121 ’βαι-δίφροιιί
1861 5034 2032 5121 δοροῖ-

466 5105 604 5165 sitos
646 5105 899 5178 legimus,
931 5105 1064 5178 non
1112 5105 1324 5162 autem'
1358 5106 1427 5161 ab
1447 5177 1452 5178 ί
1476 5105 1662 5174 aliquo
1683 5105 2034 5178 Arianorum

467 5173 764 5240 conventu,
797 5177 944 5248 quod
971 5179 1162 5233 sciam.
1197 5177 1530 5232 Athanasius
1561 5173 1743 5248 autem
1774 5173 2036 5248 Basilium

467 5244 916 5320 Ancyranum'et
948 5263 1072 5303 cum
1112 5264 1179 5302 eo
1216 5249 1539 5320 sentientes,
1585 5256 1647 5300 ut
1670 5245 1740 5300 ab
1767 5244 2036 5320 orthodo-

467 5315 789 5382 xis,'verbis
812 5318 990 5387 potius
1027 5330 1182 5384 quam
1211 5333 1301 5382 re,
1333 5318 1730 5386 discrepantes,
1767 5324 1968 5387 purgat
1975 5315 2038 5387 in

469 5389 612 5511 ἓξ»)το
667 5388 744 5443 De
794 5384 1018 5460 s'ynodis
1069 5388 1242 5442 Arim.
1295 5396 1352 5443 et
1405 5384 1619 5441 Selene.
1671 5401 1724 5456 p.
1769 5384 1906 5439 705.
1947 5384 2036 5439 ιν.

548 5474 687 5510 ἭΤΙΙ.
2006 5494 2013 5498 .

514 5473 687 5512 ονντιι.
2006 5494 2013 5498 .

541 5537 564 5564 ³
610 5528 702 5592 Ὠς
731 5529 802 5597 οὐ
837 5529 1150 5597 φεύγομεν.
1191 5527 1434 5580 llabetur
1467 5526 1582 5579 hac
1618 5524 1743 5597 fidei
1767 5523 2038 5597 professio

468 5597 611 5666 apud
641 5595 1240 5720 Epiphanium’haresi
1276 5598 1363 5662 75,
1388 5597 1544 5660 (λεδ,
1575 5605 1631 5651 et
1669 5595 1899 5665 Nieeph.
1937 5596 2035 5650 lib.

472 5683 544 5720 rx.
576 5681 695 5720 can.
771 5667 822 5720 5.

472 5683 544 5729 ix,
576 5681 695 5736 cap.
734 5681 822 5722 4ο.

547 5738 565 5772 ί
616 5735 685 5789 Τὸ
716 5737 785 5791 δὲ
809 5738 1012 5807 ὅμοιον
1042 5738 1148 5791 τοῦ
1184 5738 1323 5791 Υἰοῦ
1355 5737 1503 5801 πρὸς
1527 5735 1634 5789 τὸν
1683 5735 1911 5807 Πατέρα
1937 5751 2045 5789 rra-

473 5805 596 5872 gsdic
630 5805 1058 5876 ὁμολογοῦμεν,
1089 5808 1146 5861 ln
1193 5809 1296 5862 hoc
1323 5807 1588 5860 differunt
1622 5805 1894 5859 confessio
1921 5807 2043 5859 fidei

474 5876 528 5933 in
569 5877 777 5942 synodo
819 5877 1104 5935 Sirlniensi
1161 5879 1340 5942 tertia,
1382 5895 1506 5933 ann.
1541 5879 1641 5931 357
1686 5880 2080 5947 pummlgalau

2137 5032 2528 5095 Séleucicnsis,
2562 5030 2629 5084 de
2650 5045 2758 5099 qua
2790 5028 2879 5081 hic
2914 5027 3118 5099 agitur,
3145 5035 3216 5099 et
3252 5024 3710 5099 constantinum—

2132 5103 2298 5157 litana
2327 5101 2519 5155 eodem
2558 5094 2702 5155 anno
2751 5099 2927 5162 edita;
2955 5094 3123 5166 'quod
3166 5094 3480 5166 Sirmiensis
3514 5094 3710 5166 Filium

2135 5173 2283 5226 Patri
2324 5172 2560 5225 similem
2627 5169 2769 5222 κατὰ
2817 5165 3011 5220 πάντα
3044 5165 3529 5236 prmiuntiaverit;
3587 5165 3706 5236 vid.

2135 5258 2302 5313 supra
2341 5258 2460 5310 cap.
2486 5242 2574 5313 56.
2617 5240 2741 5294 llae
2765 5234 3133 5313 Seleueicnsis
3159 5236 3356 5313 Filium
3380 5234 3533 5313 Patri
3554 5234 3707 5313 simi»

2137 5306 2242 5366 lem
2285 5306 2634 5381 generalibus
2685 5309 2870 5362 verbis
2923 5307 3224 5381 secundum
3275 5306 3713 5381 Scripturasdw

2138 5374 2397 5446 finivéﬁt,
2423 5382 2717 5436 Anomaos
2742 5389 2926 5433 tamen
2972 5376 3248 5430 damnarit
3274 5393 3286 5427 :
3322 5374 3694 5446 Constantin-

2139 5445 2392 5522 politana
2435 5453 2637 5522 eadem,
2678 5450 2744 5503 dc
2801 5445 3335 5522 similitudineFilii
3371 5461 3497 5498 cum
3529 5446 3712 5508 Patre,

2136 5518 2258 5592 qua
2307 5521 2706 5582 Seleuciensis,
2765 5519 3107 5592 afﬁrmabat;
3163 5518 3466 5592 Anouueos
3532 5524 3712 5567 tamen

2138 5586 2470 5648 anathemati
2497 5592 2719 5645 minime
2747 5589 3075 5655 sulijieiebat
3106 5605 3119 5651 ;
3156 5599 3205 5640 el
3225 5596 3331 5638 tam
3349 5586 3713 5652 obsim/quani

2141 5664 2437 5716 ὑπόστασιν
2469 5663 2535 5715 de
2561 5663 2671 5713 Deo
2713 5661 3006 5730 pra-dieare.
3046 5659 3282 5730 vetabat.
3325 5655 3504 5730 νυνι-ι)Δ
3538 5655 3717 5730 qualis

2140 5743 2286 5787 esset
2309 5733 2430 5786 Filii
2484 5747 2606 5785 eum
2639 5725 2797 5785 Patre
2825 5729 3131 5783 Sllllllll-lld‘n
3162 5744 3225 5779 ex
3268 5742 3431 5779 sensu
3481 5725 3714 5778 Ariano—

2146 5821 2264 5857 rum
2326 5803 2632 5856 luculenter
2679 5802 2902 5869 exponit
2947 5799 3216 5852 Eusebius
3261 5795 3713 5869 Nii-nineiliensis.

2150 5876 2358 5929 Ariaurr
2415 5873 2667 5928 facti‘mis
2711 5867 2957 5942 signifer,
3009 5872 3060 5923 in
3110 5869 3278 5938 lipist.
3319 5868 3383 5924 ad
3427 5867 3716 5920 Paulinum

3577 449 3681 502 5'58
3785 467 3790 472 ·
