4508 6588
492 451 590 506 3M

1483 453 1809 511 HISTORIA
1845 454 2398 513 ECCLESIASTICA.
2439 487 2508 497 —-
2546 456 2675 512 LIB.
2719 456 2784 512 ll.

3657 462 3764 520 342

494 565 693 635 μένων,
728 564 972 630 εἰπόντες
1000 565 1094 618 καὶ
1126 564 1491 632 ἀκούσαντες,
1524 568 1869 641 διελύθησαν.
1900 567 1982 641 Τῇ
2011 569 2068 624 δὲ
2097 576 2145 634 Α
2173 570 2274 626 Tui

1981 623 1982 636 γ
2011 569 2068 624 δὲ
2097 576 2145 634 Α
2173 570 2330 626 Tunc
2352 571 2616 640 temporis
2646 586 2799 637 vero,
2830 586 2960 627 cum
2984 571 3220 643 plurima
3254 573 3401 629 ultro
3431 574 3681 646 citroque
3704 586 3761 633 et

489 657 726 728 τετάρτη
757 652 917 721 αὖθις
949 658 1136 730 ἡμέρᾳ
1173 659 1439 730 συνῆλθον
1474 660 1716 726 ἀπαντες
1748 663 1830 726 είς
1862 663 2029 717 ταύτὸ
2051 701 2069 729 ,

489 750 587 803 καὶ
625 745 785 815 αὖθις
821 751 1102 805 ἀνεκίνουν
1145 751 1288 821 μετά
1324 752 1643 823 ερεσχελίας
1682 755 1812 817 τοὺς
1858 754 2068 824 λόγους.

503 843 591 895 Ἐν
634 836 718 906 οἷς
778 844 1031 907 Ἀκάκιος
1095 844 1307 898 τοιάνδε
1346 844 1491 899 κατά
1545 844 1690 912 λέξιν
1739 848 2073 919 εἰσηγήσατο

489 934 737 1007 γνώμην
756 936 824 989 Ei
847 935 996 1002 ἀπαξ
1024 937 1059 1007 ἡ
1087 938 1149 988 tv
1175 935 1381 1008 Νικαίᾳ
1405 936 1587 1000 πίστις
1617 938 1954 1009 μετεποίηθη
1976 938 2071 991 καὶ

492 1024 807 1093 μεταταῖηα
851 1024 1149 1090 πολλάκις,
1181 1024 1336 1079 οὐδὲν
1373 1024 1575 1079 κωλύει
1620 1026 1717 1079 καὶ
1746 1028 1842 1081 νῦν
1876 1029 2071 1099 ἑτέραν

488 1117 932 1189 ὑπαγορευθῆναι
943 1117 1143 1173 πίστιν.
1158 1117 1484 1191 Πρὺςταῦτα
1505 1117 1813 1183 Ἐλεύσιοςό
1830 1119 2069 1185 Κυζίκου

487 1209 663 1264 τοιάδε
692 1204 847 1264 εἶπεν
864 1210 961 1263 ’Ἦ
985 1209 1205 1275 σύνοδος
1232 1209 1605 1282 συνεκροτήθη
1627 1210 1721 1264 ἐπὶ
1736 1210 1833 1264 τοῦ
1861 1212 2067 1282 παρόν-

485 1316 612 1364 τος,
636 1298 737 1369 οὐχ
770 1298 861 1353 ἴνα
896 1298 1047 1372 μάθῃ
1071 1298 1111 1353 ἀ
1156 1298 1232 1371 μὴ
1268 1299 1588 1370 μεμάθηκεν
1631 1300 1770 1372 (70),
1817 1299 1932 1355 οὗθ’
1980 1302 2069 1355 ἴνα

494 1390 681 1443 πίστιν
708 1389 953 1460 δέξηται,
980 1390 1051 1461 ην
1072 1389 1150 1461 μὴ
1179 1388 1481 1461 κέκτηται·
1512 1390 1653 1445 ἀλλά
1678 1394 1745 1463 τῇ
1767 1392 1876 1454 τῶν
1900 1391 2069 1444 πατέ-

491 1496 599 1551 ρων
627 1480 811 1534 πίστει
839 1478 1130 1550 στοιχοῦσα
1175 1478 1327 1551 (71),
1353 1478 1560 1551 ταύτης
1594 1480 1756 1553 μέχρι
1792 1480 1939 1553 ζωῆς
1974 1482 2068 1534 καὶ

487 1569 722 1625 θανάτου
760 1571 864 1625 οὐκ
901 1570 1199 1639 ιξίσταται.
1244 1571 1524 1635 Τοιούτοις
1562 1574 1657 1626 καὶ
1700 1575 1730 1627 6
1795 1571 2068 1636 Ἑλεύσιος

486 1662 625 1733 πρὸς
650 1663 753 1735 τὴν
789 1661 1048 1716 Ἀκακίου
1074 1661 1303 1734 γνώμην
1334 1662 1648 1734 ἀπήντησε,
1684 1662 1868 1717 πίστιν
1897 1662 2065 1715 πατέ-

492 1773 603 1826 ρων
650 1756 754 1826 τὴν
799 1757 861 1810 tv
906 1754 1210 1827 Ἀντιοχείᾳ
1267 1754 1580 1810 ἐκτεθείσαν
1627 1756 1813 1812 ⁸ιιίστιν
1860 1754 2060 1810 καλῶν.

500 1849 831 1920 Ἀπαντησει
861 1847 907 1903 δ’
938 1849 1006 1904 ἀν
1024 1864 1110 1913 τις
1142 1848 1237 1902 καὶ
1270 1848 1408 1918 πρὸς
1428 1846 1617 1902 τοῦτον
1638 1864 1655 1880 ο
1687 1847 1813 1912 Πῶς
1848 1850 1975 1913 τοὺς
2002 1850 2061 1901 tv

2174 660 2244 715 de
2268 660 2372 716 hac
2396 676 2453 715 re
2475 661 2621 716 etde
2646 661 2757 715 illis
2779 662 2871 732 qui
2896 663 3136 717 accusati
3156 672 3316 718 erant
3332 664 3477 719 dicta
3503 664 3759 732 fuissent,

2173 750 2471 805 concilium
2517 750 2805 806 dimissum
2844 762 2948 806 est.
2999 752 3207 819 Quarto
3248 753 3449 809 iterum
3489 756 3580 811 die
3632 773 3760 811 cum

2173 852 2367 895 omnes
2402 840 2457 894 in
2483 856 2654 895 unum
2688 842 3097 907 convenissent,
3136 844 3330 899 eadem
3354 860 3481 899 cum
3505 848 3759 916 pervica-

2172 928 2258 986 cia
2289 929 2572 1001 disputare
2597 941 2902 1001 coeperunt.
2932 932 3079 989 Inter
3104 950 3245 1004 quos
3267 934 3499 991 Aeacius
3529 947 3757 993 senten-

2174 1019 2305 1074 tiam
2338 1036 2493 1074 suam
2520 1022 2778 1092 exposuit
2804 1022 2893 1077 his
2929 1024 3143 1079 verbis:
3191 1024 3330 1081 Cum
3364 1026 3499 1081 ﬁdes
3534 1028 3754 1085 Nicazna

2165 1109 2497 1180 jampridem
2524 1112 2693 1166 semel
2711 1128 2775 1167 ac
2802 1112 3003 1169 deinde
3035 1116 3234 1185 saepius
3258 1126 3466 1173 mutata
3496 1118 3587 1183 sit,
3614 1120 3752 1175 nihil

2172 1210 2320 1256 vetat
2366 1203 2665 1271 quominus
2724 1220 2873 1260 nunc
2918 1220 3136 1278 quoque
3191 1208 3296 1262 alia
3365 1212 3753 1268 conseribatur

2173 1292 2325 1349 ﬁdes.
2372 1295 2455 1350 Ad
2515 1296 2631 1352 haec
2686 1298 2939 1354 Eleusius
2992 1299 3173 1372 Cyzici
3234 1304 3559 1375 cpiscopus:
3606 1306 3752 1361 Con-

2171 1386 2381 1451 cilium,
2437 1388 2641 1459 inquit,
2678 1390 3175 1461 impraesentiarum
3208 1406 3595 1465 congregatum
3646 1408 3753 1461 est,

2170 1494 2281 1533 non
2326 1488 2388 1533 ut
2434 1496 2500 1534 ea
2533 1481 2710 1535 discat
2753 1498 2875 1551 qua:
2901 1483 3013 1553 jam
3057 1485 3189 1538 olim
3229 1485 3443 1550 didicit,
3482 1504 3659 1557 neque
3696 1498 3755 1543 ut

2171 1570 2333 1626 ﬁdem
2356 1574 2623 1643 suscipiat
2658 1591 2822 1645 quam
2859 1578 3013 1647 prius
3046 1594 3155 1632 non
3218 1579 3441 1646 habuit;
3486 1582 3579 1635 sed
3626 1582 3749 1636 ﬁdei

2170 1674 2385 1734 patrum
2430 1667 2709 1731 insistens,
2751 1684 2855 1723 nec
2886 1670 3011 1725 vita;
3044 1686 3147 1726 nec
3179 1672 3372 1725 mortis
3406 1681 3652 1743 tempore
3682 1674 3752 1727 ab

2167 1767 2233 1805 ea
2287 1769 2526 1823 unquam
2577 1754 2814 1810 recedet.
2862 1756 3187 1828 Hujusmodi
3236 1761 3424 1816 verbis
3474 1763 3749 1818 adversus

2170 1842 2351 1899 Acacii
2384 1847 2712 1901 sententiam
2745 1850 2987 1905 occurrit
3029 1851 3303 1917 Eleusius,
3330 1852 3491 1908 ﬁdem
3532 1863 3748 1924 patrum
3818 1872 3825 1883 ‘

500 1938 799 2012 Ἀντιοχείᾳ
820 1939 1173 2003 συνελθόντας
1196 1938 1441 2012 πατέρας
1452 1938 1764 2011 ὀνομάζεις,
1801 1940 2063 2004 Ἐλεύσιε,
2099 1932 2143 1988 Β
2169 1952 2280 2007 app

1968 1957 2063 2004 σιε,
2099 1932 2143 1988 Β
2169 1938 2451 2007 appellans
2477 1955 2596 1994 eam
2628 1956 2750 2010 qua:
2772 1943 3017 2012 exposita
3046 1953 3165 1998 erat
3195 1944 3517 2002 Antiochiae.
3550 1947 3748 2002 Verum

486 2030 612 2095 τοὺς
648 2031 876 2087 ἐκείνων
915 2031 1166 2105 πατέρας
1210 2030 1543 2104 ἀρνούμενος
1575 2030 1724 2104 (72);
1756 2032 1820 2085 0i
1860 2030 1971 2103 γὰρ
2000 2032 2060 2086 tv

484 2122 689 2195 Notata
736 2124 1116 2189 συνελθόντες,
1167 2125 1263 2178 καὶ
1307 2124 1371 2179 τὸ
1418 2124 1705 2195 ὀμοούσιον
1757 2126 1828 2197 τῇ
1883 2124 2063 2179 πίστει

484 2216 951 2286 συμφωνήσαντες
962 2256 983 2284 ,
1008 2215 1339 2288 κυριιὶιτερον
1354 2215 1423 2271 ἀν
1443 2217 1677 2289 πατέρες
1691 2215 1934 2285 λέγοιντο
1947 2257 1962 2279 ,
1985 2215 2066 2287 τῷ

483 2307 581 2362 καὶ
606 2307 1111 2381 προανασεὸηκέναι
1134 2312 1247 2373 τοῖς
1269 2309 1504 2381 χρόνοις,
1530 2311 1626 2365 καὶ
1650 2311 1734 2364 ὅτι
1761 2311 1813 2363 οί
1854 2312 1913 2364 tv
1947 2311 2064 2363 Ἀν-

487 2398 699 2472 τιοχείᾳ
733 2400 1046 2471 γενόμενοι,
1088 2401 1182 2455 ὑπ’
1224 2400 1450 2456 εκείνων
1496 2403 1579 2467 είς
1614 2402 1717 2475 τὴν
1763 2402 2064 2475 ἱερωσύνην

481 2490 872 2563 προθέσληντο.
902 2494 967 2547 Ei
991 2494 1048 2548 δι
1071 2494 1123 2548 οί
1160 2495 1219 2549 tv
1260 2494 1561 2568 Ἀντιοχείᾳ
1594 2497 1720 2559 τοὺς
1765 2495 1927 2558 ἰδίους
1957 2512 2064 2548 πα-

478 2581 649 2654 τέρας
679 2582 980 2654 ἠθέτησαν,
1032 2582 1324 2655 λελήθασιν
1365 2584 1592 2649 ἑαυτοὺς
1646 2585 1697 2637 oi
1746 2581 2062 2655 μεταταῦτα

478 2677 593 2740 τοῖς
616 2676 976 2748 πατραλοίαις
999 2676 1277 2747 ἑπόμενοι.
1303 2675 1502 2740 nam
1530 2677 1625 2731 καὶ
1647 2669 1723 2731 ὧν
1750 2677 1945 2729 ἐκείνοι
1960 2674 2061 2745 τὴν

479 2768 665 2822 πίστιν
703 2767 782 2828 ὡς
825 2767 1087 2839 ἀδόκιμον
1120 2767 1418 2838 ἠθέτησαν,
1460 2768 1563 2839 τὴν
1611 2767 1951 2839 χειροτονίαν
1984 2765 2060 2829 ὡς

476 2859 713 2931 δοκίμην
738 2858 1024 2927 ἑδέξαντο;
1056 2858 1118 2913 Et
1141 2859 1200 2913 δὲ
1222 2859 1423 2913 ἐκεῖνοι
1452 2859 1554 2913 οὐκ
1577 2856 1723 2930 εἶχον
1750 2859 1811 2912 τὸ
1833 2859 2059 2930 Πνεῦμα

476 2951 540 3005 τὺ
570 2950 748 3020 am,
777 2952 808 3005 ὃ
839 2951 930 3005 διὰ
960 2952 1063 3023 τῆς
1098 2951 1434 3024 χειροτονίας
1464 2952 1779 3023 ἐπέρχεται,
1809 2950 1931 3005 οὐδὲ
1961 2945 2057 3005 οὗ·

474 3063 559 3099 τοι
590 3045 691 3117 τὴν
714 3044 1014 3118 ἱερωσύνην
1032 3045 1245 3101 ἔλαϐον.
1281 3044 1404 3108 Πῶς
1439 3045 1550 3116 γάρ
1576 3044 1880 3116 ἐλάμϐανον
1906 3044 2061 3116 παρά

474 3137 586 3192 τῶν
609 3139 715 3194 οὐκ
739 3138 977 3210 ἑχόντων
1008 3138 1069 3192 τὸ
1101 3138 1413 3209 διδόμενονς
1443 3138 1632 3193 Ταῦτα
1664 3138 1764 3209 μὲν
1792 3134 1886 3192 οὖν
1914 3139 2058 3192 ἀντι-

476 3235 635 3306 θήσει
688 3251 773 3297 τις
818 3232 957 3305 πρὸς
1000 3232 1071 3286 τὰ
1116 3232 1225 3285 ὑπὸ
1269 3230 1544 3285 Ἐλευσίου
1591 3230 1871 3301 λεχθέντα.
1921 3230 2055 3283 Τότε

473 3326 531 3381 δὲ
560 3321 717 3390 αὖθις
758 3324 853 3378 ἐπὶ
891 3324 1085 3396 ἑτέραν
1116 3322 1406 3396 ἐχώρησαν
1437 3322 1687 3395 ζήτησιν.
1745 3322 1897 3377 Ἐπεὶ
1946 3321 2055 3393 γάρ

475 3420 569 3473 καὶ
616 3420 669 3473 οἱ
713 3417 843 3491 περὶ
895 3417 1154 3472 Ἀκάκιον
1197 3418 1256 3469 tv
1299 3417 1367 3487 τῇ
1408 3413 1821 3487 ἀναγνωσθείση
1874 3414 2057 3467 πίστει

471 3510 661 3580 ὅμοιον
702 3507 911 3579 ἔφασαν
962 3506 1053 3562 τὸν
1095 3507 1222 3561 Υίὸν
1270 3505 1350 3577 τῷ
1393 3505 1590 3577 Πατρὶ,
1640 3503 2058 3559 διεπυνθάνοντο

472 3601 739 3674 ἀλλήλων,
760 3600 902 3656 κατά
916 3601 970 3653 τί
989 3598 1173 3672 ὅμοιός
1198 3598 1347 3652 ἐστιν
1368 3600 1397 3652 ὁ
1415 3598 1543 3661 Υίδς
1564 3596 1642 3667 τῷ
1658 3596 1851 3668 Πατρί.
1875 3596 1985 3651 Καὶ
2006 3596 2057 3649 oi

478 3694 578 3767 μὲν
612 3694 741 3765 περὶ
776 3693 1053 3759 Ἀκάκιον,
1077 3691 1262 3761 ῐλεγον
1290 3691 1432 3746 κατά
1456 3691 1557 3763 τὴν
1583 3688 1838 3761 βούλησιν
1873 3688 2054 3759 μόνον,

472 3790 535 3842 οὐ
570 3787 678 3859 μὴν
712 3786 855 3841 κατά
882 3786 983 3857 τὴν
1024 3784 1215 3839 οὐσίαύ
1246 3784 1432 3856 ὅμοιον
1468 3782 1548 3854 τῷ
1593 3782 1768 3857 Πατρὶ
1800 3775 1940 3836 εἶναι
1965 3781 2056 3835 τὸν

475 3880 629 3935 Υἱόν.
666 3881 729 3934 Ol.
754 3879 813 3935 δὲ
858 3878 1009 3933 ἄλλοι
1051 3876 1398 3948 σύμπαντες,
1437 3877 1533 3931 καὶ
1561 3875 1704 3930 κατά
1727 3874 1827 3947 τὴν
1866 3874 2056 3929 οὐσίαν

473 3972 846 4042 ἀπεφήναντο.
872 3968 1009 4042 Περὶ
1039 3967 1230 4022 τούτου
1268 3968 1325 4022 δὲ
1352 3966 1448 4022 τοῦ
1476 3966 1789 4038 ζητήματος
1819 3967 2051 4036 φιλονει-

476 4062 704 4124 κοῦντες
731 4048 1154 4133 ἐνδιημέρευον,
1184 4058 1281 4114 καὶ
1308 4058 1402 4113 τὸν
1444 4058 1701 4112 Ἀκάκιον
1741 4058 2052 4130 ἐξήλεγχον,

472 4156 549 4219 ὼς
588 4156 676 4225 εἴη
703 4157 762 4209 ὲν
792 4157 905 4219 τοῖς
936 4154 1115 4224 λόγοις
1144 4152 1333 4217 αὑτοῦ,
1363 4151 1460 4216 οὓς
1496 4151 1823 4224 συγγράψας
1860 4153 2053 4217 ἐξέδω-

474 4266 591 4313 κεν,
629 4249 815 4319 ὅμοιον
838 4246 981 4301 κατά
1017 4247 1196 4301 πάντα
1232 4244 1400 4300 είπὼν
1434 4244 1528 4299 τὸν
1576 4246 1704 4300 Υίὸν
1739 4245 1818 4316 τῷ
1856 4246 2052 4316 Πατρί.

474 4343 587 4398 Καὶ
613 4341 732 4405 πῶς
753 4341 871 4403 νῦν,
891 4339 1121 4411 ἔφασαν,
1145 4340 1285 4411 ἀρνῇ
1309 4337 1406 4411 τὴν
1435 4339 1558 4393 κατ’
1588 4338 1778 4392 οὐσίαν
1797 4337 1893 4391 τοῦ
1923 4337 2054 4391 Υἱοῦ

474 4435 613 4507 πρὸς
649 4434 741 4488 τὸν
770 4432 991 4504 Πατέρα
1021 4432 1351 4505 ὁμοιότητας
1391 4431 1452 4485 '0
1480 4430 1537 4487 δὲ
1556 4470 1571 4495 ,
1605 4430 1740 4483 Ἀπὸ
1770 4447 2053 4503 συγγραμ-

477 4528 691 4598 μάτων,
730 4526 870 4597 ἔφη,
913 4523 1036 4578 οὔτε
1076 4524 1196 4587 νέος
1236 4540 1321 4588 τις
1371 4522 1496 4576 οὕτε
1560 4524 1788 4594 ἀρχαῖος
1837 4522 2051 4593 ἐκρίθη.

2167 2028 2297 2083 huic
2326 2044 2546 2099 quoque
2573 2031 2907 2100 respondere
2935 2032 3206 2104 quispiam
3230 2036 3402 2104 possit
3428 2035 3514 2090 his
3539 2036 3745 2090 verbis:

2164 2120 2453 2188 Quomodo
2493 2139 2590 2178 eos
2629 2125 2723 2194 qui
2754 2125 3061 2183 Antiochia:
3105 2136 3520 2195 convenerunt,
3566 2139 3751 2200 patres

2163 2214 2426 2283 appellas,
2462 2215 2667 2279 Eleusi,
2701 2216 2795 2286 qui
2835 2218 3056 2273 illorum
3101 2228 3286 2290 patres
3319 2236 3429 2275 non
3462 2222 3752 2291 agnoscis?

2163 2306 2299 2361 Nam
2322 2306 2377 2361 hi
2404 2316 2553 2363 certe
2570 2308 2663 2378 qui
2682 2308 2875 2364 Nicaeae
2890 2320 3289 2375 convenerunt,
3308 2321 3364 2366 et
3383 2312 3748 2368 consubstan-

2162 2398 2309 2452 tialis
2343 2398 2504 2453 fidem
2550 2415 2652 2454 suo
2684 2414 2957 2456 consensu
2990 2400 3296 2466 ﬁrmarunt,
3325 2406 3497 2473 magis
3527 2403 3748 2473 proprio

2162 2488 2484 2545 dicerentur
2518 2499 2734 2562 patres:
2764 2492 2969 2564 quippe
2991 2494 3086 2565 qui
3118 2503 3175 2550 et
3200 2495 3584 2565 praecesserint
3606 2504 3745 2550 tem-

2162 2597 2315 2652 pore,
2343 2590 2401 2637 et
2433 2583 2555 2638 illos
2577 2582 2672 2654 qui
2698 2584 3005 2641 Antiochia:
3023 2593 3213 2657 postea
3243 2596 3642 2651 convenerunt,
3677 2588 3747 2642 ad

2164 2673 2458 2729 sacerdotii
2498 2675 2820 2746 dignitatem
2862 2677 3259 2747 promoverint.
3288 2677 3445 2745 Quod
3483 2678 3529 2733 si
3572 2675 3748 2749 hiqui

2162 2765 2468 2823 Antiochiae
2504 2766 2731 2821 fuerunt
2762 2769 3098 2840 congregati,
3142 2777 3327 2840 patres
3368 2786 3501 2825 suos
3536 2771 3744 2842 rejecc-

2162 2866 2324 2921 runt,
2361 2856 2448 2911 isti
2482 2858 2576 2928 qui
2614 2873 2711 2913 eos
2757 2868 3099 2930 sequuntur,
3146 2876 3257 2915 non
3302 2861 3751 2916 animadvertunt.

2159 2962 2218 3002 se
2249 2948 2553 3018 parricidas
2597 2949 2775 3020 sequi.
2812 2950 3061 3017 Quonam
3106 2960 3291 3009 autem
3345 2954 3510 3010 modo
3549 2970 3744 3011 eorum

2159 3041 2561 3095 ordinationem
2590 3050 2846 3113 tanquam
2878 3043 3109 3113 probam
3137 3060 3202 3099 ac
3238 3044 3539 3116 legitimam
3560 3061 3748 3102 susce-

2159 3141 2381 3204 perunt,
2432 3150 2668 3203 quorum
2725 3134 2887 3189 ﬁdem
2917 3136 3069 3189 velut
3101 3135 3289 3191 falsam
3340 3153 3404 3192 ac
3455 3138 3744 3208 reprobam

2161 3224 2519 3293 rejccerunt?
2559 3224 2695 3278 Nam
2729 3224 2773 3279 si
2807 3225 2883 3279 illi
2928 3241 3038 3280 non
3102 3227 3419 3283 habuerunt
3472 3228 3742 3298 Spiritum

2159 3322 2407 3367 sanetum
2432 3313 2526 3383 qui
2552 3329 2651 3385 per
2665 3314 3068 3370 ordinationem
3096 3316 3424 3382 infunditur,
3443 3317 3531 3373 isti
3558 3335 3742 3375 sacer-

2159 3404 2369 3458 dotium
2416 3420 2526 3458 non
2562 3414 2913 3476 acceperunt.
2963 3406 3249 3474 Quomodo
3291 3410 3438 3464 enim
3488 3412 3743 3483 accipere

2158 3507 2460 3568 potuerunt
2508 3498 2577 3552 ab
2614 3498 2703 3563 iis,
2731 3500 2823 3569 qui
2856 3515 2967 3554 non
3010 3502 3290 3557 habebant
3319 3503 3467 3574 quod
3512 3504 3745 3561 darent?

2158 3591 2285 3648 Haec
2318 3607 2426 3646 non
2460 3592 2735 3648 immerito
2758 3592 2883 3662 quis
2910 3593 3081 3663 possit
3102 3594 3342 3665 objicere
3371 3594 3461 3660 iis,
3479 3612 3601 3666 quae
3627 3606 3743 3651 tum

2158 3684 2227 3739 ab
2242 3685 2459 3739 Eleusio
2480 3694 2608 3739 sum
2628 3684 2793 3740 dicta.
2816 3686 2947 3741 Post
2969 3684 3129 3758 15‘
3149 3686 3266 3741 haec
3280 3686 3347 3742 ad
3367 3688 3531 3742 aliam
3550 3705 3744 3743 rursus

2157 3776 2516 3847 quaestionem
2552 3776 2954 3832 transilierunt.
2987 3777 3121 3834 Nam
3166 3778 3427 3847 quoniam
3482 3779 3741 3834 Acaciani

2159 3870 2215 3925 in
2248 3870 2481 3925 formula
2514 3869 2640 3925 ﬁdei
2684 3886 2806 3941 qua:
2836 3869 3019 3926 fuerat
3063 3870 3311 3937 recitata,
3362 3872 3558 3927 Filium
3592 3873 3740 3929 Patri

2156 3964 2391 4019 similem
2417 3979 2537 4019 esse
2562 3964 2838 4029 dixerant,
2866 3963 3185 4033 quaerebant
3211 3965 3354 4019 inter
3378 3981 3435 4020 se
3456 3981 3565 4036 qua
3591 3965 3648 4021 in
3681 3980 3742 4022 re

2159 4055 2329 4111 Filius
2355 4065 2500 4111 esset
2524 4054 2720 4110 similis
2762 4055 2931 4110 Patri.
2976 4054 3044 4109 Et
3074 4055 3331 4111 Acaciani
3363 4056 3589 4126 quidem
3624 4057 3741 4113 sola

2156 4152 2441 4206 voluntate
2480 4151 2716 4206 similem
2758 4165 2879 4206 esse
2913 4149 3192 4214 dicebant,
3238 4165 3348 4205 non
3380 4158 3563 4205 autem
3605 4152 3738 4207 sub-

2158 4243 2380 4298 stantia.
2428 4242 2648 4312 Reliqui
2692 4257 2904 4305 omnes,
2940 4241 3105 4295 etiam
3152 4240 3458 4296 substantia
3503 4242 3740 4297 similem

2158 4336 2307 4391 Patri
2326 4351 2446 4391 esse
2466 4335 2665 4391 Filium
2683 4333 3025 4389 asserebant.
3045 4333 3122 4388 De
3147 4332 3249 4388 hac
3270 4333 3574 4404 quaestione
3595 4334 3740 4389 inter

2157 4447 2215 4487 se
2239 4431 2587 4494 altercantes,
2625 4436 2800 4483 totum
2827 4427 2974 4482 diem
3006 4426 3337 4482 contrivere.
3384 4426 3453 4481 Et
3478 4426 3738 4482 Acacium

2158 4520 2545 4582 confutabant,
2600 4518 2748 4588 quod
2798 4517 2859 4573 in
2905 4516 3063 4572 libris
3110 4529 3250 4586 quos
3299 4534 3330 4571 a
3388 4533 3447 4572 se
3503 4518 3740 4588 scriptos

474 4620 655 4675 Πολλά
682 4618 740 4673 δὲ
773 4618 909 4692 πρὸς
932 4616 1195 4688 ἀλλήλους
1229 4616 1359 4688 περὶ
1386 4614 1482 4668 τοῦ
1513 4614 1828 4685 ζητήματος
1860 4613 2051 4667 τούτου
2084 4631 2131 4690 D
2156 4611 2254 4666 edit

1957 4628 2051 4667 του
2084 4631 2131 4690 ι)
2156 4611 2424 4675 ediderat,
2449 4611 2646 4666 Filium
2670 4611 2820 4665 Patri
2847 4624 2945 4680 per
2957 4608 3139 4663 omnia
3167 4607 3400 4663 similem
3425 4624 3545 4663 esse
3565 4608 3737 4663 dixis-

475 4706 1053 4778 ἀκριϐολογουμένων,
1082 4705 1179 4759 καὶ
1216 4702 1486 4776 μηδαμῶς
1527 4701 1983 4773 συμφωνούντων,
2020 4705 2050 4756 ὁ

474 4796 696 4859 Λεωνᾶς
716 4794 954 4857 ἀναστάς
982 4792 1194 4847 διέλυσε
1218 4791 1310 4845 τδν
1339 4790 1618 4859 σύλλογον.
1650 4790 1762 4845 Καὶ
1785 4789 1947 4843 τοῦτο
1970 4788 2049 4842 τέ-

472 4887 565 4952 λος
590 4887 748 4959 ἓσχεν
770 4889 805 4959 η
835 4887 893 4940 tv
918 4884 1211 4957 Σελευκείᾳ
1250 4882 1520 4955 γενομένη
1558 4882 1796 4947 σύνοδος.
1835 4883 1916 4954 Τῇ
1943 4882 2051 4953 γὰρ

476 4977 605 5049 ιξῆς
646 4974 1135 5048 παρακαλούμενος
1171 4973 1357 5028 οὐκέτι
1398 4973 1483 5037 είς
1526 4970 1724 5027 ταύτὸν
1773 4971 2050 5025 συνελθεῖν

2156 4710 2258 4756 set.
2284 4700 2589 4767 Quomodo,
2607 4699 2850 4763 aiebant,
2867 4713 3066 4770 negare
3087 4713 3235 4753 nunc
3266 4699 3435 4754 audes
3466 4699 3587 4753 Filii
3612 4715 3739 4754 cum

2157 4793 2318 4848 Patre
2351 4792 2768 4848 similitudinem
2800 4791 3105 4846 secundum
3144 4792 3551 4847 substantiam?
3599 4792 3739 4846 Tum

2157 4884 2423 4940 Aeacius:
2450 4884 2639 4955 Neque
2667 4900 2734 4939 ex
2763 4884 3189 4949 recentioribus,
3220 4884 3419 4954 inquit,
3455 4900 3635 4953 neque
3672 4900 3740 4937 ex

2158 4976 2554 5031 vetustioribus
2573 4976 2883 5046 quisquam,
2910 4992 2978 5031 ex
3000 4975 3160 5030 libris
3185 4975 3301 5030 suis
3326 4976 3606 5046 judicatus
3631 4982 3736 5031 est.

1664 5151 1933 5207 VALESII
1968 5150 2521 5208 ANNOTATIONES.

545 5272 656 5345 (70)
673 5273 797 5345 οὐχ
819 5271 921 5345 Ira
931 5270 1095 5345 μάθῃ
1108 5268 1150 5324 d
1170 5266 1531 5345 μεμάθηκεν·ἶ
1550 5268 1609 5323 In
1626 5266 1816 5345 codice
1835 5266 2059 5345 Floren-

479 5336 595 5401 tino
616 5336 674 5418 et
698 5336 1258 5418 Allatianoscriptuni
1285 5349 1371 5418 est
1391 5357 1403 5392 :
1422 5339 1457 5393 ἃ
1476 5338 1549 5418 μη
1573 5337 1911 5418 μεμάθηκεν.
1932 5336 2058 5418 Epi-

478 5416 716 5487 phanius
741 5410 1326 5487 autem_Scholasticus
1348 5410 1497 5464 hunc
1525 5410 1705 5463 locum
1734 5410 1809 5461 ita
1852 5410 2049 5487 vertit:

482 5479 721 5541 Ρηοεεηε
755 5481 1036 5537 concilium
1069 5480 1395 5535 celebratum
1420 5489 1519 5544 est,
1557 5496 1661 5532 non
1691 5488 1747 5531 ιιι
1791 5479 2055 5532 mathema

478 5558 672 5620 discat;
695 5554 777 5610 sic
821 5553 977 5608 enim
1026 5551 1323 5623 legendum
1368 5560 1475 5617 est,
1516 5559 1579 5605 ut
1601 5550 1712 5621 jam
1762 5556 1925 5605 antea
1952 5546 2053 5601 ob-

479 5642 1050 5767 ε’ωξῐιιῖἶΙίγυίνοικοῦσιι.
1077 5693 1186 5767 Aut
1221 5691 1514 5767 στείχουσα
1548 5688 1920 5745 'seribendum
1934 5694 2054 5767 _est,

476 5759 709 5821 accentu
741 5764 798 5819 in
826 5759 1595 5835 primamisyllabam’rejecto,
1616 5770 1714 5818 aut
1747 5759 2056 5831 στοιχοῦσα,

480 5845 546 5890 ot
568 5833 842 5891 scribitur
864 5836 919 5889 in
953 5833 1145 5888 codice
1176 5833 1513 5888 Florentino.

553 5905 666 5975 (72)
719 5907 867 5973 Τοὺς
906 5904 1002 5960 καὶ
1050 5905 1297 5958 ἐκείνων
1343 5903 1601 5973 πατέρας
1660 5903 2048 5974 ἀρνούμενος.

2158 5265 2399 5321 Delenda
2426 5266 2646 5320 videtur
2666 5267 2933 5335 particula
2970 5267 3083 5329 καί,
3126 5282 3249 5335 quae
3280 5282 3503 5321 sensum
3551 5269 3741 5324 turbat

2156 5338 2345 5406 potius
2376 5352 2538 5405 quam
2570 5336 2808 5406 adjuvat.
2839 5336 3002 5392 Certe
3054 5338 3394 5406 Epiphanius
3436 5338 3741 5393 Scholasti-

2156 5423 2256 5461 cus
2291 5423 2411 5460 eam
2457 5422 2565 5460 non
2593 5408 2859 5476 agnoscit.
2894 5407 2985 5461 Sic.
3015 5409 3164 5461 enim
3208 5408 3374 5460 vertit
3422 5425 3434 5460 :
3470 5407 3741 5472 Quomodo

2155 5488 2333 5547 patres
2388 5478 2479 5531 hos
2527 5478 2791 5541 nominas,
2851 5494 2881 5530 ο
2923 5478 3139 5538 Eleusi,
3200 5494 3319 5530 cum
3377 5477 3593 5531 illorum
3638 5496 3742 5531 non

2155 5549 2379 5617 recipias
2419 5557 2595 5619 patres
2614 5548 2721 5619 31η
2751 5547 2941 5603 codice
2970 5558 3154 5603 autem
3186 5547 3386 5602 Leonis
3415 5548 3623 5610 Allatii,
3651 5550 3743 5603 hic

2156 5619 2311 5672 locus
2352 5620 2426 5672 ita
2448 5618 2789 5689 perscriptus
2808 5629 2923 5673 est:
2949 5620 3043 5671 καὶ
3072 5619 3198 5679 τοὺς
3231 5619 3453 5689 ἐκείνων
3500 5619 3743 5689 πατέρας

2156 5689 2569 5773 ἀρνουμένουςξ
2636 5688 2843 5773 absque
2910 5689 3265 5773 ullo'scn‘s‘u.
3318 5688 3436 5769 _Sed
3497 5699 3742 5769 nostram

2155 5759 2599 5813 emendationem
2635 5758 2925 5813 confirmat
2956 5760 3128 5814 codex
3163 5758 3496 5820 Sfortianus,
3527 5758 3581 5812 in
3634 5773 3745 5827 quo

2154 5830 2311 5883 deest
2357 5830 2628 5898 particula
2656 5830 2769 5895 καί,
2824 5839 2884 5885 ιιι
2942 5829 3009 5886 ad
3044 5831 3189 5887 latus
3216 5829 3345 5885 libri
3398 5828 3483 5883 sui
3534 5828 3747 5884 notavit

2156 5899 2494 5955 llolstenius.

2205 5909 2494 5955 olstemus.
