4508 6588
741 434 852 488 δι’]

2214 434 2552 494 SOCRATIS

3901 441 4009 498 348

747 551 875 605 dem
896 563 1061 618 quam
1086 547 1186 618 ipsi
1208 548 1605 618 exposuissent.
1629 546 1991 615 Quamobrem
2019 547 2336 620 indignatus
2361 562 2407 620 Α
2435 554 2527 608 πίσ

2226 556 2336 604 ltus
2361 562 2407 620 Α
2435 554 2641 609 πίστιν.
2680 552 2883 625 Διόπερ
2925 549 3318 623 ἀγανακτήσας
3350 551 3380 605 6
3423 549 3694 622 βασιλεὺς,
3742 549 4006 621 ἐπενόησε

754 641 1068 710 imperator,
1097 655 1192 693 eos
1215 639 1529 709 dispergere
1544 641 1848 705 constituit,
1865 642 1982 712 lege
2004 641 2114 696 lata
2132 641 2330 711 pmi-

755 731 931 799 piens,
961 739 1020 784 ut
1042 729 1356 799 quicunque
1385 730 1528 784 inter
1555 731 1680 786 illos
1698 731 1933 802 publicis
1955 730 2333 786 functionibus

751 833 915 874 erant
935 819 1179 884 obnoxii,
1211 821 1278 873 ad
1308 821 1594 890 pristinam
1617 821 1988 876 conditionem
2014 821 2332 891 redigeren-

753 922 859 967 tur.
890 912 1023 966 Nam
1055 928 1122 967 cx
1163 912 1271 967 illis
1308 912 1402 966 alii
1442 914 1858 983 municipalium
1905 914 2188 979 ordinum,
2237 913 2334 968 alii

751 1003 1095 1058 diversorum
1146 1004 1202 1058 in
1249 1004 1549 1074 provinciis
1595 1004 1898 1058 ciliciorum
1955 1005 2333 1061 functionibus

751 1105 912 1148 erant
942 1095 1172 1149 astricti.
1197 1095 1293 1150 llis
1319 1096 1393 1150 ita
1415 1096 1770 1166 perturbatis,
1797 1095 2050 1150 Acaciani
2070 1097 2337 1152 Constan-

759 1187 986 1257 tinopoli
1025 1187 1234 1241 diutius
1273 1186 1645 1252 immorantcs,
1694 1188 1842 1242 aliud
1895 1187 2188 1242 concilium
2238 1202 2335 1242 co-

755 1290 1006 1349 egerunt,
1059 1279 1343 1334 accersitis
1384 1279 1657 1350 episcopis
1692 1279 1978 1351 Bithynia).
2010 1280 2337 1351 Congregati

757 1370 924 1438 igitur
967 1371 1240 1426 antistites
1281 1387 1510 1426 numero
1550 1371 1968 1442 quinquaginta,
2009 1371 2154 1426 inter
2198 1386 2339 1442 quos

756 1470 876 1515 erat
923 1461 1083 1515 Maris
1110 1463 1400 1532 cpiscopus
1435 1462 1817 1528 Chalcedonis,
1869 1462 1996 1517 fidei
2048 1462 2339 1518 formulam

753 1552 984 1605 Arimini
1016 1553 1330 1622 perlectam,
1357 1553 1447 1608 cui
1478 1553 1685 1624 pratfixi
1715 1565 1877 1610 erant
1900 1556 2175 1621 consules,
2201 1571 2337 1610 con-

753 1645 1062 1697 firmarunt.
1088 1645 1260 1710 Quam
1305 1645 1530 1715 quidem
1570 1647 1674 1700 hoc
1704 1648 1827 1702 loco
1854 1647 2098 1702 inserere
2141 1662 2338 1717 super-

751 1749 984 1787 vacuum
1007 1740 1172 1798 esset,
1199 1734 1245 1788 si
1276 1734 1416 1790 nihil
1455 1735 1524 1789 de
1557 1750 1660 1790 suo
1703 1735 1782 1790 illi
1831 1735 2178 1806 adjecissent.
2229 1733 2339 1788 Sed

751 1826 1012 1894 quoniam
1033 1826 1296 1881 nonnulla
1315 1827 1366 1881 ci
1389 1825 1555 1882 verba
1578 1834 1952 1890 attexuerunt,
1970 1824 2339 1880 necessarium

2429 644 2741 715 διασπεῖραι
2753 644 2972 709 αὐτοὺς,
2989 648 3140 716 νόμῳ
3162 640 3448 704 κελεύσας,
3466 643 3594 706 τοὺς
3620 642 4009 712 ὑποκειμένους

2431 736 2612 791 αὐτῶν
2636 736 2920 806 δημοσίοις
2948 735 3400 806 λειτουργήμασι,
3430 735 3497 804 τῇ
3528 733 3636 802 ἰδίᾳ
3652 731 3794 806 τύχῃ
3823 733 4011 786 ἀποδί-

2430 826 2637 882 δοσθαι.
2678 827 2791 882 Καὶ
2820 827 2932 898 γὰρ
2964 823 3107 898 ἦσαν
3148 827 3293 890 τινὲς
3323 823 3385 890 ἐξ
3423 823 3606 878 αὐτῶν
3647 824 4009 894 λειτουργίαις

2433 917 2806 989 ὑποκείμενοι,
2835 919 2887 971 oi
2913 919 3014 989 μὲν
3041 917 3476 989 βουλευτηρίων·,
3500 916 3552 968 oi
3581 915 3640 967 δὲ
3665 914 3776 967 τῶν
3805 917 3864 967 ὲν
3889 917 4010 978 ταῖς

2432 1009 2723 1080 ἐπαρχίαις
2743 1008 2950 1074 τάξεων
2972 1010 3108 1080 (82).
3138 1009 3358 1063 Τούτων
3384 1007 3451 1078 δὴ
3479 1005 3654 1069 οὕτως
3673 1005 4011 1076 ταραττομέ-

2434 1120 2566 1166 νων,
2586 1103 2638 1155 οι
2659 1104 2791 1173 περὶ
2827 1102 3081 1157 ’Λκάκιον
3101 1101 3480 1172 ἐπιμείναντες
3507 1102 3577 1170 τῇ
3599 1097 4009 1152 Κωνσταντίνου

2435 1192 2890 1262 πόλει,συνέδριον
2899 1191 3084 1264 ἕτερον
3100 1193 3483 1262 πεποιήκασιι,
3499 1191 3624 1253 τοὺς
3639 1189 3749 1243 ἀπὸ
3763 1187 4012 1252 Βιθυνίας

2436 1283 2770 1348 ἐπισκόπους
2791 1282 3299 1355 μεταπεμψάμενοι.
3322 1282 3608 1352 Γενόμενοι
3627 1275 3723 1335 οῦν
3740 1281 3790 1334 oi
3812 1280 4013 1343 πάντες

2435 1370 2528 1425 τὸν
2549 1370 2784 1444 ἀριθμὸν
2810 1372 3149 1442 πεντήκοντα
3174 1371 3311 1441 (85),
3327 1365 3410 1434 οἷς
3435 1370 3816 1442 κατηρίθμητο
3831 1371 4014 1441 Μάρις

2435 1465 2466 1516 6
2497 1462 2864 1534 Χαλκηδόνος,
2895 1463 3176 1534 βεϐαιοῦσι
3206 1463 3307 1535 τὴν
3333 1463 3395 1516 έν
3433 1462 3714 1533 ’Δριμήνῳ
3744 1461 3884 1531 μετά
3915 1461 4015 1531 τῆς

2437 1553 2704 1619 ὑπατείας
2726 1556 3170 1624 ἀναγνωσθεῖσαν
3196 1557 3403 1608 πίστιν.
3437 1554 3544 1608 Ἢν
3568 1553 3824 1626 περιττὸν
3847 1548 3918 1624 ἦν
3945 1552 4016 1607 ἂν

2437 1648 2675 1702 ἐνταῦθα
2710 1647 3053 1720 προκεῖσθαι,
3085 1647 3138 1699 εί
3175 1646 3346 1719 μηδὲν
3369 1647 3510 1718 αὐτῇ
3545 1644 4014 1717 προστεθείκασιν.

2451 1740 2670 1812 Ἐπειδὴ
2693 1740 2751 1794 δέ
2769 1757 2892 1794 τινα
2919 1740 3057 1811 αὐτῇ
3096 1737 3515 1810 προστεθείκασι
3545 1738 3798 1810 ῥήματα,
3839 1738 4015 1804 ἀναγ-

2439 1835 2595 1886 καῖον
2626 1832 2722 1886 καὶ
2763 1827 2922 1895 αὖθις
2948 1830 3121 1901 αὐτὴν
3146 1827 3383 1884 ἐνταῦθα
3419 1827 3806 1901 παραγράψαι.
3851 1827 4013 1881 Ἐστι

753 1916 977 1970 omnino
999 1926 1086 1974 est
1116 1926 1178 1974 ut
1199 1918 1292 1974 hic
1317 1918 1500 1974 denuo
1522 1920 1850 1975 ascribatnr.
1887 1918 1987 1974 Est
2017 1926 2204 1974 autem
2230 1918 2342 1972 hu-
2371 1913 2414 1968 Β
2439 1923 2499 1977 δὲ

1429 1934 1500 1974 uo
1522 1920 1850 1975 ascribatnr.
1887 1918 1987 1974 Est
2017 1926 2204 1974 autem
2230 1918 2342 1972 hu-
2371 1913 2414 1968 Β
2439 1923 2499 1977 δὲ
2533 1925 2594 1978 ἐν
2613 1923 2730 1988 τοῖς
2758 1923 2968 1994 ῥήμασι
2990 1920 3204 1985 τούτοις

751 2010 991 2083 jusmodi
1027 2029 1040 2065 :

826 2103 1117 2158 Credimus
1144 2102 1200 2156 in
1234 2119 1404 2157 unum
1429 2104 1600 2158 Deum
1638 2104 1854 2159 Patrem
1882 2105 2337 2176 omnipotentem,

752 2210 820 2250 ex
849 2209 960 2263 quo
980 2199 1108 2247 sunt
1143 2192 1327 2246 omnia
1361 2211 1374 2245 :
1403 2201 1460 2247 et
1485 2192 1541 2246 in
1569 2193 1793 2248 unicum
1825 2195 2025 2249 Filium
2068 2194 2188 2260 Dei,
2213 2201 2344 2249 ante

752 2286 935 2339 omnia
967 2285 1163 2340 saecula
1184 2293 1242 2338 et
1264 2293 1391 2339 ante
1413 2299 1576 2340 omne
1614 2285 1967 2356 principium,
1997 2288 2243 2358 genitum
2272 2301 2343 2341 ex

756 2377 898 2430 Deo:
924 2391 1022 2446 per
1042 2392 1204 2445 quem
1219 2374 1402 2431 omnia
1427 2375 1566 2429 facta
1586 2383 1735 2441 sunt,
1760 2384 1870 2430 tam
1893 2377 2151 2443 visibilia,
2175 2391 2343 2448 quam

755 2467 1052 2522 invisibilia
1081 2485 1095 2521 :
1125 2483 1361 2538 eumque
1394 2468 1572 2522 solum
1592 2467 1938 2539 unigenitum
1959 2485 2029 2524 ex
2051 2469 2215 2524 Patre
2241 2485 2344 2524 na-

756 2565 869 2610 tum
898 2572 1042 2622 esse,
1073 2557 1250 2612 solum
1269 2572 1337 2612 ex
1359 2557 1498 2622 solo,
1529 2558 1700 2612 Deum
1730 2573 1798 2612 ex
1821 2557 1934 2614 Deo
1967 2576 1982 2612 :
2026 2558 2262 2614 similem
2290 2560 2346 2615 ei

760 2649 855 2720 qui
880 2649 1056 2719 ipsum
1085 2647 1275 2718 genuit
1293 2647 1442 2702 Patri
1483 2647 1786 2702 secundum
1814 2647 2126 2718 Scripturas
2151 2667 2164 2702 :
2190 2651 2349 2720 cujus

759 2740 1169 2809 generationem
1192 2753 1353 2792 nemo
1373 2736 1546 2802 novit,
1568 2737 1674 2796 nisi
1702 2737 1852 2794 solus
1869 2739 1964 2808 qui
1987 2739 2138 2793 illum
2159 2740 2351 2810 genuit

760 2833 937 2887 Pater.
978 2831 1138 2886 Hunc
1163 2831 1506 2902 unigenitum
1534 2830 1730 2885 Filium
1760 2831 1856 2887 Dei
1894 2831 2100 2886 scimus
2133 2848 2164 2886 a
2185 2831 2348 2887 Patre

759 2922 983 2976 missum
1018 2921 1366 2976 descendisse
1397 2921 1466 2975 de
1496 2921 1670 2986 emlis,
1693 2921 1837 2976 sicut
1860 2922 2125 2992 scriptum
2146 2931 2250 2986 est,
2277 2922 2348 2977 ad

757 3015 1188 3070 destructionem
1221 3015 1430 3084 peccati
1459 3023 1624 3084 atque
1668 3015 1865 3070 mortis
1892 3033 1906 3069 :
1936 3024 1994 3070 et
2029 3032 2096 3070 ex
2139 3016 2349 3087 Spiritu

759 3113 952 3161 sancto
977 3115 1165 3159 natum
1209 3104 1279 3160 de
1313 3104 1480 3159 Maria
1505 3104 1727 3175 Virgine
1767 3105 2070 3159 secundum
2103 3121 2347 3171 carnem,

759 3208 818 3252 et
844 3212 967 3251 cum
994 3196 1279 3267 discipulis
1309 3205 1714 3260 conversatum,
1735 3204 1793 3251 et
1825 3197 2082 3251 universa
2121 3196 2348 3266 dispen-

761 3287 973 3344 satione
991 3288 1146 3357 juxta
1170 3286 1346 3340 Patris
1371 3285 1708 3341 voluntatem
1739 3287 1981 3356 impleta,
2006 3287 2349 3353 crucifixum,

762 3387 1040 3434 mortuum
1059 3393 1122 3432 ac
1133 3377 1407 3447 sepultum
1427 3392 1569 3443 esse,
1590 3378 1726 3432 etad
1745 3378 1953 3433 inferos
1969 3378 2352 3434 descendisse:

763 3481 930 3537 quem
957 3474 1014 3521 et
1042 3465 1159 3536 ipse
1183 3481 1350 3521 orcus
1375 3467 1680 3521 exhorruit.
1703 3465 1808 3533 Qui
1847 3468 2014 3522 etiam
2045 3468 2210 3523 tertio
2231 3477 2358 3540 post

764 3559 854 3614 die
877 3558 1117 3614 surrexit
1139 3573 1169 3613 a
1207 3559 1461 3625 mortuis,
1482 3568 1539 3614 et
1580 3575 1706 3614 cum
1732 3560 1889 3631 157
1910 3561 2196 3632 discipulis
2226 3579 2355 3617 ver-

764 3661 917 3708 satus
933 3661 1018 3706 est
1040 3669 1053 3704 :
1079 3651 1408 3722 tandemque
1433 3653 1719 3722 completis
1753 3653 2112 3724 quadraginta
2135 3653 2352 3720 diebus,

767 3750 1082 3814 assumptus
1106 3750 1192 3798 est
1225 3743 1282 3797 in
1309 3744 1530 3808 caelum,
1553 3743 1818 3814 sedetque
1842 3744 1910 3798 ad
1937 3744 2218 3799 dexteram
2255 3747 2356 3800 Pa-

769 3837 890 3902 tris,
929 3842 1176 3892 extremo
1207 3835 1633 3892 resurrectionis
1661 3835 1752 3892 die
1790 3844 2058 3892 venturus
2091 3837 2147 3890 in
2183 3837 2358 3909 gloria

2512 2107 2538 2148 3
2559 2097 2898 2170 Πιστεῦομεν
2920 2098 3002 2162 είς
3012 2096 3111 2152 ἕνα
3129 2097 3290 2169 μόνον
3303 2094 3460 2162 Θεὸν,
3477 2093 3698 2167 Πατέρα
3709 2091 4018 2164 παντοκρά-

2436 2207 2594 2261 τορα,
2617 2189 2678 2256 ἐξ
2702 2184 2765 2244 οὗ
2781 2188 2853 2244 τά
2879 2189 3056 2243 πάντα
3072 2203 3089 2220 ⁸
3115 2187 3213 2243 καὶ
3235 2189 3320 2252 είς
3351 2186 3445 2240 τὸν
3477 2185 3748 2257 μονογενῆ
3769 2185 3897 2238 Υίδν
3919 2181 4017 2238 τοῦ

2439 2280 2598 2345 Θεοῦ,
2629 2281 2737 2353 πρὸ
2761 2280 2984 2335 πάντων
3011 2280 3122 2332 τῶν
3145 2277 3359 2334 αἰώνων
3389 2279 3482 2334 καὶ
3503 2277 3613 2350 πρὸ
3643 2278 3823 2346 πάσης
3841 2276 4018 2349 ἀρχῆς

2440 2373 2770 2445 γεννηθέντα
2799 2373 2867 2427 ὲκ
2887 2372 2983 2426 τοῦ
3009 2372 3147 2427 Θεοῦ
3163 2389 3182 2406 ο
3197 2372 3266 2426 δι’
3284 2364 3348 2426 οὗ
3370 2371 3443 2426 τά
3470 2372 3650 2427 πάντα
3680 2371 3918 2440 ἐγένετο,
3947 2369 4020 2424 τὰ

2440 2464 2614 2537 ὁρατά
2640 2466 2738 2520 καὶ
2751 2463 2822 2519 τὰ
2841 2464 3052 2536 ἀόρατα
3071 2480 3087 2495 ο
3109 2463 3442 2534 γεννηθέντα
3456 2463 3515 2518 δὲ
3544 2463 3834 2536 μονογενῆ,
3858 2462 4020 2533 μόνον

2443 2557 2509 2609 εκ
2545 2555 2708 2626 μόνου
2731 2554 2828 2609 τοῦ
2853 2553 3092 2626 Πατρδς,
3119 2553 3254 2608 Θεὸν
3283 2554 3350 2608 ἐκ
3379 2551 3542 2616 Θεοῦ,
3565 2554 3757 2625 ὅμοιον
3785 2551 3866 2622 τῷ
3895 2568 4022 2621 γεν-

2443 2633 2674 2718 νήσαντι
2704 2645 2868 2701 αὐτὸν
2893 2647 3072 2718 Πατρὶ
3092 2645 3236 2702 κατά
3254 2644 3356 2709 τὰς
3380 2645 3606 2717 Γμφάς
3628 2660 3644 2676 ·
3675 2636 3740 2698 οῦ
3764 2643 3864 2714 τὴν
3889 2641 4020 2712 γέν-

2443 2753 2602 2807 νησιν
2627 2736 2805 2800 οὐδεὶς
2829 2736 3112 2806 γινώσκει,
3140 2738 3190 2791 εί
3214 2737 3292 2809 μὴ
3323 2735 3484 2808 μόνος
3510 2736 3540 2789 6
3562 2736 3836 2806 γεννήσας
3855 2733 4022 2788 αὑτὸν

2446 2831 2656 2902 Πατήρ.
2711 2829 2915 2884 Τοῦτον
2958 2829 3180 2901 οἴδαμεν
3223 2830 3486 2902 μονογενῆ
3524 2827 3619 2883 τοῦ
3668 2828 3803 2882 Θεοῦ
3853 2827 3976 2881 Υίὺν
4002 2863 4021 2891 ,

2447 2921 2758 2993 πέμποντος
2785 2920 2882 2974 τοῦ
2917 2921 3134 2992 Πατρδς
3163 2921 3567 2996 παραγενέσθαι
3607 2921 3673 2974 ὲκ
3711 2919 3823 2973 τῶν
3855 2917 4024 2989 οὐρα-

2447 3011 2574 3078 νῶν,
2603 3012 2682 3074 ὡς
2705 3011 3034 3083 γέγραπται,
3060 3012 3156 3066 έπὶ
3183 3013 3480 3068 καταλύσει
3505 3015 3603 3084 τῆς
3624 3011 3898 3084 ἁμαρτίας
3928 3010 4026 3064 καὶ

2446 3104 2545 3158 τοῦ
2577 3102 2831 3159 θανάτου.
2863 3104 2974 3159 Καὶ
3010 3105 3338 3176 γεννηθέντα
3366 3106 3433 3160 ὲκ
3471 3105 3790 3176 Πνεύματος
3826 3104 3984 3173 ἁγίου
4005 3141 4023 3165 .

2449 3197 2547 3251 καὶ
2575 3195 2797 3268 Μαρίας
2816 3195 3096 3267 Παρθένου
3115 3197 3178 3250 τδ
3195 3197 3340 3252 κατά
3366 3197 3567 3268 σάρκα,
3594 3197 3671 3260 ῶς
3692 3195 4023 3266 γέγραπται.

2451 3289 2548 3343 καὶ
2573 3287 2992 3359 ἀναστραφέντα
3020 3289 3159 3360 μετά
3176 3288 3288 3342 τῶν
3306 3287 3589 3361 μαθητῶν·
3615 3287 3712 3342 καὶ
3727 3288 3910 3359 πάσης
3925 3288 4028 3358 τῆς

2450 3379 2764 3451 οἰκονομίας
2803 3379 3184 3450 πληρωθείσης
3212 3380 3358 3435 κατά
3384 3381 3486 3452 τὴν
3515 3379 3802 3450 Πατρικὴν
3835 3378 4030 3449 βούλη-

2451 3489 2560 3534 σιν,
2581 3470 2964 3543 σταυρωθέντα
3001 3470 3099 3524 καὶ
3114 3469 3477 3533 ἀποθανόντα,
3499 3471 3597 3524 καὶ
3613 3468 3854 3538 ταφέντα
3873 3507 3890 3532 ,
3933 3467 4030 3522 καὶ

2451 3565 2532 3628 είς
2567 3563 2637 3617 τά
2659 3561 2986 3633 καταχθόνια
3015 3560 3454 3634 κατεληλυθόται
3475 3579 3490 3593 ο
3521 3562 3704 3616 ὅντινα
3732 3561 3830 3616 καὶ
3858 3559 4025 3623 αὐτὸς

2451 3657 2484 3709 6
2517 3655 2654 3726 ᾅδης
2699 3653 2953 3726 ἔπτηξεν.
2987 3653 3180 3717 Ὅστις
3208 3655 3304 3707 καὶ
3328 3654 3528 3724 ἀνέστη
3553 3653 3664 3707 ἀπὸ
3691 3652 3802 3706 τῶν
3821 3651 4032 3723 νεκρῶν

2457 3748 2526 3817 τῇ
2555 3745 2715 3819 τρίτῃ
2749 3745 2935 3816 ἡμέρᾳ
2955 3783 2970 3805 .
3013 3743 3111 3796 καὶ
3143 3743 3387 3815 διέτριψε
3422 3741 3564 3814 μετά
3597 3741 3707 3797 τῶν
3737 3741 4027 3813 μαθητῶνο

2460 3839 2557 3892 καὶ
2598 3835 2988 3910 πληρωθεισῶν
3023 3835 3135 3891 τῶν
3184 3835 3596 3908 τεσσαράκοντα
3636 3834 3886 3908 ἡμερῶν,
3934 3834 4033 3891 ἀν-

1951 3990 2220 4046 VALESII
2257 3989 2816 4048 ANNOTATIONES.

843 4104 953 4177 (82)
988 4105 1052 4158 Ol
1079 4103 1147 4157 δὲ
1165 4103 1292 4177 ⁸τῶν
1320 4103 1390 4177 ἐν
1418 4105 1545 4177 ταῖς
1575 4103 1888 4177 ἐπαρχίαις
1919 4103 2166 4166 τάξεων.
2202 4103 2350 4177 Sup-

773 4173 1268 4247 ple_ksttoopyiat;
1320 4175 1684 4244 ὑποκείμενοι.
1724 4174 1881 4247 Quod
1915 4190 2042 4247 curn
2084 4189 2196 4226 non
2233 4174 2352 4228 ani-

774 4243 1194 4300 inadvertisSent
1223 4243 1571 4314 interpretes,
1610 4251 1788 4299 totum
1821 4244 1981 4314 hunc
2008 4243 2354 4314 locumper-

776 4329 965 4385 peram
997 4323 1350 4385 acceperunt.
1371 4312 1518 4385 Quid
1565 4324 1752 4385 essent
1769 4312 1972 4377 τάξεις,
1999 4312 2123 4385 jam_
2139 4313 2352 4385 pridem

776 4382 964 4438 inonui
994 4383 1051 4437 in
1091 4384 1553 4438 Ann‘otationibus
1599 4384 1667 4438 ad
1701 4383 2051 4438 Ammianum
2079 4382 2352 4437 Marcelli-

777 4470 910 4508 num
946 4470 960 4507 :
995 4468 1223 4522 corpora
1269 4453 1477 4507 scilicet
1530 4452 1843 4508 oﬂicialium
1905 4452 2023 4506 sive
2073 4451 2354 4522 apparito-

2448 4105 2542 4160 sed
2579 4105 2815 4176 quadam
2849 4105 3117 4161 servitute
3149 4104 3273 4160 nexi
3304 4102 4032 4176 erant,donec‘missionem

2461 4174 2742 4245 consecuti
2777 4183 2997 4241 essent,
3063 4185 3127 4231 ut
3171 4176 3332 4230 docet
3370 4175 3568 4229 Suidas
3604 4175 3661 4229 in
3693 4174 4029 4245 Βετεράνοςε

2447 4246 2530 4299 sic
2554 4244 2816 4301 ofﬁciales
2848 4246 2963 4311 isti,
3009 4247 3105 4315 qui
3142 4246 3407 4300 urbanam
3435 4245 3687 4300 militiam
3719 4244 4031 4315 sequeban-

2451 4323 2562 4378 tur,
2603 4323 2763 4369 erant
2791 4315 2946 4380 quasi
2978 4314 3399 4380 conditionales,
3428 4323 3487 4369 et
3519 4315 3732 4370 militiae
3764 4330 3880 4369 suae
3902 4314 4031 4368 fun-

2450 4385 2728 4440 ctionibus
2770 4384 2994 4440 obnoxii
3036 4404 3050 4441 :
3095 4400 3399 4454 eorumque
3444 4385 3670 4454 prasdia,
3703 4384 3931 4454 perinde
3968 4399 4035 4440 ac

2456 4455 2835 4519 decurionum,
2862 4455 3128 4510 oneribus
3153 4455 3264 4510 illis
3298 4454 3628 4511 tenebantur
3655 4454 3942 4519 obstricta,
3972 4462 4036 4509 ut

779 4540 937 4589 rum,
975 4523 1069 4594 qui
1094 4515 1454 4594 'praasidibus
1495 4531 1552 4578 et
1603 4522 2010 4594 provinciarum
2046 4515 2356 4594 rectoribus
2386 4515 2432 4571 D
2459 4532 2610 4594 patet
2637 4541 2705 4579 ex
2727 4515 2932 4580 Codice
2971 4523 3375 4594 Thcodosiano,

777 4591 1129 4674 apparebant:
1170 4591 1389 4674 llorumA
1415 4591 1770 4674 munus—erat
1803 4592 2006 4674 tributa
2050 4607 2081 4645 a
2115 4591 2344 4660 provin-

779 4661 1011 4718 cialibus
1039 4661 1287 4731 exigere,
1342 4671 1398 4717 et
1435 4662 1734 4717 sententias
1770 4662 2067 4731 prmsidum
2112 4676 2345 4716 exsecu-

783 4733 917 4788 tioni
954 4731 1229 4786 mandare.
1253 4732 1423 4802 Porro
1451 4731 1973 4800 quemadmodumji
1995 4732 2088 4802 qui
2125 4738 2349 4802 armatas

782 4803 988 4858 militia:
1016 4817 1217 4855 nomen
1248 4799 1533 4864 dederant,
1557 4808 1900 4856 sacramento
1928 4799 2153 4856 militari
2183 4799 2347 4854 astri-

781 4873 856 4930 cti
898 4870 1253 4937 tenebantur,
1290 4887 1393 4928 nec
1430 4873 1650 4942 plenam
1695 4871 1975 4928 habebant
2013 4871 2350 4935 libertatem,

2523 4593 2635 4664 (ss)
2709 4594 2820 4648 Τὸν
2878 4593 3130 4663 ἀριθμὸν
3179 4591 3574 4664 πεντήκοντα.
3607 4593 3697 4664 ,ιιι
3755 4591 4036 4664 Chronico

2451 4661 2820 4719 Alexandrino
2848 4661 3207 4734 septuaginta
3230 4662 3340 4719 duo
3378 4661 3621 4734 episcopi
3649 4663 3859 4734 synodo
3878 4662 4035 4734 Conv

2453 4734 2952 4859 ξὶξιιέἓῦιοροιίωιω
2987 4731 3307 4790 interfuisse
3361 4731 3656 4798 dicuntur,
3682 4731 3838 4789 anno
3867 4731 4037 4788 Chri-

2509 4820 2526 4858 ι
2656 4843 2671 4858 .

2509 4820 2671 4858 ιοου.

2222 5030 2606 5088 VARIORUM.

857 5160 886 5188 ι
927 5149 1247 5216 Συνέδρων
1306 5151 1510 5218 ἕτερον
1576 5149 1962 5218 πεποιήκασι.
2019 5148 2231 5218 Mense;
2253 5149 2355 5202 De-

787 5221 994 5292 cembri
1023 5220 1150 5292 anni
1182 5221 1285 5274 359
1309 5216 1560 5292 inchoata
1594 5229 1680 5275 est
1701 5216 1819 5275 haec
1843 5219 2085 5292 synodus
2111 5235 2168 5274 ιιι
2205 5216 2353 5292 Con-

788 5291 1300 5358 stantinopolitana,
1344 5299 1401 5345 et
1451 5291 1506 5344 in
1551 5288 1888 5360 sequentem'
1918 5306 2121 5344 annum
2175 5288 2354 5360 conti—

788 5369 972 5415 nuata.
1007 5359 1175 5413 Erant
1213 5360 1334 5415 dua:
1383 5361 1437 5414 in
1474 5360 1573 5414 hac
1597 5358 1803 5424 svnodo
1845 5360 2146 5424 factiones;
2175 5358 2355 5410 Semi-

788 5432 1104 5486 arianorum
1129 5445 1256 5493 una,
1287 5431 1382 5498 qui
1401 5430 1596 5484 Filium
1620 5422 1764 5484 Patri
1790 5429 2092 5499 ὁμοιούσιον
2115 5422 2140 5491 ,⁷
2169 5427 2352 5481 Aetia-

791 5515 986 5555 narum
1030 5499 1222 5570 altera,
1267 5501 1360 5570 qni
1401 5500 1598 5554 Filium
1632 5499 1936 5570 ὲτερούσιον
1965 5515 2103 5570 esse
2130 5504 2364 5570 conten-

791 5515 986 5555 norum
1030 5515 1222 5562 altera,
1307 5517 1360 5553 ιιι
1403 5515 1598 5554 riuum
1632 5515 1936 5570 ετερουσιον
1965 5515 2087 5553 esse
2130 5515 2364 5552 conten-

791 5571 1014 5625 debant.
1069 5569 1220 5640 AYicit
1267 5515 1745 5624 (Lemiarianorum
1802 5585 1948 5640 pars.
2009 5568 2141 5640 Inde
2174 5566 2367 5620 Aetius

793 5656 920 5693 mox
969 5638 1162 5709 exsilio
1209 5641 1473 5694 multatus
1520 5657 1532 5691 :
1580 5637 1900 5694 damnatum
1950 5640 2070 5709 ejus
2111 5637 2307 5709 dogma
2349 5651 2363 5688 :

791 5711 1030 5778 denique
1085 5707 1209 5762 fidei
1246 5709 1477 5764 formula
1532 5709 1739 5780 synodo
1795 5707 2125 5764 Ariminensi
2162 5707 2365 5780 oblata,

794 5776 1146 5832 conﬁrmatur
1194 5780 1382 5848 paucis
1429 5776 1653 5843 additis,
1691 5795 1885 5849 nempe
1933 5789 1993 5833 ut
2030 5792 2219 5849 neun
2245 5776 2377 5829 sub-

792 5851 1012 5910 stantia,
1049 5847 1221 5916 neque
1255 5852 1545 5921 hypostasis
1579 5850 1646 5905 de
1699 5847 2136 5906 Deoidicerctur.
2182 5847 2371 5902 Exstat

2450 5207 2588 5288 p'um
2646 5216 2717 5288 de
2755 5207 3319 5288 'damnationeAAetii
3378 5209 3503 5288 ejus
3540 5207 3782 5288 diaconi,

2456 5146 2688 5216 epistola
2725 5144 3012 5224 synodalis_
3025 5142 3093 5197 ad
3116 5137 3787 5222 Georgiumﬁlexandriae
3820 5139 4040 5264 elpisco-

2456 5232 2588 5265 num
2647 5216 2717 5265 de
2775 5215 3127 5265 damnatione
3175 5211 3319 5265 Aetn
3378 5224 3501 5265 eius
3540 5207 3782 5265 diaconi.
3877 5211 4040 5265 heod.

2455 5232 2588 5298 pum
2647 5227 2717 5296 de
2775 5227 3127 5270 damnatione
3175 5227 3319 5265 Ae“!
3378 5227 3501 5292 ejus
3540 5227 3782 5332 alumni,
3830 5227 4040 5267 'x’neoa.

2455 5281 3195 5407 Stiliclfbsoﬂamfaﬂtﬁ’iz
3221 5281 3618 5407 ἐῗθὲῗῖ¹’‹ἑῗιῗῖ.
3650 5281 4041 5407 άνὲθξιῧῗ

2458 5357 2680 5410 Confer.
2724 5347 2943 5409 Sonm.
2987 5347 3086 5407 lib.
3124 5367 3195 5414 ιν,
3221 5367 3272 5406 c.
3316 5350 3404 5404 64.
3450 5347 3618 5417 (Guil.
3650 5347 3795 5405 Cave
3838 5347 3950 5404 'vol.
3977 5351 4042 5417 ll,

2461 5443 2516 5496 p.
2569 5425 2707 5490 H9;
2745 5425 2871 5480 Ant.
2903 5425 3033 5546 Pagi,
3069 5421 3136 5476 ad
3161 5437 3287 5474 ann.
3318 5417 3469 5487 359.)

2533 5505 2560 5544 y
2586 5496 2971 5546 Πιστεὺοιιεν.
3038 5492 3125 5546 ide
3144 5491 3286 5545 hanc
3307 5489 3469 5543 forml

2533 5505 2560 5544 ι
2586 5487 3301 5563 morationes-ﬂuebant;
3307 5489 3598 5563 formulam
3620 5488 3765 5563 apud
3780 5487 4043 5563 Atbanas.

2464 5566 2542 5621 De
2603 5558 3054 5644 synodis,“pag._
3081 5561 3206 5644 741,
3257 5558 3771 5644 Thcodorit_._llist.
3813 5559 3912 5614 ιιι).
3974 5576 4044 5626 ιι,

2465 5651 2586 5706 cap.
2629 5628 2721 5698 2|,
2762 5643 2820 5690 et
2864 5628 3097 5706 Nicépb.
3131 5629 3354 5706 lib._tx,
3389 5645 3518 5706 _cap.
3548 5628 3664 5702 Η.)

2539 5699 2562 5743 ί
2607 5706 2714 5759 Καὶ
2753 5699 3036 5772 ταφέντᾱ,
3075 5700 3173 5772 καί
3211 5702 3300 5765 τίς
3341 5699 3818 5772 τὰ-καταχθόνιᾳ
3842 5768 3853 5772 _
3875 5714 4049 5772 arare-

2467 5776 2792 5841 ληλυθότα.
2815 5768 2917 5830 llic
2937 5781 2994 5826 et
3019 5771 3302 5840 sepultura
3323 5776 3381 5826 et
3405 5768 3703 5827 descensus
3730 5769 3798 5826 ad
3840 5768 4048 5826 inferos

2468 5847 2726 5902 distincte
2762 5842 3153 5916 praedicantur.
