4508 6588
451 428 559 487 διε

1442 429 1767 487 HISTORIA
1803 430 2358 493 ECCLESIASTICA.
2402 467 2470 478 —
2507 438 2637 493 LIB.
2678 438 2743 494 Il.

3638 442 3742 496 350

454 540 665 615 ελήφθη
703 538 786 603 είς
824 539 952 604 τοὺς
977 539 1273 612 οὐρανοὺς,
1324 543 1420 595 καὶ
1453 541 1747 606 καθέζεται
1794 544 1853 599 ἐν
1887 544 2038 618 δεξιᾷ
2069 557 2112 612 Α
2141 549 2234 605 Pal

1963 545 2038 618 Ξιᾷ
2069 557 2112 612 Α
2141 549 2341 615 Patris,
2371 560 2433 606 ut
2462 552 2657 607 reddat
2680 552 2979 624 unicuique
3002 553 3313 609 mercedem
3342 571 3572 626 operum
3610 573 3743 612 suo-

452 633 550 689 τοῦ
582 633 830 705 Πατρδς,
866 632 1222 704 ἐλευσόμενος
1260 636 1319 689 ἐν
1346 639 1413 707 τῇ
1450 635 1657 709 ἐσχάτῃ
1706 636 1892 710 ἡμέρᾳ
1938 640 2041 708 τῆς

454 726 806 790 ἀναστάσεως
827 728 886 780 ἐν
906 728 973 798 τῇ
994 728 1242 798 Πατρικῇ
1267 727 1413 801 δόξῃ,
1435 728 1521 781 ῖνα
1545 728 1802 802 ἀποδώσῃ
1825 731 2041 803 ἑκάστῳ

454 820 600 877 κατά
623 821 693 875 τά
715 820 853 892 ἔργα
876 819 1067 874 αὐτοϋ.
1097 822 1211 877 Καὶ
1243 822 1323 885 είς
1352 822 1415 875 τὸ
1445 822 1601 893 ἀγιον
1627 822 1873 895 Πνεῦμα,
1903 825 2040 898 ὅπερ

454 913 620 977 αὐτὸς
644 915 674 967 ὁ
702 912 1015 984 Μονογενὴς
1028 912 1122 967 τοῦ
1152 912 1289 967 Θεοῦ
1314 915 1343 967 ὁ
1372 914 1632 985 Χριστὸς,
1659 916 1688 968 ὁ
1712 916 1918 988 Κύριος
1944 916 2039 971 καὶ

455 1004 760 1077 Θεδςὴμῶν
779 1003 1141 1076 ἐπηγγείλατο
1168 1003 1407 1075 πέμπειν
1421 1003 1499 1076 τῷ
1518 1005 1664 1074 γένει
1684 1004 1795 1061 τῶν
1818 1005 1915 1059 ἀνθ
1925 1004 2035 1077 9di-

456 1112 579 1151 πων
623 1093 1005 1168 Παράκλητον,
1040 1093 1298 1168 καθάπερ
1327 1093 1681 1166 γέγραπται,
1725 1092 1789 1147 τὸ
1816 1092 2043 1163 Πνεῦμα

456 1189 560 1262 τῆς
599 1187 861 1260 ἀληθείας
882 1203 897 1217 ·
926 1187 1067 1257 ὅπερ
1095 1186 1279 1251 αὐτοῖς
1308 1184 1557 1258 επεμψεν
1580 1225 1597 1251 ,
1634 1186 1726 1240 ὅτε
1759 1184 2040 1257 ἀνελήφθη

458 1284 537 1345 εἰς
576 1280 706 1345 τοὺς
738 1278 1025 1357 οὐρανούς.
1054 1278 1129 1332 Τδ
1153 1278 1212 1335 δὲ
1241 1278 1418 1350 ὄνομα
1450 1278 1550 1349 τῆς
1588 1278 1800 1343 οὐσίας,
1837 1277 2043 1333 ἀπλού-

461 1391 651 1447 οτερον
683 1372 791 1428 ὑπὸ
814 1372 922 1426 τῶν
950 1372 1205 1445 πατέρων
1230 1371 1414 1444 ἐτέθη,
1456 1370 1823 1442 ἀγνοούμενον
1843 1370 1903 1426 δέ
1931 1374 2044 1437 τοῖς

459 1467 631 1532 λαοῖς,
668 1466 965 1521 σκάνδαλον
996 1464 1193 1538 ἔφερε,
1220 1464 1357 1521 διότι
1391 1465 1528 1538 μηδέ
1558 1466 1614 1519 αἱ
1644 1464 1862 1536 Γραφαὶ
1884 1463 2045 1518 τοῦτο

462 1561 834 1634 περιέχουσινι
890 1560 1058 1631 ἧρεσε
1111 1558 1575 1630 περιαιρεθῆναι,
1621 1557 1716 1613 καὶ
1760 1556 2044 1622 παντελῶς

466 1653 739 1726 μηδεμίαν
789 1651 1013 1725 μνήμην
1057 1650 1152 1706 τοῦ
1196 1649 1386 1705 λοιποῦ
1425 1649 2044 1725 γενέσθαι,ἐπειδήπερ

464 1746 642 1802 καὶ-,αἱ
666 1744 808 1799 θεῖαι
833 1743 1051 1816 Γραφαὶ
1078 1740 1317 1809 οὐδαμοῦ
1343 1743 1762 1815 ἐμνημόνευσαν
1796 1745 1925 1816 περὶ
1955 1745 2046 1798 ού-

466 1839 588 1902 σίας
617 1836 834 1907 Πατρδς
864 1837 957 1890 καὶ
974 1834 1128 1889 Υἱοῦ.
1166 1835 1280 1890 Καὶ
1305 1834 1416 1907 γὰρ
1443 1835 1545 1889 οὐκ
1572 1836 1776 1907 ὀφείλει
1806 1837 2044 1891 ὑπόστα·

468 1950 554 1994 at;
594 1930 711 2000 (84)
744 1930 873 2000 περὶ
897 1928 1111 1999 Πατρδς
1137 1928 1234 1980 καὶ
1266 1927 1396 1981 Υίοῦ
1436 1927 1531 1982 καὶ
1556 1928 1711 1997 ἀγίου
1729 1927 2049 2000 Πνεύματος
2078 1923 2122 1978 Β

464 2020 850 2093 ὀνομάζεσθαι.
887 2021 1113 2091 Ὅμοιον
1134 2020 1191 2073 δὲ
1209 2018 1443 2090 λέγομεν
1462 2019 1554 2074 τὸν
1584 2020 1715 2074 Υίὸν
1744 2020 1821 2092 τῷ
1848 2021 2047 2093 Πατρὶ,

464 2116 542 2179 ὡς
579 2114 828 2183 λέγουσιν
854 2113 912 2166 αί
952 2112 1094 2166 θεῖαι
1129 2112 1167 2165 Γ
1174 2112 1346 2183 ραφαὶ
1376 2113 1471 2166 καὶ
1501 2112 1837 2167 διδάσκουσι.
1871 2115 2051 2168 Πᾶσαι

465 2207 526 2260 δέ
564 2206 809 2277 αἱρέσεις
829 2244 845 2269 ,
877 2204 938 2258 αῖ
975 2221 1034 2257 τε
1059 2204 1159 2274 ἤδη
1197 2203 1465 2275 πρότερον
1505 2203 1931 2276 κατεκρίθησαν,
1958 2206 2053 2259 καίΙ

466 2300 673 2363 αἵτινες
732 2299 827 2353 ἐάν
881 2298 1203 2369 καινότεραι
1276 2298 1390 2368 (85)
1449 2296 1750 2366 γένωνται,
1810 2298 2053 2352 ἐναντίαι

465 2391 834 2463 τυγχάνουσαι
853 2391 953 2460 τῆς
967 2389 1282 2461 ἐκτεθείσης
1308 2388 1512 2461 ταύτης
1532 2389 1775 2461 γραφῆς,
1803 2389 2054 2462 ἀνάθεμα

468 2485 735 2538 ἔστωσαν.
782 2483 970 2537 Ταῦτα
1020 2482 1120 2552 μὲν
1171 2481 1229 2535 ἐν
1273 2482 1687 2536 Κωνσταντίνου
1735 2481 1889 2535 πόλει
1933 2483 2055 2536 τότε

467 2577 907 2649 ἀνεγνώσθησαν.
924 2576 1114 2647 Ἡμεῖς
1131 2574 1187 2629 δὲ
1205 2574 1297 2628 τὸν
1317 2573 1641 2645 λαὸύρινθον
1659 2574 1769 2628 τῶν
1784 2574 2055 2628 ἐκθέσεων

469 2670 566 2737 ὀψέ
596 2686 728 2724 ποτε
754 2667 1107 2731 διανύσαντες
1134 2708 1150 2734 ,
1178 2666 1276 2737 τὴν
1300 2666 1682 2737 ἀπαρίθμησιν
1714 2666 1897 2719 αὐτῶν
1933 2683 2056 2719 συν-

469 2759 789 2829 αγάγωμεν.
830 2757 985 2811 Μετά
1007 2755 1113 2825 γάρ
1141 2754 1240 2825 τὴν
1264 2757 1321 2809 ἐν
1357 2754 1560 2826 Νικαίᾳ
1591 2756 1792 2821 πίστιν,
1829 2755 2056 2826 ὕστερον

470 2852 528 2902 ἐν
569 2847 871 2918 Ἀντιοχείᾳ
908 2849 1020 2909 τοῖς
1076 2844 1372 2913 ἐγκαινίοις
1431 2844 1619 2907 δισσὰς
1661 2844 1906 2908 ἐκθέσεις
1947 2846 2050 2898 ὑπο

470 2942 806 3019 ηγόρευσαν.
848 2940 891 2991 Τ
897 2939 1019 3009 ρίτη
1052 2937 1109 2990 δέ
1147 2938 1317 3000 ἐστιν,
1339 2937 1372 3005 η
1402 2937 1709 2991 ἐπιδοθεῖσα
1753 2938 1906 3009 παρά
1950 2938 2058 2992 τῶν

470 3031 600 3103 περὶ
638 3030 951 3100 Νάρκισσον
982 3028 1041 3079 ἐν
1065 3029 1187 3089 ταῖς
1232 3025 1483 3090 Γαλλίαις
1517 3024 1595 3096 τῷ
1636 3026 1846 3097 βασιλεῖ
1888 3029 2050 3081 Κών-

472 3137 661 3177 σταντι
686 3138 700 3153 ·
736 3120 974 3191 τετάρτη
1009 3117 1066 3172 δὲ
1088 3156 1103 3181 ,
1135 3119 1170 3189 ὴ
1215 3117 1283 3170 δι’
1320 3117 1574 3181 Εὐδοξίου
1602 3120 1713 3181 τοῖς
1745 3121 1803 3172 ἐν
1861 3119 2059 3191 Ἰταλίᾳ

2149 656 2293 695 rum.
2328 642 2397 696 Et
2428 642 2484 696 in
2506 643 2772 713 Spiritum
2796 657 3068 711 sanctum,
3094 661 3259 715 quem
3284 645 3400 716 ipse
3429 648 3745 718 uuigenitus

2148 733 2246 788 Dei
2276 734 2468 801 Filius,
2494 734 2766 802 Christus,
2799 737 3065 792 Dominus
3104 752 3168 793 ac
3209 738 3354 793 Deus
3391 748 3580 793 noster
3609 754 3741 809 pro-

2148 826 2301 881 misit
2322 844 2381 883 se
2410 828 2709 885 missurum
2746 830 2929 902 generi
2957 832 3200 885 humano
3226 830 3575 894 advocatum,
3599 830 3745 885 sicut

2148 925 2412 997 scriptum
2436 936 2540 992 est,
2573 926 2838 998 Spiritum
2869 927 3116 982 veritatis
3142 944 3155 980 :
3191 943 3356 997 quem
3395 936 3452 983 et
3478 926 3609 998 ipsis
3635 927 3743 981 mi-

2149 1016 2241 1080 sit,
2265 1026 2621 1089 posteaquam
2639 1018 2979 1076 ascendisset
2994 1019 3050 1073 in
3072 1019 3293 1074 calum.
3313 1019 3525 1075 Nomen
3558 1028 3743 1074 autem

2150 1109 2493 1177 substantia,
2518 1108 2666 1181 quod
2690 1110 2995 1181 simplicius
3023 1126 3056 1165 a
3080 1110 3339 1165 Patribus
3368 1110 3609 1180 positum
3634 1118 3741 1174 est,

2150 1213 2208 1258 et
2238 1202 2385 1275 quod
2430 1204 2678 1275 ignotum
2710 1202 2928 1274 populis
2964 1202 3261 1258 οπεηείοηὶ
3304 1201 3426 1267 fuit,
3448 1209 3743 1272 propterea

2151 1296 2300 1368 quod
2330 1296 2387 1351 in
2410 1296 2583 1352 sacris
2608 1294 2836 1351 Litteris
2852 1311 2964 1351 non
2994 1295 3330 1359 continetur,
3356 1293 3563 1364 placuit
3586 1308 3743 1347 amo-

2150 1389 2289 1455 veri,
2315 1404 2419 1444 nec
2440 1388 2610 1444 ullam
2626 1387 2888 1459 deinceps
2903 1388 3022 1459 ejus
3044 1386 3166 1443 ﬁeri
3190 1385 3548 1451 mentionem,
3569 1401 3746 1456 quan-

2151 1481 2449 1553 doquidem
2464 1495 2634 1537 sacra
2648 1480 2871 1538 Littera
2886 1494 3155 1550 nusquam
3170 1478 3471 1533 meminere
3487 1478 3747 1533 substan-

2154 1579 2244 1634 tia
2261 1576 2440 1634 Patris
2470 1590 2535 1631 ac
2566 1575 2710 1631 Filii.
2734 1573 2874 1631 Nam
2908 1572 3218 1645 hypostasis
3250 1571 3431 1626 Patris
3447 1578 3505 1626 et
3528 1570 3650 1625 Filii
3678 1586 3743 1626 ac

2154 1670 2395 1743 Spiritus
2413 1670 2587 1725 sancti
2617 1684 2687 1725 ne
2720 1666 2995 1723 nominari
3027 1665 3251 1738 quidem
3278 1666 3462 1721 debet.
3496 1664 3741 1720 Similem

2151 1774 2337 1821 autem
2366 1763 2600 1819 dicimus
2630 1762 2831 1817 Filium
2858 1759 3029 1824 Patri,
3056 1757 3518 1829 quemadmodum
3542 1756 3744 1812 divina

2154 1858 2454 1929 Scriptura
2483 1856 2673 1912 dicunt
2702 1868 2767 1909 ac
2788 1852 3007 1907 docent.
3039 1850 3244 1906 Omnes
3272 1865 3439 1919 porro
3481 1848 3741 1911 hareses,

2150 1968 2246 2007 seu
2268 1966 2391 2021 qua
2421 1948 2551 2005 olim
2577 1948 2868 2010 damnata,
2902 1959 2999 1998 seu
3025 1958 3146 2012 qua
3184 1956 3381 1996 recens
3424 1948 3579 2004 orta,
3612 1940 3746 1995 huic

2151 2061 2183 2099 a
2209 2043 2368 2098 nobis
2395 2040 2658 2111 exposita
2696 2037 2825 2092 ﬁdei
2864 2035 3230 2104 refragantur,
3272 2032 3565 2087 anathema
3608 2030 3743 2087 sint.

2152 2137 2221 2191 Et
2252 2136 2368 2191 hac
2390 2133 2615 2203 quidem
2655 2124 3129 2196 Constantinopoli
3172 2133 3288 2179 tum
3333 2122 3561 2177 recitata
3592 2126 3742 2175 sunt.

2151 2229 2262 2284 Nos
2298 2242 2432 2281 vero
2475 2222 2881 2293 expositionum
2921 2216 3049 2272 ﬁdei
3094 2214 3469 2286 labyrinthum
3524 2211 3745 2266 tandem

2153 2315 2449 2387 aliquando
2471 2311 2702 2376 emensi,
2733 2323 2925 2365 earum
2955 2320 3248 2362 numerum
3269 2303 3382 2375 jam
3403 2302 3743 2372 colligamus.

2153 2410 2284 2465 Post
2313 2408 2477 2462 ﬁdem
2518 2420 2641 2475 qua
2680 2402 2877 2459 Nicaa
2918 2398 3263 2472 promulgata
3289 2403 3394 2461 est,
3441 2393 3749 2449 Antiochia

2155 2500 2212 2556 in
2233 2498 2578 2554 dedicatione
2607 2492 2856 2550 ecclesia
2880 2490 3017 2546 duas
3046 2487 3420 2560 expositiones
3449 2484 3578 2541 ﬁdei
3611 2503 3747 2542 con—

2155 2592 2518 2663 scripserunt.
2552 2587 2740 2642 Tertia
2763 2592 2869 2649 est,
2898 2597 3063 2654 quam
3090 2580 3383 2637 Narcissus
3413 2588 3471 2634 et
3498 2578 3592 2648 qui
3622 2592 3747 2631 cum

2156 2687 2251 2741 illo
2273 2692 2430 2740 erant
2458 2679 2720 2753 episcopi,
2741 2675 3025 2733 Constanti
3048 2674 3294 2745 Augusto
3325 2671 3670 2727 tradiderunt
3692 2669 3747 2722 in

2154 2779 2364 2844 Galliis;
2400 2785 2615 2848 quarta,
2640 2790 2763 2845 qua
2790 2789 2888 2844 per
2912 2770 3222 2827 Eudoxium
3256 2769 3312 2823 in
3338 2767 3547 2821 Italiam
3580 2766 3752 2819 missa

2156 2882 2259 2927 est.
2297 2869 2483 2925 Sirmii
2512 2883 2645 2923 vero
2671 2877 2784 2921 tres
2808 2863 3132 2933 conscripta
3168 2870 3330 2915 sunt:
3374 2874 3607 2929 quarum
3641 2874 3749 2913 una

2158 2982 2284 3021 cum
2318 2962 2555 3034 praﬁxis
2584 2958 2872 3015 consulum
2907 2954 3228 3011 nominibus
3253 2951 3488 3007 Arimini
3521 2948 3749 3005 recitata

2159 3066 2262 3112 est.
2289 3054 2493 3110 Octava
2520 3061 2794 3122 estquam
2840 3047 3097 3104 Acaciani
3128 3045 3395 3101 Seleucia
3434 3043 3749 3114 promulga-

2161 3151 2311 3197 runt.
2336 3143 2620 3197 Postrema
2649 3134 3121 3204 Constantinopoli
3160 3132 3309 3188 edita
3339 3141 3424 3186 est
3451 3147 3574 3185 cum
3608 3145 3751 3184 nova

471 3214 834 3322 πεμφθεῖσα.;
865 3211 923 3264 ἓν
946 3228 1006 3322 τε
1034 3209 1247 3322 Σιρμίιμ
1270 3213 1421 3312 τρεῖς
1468 3210 1953 3282 ύπηγορεύθησαν,
1982 3205 2058 3267 ὧν
2085 3260 2131 3322 c
2162 3247 2251 3301 am

1970 3205 2058 3322 :1”
2085 3260 2131 3322 ρ
2162 3230 2483 3301 appendice.
2514 3227 2655 3282 Huic
2694 3224 2843 3279 enim
2874 3224 3146 3295 adjectum
3176 3232 3280 3285 est,
3319 3228 3380 3274 ut
3408 3233 3584 3288 neque
3614 3218 3750 3273 sub-

473 3310 507 3376 ή
555 3306 653 3377 μία
690 3306 749 3358 ἐν
790 3302 1071 3376 Ἀριμήνῳ
1102 3302 1242 3372 μετὰ
1275 3302 1376 3373 τῆς
1417 3302 1683 3365 ὑπατείας
1713 3302 2055 3377 ἀνεγνώσθη.

482 3397 676 3468 Ὀγδόη
722 3395 780 3450 δέ
826 3397 996 3459 ἐστιν,
1019 3396 1055 3465 ή
1080 3393 1138 3447 ἐν
1161 3391 1455 3466 Σελευκείᾳ
1480 3432 1495 3457 ,
1538 3396 1608 3465 ἢν
1635 3395 1688 3448 οἱ
1728 3397 1861 3468 περὶ
1900 3397 2062 3452 Ἀκά-

475 3505 594 3543 κιον
647 3485 1068 3556 ἀνεγνώκεισαν.
1125 3483 1430 3539 Τελευταία
1484 3484 1542 3538 δέ
1565 3524 1582 3550 ,
1639 3485 1701 3539 ἐν
1758 3486 2062 3540 Κωνσταν-

476 3582 626 3634 τίν.υ
654 3580 807 3634 πόλει
837 3579 977 3650 μετά
1000 3578 1101 3648 τῆς
1130 3577 1451 3649 προσθήκης
1478 3577 1772 3632 ἐκδίδοται.
1799 3578 2064 3651 Πρόσκει-

476 3692 567 3727 ται
600 3672 708 3745 γάρ
730 3673 891 3743 αὐτῇ,
917 3672 1056 3743 μήτε
1083 3670 1291 3734 οὐσίαν,
1326 3670 1462 3741 μήτε
1485 3669 1783 3725 ὑπόστασιν
1812 3673 1903 3726 ἐπὶ
1923 3672 2061 3729 Θεοῦ

474 3765 676 3833 λέγειν.
704 3762 889 3833 Ταύτῃ
924 3761 1016 3814 καὶ
1044 3758 1314 3829 Ούλφίλας
1339 3760 1368 3813 ὁ
1390 3759 1500 3813 τῶν
1530 3759 1739 3814 Γότθων
1763 3761 2060 3833 ἐπίσκοπος

2160 3320 2359 3377 stantia
2391 3333 2570 3388 neque
2610 3314 2920 3385 hypostasis
2964 3311 3032 3367 de
3079 3311 3192 3365 Deo
3236 3309 3534 3363 diceretur.
3578 3307 3753 3361 Porro

2158 3409 2290 3464 huic
2335 3406 2462 3462 ﬁdei
2508 3405 2675 3461 etiam
2720 3401 2883 3458 Ullila
2936 3398 3240 3455 Gothorum
3287 3396 3577 3467 episcopus
3620 3402 3755 3448 tunc

2160 3498 2397 3568 primum
2429 3492 2727 3551 consensit.
2751 3491 2888 3547 Nam
2916 3497 3044 3544 ante
3066 3487 3202 3543 illud
3235 3496 3452 3557 tempus
3478 3485 3751 3540 Nicanam

2160 3586 2325 3641 ﬁdem
2365 3584 2650 3654 amplexus
2699 3580 2911 3644 fuerat;
2951 3584 3176 3632 secutus
3217 3573 3605 3645 TheOphilum,
3656 3568 3754 3640 qui

2165 3693 2293 3734 cum
2334 3675 2636 3732 Gothorum
2680 3678 2827 3727 esset
2870 3668 3194 3739 episcopus,
3249 3665 3470 3721 Nicano
3519 3660 3756 3719 concilio

2166 3782 2410 3839 prasens
2431 3763 2853 3833 subscripserat.
2881 3756 2990 3812 Sed
3017 3756 3085 3811 de
3114 3756 3201 3811 his
3226 3756 3513 3809 hactenus.

487 3860 610 3913 τότε
646 3858 863 3931 πρῶτον
894 3854 1169 3912 συνέθετο.
1208 3854 1315 3909 Τὸν
1356 3855 1467 3927 γὰρ
1506 3854 1817 3927 ἔμπροσθεν
1854 3860 2068 3930 χρόνον,
2100 3864 2202 3936 τὴν
2263 3863 2323 3917 ἐν
2397 3860 2604 3931 Νικαίᾳ
2642 3856 2826 3910 πίστιν
2861 3853 3161 3925 ἠσπάζετο,
3194 3849 3461 3920 ἑπόμενος
3482 3843 3755 3913 Θεοφίλῳ,

479 3956 539 4020 ὃς
571 3955 681 4008 τῶν
729 3954 943 4010 Γότθων
1005 3949 1305 4013 ἐπίσκοπος
1351 3948 1429 4005 ὣν
1469 3952 1538 4022 τῇ
1575 3951 1636 4005 ὲν
1670 3950 1879 4027 Νικαίᾳ
1911 3956 2115 4030 συνόδῳ
2153 3956 2347 4029 παρὼν
2405 3951 2825 4027 καθυπὲγραψε.
2859 3946 3113 4004 Τοσαῦτα
3148 3946 3248 4018 μὲν
3277 3943 3404 4015 περὶ
3434 3941 3642 3996 τούτων
3678 3941 3757 3993 εἰς

484 4050 689 4123 ρήσθω.

1036 4160 1297 4217 ΚΕΦΔΛ.
1336 4159 1473 4216 MB’.
2786 4146 2816 4205 ί

1354 4159 1473 4215 ιιΒσ.
2786 4146 2939 4205 CAP.
2971 4142 3134 4200 XLII.

495 4261 593 4326 Ὠς
607 4256 1059 4327 καθαιρεθέντος
1083 4256 1483 4319 Μακεδονίου,
1500 4253 1790 4327 Εὐδόξιος
1811 4253 1928 4322 τὴν
1946 4253 2074 4310 ἐπι·
2172 4251 2275 4320 ραι

1979 4266 2074 4310 πι-
2172 4249 2417 4320 Qualiter
2458 4242 2688 4327 deposito
2715 4237 3043 4327 Macedonio,
3400 4231 3756 4300 episwpatum

588 4304 837 4397 σκοπὴτν
871 4304 1334 4383 Κωνᾶταντίνου
1367 4304 1603 4391 πόλεως
2178 4304 2285 4320 ’Ψ
2323 4304 2329 4306 ⁷

1980 4304 2014 4307 ἡ
2026 4304 2043 4310 ⁷
2178 4304 2249 4320 ’γ’
2264 4304 2285 4305 Π
2323 4304 2329 4306 ⁷
2524 4304 3053 4380 Constantinopoleos
3091 4304 3391 4360 obtinuerit.

557 4426 619 4478 Οί
642 4424 701 4476 δέ
739 4387 869 4492 περὶ
907 4420 1164 4475 Ἀκάκιον
1191 4420 1287 4472 καὶ
1302 4387 1657 4484 Εὑδόξιονίέν
1683 4420 1750 4488 τῇ
1782 4387 2075 4471 κωνσταν-
2239 4412 2337 4469 C281

1982 4434 2075 4471 αν·
2239 4412 2513 4469 Caterum
2556 4403 2790 4461 Aeacius
2833 4408 2891 4455 et
2928 4395 3211 4455 Eudoxius
3249 4400 3307 4448 et
3345 4390 3439 4462 qui
3477 4404 3602 4445 cum
3650 4387 3760 4442 illis

484 4519 634 4572 τίνου
682 4483 835 4569 πόλει
868 4515 997 4586 περὶ
1040 4514 1101 4567 τὸ
1132 4513 1539 4585 ἀντικαθαιρεῖν
1570 4513 1665 4565 καὶ
1712 4483 1868 4565 αύτοί
1916 4526 2070 4574 τινας
2174 4521 2264 4563 era

1979 4526 2070 4574 νας
2174 4511 2334 4563 erant
2374 4492 2873 4565 Constantinopoli,
2906 4490 2961 4546 id
2994 4488 3230 4544 maxime
3264 4483 3567 4545 ambibant,
3605 4488 3667 4534 ut
3702 4485 3759 4534 et

482 4609 580 4665 τοῦ
606 4608 795 4680 ἐτέρου
830 4572 1052 4680 μέρους,
1094 4605 1283 4674 ἀγῶνα
1327 4572 1586 4660 ἐτίθεντο.
1627 4602 1824 4657 ’ἰστέον
1865 4602 1945 4665 δὲ,
1987 4572 2072 4657 δτι
2104 4624 2149 4680 ο
2178 4599 2262 4670 ips

2104 4624 2149 4680 ο
2178 4598 2283 4670 ipsi
2313 4593 2557 4652 vicissim
2596 4586 2891 4645 nonnullos
2923 4582 3279 4639 adversarum
3317 4575 3559 4652 partium
3592 4572 3762 4641 depo-
3876 4626 3878 4633 ,

485 4664 760 4773 οὐδέτεροι
782 4664 873 4752 διά
905 4664 1227 4769 θρησκείαν,
1251 4696 1390 4752 ἀλλά
1422 4697 1491 4751 δι’
1518 4695 1715 4765 ἐτέρας
1739 4693 2068 4765 προφάσεις,
2104 4664 2147 4680 ν
2179 4664 2265 4743 uel

1978 4710 2068 4757 εις,
2104 4664 2147 4680 ν
2179 4664 2393 4743 uerent.
2421 4680 2719 4739 Sciendum
2743 4690 2910 4748 porro
2937 4681 3041 4738 est,
3068 4677 3300 4727 neutros
3314 4666 3386 4723 ob
3412 4664 3758 4735 religionem,

486 4756 585 4859 τὰς
608 4756 958 4866 καθαιρέσεις
980 4756 1328 4863 πεποίηνται.
1360 4756 1911 4860 Διακρινόμενοίγάρ
1944 4786 2073 4857 περ)⁴
2183 4780 2266 4835 sed

1981 4786 2073 4857 τερὶ
2183 4780 2277 4835 sed
2304 4784 2529 4850 pr0pter
2545 4774 2679 4829 alias
2698 4784 2913 4833 causas,
2934 4763 3250 4837 huiusmodi
3271 4759 3646 4866 depositiones
3667 4756 3761 4811 de-

489 4848 749 4949 π-ίστεως,
779 4848 853 4939 ,ἐν
898 4848 977 4956 τῷ
1027 4848 1311 4955 καθαιρεῖν
1342 4848 1635 4953 ἀλλήλους,
1683 4879 1781 4950 τὴν
1814 4848 2071 4950 ’ἀλλήλων
2179 4884 2269 4922 (ἴτε

1982 4848 2071 4933 ,ᾧν
2179 4848 2441 4922 crevisse.
2462 4862 2597 4918 Nam
2628 4857 2879 4931 quamvis
2901 4856 2957 4910 in
2993 4853 3100 4908 ﬁde
3123 4848 3545 4912 dissentiebant,
3575 4854 3762 4900 tamen

707 4938 811 5029 τοῦ
850 4938 1263 5046 διεμέμφοντο..
1292 4938 1677 5043 Συγψὼμεῦοι
1724 4938 1781 5021 δὲ
1827 4968 1875 5019 οἱ
1942 4938 2073 5036 περὶ
2170 4973 2270 5014 cun

1985 4966 2073 5036 ερὶ
2170 4972 2297 5014 cum
2347 4971 2406 5011 se
2453 4952 2697 5009 vicissim
2742 4949 3102 5019 deponerent,
3130 4951 3328 4998 neutra
3360 4955 3491 5012 pars
3532 4938 3764 4993 alterius

501 5071 755 5125 Ἀκάκιον
777 5070 843 5139 τῇ
870 5032 962 5121 τοῦ
992 5032 1258 5138 βασιλέως
1284 5032 1454 5137 ὀργῇῖ
1588 5058 1733 5114 κατά
1758 5076 1819 5112 τε
1848 5058 1957 5113 τῶν
1986 5032 2074 5111 άλ-
2172 5052 2278 5106 ﬁde

1986 5032 2074 5111 ελ-
2172 5052 2337 5106 ﬁdem
2368 5046 2723 5104 insimulavit.
2752 5044 2858 5112 Qui
2898 5041 3067 5114 igitur
3108 5037 3272 5108 153
3294 5036 3363 5090 ab
3398 5032 3600 5089 Acacio
3647 5038 3761 5087 sta-

490 5164 617 5228 λων,
644 5161 739 5217 καὶ
765 5161 1004 5232 μάλιστα
1048 5158 1195 5213 κατά
1233 5155 1567 5212 Μακεδονίου
1602 5151 1887 5222 φυλάττων
1919 5151 2073 5203 ἐκτε-
2170 5145 2270 5200 ban

1982 5167 2073 5203 τε·
2170 5145 2325 5208 bant,
2363 5142 2653 5197 abutentes
2680 5134 3028 5208 imperatoris
3051 5128 3446 5202 indignatione,
3474 5141 3638 5197 quam
3672 5124 3762 5179 illo

491 5218 647 5310 λέσάι
676 5218 1033 5317 ἐσπούδαζεν,
1064 5249 1393 5322 καθαιροῦσι
1441 5218 1657 5318 πρῶτον
1687 5244 1786 5315 μὲν
1819 5241 2072 5296 Μακεδό-
2166 5240 2271 5311 jam

1983 5241 2072 5295 δό-
2166 5236 2498 5311 jampridcm
2547 5234 2731 5290 animo
2774 5238 3117 5299 conceptam,
3149 5235 3263 5281 tum
3308 5222 3577 5278 adversus
3600 5218 3760 5284 alios,

1697 5398 1967 5457 VALESII
2005 5393 2554 5453 ANNOTATIONES.

569 5530 679 5623 εει)
734 5529 842 5613 βαι
890 5526 1050 5623 πίει
1083 5526 1198 5623 οὐξι
1235 5520 1483 5623 ὀφείλει
1518 5511 2083 5623 Manassae:
2185 5527 2347 5623 “is

1923 5511 2083 5581 Apud
2185 5527 2307 5581 pag.
2349 5510 2491 5575 905;
2532 5509 2714 5563 locum
2746 5505 2923 5573 ipsum
2953 5515 3079 5555 mox
3109 5497 3467 5553 adducemus.

1879 5582 2083 5623 rinlnn‘l
2257 5581 2369 5623 (RKl
2423 5579 2529 5623 Καὶ
2570 5579 2791 5623 altrm-2r
2828 5573 2938 5623 ἐὰν
2982 5571 3336 5623 καινότεοαι.
3389 5564 3659 5621 Scribcnd

498 5579 854 5661 Athanasium
886 5579 1120 5659 inlibro
1153 5594 1231 5649 De
1262 5579 1485 5664 synodis
1505 5631 1519 5653 ,
1644 5586 1766 5668 906,
1812 5579 2085 5665 scriptum
2188 5579 2203 5581 “
2257 5584 2276 5652 (

499 5686 584 5730 est
612 5691 626 5726 :
654 5670 879 5735 καὶγὰρ
904 5668 1025 5723 οὐδὲ
1049 5665 1273 5735 ὀφείλει,
1307 5672 1414 5718 etc.
1458 5662 1540 5735 Et
1601 5668 1783 5735 atinus
1809 5662 2086 5735 interpres
2181 5664 2267 5708 est

1981 5579 2085 5637 ium
2188 5579 2203 5581 “
2257 5581 2369 5652 (85)
2419 5579 2529 5634 Kal
2570 5579 2791 5640 αἳτινες
2828 5579 2938 5627 ἐὰν
2982 5579 3336 5637 καινότεραι.
3389 5579 3759 5621 Scribcnaum

1981 5668 2086 5707 πίε
2181 5664 2267 5708 εει
2295 5651 2487 5735 ρεοοιιι
2518 5647 2811 5735 dubio}?!
2825 5644 3059 5735 __s?3f_":‘
3088 5637 3525 5735 itj‘f‘r'iiff’f‘.‘
3555 5637 3761 5735 3332?;

769 5687 842 5739 γα
904 5687 1025 5723 ουοε
1049 5687 1273 5735 οφειΛει,
1307 5687 1414 5718 etc.
1458 5687 1526 5715 nl.
1556 5687 1783 5713 uuuuua
1809 5687 2086 5723 nuc-pica
2181 5687 2267 5708 ca.
2295 5687 2487 5722 Pium”
2518 5687 2687 5705 υυνιν
2718 5687 2811 5699 π...
2858 5687 3057 5705 ...παν
3097 5687 3155 5694 ..-
3217 5687 3486 5717 --.πηηη
3513 5687 3522 5689 -
3570 5687 3581 5704 ι
3606 5687 3618 5688 γ
3716 5706 3725 5715 ⁵

769 5760 806 5794 .;
848 5687 962 5796 gnto
990 5755 1055 5792 ne
1083 5736 1381 5790 ὑπόστασις
1418 5731 1624 5801 quidem
1646 5730 1753 5782 sive
1795 5725 2081 5801 subsisten-
2180 5742 2301 5801 rat,
2328 5723 2457 5801 licet
2498 5719 2642 5801 apud
2680 5714 3035 5795 Athana-slum
3083 5710 3273 5767 eadem
3306 5723 3429 5781 qua
3466 5723 3522 5763 tn
3555 5714 3762 5763 nostris

2181 5794 2469 5851 codicibus
2502 5786 2768 5849 habeatur
2794 5786 3086 5858 scriptura.

503 5746 576 5799 ita
606 5746 806 5797 vertit:
848 5746 962 5796 Imo
990 5755 1055 5792 ne
1083 5746 1381 5790 ὑπόστασις
1418 5746 1624 5801 quidem
1646 5746 1753 5782 sive
1795 5746 2079 5778 suvﬂuen-

502 5819 576 5869 tia
624 5815 687 5867 de
719 5812 903 5875 Patre,
944 5810 1098 5873 Filia,
1138 5817 1187 5860 et
1234 5804 1434 5875 Spiritu
1466 5810 1648 5875 sancto
1693 5794 2079 5875 nominari-dc-

502 5866 603 5941 ίίὲι.
645 5866 802 5951 Quod
855 5866 1492 5939 conﬁrmatAthanasius
1548 5871 1604 5926 in
1663 5868 1856 5925 eodem
1914 5866 2078 5930 libro,
