4508 6588
816 429 913 507 sit
1983 480 1985 482 -
2269 461 2531 519 socnar

3966 486 4016 539 ar
4033 486 4068 565 2

819 600 931 644 tum
951 590 1222 660 prmeipuc
1237 581 1426 647 centra
1448 591 1824 646 Macedoniam
1852 586 2076 660 explere
2096 600 2398 668 satagebat,
2431 596 2482 651 Α.
2504 602 2599 637 Vw"

2285 600 2398 663 bat,
2431 596 2482 651 Α,
2504 602 2636 649 νιον,
2670 591 2760 640 καί
2781 589 2854 652 ὡς
2877 591 3047 642 αἴτιον
3079 586 3292 643 πολλῶν
3321 593 3493 661 φόνων
3523 596 3832 666 γενόμενον,
3867 600 3958 652 καὶ
3984 601 4064 652 ὅτι

819 684 1052 749 primum
1076 683 1301 753 quidem
1339 683 1621 752 deponunt
1649 683 2061 738 Macedonium:
2099 696 2213 740 tum
2250 689 2396 759 quod

818 774 1176 839 plurimarum
1215 773 1444 828 caedium
1475 782 1668 828 auctor
1707 773 1920 840 fuisset,
1951 781 2066 830 tum
2097 779 2243 847 quod
2282 780 2400 834 dia-

817 880 1015 916 conum
1044 865 1098 918 in
1125 865 1484 922 fornicatione
1505 850 1908 935 deprehimsum
1947 868 2015 922 ad
2054 871 2398 926 communio-

816 969 939 1006 nem
991 955 1324 1021 admiserat;
1368 956 1649 1011 Eleusium
1686 957 1887 1013 deinde
1927 958 2207 1030 Cyzicena:
2245 963 2400 1018 urbis

811 1046 1154 1114 episcopum,
1206 1056 1498 1117 propterea
1546 1050 1693 1120 quod
1747 1051 2060 1106 Ileraclium
2105 1054 2398 1123 quemdam

817 1136 1068 1191 llereulis
1091 1137 1239 1208 Tyrii
1271 1140 1632 1206 sacerdotem,
1673 1141 1926 1197 maleficii
1968 1151 2026 1198 et
2065 1146 2398 1213 magicarum

817 1228 1017 1281 artium
1047 1230 1378 1295 convictum,
1413 1246 1539 1286 cum
1565 1247 1720 1288 sacro
1742 1233 2070 1303 baptismate
2107 1235 2398 1302 initiasset,

818 1333 942 1372 mox
972 1319 1264 1375 diaconum
1293 1321 1663 1376 ordinaverat.
1703 1323 1842 1377 Tum
1872 1325 2131 1379 Basilium
2161 1342 2258 1381 seu
2299 1327 2402 1381 Ba-

816 1410 991 1473 silam,
1019 1412 1099 1465 sic
1117 1412 1264 1466 enim
1283 1413 1456 1467 etiam
1471 1414 1868 1484 appellabatur,
1898 1417 1992 1485 qui
2019 1417 2254 1471 Marcelli
2277 1418 2398 1472 loco

814 1501 1104 1570 episcopus
1129 1501 1357 1574 Ancyra:
1379 1504 1557 1560 fuerat
1575 1506 1929 1571 constitutus,
1961 1522 2028 1562 eo
2048 1509 2194 1577 quod
2210 1524 2400 1577 quem-

817 1589 942 1643 dam
1000 1592 1200 1662 injuste
1244 1602 1508 1660 torserat,
1548 1606 1604 1651 et
1657 1598 1865 1652 catenis
1911 1598 2108 1654 ferreis
2153 1601 2398 1655 vinctum

815 1681 1079 1736 custodia:
1101 1685 1513 1754 mancipaverat
1541 1703 1554 1739 :
1585 1695 1852 1755 praeterea
1874 1703 1941 1743 eo
1968 1689 2113 1758 quod
2137 1690 2400 1746 adversus

821 1774 1114 1828 nonnullos
1136 1776 1434 1830 calumnias
1459 1784 1767 1832 struxerat:
1793 1778 2029 1849 denique
2046 1781 2189 1849 quod
2214 1782 2402 1836 Eccle—

814 1863 923 1917 sias
946 1863 1144 1926 Afrime
1175 1867 1424 1936 epistolis
1449 1869 1564 1922 suis
1589 1871 2025 1938 perturbaverat.
2046 1872 2398 1926 Dracontium

2499 676 2744 732 διάκονον
2777 681 2872 732 ἐπὶ
2901 681 3124 753 πορνείᾳ
3153 680 3349 737 ἁλόντα
3385 686 3599 752 ἐδέξατο
3629 689 3708 751 είς
3741 693 4022 757 κοινωνίαν
4047 711 4062 724 ·

2512 768 2782 846 Ἐλεύσιον
2811 772 2868 824 δὲ
2889 772 2977 824 τὸν
3000 774 3259 838 Κυζίκου,
3282 775 3414 829 διότι
3438 777 3759 848 Ἡράκλειόν
3778 800 3897 835 τινα
3920 785 4067 852 ἱερέα

2498 860 2593 912 τοῦ
2657 863 2714 913 ἐν
2763 861 2922 931 Τύρῳ
2981 863 3340 935 Ἡρακλέους,
3388 869 3479 920 ἐπὶ
3531 871 3754 941 γοητείᾳ
3798 872 4068 942 ληφῦέντα

2503 950 2788 1020 βαπτίσας,
2821 955 2900 1016 εἰς
2940 953 3184 1009 διάκονον
3233 955 3616 1027 προεϐάλλετο.
3665 960 3943 1014 Βασίλειον
3985 963 4063 1020 δὲ.

2498 1042 2590 1095 τὸν
2619 1043 2713 1096 καὶ
2743 1043 3004 1108 Βασιλᾶν,
3047 1046 3272 1117 καὶγὰρ
3297 1048 3468 1112 οὓτως
3514 1049 3850 1121 ὠνομάζετο,
3879 1055 3970 1105 τὸν
4008 1055 4065 1105 ἐν

2512 1134 2753 1205 Ἀγκύρᾳ
2785 1138 2866 1199 είς
2889 1137 2980 1189 τὸν
3022 1138 3187 1190 τόπον
3228 1140 3548 1210 Μαρκέλλου
3599 1144 4063 1213 προχειρισθέντα.

2499 1227 2578 1288 ὡς
2629 1227 2830 1290 ἀδίκως
2879 1229 3000 1281 τινὰ
3055 1229 3454 1299 βασανίσαντα,
3515 1234 3610 1286 καὶ
3662 1235 4066 1306 σιδηροδέσμοις

2500 1316 2768 1386 φυλακαῖς
2809 1319 3242 1373 κατακλείσαντα
3261 1338 3273 1350 ·
3311 1323 3404 1375 καὶ
3427 1323 3507 1375 ὅτι
3537 1325 3898 1391 συκοφαντίας
3926 1327 4066 1378 τισὶν

2499 1409 2772 1483 ἕρῤαψεν·
2833 1409 2911 1462 ἔτι
2961 1409 3066 1480 μὴν
3119 1411 3214 1463 καὶ⁵
3263 1412 3345 1464 ὄτι
3384 1412 3452 1466 δι’
3507 1414 3806 1468 ἐπιστολῶν
3858 1414 3956 1477 τὰς
4008 1417 4065 1466 ἐν

2513 1504 2746 1576 Ἀφρικῇ
2794 1501 3118 1572 Ἐκκλησίας
3161 1503 3456 1573 ἐτάραξενο
3494 1505 3818 1580 Δρακόντιον
3873 1506 3950 1568 δὲ,
3983 1507 4065 1558 ὃτι

2499 1593 2608 1647 ἀπὸ
2636 1592 2903 1656 Γαλατίας
2925 1593 3127 1664 μετέϐη
3153 1596 3232 1657 είς
3259 1594 3576 1665 Πέργαμον.
3599 1595 3862 1649 Καθεῖλον
3893 1596 3949 1647 δὲ
3973 1597 4065 1648 κα)⁵

2501 1683 2724 1736 Νεωνᾱν
2757 1683 2850 1736 τὸν
2871 1683 3211 1748 Σελευκείας,
3240 1685 3298 1736 ὲν
3393 1685 3632 1754 ἐγεγόνει
3665 1687 3698 1756 ἡ
3729 1684 3965 1750 σύνοδος,
3987 1684 4066 1736 ἐτι

2504 1775 2610 1846 μὴν
2666 1776 2758 1828 καὶ
2816 1775 3120 1845 Σωφρόνιον
3175 1774 3266 1828 τὸν
3314 1776 3809 1846 Πομπηῖουπόλεως
3853 1774 3952 1844 τῆς
4008 1773 4065 1824 ἐν

2502 1867 2874 1937 Παφλαγονίᾳ,
2918 1867 3015 1920 καὶ
3072 1866 3337 1920 Ἐλπίδιον
3387 1865 3640 1920 Σατάλων
3677 1867 3775 1936 τῆς
3823 1864 4060 1919 Μακεδο·

819 1971 954 2010 vero
983 1957 1190 2013 idcirco
1224 1959 1616 2028 deposuerunt,
1654 1961 1802 2029 quod
1845 1977 1912 2015 ex
1948 1961 2158 2016 Galatia
2200 1964 2398 2033 Perga-
2428 1945 2470 1999 Β
2500 1957 2599 2010 vim

2283 1979 2398 2033 rga-
2428 1945 2470 1999 Β
2500 1957 2619 2020 νίας
2682 1957 2818 2027 (86),
2874 1958 2968 2011 καὶ
3021 1957 3129 2010 τῶν
3179 1956 3564 2028 Ἱεροσολύμων
3633 1956 3920 2030 Κύριλλον,
3971 1960 4063 2010 καὶ

816 2060 966 2101 mum
989 2048 1340 2102 transilierat.
1369 2048 1711 2103 Abdicarunt
1734 2050 1898 2104 etiam
1921 2051 2160 2105 Neonam
2186 2052 2398 2120 cpisco-

2505 2048 2694 2112 ἄλλους
2729 2049 2794 2102 δι’
2825 2047 2986 2112 ἄλλας
3013 2048 3191 2111 αἰτίας
3225 2047 3527 2112 ἐξέϐαλλον.

816 2153 956 2208 pum
979 2139 1260 2204 Seleucize,
1293 2157 1398 2210 qua
1438 2142 1490 2194 in
1519 2143 1654 2195 urbe
1694 2143 1934 2212 synodus
1964 2144 2151 2198 habita
2184 2144 2359 2197 fuerat
2386 2161 2399 2196 :
2440 2143 2809 2212 Sophrouium
2830 2157 3048 2210 quoque
3069 2181 3084 2206 ,
3121 2140 3437 2210 episcopum
3460 2139 4062 2210 Pompeiopoleos,qu:c

817 2230 950 2283 urbs
1011 2239 1096 2282 est
1155 2231 1569 2299 Paphlagoniae;
1610 2230 1884 2308 Elpidium
1928 2232 2234 2290 Sataloruut
2305 2231 2596 2297 Armenia),
2657 2229 2922 2302 Cyrillum
2973 2231 3476 2302 Hierosolymorum
3520 2229 3834 2300 episcopum
3864 2268 3879 2294 ,
3928 2230 4063 2282 alios
4155 2263 4160 2269 -

815 2322 1054 2391 denique
1079 2321 1212 2378 alias
1235 2321 1306 2374 ob
1338 2336 1531 2375 causas
1555 2329 2002 2375 exauctorarunt.

1425 2453 1575 2508 CAP.
1610 2454 1795 2508 XLIII.

1122 2544 1200 2597 De
1233 2543 1512 2598 Eustathio
1547 2547 1784 2615 episcopo
1823 2543 2092 2600 Sebastiw.

889 2636 1208 2692 Eustathius
1233 2651 1364 2690 vero
1389 2636 1653 2692 Sebastiac
1691 2638 1747 2692 in
1784 2636 2044 2692 Armenia
2087 2638 2402 2709 episcopus,

3057 2456 3301 2510 ΚΕΦΔΔ.
3333 2456 3463 2510 MI".

2568 2551 2707 2620 Περὶ
2737 2549 3073 2604 Εὐσταθίυυ
3107 2548 3211 2601 τοῦ
3236 2545 3594 2610 Σεϐαστείας
3631 2543 3989 2602 ἐπισκόπου.

2569 2643 2869 2704 Εὐστάθιος
2897 2641 2954 2693 δὲ
2975 2641 3003 2691 ὁ
3028 2639 3128 2707 τῆς
3156 2640 3212 2691 ὲν
3249 2637 3509 2708 Ἀρμενίᾳ
3559 2634 3899 2699 Σεϐαστείας,
3939 2634 4061 2687 οὔτε
4115 2693 4120 2698 ,

824 2747 886 2781 ne
912 2728 1132 2796 quidem
1154 2727 1221 2781 ad
1249 2728 1330 2781 sui
1363 2727 1737 2782 defensionem
1758 2729 2034 2784 admissus
2055 2738 2169 2785 est:
2200 2732 2402 2800 quippe
2505 2737 2584 2798 εἰς

2281 2732 2402 2800 ippe
2505 2737 2584 2798 εἰς
2613 2733 2906 2801 ἀπολογίαν
2939 2733 3050 2803 (8⁵1)
3097 2730 3312 2800 ἐδέχθη,
3343 2729 3476 2782 διότι
3523 2727 3627 2781 ὑπὸ
3669 2728 3927 2779 Εὑλαλίου
3967 2727 4061 2778 τοῦ

811 2823 908 2890 qui
946 2837 974 2874 a
1004 2829 1156 2890 patre
1197 2837 1296 2875 suo
1330 2821 1561 2886 Eulalio,
1596 2820 1854 2876 Cmsareaa
1880 2820 2260 2892 Cappadocum
2290 2822 2406 2892 cpi-
2505 2827 2591 2880 ίδίε

2290 2822 2406 2892 cpi-
2505 2827 2632 2880 ίδίου
2660 2825 2862 2896 πατρὸς
2883 2824 2976 2876 καὶ
2999 2823 3294 2875 ἐπισκόπου
3334 2819 3666 2888 Καισαρείας
3698 2818 3798 2886 τῆς
3826 2819 3883 2870 ὲν
3908 2817 4063 2869 Kcm-

819 2927 984 2980 scopo
1025 2911 1139 2980 jam
1181 2916 1341 2964 antea
1378 2910 1660 2980 depositus
1691 2912 1886 2977 luerat,
1908 2928 1976 2967 eo
2011 2913 2156 2982 quod
2196 2923 2404 2968 vestem
2501 2919 2599 2971 παὶ

2284 2923 2404 2968 item
2501 2917 2753 2986 παδοκίᾳ,
2809 2916 2909 2986 ήδη
2949 2915 3211 2983 πρότερον
3246 2912 3554 2983 καθῄρητο,.
3587 2910 3774 2980 ἐπειδὴ
3822 2909 4064 2980 ἀνάρμο-

822 3000 1090 3054 sacerdoti
1139 3000 1365 3055 minime
1419 3002 1834 3056 convenientem
1880 3011 2164 3072 gestasset.
2219 3003 2408 3058 Scien-
2503 3026 2602 3062 crto

2285 3004 2408 3058 :ien—
2503 3025 2626 3062 στον
2669 3010 2733 3078 τῇ
2769 3005 3036 3077 ἱερωσύνῃ
3076 3005 3266 3074 στολὴν
3305 3005 3592 3074 ἠμφίεστο.
3641 3003 3834 3055 Ίστέον
3863 3001 3941 3066 δὲ,
3967 3002 4065 3054 ὅτι.

819 3091 950 3145 dum
981 3107 1144 3161 porro
1180 3100 1284 3157 est,
1318 3093 1372 3145 in
1407 3093 1588 3146 locum
1632 3093 1902 3148 Eustathii
1929 3095 2245 3164 episcopum
2271 3095 2432 3150 sub-‘
2501 3097 2581 3159 είς

2283 3095 2432 3150 iub-‘
2501 3097 2581 3159 είς
2615 3095 2781 3149 τόπον
2825 3093 3120 3148 Εὐσταθίου
3169 3092 3428 3154 Μελέτιος
3472 3091 3707 3161 κατέστη
3749 3090 4063 3152 ἐπίσκοπος.

824 3191 1069 3253 rogatum
1111 3200 1231 3239 esse
1272 3185 1568 3248 Meletium,
1618 3185 1684 3240 de
1708 3203 1817 3256 quo
1849 3188 2011 3256 paulo
2032 3188 2172 3242 infra
2202 3189 2402 3244 dicturi
2431 3220 2477 3282 ο
2508 3203 2604 3256 περ

2285 3191 2402 3244 :turi
2431 3220 2477 3282 ο
2508 3186 2638 3256 περὶ
2670 3177 2731 3238 οὗ
2766 3183 2959 3254 μικρὸν
2999 3183 3224 3252 ὕστερον
3267 3181 3524 3252 ἐροῦμεν.
3558 3183 3852 3246 Εὑστάθιος
3887 3183 4065 3251 μέντοι

824 3290 1034 3327 sumus.
1059 3273 1326 3328 Caeterum
1355 3275 1676 3328 Eustathius
1699 3276 1937 3344 posthaec
1961 3276 2126 3330 etiam
2161 3278 2216 3331 in
2241 3293 2404 3348 syno-
2438 3271 2477 3282 “’
2507 3277 2602 3330 καὶ

2281 3295 2404 3347 yno-
2438 3271 2477 3282 “’
2507 3277 2602 3330 καὶ
2625 3274 2936 3347 μεταταῦτα
2957 3278 3013 3328 ὲν
3028 3277 3096 3344 τῇ
3120 3273 3186 3327 δι’
3213 3273 3373 3326 αὑτὸν
3383 3272 3650 3344 γενομένῃ
3669 3274 3724 3324 ἑν
3749 3271 4061 3342 Γάγγραις·

824 3367 895 3419 do
922 3365 1244 3434 Gangrensi',
1279 3381 1398 3434 qum
1426 3366 1596 3434 ipsius
1629 3382 1794 3420 causa
1822 3366 1877 3420 in
1902 3367 2272 3437 Paphlagonia
2296 3370 2407 3423 col—
2503 3367 2601 3436 τῆς

2296 3370 2407 3423 col—
2503 3367 2601 3436 τῆς
2651 3364 3030 3432 Παφλαγονίας
3069 3364 3270 3434 συνόδῳ
3297 3363 3618 3434 κατεκρίθη,
3662 3363 3796 3416 διότι
3831 3365 3969 3432 μετὰ
4005 3361 4068 3414 τὸ

828 3455 966 3507 lecta
1013 3453 1214 3516 fuerat,
1251 3455 1649 3508 condemnatus
1692 3463 1797 3518 est,
1829 3471 1896 3509 eo
1929 3457 2075 3526 quod
2123 3465 2246 3526 post
2275 3474 2407 3514 con-
2505 3458 2608 3511 καθ

2286 3474 2407 3514 con-
2505 3457 2895 3526 καθαιρεθῆναι
2949 3457 3110 3510 αὑτὸν
3167 3457 3225 3508 ὲν
3265 3458 3330 3525 τῇ
3382 3454 3524 3508 κατὰ
3570 3455 3905 3526 Καισάρειαν
3945 3472 4066 3508 συν-

827 3543 1199 3600 demnationis
1224 3545 1551 3600 sententiam
1576 3546 1839 3599 adversus
1861 3547 2036 3616 ipsum
2061 3547 2325 3616 prolatam
2353 3549 2408 3603 in
2504 3549 2607 3619 όδῳ

2286 3564 2325 3601 m
2353 3549 2408 3603 in
2504 3549 2608 3619 όδῳ
2633 3547 2768 3618 (88),
2797 3546 2966 3600 πολλὰ
3008 3546 3158 3616 παρὰ
3201 3546 3325 3608 τοὺς
3353 3545 3832 3615 ὲκκλησιαστικοἮ
3865 3544 4066 3608 τύπους

829 3637 1041 3707 synodo
1067 3635 1409 3700 Caesariensi,
1434 3637 1606 3691 multa
1628 3645 1815 3692 contra
1841 3638 1986 3708 leges
2012 3639 2410 3697 ecclesiasticas
2507 3640 2609 3710 ἓπρ

2287 3641 2410 3697 Licas
2507 3640 2793 3710 ἔπραττεν.
2830 3640 3032 3710 Γαμεϊν
3061 3641 3171 3710 γὰρ
3199 3637 3427 3701 ἐκώλυε,
3473 3637 3571 3692 καὶ
3605 3636 3906 3708 βρωμάτιον
3962 3637 4067 3688 ἁπ-

2027 3805 2291 3861 VALESII
2327 3767 2877 3861 ANNOTATioNEs.

1043 3911 1321 3993 Σατᾴλων
1349 3914 1458 3997 πῆς
1497 3916 1885 3997 Μακεδονίας.
1914 3915 2091 3997 Satala
2129 3917 2390 3997 oppidum
2497 3916 2625 3978 taIa,
2653 3933 2683 3997 _c

2288 3919 2390 3997 lum
2497 3916 2625 3978 tala,
2653 3917 3006 3997 episcopatus
3041 3914 3594 3997 Lyciaamemoratur
3639 3913 3694 3967 in
3723 3923 3877 3982 parte
3912 3915 4068 3968 tertia

832 3983 936 4067 fuit
965 3983 1259 4067 Armenia},
1301 3984 1688 4067 cujuscrebra
1723 3985 1968 4067 occurrit
2008 3982 2218 4067 mentio
2247 3987 2391 4067 apud
2499 3982 2999 4067 synodi—Chalcedq
3038 3982 3174 4067 pag;
3210 3982 3332 4067 590.
3426 4052 3473 4067 η
3511 4051 3545 4067 ν
3741 4052 3774 4067 η
3964 4053 4017 4067 η

833 4051 1168 4124 νβῑβτοεηιη
1210 4051 1522 4124 Macedonia
1553 4069 1706 4117 vero,
1744 4057 1894 4108 nulla
1945 4055 2107 4124 hujus
2156 4051 2396 4110 nominis
2531 4051 2545 4057 ⁷
2573 4055 2613 4124 (ξ

2284 4051 2396 4110 inis
2531 4051 2545 4057 ⁷
2573 4054 2683 4124 (87)
2719 4055 2866 4107 Οὔτε
2895 4057 2981 4118 είς
3018 4051 3370 4121 ἀπολογίαν.
3405 4051 3604 4124 Malim
3648 4052 3890 4124 scribere
3925 4053 4063 4105 οὐδέ.

833 4061 1068 4105 veteres.
1109 4054 1168 4105 In
1210 4054 1522 4107 Macedonia
1553 4069 1706 4117 vero,
1744 4057 1894 4108 nulla
1945 4055 2107 4123 hujus
2156 4054 2396 4110 nominis
2531 4054 2543 4057 ⁷
2573 4055 2613 4124 (ξ

833 4121 1025 4194 civitas
1052 4120 1120 4194 ab
1150 4123 1388 4194 antiquis
1414 4134 1714 4194 memorata
1741 4124 2035 4178 invenitur.
2059 4123 2237 4190 Quare
2277 4125 2399 4194 ’ᾼρ-
2578 4125 2613 4194 (ί

2291 4054 2396 4110 inis
2531 4054 2543 4057 ⁷
2573 4055 2661 4124 (87
2719 4055 2866 4107 Οὔτε
2895 4057 2981 4118 είς
3018 4054 3370 4121 ἀπολογίαν.
3426 4054 3604 4105 Malim
3648 4054 3890 4108 scribere
3925 4054 4064 4105 οὐδέ.

2291 4127 2399 4194 Ap-
2578 4054 2688 4194 (88ζ
2732 4125 2841 4194 ‘Er:
2891 4124 2966 4192 τῇ
3024 4121 3588 4194 κατάννΚαισὰρειαν
3631 4123 3904 4194 συνόδῳ.
3962 4125 4071 4178 Pro

839 4190 1024 4259 μενίας
1056 4190 1147 4246 hic
1177 4190 1526 4248 scribendum
1565 4201 1718 4262 puto,
1747 4209 1848 4263 pro
1889 4194 2252 4256 Μακεδονίας.
2298 4190 2398 4248 8ο-

2504 4191 2770 4258 Cresarea,
2808 4191 3144 4250 Sozomcnus
3173 4193 3578 4248 Neocaesaream
3614 4192 3768 4247 dicit.

2271 4354 2652 4414 VARIORUM.

908 4474 935 4503 ι
992 4462 1096 4534 Ἑν
1123 4459 1443 4534 Γάγγροις.
1467 4461 1618 4534 Hanc
1649 4462 1936 4534 synodum,
1962 4471 2086 4533 post
2103 4463 2399 4530 Nicaenam,

839 4533 952 4588 sive
973 4531 1205 4603 primam
1229 4531 1832 4603 generalem,hab'itamr
1847 4531 2036 4596 fuisse,
2060 4544 2260 4603 praeter
2276 4535 2403 4589 Bal-

840 4599 1051 4655 samum
1091 4610 1148 4654 et
1171 4599 1456 4664 ZOnaram,
1487 4601 1580 4656 alii
1620 4603 1782 4656 etiam
1807 4602 2009 4656 diserte
2038 4599 2220 4657 testati
2253 4613 2400 4658 sunt.

841 4672 908 4725 Et
927 4671 1147 4740 quidem
1191 4669 1454 4740 Baronius
1505 4671 1572 4724 ad
1611 4687 1738 4725 ann.
1765 4672 1888 4734 561,
1917 4679 1973 4725 et
2002 4688 2068 4726 ex
2095 4687 2162 4727 eo
2193 4673 2402 4738 Binius,

841 4738 965 4811 eam,
999 4739 1339 4811 Constantini
1387 4738 1456 4792 M.
1487 4749 1544 4794 et
1573 4740 1833 4810 Sylvestri
1878 4757 2028 4810 papae
2069 4743 2407 4811 temporibus

845 4810 1084 4867 habitam
1098 4808 1286 4881 fuisse
1312 4808 1668 4881 contendunt,
1704 4826 1771 4881 ex
1795 4825 1862 4881 eo
1883 4808 2035 4880 quod
2064 4808 2264 4865 Hosius
2286 4812 2405 4881 epi-

845 4894 1043 4947 scopus
1086 4877 1458 4933 Cordubensis
1503 4880 1554 4933 ei
1585 4877 1925 4934 interfuisse
1951 4881 2202 4945 dicatur;
2241 4877 2406 4934 nimi-

845 4965 966 5002 rum
1008 4948 1060 5000 in
1094 4947 1446 5016 inscriptione
1473 4950 1713 5018 epistolm
1741 4949 1808 5002 ab
1842 4949 1940 5019 hac
1972 4950 2176 5019 synodo
2208 4949 2274 5004 ad
2304 4955 2408 5004 Ar-

847 5033 1037 5071 menos
1073 5023 1413 5086 conscriptae,
1451 5033 1572 5086 qua:
1630 5020 1708 5073 sic
1760 5034 1816 5072 se
1847 5018 2067 5076 .habc’re
2120 5019 2405 5074 creditur:

848 5087 1084 5140 Dominis
1134 5086 1519 5140 honorabilibus
1564 5087 2013 5141 consacerdotibus
2064 5090 2116 5141 in
2159 5090 2411 5143 Armenia

849 5155 1138 5227 constitutis
1183 5157 1485 5227 cgepr'scopi,
1520 5157 1791 5220 Eusebius,
1819 5157 2110 5227 AHypatius,
2143 5157 2410 5223 Eulalius,

849 5225 1146 5296 Gregorius.
1165 5223 1431 5296 @liqnus,
1454 5225 1773 5296 Bithynicus,
1799 5223 2411 5296 Olympium—Bassianus,

850 5292 1119 5366 (insilias:
1183 5292 1439 5366 Philetas,
1499 5292 1791 5356 Heiaclius,
1835 5292 2083 5366 Pappus,
2124 5292 2410 5366 Eugenius,

853 5363 1038 5416 Hosius
1073 5361 1436 5428 Cordubensis,
1475 5376 1581 5418 etc.
1624 5366 1729 5419 Sed
1769 5366 1822 5418 in
1856 5361 2040 5419 Graeca
2075 5365 2188 5434 ipsa
2210 5361 2418 5420 inscri-

855 5435 1073 5500 ptione,
1131 5433 1219 5485 cui
1275 5435 1415 5488 hanc
1468 5435 1657 5488 Biuius
1714 5442 1966 5504 tanquam
2022 5433 2268 5488 Latinam
2298 5437 2416 5504 ejus

858 5505 1158 5555 wrsioncm
1189 5504 1460 5573 apposuit,
1500 5505 1647 5559 nulla
1696 5504 1756 5556 fit
1781 5505 2003 5558 omnino
2031 5505 2180 5558 Hosii
2203 5504 2414 5559 Cordu-

857 5573 1040 5626 Irensis
1075 5574 1296 5626 mentio.
1341 5573 1650 5638 Quinetiam
1696 5590 1797 5627 nec
1829 5590 1858 5627 a
1895 5581 2080 5627 vetere
2112 5574 2304 5628 Latino
2335 5576 2417 5628 in-

860 5653 1118 5710 terprete,
1151 5659 1252 5696 nec
1277 5642 1345 5695 ab
1381 5644 1486 5696 alio
1526 5644 1718 5712 quovis
1752 5659 2021 5698 canonum
2069 5644 2265 5696 horum
2302 5645 2418 5699 edi.-

861 5720 978 5765 tore
1016 5712 1214 5768 Ilosius
1252 5712 1353 5766 iste
1397 5714 1538 5765 inter
1574 5713 1859 5782 episcopos
1905 5713 2006 5767 hac
2040 5715 2246 5782 synodo
2287 5730 2417 5768 con-

859 5790 1107 5850 gregatos
1162 5793 1616 5836 commemoratur
1653 5782 1797 5836 Guil.
1847 5782 2172 5851 Bevercgius
2228 5793 2411 5837 annot.

869 5854 922 5910 in
960 5867 1078 5906 can.
1120 5868 1271 5906 conc.
1327 5852 1684 5922 Gangrcusis;
1727 5852 1818 5906 ubi
1856 5868 1911 5905 se
1951 5852 2162 5906 nescire
2214 5854 2416 5907 fatetur

2497 4481 2608 4537 quo
2637 4479 2782 4537 anno
2817 4463 2936 4518 haec
2980 4462 3220 4537 synodus
3259 4462 3534 4537 celebrata
3572 4451 3770 4537 ’fuerit.
3802 4459 4071 4537 Quoniam

2500 4524 2684 4590 autem
2738 4534 2954 4587 Sozom.
3006 4524 3102 4586 lib.
3157 4549 3229 4596 ιν,
3285 4548 3405 4601 cap.
3462 4532 3553 4596 24,
3595 4524 4075 4585 ἰηιιυοτόνίόοιυι·

2500 4606 2643 4683 hanc
2671 4603 3010 4683 Antiochena
3047 4602 3215 4683 fuisse
3256 4603 3543 4683 priorem,"
3570 4601 3720 4683 gravi
3770 4602 4072 4683 paracbro-

2505 4675 2701 4738 nismo,
2750 4681 2813 4726 ut
2860 4673 3105 4733 videtur,
3140 4672 3226 4724 vir
3258 4670 3339 4725 ’cl.
3375 4670 3629 4740 intelligit
3680 4671 4072 4726 Antiochenam

2505 4745 2653 4798 illam
2689 4741 2977 4810 synodum,
3004 4743 3058 4795 in
3085 4741 3346 4795 Εησωηίὶε
3380 4741 3543 4810 vulgo
3570 4741 3794 4804 dictam,
3821 4755 4075 4810 annoque

2507 4813 2605 4866 5M
2645 4809 2906 4866 habitam.
2955 4811 3223 4865 Caeterum
3275 4825 3398 4864 cum
3442 4809 3692 4864 socratcs
3745 4811 3833 4867 hic
3871 4809 4077 4865 diserte

2441 4861 2483 4915 θ
2512 4861 4077 4950 Ξιὲἑεὶῖίῐὶόἷιξίἱίυίιῖἰξέιῇέὲειίέέειίέιέιιίὶίἰ’ςείιὶἐειὧίίὲῶ

2492 4961 2640 5022 ~post
2673 4952 2836 5022 modo
2860 4949 3223 5022 memoratum
3272 4949 3406 5003 illud
3441 4949 3921 5022 constantinopoli‘
3975 4965 4074 5003 an-

2512 5019 2585 5076 no
2639 5020 2741 5076 560
2788 5020 3056 5083 habitum,
3090 5035 3324 5088 cumque
3380 5019 3611 5074 modicis
3652 5019 3957 5073 intervallis
3986 5035 4078 5073 oc-

2513 5090 2687 5145 currit
2731 5105 2900 5144 unum
2933 5097 2989 5143 et
3021 5091 3252 5158 alterum
3305 5089 3608 5144 Antiochia:
3665 5098 4076 5158 congregatum,

2513 5161 2646 5230 quid
2675 5160 2988 5230 dubitemus
3017 5157 3284 5230 adii-mare
3316 5159 3581 5230 synodum
3616 5157 4076 5230 hancCangren-

2515 5227 2629 5283 sem
2661 5245 2805 5284 anno
2847 5227 3069 5283 circiter
3095 5228 3218 5291 561,
3254 5227 3358 5282 οιιί
3380 5228 3484 5282 56%
3507 5227 3674 5282 luisse
3705 5228 4080 5286 celebratam?

2513 5297 3220 5369 GerteAAth_anasius,_libro
3257 5299 3333 5351 De
3373 5298 3613 5369 synodis,
3657 5313 3777 5369 pag.
3806 5297 3932 5369 747,
3965 5305 4078 5351 tra-

2515 5367 2616 5431 dit,
2667 5359 3042 5421 Semiarianos
3057 5359 3522 5436 Constantinopoli
3568 5359 3925 5421 Antiochiam
3947 5382 4076 5435 pro-

2516 5436 2709 5500 fectos,
2742 5437 2902 5490 aliam
2930 5436 3054 5489 fidei
3092 5436 3376 5490 formulam
3410 5436 3675 5499 edidisse;
3707 5436 3843 5489 adeo
3878 5444 3939 5488 ut
3968 5453 4076 5490 non

2516 5507 2590 5560 sit
2621 5521 2758 5587 opus
2794 5521 3078 5587 recurrere
3108 5505 3174 5559 ad
3205 5506 3342 5587 illud
3372 5507 3436 5586 .in
3482 5506 3744 5587 ξηειειιὶἱε
3773 5505 4078 5587 ᾼηιίορίιίειι

2516 5575 2828 5630 concilium.
2854 5575 3008 5642 Quod
3037 5591 3166 5629 vero
3190 5576 3456 5630 Antonius
3483 5575 3609 5645 Pagi
3644 5576 3906 5644 synodum
3939 5576 4077 5630 hanc

2517 5645 2745 5711 Gangris
2780 5646 3095 5700 convenisse
3125 5646 3314 5700 statuit
3341 5655 3463 5699 ante
3487 5661 3686 5698 annum
3712 5645 3833 5707 558,
3869 5645 3918 5697 id
3950 5645 4074 5699 facit

2519 5726 2580 5768 ut
2615 5713 2813 5769 Hosius
2856 5717 3118 5771 interesse
3149 5724 3352 5785 posset,
3385 5716 3478 5784 qui
3510 5731 3577 5768 eo
3621 5730 3762 5785 anno
3796 5715 3850 5767 in
3882 5714 4070 5783 llispa-

2517 5785 2662 5837 niam
2714 5799 2966 5838 reversus
3007 5795 3091 5838 cst
3130 5784 3160 5836 :7
3181 5784 3402 5839 Hosium
3434 5795 3615 5840 autem
3646 5784 3756 5837 illic
3787 5801 3896 5839 non
3929 5799 4064 5839 comr

2518 5854 2764 5920 paruisse
2789 5869 2950 5925 supra
2975 5870 3040 5908 ex
3069 5855 3361 5926 Bcvercgio
3392 5863 3670 5910 ostensum
3703 5865 3804 5909 cst.
