4508 6588
789 465 895 521 335

2237 450 2570 508 SOCRATIS

3942 448 4046 503 356

790 575 1106 645 quicunque
1145 567 1195 621 ei
1235 566 1446 620 nollent
1477 562 1828 618 subscribere
1851 602 1865 622 .
1909 576 1977 615 ex
2021 559 2372 630 imperatoris
2399 571 2447 627 Α
2473 561 2570 613 Γνιῖ

2266 561 2372 614 oris
2399 571 2447 627 Α
2473 560 2732 632 Γνὼριμα
2760 561 2817 614 δὲ
2848 561 3145 616 καθιστῶσι
3192 555 3264 614 τὰ
3307 558 3398 613 ὕπ’
3433 557 3613 615 αὐτῶν
3660 559 4046 631 πεπραγμένα.

791 667 972 720 edicto
1009 663 1066 715 in
1096 659 1350 714 exsilium
1387 656 1743 726 pellerentur.
1777 649 2062 708 Postremo
2083 660 2278 706 cuncta
2301 652 2370 706 ab

793 773 852 811 se
883 763 1054 826 gesta,
1081 761 1194 806 tum
1220 751 1345 806 aliis
1367 765 1464 820 per
1489 746 1767 802 Orientem
1791 747 1884 817 qui
1915 740 2058 800 idem
2087 761 2212 801 cum
2239 737 2371 816 ipsis

794 847 1123 908 sentiebant,
1167 851 1282 898 tum
1324 840 1640 910 Patropliilo
1681 837 2071 910 Scythopolcos
2112 837 2371 906 episcopo

793 938 1187 1008 signiticarunt.
1203 935 1302 990 llic
1315 928 1461 988 enim
1478 933 1546 986 ab
1564 932 1698 985 urbe
1714 929 1960 983 Seleucia
1979 937 2123 982 recta
2143 927 2196 980 in
2216 935 2369 981 suam

795 1029 1071 1083 civitatem
1098 1024 1474 1081 contenderat.
1501 1023 1672 1077 Porro
1698 1020 1946 1075 Eudoxio
1973 1018 2028 1072 in
2054 1018 2189 1073 urbe
2222 1017 2370 1088 regia

795 1119 1077 1174 sacerdote
1119 1116 1440 1178 constituto,
1475 1129 1667 1185 magna
1690 1112 1920 1167 ecclesia
1950 1110 2108 1182 160
2121 1125 2250 1179 qua:
2274 1107 2374 1164 So-

796 1213 923 1282 phia
961 1209 1398 1281 cognominatur,
1431 1206 1534 1261 sub
1564 1205 1708 1258 idem
1740 1212 1956 1274 tempus
1984 1201 2232 1256 dedicata
2265 1209 2370 1266 est,

794 1300 1080 1356 consulatu
1117 1294 1422 1354 Constantii
1459 1293 1674 1348 decimo
1703 1302 1758 1347 et
1777 1291 1979 1347 Juliani
2006 1290 2233 1345 Cresaris
2260 1299 2372 1344 ter-

795 1389 892 1452 tio,
928 1385 1345 1458 quintodeeimo
1372 1384 1462 1438 die
1496 1381 1704 1437 mensis
1750 1377 2056 1436 Februarii.
2095 1377 2374 1435 Eudoxius

792 1492 925 1534 vero
953 1477 1116 1532 simul
1166 1484 1329 1546 atque
1365 1476 1420 1529 in
1451 1475 1581 1530 sede
1628 1475 1719 1529 illa
1756 1473 2053 1529 collocatus
2101 1482 2206 1535 est,
2254 1472 2371 1543 pri-

793 1587 938 1626 mam
964 1569 1106 1624 hanc
1143 1567 1372 1638 protulit
1398 1567 1748 1630 sententiam,
1795 1581 1917 1634 quae
1961 1563 2206 1618 omnium
2259 1578 2374 1618 ser-

793 1676 956 1715 mone
1012 1659 1356 1714 celebratur:
1417 1658 1578 1712 Pater
1628 1656 1856 1725 ἀσεϐής,
1906 1654 2078 1709 Filius
2117 1653 2368 1724 εὐσεϐής.

793 1751 948 1808 Unde
977 1766 1101 1804 cum
1136 1749 1402 1803 tumultus
1429 1764 1494 1802 ac
1521 1747 1720 1802 seditio
1753 1756 1939 1801 exorta
1963 1753 2138 1800 esset:
2169 1746 2367 1810 Nolite,

797 1842 998 1912 inquit,
1024 1841 1232 1896 turbari
1259 1841 1332 1895 ob
1367 1856 1431 1896 ea
1465 1856 1585 1909 qua:
1624 1839 1756 1892 dixi.
1791 1839 1925 1892 Nam
1955 1836 2115 1892 Pater
2147 1836 2370 1908 quidem

2477 655 2590 715 τοῖς
2617 669 2675 706 τε
2709 653 2890 717 ἄλλοις
2917 650 3032 717 τοῖς
3059 653 3204 707 κατὰ
3223 651 3606 722 τὴνξὰνατολὴν
3634 651 3929 721 ὁμοδόξοις,
3957 650 4051 701 καὶ

2479 739 2808 817 Πατροφίλῳ
2839 746 2918 816 τῷ
2949 745 3352 809 Σκυθοπόλεως.
3390 739 3556 808 Οὗτος
3584 744 3694 812 γὰρ
3738 744 3802 796 ἐκ
3828 741 3928 812 τῆς
3957 741 4051 792 Σε-

2478 837 2733 904 λευκείας
2769 840 2863 892 ὲπὶ
2885 840 2983 908 τὴν
3005 839 3212 892 οἰκείαν
3235 837 3396 900 εὐθὺς
3427 828 3655 907 ὥρμησε
3687 827 3861 887 πόλιν.
3892 831 4051 885 E660-

2480 929 2592 994 ξίου
2617 930 2675 984 δὲ
2704 931 3109 1000 ἀναδειχθέντος
3156 931 3252 1000 τῆς
3297 926 3710 1000 μεγαλοπόλεως
3751 922 4049 993 τηνικαῦτα

2477 1023 2511 1092 ἡ
2568 1022 2781 1093 μεγάλη
2821 1022 3089 1092 ἐκκλησία
3134 1019 3511 1091 ὀνομαζομένη
3558 1015 3730 1086 Σοφία
3764 1024 3788 1054 ε
3844 1017 4052 1068 ένεκαιο

2479 1113 2634 1184 νίσθη
2661 1115 2798 1182 (95),
2829 1115 2889 1166 ἐν
2925 1113 3160 1184 ὑπατείᾳ⁵
3188 1107 3568 1166 Κωνσταντίου
3595 1109 3656 1163 τὸ
3679 1109 3924 1170 δέκατον,
3956 1107 4052 1158 καὶ

2491 1205 2777 1260 Ἰουλιανοῦ
2807 1205 3084 1276 Καίσαρος
3129 1204 3192 1258 τὸ
3235 1204 3440 1275 τρίτον,
3479 1205 3548 1275 τῇ
3589 1197 4051 1272 πεντεκαιδεκάτῃ

2477 1296 2571 1348 τοῦ
2599 1296 2966 1369 Φεϐρουαρίου
2991 1291 3178 1368 μηνός.
3207 1295 3456 1362 Εὒδὸξιος
3475 1294 3530 1348 δὲ
3557 1290 3848 1355 καθεσθεὶς
3861 1292 3939 1354 είς
3961 1286 4049 1343 τὸν

2479 1387 2669 1459 Θρὸνον
2709 1389 2905 1458 αὐτῆς,
2945 1387 3170 1459 πρώτην
3211 1386 3426 1457 ἐκείνην
3469 1385 3568 1457 τὴν
3613 1383 4051 1454 πολυθρύλλητον

2487 1479 2670 1550 ἀφῆκε
2699 1479 2902 1551 φωνὴν,
2931 1481 3179 1551 φράσας·
3231 1479 3292 1533 Ὀ
3341 1479 3530 1550 Πατὴρ
3573 1476 3776 1548 ἀσεϐής
3801 1494 3815 1508 ’
3849 1478 3878 1531 ὁ
3922 1471 4048 1540 Υίδς

2477 1572 2727 1644 εὐσεϐής.
2757 1572 3000 1644 Θορύϐου
3026 1573 3084 1626 δὲ
3126 1572 3218 1626 καὶ
3247 1571 3485 1636 στάσεως
3516 1571 3610 1626 ἐπὶ
3636 1570 3793 1624 τοῦτο
3821 1569 4049 1639 γενομέ-

2478 1680 2598 1732 νης,
2618 1663 2822 1732 Μηδὲν,
2837 1664 2962 1735 ἔφη,
2983 1663 3316 1735 ταράττεσοε
3339 1663 3473 1733 πρὸς
3492 1663 3552 1717 τὸ
3574 1662 3760 1732 λεχθὲν
3783 1660 3872 1714 ὑπ’
3890 1658 4045 1730 ἐμοῦ·

2478 1754 2508 1806 δ
2553 1755 2664 1826 γὰρ
2711 1754 2903 1827 Πατὴρ
2949 1755 3172 1826 ἀσεϐὴς,
3207 1755 3289 1809 ὅτι
3335 1753 3528 1808 οὐδένα
3578 1751 3755 1807 σέϐει·
3781 1751 3889 1806 ὁδὲ
3924 1748 4051 1814 Υἱὸς

2479 1843 2732 1916 εὖσεόὴς,
2759 1846 2843 1900 ὅτι
2878 1845 3028 1900 σέϐει
3059 1846 3151 1899 τὸν
3196 1843 3440 1917 Πατέρα.
3472 1843 3709 1899 Τοιαῦτα
3732 1842 3788 1896 δὲ
3812 1841 3905 1895 τοῦ
3947 1834 4050 1892 Εὑ-

794 1936 998 2007 ἀσεϐὴς
1023 1941 1126 2000 est,
1154 1935 1358 2007 quippe
1381 1935 1475 2005 qui
1498 1932 1773 1988 neminem
1804 1926 1963 1996 colit;
1991 1930 2161 1986 Filius
2193 1939 2376 1984 autem
2407 1929 2451 1985 Β
2478 1936 2569 2001 δοξ

2267 1939 2376 1984 tem
2407 1929 2451 1985 Β
2478 1935 2655 2001 δοξίου
2685 1937 2954 2005 εἰπόντος,
2984 1939 3013 1992 ὁ
3035 1938 3134 2008 μὲν
3172 1937 3403 2008 οόρυϐος
3427 1935 3764 2005 κατεστάλη·
3792 1933 3963 2004 γέλως
3991 1929 4047 1986 δὲ

796 2028 1049 2100 εὐσεϐής,
1079 2028 1208 2099 quia
1246 2027 1377 2083 colit
1416 2027 1655 2081 Patrem.
1682 2023 1812 2090 Quae
1851 2037 1978 2078 cum
2005 2022 2233 2077 dixisset
2261 2021 2372 2075 Eu-

796 2122 995 2178 doxius
1029 2122 1298 2176 tumultus
1342 2117 1566 2190 quidem
1599 2117 1820 2172 sedatus
1859 2123 1975 2170 est:
2016 2113 2207 2184 ingens
2243 2128 2376 2167 vero

796 2213 941 2268 risus
965 2213 1021 2267 in
1043 2211 1278 2268 ecclesia
1301 2211 1575 2267 excitatus
1607 2207 1903 2264 tumultum
1935 2206 2167 2275 excepit.
2197 2206 2375 2275 Atque

795 2304 902 2360 hoc
930 2305 1137 2361 dictum
1162 2319 1290 2358 cum
1318 2303 1434 2358 risu
1463 2309 1520 2357 et
1546 2301 1817 2357 cachinno
1839 2298 2106 2354 hactenus
2132 2312 2375 2351 comme-

794 2403 1064 2450 moratur.
1096 2389 1422 2466 Hujusmodi
1462 2389 1902 2447 cavillationibus
1939 2395 2159 2443 utentes
2201 2387 2375 2440 haere-

795 2487 1048 2553 siarchas,
1081 2495 1139 2542 et
1185 2486 1243 2542 in
1285 2485 1489 2542 talibus
1526 2484 1738 2540 vocalis
1768 2481 2041 2552 occupati,
2076 2479 2375 2535 Ecclesiam

793 2580 1160 2637 diseiderunt.
1201 2581 1379 2652 Atque
1404 2581 1554 2636 hunc
1579 2578 1742 2633 linem
1767 2571 2375 2644 Constantinopolitana

803 2690 1023 2745 quoque
1043 2674 1285 2746 synodus
1310 2673 1503 2728 sortita
1528 2679 1612 2725 est

1392 2764 1545 2819 CAP.
1590 2761 1773 2816 XLIV.

1131 2857 1208 2912 De
1239 2855 1444 2911 Melctio
1470 2855 1756 2909 Antiochia:
1780 2852 2015 2922 episcopo

866 2947 1026 3004 Nune
1053 2955 1268 3018 tempus
1287 2956 1372 3001 est
1390 2955 1453 3001 ut
1476 2945 1544 3000 de
1573 2944 1790 2999 Meletio
1818 2943 2082 2998 dicamus.
2107 2940 2209 2996 llic
2228 2941 2377 2995 enim

799 3051 922 3113 post
949 3040 1343 3112 depositionem
1375 3038 1667 3104 Eustathii,
1694 3036 1962 3093 Sebastia
1991 3035 2378 3091 Armeniorum

798 3134 1090 3205 episcopus
1123 3132 1301 3188 factus
1344 3141 1450 3196 est,
1487 3133 1631 3186 sicut
1667 3130 1830 3201 paulo
1859 3139 1986 3183 ante
2019 3128 2153 3184 dixi.
2185 3128 2380 3182 Postea

799 3237 933 3278 vero
965 3238 998 3277 a
1033 3221 1280 3278 Sebastia
1303 3223 1600 3277 translatus
1641 3229 1727 3276 est
1758 3219 2026 3283 Bormam,
2071 3232 2193 3287 quae
2245 3217 2382 3272 urbs

2474 2027 2606 2111 ἀντὶ.
2623 2027 2858 2100 Θορύὸου
2881 2031 3100 2100 κατεῖχε
3124 2031 3288 2093 πολὺς
3302 2031 3402 2100 τὴν
3429 2027 3746 2114 ἐκκλησίαν.
3769 2023 3880 2079 Καὶ
3899 2024 4048 2096 μένει

2474 2117 2536 2169 τὸ
2565 2101 2753 2188 λεχθὲν
2785 2119 2912 2190 ἄχρι
2960 2119 3120 2190 δεῦρο
3156 2119 3486 2190 γελώμενον.
3512 2101 3752 2171 Tomi-ita
3779 2117 3887 2186 γὰρ
3908 2112 3974 2184 δὴ
3999 2113 4049 2165 οἱ

2479 2206 2833 2281 αἱρεσιάρχαι
2863 2210 3232 2281 σοφιζόμενοι,
3255 2213 3348 2265 καὶ
3374 2212 3502 2282 περὶ
3523 2208 3778 2272 τοιαύτας
3795 2204 4048 2277 ἀσχολούο

2479 2317 2632 2370 μενοι
2669 2300 2864 2368 λέξεις.
2893 2303 2992 2374 τὴν
3038 2301 3367 2374 Ἐκκλησίαν
3391 2302 3709 2356 διέσπασαν.
3751 2297 3919 2352 Τοῦτο
3951 2294 4050 2368 μὲν

2475 2388 2572 2446 οὖν
2600 2392 2814 2447 τοιοῦτο
2841 2393 2954 2464 (94)
2989 2394 3138 2461 τέλος
3169 2396 3264 2449 καὶ¹
3295 2390 3328 2467 ἡ
3355 2395 3418 2448 ὲν
3441 2390 3848 2450 Κωνσταντίνου
3897 2387 4048 2443 πόλει

2475 2484 2748 2557 γενομένη
2770 2484 2989 2550 σύνοδος
3022 2482 3200 2557 ἔσχεν.

3074 2754 3328 2810 ΚΕΦΑΛ.
3357 2756 3488 2810 MA'.

2574 2846 2715 2914 "cpi
2751 2845 3042 2902 Μελετίου
3072 2846 3182 2902 τοῦ
3227 2845 3590 2916 Ἀντιοχείας
3607 2844 3965 2899 ἐπισκόπου.

2555 2939 2696 3010 Ἤδη
2741 2937 2800 2992 δὲ
2844 2937 3029 2992 λοιπὸν
3069 2937 3166 2992 καὶ
3203 2937 3272 2991 τὰ
3320 2939 3450 3008 περὶ
3498 2935 3760 2990 Μελετίου
3813 2935 4049 2988 λεκτέον.

2480 3023 2650 3096 Οὗτος
2676 3031 2808 3103 γὰρ,
2838 3032 2915 3097 ὡς
2944 3033 3141 3104 μικρὸν
3173 3031 3482 3104 ἔμπροσθεν
3515 3025 3688 3096 εἷπον,
3721 3029 3821 3099 τῆς
3855 3029 4054 3100 Ἀρμε-

2480 3127 2609 3180 νίων
2656 3126 2986 3190 Σεδαστείας
3032 3127 3332 3191 ἐπίσκοπος
3378 3124 3710 3199 προεϐλήθη,
3754 3122 4054 3177 Εὑσταθίου

2479 3216 2918 3288 καῦαιρεθέντος.
2960 3217 3056 3271 Ἐκ
3095 3217 3154 3271 δὲ
3202 3217 3531 3280 Σεϐαστείας
3573 3217 3654 3280 είς
3698 3214 3928 3286 Βέροιαν
3955 3213 4055 3280 τῆς

798 3323 883 3371 est
906 3315 1096 3388 Syria.
1120 3314 1367 3386 Cumque
1400 3311 1736 3370 &leuciensi
1760 3310 1994 3368 concilio
2018 3309 2378 3375 interfuisset,
2406 3294 2450 3355 C
2482 3307 2578 3380 Συε

2276 3317 2378 3375 set,
2406 3294 2450 3355 C
2482 3307 2681 3380 Συρίας
2705 3308 3015 3382 μετηνέχθη
3047 3309 3184 3381 (95).
3210 3309 3506 3382 Γενόμενος
3527 3307 3585 3363 δὲ
3607 3307 3666 3361 ιν
3692 3308 3760 3379 τῇ
3794 3305 3936 3362 κατά
3962 3305 4056 3358 Σε-

2003 3449 2269 3507 VALESII
2305 3447 2858 3506 ANNOTATIONES.

879 3572 992 3643 (93)
1027 3571 1090 3627 Ἠ
1135 3569 1367 3643 μεγάλη
1409 3568 1710 3643 ἐκκλησία
1765 3565 2174 3643 ἐνεκαινίᾳθη.
2219 3563 2380 3643 [lane

799 3633 985 3700 locum
1003 3659 1070 3698 ex
1097 3633 1485 3710 man'uscriptis
1513 3637 1794 3710 codicibus
1814 3635 2130 3710 Florentino
2153 3645 2206 3689 et
2227 3633 2382 3710 _Slo_r-

803 3717 954 3769 tiano
999 3711 1246 3784 supplevi
1288 3704 1455 3784 atque
1498 3705 2115 3784 emendavi._De_liujus
2137 3704 2385 3784 ecclesiae

801 3773 1152 3839 dedicatione
1192 3782 1268 3836 ita
1305 3773 1571 3839 scriptum
1596 3785 1682 3833 est
1716 3777 1771 3830 in
1805 3776 1982 3831 Fastis
2017 3775 2171 3831 ldatii
2202 3793 2214 3827 :
2241 3773 2384 3830 Con-

801 3855 1000 3908 stantia
1035 3853 1235 3908 decimo
1265 3860 1316 3904 et
1347 3845 1566 3904 Iuliano
1599 3849 1772 3901 tertio.
1836 3845 1951 3901 "is.
1994 3862 2126 3900 coss.
2168 3845 2384 3898 dedica-

803 3935 916 3978 tum
962 3932 1038 3977 est
1085 3919 1542 3992 ConstantinOpoli
1585 3918 1939 3992 Dominicunt,
1994 3917 2077 3969 die
2129 3931 2197 3970 xv
2247 3915 2379 3992 Ii'al.

801 3994 1046 4048 Martias.
1069 3993 1351 4048 Cedrenus
1392 3986 1447 4045 iri
1471 3989 1744 4045 Chronico
1789 3988 1885 4052 ait,
1908 3987 2049 4041 hanc
2083 3986 2381 4052 secundam

802 4064 971 4120 fuisse
1013 4063 1413 4118 dedicationem
1460 4061 1624 4130 hujus
1662 4057 1924 4130 ecclesize.
1955 4057 2197 4130 Primum
2231 4057 2380 4110 enim

802 4135 1110 4188 dedicatam
1133 4132 1302 4187 fuisse
1327 4132 1461 4187 dicit
1480 4126 1550 4184 ab
1569 4127 1805 4184 Eusebio
1829 4127 2087 4196 episcopo
2109 4126 2380 4181 Constan-

805 4205 1134 4274 tiuopoleos.
1183 4201 1291 4274 Sed
1341 4216 1464 4256 cum
1510 4208 1698 4274 postea
1735 4197 2378 4274 corruisset.,de_nuoin-

803 4267 1100 4330 stauratam
1155 4287 1188 4326 a
1232 4267 1558 4326 Constantio
1591 4269 1857 4331 Augusto,
1888 4276 1944 4321 et
1996 4267 2066 4321 ab
2126 4267 2376 4322 Eudoxio

802 4352 1200 4400 consecratam.
1230 4342 1368 4397 Vide
1411 4341 1636 4395 omnino
1677 4337 2012 4393 Chronicum
2046 4337 2372 4392 Alexandri-

803 4431 957 4476 num,
986 4415 1042 4468 in
1063 4429 1174 4485 quo
1199 4413 1372 4468 multa
1397 4411 1670 4466 habentur
1691 4407 1759 4464 de
1781 4409 1884 4463 hac
1897 4407 2239 4463 dedicatione
2262 4423 2374 4462 non

801 4486 1064 4539 vulgaria.

877 4545 988 4625 (ΞΗ)
1019 4553 1196 4607 Τοῦτο
1219 4552 1336 4621 μὲν
1361 4545 1474 4625 οὖν
1515 4549 1766 4625 τοιρῦτο.
1799 4548 2074 4625 ᾼΙιειυιιιιτι
2111 4546 2373 4625 _vox__de:

805 4618 978 4679 lenda'
1016 4633 1101 4679 est
1139 4618 1544 4692 ut'superﬂua.
1598 4620 1659 4692 In
1722 4618 1911 4692 codice
1958 4618 2372 4692 Leonis-Allatii

805 4696 1069 4765 scriptum
1104 4693 1287 4749 inveni
1316 4687 1434 4746 τότε
1463 4692 1564 4754 μὲν
1593 4687 1686 4744 οὖν
1716 4688 1954 4743 τοιοῦτον
1975 4688 2038 4742 τὸ
2065 4689 2235 4753 τέλος.

2408 4683 2454 4738 Ι)
2481 4683 2871 4754 Tlieodoritus,
2900 4705 3002 4744 nec
3035 4689 3372 4744 Sozomenus
3395 4689 3452 4744 id
3473 4690 3541 4744 de

2551 3567 2662 3638 (95)
2689 3571 2794 3634 Εὶς
2825 3565 3072 3632 Βέροιαν
3116 3565 3228 3634 τῆς
3259 3565 3477 3638 Συρίας
3497 3565 3865 3638 μετηνέχθη.
3888 3567 4054 3623 Melc-

2478 3637 2615 3693 tium
2648 3637 2680 3693 a
2713 3638 2961 3693 Sebastia
2991 3638 3264 3691 Armenia:
3309 3637 3376 3691 ad
3425 3637 3800 3708 episcOpatum
3853 3637 4056 3693 Benene

2481 3711 2803 3763 translatum
2837 3708 3027 3770 fuisse,
3061 3723 3204 3777 aegre
3243 3708 3536 3762 admodum
3567 3708 3914 3762 crediderim.
3952 3710 4056 3762 So-

2479 3795 2742 3833 zomenus
2779 3777 2925 3832 enim
2959 3793 3023 3831 ac
3055 3777 3444 3841 Theodoritus,
3475 3786 3532 3833 et
3555 3788 3680 3832 anle
3706 3779 3830 3832 illos
3858 3778 4054 3832 Hiero-

2479 3864 2697 3912 nymus,
2733 3849 2884 3902 illum
2915 3865 2946 3901 a
2985 3847 3232 3901 Sebastia
3256 3848 3529 3902 Armeniae
3559 3847 3623 3902 ad
3650 3849 3834 3902 sedem
3861 3849 4054 3902 Antio-

2483 3867 2514 3902 n
2541 3867 2697 3912 'mus,
2733 3867 2884 3902 mum
2915 3867 2946 3901 a
2986 3867 3232 3901 acoasua
3256 3867 3529 3902 armeniae
3559 3867 3623 3902 aa
3650 3867 3834 3902 sedem
3861 3867 4054 3902 anuo-

2483 3867 2715 3973 cbenam
2746 3919 3068 3974 translatum
3109 3933 3229 3971 esse
3262 3917 3474 3982 dicunt,
3512 3919 3661 3972 nulla
3705 3919 4058 3987 episcopatus

2484 3989 2792 4044 Beraaensis
2824 3988 3100 4042 mentione
3129 3987 3290 4042 facta.
3319 3989 3373 4042 Id
3399 3997 3608 4042 tantum
3638 3988 3772 4043 dicit
3807 3989 4058 4042 Theodo-

2482 4059 2968 4123 ritus,'Meletium,
2996 4073 3118 4113 cum
3154 4057 3220 4111 ad
3267 4059 3648 4113 Sebastensem
3680 4059 4053 4129 episcopatum

2481 4141 2768 4201 promotus
2788 4129 3018 4201 luisset,
3056 4129 3435 4201 animadversa
3474 4130 3836 4201 subditorum
3858 4139 4054 4183 contu-

2481 4199 2676 4280 inacia,
2711 4199 2838 4253 inde
2878 4200 2985 4280 alio
3031 4199 3342 4280 secessisse.
3393 4199 3549 4280 tunc
3591 4201 3757 4280 igitur
3808 4199 4052 4280 Beroeam

2480 4270 2650 4340 Syria:
2692 4285 2751 4324 se
2801 4270 3030 4338 recepit.
3054 4276 3116 4322 ut
3135 4268 3386 4340 conjicio.
3417 4269 3522 4323 Sed
3551 4268 3924 4340 episcopatum
3957 4269 4055 4323 Be—

2480 4339 2749 4395 rozensem
2779 4353 3123 4409 nequaquam
3157 4339 3577 4393 administravit.
3612 4339 3767 4394 Hunc
3813 4339 4056 4393 Socratis

2479 4425 2724 4463 errorem
2747 4409 2884 4462 vidit
2905 4411 3068 4463 etiam
3092 4409 3358 4463 Baronius
3383 4410 3450 4463 ad
3475 4425 3678 4464 annum
3701 4409 3906 4464 Christi
3928 4410 4050 4462 560.

2480 4479 2653 4544 Quem
2692 4479 2915 4548 quidem
2946 4480 3036 4533 ille
3067 4479 3147 4534 sic
3178 4480 3454 4540 emendat.
3487 4489 3548 4533 ut
3576 4480 3850 4534 Meletium
3886 4495 3916 4534 a
3947 4479 4050 4533 Be-

2481 4565 2594 4605 rcea
2613 4549 2937 4610 Sebastiani,
2968 4565 3075 4602 non
3112 4564 3143 4602 a
3177 4549 3424 4603 Sebastia
3455 4549 3700 4604 Beroeam
3732 4549 4052 4603 translatum

2481 4634 2602 4673 esse
2635 4619 2800 4673 dicat.
2831 4618 2986 4684 Quod
3015 4628 3196 4673 tamen
3226 4634 3416 4674 verum
3452 4634 3561 4672 non
3599 4627 3754 4684 puto,
3784 4635 3908 4673 cum
3952 4636 4054 4672 nec

3614 4689 3778 4744 eletio
3793 4689 4050 4744 dixerint.

2227 4777 2608 4834 VARIORUM.

877 4884 900 4913 ε
938 4871 1264 4939 Ἐκκλησία
1309 4868 1704 4939 ὀνομαζομένη
1743 4870 1950 4939 ΣοερΙα.
2003 4867 2060 4922 In
2085 4867 2377 4939 Chronico

804 4924 1198 5005 Alexandrino,
1228 4924 1330 4996 sub
1346 4924 1664 4995 consulibus
1682 4924 1808 4994 anni
1823 4924 1956 4993 Ὶ560.
1993 4938 2192 5008 legitur
2219 4957 2231 4992 :
2266 4939 2376 4993 Hoc

805 5030 969 5075 anno,
1010 5028 1184 5066 mense
1231 5012 1428 5066 Peritio
1473 5010 1585 5078 (seu
1627 5011 1694 5062 15
1725 5009 2020 5077 Februarii)
2061 5026 2254 5078 magna
2289 5025 2374 5062 ec-

805 5084 964 5138 clesia
1013 5080 1597 5151 ConstantinOpolitana
1634 5080 1870 5132 dedicata
1910 5089 2004 5133 est.
2043 5078 2377 5151 Macedonius

805 5157 1072 5225 episcopus
1111 5149 1721 5225 Constantinopolitanus
1772 5159 1985 5225 propter
2027 5149 2194 5225 multa
2215 5151 2376 5225 ipsius

805 5219 1021 5295 propria
1052 5224 1274 5295 crimina
1293 5219 1661 5295 exauctoratus
1674 5229 1768 5282 est,
1788 5230 1847 5295 et
1857 5219 1908 5274 in
1942 5219 2108 5295 locum
2129 5220 2242 5295 eius
2256 5220 2378 5273 sub-

806 5289 1022 5364 rogatus
1045 5291 1313 5364 Eudoxius
1341 5290 1806 5364 mense_Au_dyna:o
1831 5291 1942 5364 (seu
1975 5290 2100 5343 Jan.
2127 5289 2216 5364 27)
2243 5307 2383 5364 pna-

806 5360 1033 5417 sentibus
1057 5363 1307 5434 episcopis
1331 5377 1488 5434 Lxxn.
1511 5361 1678 5434 Paulo
1698 5369 1820 5434 post
1837 5379 1860 5434 7:
1876 5360 1936 5414 In
1966 5377 2026 5413 ea
2043 5361 2238 5429 synodo
2271 5361 2383 5434 epi-

808 5429 1211 5504 swporum'non
1231 5429 1347 5504 post
1375 5430 1563 5504 multos
1589 5429 1784 5504 dics’ab
1798 5433 2236 5504 _inauguratione
2269 5431 2384 5483 Eu-

808 5450 1080 5504 swporum
1109 5450 1211 5486 non
1270 5450 1347 5486 ost
1375 5450 1563 5484 muuos
1589 5450 1696 5483 atcs
1720 5450 1784 5483 ao
1829 5450 2236 5500 maugurauone
2269 5450 2384 5483 nu-

808 5504 947 5574 doxii
967 5505 1190 5574 episcopi
1223 5450 1762 5574 gonstantinopoleos,
1791 5501 2040 5555 Encwnia
2063 5517 2384 5574 magnarec-

807 5570 1253 5642 clcsiw'cjusdem
1289 5573 1431 5625 urbis
1476 5570 1737 5642 celebrata
1769 5581 1891 5624 sunt
1931 5587 2071 5642 anno
2123 5571 2384 5624 tricesimo

807 5654 997 5713 quarto
1029 5639 1144 5713 plus
1195 5644 1366 5698 minus
1416 5653 1576 5712 quam
1612 5641 1970 5713 fundamenta
2002 5639 2379 5696 Constantinus

853 5715 981 5766 ictor
1013 5711 1531 5784 Augustusrjecerat.
1587 5711 1718 5766 Acta
1764 5721 1894 5784 sunt
1927 5711 2181 5784 Enra’pia
2218 5713 2379 5784 etiam

809 5785 886 5852 liis
916 5801 1044 5837 coss.
1081 5775 1164 5837 {Vt
1196 5775 1325 5838 Kal:
1348 5781 1591 5844 Martias,
1624 5785 1713 5852 qui
1738 5783 1844 5836 dies
1860 5783 2046 5835 mensis
2062 5781 2245 5852 Peritii
2271 5781 2381 5849 (seu

809 5851 1100 5923 Februarii)
1149 5855 1234 5908 14.
1275 5854 1355 5907 Ad
1406 5869 1469 5907 ea
1509 5849 1770 5920 ,Encasnia
1810 5849 2379 5923 intpcratorVConstan-

811 5923 912 5976 tius
950 5922 1210 5990 Augustus
1235 5933 1352 5978 vota
1380 5940 1471 5977 seu
1493 5940 1734 5988 munera,
1767 5922 1936 5977 multa
1971 5922 2177 5976 cimclia
2205 5939 2374 5976 aurea

2482 4880 2824 4943 etpargentea
2849 4873 3125 4943 ingentia,
3151 4872 3470 4943 gemmisque
3501 4879 3555 4943 et
3581 4887 3712 4926 auro
3747 4871 4053 4927 intertexta;

2483 4941 2617 4994 telas
2639 4941 2752 5012 ‘pro
2800 4941 2962 4995 altari
3015 4941 3208 4996 multas
3239 4941 3477 4997 contulit.
3523 4941 3660 5006 Quin
3693 4950 3741 4995 et
3781 4943 3834 4995 in
3867 4944 4054 5012 januis

2481 5012 2716 5081 geminas
2731 5013 2976 5082 utrinque
3002 5014 3136 5081 {ores
3166 5029 3355 5067 aureas
3375 5015 3521 5067 vario
3551 5012 3860 5084 apercjecit,
3884 5015 4053 5084 ipsas-

2481 5099 2582 5153 que
2605 5081 2897 5136 exteriores?
2919 5093 3096 5153 portas
3127 5099 3258 5136 auro
3285 5086 3417 5137 mire
3431 5081 3674 5137 variavit.
3699 5081 3868 5153 Multa
3898 5081 4054 5136 bene-

2479 5151 2601 5219 ﬁcia
2624 5153 2900 5222 magnifice
2920 5151 3143 5207 contulit
3165 5171 3280 5206 cum
3303 5156 3357 5207 in
3389 5155 3688 5208 universum
3708 5152 3925 5214 clerum,
3944 5161 4053 5206 tum

2481 5223 2537 5294 in
2564 5221 3078 5294 religiosast'irgines
3107 5233 3155 5277 et
3194 5225 3398 5285 viduas,
3421 5233 3526 5278 etc.
3570 5223 3836 5294 Loquitur
3862 5232 4054 5276 auctor

2481 5291 2549 5345 de
2564 5291 2804 5363 concilio
2831 5291 3454 5363 Consuiiitinopolitaiio,
3474 5295 3526 5348 in
3547 5309 3656 5363 quo
3669 5291 3966 5348 ’Eudoxius
3987 5294 4052 5346 ad

2483 5361 2668 5433 sedem
2698 5361 3354 5433 Constantinopolitanam
3393 5361 3690 5418 translatus
3715 5363 4053 5433 est.¥_Supra.

2480 5431 2605 5484 loco
2633 5433 2698 5486 lli
2727 5432 2852 5488 Kal.
2884 5431 3126 5498 Martias,
3151 5434 3438 5503 legendum
3471 5435 3555 5497 15,
3583 5444 3639 5489 ει
3667 5434 3788 5487 loco
3822 5431 4055 5503 Februa-

2483 5503 2548 5554 rii
2578 5503 2663 5564 H,
2697 5503 2985 5570 legendum
3012 5505 3114 5558 15:
3145 5501 3220 5557 eo
3243 5505 3389 5558 enim
3434 5504 3522 5558 die
3552 5504 3836 5558 ecclesiam
3870 5501 3926 5555 S.
3952 5502 4054 5554 So-

2483 5572 2626 5640 phia:
2655 5573 2958 5627 dedicatam
2981 5576 3092 5644 jam
3112 5575 3345 5636 dixerat,
3373 5590 3483 5643 quo
3508 5576 3673 5628 etiam
3703 5589 3767 5627 ea
3794 5573 4053 5644 Eucmiiia

2485 5652 2704 5710 peracta
2731 5644 2934 5697 diserte
2968 5641 3198 5698 testatur
3237 5641 3442 5699 ldatius
3479 5644 3531 5698 in
3561 5643 3757 5698 Fastis.
3792 5642 3916 5696 Haec
3957 5641 4053 5694 de-

2487 5712 2710 5783 dicatio,
2765 5713 3121 5783 ingentesque
3169 5716 3488 5782 largitiones
3556 5715 3711 5768 facta:
3767 5712 4054 5783 occasione

2450 5793 2457 5802 '
2482 5781 2982 5854 Quinqucnnalium
2996 5781 3197 5839 Juliani
3220 5781 3470 5848 Cznsaris,
3498 5793 3782 5854 postquam
3803 5785 3912 5854 jam
3943 5782 4038 5834 Au-

2477 5862 2672 5977 ἕὲδιυε
2699 5853 3039 5993 a‘b_e)xercitu
3077 5855 3259 5910 dictus
3289 5865 3456 5911 esset.
3494 5853 3640 5925 (Aut.
3673 5855 3800 5924 Pagi
3819 5853 3886 5907 ad
3921 5867 4052 5906 ann.

2585 5964 2598 5989 ,
2627 5940 2680 5978 n.
2760 5943 2810 5975 ς».

2585 5964 2598 5989 ,
2627 5940 2680 5978 η.
2728 5940 2810 5976 10.
