4508 6588
453 472 554 529 357

1479 467 1798 525 HISTORIA
1837 466 2391 524 ECCLESIASTICA.
2431 498 2499 508 —
2525 468 2653 523 LIB.
2695 469 2757 524 11.

3614 467 3724 525 358

454 586 704 641 λεύκειαν
740 582 961 655 συνόδῳ,
1008 582 1104 636 καὶ
1135 584 1205 655 τῇ
1238 582 1421 637 πίστει
1458 584 1569 640 τῶν
1601 585 1733 656 περὶ
1776 583 2034 639 Ἀκάκιον
2061 591 2109 649 Α
2134 591 2193 639 et

1944 601 2034 639 :tov
2061 591 2109 649 Α
2134 591 2193 639 et
2236 582 2364 638 ﬁdei
2392 583 2506 638 illic
2537 584 2607 639 ab
2650 583 2850 639 Acacio
2892 582 3054 637 edita:
3086 581 3525 653 subscripsisset,
3577 591 3724 635 recta

454 676 803 748 ὑπογράψας,
841 675 918 739 ὡς
961 670 1107 746 εἶχεν
1142 675 1236 729 ἐπὶ
1271 675 1373 745 τὴν
1419 675 1651 747 Βέροιαν
1689 674 2029 748 ἀνεχώρησε.

454 768 758 838 Γενομένης
782 766 838 820 δὲ
863 768 961 837 τῆς
992 766 1051 819 έν
1078 765 1494 820 Κωνσταντίνου
1525 766 1678 821 πόλει
1705 766 1946 829 συνόδου,
1982 767 2033 820 οἱ

455 861 511 911 ὲν
553 858 856 930 Ἀντιοχείᾳ
884 857 1181 929 πυθόμενοι
1213 857 1305 911 τὸν
1345 857 1593 925 Εὐδόξιον
1622 874 2035 930 καταπεφρονη-

462 950 614 1004 κέναι
645 950 743 1020 μὲν
763 949 866 1018 τῆς
891 949 1072 1002 αὐτῶν
1110 948 1458 1019 Ἐκκλησίας,
1491 950 1582 1003 έπὶ
1600 948 1659 1003 δὲ
1685 949 1776 1003 τὸν
1805 948 2034 1004 πλοῦτον

454 1037 1084 1102 Κωνσταντινουπόλεως
1110 1037 1558 1103 ἀποκεκλικέναι,
1603 1037 2034 1109 μεταπεμψάμε-

455 1149 533 1186 νοι
554 1131 645 1186 τὸν
668 1130 930 1185 Μελέτιον
946 1128 973 1169 ά
1001 1132 1064 1183 ὲκ
1089 1130 1188 1201 τῆς
1206 1130 1452 1202 Βεροίας,
1475 1131 1555 1194 εἰς
1572 1128 1671 1201 τὴν
1702 1129 2033 1199 Ἀντιοχείας

468 1220 799 1292 Ἐκκλησίαν
830 1220 1247 1293 ἑνθρονίζουσιν.
1286 1222 1346 1275 '0
1388 1220 1466 1287 δὲ,
1512 1220 1728 1292 πρῶτον
1760 1220 1861 1292 μὲν
1906 1221 2035 1292 περὶ

453 1313 722 1384 δόγματος
774 1311 1117 1380 διαλέγεσθαι
1173 1311 1547 1384 ὑπερετίθετο,
1602 1311 1771 1381 μόνην
1819 1310 1877 1364 δὲ
1932 1310 2031 1383 τὴν

452 1401 649 1473 ἠθικὴν
691 1400 1042 1455 διδασκαλίαν
1074 1402 1185 1463 τοῖς
1229 1401 1527 1471 ἀκροαταῖς
1571 1402 1866 1473 προσήκειν
1895 1398 2029 1473 (96).

454 1493 775 1565 Προὸαίνων
802 1491 883 1559 δὲ,
919 1492 1017 1563 τὴν
1037 1493 1095 1545 ἑν
1126 1489 1330 1563 Νικαία
1355 1490 1680 1563 παρετίθετο
1714 1491 1918 1557 πίστιν,
1940 1492 2035 1545 καὶ

453 1586 693 1640 διδάσκει
713 1584 775 1639 τὸ
797 1583 1083 1656 ὁμοούσιον
1102 1595 1147 1638 ο.
1170 1583 1358 1638 Ταῦτα
1379 1582 1687 1655 πυθόμενος
1705 1586 1733 1638 ό
1760 1582 2032 1654 βασιλεὺς,

452 1678 543 1731 τὸν
576 1676 675 1748 μὲν
691 1675 963 1748 ἐξόριστον
983 1674 1237 1744 γενέσθαι
1258 1674 1546 1727 ἐκέλευσεν
1571 1690 1585 1705 ο
1610 1671 1851 1739 Εὺζώῖον
1870 1674 1926 1729 δὲ
1945 1672 2035 1726 τὸν

453 1769 553 1840 ἤδη
582 1768 847 1840 πρότερον
872 1765 989 1838 ἅμα
1028 1765 1224 1838 Ἀρείῳ
1256 1764 1675 1837 καθαιρεθέντα,
1696 1766 1797 1838 τῆς
1834 1767 2037 1820 Ἀντιο-

454 1857 605 1929 χείας
628 1856 924 1910 ἐπίσκοπον
958 1855 1412 1929 προχειρισθῆναι
1436 1856 1761 1926 πεποίηκεν.
1795 1855 1949 1908 Ὅσοι
1977 1854 2033 1909 δὲ

452 1947 552 2017 τὴν
586 1945 722 2017 πρὸς
742 1944 998 1999 Μελέτιον
1025 1946 1265 2002 διάθεσιν
1285 1945 1511 2010 ἔσωζον,
1547 1946 1945 2011 καταλιπόντες
1965 1945 2028 2000 τὸ
2061 1932 2106 1991 Β

467 2037 805 2111 Ἀρειανικδν
853 2038 1161 2109 ἄθροισμα,
1209 2039 1331 2091 κατ’
1382 2036 1518 2091 ίδίαν
1553 2037 1652 2101 τὰς
1704 2038 2033 2107 συναγωγὰς

454 2132 783 2200 ἐποιήσαντο
802 2147 815 2161 ·
838 2129 947 2183 τῶν
976 2129 1036 2183 τδ
1069 2126 1356 2201 όμοούσιον
1384 2128 1444 2194 ἐξ
1476 2129 1653 2200 ἀρχῆς
1690 2128 2032 2200 φρονούντων

457 2223 533 2295 μὴ
555 2222 901 2293 θελησάντων
917 2222 1103 2285 αὐτοῖς
1126 2223 1425 2286 κοινωνεῖν,
1445 2220 1577 2273 διότι
1596 2222 1661 2273 ὲκ
1686 2220 1788 2290 τῆς
1830 2221 2034 2291 Ἀρεια-

455 2314 551 2384 νῆς
588 2313 771 2385 ψήφου
811 2311 908 2383 τὴν
967 2311 1308 2384 χειροτονίαν
1357 2311 1625 2375 Μελέτιος
1659 2305 1771 2382 εἶχε
1814 2310 2031 2365 λαϐώνο

455 2404 553 2456 καὶ
568 2404 650 2456 ὃτι
667 2401 1135 2472 ἀκολουθήσαντες
1159 2402 1330 2474 αὐτῷ,
1349 2403 1440 2456 ὑπ’
1464 2403 1685 2456 ἐκείνων
1708 2401 2032 2473 βαπτισθέν-

454 2508 549 2555 τες
570 2492 887 2563 ὲτύγχανον.
920 2491 1121 2545 Τοῦτον
1156 2492 1257 2562 μὲν
1295 2488 1389 2545 οὖν
1418 2491 1511 2545 τὸν
1540 2492 1762 2562 τρόπον,
1792 2494 1943 2564 καὶὴ
1975 2495 2032 2545 έν

468 2582 769 2655 Ἀντιοχείᾳ
824 2582 1119 2652 Ἐκκλησία
1159 2584 1239 2646 είς
1286 2582 1473 2655 ιτερον
1520 2582 1773 2654 ὁμόδοξον
1822 2583 2033 2654 διετέθη

460 2674 646 2748 μέρος.
674 2677 732 2727 Ὀ
759 2674 942 2745 μέντοι
973 2672 1247 2743 βασιλεὺς,
1266 2672 1572 2743 πυθόμενος
1592 2672 2034 2726 κινεῖσθαιπάλιν

458 2765 598 2819 κατὰ
641 2764 931 2836 Ῥωμαίων
962 2764 1032 2817 τὰ
1070 2763 1295 2836 Περσῶν
1342 2763 1492 2835 έθνη,
1538 2764 1749 2834 ταχέως
1800 2765 1891 2817 ἐπὶ
1936 2764 2035 2837 τὴν

470 2856 798 2927 Ἀντιόχειαν
828 2855 1109 2928 ὥρμησεν.

1028 2969 1278 3024 ΚΕΦᾹΛ.
1320 2969 1454 3023 ΜΕ’.

736 3058 879 3128 Περὶ
916 3058 1025 3129 τῆς
1054 3059 1428 3114 Mazacam-[0v
1451 3060 1753 3129 aipéaswc.

530 3151 863 3215 Μακεδόνιος
904 3152 960 3205 δὲ
1010 3152 1109 3223 τῆς
1161 3153 1781 3219 Κωνσταντινουπόλεως
1839 3154 2037 3228 ἐκϐλη-

2134 675 2264 731 inde
2297 675 2545 731 Beroeam
2578 675 2820 746 repetiit.
2847 674 3117 732 tPosthaec
3145 674 3379 728 concilio
3411 672 3553 743 apud
3587 670 3723 727 Con-

2134 768 2547 838 stantinopolim
2566 776 2914 839 congregato,
2934 766 3262 821 Antiocheni
3275 783 3397 820 cum
3416 765 3723 821 Eudoxium

2134 856 2556 927 comperissent,
2593 866 2775 926 spreta
2798 856 3037 926 ipsorum
3066 856 3332 919 Ecclesia,
3357 854 3426 909 ad
3454 854 3724 909 Constan-

2134 945 2509 1016 tinopolitana:
2536 944 2683 999 sedis
2706 944 3043 1015 opulentiam
3074 943 3418 1006 transiliisse,
3449 940 3723 995 Meletium

2135 1035 2331 1091 Bercea
2354 1036 2611 1097 accitum,
2641 1034 2697 1088 in
2731 1034 2858 1089 sede
2886 1034 3225 1089 Antiochena
3248 1034 3537 1087 collocant.
3569 1033 3722 1102 161

2133 1126 2235 1181 Hic
2280 1126 2440 1180 initio
2488 1127 2710 1196 quidem
2746 1126 2813 1181 de
2873 1125 3221 1196 dogmatibus
3272 1124 3398 1178 ﬁdei
3450 1124 3726 1177 disserere

2133 1220 2464 1289 supersedit,
2491 1222 2769 1291 solamque
2786 1236 3001 1276 morum
3037 1219 3341 1275 doctrinam
3380 1219 3725 1274 auditoribus

2133 1314 2252 1368 suis
2300 1313 2549 1367 tradidit.
2604 1314 2904 1384 Progressu
2946 1328 3079 1368 vero
3126 1314 3409 1383 temporis,
3450 1313 3724 1367 Nicaanam

2134 1404 2241 1462 illis
2284 1404 2447 1460 ﬁdem
2477 1406 2752 1476 exposuit,
2795 1414 2851 1459 et
2891 1403 3377 1459 consubstantialis
3415 1402 3724 1458 doctrinam

2133 1510 2379 1553 asserere
2407 1497 2593 1567 ccepit.
2621 1496 2753 1564 Qua:
2778 1512 2902 1551 cum
2928 1497 3232 1567 accepisset
3258 1496 3579 1566 imperator,
3597 1510 3723 1550 eum

2133 1585 2353 1655 quidem
2381 1586 2614 1656 relegari
2640 1585 2835 1657 jussit:
2872 1586 3138 1640 Euzoium
3166 1600 3318 1652 vero,
3347 1586 3443 1655 qui
3467 1601 3574 1640 una
3597 1600 3723 1640 cum

2134 1677 2265 1732 Ario
2287 1676 2416 1732 olim
2458 1677 2741 1748 depositus
2795 1676 2995 1743 fuerat,
3033 1677 3421 1732 Antiochensis
3468 1675 3723 1731 Ecclesia:

2135 1769 2439 1824 antistitem
2478 1769 2608 1825 fecit
2654 1767 2986 1840 promoveri.
3040 1768 3244 1824 Verum
3292 1775 3562 1839 quotquot
3599 1782 3700 1837 pro

2135 1876 2308 1931 penso
2330 1877 2458 1933 erga
2488 1860 2767 1917 Meletium
2813 1861 2998 1915 animo
3024 1867 3206 1925 erant,
3249 1859 3443 1914 relicto
3493 1857 3699 1914 Ariano

2132 1968 2253 2007 rum
2281 1962 2447 2019 cestu,
2475 1952 2769 2023 separatim
2792 1961 3098 2008 conventus
3121 1960 3386 2023 egerunt:
3418 1966 3543 2006 cum
3569 1950 3606 2004 ii
3627 1951 3722 2020 qui

2132 2042 2201 2098 ab
2227 2043 2387 2099 initio
2441 2044 2929 2100 consubstantialis
2973 2043 3281 2099 doctrinam
3327 2042 3720 2113 probaverant,

2131 2136 2572 2191 communionem
2612 2136 2856 2208 ipsorum
2887 2136 3236 2207 refugissent,
3276 2150 3343 2190 eo
3372 2134 3519 2204 quod
3556 2134 3722 2190 Mele—

2131 2225 2243 2280 tius
2264 2225 2605 2280 Arianorum
2642 2220 2902 2298 suﬁ‘ragio
2928 2227 3215 2282 ordinatus
3248 2225 3463 2288 fuisset,
3512 2224 3722 2295 ipsique

2129 2318 2251 2388 ejus
2286 2327 2587 2373 sectatores
2625 2318 2959 2389 baptismum
2985 2318 3055 2373 ab
3087 2317 3282 2372 iisdem
3329 2316 3701 2386 suscepissent

2131 2407 2213 2462 Ad
2240 2408 2386 2463 hunc
2414 2410 2635 2464 modum
2663 2409 3051 2465 Antiochensis
3072 2422 3292 2478 quoque
3322 2406 3567 2463 Ecclesia
3583 2406 3720 2461 duas

2137 2499 2193 2554 in
2223 2508 2430 2569 partes,
2462 2500 2591 2555 licet
2618 2500 2675 2555 in
2709 2500 2962 2555 doctrina
2992 2498 3119 2553 ﬁdei
3163 2497 3597 2561 consentientes,
3633 2496 3720 2552 di-

2132 2591 2248 2644 visa
2273 2599 2375 2645 est.
2395 2590 2607 2645 interea
2628 2591 2944 2661 imperator,
2968 2605 3094 2645 cum
3123 2590 3228 2660 ipsi
3256 2588 3568 2644 nuntiatum
3591 2589 3719 2645 fuis-

2132 2691 2219 2737 set
2266 2682 2460 2737 Persas
2501 2682 2704 2737 iterum
2743 2681 3151 2752 expeditionem
3196 2696 3418 2736 movere
3459 2679 3721 2736 adversus

2136 2772 2431 2841 Romanos,
2459 2788 2693 2844 propere
2715 2772 3063 2830 Antiochiam
3088 2772 3353 2843 perrexit.

2757 2970 2906 3027 CAP.
2938 2969 3098 3027 XLV.

2615 3063 2690 3117 De
2726 3064 2915 3117 Itazresi
2934 3062 3249 3116 Macedonii.

2205 3156 2275 3212 At
2300 3155 2676 3218 Macedonius,
2705 3154 2798 3225 qui
2822 3151 3295 3222 Constantinopoli
3315 3151 3577 3222 expulsus
3604 3149 3711 3205 fue-

458 3245 591 3309 θεὶς,
625 3245 721 3299 καὶ
763 3244 838 3315 μὴ
871 3243 1053 3316 φέρων
1102 3244 1202 3315 τὴν
1252 3244 1571 3315 καταδίκην,
1617 3244 1909 3318 ἡσυχάζειν
1947 3248 2037 3300 οὑ·
2063 3279 2105 3338 C
2137 3256 2238 3314 rat,

1947 3248 2037 3300 οὑ·
2063 3279 2105 3338 C
2137 3256 2243 3314 rat,
2290 3247 2804 3303 condemnationem
2842 3246 3034 3316 iniquo
3081 3246 3266 3300 animo
3314 3244 3531 3309 ferens,
3566 3246 3718 3315 quie-

457 3335 645 3407 δαμῶς
681 3336 965 3407 ἠνείχετοο
995 3336 1133 3391 ἀλλὰ
1169 3336 1448 3390 ἀποκλίνει
1486 3336 1584 3407 μὲν
1622 3337 1759 3408 πρὸς
1785 3338 1912 3403 τοὺς
1942 3338 2036 3394 τοῦ
2072 3334 2104 3338 ᾗ
2142 3354 2237 3393 sce‘

1942 3338 2036 3394 τοῦ
2072 3334 2104 3338 ᾗ
2142 3354 2292 3393 scere
2316 3337 2736 3407 haudquaquam
2767 3336 3058 3401 sustinuit;
3085 3335 3181 3390 sed
3207 3334 3276 3390 ad
3298 3334 3527 3389 alterius
3548 3337 3718 3405 partis

459 3427 645 3498 ἑτέρου
682 3426 903 3498 μέρους,
949 3425 999 3479 οῖ
1047 3426 1105 3479 έν
1148 3428 1217 3497 τῇ
1270 3426 1563 3498 Σελευκείᾳ
1618 3427 1866 3482 καθεῖλον
1911 3428 2040 3492 τοὺς

458 3516 589 3587 περὶ
632 3517 909 3571 ’Δκάκιον.
939 3515 1368 3588 Διεπρεσϐεύετο
1396 3517 1456 3570 δὲ
1481 3518 1618 3590 πρός
1647 3534 1709 3572 τε
1734 3518 2029 3589 Σωφρόνιοι

459 3610 555 3663 καὶ
592 3608 884 3673 Ἐλεῡσιον,
915 3607 1239 3679 ἀντέχεσθαι
1265 3608 1366 3680 μὶν
1391 3610 1492 3680 τῆς
1537 3609 1801 3682 πρότερον
1824 3613 1885 3665 έν
1921 3611 2032 3664 Ἂν·

462 3702 671 3774 τιοχείᾳ
699 3701 1016 3772 έκτεθείσης
1048 3701 1307 3767 πίστεως,
1335 3701 1653 3773 μεταταῦτα
1672 3703 1729 3757 δὲ
1759 3704 1818 3757 έν
1845 3702 2006 3776 Σελευ

459 3794 587 3868 κείᾳ
643 3793 1074 3866 βεδαιωθείσης,
1125 3794 1221 3848 καὶ
1276 3795 1593 3867 παρασήμῳ
1650 3793 1879 3866 ὀνόματι
1923 3794 2012 3865 (97

2134 3430 2441 3499 episcopos,
2480 3428 2575 3497 qui
2604 3427 2747 3498 apud
2777 3428 3084 3483 Seleuciam
3110 3428 3371 3483 Acacium
3403 3443 3528 3483 cum
3558 3428 3719 3482 sociis

2136 3520 2536 3589 deposuerant,
2577 3525 2949 3588 transgressus
2980 3525 3087 3571 est.
3132 3516 3292 3571 Missa
3340 3517 3507 3587 igitur
3532 3516 3598 3570 ad
3621 3515 3717 3570 So-

2149 3610 2437 3666 thronium
2469 3618 2527 3664 et
2572 3609 2854 3665 Eleusium
2898 3608 3191 3678 legatione,
3241 3608 3494 3663 hortatus
3540 3616 3625 3662 est
3657 3616 3718 3661 ut

2134 3717 2259 3757 eam
2313 3699 2478 3756 ﬁdem
2535 3717 2658 3771 qua:
2702 3700 3008 3756 Antiochiae
3063 3700 3303 3771 primum
3348 3700 3595 3771 exposita
3651 3715 3717 3755 ac

2135 3792 2335 3851 deinde
2357 3793 2620 3849 Seleucia:
2651 3792 2972 3849 conﬁrmata
3011 3793 3221 3860 fuerat,
3266 3792 3548 3849 mordicus
3589 3793 3717 3848 reti-

1657 3972 1927 4029 VALESll
1963 3973 2511 4030 ANNOTATIONES.

554 4091 643 4162 96)
712 4087 843 4155 Τοῖς
891 4088 1209 4159 ἀκροαταῖς
1265 4088 1630 4162 προσήκειν.
1671 4086 2038 4162 Scribendum

461 4158 683 4243 videtur
713 4158 993 4243 παρεῖχεν,
1020 4160 1643 4243 νει-’προσῇγενκΡοι-ςο
1681 4173 1884 4243 nomen
1925 4158 2039 4243 Me-

462 4233 602 4296 letii,
641 4241 756 4286 tum
790 4229 912 4293 hic,
929 4240 1045 4285 tum
1080 4229 1233 4293 alibi,
1261 4229 1628 4285 diversimode
1648 4229 1915 4298 scriptum
1948 4242 2040 4281 rc-

462 4304 665 4372 perias.
707 4301 809 4355 Per
837 4321 853 4356 t
884 4310 1063 4372 tamen
1096 4301 1262 4355 scribi
1299 4300 1504 4372 malim.
1540 4299 1689 4353 llanc
1709 4300 1857 4372 enim
1898 4298 2039 4372 scri-

463 4367 679 4443 pluram
701 4372 992 4443 confirmat
1006 4371 1310 4443 Gregorius
1324 4371 1707 4443 Nazianzenus
1727 4369 1781 4443 in
1797 4367 2039 4443 carmine

465 4437 699 4498 iambico
743 4442 819 4497 De
868 4443 981 4497 vita
1011 4437 1144 4507 sua;
1162 4441 1257 4495 ubi
1300 4440 1456 4495 illum
1498 4439 1715 4510 μέλιτος
1754 4437 2038 4507 ἐπώνυμον

463 4525 638 4568 vocat.

2138 4102 2267 4143 care
2316 4085 2729 4157 adulterinum,
2775 4086 3097 4155 metaphora
3147 4094 3365 4157 sumpta
3421 4100 3453 4141 a
3498 4096 3715 4157 moneta

2136 4174 2259 4229 qua:
2304 4158 2495 4238 falsam
2547 4156 2715 4211 habet
2756 4163 2964 4210 notam.
3006 4157 3344 4237 Ὀμοιούσιον
3377 4167 3401 4195 ο
3447 4156 3715 4279 ετὲρῶεἰο

2136 4230 2285 4279 enim
2330 4227 2687 4279 scribendum
2738 4234 2823 4279 est
2868 4240 2937 4279 ex
2994 4227 3386 4279 manuscriptis
3433 4241 3500 4279 eo
3542 4241 3606 4279 ICI
3653 4242 3715 4279 us

2135 4226 2285 4283 enim
2330 4227 2687 4281 scribendum
2730 4234 2937 4296 estex
2994 4226 3386 4296 manuscriptis
3433 4226 3715 4280 codicibus

2138 4297 2458 4353 Florentino
2487 4304 2544 4351 et
2573 4294 2873 4360 Sfortiano)
2919 4294 3292 4350 adulterinum
3326 4311 3523 4350 nomen
3557 4308 3715 4349 vocat

2135 4367 2411 4432 Socrates,
2431 4381 2497 4422 eo
2518 4365 2663 4436 quod
2686 4376 3008 4434 corruptum
3033 4367 3102 4420 sit
3134 4375 3189 4420 et
3214 4366 3580 4420 adulteratum
3615 4382 3714 4435 pro

2141 4439 2448 4507 όμοοὺσιον,
2484 4437 2631 4507 quod
2660 4451 2804 4490 verae
2846 4451 2909 4489 ac
2937 4437 3181 4507 rsincerae
3210 4436 3336 4490 ﬁdei
3369 4450 3567 4489 nomen
3607 4446 3710 4489 est.

2141 4506 2314 4562 Porro
2334 4506 2591 4563 Acaciani
2625 4514 2731 4561 tam
2764 4506 3287 4576 ὁμοιούσιον,ηυοηι
3312 4507 3593 4576 όμοούσιον
3622 4520 3713 4557 re-

533 4585 646 4652 (97)
696 4582 1038 4653 Παρασήμῳ
1084 4581 1344 4653 ὀνόματι,
1382 4578 1539 4635 Hunc
1578 4578 1777 4653 locurr_t_
1805 4593 1916 4632 non
1952 4576 2041 4631 in-
2134 4578 2313 4648 jicieb:

1952 4576 2041 4631 in-
2134 4578 2410 4653 jiciebant
2429 4596 2442 4631 :
2465 4579 2688 4653 _5porov_
2711 4576 2979 4631 duntaxat
3014 4574 3357 4643 retinentes:
3386 4574 3711 4631 vocabulum

464 4654 789 4710 tellexcrunt
841 4656 1190 4722 interpretes.

1238 4650 1342 4717 Qui
1383 4660 1567 4705 tamen
1614 4665 1682 4702 ex
1732 4646 2042 4716 Harpocra—
2139 4646 2325 4707 autem
2356 4646 2541 4712 οὐσίας
2564 4646 2786 4718 penitus
2819 4656 3200 4715 aspernantes.

466 4723 630 4780 tionis
680 4724 882 4780 Lexico
919 4717 1132 4778 discere
1162 4730 1438 4789 poterant,
1469 4719 1799 4789 παράσημον
1834 4717 2043 4788 signiti-

919 4717 1132 4778 discere
1162 4730 1438 4789 poterant,
1469 4719 1799 4789 παράσημον
1834 4717 2043 4788 signiﬁ-
2566 4717 2581 4718 ί

1880 4871 2244 4931 VARIORUM
2254 4913 2265 4924 .

532 4997 559 5037 τι
586 4994 894 5050 Μελέτιον.
929 4991 1087 5046 Anno
1108 4990 1205 5046 56l
1235 4990 1482 5051 ineunte,
1514 4985 1784 5060 Meletius,
1813 4985 1898 5060 vir
1916 4985 2034 5055 pie-
2064 4988 2108 5043 ι)
2136 4984 2319 5060 potior
2373 4979 2961 5060 ArianorumkEuzoio
2992 4979 3273 5060 episcopo.
3319 4976 3569 5060 secunda
3603 4978 3713 5060 Me-

463 5076 594 5130 tate,
637 5063 1016 5126 sanctimonia,
1080 5060 1391 5115 eruditione
1450 5058 1698 5127 insignis,
1750 5055 1932 5130 studio
1979 5065 2035 5130 et

462 5127 630 5208 Opera
664 5134 1016 5208 Arianorum,
1054 5132 1147 5208 qui
1187 5146 1296 5184 non
1343 5136 1426 5182 sat
1453 5133 1735 5208 explorato
1755 5128 1880 5208 ejus
1914 5127 2035 5207 ani-

462 5196 572 5271 mo,
617 5206 759 5259 inter
805 5218 934 5257 suos
987 5196 1262 5255 hominem
1303 5198 1789 5271 connumerahant,
1826 5196 1880 5249 in
1915 5196 2036 5271 epi-

463 5269 684 5347 scopum
723 5274 1123 5347 Antiochcnum
1176 5271 1421 5324 delectus
1461 5278 1570 5347 est.
1597 5269 1827 5347 _V'erum,
1869 5276 1930 5320 ut
1979 5269 2031 5319 in

463 5338 613 5402 tanto
642 5360 870 5399 munere
905 5344 995 5396 vix
1038 5343 1211 5395 latere
1263 5348 1443 5409 potest
1482 5338 1612 5407 quid
1642 5339 1872 5406 quisque
1896 5352 2033 5409 sen-

462 5420 580 5479 tiat,
616 5431 737 5469 cum
768 5413 1111 5484 potissimum
1144 5412 1232 5464 ille
1264 5407 1365 5463 nec
1396 5410 1628 5484 obscure
1656 5410 1713 5484 το
1746 5407 2032 5484 όμοούσιον

461 5478 784 5556 praedicaret
851 5489 1351 5556 propugnaretque,
1404 5479 1631 5556 Ariani,
1681 5478 2022 5547 deprehensa

461 5549 579 5629 ejus
592 5580 599 5597 -ν
614 5549 885 5629 doctrina,
904 5549 1262 5629 deturbatum
1299 5566 1366 5629 ex
1388 5549 1743 5629 episcopatu.
1765 5557 2028 5629 curarunt

462 5618 519 5679 in
547 5626 799 5681 exsilium
831 5623 1091 5693 ablegari,
1125 5636 1248 5693 eum
1269 5620 1357 5673 vix
1380 5618 1602 5688 triginta
1632 5618 1863 5671 sedisset
1887 5618 2025 5681 dies,

462 5699 519 5751 in
554 5699 779 5766 ejusque
813 5692 992 5766 locum
1024 5692 1657 5766 Eu_zoiuni__cooptaru_nt,
1687 5704 2029 5766 nequaquam

462 5758 771 5835 suspectum
804 5765 930 5827 sibi,
956 5779 1056 5835 nec
1082 5762 1262 5815 dubia:
1285 5760 1408 5835 fidei
1440 5760 1737 5835 hominem,
1763 5758 1852 5835 sed
1872 5758 2031 5811 Aria-

461 5829 614 5900 num,
663 5835 985 5904 Arianasque
1044 5833 1315 5904 haereseos
1356 5829 1629 5904 vindicem
1673 5829 2029 5904 acerrimum.

462 5908 601 5961 llinc
638 5916 751 5960 tres
775 5906 829 5959 in
865 5900 1046 5962 partes
1068 5903 1325 5959 distracta
1354 5902 1567 5955 civitas.
1598 5900 1776 5954 Prima
1805 5915 2034 5954 numero

2158 5055 2463 5108 etianorum
2493 5052 2587 5120 qui
2622 5051 2677 5105 in
2726 5050 2899 5106 Palaea
2943 5044 3043 5104 seu
3073 5044 3246 5120 veteri
3280 5044 3422 5120 urbe
3452 5049 3711 5120 collectas

2135 5125 2388 5191 agebant,
2431 5138 2461 5176 a
2492 5118 2707 5176 lileletio
2736 5136 2922 5174 sanam
2952 5120 3145 5191 edocti,
3164 5118 3563 5191 fidem.‘Tertia
3595 5118 3708 5172 Eu-

2136 5188 2559 5255 stathianorum,
2597 5207 2627 5244 a
2668 5191 2724 5245 S.
2772 5190 3059 5244 Eustathio
3102 5190 3232 5243 olim
3288 5188 3564 5257 episcopo.
3604 5191 3704 5257 (Cl.

2137 5264 2392 5318 monachi
2424 5260 2761 5317 Benedictini
2792 5261 2887 5314 Vit.
2914 5260 3170 5314 Athanas.
3197 5259 3261 5313 ad
3286 5258 3576 5327 ann.56l).
3603 5259 3708 5313 Alii

2137 5343 2321 5388 autem
2364 5332 2643 5387 Meletium
2678 5331 2924 5385 formulae
2960 5331 3242 5384 Acacianae
3282 5330 3336 5382 in
3371 5330 3577 5398 synodo
3608 5328 3706 5381 Se-

2136 5403 2400 5459 leuciensi
2468 5400 2858 5471 subscripsisse
2926 5401 3221 5471 observant
3270 5417 3282 5452 :
3310 5399 3709 5471 Philostorgius

2133 5475 2297 5537 lib.v,
2323 5488 2443 5542 cap.
2473 5474 2524 5535 l,
2558 5474 2734 5541 ipsum
2756 5471 2815 5523 τὸ
2836 5470 3470 5542 é_1£pOOGtOV_Simulﬁ$§e,
3498 5470 3707 5542 etAri-

2129 5545 2362 5599 minensi
2388 5538 2633 5597 formulae
2655 5538 3042 5599 subscripsisse
3070 5540 3317 5593 aﬂirmat.
3333 5538 3504 5593 Aliter
3528 5538 3709 5592 Theo-

2130 5616 2291 5669 dorit.
2325 5613 2463 5668 ilist.
2491 5614 2588 5669 lib.
2625 5627 2683 5677 ιι,
2722 5626 2841 5681 cap.
2876 5609 2965 5675 51,
2996 5620 3052 5665 et
3085 5611 3355 5680 Epiphan.
3389 5609 3584 5663 haeres.
3617 5609 3704 5673 75,

2132 5703 2188 5740 ιι.
2220 5686 2308 5747 29,
2342 5692 2447 5739 etc.

2208 5769 2230 5795 ε
2262 5752 2631 5810 Eruditissimi
2665 5750 3005 5807 Benedictini
3035 5750 3091 5805 in
3137 5749 3398 5807 Athanas.
3430 5749 3505 5804 De
3541 5763 3707 5813 syno-

2135 5826 2241 5889 dis,
2273 5843 2391 5896 pag.
2434 5826 2557 5887 746,
2586 5825 2728 5896 hanc
2757 5838 2947 5875 vocem
2972 5822 3312 5896 όμοιοούσιον
3340 5821 3613 5885 scribunt,
3651 5828 3708 5873 et

2137 5899 2214 5954 sic
2242 5890 2367 5952 esse
2388 5895 2734 5952 scribendam
2757 5890 3121 5949 contendunt.
