4508 6588
823 503 926 566 δὺῖ)

2291 493 2623 553 SOCRA'l'lS

3966 490 4067 547 σου

822 634 1057 690 nerant,
1113 636 1343 692 eamque
1400 622 1711 676 adulterino
1752 619 2018 675 vocabulo
2068 615 2394 687 ὁμοιούσιον,
2427 630 2471 684 Α
2499 613 2602 681 ὁμο

2287 632 2394 679 ἰον,
2427 630 2471 684 Α
2499 608 2806 681 ὁμοιούσιον
2828 608 2927 678 τὴν
2951 609 3133 662 πίστιν
3163 607 3592 676 ἐπιφημισθῆναι
3623 606 3886 679 παρῄνεσε
3941 609 4067 661 Συν-

825 714 878 766 id
913 723 996 766 est
1035 713 1222 766 similis
1269 713 1575 765 substantia!
1628 709 2096 780 cognominarent.
2163 704 2398 759 Proinde

825 804 980 856 multi
1016 819 1083 858 ex
1113 802 1306 857 amicis
1352 810 1409 856 et
1465 800 1826 856 familiaribus
1857 797 1924 853 ad
1959 813 2087 852 eum
2126 795 2400 851 conﬂuxe-

825 905 973 958 runt,
1004 896 1096 964 qui
1124 911 1270 950 nunc
1301 910 1368 950 ex
1401 896 1522 965 ejus
1559 893 1779 948 nomine
1800 890 2172 946 Macedoniani
2195 904 2398 943 vocan-

827 990 930 1036 tur.
959 983 1064 1041 Sed
1098 992 1154 1042 et
1184 993 1451 1054 quotquot
1472 983 1526 1036 in
1564 981 1898 1037 Seleuciensi
1919 980 2150 1035 concilio
2175 979 2244 1032 ab
2264 979 2400 1033 Aca-

823 1070 908 1124 eio
936 1071 1330 1135 dissenserant,
1375 1071 1444 1124 ab
1473 1070 1579 1125 hoc
1604 1079 1849 1140 tempore
1887 1083 2077 1124 vocem
2097 1067 2398 1137 ὁμοιούσιον

826 1160 999 1227 palam
1041 1169 1414 1223 asseruerunt,
1437 1175 1562 1214 cum
1589 1160 1824 1215 antehac
1851 1171 1972 1214 eam
1998 1159 2220 1212 minime
2245 1157 2400 1212 evul-

824 1257 1030 1318 εει-ειη.
1079 1249 1314 1304 lnvaluit
1373 1258 1553 1305 tamen
1596 1250 1751 1320 162
1781 1249 1925 1319 apud
1962 1250 2254 1319 plerosque
2283 1249 2400 1304 hac

822 1339 1026 1408 opinio,
1058 1356 1165 1394 non
1188 1341 1552 1395 aMacedonio
1581 1328 1818 1410 primum
1855 1341 2002 1396 istud
2033 1342 2397 1411 excogitatum

825 1431 1010 1514 fuisse,
1053 1432 1148 1484 sed
1178 1447 1206 1486 a
1233 1432 1592 1497 Marathonio,
1629 1425 1792 1514 quem
1819 1432 1898 1485 illi
1924 1431 1992 1486 ad
2022 1432 2396 1501 episcopatum

822 1522 1253 1577 Nicomediensis
1297 1523 1554 1581 Ecclesia:
1595 1524 1761 1593 paulo
1811 1530 1938 1578 ante
1987 1529 2394 1592 promoverant.

821 1612 977 1667 Unde
1027 1622 1084 1667 et
1146 1614 1544 1669 Marathoniam
1592 1599 1850 1668 dicuntur
1906 1613 2072 1684 hujus
2130 1612 2399 1682 dogmatis

828 1713 1146 1759 sectatores.
1213 1704 1296 1758 Ad
1337 1690 1565 1759 istorum
1611 1701 1926 1759 societatem
1963 1718 2082 1758 sese
2116 1703 2281 1757 etiam
2303 1701 2401 1756 ad-

819 1794 999 1863 iunxit
1026 1795 1378 1860 Eustathius,
1423 1794 1671 1850 Sebastia
1706 1795 1971 1864 depulsus
2009 1794 2080 1848 ob
2118 1808 2240 1847 eam
2269 1808 2400 1847 cau-

823 1900 936 1939 sam
964 1901 1127 1954 quam
1160 1886 1324 1955 paulo
1351 1893 1479 1939 ante
1510 1884 1949 1940 commemoravi.
1982 1883 2088 1940 Sed
2108 1891 2396 1954 postquam

823 1976 1173 2033 Macedonius
1211 1978 1476 2048 Spiritum
1521 1987 1770 2033 sanctum
1810 1993 1842 2031 a
1888 1977 2086 2032 divina:
2112 1976 2397 2032 Trinitatis
2431 1957 2473 2012 Β

823 2069 1101 2123 consortio
1133 2070 1302 2139 cmpit
1345 2069 1670 2134 excludere,
1714 2054 1830 2135 tum
1865 2069 2188 2124 Eustathius
2220 2087 2232 2122 ε
2259 2069 2396 2140 Ego,

825 2158 1024 2227 inquit,
1066 2159 1332 2229 Spiritum
1379 2170 1628 2216 sanctum
1665 2177 1770 2216 nec
1813 2161 1985 2215 Deum
2025 2161 2312 2217 nominare
2343 2160 2401 2216 in

825 2247 1068 2300 animum
1119 2247 1341 2313 induco,
1391 2264 1494 2304 nec
1530 2257 1840 2304 creaturam
1885 2265 2082 2305 vocare
2131 2251 2396 2306 sustineo.

825 2336 1004 2406 Atque
1042 2337 1113 2392 ob
1161 2338 1304 2392 hanc
1340 2353 1560 2393 causam
1593 2340 1688 2409 qui
1717 2338 1879 2417 fidem
1900 2339 2403 2397 'consubstantialis
2453 2397 2459 2405 ,

829 2437 1071 2494 tuentur,
1096 2429 1588 2500 Πνευματομάχους
1617 2445 1713 2485 eos
1756 2431 2052 2501 appellant,
2077 2431 2133 2486 id
2161 2439 2246 2487 est
2284 2429 2404 2503 Spi-

832 2520 967 2572 ritus
989 2521 1157 2572 sancti
1207 2529 1614 2590 Oppugnatores.
1661 2520 1905 2586 Quanam
1949 2530 2132 2577 autem
2175 2521 2402 2580 ’ratione

829 2608 1034 2662 factum
1057 2608 1148 2673 sit,
1177 2617 1238 2664 ut
1262 2607 1319 2663 in
1359 2591 1712 2680 Hellesponto
1733 2610 2078 2681 potissimum
2100 2607 2404 2668 exuberent

829 2697 1222 2763 Macedoniam,
1249 2698 1427 2753 dicam
1459 2714 1561 2754 suo
1605 2699 1744 2754 loco.
1777 2699 2033 2754 Acaciani
2077 2715 2212 2755 vero
2251 2701 2404 2756 omni

830 2789 1011 2856 studio
1041 2789 1378 2855 laborarunt,
1413 2797 1477 2844 ut
1516 2791 1712 2845 iterum
1752 2791 2056 2846 Antiochiae
2102 2806 2402 2863 congrega-

831 2887 1043 2941 rentur,
1079 2893 1203 2931 cum
1234 2878 1382 2947 ipsos
1418 2878 1728 2947 pmniteret,
1769 2878 1915 2948 quod
1947 2877 2171 2932 omnino
2204 2878 2403 2933 Filium

831 2966 979 3022 Patri
1005 2969 1238 3024 similem
1262 2984 1382 3024 esse
1405 2968 1690 3024 dixissent.
1723 2969 1998 3041 Sequente
2036 2970 2202 3041 igitur
2225 2983 2400 3038 anno,

831 3056 1012 3113 Tauro
1041 3068 1097 3114 et
1115 3055 1406 3114 Florentio
1432 3061 1772 3126 consulibus,
1796 3061 2187 3117 convenientes
2208 3059 2404 3116 Antio-

830 3150 968 3204 chiae
990 3165 1110 3219 quze
1137 3157 1221 3205 est
1238 3152 1294 3206 in
1325 3150 1499 3220 Syria,
1520 3166 1644 3205 cum
1670 3151 1909 3207 Euzoius
1935 3151 1987 3207 ei
2014 3159 2272 3222 praeesset
2297 3151 2404 3208 Ec-

831 3240 1030 3306 clesite,
1063 3250 1119 3296 et
1161 3243 1460 3312 imperator
1494 3243 1698 3298 ibidem
1737 3253 2064 3309 moraretur,
2097 3244 2257 3314 pauci
2278 3245 2404 3314 qui-

2499 700 2692 770 ἐρρεον
2733 693 2825 751 οὖν
2861 698 2994 768 πρὸς
3021 697 3183 750 αὐτὸν
3218 696 3400 749 πολλοὶ
3439 697 3548 749 τῶν
3573 697 3860 768 γνωρίμων
3892 698 4068 768 αὐτῷ,

2497 788 2548 842 οῖ
2599 787 2692 840 νῦν
2725 786 3114 840 Μακεδονιανοὶ
3157 785 3584 857 χρηματίζουσιν
3625 786 3686 850 ἐξ
3712 786 3908 840 αὐτοῦ’
3954 788 4069 840 ὅσοι

2496 895 2557 930 τε
2590 877 2646 930 ὲν
2670 879 2734 948 τῇ
2772 877 2912 930 κατὰ
2937 875 3254 928 Σελεύκειαν
3284 877 3484 946 συνόδῳ
3510 879 3622 939 τοῖς
3649 877 3776 946 περὶ
3815 877 4068 930 Ἀκάκιον

2497 968 2870 1040 διεκρίθησαν,
2899 967 3147 1038 φανερῶς
3183 968 3244 1020 τὸ
3280 966 3583 1038 ὁμοιούσιον
3618 967 3976 1036 ὲδογμὰτισαν
4007 969 4069 1020 τὸ

2497 1060 2784 1131 πρότερον,
2829 1058 2932 1129 ήδη
2998 1058 3108 1128 (98)
3165 1057 3264 1127 μὲν
3311 1058 3413 1111 οὐκ
3474 1058 3860 1128 ὲκτρανοῦντες
3914 1059 4066 1113 αὐτο.

2496 1153 2658 1222 Φήμη
2686 1150 2745 1203 δέ
2767 1166 2851 1212 τις
2879 1148 3032 1219 παρὰ
3077 1150 3190 1210 τοῖς
3221 1146 3436 1210 πολλοῖς
3472 1147 3712 1218 ἐκράτει,
3753 1147 3828 1210 ὡς
3853 1147 3953 1200 οὐκ
3983 1147 4068 1218 εἴη

2496 1241 2832 1297 Μακεδονίου
2872 1239 3030 1293 τοῦτο
3071 1238 3315 1310 εῦρεμα’
3356 1240 3720 1311 Μαραθωνίου
3751 1241 3806 1294 δὲ
3848 1241 4069 1312 μᾶλλον⁹

2496 1333 2556 1387 δν
2600 1332 2793 1404 μικρὸν
2821 1330 3128 1402 ἔμπροσθεν
3153 1331 3251 1400 τῆς
3278 1331 3646 1403 Νικομηδείας
3679 1333 4071 1404 πεποιήκεισαν

2497 1425 2795 1477 ἐπίσκοπον
2813 1439 2826 1452 ·
2858 1422 2938 1475 διὸ
2963 1423 3055 1476 καῖ¹
3081 1421 3545 1493 Μαραθωνιανοῦς
3570 1423 3823 1478 καλοῦσιν
3849 1425 4069 1488 αὐτούς.

2496 1516 2720 1579 Τούτοις
2752 1516 2817 1587 δὴ
2849 1514 3183 1586 προσφεύγει
3209 1514 3304 1568 καὶ
3333 1515 3651 1579 Εὑστάθιος,
3693 1516 3721 1567 ὁ
3751 1515 3850 1584 τῆς
3903 1514 4072 1568 Σεϐα-

2500 1608 2684 1671 στείας
2713 1606 3020 1691 ἐκϐληθεὶς,
3051 1605 3139 1659 διὰ
3180 1593 3451 1675 πρόφασιν
3484 1607 3551 1677 ἣν
3581 1605 3763 1678 μικρῷ
3801 1607 4070 1678 πρότερον

2498 1699 2718 1770 εἴρηκα.
2755 1698 2843 1762 Ὧς
2858 1698 2914 1751 δὲ
2942 1700 2970 1751 ὁ
2993 1697 3318 1760 Μακεδόνιος
3343 1697 3403 1750 τὸ
3423 1698 3574 1766 ἅγιον
3599 1698 3820 1768 Πνεῦμα
3842 1713 4072 1751 συνανα-

2497 1791 2681 1844 λαδεῖν
2708 1790 2786 1854 είς
2805 1790 2904 1860 τὴν
2931 1789 3206 1858 θεολογίαν
3227 1791 3328 1861 τῆς
3357 1789 3586 1862 Τριὰδος
3611 1776 3850 1856 ἐξέκλινε
3868 1787 3916 1855 ί,
3948 1793 4069 1844 τότε

2497 1880 2562 1950 δὴ
2586 1881 2679 1934 καὶ
2711 1879 3007 1945 Εὐστάθιος
3027 1895 3042 1912 ο
3086 1880 3248 1950 Ἐγὼ,
3291 1881 3418 1952 ἔφη,
3451 1880 3575 1936 οὕτε
3612 1882 3744 1937 Θεὸν
3784 1882 4072 1955 ὀνομάζειν

2499 1971 2561 2024 τὸ
2593 1971 2818 2042 Πνεῦμα
2857 1971 2918 2025 τό
2959 1972 3112 2041 ἂγιον
3159 1971 3440 2045 αἱροῦμαι,
3467 1971 3590 2027 οὔτε
3639 1974 3845 2045 κτίσμα
3885 1975 4072 2029 καλεῖν

2499 2063 2854 2134 τολμήσαιμι.
2886 2065 2985 2117 Διὰ
3018 2064 3221 2136 ταύτην
3248 2065 3305 2119 δὲ
3333 2066 3431 2137 τὴν
3469 2064 3670 2131 αίτίαν,
3706 2065 3801 2119 καὶ
3821 2067 4072 2136 Πνευμα-

2497 2151 2772 2223 τομάχους
2807 2152 3172 2208 ἀποκαλοῦσιν
3211 2153 3411 2217 αὐτοὺς
3438 2154 3487 2208 oi
3523 2154 3584 2207 τὸ
3608 2151 3889 2224 ὁμοούσιον
3937 2170 4074 2223 φρο-

2501 2240 2740 2304 νοῦντες.
2777 2242 2964 2304 Ὅπως
2995 2241 3093 2313 μὶν
3128 2237 3222 2295 οῦν
3250 2243 3299 2295 οί
3331 2241 3460 2314 περὶ
3505 2242 3836 2296 Μακεδόνων
3865 2244 3947 2307 είς
3980 2243 4073 2296 τὸν

2512 2331 2900 2404 Ἑλλήσποντον
2927 2332 3038 2405 (99)
3067 2332 3440 2399 πλεονάζουσι,
3469 2333 3612 2388 κατὰ
3632 2332 3816 2405 χώραν
3843 2335 3971 2406 ἐρῶ.
4008 2335 4073 2388 Ui

2500 2420 2558 2476 δὲ
2600 2423 2731 2494 περὶ
2779 2423 3053 2488 ’Λκὰκιον,
3090 2422 3322 2494 σπουδὴν
3355 2423 3680 2493 πεποίηνται
3710 2419 3866 2488 αὖθις
3910 2425 3968 2476 ὲν
4004 2426 4071 2495 τῇ

2504 2513 2817 2586 Ἃντιοχείᾳ
2864 2513 3156 2579 συνελθεῖν,
3195 2514 3552 2585 μεταγνόντες
3582 2515 3665 2568 ὅτι
3709 2515 3845 2578 ὅλως
3891 2514 4074 2584 ὅμοιον

2503 2605 2758 2678 εἰρήκασι
2786 2605 2880 2660 τὸν
2916 2606 3048 2661 Υίδν
3083 2607 3162 2678 τῷ
3189 2603 3378 2678 Πατρί.
3421 2608 3499 2679 Τῇ
3526 2602 3617 2661 οῦν
3652 2607 3777 2678 ἑξῆς
3819 2608 4072 2680 ὑπατείᾳ,

2504 2697 2626 2768 ήτις
2659 2697 2777 2752 ἐστὶ
2822 2696 3037 2769 Ταύρου
3090 2698 3184 2752 καὶ
3214 2683 3568 2769 Φλωρεντίου,
3605 2699 3886 2769 γενόμενοι
3933 2700 4074 2753 κατὰ

2501 2787 2603 2860 τὴν
2655 2788 2857 2860 Συρίας
2917 2789 3266 2861 Ἀντιόχειαν.
3303 2790 3553 2854 ,Εὺζωῖου
3600 2789 3929 2860 κρατοῦντος
3974 2787 4075 2860 τῆς

2503 2878 2622 2931 ἐκεῖ
2657 2878 3008 2948 Ἐκκλησίας,
3037 2881 3131 2933 καὶ
3161 2878 3254 2933 τοῦ
3283 2877 3543 2950 βασιλέως
3591 2880 3650 2932 ὲν
3692 2879 3829 2951 αὐτῇ
3874 2879 4076 2952 διατρί-

2504 2969 2710 3035 ϐοντος,
2755 2968 2923 3038 ὀλίγοι
2970 2970 3115 3035 τινὲς
3147 2969 3429 3024 ἀνεκίνουν
3466 2965 3622 3034 αὖθις
3666 2970 3735 3023 τὰ
3778 2969 4075 3042 δεδογμένα

2503 3061 2707 3126 αὐτοῖς,
2738 3061 3038 3130 φάσκοντες
3062 3062 3171 3115 δεῖν
3201 3062 3614 3133 περιαιρεθῆναι
3642 3061 3740 3130 τὴν
3773 3059 3868 3114 τοῦ
3889 3060 4072 3132 ὁμοίου

2503 3153 2649 3220 λέξιν
2672 3155 2737 3206 ὲκ
2767 3154 2869 3224 τῆς
2897 3153 3204 3222 ἐκδοθείσης
3222 3137 3458 3215 πίστεως
3474 3153 3532 3204 ὲν
3553 3153 3620 3223 τῇ
3657 3152 3955 3223 Ἀριμήνῳ,
3981 3156 4076 3206 καὶ

2504 3245 2564 3298 ὲν
2601 3243 3009 3298 Κωνσταντίνου
3040 3244 3211 3296 πόλει.
3240 3243 3436 3297 Οὐκέτι
3456 3243 3908 3313 ὲπικρύπτοντες,
3938 3242 4075 3297 ἀλλὰ

833 3333 955 3386 dem
985 3349 1049 3387 ea
1080 3349 1200 3403 quas
1225 3334 1380 3404 prius
1419 3336 1487 3389 ab
1522 3334 1655 3404 ipsis
1677 3335 1897 3391 decreta
1935 3335 2176 3402 fuerant,
2208 3353 2401 3393 rursus
2426 3319 2471 3378 ο
2501 3335 2613 3390 ἁναι

2292 3353 2401 3393 rsus
2426 3319 2471 3378 ο
2501 3335 2802 3402 ἀναφανδὸν
2830 3335 3098 3402 λέγοντες,
3124 3334 3206 3387 ὅτι
3233 3334 3374 3387 κατὰ
3401 3333 3581 3388 πάντα
3608 3333 3859 3403 ἀνόμοιος
3887 3335 3917 3387 ό
3946 3333 4072 3396 Υίὸς

833 3425 886 3477 in
921 3426 1276 3494 quaestionem
1308 3437 1593 3492 vocarunt,
1628 3442 1815 3482 vocem
1862 3423 2069 3482 similis
2105 3428 2399 3482 tollendam

831 3515 1235 3571 essedicentes
1255 3533 1321 3571 ex
1365 3517 1470 3572 fide
1509 3528 1629 3587 quae
1654 3526 1770 3574 tum
1818 3519 2067 3583 Arimini,
2119 3526 2232 3574 tum
2267 3519 2411 3589 apud

832 3605 1360 3676 Constantinopolim
1406 3608 1586 3663 fuerat
1623 3611 1986 3680 promulgata.
2028 3609 2141 3664 Nec
2177 3593 2412 3679 amplius

831 3697 1287 3763 dissimulantes,
1349 3703 1528 3770 palam
1602 3699 1942 3754 allirmarunt
2003 3691 2201 3754 Filium
2264 3701 2410 3755 Patri

833 3802 1065 3854 prorsus
1092 3787 1412 3844 dissimilem
1433 3804 1575 3854 esse,
1602 3803 1713 3844 non
1748 3788 2055 3842 substantia
2086 3789 2284 3852 solum,
2314 3803 2412 3842 ve-

835 3886 956 3927 rum
995 3875 1161 3929 etiam
1184 3877 1505 3932 voluntate:
1543 3892 1779 3944 eumque
1801 3891 1869 3931 ex
1903 3893 2012 3931 non
2047 3876 2409 3942 exstantibus,

2502 3425 2583 3496 τῷ
2603 3425 2801 3497 Πατρὶ,
2819 3425 2880 3477 οὐ
2905 3424 3065 3494 μόνον
3085 3423 3225 3477 κατὰ
3251 3423 3348 3493 τὴν
3365 3421 3570 3487 οὐσίαν,
3592 3421 3725 3476 ἀλλὰ
3743 3422 3808 3492 δὴ
3825 3421 4072 3476 καὶκατὰ

2509 3515 2782 3586 βούλησινο
2800 3513 2860 3579 ἐξ
2879 3515 2976 3568 οὐκ
2991 3514 3156 3567 ὄντων
3182 3531 3240 3566 τε
3268 3514 3450 3576 αὑτὸν,
3470 3515 3544 3577 ὡς
3563 3515 3777 3584 ’Δρειος
3788 3514 3960 3583 ἔλεγε,
3979 3514 4073 3568 καὶ

2507 3605 2658 3658 αὐτοὶ
2674 3605 2925 3672 γενέσθαι
2945 3606 3310 3676 ἀπεφήναντο.
3330 3605 3803 3674 Συνελαμόάνοντο
3822 3605 3880 3659 δὲ
3897 3605 4071 3675 ταύτῃ

2506 3698 2574 3765 τῇ
2593 3694 2740 3768 δόξῃ,
2769 3695 2819 3747 οἱ
2843 3697 2899 3748 ὲν
2935 3694 3235 3766 Ἀντιοχείᾳ
3255 3695 3374 3747 τότε
3397 3695 3466 3748 τὰ
3492 3696 3698 3749 Ἀετίου
3729 3695 4068 3765 φρονοῦντεςο

2507 3785 2695 3855 διόπερ
2742 3783 2883 3857 μετὰ
2908 3786 3002 3838 τοῦ
3033 3785 3177 3856 ἔχειν
3207 3785 3304 3856 τήν
3349 3785 3627 3856 Ἀρειανὴν
3659 3785 4069 3856 προσωνυμίαν,

2509 3876 2590 3930 ἔτι
2633 3877 2728 3929 καὶ
2783 3877 3025 3948 ἀνόμοιοι
3080 3878 3173 3931 καὶ
3221 3877 3548 3942 ὲξουκόντιοι
3593 3877 3673 3949 (1)
3723 3877 4074 3950 ὲκλήθησανε
4171 3913 4174 3915 λ

2022 4048 2292 4108 VALESII
2325 4033 2872 4110 ANNOTATIONES.

909 4209 1020 4280 (98)
1060 4209 1129 4262 Τὸ
1174 4210 1463 4280 πρότερον
1495 4211 1633 4277 ἤδη.
1663 4211 1764 4265 llic
1792 4210 1946 4264 locus
1987 4225 2157 4279 prava
2197 4211 2398 4267 verbo-

835 4279 956 4332 rum
985 4279 1412 4349 trranspositione
1439 4288 1734 4348 corruptus
1761 4290 1865 4342 est,
1897 4295 2060 4349 quem
2089 4289 2268 4334 tamen
2295 4281 2400 4335 levi

833 4348 1054 4416 negotio
1081 4348 1155 4401 ita
1177 4349 1394 4418 corrigo
1419 4365 1431 4400 :
1462 4349 1709 4418 φανερῶς
1741 4349 1802 4401 τὸ
1844 4348 2152 4416 ὁμοιοῦσιον
2171 4349 2404 4418 ἐδογμά-

832 4433 990 4470 τισαν
1041 4418 1175 4486 ήδη,
1242 4416 1632 4487 ἰδ’πρότερον
1704 4417 1802 4487 μὲν
1851 4418 1962 4487 οὐκ
2008 4417 2400 4487 ὲκτρανοῦντες

836 4487 984 4540 αὑτό.
1031 4485 1222 4540 Posset
1256 4485 1440 4549 etiam,
1473 4485 1549 4539 et
1574 4485 1804 4540 fortasse
1837 4486 2059 4549 rectius,
2097 4485 2170 4540 ita
2207 4487 2395 4551 scribi,

837 4554 934 4624 ήδη
991 4556 1085 4624 μὲν
1137 4555 1384 4624 φανερῶς
1435 4555 1495 4607 τὸ
1531 4553 1836 4624 ὁμοιούσιον
1896 4555 2278 4624 ὲδογμάτισαν,
2336 4557 2398 4608 τὸ

836 4623 1100 4693 πρότερον
1151 4623 1291 4693 οὑκ,ξ
1312 4633 1418 4677 etc.
1458 4623 1573 4678 Nec
1612 4623 1805 4677 dubito
1842 4624 1974 4692 quin

835 4691 1135 4774 scripserit.
1161 4693 1229 4774 Et
1256 4691 1793 4774 Christophorspnus
1822 4691 2043 4774 quidem
2083 4709 2145 4747 ac
2185 4694 2400 4774 Musca-

836 4764 920 4814 lus
941 4761 1180 4816 sensum'
1206 4761 1367 4831 hujus
1395 4761 1498 4815 loci
1531 4763 1755 4816 minime
1807 4762 2039 4831 assecuti
2074 4772 2220 4817 sunt.
2266 4763 2396 4831 Epi-

836 4832 1068 4899 phanius
1095 4823 1668 4886 autem'Scholasticus
1703 4841 1850 4886 recte
1868 4823 1947 4886 ita
1969 4842 2242 4886 verterat:
2272 4823 2399 4896 Q'ui-

835 4917 1036 4970 cunque
1059 4903 1196 4953 enim
1217 4902 1272 4953 in
1309 4899 1587 4954 Seleuceno
1615 4901 1831 4955 concilio
1869 4902 2118 4956 Acacium
2159 4901 2396 4955 declina-

835 4977 1038 5034 verunt,
1058 4977 1236 5039 aperte
1254 4970 1487 5038 verbum,
1510 4971 1698 5025 similis
1714 4971 2038 5036 substantia,
2057 4974 2361 5026 sancierunt
2377 4987 2396 5025 :

2499 4229 2616 4284 guns
2641 4214 2788 4284 prius
2839 4213 2934 4284 hoc
2977 4228 3081 4284 non
3128 4215 3405 4283 manifesto
3455 4215 3653 4284 ,νειάὶάο
3694 4215 4070 4269 declarassem.

2501 4229 2616 4265 cum
2641 4229 2788 4335 prius
2839 4229 2934 4265 nos
2977 4229 3081 4266 non
3128 4229 3405 4283 manqesto
3455 4229 3653 4284 μιαιαο
3694 4229 4070 4269 declarassem.

2501 4281 2639 4354 Epip
2681 4283 2840 4354 anius
2861 4283 3027 4354 igitur
3049 4281 3457 4354 ianuorcodice
3490 4286 3755 4354 scriptum
3788 4285 4074 4341 invenerat

2499 4352 2614 4422 ὅσοι
2633 4353 2761 4422 γάρ,
2785 4350 2932 4421 quod
2959 4367 3066 4422 non
3092 4350 3363 4420 displicet.

2572 4421 2681 4487 (99)
2712 4421 2814 4485 Είς
2863 4421 2968 4474 τὸν
3023 4421 3497 4486 Ἑλλήσποντον.
3539 4424 3597 4478 In
3644 4423 3832 4479 codice
3871 4422 4070 4476 Leonis

2498 4488 2698 4562 Allatii
2724 4491 2987 4562 scriptum
3012 4497 3191 4562 estne
3203 4493 3253 4562 p‘t
3273 4493 3361 4544 τὸν
3407 4493 3808 4562 Ἑλλήσποντον.

2571 4560 2646 4629 (l)
2689 4561 2979 4636 Ἀνόσιιοιοι
3022 4560 3121 4636 καί
3163 4560 3559 4636 έξουκέντιοιζ
3589 4563 3782 4636 Hausit
3811 4564 3929 4636 lucc
3969 4565 4066 4620 So-

2095 4634 2274 4703 crates
2322 4625 2397 4679 ita
2432 4648 2475 4703 ι)
2502 4625 2684 4703 crates
2707 4644 2794 4703 _ex
2821 4625 3434 4703 Athanasiiulibroulle
3472 4625 3960 4703 synodisArimini
4013 4644 4070 4690 et

2507 4697 2788 4773 Seleuciae.
2818 4696 2909 4773 S_ic
2935 4701 3088 4773 e_nim_
3111 4697 3186 4754 ibi
3226 4699 3422 4773 scribit
3462 4696 3789 4773 Athanasius
3818 4719 3936 4773 pag.
3967 4704 4071 4759 906

2505 4776 2567 4843 et
2593 4767 2735 4843 907_:
2760 4767 2860 4843 ᾼιὰ
2891 4769 3021 4843 γοῦν
3041 4769 3139 4838 τὴν
3165 4768 3673 4843 πολλὴνῌὼαίδειαν
3704 4773 3799 4840 τῆς
3819 4767 4071 4843 ’βλασφη-

2508 4839 2637 4912 μίας
2657 4835 2856 4912 αὐτων,
2887 4835 3302 4912 ἀνόμοιοιᾴπαρὰ
3321 4835 3483 4912 πᾶσιν
3506 4835 3842 4912 ἐκλήθησαν,
3855 4835 4069 4912 ἔχοντές

2505 4906 2600 4959 καὶ
2622 4906 2718 4978 τὴν
2752 4906 3102 4973 ὲξουκοντίων
3129 4906 3461 4978 ἐπωνυμίαν,
3479 4918 3588 4964 etc.

2235 5123 2612 5180 VARIORUM.

915 5253 932 5291 ί
975 5252 1036 5307 '0
1077 5251 1441 5317 Μακεδόνιος
1478 5251 1546 5307 τὸ
1575 5252 1744 5322 ἅγιον
1776 5253 2016 5322 Πνεῦμα
2051 5257 2399 5308 συναναλα-

840 5323 964 5374 ϐεῖν
1006 5324 1240 5392 ειςντὴν
1290 5324 1607 5392 θεολογίαν
1649 5322 1767 5392 τῆς
1821 5322 2063 5392 Τριάδος
2102 5322 2394 5392 ἐξέκλινε.

840 5388 1194 5445 Macedonius
1208 5391 1448 5460 primuss
1469 5388 1554 5446 vel
1586 5388 1778 5446 saltem
1814 5391 2120 5461 pmcipuus
2149 5388 2262 5446 fuit
2283 5392 2395 5447 hae-

841 5476 1044 5523 reseos,
1079 5476 1197 5528 qua:
1225 5461 1487 5530 Spiritum
1519 5469 1766 5515 sanctum
1794 5470 2036 5515 creatum
2057 5461 2272 5524 asserit,
2293 5464 2413 5514 au-'

841 5541 958 5584 ctor
983 5539 1039 5582 et
1076 5531 1404 5596 seminator;
1440 5531 1585 5585 etab
1612 5545 1678 5584 eo
1710 5531 1977 5584 haereseos
2009 5530 2167 5584 istius
2190 5546 2393 5598 propu-

842 5609 1114 5664 gnatores,
1143 5599 1520 5669 Macedoniani
1551 5609 1737 5669 postea
1757 5598 1889 5669 dicti
1919 5600 2393 5669 sunt,ipr:esertim

843 5670 898 5719 ὃ.
929 5668 1215 5734 Augustini
1256 5679 1311 5723 et
1351 5667 1593 5724 Socratis
1635 5668 1992 5738 temporibus.
2028 5667 2393 5722 Macedoniani

842 5747 962 5788 sunt
991 5749 1021 5790 ο
1057 5738 1359 5791 Macedonio
1395 5737 1960 5793 CPolitanw-Ecrirsiae
1985 5739 2242 5808 episcOpo,
2264 5755 2391 5808 quos

843 5812 892 5856 et
941 5807 1426 5877 Πνευματομάχους
1463 5809 1627 5863 Graeci
1659 5818 1863 5869 vocant,
1907 5823 1964 5860 eo
1998 5806 2228 5877 οιιοέίξᾱε
2274 5806 2392 5875 8ρὶ-

845 5881 948 5928 ritu
991 5875 1172 5931 sancta
1216 5875 1435 5952 litigat.
1489 5879 1626 5932 Nunt
1682 5878 1741 5930 de
1782 5877 1942 5931 Patre
1978 5875 2025 5932 et
2077 5875 2205 5931 Filio
2257 5887 2391 5929 recte

2501 5258 2755 5319 sentiunt,
2785 5253 2922 5325 quod
2952 5250 3104 5325 unius
3133 5254 3238 5309 sint
3275 5255 3610 5324 ejusdemque
3635 5256 3960 5319 substantias,
3984 5259 4065 5313 uel

2503 5327 2771 5388 essentia,
2799 5323 2899 5378 sed
2937 5325 2999 5376 de
3032 5323 3234 5394 Spiritu
3269 5323 3452 5378 sancto
3485 5323 3580 5378 hoc
3615 5325 3799 5378 nolunt
3836 5328 4063 5394 credere,

2504 5405 2806 5475 creaturam
2851 5409 2970 5475 curn
3027 5409 3136 5447 esse
3165 5394 3436 5475 ,ἀέρθη-ια.
3486 5394 3592 5448 Hos
3627 5396 3851 5475 quidam
3893 5395 4064 5475 Semi-

2503 5465 2727 5534 arianos
2770 5470 2978 5527 vocant,
3038 5464 3177 5532 quod
3217 5465 3274 5517 in
3326 5467 3423 5517 hac
3473 5464 3756 5534 quiestione
3807 5480 3872 5518 ea:
3916 5474 4066 5534 parte

2499 5550 2618 5586 cum
2665 5533 2774 5586 illis
2803 5535 2930 5595 sint,
2958 5548 3022 5585 ea:
3053 5542 3204 5602 parte
3239 5534 3522 5586 nobiscum.
3562 5533 3699 5602 Aug.
3731 5533 3924 5588 heres.
3973 5536 4061 5589 52.

2498 5601 2841 5681 Epiphanius
2873 5601 3059 5656 autem
3087 5603 3574 5681 Πνευμαεομάχους
3611 5601 3867 5681 distincte
3906 5603 4066 5681 a_S_e-

2498 5669 2813 5795 mi-ariginis
2888 5679 3182 5738 recenset,
3232 5669 3569 5741 'refu‘tatque
3596 5710 3612 5737 ,
3695 5672 3891 5727 haeres.
3954 5674 4061 5737 73,

2498 5752 2642 5794 sect.-
2747 5780 2759 5794 .

2497 5752 2642 5794 εδει·
2671 5752 2759 5794 25.

2573 5812 2597 5848 ⁸
2636 5811 3038 5883 ξεερυκόντιοι
3087 5811 3460 5878 ἐκλήθησαν.
3492 5813 3696 5882 Nempe
3716 5811 3842 5883 quia
3867 5812 4063 5883 Filium

2496 5879 2554 5942 ἐξ
2597 5881 2695 5934 οὐκ
2739 5880 2909 5935 ὄντων
2957 5890 3272 5949 generatum
3325 5897 3420 5938 seu
3464 5879 3705 5938 creatum
3734 5879 3879 5939 'esse
3913 5879 4062 5934 dicc-
