4508 6588
806 504 909 558 563
2311 480 2647 536 SOCRATIS

3945 475 4053 529 366

812 623 886 673 ris
926 614 1230 671 dicebatur.
1275 611 1345 665 Et
1372 616 1526 680 pater
1550 603 1772 677 quidem
1809 598 2113 673 presbyteri
2148 598 2378 667 gradum
2415 603 2453 657 Α
2498 596 2592 651 ‘Aa

2274 598 2378 651 lum
2415 603 2453 657 Α
2498 595 2888 666 ’Λπο).ινάριος.
2940 588 3038 648 Ὧν
3069 594 3097 648 ό
3140 590 3241 664 μὲν
3280 590 3477 663 πατὴρ.
3523 589 3617 644 τοῦ
3660 588 4054 661 πρεσϐυτερίου

812 711 866 762 in
897 707 1135 763 Ecclesia
1159 701 1441 756 obtinebat
1461 739 1474 760 ,
1499 698 1645 752 [ilius
1667 711 1796 749 vero
1814 691 2036 748 lectoris
2052 688 2383 758 fungebatur

811 799 1007 853 ollicio.
1071 795 1246 850 Ambo
1286 791 1596 846 Graecarum
1661 781 2073 852 disciplinarum
2117 774 2382 847 magistri.

813 892 969 945 Pater
993 883 1399 958 grammaticam
1430 878 1694 941 docebat;
1728 873 1874 928 (llius
1902 869 2251 926 rhetoricam.
2282 867 2385 921 Pa-

814 992 896 1036 ter
923 978 1191 1040 oriundus
1241 974 1345 1043 fuit
1390 966 1737 1031 Alexandria,
1765 979 2001 1035 cumque
2041 960 2224 1033 Beryti
2272 960 2388 1030 pri-

813 1088 964 1127 mum
1001 1067 1306 1129 docuisset,
1340 1071 1528 1134 postea
1560 1058 1884 1113 Laodiceam
1925 1055 2272 1124 migraverat,
2303 1061 2387 1103 at-

814 1179 921 1234 que
939 1162 1036 1225 ibi,
1066 1159 1229 1214 ducta
1258 1169 1450 1218 uxore,
1480 1152 1653 1207 lilium
1683 1165 1751 1205 ex
1765 1164 1829 1204 ea
1851 1141 2390 1216 susceperatApolli-

815 1268 1024 1310 narem.
1060 1248 1317 1305 Florebat
1339 1243 1533 1301 eodem
1558 1252 1800 1312 tempore
1835 1255 1944 1294 una
1969 1253 2094 1293 cum
2120 1238 2230 1291 illis
2257 1235 2387 1305 Epi-

814 1347 1048 1419 phanius
1074 1339 1335 1411 sophista.
1374 1336 1474 1392 Cui
1497 1350 1619 1390 cum
1656 1339 1839 1388 essent
1865 1331 2172 1386 arctissimo
2196 1328 2388 1382 amici-

818 1441 905 1492 tiae
933 1434 1151 1491 vinculo
1197 1428 1496 1501 conjuncti,
1525 1426 1673 1480 omni
1711 1424 1895 1479 studio
1944 1437 2071 1477 cum
2113 1420 2386 1475 fovebant.

816 1526 1133 1585 Theodotus
1176 1536 1309 1577 vero
1349 1519 1690 1573 Laodicenus
1729 1516 2038 1586 episcopus,
2068 1511 2281 1566 veritus
2321 1526 2392 1565 ne

816 1619 1035 1675 assidua
1068 1613 1308 1670 hominis
1353 1606 1753 1665 consuetudine
1796 1601 2057 1674 paulatim
2104 1599 2170 1654 ad
2218 1599 2393 1670 genti-

818 1710 953 1762 lium
1007 1700 1452 1773 superstitionem
1506 1697 1924 1757 delaberentur,
1970 1690 2146 1746 vetuit
2197 1704 2268 1743 ne
2323 1688 2390 1743 ad

819 1799 970 1852 illum
1001 1799 1303 1849 ventarent.
1337 1790 1406 1845 At
1436 1788 1510 1843 illi
1537 1786 1688 1858 parvi
1716 1784 2018 1855 pendentes
2050 1782 2389 1851 episcopum,

818 1889 1111 1946 amicitiam
1163 1882 1451 1955 Epiphauii
1503 1886 1816 1936 constanter
1858 1864 2222 1931 retinuerunt.
2263 1874 2391 1928 Post

819 1984 935 2036 haec
975 1978 1242 2048 Georgius
1292 1988 1580 2031 successor
1629 1969 1920 2033 Theodoti,
1976 1966 2045 2022 ab
2095 1965 2387 2036 Epiphanii

818 2070 1215 2129 consuetudine
1266 2082 1362 2122 eos
1420 2064 1655 2120 avellere
1710 2068 1967 2125 conatus,
2001 2072 2125 2112 cum
2186 2056 2240 2111 id
2282 2056 2391 2111 illis

818 2162 1148 2235 persuadere
1190 2175 1303 2214 non
1335 2155 1625 2228 potuisset,
1665 2158 1959 2219 utrumque
2004 2146 2388 2204 communione

818 2255 1121 2311 mulctavit.
1156 2252 1215 2307 ιιι
1260 2250 1463 2305 factum
1504 2242 1832 2316 Apollinaris
1864 2241 2008 2296 ﬁlius
2049 2239 2391 2294 contumeliae

818 2351 940 2405 loco
967 2346 1142 2402 duxit.
1191 2344 1259 2398 Et
1297 2339 1590 2411 sephistica
1636 2335 1852 2391 dicendi
1909 2332 2164 2388 facultate
2196 2330 2386 2395 fretus,

819 2455 1015 2496 novam
1050 2439 1166 2508 ipse
1198 2448 1417 2505 quoque
1454 2429 1707 2485 hmresim
1732 2426 1997 2490 condidit,
2033 2438 2155 2494 quae
2201 2423 2268 2477 ab
2291 2438 2389 2476 au-

820 2530 990 2586 ctoris
1044 2525 1266 2582 nomine
1318 2521 1586 2592 appellata
1655 2519 1952 2572 etiamnum
2015 2514 2175 2586 165.
2223 2513 2386 2585 viget.

822 2621 962 2675 Sunt
1016 2618 1110 2688 qui
1155 2615 1340 2671 dicant
1391 2612 1515 2666 illos
1545 2626 1576 2663 a
1613 2607 1847 2678 Georgio
1897 2605 2240 2670 dissensisse,
2281 2620 2391 2659 non

821 2720 932 2766 tam
958 2711 1029 2766 ob
1060 2722 1278 2763 causam
1305 2719 1469 2774 supra
1510 2706 2009 2762 commemoratam,
2049 2712 2211 2767 quam
2245 2698 2392 2767 quod

824 2805 976 2858 illum
1004 2801 1251 2855 viderent
1293 2794 1530 2850 absurda
1562 2792 1847 2847 docentem
1878 2796 1964 2843 :et
1996 2803 2143 2843 nunc
2169 2787 2393 2858 quidem

822 2894 1188 2963 proﬁtentem,
1215 2888 1413 2942 Filium
1443 2883 1588 2940 Patri
1603 2883 1836 2937 similem
1867 2894 2008 2945 esse,
2035 2879 2394 2949 quemadmo-

822 2986 953 3039 dum
1035 2983 1090 3035 in
1151 2975 1487 3035 Seleuciensi
1540 2971 1774 3029 concilio
1826 2975 2196 3033 convenerat,
2249 2982 2397 3021 nunc

821 3090 952 3131 vero
976 3074 1031 3128 in
1060 3072 1173 3126 Arii
1213 3068 1540 3125 sententiam
1582 3062 1983 3119 deﬂectentem.
2029 3059 2178 3115 Hauc
2227 3058 2396 3128 igitur

821 3164 1122 3235 speciosam
1171 3172 1389 3217 causam
1439 3153 1859 3228 praetendentes,
1906 3150 1975 3204 ab
2023 3164 2090 3205 eo
2132 3148 2399 3204 discesse-

825 3264 970 3311 runt.
996 3253 1103 3309 Sed
1129 3265 1255 3307 cum
1281 3263 1442 3305 nemo
1468 3247 1591 3301 illos
1611 3251 1932 3308 sectaretur,
1966 3256 2163 3296 novam
2201 3255 2395 3310 quam-

824 3349 947 3401 dam
971 3343 1252 3415 religionis
1284 3339 1527 3411 speciem
1553 3335 1816 3390 inducere
1841 3339 2148 3403 coeperunt.
2190 3332 2260 3386 Et
2286 3330 2395 3385 ini-

826 3438 903 3492 tio
926 3435 1149 3507 quidem
1180 3431 1453 3494 dicebant,
1484 3426 1760 3483 hominem
1794 3424 1999 3492 absque
2023 3422 2251 3477 animaa
2283 3420 2397 3478 Deo

828 3529 1009 3584 Verbo
1029 3530 1371 3594 assumptum
1387 3534 1513 3576 esse
1540 3518 1596 3572 in
1627 3516 2033 3587 dispensatione
2061 3513 2397 3569 incarnatio-

828 3621 926 3675 nis.
981 3619 1177 3673 Postea
1220 3629 1349 3671 vero
1403 3620 1659 3681 tanquam
1720 3608 2043 3679 paenitentia
2093 3607 2280 3673 ducti,
2333 3621 2399 3664 ac

828 3712 1115 3780 pristinum
1147 3706 1499 3763 emendantes
1522 3700 2124 3771 errorem,adjeceruut
2159 3699 2397 3754 animam

826 3803 1045 3868 quidem
1076 3807 1411 3870 assumptam
1451 3811 1592 3859 esse,
1626 3793 1718 3849 sed
1743 3807 1865 3862 qua}
1896 3800 2134 3845 mentem
2160 3805 2269 3844 non
2303 3789 2398 3843 ha-

828 3894 981 3947 beret
1016 3910 1029 3946 :
1069 3893 1241 3947 Deum
1287 3896 1468 3944 autem
1490 3885 1731 3940 Verbum
1777 3881 1974 3937 mentis
2004 3882 2126 3937 loco
2171 3896 2291 3935 esse
2342 3880 2397 3934 in
2436 3898 2437 3903 η

830 3986 1048 4037 homine
1081 3990 1379 4052 assumpto.
1423 3981 1482 4035 ln
1518 3979 1623 4033 hoc
1652 3977 1819 4047 igitur
1861 3975 1979 4029 solo
2028 3989 2059 4027 a
2104 3972 2402 4029 Catholicis

2488 687 2632 741 κατὰ
2660 689 2759 758 τὴν
2804 687 3131 759 Ἐκκλησίαν
3168 682 3408 756 ἠξιοῦτο·
3450 686 3478 738 6
3514 683 3570 737 δὲ
3611 684 3761 746 παῖς,
3811 680 3912 751 τὴν
3960 677 4056 733 τοῦ

2485 778 2831 847 ἀναγνώστου
2872 777 3026 843 τάξιν
3064 772 3229 848 εἶχεν.
3270 775 3594 847 Ἀμφότεροι
3622 774 3678 827 δὲ
3699 769 3838 844 ἦσαν
3871 769 4057 841 Ἑλλη-

2484 870 2652 924 νικῶν
2676 870 2848 939 λόγων
2878 869 3208 923 διδάσκαλοι·
3238 866 3647 940 γραμματικῶν
3675 866 3775 935 μὲν
3794 866 3823 917 6
3843 861 4054 934 Πατὴρ,

2488 961 2789 1034 ῥητορικῶν
2811 961 2866 1015 δὲ
2886 963 2915 1015 6
2932 962 3064 1025 υἱός.
3107 962 3164 1014 Ὀ
3194 961 3292 1033 μὲν
3311 956 3404 1014 οῦν
3438 959 3639 1030 πατὴρ,
3674 958 4055 1029 Ἀλεξανδρεὺς

2487 1051 2563 1105 ὢν
2606 1052 2667 1106 τὸ
2706 1053 2880 1120 γένος,
2926 1052 3192 1123 πρότερον
3241 1052 3299 1105 δὲ
3343 1054 3400 1106 ιν
3439 1054 3504 1122 τῇ
3544 1049 3773 1123 Βηρυτῷ
3817 1048 4054 1113 διδάξας,

2488 1139 2607 1198 εἶτα
2637 1145 2909 1216 μεταστὰς
2932 1148 3012 1209 εἰς
3037 1143 3379 1208 Λαοδίκειαν,
3412 1144 3509 1197 καὶ
3540 1145 3722 1214 γήμας
3750 1126 3884 1206 ἐκεῖ,
3917 1142 4057 1213 ῐσχει

2488 1236 2580 1289 τὸν
2618 1236 2733 1290 υἱὸν
2779 1237 3174 1308 ’Λπολινάριον.
3219 1237 3422 1306 ’Λμφω
3462 1236 3517 1288 δὲ
3572 1236 3723 1305 ὅμως
3761 1234 3882 1287 τότε
3936 1250 4059 1286 συν-

2488 1325 2734 1398 ήκμαζον
2777 1327 3073 1399 Ἐπιφανίῳ
3116 1327 3194 1398 τῷ
3239 1329 3488 1398 σοφιστῇ,
3532 1326 3627 1379 καὶ
3667 1326 3878 1396 γνήσιοι
3909 1324 4060 1388 ὅντες

2491 1419 2657 1488 φίλοι,
2699 1418 3054 1489 συνεκρότουν
3087 1419 3268 1472 αὐτόν.
3298 1418 3491 1481 Δείσας
3522 1418 3579 1470 δὲ
3618 1417 3868 1480 Θεόδοτος
3904 1419 3933 1469 6
3962 1418 4060 1485 τῆς

2492 1511 2809 1575 Λαοδικείας
2833 1511 3150 1575 ἐπίσκοπος,
3183 1511 3257 1582 μὴ
3278 1515 3344 1583 τῇ
3384 1514 3597 1582 συνεχεῖ
3627 1509 3851 1583 τάνδρὸς
3876 1508 4061 1580 ὁμιλίᾳ

2492 1604 2626 1675 πρὸς
2669 1602 2760 1656 τὸν
2792 1603 3163 1744 »Ἐλληέισμὸν
3189 1602 3541 1664 ἀποκλίνωσι.
3576 1601 3833 1656 διεκώλυε
3869 1602 4060 1671 φοιτᾷν

2493 1692 2622 1744 παρ’
2652 1691 2900 1744 αὑτῶνιι.
2926 1696 2966 1744 Ο
3013 1691 3072 1744 δὲ
3106 1692 3277 1744 μικρὰ
3298 1692 3391 1744 τοῦ
3418 1691 3717 1744 ἐπισκόπου
3748 1690 4060 1744 φροντίσαν-

2493 1692 2622 1762 παρ’
2652 1691 2900 1745 αὑτῶνιι.
2923 1690 3002 1761 pt‘
3013 1691 3072 1744 δὲ
3105 1692 3277 1763 μικρὰ
3298 1692 3391 1745 τοῦ
3418 1691 3717 1745 ἐπισκόπου
3748 1690 4062 1763 φροντίσαν-

2491 1801 2604 1848 τες,
2641 1782 2740 1854 τὴν
2777 1783 2871 1837 τοῦ
2923 1767 3241 1884 Ἐπεφὲνίου
3282 1784 3463 1853 φιλίαν
3505 1783 3833 1854 ἠσπάζοντο.
3876 1783 4061 1836 Μετα-

2493 1874 2667 1928 ταῦτα
2710 1873 2979 1943 Γεώργιος
3000 1873 3311 1928 ό“Θεοδότου
3356 1875 3626 1945 διάδοχος,
3658 1875 3898 1937 σπεύσας
3926 1875 4060 1928 ἀπο·

2491 1967 2832 2036 καταστῆσαι
2874 1965 3090 2029 αὐτοὺς,
3130 1967 3225 2019 καὶ
3253 1967 3440 2037 μηδενὶ
3465 1967 3654 2038 τρόπῳ
3683 1969 3869 2021 πεῖσαι
3902 1966 4059 2034 δυνη-

2493 2053 2628 2115 θεὶς,
2672 2053 2839 2123 ἄμφω
2878 2056 2976 2134 τῆς
3023 2055 3306 2119 κοινωνίας
3356 2055 3683 2127 ἐζημίωσεν.
3736 2056 3934 2128 ’Υσριν
3997 2073 4059 2109 τε

2491 2144 2706 2213 ἡγεῖται
2732 2143 2804 2213 (6)
2830 2144 2858 2196 6
2888 2148 3014 2209 παῖς
3056 2145 3429 2220 ’Λπολινάριος
3455 2148 3524 2201 τὰ
3551 2148 3838 2220 γενόμενα,
3869 2148 3964 2201 καὶ
3992 2150 4061 2219 τῇ

2490 2236 2678 2306 εὐροίᾳ
2697 2234 2792 2289 τοῦ
2815 2238 3124 2304 σοφιστικοῦ
3152 2239 3311 2307 λόγου
3348 2239 3590 2312 θαρρῶν,
3629 2223 3942 2311 καινοτομεῖ
3970 2242 4063 2293 καὶ

2490 2326 2652 2390 αὐτὸς
2701 2328 2932 2399 αἵρεσιν,
2961 2330 2996 2401 ἢ
3033 2330 3128 2383 νῦν
3165 2331 3506 2397 ἐπιπολάζει,
3542 2332 3783 2403 τοῦνομα
3826 2333 3919 2386 τοῦ
3974 2334 4062 2385 εὑ-

2495 2419 2678 2489 ρόντος
2717 2418 2937 2489 ἔχουσα.
2990 2422 3126 2475 Φασὶ
3167 2422 3225 2476 δέ
3273 2440 3419 2486 τινες
3471 2424 3810 2495 διενεχθῆναι
3865 2424 4063 2487 αὐτοὺς

2492 2512 2629 2583 πρὸς
2672 2510 2962 2584 Γεὼργιον,
3006 2514 3067 2567 οὐ
3115 2515 3366 2569 τοσοῦτον
3411 2516 3498 2570 διὰ
3527 2517 3625 2589 τὴν
3655 2517 4064 2588 προειρημένην

2492 2601 2705 2696 αἰτίαν·
2728 2602 2842 2696 ἀλλ’
2863 2604 2945 2656 ὅτι
2973 2601 3159 2674 ἐώρων
3181 2605 3344 2659 αὑτὸν
3365 2607 3624 2696 ἀλλόκοτα
3648 2607 3972 2678 δογματίζον
3983 2625 4062 2672 τα,

2493 2696 2588 2748 καὶ
2620 2693 2716 2748 νῦν
2756 2695 2855 2766 μὲν
2884 2696 3065 2767 ὅμοιον
3100 2696 3460 2767 ὁμολογοῦντα
3493 2693 3581 2751 τὸν
3602 2699 3729 2751 Υἰδν
3757 2698 3834 2767 τῷ
3868 2699 4061 2769 Πατρὶ,

2494 2787 2617 2839 καθ’
2656 2786 2684 2839 ὃ
2721 2788 2778 2838 ὲν
2824 2789 2890 2858 τῇ
2942 2786 3231 2859 Σελευκείᾳ
3285 2788 3564 2843 συνέθετο·
3604 2787 3700 2842 νῦν
3749 2788 3805 2841 δὲ
3848 2790 3927 2851 εἰς
3965 2789 4064 2858 τὴν

2508 2877 2562 2931 Ἀ
2574 2877 2789 2949 ρειανὴν
2817 2877 3180 2932 ἀποκλίναντα
3206 2878 3382 2943 δόξαν.
3414 2881 3614 2951 Διόπερ
3634 2882 4063 2952 εὐπροφάσιστον

2495 2969 2749 3032 λαϐόντες
2779 2970 2980 3036 αἰτίαν,
3017 2968 3310 3026 ποιοῦνται“
3336 2972 3433 3044 τὴν
3464 2972 3811 3044 ἀναχώρησιν
3844 2991 3859 3006 ⁸
3905 2974 3980 3037 ὡς
4005 2974 4065 3028 δὲ

2494 3061 2670 3125 οὐδεὶς
2714 3061 2897 3125 αὐτοῖς
2943 3064 3220 3133 προσεῖχε,
3272 3062 3666 3138 παρείσᾴχουσι
3702 3066 3887 3137 σχῆμα
3929 3065 4064 3138 θρη-

2499 3155 2703 3218 σκείας.
2746 3155 2856 3208 Καὶ
2894 3128 3171 3226 πρότερονί
3197 3156 3295 3226 μὲν
3343 3128 3533 3225 έλεδγον
3556 3128 3931 3228 ἀναληφθῆναι
3965 3128 4065 3212 τόν

2499 3244 2785 3315 ἄνθρωπον
2815 3245 2920 3300 ὑπὸ
2959 3245 3052 3299 τοῦ
3079 3245 3213 3299 Θεοῦ
3243 3247 3415 3315 Λόγου
3451 3249 3509 3300 ὲν
3544 3250 3610 3319 τῇ
3643 3249 3922 3321 οἰκονομίᾳ
3966 3249 4067 3322 τῆς

2502 3337 2964 3408 ὲνανθρωπήσεως
3001 3330 3180 3408 ψυχῆς
3220 3339 3368 3416 ᾷινευ.
3412 3337 3544 3392 Εἶτα
3572 3338 3648 3404 ὡς
3682 3342 3745 3395 ὲκ
3780 3342 4067 3411 μετανοίας

2502 3427 2990 3499 ὲπιδιορθούμενοι,
3016 3429 3353 3498 προσέθεσαν
3373 3430 3550 3501 ψυχὴν
3574 3430 3670 3501 μὲν
3696 3431 4065 3503 ἀνειληφέναιο

2502 3516 2627 3574 νοῦν
2653 3518 2710 3572 δὲ
2737 3518 2838 3571 οὐκ
2874 3518 3018 3589 ἔχειν
3046 3519 3218 3590 αὐτὴν
3245 3518 3289 3584 ί,
3314 3508 3426 3573 ἀλλ’
3467 3517 3606 3581 εἶναι
3626 3520 3716 3574 τὸν
3742 3521 3873 3575 Θεὸν
3897 3523 4069 3591 Λόγον

2500 3609 2624 3664 ἀντὶ
2643 3609 2734 3664 νοῦ
2764 3612 2844 3674 είς
2866 3610 2958 3665 τὸν
2985 3611 3359 3682 ἀναληφθέντα
3386 3612 3687 3683 ἄνθρωπον.
3717 3614 3849 3683 Περὶ
3875 3613 4068 3668 τούτου

2506 3701 2667 3775 μόνου
2703 3702 2766 3773 δὴ
2792 3702 2868 3772 (7)
2900 3702 3119 3771 λέγουσι
3138 3703 3509 3776 διαφέρεσθαι,
3543 3706 3590 3758 οἱ
3621 3703 3715 3759 νῦν
3743 3703 3802 3770 ἐξ
3846 3705 4069 3760 ἐκείνων

2502 3793 2598 3864 τὴν
2627 3793 3013 3864 προσωνυμίαν
3034 3794 3271 3865 ἔχοντες·
3304 3796 3401 3867 τὴν
3431 3798 3539 3875 γὰρ
3560 3797 3763 3868 Τριὰδα
3787 3798 4069 3867 ὁμοούσιον

2504 3879 2644 3937 εἶναι
2692 3885 2843 3953 φασί.
2893 3886 3028 3956 Περὶ
3086 3888 3183 3957 μὲν
3229 3882 3321 3941 οὖν
3375 3888 3484 3941 τῶν
3543 3889 3928 3962 Ἀπολιναρίων
3976 3891 4069 3944 καὶ

2505 3972 2661 4039 αὖθις
2690 3979 2830 4031 κατὰ
2858 3978 3039 4050 χώραν
3071 3978 3530 4051 μνημονεύσομεν.

826 4076 1093 4131 dissidere
1121 4090 1179 4129 se
1216 4073 1406 4128 dicunt
1428 4071 1523 4141 qui
1556 4069 1624 4124 ab
1664 4068 1881 4123 illorum
1916 4065 2137 4120 nomine
2184 4074 2451 4120 vocantur
2511 4069 2933 4138 Apollinaristaa.
2994 4072 3129 4125 Nam
3163 4071 3488 4128 Trinitatem
3548 4072 3769 4143 quidem
3829 4073 4069 4129 consub-

828 4168 1136 4223 stantialem
1160 4180 1279 4221 esse
1312 4164 1657 4235 profitentur.
1686 4161 1887 4215 Verum
1912 4157 1981 4213 de
2007 4168 2240 4228 utroque
2268 4156 2581 4229 Apollinare
2614 4161 2814 4216 iterum
2840 4162 2979 4217 infra
3002 4164 3246 4219 dicemus
3269 4180 3370 4219 suo
3399 4164 3538 4219 loco.

1420 4254 1571 4310 CAP.
1606 4253 1816 4308 XLVII.

1200 4349 1277 4404 De
1303 4356 1468 4403 morte
1492 4350 1620 4417 imp.
1652 4345 1969 4401 Constantii.

898 4444 1071 4497 Porro
1096 4439 1227 4495 dum
1248 4436 1601 4493 Constantius
1624 4435 1922 4503 imperator
1952 4431 2255 4488 Antiochia:
2282 4446 2403 4487 mo-

833 4542 1063 4596 raretur,
1083 4530 1333 4586 Julianus
1345 4526 1526 4583 Caesar
1540 4525 1593 4579 in
1612 4523 1804 4580 Galliis
1827 4538 1951 4577 cum
1969 4521 2172 4593 ingenti
2196 4522 2400 4578 Barba-

3080 4256 3325 4309 ΚΕΦΑΛ.
3362 4257 3492 4309 MZ'.

2539 4343 2676 4412 Περὶ
2704 4344 2812 4412 τῆς
2833 4347 3252 4400 Κωνσταντίου
3276 4346 3380 4401 τοῦ
3397 4345 3702 4414 βασμίέως
3727 4347 4033 4417 τελευτῆς.

2575 4437 2682 4490 Τοῦ
2719 4437 2901 4507 μέντοι
2933 4437 3194 4506 βασιλέως
3227 4439 3604 4491 Κωνσταντίου
3639 4439 3698 4492 ὲν
3769 4439 4075 4511 ’Δντιοχείᾳ

2505 4525 2802 4594 διάγοντος,
2861 4528 2891 4581 6
2937 4528 3154 4599 Καῖσαρ
3212 4528 3494 4590 Ἰουλιανὸς
3543 4530 3602 4581 ὲν
3653 4530 3772 4592 ταῖς
3820 4528 4074 4593 Γαλλὶαις

832 4638 1017 4679 rerum
1040 4619 1391 4676 multitudine
1422 4630 1748 4688 congressus
1772 4614 2058 4670 victoriam
2087 4613 2401 4684 reportavit,
2437 4601 2479 4654 Ι)
2510 4617 2610 4670 πολ

2293 4613 2401 4679 ινὶι,
2437 4601 2479 4654 D
2510 4617 2725 4681 πολλοῖς
2755 4617 3060 4689 Βαρϐἀροις
3098 4616 3396 4688 συμπλέκει
3429 4619 3475 4672 l.
3507 4619 3617 4671 Καὶ
3655 4619 3904 4689 νικήσας,
3942 4620 4073 4671 πᾶσι

2053 4748 2329 4803 VALESH
2370 4750 2916 4808 ANNOTATIONES.

905 4855 979 4925 (6)
1015 4854 1225 4920 ⁸Υ6ριν
1256 4867 1319 4904 τε
1348 4848 1589 4919 ἡγεῖται.
1620 4845 1844 4902 Rectius
1877 4844 2213 4900 scriberetur
2244 4842 2398 4916 ὓϐριν

831 4928 888 4982 δὲ
1183 4990 1395 5045 τούτου
1440 4989 1631 5057 μόνου
1656 4986 1753 5055 δή.
1807 4985 1970 5057 Magis
2025 4984 2202 5055 placet
2255 4984 2398 5040 scri-

2507 4857 2666 4918 ptura
2696 4847 2925 4918 codicis
2980 4847 3259 4913 Allatiani,
3293 4845 3422 4917 περὶ
3448 4845 3638 4899 τούτου
3664 4841 3758 4900 οὖν
3805 4847 3963 4916 μόνον
3988 4847 4073 4900 λέ-

2503 4916 2661 4984 γουσι
2688 4916 3062 4988 διαφέρεσθαι.

2293 5117 2673 5177 VARIORUM.

908 5221 933 5261 ιι
965 5219 1254 5274 Διεκώλυε
1282 5214 1496 5287 φοιτᾶν
1525 5215 1661 5283 παρ’
1685 5212 1903 5268 αὐτῶν.
1935 5211 2077 5283 Lege
2102 5212 2282 5266 αὐτόν.
2309 5210 2396 5267 W.

835 5293 1052 5346 Lowru.

911 5359 1121 5413 ίΝοῦν
1173 5357 1241 5409 δὲ
1279 5359 1389 5409 οὐκ
1436 5357 1599 5420 ἔχειν
1648 5354 1858 5417 αὐτήν.
1911 5353 2305 5423 Αροιίὶηανὶείω
2338 5352 2400 5405 de

835 5433 1016 5485 anima
1040 5427 1231 5483 Christi
1256 5427 1318 5480 ab
1347 5426 1581 5479 Ecclesia
1609 5425 1865 5477 catholica
1905 5425 2281 5485 dissenserunt,
2316 5423 2400 5475 (li—

835 5509 1027 5563 centes,
1062 5499 1195 5551 sicut
1242 5498 1450 5558 Ariani,
1504 5495 1671 5547 Deum
1720 5493 1986 5549 Christum
2025 5509 2239 5547 carnem
2291 5494 2403 5563 sine

835 5560 1023 5625 animai
1051 5569 1355 5637 suscepisse.
1394 5565 1457 5620 In
1489 5566 1771 5637 qnwstioue
1797 5565 2102 5637 testimoniis
2141 5560 2404 5637 etrangeli-

836 5641 907 5691 cis
939 5639 1079 5699 victi,
1110 5634 1333 5691 mentem
1368 5653 1471 5706 qua
1502 5634 1798 5687 rationalis
1834 5643 1908 5686 est
1941 5635 2120 5706 anima
2155 5634 2401 5706 hominis,

839 5724 940 5778 non
970 5708 1127 5778 fuisse
1154 5710 1207 5760 iu
1234 5703 1414 5778 anima
1451 5706 1666 5778 Christi,
1696 5705 1908 5778 sed_pro
1934 5703 2402 5778 Itac__ipsum_l'cr-

838 5774 1039 5830 bum'in
1074 5795 1135 5830 ea
1160 5777 1600 5845 fuissetlia‘erunt.
1632 5775 1769 5843 Aug.
1793 5775 1987 5845 [ηπ-(ιε.
2022 5774 2108 5827 55.
2156 5775 2212 5827 ’0
2250 5774 2405 5845 Ἀποσ

838 5846 1075 5916 λινὰριος
1104 5841 1341 5916 ἔμψυχον
1392 5847 1488 5916 μὲν
1536 5841 1734 5915 ἔφησεν
1766 5841 1901 5897 εἶναι
1934 5845 2027 5896 τοῦ
2056 5844 2303 5912 Σωτῆρος
2335 5843 2395 5895 τὸ

842 5915 1020 5985 σῶμα,
1052 5917 1111 5971 οὐ
1138 5915 1373 5989 μὴντὴν
1396 5915 1628 5986 λογικὴν
1659 5916 1944 5986 ἐσχηκέναι
1966 5915 2143 5985 ψυχήν
2164 5931 2175 5942 ⁸
2213 5930 2397 5983 περιτ-

2506 5209 2594 5271 τὸς
2632 5209 2740 5282 ῃᾷρ
2776 5203 2864 5282 ἦν,
2908 5208 3093 5282 φησιν,
3127 5209 3156 5262 6
3186 5205 3330 5282 νοῦς,
3359 5206 3454 5282 τοῦ
3491 5208 3624 5263 Θεοῦ
3654 5209 3813 5282 λόγου
3869 5212 4070 5282 παρόν-

2506 5296 2613 5349 τος,
2647 5278 2976 5334 Theodoret.
3003 5278 3197 5349 erct.
3232 5278 3338 5348 fab.
3370 5278 3464 5333 lib.
3499 5296 3552 5341 v,
3594 5293 3711 5349 cap.
3750 5279 3834 5333 ll.

2581 5347 2594 5399 i
2651 5350 2909 5414 Πολλοῖς
2949 5348 3268 5417 Βαρϐάροις
3309 5347 3674 5416 συμπλέκειξ
3724 5349 3974 5405 Julianus
4018 5354 4074 5405 in

2506 5423 2704 5488 campis
2739 5419 3268 5488 Argentoratcusibus
3303 5420 3444 5489 apud
3478 5419 3704 5481 Gallias,
3744 5437 3860 5473 cum
3895 5426 4074 5488 paucis

2500 5490 2750 5542 militibus
2800 5489 3039 5556 inﬁnitas
3087 5490 3311 5543 hostium
3358 5491 3533 5559 copias
3586 5490 3792 5543 delevit.
3848 5489 4074 5546 Stabant

2501 5560 2673 5614 acervi
2728 5561 2982 5613 montium
3030 5560 3266 5623 similes;
3301 5561 3521 5685 όίιητίηιι
3575 5576 3730 5613 cruor
3795 5562 4075 5631 ﬂuminum

2501 5631 2672 5683 modo.
2708 5628 2904 5685 Cantus
2952 5646 3044 5683 rex.
3076 5628 3264 5683 nobilis
3343 5630 3768 5685 honodomarins.
3811 5631 3911 5685 {nsi
3958 5648 4074 5684 om-

2500 5631 2672 5683 modo.
2708 5628 2904 5699 Captus
2952 5646 3044 5683 rex.
3076 5628 3264 5683 nobilis
3301 5628 3768 5693 Chonodomarius,
3796 5628 3911 5699 fasi
3958 5648 4074 5684 om-

2501 5717 2589 5753 nes
2626 5700 2941 5770 optimates:
2972 5701 3207 5771 redditus
3250 5700 3396 5753 limes
3428 5700 3680 5755 Romana:
3714 5702 4071 5771 posssssienis.

2500 5770 2574 5824 Ac
2615 5772 2942 5840 postmodum
2977 5770 3434 5841 cunti/llcmannis
3465 5770 3744 5833 dimicans,
3781 5773 4078 5841 potentissi-

2505 5857 2647 5893 mum
2685 5857 2863 5893 eorum
2893 5858 3063 5909 regem
3099 5840 3477 5894 Bmlomarium
3506 5842 3658 5910 cepit.
3695 5841 3787 5894 Ilia
3820 5858 3850 5893 a
3894 5840 4078 5893 militi-

2508 5911 2597 5965 bus
2631 5911 2917 5966 Gallicanis
2940 5912 3201 5981 Angustus
3230 5912 3623 5982 prommtiatur.
3662 5910 3790 5965 Hinc
3816 5910 4077 5966 Constan-
