4508 6588
421 490 524 545 369

1369 493 1690 550 HISTORIA
1729 491 2285 551 ECCLESIASTICA.
2319 526 2387 535 -—
2426 495 2549 551 LIB.
2588 496 2671 549 Ill.

3557 502 3657 557 370

414 605 673 677 ὀνόματι,
700 607 792 661 δύο
821 607 977 679 ἔσχεν
1023 610 1387 682 ὁμοπατρίους
1438 614 1698 683 ἀδελφοὺς
1720 654 1733 677 ,
1766 614 1866 667 οὐκ
1920 615 1983 665 ὲκ
2015 619 2057 674 Α
2086 628 2187 668 suo

1920 615 1983 665 ὲκ
2015 619 2057 674 Α
2086 628 2187 668 suo
2223 619 2440 672 nomine
2474 615 2783 686 appellavit,
2822 614 2960 670 duos
3001 614 3188 669 habuit
3223 616 3424 671 fratres
3471 631 3533 671 ex
3566 633 3656 670 eo-

416 695 515 765 τῆς
537 697 705 767 αὐτῆς
738 700 1060 770 γενομένους
1095 702 1297 771 μητρός
1323 718 1339 735 ·
1374 704 1673 774 Δαλμάτιος
1716 706 1885 774 ὄνομα
1909 703 1982 775 τῷ

417 786 535 851 ἐνί,
580 784 789 856 θατέρῳ
826 788 882 841 δὲ
932 789 1324 853 Κωνστάντιος.
1374 792 1485 845 Καὶ
1530 793 1830 862 Δαλμάτιος
1887 792 1985 862 μὲν

417 876 528 927 υἱὸν
559 874 715 946 ἔσχεν
737 877 1023 949 ὁμώνυμον
1056 880 1219 952 αὐτῷ.
1245 882 1607 952 Κωνσταντίῳ
1630 884 1685 935 δὲ
1713 883 1805 936 δύο
1832 885 1984 951 ὲγενο

416 965 655 1036 νὴοησαν
688 968 809 1033 υἱοὶ,
838 969 1038 1034 Γάλλος
1068 973 1158 1025 καὶ
1205 973 1486 1036 Ἰουλιανός
1522 972 1563 1027 ι.
1613 974 1699 1037 Ὦς
1725 970 1818 1027 οὖν
1850 975 1985 1043 μετά

415 1057 514 1128 τὴν
547 1060 801 1133 τελευτὴν
830 1062 924 1115 τοῦ
955 1064 1169 1118 κτίστου
1196 1066 1293 1134 τῆς
1316 1068 1721 1120 Κωνσταντίνου
1758 1068 1983 1134 πόλεως,

416 1147 464 1199 οἱ
496 1149 821 1220 στρατιῶται
850 1152 941 1204 τὸν
974 1153 1091 1206 νέον
1124 1154 1331 1207 ἀνεῖλον
1380 1155 1683 1226 Δαλμάτιον
1709 1196 1723 1219 ,
1757 1159 1876 1210 τότε
1922 1158 1987 1228 δὴ

420 1237 511 1290 καὶ
538 1233 681 1293 οὗτοι
726 1241 1217 1313 ἀπορφανισθέντες
1251 1244 1346 1298 τοῦ
1378 1242 1578 1300 οἰκείου
1608 1248 1810 1320 πατρὸς
1835 1289 1851 1312 ,
1897 1266 1985 1318 μι-

418 1328 552 1399 κροῦ
604 1331 713 1384 δεῖν
772 1332 848 1403 τῷ
912 1335 1199 1407 Δαλματίῳ
1247 1338 1743 1394 συνεκινδύνευσαν.
1800 1340 1863 1391 El
1914 1340 1987 1409 μὴ

419 1420 617 1475 Γάλλον
645 1423 742 1491 μὲν
793 1425 945 1488 νόσος
982 1428 1306 1496 προσδοκίαν
1357 1428 1553 1498 ἔχουσα
1600 1430 1829 1483 Θανάτου
1864 1432 1987 1498 ἐρύ-

422 1527 579 1564 σατο”
628 1512 907 1569 Ἰουλιανὺν
936 1516 991 1569 δὲ
1030 1519 1062 1586 ἡ
1106 1516 1319 1586 ἡλικία,
1347 1519 1608 1588 ὀκταετὴς
1637 1521 1745 1589 γὰρ
1776 1516 1841 1590 ἦν
1884 1520 1983 1585 ἔτι,

417 1602 693 1658 διέσωσεν.
731 1606 881 1658 Ἐπεὶ
910 1607 965 1660 δὲ
994 1608 1026 1677 ἡ
1061 1610 1182 1660 κατ’
1214 1608 1392 1661 αὐτῶν
1421 1610 1513 1663 τοῦ
1550 1612 1813 1680 βασιλέως
1840 1615 1986 1683 ὁρμὴ

419 1694 774 1765 ὲκεχαύνωτο,
820 1699 1017 1761 Γάλλος
1066 1700 1163 1771 μὲν
1209 1703 1321 1765 τοῖς
1362 1702 1419 1754 ὲν
1474 1703 1647 1773 Ἰωνίᾳ
1698 1703 1838 1756 κατὰ
1890 1705 1988 1773 τὴν

423 1786 653 1854 Ἔφεσον
684 1788 872 1855 ἐφοίτα
925 1788 1262 1854 διδασκάλοις
1281 1830 1296 1855 ,
1327 1791 1453 1845 ἔνθα
1484 1793 1665 1855 αὐτοῖς
1712 1794 1805 1848 καὶ
1855 1795 1987 1861 κτῆ-

421 1892 501 1939 σις
534 1873 601 1947 ἦν
631 1880 693 1931 ὲκ
736 1881 1015 1950 προγόνων
1045 1880 1233 1952 πολλή.
1281 1883 1567 1948 Ἰουλιανὸς
1610 1885 1667 1938 δὲ
1711 1883 1984 1955 αὐξηθεὶς,

2085 716 2209 769 dem
2255 721 2427 780 patre.
2460 726 2568 763 non
2610 716 2789 762 autem
2839 723 2906 763 ex
2952 709 3141 762 eadem
3184 718 3354 763 matre
3394 708 3657 779 genitos:

2086 818 2318 875 quorum
2350 802 2484 855 alter
2515 799 2840 862 Dalmatius,
2871 801 3009 854 alter
3036 798 3393 855 Constantius
3425 800 3665 853 vocaba-

2084 906 2194 951 tur.
2219 894 2283 948 Et
2315 893 2615 947 Dalmatius
2645 891 2863 962 quidem
2894 892 3060 945 lilium
3102 892 3290 958 habuit
3321 891 3425 945 sibi
3456 906 3659 960 cogno-

2084 990 2308 1043 minem.
2343 985 2648 1039 Constantii
2697 1000 2826 1038 vero
2864 984 2971 1037 duo
3013 985 3106 1038 lilii
3156 983 3325 1046 fuere,
3361 983 3553 1036 Gallus
3598 991 3653 1035 et

2084 1078 2353 1131 Julianus.
2385 1074 2554 1130 Porro
2587 1084 2711 1144 post
2739 1075 2947 1129 obitum
2971 1074 3315 1128 Constantini
3347 1072 3655 1127 conditoris

2085 1167 2660 1236 Constantinopoleos,
2703 1167 2863 1235 168
2884 1180 3005 1218 eum
3035 1164 3307 1233 iuniorem
3327 1163 3655 1217 Dalmatium

2088 1258 2288 1313 milites
2332 1257 2719 1325 peremissent,
2760 1256 2849 1309 isti
2874 1268 3092 1324 quoque
3120 1260 3342 1322 parente
3371 1252 3574 1312 orbati,
3601 1251 3656 1304 in

2088 1348 2228 1403 idem
2277 1363 2399 1401 cum
2447 1346 2712 1399 Dalmatio
2769 1346 3071 1415 periculum
3123 1343 3514 1412 propemodum
3572 1343 3657 1395 in-

2088 1439 2358 1493 ciderunt.
2391 1438 2495 1493 Sed
2538 1437 2752 1493 Gallum
2799 1439 3016 1506 quidem
3063 1436 3293 1492 morbus
3338 1438 3431 1504 qui
3483 1436 3658 1490 letalis

2087 1524 2408 1588 videbatur,
2444 1525 2686 1594 periculo
2728 1525 2962 1593 eripuit;
2996 1523 3275 1577 Juliannm
3307 1540 3437 1578 vero
3470 1534 3657 1578 tenera

2087 1621 2241 1680 aetas,
2266 1616 2357 1671 vix
2386 1617 2532 1670 enim
2565 1624 2688 1671 octo
2713 1630 2893 1669 annos
2919 1616 3257 1693 impleverat,
3287 1616 3658 1671 conservavit.

2088 1706 2219 1762 Post
2262 1706 2377 1761 haec
2420 1721 2546 1760 cum
2590 1706 2936 1776 imperatoris
2989 1708 3204 1763 animus
3240 1708 3504 1761 adversus
3538 1708 3659 1759 illos

2087 1797 2366 1851 emollitus
2392 1796 2505 1866 jam
2536 1805 2702 1860 esset,
2736 1796 2927 1852 Gallus
2954 1797 3148 1867 Ephesi
3180 1799 3234 1851 in
3258 1798 3405 1851 Ionia
3442 1798 3659 1853 scholas

2090 1890 2475 1959 frequentavit,
2507 1891 2695 1958 quain
2740 1892 2965 1959 regione
3004 1891 3173 1944 multa
3224 1891 3359 1960 ipsis
3392 1889 3590 1958 praedia
3630 1905 3658 1942 a

416 1968 524 2021 τῶν
572 1970 630 2021 ἐν
660 1971 1065 2025 Κωνσταντίνου
1113 1973 1271 2026 πόλει
1301 1976 1696 2046 παιδευτηρίων
1726 1978 1982 2045 ἠκροᾶτο,
2017 1971 2057 2023 Β
2088 1980 2192 2048 maj

1877 1978 1982 2037 ἰτο,
2017 1971 2057 2023 Β
2088 1980 2387 2048 majoribus
2433 1980 2621 2034 relicta
2661 1987 2836 2034 erant.
2869 1978 3123 2032 Julianus
3170 1993 3301 2031 vero
3338 1979 3426 2031 tibi
3474 1976 3657 2031 adole-

418 2062 495 2121 είς
520 2060 618 2129 τὴν
658 2060 957 2134 βασιλικὴν.
998 2063 1125 2118 ἔνθα
1155 2064 1271 2118 τότε
1299 2065 1366 2118 τὰ
1409 2067 1764 2139 παιδευτήρια
1793 2064 1857 2137 ἦν
1884 2109 1897 2132 ,
1927 2068 1984 2119 ἐν

416 2150 547 2221 λιτῷ
570 2154 804 2224 σχήματι
838 2154 1063 2228 προῖὼν,
1096 2156 1189 2210 καὶ
1215 2156 1317 2209 ὑπὸ
1342 2158 1641 2228 Μαρδονίου
1680 2158 1773 2211 τοῦ
1807 2158 1985 2212 εὐνού-

415 2258 511 2309 χου
563 2226 1092 2316 παιδαγωγούμενος.
1140 2247 1260 2301 Τῶν
1308 2250 1405 2319 μὲν
1440 2226 1533 2303 οὖν
1586 2252 1983 2321 γραμματικῶν

414 2330 615 2399 λόγων,
651 2332 917 2405 Νικοκλῆς
944 2346 981 2368 ’³
1031 2340 1059 2391 6
1106 2338 1302 2393 Λάκων
1334 2340 1444 2409 (I0)
1474 2336 1542 2410 ἦν
1572 2342 1720 2411 αὑτῷ
1762 2344 1982 2396 παιδευ-

410 2425 547 2494 τής’
580 2428 871 2499 ῥητορικὴν
924 2429 1013 2493 δὲ,
1058 2429 1206 2500 παρά
1244 2430 1539 2502 Ἐκηϐολίῳ
1585 2431 1870 2505 κατὼροου
1906 2435 1983 2505 τῷ

414 2521 676 2589 σοφιστῇ,
716 2520 1026 2591 Χριστιανῷ
1056 2522 1178 2575 τότε
1225 2522 1562 2592 τυγχάνοντι.
1595 2524 1797 2577 Τούτου
1851 2526 1906 2580 δὲ
1956 2530 1984 2581 6

413 2608 660 2678 βασιλεὺς
693 2612 1067 2677 Κωνστάντιος
1126 2616 1421 2684 προενόησε
1441 2655 1455 2679 ,
1498 2617 1693 2686 μήπως
1726 2618 1982 2688 Ἕλληνος

409 2701 724 2756 διδασκάλου
755 2703 1099 2773 ἀκροώμενος
1124 2743 1139 2767 ,
1172 2705 1307 2775 πρὸς
1347 2706 1761 2776 δεισιδαιμονίαν
1798 2708 1979 2760 ὲκκλίο

410 2809 506 2845 νοι.
540 2793 860 2863 Χριστιανὸς
890 2792 998 2864 γὰρ
1028 2790 1095 2864 ἦν
1130 2796 1188 2861 ἐξ
1221 2795 1391 2865 ἀρχῆς
1432 2796 1736 2859 Ἰουλιανός.
1782 2797 1982 2865 Ἀκμά-

411 2883 592 2948 ζοντος
623 2885 679 2937 δὲ
704 2885 868 2938 αὑτοῦ
896 2887 1022 2957 περὶ
1050 2888 1173 2949 τοὺς
1199 2886 1386 2954 λόγους
1420 2897 1471 2950 ιι,
1504 2889 1656 2957 φήμη
1684 2906 1769 2950 τις
1791 2890 1870 2951 είς
1892 2889 1979 2941 τὸν

410 2975 579 3044 δῆμον
624 2976 914 3047 διέτρεχεν,
942 2977 1016 3040 ὠς
1062 2979 1143 3049 εἴη
1179 2977 1355 3040 ἱκανὸς
1379 2979 1447 3030 τά
1485 2978 1768 3048 Ῥωμαίων
1803 2981 1981 3049 πράγ-

414 3080 559 3133 ματα
588 3064 824 3121 διοικεῖν.
860 3068 967 3119 Καὶ
1011 3066 1168 3120 τοῦτο
1217 3068 1401 3119 λοιπὸν
1439 3066 1685 3137 φανερῶς
1722 3068 1980 3137 Ορυλλού-

414 3172 603 3225 μενον,
649 3159 891 3229 ταραχὴν
933 3160 1103 3211 ἐποίει
1142 3158 1220 3228 τῷ
1258 3159 1484 3228 βασιλεῖ.
1532 3160 1623 3213 Διὸ
1666 3161 1980 3231 μεθίστησιν

412 3248 572 3300 αὐτὸν
599 3250 663 3302 ὲκ
687 3250 782 3319 τῆς
809 3249 1219 3320 μεγαλοπόλεως
1250 3252 1329 3315 εἰς
1362 3252 1457 3321 τὴν
1478 3252 1863 3323 Νικομήδειαν,
1891 3270 1980 3304 κε-

414 3337 610 3403 λεύσας
638 3340 710 3410 μὴ
738 3341 926 3410 φοιτᾷν
956 3342 1104 3411 παρὰ
1130 3342 1366 3413 Λιϐανίῳ
1388 3344 1408 3373 °
1437 3343 1514 3413 τῷ
1544 3343 1699 3412 Σύρῳ
1731 3346 1975 3414 σοφιστῇ.

414 3430 545 3482 Τότε
578 3431 687 3500 γὰρ
707 3434 735 3484 6
757 3432 1009 3495 Λιϐάνιος
1043 3432 1147 3484 ὑπὸ
1174 3433 1282 3485 τῶν
1312 3434 1674 3501 παιδαγωγῶν
1703 3435 1799 3504 τῆς
1826 3437 1981 3487 Κων·

414 3523 689 3576 σταντίνου
737 3523 942 3587 πόλεως
975 3524 1255 3594 ἐκϐληθεὶς
1286 3566 1299 3589 ,
1330 3526 1387 3577 ὲν
1413 3529 1477 3595 τῇ
1509 3525 1843 3595 Νικομηδείᾳ
1886 3526 1982 3588 τὰς

410 3614 689 3685 διατριϐάς
714 3616 967 3668 ἐποιεῖτο.
1015 3611 1179 3678 Οὗτος
1234 3616 1331 3685 μὲν
1361 3613 1453 3669 οὖν
1499 3615 1595 3687 τὴν
1630 3616 1796 3685 ὀργὴν
1840 3618 1981 3670 κατὰ

409 3706 518 3757 τῶν
548 3706 925 3773 παιδαγωγῶν,
957 3708 1035 3769 είς
1063 3706 1152 3761 τὸν
1176 3706 1297 3759 κατ’
1327 3707 1502 3760 αὐτῶν
1528 3707 1674 3775 αὑτῷ
1700 3709 1978 3776 γραψέντα

410 3797 565 3864 λόγον
600 3797 644 3862 (I
666 3796 710 3865 I)
740 3797 1001 3849 ἐκένωσεν
1028 3813 1040 3825 ·
1095 3797 1374 3857 Ἰουλιανὸς
1405 3797 1449 3850 δ’
1480 3797 1745 3850 ἐκωλύετο
1786 3800 1975 3867 (get-:3};

410 3887 539 3960 παρ’
586 3887 769 3957 αὐτῷ,
819 3887 950 3940 διότι
999 3887 1247 3952 Λιϐάνιος
1285 3886 1482 3959 Ἕλλην
1530 3888 1627 3959 τὴν
1680 3888 1974 3958 Ορησκείαν

2084 2070 2287 2135 visset,
2324 2068 2801 2138 Constantinopoli
2852 2070 3169 2124 liberalibus
3219 2070 3524 2137 disciplinis
3576 2076 3657 2122 est

2086 2159 2408 2225 institutus;
2454 2161 2507 2213 in
2552 2160 2858 2223 basilicam,
2904 2160 2996 2215 ubi
3043 2168 3174 2213 tunc
3229 2160 3431 2214 scholae
3482 2170 3657 2220 erant,

2085 2252 2321 2320 simplici
2362 2251 2550 2304 habitu
2587 2250 2893 2318 procedens
2934 2266 3038 2304 una
3070 2265 3194 2304 cum
3226 2250 3523 2318 paedagogo
3558 2264 3657 2305 suo

2084 2342 2361 2397 Mardonio
2404 2342 2674 2396 eunucho.
2711 2342 2776 2394 Et
2802 2343 2855 2394 in
2887 2342 3238 2410 grammatica
3284 2341 3500 2410 quidem
3544 2357 3659 2393 ma-

2083 2433 2313 2501 gistrum
2359 2432 2548 2487 habuit
2598 2431 2873 2487 Nicoclem
2926 2433 3233 2499 Laconem;
3277 2434 3331 2486 in
3384 2436 3655 2487 rhetorica

2082 2536 2214 2575 vero
2260 2530 2596 2589 praeceptore
2644 2537 2777 2576 usus
2820 2530 2904 2574 est
2955 2520 3212 2575 Ecebolio
3260 2522 3530 2590 sophista,
3562 2526 3655 2592 qui

2083 2620 2214 2665 tunc
2245 2612 2507 2680 temporis
2542 2621 2660 2667 erat
2691 2609 3062 2665 Christianus.
3098 2612 3151 2665 Id
3182 2614 3324 2667 enim
3362 2616 3655 2683 prudenter

2083 2703 2153 2756 ab
2188 2703 2515 2771 imperatore
2550 2711 2899 2771 prospectum
2944 2701 3138 2765 fuerat,
3171 2718 3239 2756 ne
3267 2704 3354 2756 ille
3385 2718 3654 2773 paganum

2082 2794 2380 2863 sephistam
2432 2793 2696 2856 audiens,
2744 2792 2811 2845 ad
2854 2792 3143 2861 gentilium
3203 2796 3653 2863 superstitionem

2082 2883 2448 2938 delaberetur.
2485 2882 2700 2952 Quippe
2729 2882 2796 2937 ab
2840 2882 3063 2936 ineunte
3102 2890 3265 2936 relate
3304 2884 3653 2939 Christianus

2081 2982 2198 3026 erat
2237 2970 2507 3026 Julianus.
2542 2971 2713 3026 Porro
2756 2986 2879 3025 cum
2911 2973 2963 3025 in
2998 2972 3414 3026 humanioribus
3454 2974 3654 3029 litteris

2082 3079 2311 3133 magnos
2347 3062 2553 3119 faceret
2582 3078 2932 3133 progressus,
2961 3062 3102 3116 lania
3134 3078 3230 3132 per
3252 3065 3439 3119 urbem
3469 3066 3652 3134 spargi

2081 3157 2268 3225 coepit,
2305 3156 2560 3211 idoneum
2610 3156 2761 3209 illum
2811 3171 2933 3211 esse
2976 3157 3067 3224 qui
3103 3154 3401 3210 Romanam
3438 3173 3653 3226 rempu-

2084 3249 2280 3302 blicam
2311 3250 2657 3318 gubernaret.
2690 3247 2846 3313 Quod
2875 3263 2998 3301 cum
3037 3248 3147 3316 jam
3197 3250 3358 3302 latius
3397 3264 3653 3305 sermone

2083 3341 2327 3393 omnium
2352 3341 2748 3410 divulgaretur,
2783 3341 3129 3408 imperatoris
3152 3342 3393 3394 animum
3432 3352 3652 3395 contur‘

2084 3434 2249 3488 bavit.
2284 3434 2647 3497 Quamobrem
2696 3432 2845 3486 illum
2892 3433 2960 3487 ab
2992 3432 3127 3487 urbe
3177 3433 3322 3503 regia
3372 3434 3653 3487 transtulit

2082 3525 2477 3589 NicOmcdiam,
2506 3524 2825 3594 prmcipiens
2850 3540 2917 3579 ne
2938 3525 3181 3579 scholam
3220 3524 3394 3577 adiret
3436 3523 3652 3577 Libanii

2083 3616 2344 3685 sophista:
2370 3613 2513 3685 Syri.
2544 3613 2791 3682 Namque
2824 3613 2874 3667 id
2907 3613 3164 3681 temporis
3191 3611 3454 3665 Libanius
3486 3626 3513 3662 a
3549 3626 3651 3676 p:e-

2082 3708 2305 3778 dagogis
2331 3706 2803 3770 Constantinopoli
2827 3706 3108 3773 expulsus,
3142 3702 3471 3758 Nicomedia:
3498 3703 3653 3754 scho-

2084 3801 2189 3853 lam
2227 3806 2530 3867 aperuerat.
2566 3796 2630 3851 Et
2664 3798 2749 3850 hic
2794 3797 3012 3865 quidem
3048 3797 3182 3849 iram
3241 3795 3503 3848 adversus
3548 3810 3651 3861 pai-

2083 3890 2319 3959 dagogos
2360 3898 2699 3958 conceptam,
2731 3889 2933 3957 scripta
2974 3887 3029 3941 in
3060 3888 3183 3942 illos
3224 3886 3472 3941 oratione
3515 3885 3651 3940 ellu-

1558 4026 1824 4082 ‘i’ALESII
1863 4026 2420 4084 ANNOT.\TIONES.

480 4119 592 4191 (l0)
629 4122 930 4189 Νικοκλῆς
986 4126 1018 4177 ὁ
1070 4122 1297 4177 Λάκων.
1367 4121 1447 4177 Ad
1498 4122 1645 4177 hunc
1694 4125 1968 4180 Nicoclem

408 4193 594 4260 plures
611 4202 826 4247 exstant
855 4194 1062 4246 Libanii
1089 4194 1357 4313 epistolae,
1390 4195 1707 4247 nominatim
1741 4197 1968 4262 διιιιιῐιιιτι

411 4264 535 4313 libri
569 4266 771 4313 quarti.
816 4265 867 4313 in
908 4279 1013 4313 oua
1055 4262 1111 4313 I.i
1140 4264 1319 4313 lanius
1360 4272 1587 4313 excusat
1622 4264 1966 4313 insolentiam

411 4264 535 4315 libri
569 4266 771 4330 quarti,
816 4265 867 4316 in
908 4279 1013 4331 qua
1055 4262 1319 4317 Libanius
1360 4272 1587 4317 excusat
1622 4264 1966 4318 insolentiam

407 4332 694 4400 cujusdam
731 4349 793 4385 ex
818 4335 947 4385 urbe
984 4333 1293 4397 Antiochia,
1332 4333 1422 4402 qui
1455 4335 1606 4387 illum
1646 4336 1858 4401 probris
1886 4335 1968 4387 af-

408 4402 643 4467 fecerat;
680 4403 860 4470 aitque
890 4403 1028 4455 inter
1055 4410 1276 4467 czetcra,
1309 4413 1592 4470 peccatum
1636 4405 1799 4456 unius
1832 4406 1966 4458 civis

408 4486 517 4525 non
568 4487 691 4526 esse
743 4471 1126 4526 ascribcndum
1162 4472 1429 4526 universae
1473 4474 1705 4525 civitati.
1741 4473 1873 4526 Nam
1910 4477 1965 4527 in

409 4542 543 4597 urbe
580 4557 702 4611 qua:
729 4550 947 4597 centum
979 4540 1381 4611 quinquaginta
1420 4542 1585 4596 millia
1633 4544 1837 4598 civium
1878 4545 1945 4597 ba

2079 4129 2225 4187 beat,
2267 4124 2577 4178 mirandum
2609 4140 2715 4177 non
2747 4139 2868 4179 esse
2908 4124 2953 4175 si
2989 4139 3128 4175 unus
3173 4122 3349 4174 malus
3390 4124 3527 4173 ciris
3568 4137 3651 4173 re-

2081 4199 2325 4265 periatur
2359 4216 2369 4248 :
2406 4212 2528 4247 cum
2577 4210 2674 4247 nec
2709 4200 2759 4246 in
2788 4204 2876 4245 tua
2911 4192 3131 4260 Sparta.
3163 4209 3281 4265 qua‘
3318 4192 3648 4265 tanwii_l._v-

2077 4262 2306 4333 curgum
2328 4266 2485 4319 habet
2515 4266 2903 4328 legislatorem,
2934 4278 3123 4317 omnes
3138 4263 3342 4330 pariter
3377 4264 3487 4313 sint
3518 4262 3643 4313 Imllt

2077 4352 2139 4389 ac
2161 4337 2431 4403 generosi.
2520 4405 2523 4406 ν
2730 4404 2738 4406 Α
2919 4402 2940 4406 _
3066 4402 3074 4406 _
3141 4399 3157 4406 _

2150 4402 2258 4467 sill)
2316 4407 2417 4467 Εἰς
2471 4405 2575 4454 τὸν·
2614 4404 2739 4454 κατ’
2788 4402 3168 4463 αἰτῶι-αὑτῷ
3204 4402 3493 4468 γραφέντα
3569 4402 3645 4448 li?-

2074 4492 2204 4543 γον.
2234 4474 2355 4526 Ilaec
2389 4474 2599 4543 Libanii
2634 4473 2812 4524 oratio
2842 4473 3104 4525 adversus
3134 4473 3457 4541 pzcdagogos
3486 4469 3645 4523 hodie

2062 4542 2171 4598 non
2197 4551 2402 4608 exstat,
2438 4542 2587 4614 quod
2617 4542 2838 4611 quidem
2868 4543 3062 4595 sciam.

1808 4694 2191 4751 VARIORUM.

483 4786 502 4828 ι
560 4788 900 4861 Ἰουλιανός.
952 4787 1201 4861 Julianus
1225 4828 1239 4852 ,
1262 4798 1653 4861 _cognomcuto
1700 4792 1727 4843 6
1777 4792 1961 4861 Παρα-
1996 4796 2038 4849 D
2069 4794 2135 4845 ad
2166 4792 2476 4846 sublimiora
2500 4792 2774 4847 scandenti
2809 4792 3239 4859 conquircnsmer
3267 4790 3443 4843 omnia
3467 4789 3640 4861 νΙιίΙυέ

408 4858 715 4928 6άτης,εἰνο
732 4858 1013 4926 Apostata,
1038 4859 1180 4927 quod
1200 4876 1228 4911 a
1250 4858 1670 4913 Christianismo
1687 4861 1750 4913 ad
1780 4858 1929 4915 etli'ni
1945 4891 1961 4900 -

405 4929 638 4983 cismum
680 4928 843 4997 impie
895 4929 1238 4991 desciverat,
1289 4928 1418 4983 Julii
1459 4932 1761 4983 Constantii
1822 4932 1967 4985 lilius

405 4998 597 5052 ordine
630 4999 825 5051 tertius
861 5014 922 5051 ex
955 5000 1221 5061 Basilina,
1258 5009 1417 5055 natus
1450 5010 1533 5054 est
1561 5015 1703 5052 anno
1732 5001 1854 5058 551,
1880 5003 1968 5055 die

406 5076 558 5123 sexta
613 5066 957 5128 Novembris.
994 5077 1051 5122 ut
1109 5070 1303 5137 legitur
1353 5070 1405 5122 in
1458 5069 1745 5124 Laterculo
1792 5072 1966 5123 Silvii.

408 5137 698 5208 Septeniiis
720 5138 900 5191 adhuc
931 5139 1270 5193 Mardonium
1311 5141 1623 5194 eunuchum
1676 5153 1970 5209 praecepto-

407 5224 521 5263 rem
552 5210 781 5263 sortitus
809 5216 932 5275 est;
969 5224 1129 5278 quem
1163 5210 1463 5278 paganisnii
1506 5222 1821 5278 suspectum
1869 5213 1969 5264 im-

406 5281 598 5349 merito
628 5279 807 5349 reddit
835 5278 1120 5349 Baronius.
1141 5281 1289 5345 (Ant.
1311 5278 1463 5349 Pagi,
1487 5279 1630 5334 Guil.
1662 5281 1824 5345 Cave,
1844 5279 1968 5335 Joh.

403 5347 519 5403 Jac.
556 5348 809 5419 Hol’man.
851 5349 903 5401 in
921 5348 1185 5419 Juliauo.)

477 5430 513 5450 ι·
542 5417 863 5484 Νικοκλῆς.
889 5419 1023 5472 Eum
1052 5417 1209 5472 vocat
1246 5418 1507 5475 Libanius
1529 5419 1759 5487 justitiaz
1792 5436 1970 5474 sacer-

404 5488 599 5551 dotem,
651 5489 961 5543 eruditionis
1021 5489 1245 5553 ducent,
1284 5492 1392 5557 qui,
1445 5491 1492 5543 si
1524 5492 1665 5543 ullus
1716 5506 1970 5557 unquam,

411 5559 705 5614 Homerica!
728 5561 912 5613 mentis
941 5576 1160 5620 arcana,
1188 5569 1237 5614 et
1266 5561 1495 5613 universi
1515 5561 1714 5613 addicti
1745 5560 1969 5613 Homero

404 5631 572 5693 chori,
607 5642 841 5683 noverat.
871 5628 1363 5699 Liban.Legatione
1397 5631 1464 5683 ad
1489 5630 1719 5697 Julian.,
1748 5641 1877 5685 tom.
1906 5630 1969 5694 Il,

406 5715 527 5769 pag.
568 5701 690 5753 157.

477 5781 503 5806 η
522 5770 906 5839 Ἀκμάζοντος
925 5771 993 5825 δὲ
1012 5772 1198 5826 αὐτοῦ
1216 5771 1347 5837 περὶ
1370 5772 1509 5836 τοὺς
1524 5772 1668 5839 λόγο
1678 5790 1763 5835 υς.
1790 5770 1811 5823 Ι
1821 5786 1969 5825 iicre-

407 5839 566 5895 dibile
600 5858 701 5909 quo
723 5853 1017 5911 quantoque
1037 5842 1225 5897 ardore
1249 5859 1421 5895 rerum
1443 5842 1815 5910 principalium
1838 5842 1969 5895 noti-

411 5912 537 5965 tiam
562 5910 1047 5983 cclsamindagaus,
1070 5924 1117 5970 et
1147 5914 1296 5982 (μιαιιὶ
1307 5912 1499 5981 pabula
1518 5913 1964 5983 quwdantauimo

2067 4864 2262 4928 Sep/litt!
2314 4864 2544 4917 membra
2590 4862 2867 4929 prudenter
2894 4862 3192 4926 disputde
3252 4863 3512 4911 currebat.
3540 4860 3641 4910 Sed

2069 4944 2382 4985 tamencum
2410 4935 2519 4986 Ita'c
2548 4936 2724 5000 G/II’t'It!
2754 4933 2998 4999 pleneque
3030 4932 3314 4997 colligeret,
3348 4946 3437 4979 nec
3468 4929 3640 4979 Immi-

2068 5004 2204 5055 (ἑυνα
2253 5006 2508 5069 despexit.
2548 5005 2801 5068 poeticam
2842 5000 3173 5052 nmiiorritrr
3220 5010 3269 5052 et
3324 5000 3641 5052 rhrtorirmit

2068 5074 2147 5141 (ut
2178 5077 2407 5126 ostendit
2444 5075 2741 5126 orationum
2771 5073 3217 5137 epistularumque
3249 5072 3359 5130 eius
3377 5086 3491 5120 cum
3521 5085 3642 5131 yro-

2069 5146 2226 5197 vitate
2245 5147 2468 5197 Comitas
2504 5144 2829 5208 incorrupta)
2858 5153 2904 5191 et
2936 5152 3242 5193 nostrarum
3270 5152 3639 5193 externarum-

2073 5231 2168 5276 que
2194 5231 2367 5268 rerum
2400 5215 2679 5267 historiam
2723 5213 3123 5277 multilormem.
3162 5211 3337 5264 Amm.
3369 5208 3630 5262 Marcelli-

2076 5300 2200 5346 nus,
2238 5286 2329 5337 lib.
2366 5300 2471 5346 xvi,
2497 5300 2615 5350 cap.
2660 5283 2712 5336 ὕ.

2148 5362 2172 5389 ο
2200 5356 2365 5422 Παρὰ
2412 5348 2684 5415 nmmo.
2717 5350 2995 5412 Libanius,
3028 5350 3199 5417 patria
3240 5348 3633 5422 itiitioclierius,

2073 5417 2445 5478 claruit'anno
2474 5424 2602 5477 Chr.
2629 5424 2754 5482 ὖϋυ,
2785 5429 2839 5474 et
2870 5422 2935 5473 ad
2967 5430 3208 5475 extrema
3242 5417 3531 5473 Theodosii
3566 5419 3634 5472 Μ.

2074 5502 2316 5564 tempora
2348 5495 2679 5564 perduravit,
2718 5493 2785 5544 ab
2808 5508 2873 5543 eo
2915 5491 2978 5543 ad
3008 5488 3256 5564 pnetorio
3288 5490 3522 5564 pi-zelijcti
3556 5489 3639 5564 ili-

2075 5559 2618 5634 gnitatem'evectus;
2650 5560 3143 5634 Constantinopoli.
3172 5560 3512 5634 metunt-dim,
3544 5559 3639 5611 dc-

2081 5628 2244 5703 iiique
2284 5636 2585 5689 Antiochia:
2647 5634 2968 5686 rhetoricam
3016 5628 3231 5703 docuit.
3275 5628 3537 5703 Multade
3579 5645 3640 5681 Se.

2081 5698 2241 5759 habet
2273 5707 2410 5759 libro
2448 5720 2606 5774 quem
2638 5704 2703 5756 de
2730 5704 2835 5756 vita
2872 5719 2964 5755 sua
2992 5701 3348 5774 conscripsit,
3374 5699 3460 5774 ubi
3486 5698 3551 5774 ille
3582 5714 3639 5750 se

2081 5779 2348 5845 rebusque
2371 5769 2487 5830 suis
2520 5774 2780 5843 usquead
2836 5788 3094 5825 nauseam
3143 5774 3267 5844 agit.
3289 5771 3455 5833 ίιλυιι.
3493 5769 3637 5823 Cave

2078 5846 2215 5903 inter
2243 5857 2535 5918 scriptorcs
2579 5848 2803 5915 gentile:
2843 5860 2965 5899 δα.
3004 5848 3101 5895 ιι.)
