4508 6588
809 472 906 527 571

2285 470 2625 530 εοοιιειτιε

3961 481 4066 536 ζ’)τῖ

807 589 924 650 dit;
955 586 1208 642 Julianus
1239 600 1369 642 vero
1415 585 1620 642 idcirco
1649 586 1716 640 ad
1746 584 2035 642 Lihauium
2074 585 2384 656 prohibitus
2413 598 2460 654 Α
2489 595 2581 648 ἐτύ

2285 600 2384 645 ltus
2413 598 2460 654 Α
2489 595 2786 666 ἐτύγχανεν
2831 596 2928 650 ὤν’
2962 597 3114 669 ὅμως
3147 593 3204 648 δὲ
3240 596 3474 671 ἐραστὴς
3505 598 3579 652 ὢν
3621 597 3730 651 τῶν
3757 597 3930 666 λόγων
3967 601 4065 652 αὐο

807 692 925 734 erat
978 678 1269 744 accedere,
1325 679 1470 749 quod
1525 679 1572 734 is
1622 679 1887 749 religione
1940 680 2164 751 gentilis
2218 689 2383 737 esset.

809 769 1129 826 Orationum
1151 779 1333 826 tamen
1362 769 1510 826 illius
1539 785 1728 826 amore
1747 779 1961 839 captus,
1997 771 2138 826 clam
2167 786 2260 827 eas
2283 772 2389 826 sibi

808 879 1136 935 comparans
1186 863 1434 920 studiose
1490 863 1792 920 lectitabat.
1817 863 2067 934 Cumque
2108 865 2163 919 in
2203 864 2389 920 rheto-

810 957 926 1010 rica
967 955 1279 1026 proliceret,
1309 953 1528 1010 advenit
1567 953 1936 1010 Nicodemiam
1971 955 2240 1012 Maximus
2268 957 2387 1026 phi-

810 1049 1095 1118 losophus,
1131 1063 1238 1103 non
1283 1049 1373 1102 ille
1417 1046 1735 1118 Byzantius,
1783 1047 2026 1103 Euclidis
2070 1056 2245 1118 pater,
2292 1049 2387 1104 sed

812 1141 1276 1212 Ephesius,quem
1300 1147 1491 1210 postea
1521 1149 1782 1210 tanquam
1807 1149 1952 1196 artes
1973 1140 2214 1209 magicas
2232 1156 2390 1197 exer-

809 1243 1022 1291 centem
1059 1235 1357 1304 imperator
1382 1232 1800 1288 Valentinianus
1825 1231 2057 1288 interﬁci
2077 1232 2264 1302 jussit.
2289 1233 2380 1288 Ve-

811 1343 930 1382 rum
1001 1327 1163 1398 169
1191 1326 1243 1382 id
1278 1325 1372 1382 diu
1409 1333 1596 1396 postea
1634 1325 1884 1396 contigit.
1925 1325 2079 1380 'l‘unc
2129 1325 2392 1393 temporis

812 1435 940 1475 vero
985 1419 1193 1475 nullam
1242 1417 1407 1474 aliam
1457 1417 1527 1473 ob
1572 1431 1836 1479 causam.
1883 1417 1979 1472 sed
2021 1417 2137 1474 sola
2179 1416 2386 1472 Juliani

812 1511 957 1564 fama
985 1510 1260 1581 impulsus
1292 1507 1668 1566 Nicomediam
1699 1509 2021 1564 advenerat.
2057 1509 2216 1579 Apud
2246 1509 2392 1564 hunc

811 1601 1068 1658 Julianus
1096 1617 1222 1657 cum
1259 1587 1623 1673 philosophiae
1651 1601 1969 1656 rudimenta
1999 1610 2053 1656 et
2085 1600 2378 1672 quemdam

814 1694 974 1763 quasi
1006 1703 1227 1764 gustum
1262 1693 1598 1764 percepisset
1618 1731 1634 1755 .
1670 1693 1856 1747 statim
1884 1692 2203 1762 religionem
2234 1705 2374 1760 prai-

812 1781 1060 1850 ueptor‘is
1094 1781 1304 1836 imitari
1343 1781 1531 1850 erepit.
1561 1779 1666 1846 Qui
1696 1781 1864 1835 etiam
1891 1781 2195 1850 imperandi
2230 1780 2392 1852 cupi-

815 1872 1044 1928 ditatem
1073 1873 1130 1927 in
1156 1872 1278 1941 ejus
1310 1873 1558 1928 animum
1587 1872 1798 1940 injecit.
1821 1872 1955 1926 Cum
1984 1873 2099 1927 haec
2121 1873 2187 1928 ad
2217 1872 2390 1942 impe-

817 1965 1022 2019 ratoris
1060 1979 1226 2020 aures
1263 1964 1474 2034 perlata
1511 1972 1720 2029 essent,
1760 1961 2015 2020 Julianus
2050 1965 2199 2044 inter
2236 1978 2388 2033 spem

817 2073 884 2112 ac
914 2065 1117 2113 metum
1151 2058 1526 2118 constitutus,
1572 2063 1632 2111 ut
1681 2055 2050 2125 suspicionem
2091 2053 2390 2123 ell‘ugeret,

816 2148 913 2218 qui
948 2149 1102 2218 prius
1137 2163 1299 2204 verus
1325 2149 1512 2220 fuerat
1543 2147 1925 2210 Christianus,
1976 2154 2115 2201 tunc
2162 2152 2394 2214 repente

820 2239 996 2295 falsus
1026 2240 1271 2295 exstitit:
1297 2248 1353 2295 et
1375 2240 1444 2294 ad
1470 2247 1652 2294 cutem
1677 2251 1856 2307 usque
1881 2245 2098 2298 tonsus.
2125 2234 2396 2289 monasti-

820 2346 942 2386 cam
981 2333 1148 2384 vitam
1186 2330 1488 2386 simulavit.
1515 2329 1581 2383 Et
1607 2329 1752 2383 clam
1781 2327 2002 2396 quidem
2031 2325 2398 2396 philosophiae

821 2438 1043 2494 operam
1067 2423 1231 2478 dabat
1251 2441 1266 2490 ;
1284 2423 1460 2492 palam
1486 2436 1612 2484 vero
1637 2434 1827 2476 sacros
1849 2417 2289 2474 Christianorum
2319 2418 2396 2471 le-

825 2516 986 2586 gebat
1021 2515 1218 2571 libros.
1271 2513 1582 2580 Quinetiam
1634 2512 1689 2565 in
1727 2511 1964 2567 ecclesia
1998 2507 2399 2564 Nieomediensi

824 2601 1000 2664 lector
1023 2615 1109 2664 est
1133 2609 1482 2664 constitutus.
1512 2604 1838 2675 Hujusmodi
1862 2602 2215 2660 simulatione
2239 2617 2397 2664 usus,

825 2701 1173 2770 imperatoris
1196 2699 1437 2753 furorem
1461 2698 1668 2767 eﬂ‘ugit.
1687 2695 1752 2750 Et
1767 2697 1872 2750 ista
1894 2695 2113 2764 quidem
2138 2701 2284 2747 metu
2309 2692 2402 2746 ad-

827 2791 1026 2846 ductus
1055 2791 1185 2860 egit.
1221 2789 1492 2844 Caeterum
1523 2802 1674 2857 spem
1718 2787 1902 2840 animo
1929 2791 2256 2852 conceptam
2296 2781 2400 2835 mi-

828 2885 977 2939 nime
1021 2883 1326 2952 abjiciens,
1374 2880 1630 2951 plurimis
1683 2879 1989 2932 amicorum
2041 2875 2226 2930 felicia
2284 2872 2404 2928 fore

829 2985 1081 3045 tempora
1116 2973 1365 3036 dicebat,
1399 2972 1601 3042 quibus
1637 2971 1757 3041 ipse
1787 2983 2004 3026 summa
2033 2981 2218 3022 rerum
2260 2965 2404 3034 poti-

829 3075 1001 3123 retur.
1038 3063 1174 3120 Dum
1207 3081 1298 3121 res
1329 3063 1536 3120 Juliani
1567 3063 1674 3119 hoc
1709 3064 1764 3118 in
1799 3069 1946 3120 statu
1976 3058 2159 3118 essent
2181 3099 2195 3124 ,
2233 3057 2406 3112 frater

829 3159 950 3229 ejus
980 3157 1167 3215 Gallus
1192 3158 1286 3228 qui
1310 3156 1494 3212 Caesar
1517 3155 1861 3212 renuntiatus
1889 3153 2096 3218 fuerat,
2131 3152 2186 3206 in
2212 3148 2408 3206 Orien-

2491 687 2586 740 τοῦ
2611 725 2626 751 ,
2681 686 2980 758 λεληθότως
3019 686 3270 757 συνάγων
3321 691 3518 756 αὐτοὺς
3565 691 3803 764 ἠσκεῖτο.
3857 692 4065 761 Προκό-

2493 794 2716 842 πτοντος
2739 777 2792 832 δὲ
2813 779 2977 834 αὑτοῦ
3007 778 3149 836 κατὰ
3173 780 3272 853 τὴν
3318 782 3614 854 ῥητορικὴν
3634 824 3648 848 ,
3677 782 3960 852 ἐφίσταται
3999 785 4066 854 τῇ

2491 869 2826 942 Νικομηδείᾳ
2853 871 3104 943 Μάξιμος
3137 873 3168 926 ὁ
3213 873 3537 943 φιλόσοφος,
3572 874 3670 944 οὐχ
3713 876 3743 928 ό
3775 871 4068 938 Βυζάντιος

2490 963 2520 1016 ό
2545 961 2831 1018 Εὐκλείδου
2862 965 3042 1037 πατὴρ
3067 965 3214 1036 (12),
3247 965 3361 1019 ἀλλ’
3383 967 3412 1020 ὁ
3450 967 3694 1036 Ἐφέσιος
3725 975 3772 1028 P,
3814 965 3874 1019 δν
3912 965 4067 1019 ὓστε-

2495 1071 2588 1127 ρον
2609 1055 2686 1121 ὠς
2718 1059 3056 1128 μαγγανείας
3079 1057 3338 1112 ποιοῦντα
3357 1059 3386 1112 ὀ
3417 1057 3666 1128 βασιλεὺς
3690 1057 4070 1113 Οὐαλεντινια-

2491 1149 2581 1214 νὸς
2615 1150 2968 1221 ἀναιρεθῆναι
3023 1150 3297 1205 ἐκέλευσε.
3338 1149 3512 1204 Τοῦτο
3558 1149 3657 1220 μὲν
3699 1146 3792 1204 οὖν
3843 1149 4069 1222 ὕστερον

2493 1242 2706 1311 γέγονε.
2734 1243 2868 1298 Τότε
2893 1243 2952 1296 δὲ
2972 1282 2988 1308 ,
3015 1243 3078 1297 οὐ
3110 1242 3176 1297 δι’
3197 1241 3384 1312 ἕτερόν
3421 1258 3474 1296 τι
3507 1241 3690 1312 παρῆν
3720 1243 3798 1305 είς
3826 1241 3924 1312 τὴν
3967 1241 4068 1294 Νι-

2493 1333 2817 1404 κομήδειαν,
2849 1332 2986 1388 ἀλλά
3025 1331 3309 1387 Ἰουλιανοῦ
3345 1332 3502 1403 φήμη
3529 1327 3664 1403 ἦγεν
3696 1331 3880 1386 αὐτόν.
3913 1328 4072 1402 Παρά

2491 1425 2664 1494 τούτῳ
2692 1424 2756 1494 δὴ
2793 1424 3099 1495 φιλοσόφων
3129 1424 3302 1493 λόγων
3338 1423 3708 1502 γευσάμενος,
3749 1423 3909 1488 εὐθὺς
3948 1425 4069 1492 ἐμι-

2497 1518 2646 1586 μεῖτο
2674 1516 2769 1570 καὶ
2796 1515 2896 1588 τὴν
2925 1515 3223 1587 θρησκείαν
3250 1513 3344 1568 τοῦ
3376 1514 3690 1580 παιδευτοῦ,
3707 1515 3801 1568 τοῦ
3829 1515 3924 1568 καὶ
3951 1516 4073 1566 ἐπι-

2494 1607 2694 1678 θυμίαν
2722 1611 2822 1678 τῆς
2856 1607 3131 1678 βασιλείας
3160 1605 3518 1678 ἐμϐάλλοντος
3552 1605 3701 1676 αὐτῷ
3737 1607 3873 1675 (15).
3918 1604 4072 1660 Ἐπεὶ

2492 1699 2550 1752 δὲ
2576 1697 2748 1752 ταῦτα
2778 1699 2878 1762 τὰς
2911 1698 3083 1762 ἀκοάς
3125 1697 3220 1752 τοῦ
3266 1699 3592 1770 κρατοῦντος
3623 1697 3908 1753 ἐλάνθανεν
3936 1695 4069 1765 (Η),

2493 1791 2554 1842 ἐν
2589 1788 2740 1860 μέσῳ
2763 1787 2977 1850 ἐλπίδος
3003 1788 3096 1842 καὶ
3124 1787 3292 1858 φόϐου
3333 1788 3410 1844 ὢν
3431 1830 3446 1855 ,
3475 1788 3574 1860 τὴν
3609 1789 3864 1842 ὑπόνοιαν
3905 1789 4074 1856 ἐκφυ-

2495 1884 2612 1949 γεῖν
2642 1880 2960 1951 βουλόμενος
2985 1920 3001 1944 ,
3040 1883 3068 1934 ὁ
3095 1879 3287 1953 πρώην
3313 1882 3534 1954 γνήσιος
3565 1879 3885 1952 Χριστιανὸς
3909 1921 3924 1945 ,
3950 1878 4072 1932 τότε

2497 1975 2730 2038 πλαστὺς
2756 1973 2970 2041 ἐγένετο
2992 1989 3007 2005 ο
3057 1973 3116 2026 ἐν
3153 1973 3270 2044 χρῷ
3317 1990 3378 2026 τε
3435 1973 3761 2046 κειράμενος
3782 2013 3796 2037 ,
3831 1971 3921 2024 τὸν
3965 1970 4073 2022 τῶν

2503 2065 2750 2139 μοναχῶν
2772 2065 3092 2136 ὑπεκρίνετο
3117 2063 3250 2136 βίον.
3269 2065 3382 2118 Καὶ
3407 2063 3707 2136 λεληθότως
3733 2062 3830 2133 μὲν
3855 2063 4074 2132 ἠσκεῖτο

2499 2158 2567 2212 τὰ
2587 2157 2880 2226 φιλόσοφα·
2917 2159 2974 2210 ἐν
3021 2155 3079 2210 δὲ
3124 2154 3202 2224 τῷ
3231 2153 3448 2226 φανερῷ
3473 2193 3488 2219 ,
3517 2154 3586 2208 τὰ
3633 2153 3753 2224 ίερά
3797 2151 3906 2204 τῶν
3939 2153 4075 2222 Χρι-

2503 2249 2736 2303 στιανῶν
2779 2247 3111 2316 ἀνεγίνωσκε
3143 2246 3472 2318 Γράμματα.
3500 2245 3609 2298 Καὶ
3647 2245 3710 2316 δὴ
3741 2243 3840 2314 τῆς
3875 2245 3932 2297 ὲν
3973 2243 4072 2296 Νι-

2504 2341 2769 2412 κομηδείᾳ
2825 2339 3119 2410 ἐκκλησίας
3174 2339 3526 2410 ἀναγνώστης
3575 2337 3911 2392 καθίσταται.
3964 2336 4074 2388 Καὶ

2504 2433 2592 2487 διὰ
2645 2430 2740 2484 τοῦ
2785 2431 3028 2484 τοιούτου
3077 2431 3496 2500 προσχήματος,
3529 2428 3630 2499 τὴν
3670 2426 3764 2481 τοῦ
3814 2425 4075 2497 βασιλέως

2505 2524 2796 2578 ἐλάνθανεν
2849 2522 3044 2592 ὁρμήν.
3100 2520 3211 2574 Καὶ
3263 2520 3351 2574 διὰ
3407 2519 3504 2590 μὲν
3561 2519 3650 2571 τὸν
3707 2516 3870 2586 φόϐον
3906 2515 4076 2570 ταῦτα

2507 2615 2794 2686 ἔπραττεν.
2829 2612 2939 2683 Τῆς
2967 2611 3024 2667 δὲ
3047 2611 3257 2675 ἐλπίδος
3288 2610 3389 2664 οὐκ
3430 2609 3795 2679 ἀφιστάμενος
3820 2647 3835 2673 ,
3865 2607 4078 2669 πολλοῖς

2507 2704 2618 2759 τῶν
2645 2707 2932 2774 γνωρίμων
2963 2701 3358 2772 εὐδαιμονίσειν
3391 2700 3542 2768 ἐλεγε
3567 2701 3693 2764 τοὺς
3717 2700 3940 2770 καιροὺς
3966 2740 3979 2764 ,
4010 2700 4077 2768 ἢν

2509 2798 2671 2860 αὐτὸς
2708 2795 2800 2849 τὸν
2833 2793 2969 2848 ὅλων
2996 2794 3337 2863 κρατήσειεν.
3382 2793 3469 2846 Ἐν
3490 2791 3701 2867 τούτοις
3721 2792 3778 2845 δέ
3802 2789 4074 2844 καθεστώ-

2508 2905 2618 2942 των
2645 2887 2753 2940 τῶν
2781 2887 2899 2938 κατ’
2929 2884 3108 2946 αὑτὸν,
3133 2882 3330 2946 Γάλλος
3363 2883 3391 2935 ό
3422 2880 3647 2950 ἀδελφὸς
3673 2879 3838 2934 αὑτοῦ
3865 2881 4080 2950 Καῖσαρ

2511 2977 2875 3048 ἀναδειχθεὶς,
2901 2971 3035 3048 ἧκεν
3075 2973 3338 3045 ὀψόμενος
3383 2973 3545 3026 αὑτὸν
3589 2973 3670 3035 είς
3701 2973 3800 3043 τὴν
3837 2972 4079 3042 Νικομή-

2511 3071 2692 3133 δειαν,
2723 3069 2804 3121 ὅτι
2836 3068 2928 3122 ἐπὶ
2954 3066 3052 3137 τὴν
3087 3065 3226 3138 ἐῴαν
3252 3064 3562 3136 ἐπορεύετο.
3616 3063 3769 3118 Ἐπεὶ
3800 3063 3858 3116 δὲ
3882 3063 4080 3126 Γάλλος

2519 3159 2710 3230 μικρὸν
2737 3157 2962 3228 ὕστερον
2989 3155 3226 3228 ἀνῃρέθη
3247 3197 3262 3220 ,
3291 3154 3630 3224 παραχρῆμα
3668 3154 3762 3208 καὶ
3796 3153 4081 3216 Ἰουλιανὸς

837 3248 908 3304 tis
930 3255 1115 3318 partes
1158 3245 1545 3317 proficiscens,
1595 3245 1808 3300 visendi
1847 3243 2022 3313 ipsius
2065 3254 2231 3296 causa
2260 3239 2408 3294 venit
2439 3266 2480 3322 ο
2516 3248 2617 3301 ὕπο

2300 3239 2408 3294 Βηὶι
2439 3266 2480 3322 c
2516 3248 2756 3311 ὕποπτος
2779 3246 3016 3316 κατέστη
3045 3244 3123 3316 τῷ
3162 3243 3370 3315 βασιλεῖ
3389 3252 3418 3293 ιι
3441 3257 3457 3273 ο
3485 3242 3565 3296 διὸ
3609 3241 3704 3295 καὶ
3733 3240 4080 3313 φρουρεῖσθαι

831 3338 1229 3394 Nicomediam.
1264 3337 1420 3392 Gallo
1464 3336 1630 3407 paulo
1671 3344 1798 3406 post
1838 3334 2165 3398 interiecto,
2214 3332 2404 3388 statim

833 3425 1090 3481 Julianus
1127 3429 1179 3479 in
1216 3427 1588 3494 suspicionem
1620 3425 1769 3479 venit
1803 3422 2156 3493 imperatoris
2189 3438 2204 3486 ;
2239 3428 2406 3490 atquo

836 3520 1045 3574 idcirco
1064 3519 1254 3588 jussus
1282 3526 1364 3574 est
1386 3516 1672 3572 custodiri.
1698 3515 1803 3571 Sed
1833 3530 1957 3569 cum
1985 3512 2248 3569 custodes
2273 3525 2405 3567 suos

835 3611 1077 3682 cllugerc
1099 3613 1396 3676 valuisset,
1420 3609 1644 3664 mutatis
1669 3606 1904 3664 subinde
1925 3607 2152 3662 latebris
2171 3609 2406 3662 salutem

838 3704 944 3759 sibi
979 3704 1251 3774 quaesivit.
1286 3703 1530 3758 Tandem
1571 3715 1702 3756 vero
1731 3716 1868 3755 uxor
1909 3699 2257 3769 imperatoris
2301 3699 2409 3755 Eu-

840 3795 991 3851 scbia
1017 3835 1032 3859 ,
1081 3809 1205 3850 cum
1246 3810 1370 3851 eum
1408 3795 1713 3850 latitantem
1756 3791 2240 3863 deprehendisset,
2287 3807 2413 3862 per-

841 3887 1020 3942 suasit
1052 3887 1376 3957 imperatori
1407 3886 1471 3942 ut'
1493 3886 1645 3941 nullo
1679 3885 1824 3940 malo
1851 3901 1975 3940 eum
2011 3883 2282 3951 afﬁceret,
2318 3885 2414 3942 sed

843 3979 1025 4048 potius
1043 3977 1283 4032 Athenas
1305 3977 1384 4032 ire
1404 3977 1740 4047 permitteret
1765 4018 1778 4041 ,
1803 3976 2162 4047 philosophia:
2190 3991 2413 4048 operam

2516 3339 2677 3393 αὑτὸν
2724 3338 3025 3391 ἐκέλευσεν.
3067 3329 3312 3406 ’ἰσχύσας
3342 3336 3398 3388 δὲ
3440 3335 3722 3407 διαδρᾶσαι
3761 3336 3887 3397 τοὺς
3919 3349 4084 3402 φρου-

2498 3431 2745 3500 ,ροῦντας
2774 3429 2935 3482 αὑτὸν
2960 3468 2974 3492 ,
3008 3429 3172 3481 τόπον
3205 3429 3268 3481 ἐκ
3313 3430 3476 3482 τόπου
3505 3427 3744 3498 ἀμείϐων
3772 3426 4080 3488 διεσώζετο.

2530 3524 2656 3592 me
2693 3523 2745 3576 δέ
2785 3540 2913 3576 ποτε
2942 3525 2974 3592 ἠ
3016 3523 3110 3575 τοῦ
3161 3521 3422 3592 βασιλέως
3453 3520 3663 3590 γαμετὴ
3693 3519 3924 3573 Εὑσεϐία
3949 3534 4084 3588 κρυ-

2519 3612 2785 3681 πτόμενον
2814 3610 3114 3680 ἀνευροῦσα
3138 3649 3152 3673 ,
3198 3609 3372 3663 πείθει
3419 3609 3508 3662 τὸν
3542 3609 3762 3678 βασιλέα
3793 3608 3959 3680 μηδὲν
3987 3607 4085 3678 μὲν

2519 3701 2679 3756 αὑτὸν
2702 3702 2896 3773 δρᾶσαι
2919 3702 3106 3764 κακὸν,
3139 3701 3486 3771 συγχωρῆσαι
3517 3701 3574 3754 δὲ
3606 3700 3698 3753 ἐπὶ
3727 3699 3822 3764 τὰς
3855 3698 4088 3769 Ἀθήνας

2520 3793 2728 3848 ἐλθόντι
2761 3794 3088 3864 φιλοσοφεῖν.
3141 3794 3419 3850 Ἐντεῦθεν
3463 3794 3623 3848 αὑτὸν
3647 3835 3662 3861 ,
3699 3793 4089 3862 ὡς’συντόμως

2521 3887 2694 3940 εἰπεῖν
2721 3926 2736 3950 ,
2799 3889 2829 3940 ὁ
2883 3886 3132 3956 βασιλεὺς
3199 3884 3690 3957 μεταπεμψάμενος
3715 3924 3732 3949 ,
3788 3883 4088 3950 κατέστησε

2523 3981 2817 4050 Καίσαρα·
2879 3981 2972 4032 καὶ
3032 3978 3156 4041 δοὺς
3210 3977 3359 4046 αὑτῷ
3413 3977 3646 4045 γυναῖκα
3704 3973 3804 4045 τὴν
3856 3970 4089 4040 ἀδελφὴν

1997 4158 2266 4216 VALESII
2299 4159 2848 4218 ANNOTATIONES.

917 4257 1027 4327 (l2)
1053 4259 1174 4325 Οὐχ
1203 4259 1234 4311 ό
1262 4255 1579 4322 Βυζάντιος
1604 4259 1636 4310 d
1653 4257 1982 4311 Εὺκιείὸου
2008 4259 2222 4326 πατὴρ.
2251 4257 2416 4313 Maxi-

845 4343 969 4385 mus
1001 4327 1249 4395 Epirotes
1277 4342 1369 4381 seu
1409 4327 1706 4396 Byzantius
1739 4328 2100 4396 philosophus
2136 4343 2415 4382 memora-

847 4405 991 4452 tura
1029 4397 1216 4460 Suida,
1252 4396 1447 4465 qnide
1491 4396 1878 4452 insolubilibus
1917 4399 2314 4465 qumstionibus
2360 4406 2416 4452 et

849 4469 918 4522 de
953 4466 1219 4526 numeris,
1256 4464 1309 4519 et
1335 4464 1796 4519 Commentarium
1823 4468 1877 4520 in
1914 4464 2256 4521 Aristotelem
2277 4468 2416 4523 scri-

851 4546 1036 4605 pserat
1074 4537 1140 4590 ad
1164 4535 1440 4589 Julianum
1473 4536 1856 4605 imperatorem
1877 4535 2202 4605 discipulum
2230 4551 2410 4590 suum.

850 4603 1006 4673 Quod
1030 4607 1073 4660 si
1095 4607 1166 4658 ita
1199 4613 1301 4676 est.
1333 4603 1772 4676 dupsﬂMaximos
1811 4603 2174 4676 praeceptores
2208 4607 2262 4660 in
2291 4609 2411 4676 phi-

2518 4260 2612 4314 τοῦ
2644 4260 2959 4329 φιλοσοφίαν
3005 4258 3338 4331 αὐξήσαντός
3373 4273 3434 4310 τε
3472 4255 3633 4328 ἡνίκα
3681 4253 3802 4324 ἔζη,
3839 4251 3935 4306 καὶ
3963 4251 4090 4306 σϐέ-

2521 4347 2712 4392 σαντος
2730 4333 2795 4400 τῇ
2817 4331 3059 4400 τελευτῇ.

2589 4389 2705 4470 (15)
2753 4389 2861 4456 ii'al
2911 4389 3230 4470 ὲπζὸυμίακ
3259 4395 3370 4463 τῆς
3399 4394 3718 4470 βασᾳείας
3755 4389 4090 4470 taedam.

2518 4461 2620 4536 tot}
2656 4461 2861 4526 αὑτοῦ.
2897 4470 2954 4524 lu
2990 4461 3516 4523 Florentino—codice
3544 4465 3740 4536 legitur
3765 4461 4091 4534 ἐμϐαλόντος

2518 4539 2686 4612 αὐτῷ,
2719 4541 2864 4612 quod
2899 4540 3081 4612 magis
3105 4539 3303 4612 placet.

2591 4603 2859 4682 (1’4)Α’Τὰς
2912 4603 3130 4676 άκροὰξι
3175 4607 3280 4682 τοῦ
3325 4603 4090 4682 κρατ-οὗντοςηέλάιςθανεν.

851 4672 1101 4746 lusophia
1163 4675 1353 4728 habuit
1405 4672 1677 4746 Julian_us,
1729 4672 2410 4746 alterumi'Epirotem'seu
2445 4677 2491 4733 ι)
2521 4672 2777 4735 Addenda
2833 4672 2918 4734 est
2981 4672 3244 4746 particula
3301 4672 3552 4744 negativa
3586 4692 3652 4730 ex
3691 4673 4093 4746 Nicephoroct

851 4744 1201 4817 liyzaulium;
1248 4746 1502 4817 alterum
1569 4744 1890 4817 Ephesium.
1947 4744 2166 4817 Maximi
2225 4755 2406 4800 autem

854 4813 1074 4886 Ephesii
1121 4815 1357 4886 elogium
1390 4821 1573 4886 exstat
1604 4813 2063 4886 apudilaihaniuui
2097 4814 2152 4868 in
2177 4817 2409 4886 epistola

850 4883 916 4940 Δί
943 4886 1066 4940 libri
1083 4901 1112 4940 v
1140 4900 1152 4936 :
1194 4885 1304 4937 Kal
1330 4883 1641 4953 φιλοσοφίας
1661 4885 1725 4954 ἢν
1745 4883 1961 4951 ἐδέξατο
1983 4885 2132 4956 παρὰ
2154 4885 2407 4956 Μαξίμου

2521 4749 2828 4820 Epiphanio
2889 4740 3272 4820 Scliolastico,
3303 4740 3763 4820 scribendumque
3804 4740 3905 4796 οὐκ
3931 4740 4092 4794 ἐλάν-

2517 4813 2697 4875 θανεν.
2727 4821 2847 4887 Quo
2875 4820 3034 4874 modo
3060 4818 3225 4874 etiam
3261 4817 3390 4886 legit
3414 4813 3974 4884 Christophorsonus.

2260 5038 2624 5096 VARIORUM
2635 5080 2648 5092 .

926 5144 956 5184 ιι
997 5135 1059 5187 '0
1103 5134 1392 5201 Ἐρέσιος.
1425 5132 1802 5187 Maximohuic
1833 5131 2086 5200 Ephesio,
2122 5131 2281 5201 eique
2307 5129 2415 5200 Cy-

856 5205 1001 5268 nico,
1019 5205 1114 5258 util
1141 5205 1289 5272 iquet
1307 5219 1336 5258 e
1359 5203 1560 5258 Julianl
1581 5204 1644 5256 ad
1663 5202 1913 5272 eumdem
1929 5203 2178 5272 epistola,
2201 5215 2416 5272 summo

855 5292 918 5332 ea
939 5283 1092 5328 :etate
1117 5271 1458 5344 philosOpho,
1477 5281 1615 5328 testc
1630 5275 1804 5344 Amm.
1823 5271 2158 5332 Marcellino.
2179 5271 2427 5344 Nicome-

857 5347 960 5401 dia:
986 5339 1216 5410 primum
1248 5339 1465 5399 dedisse
1483 5358 1701 5414 operam
1725 5342 2022 5414 Julianum,
2051 5343 2297 5414 referunt
2321 5339 2424 5394 So-

862 5425 1042 5469 crates
1068 5425 1119 5467 et
1143 5414 1477 5468 Soznmenus
1503 5429 1515 5466 :
1541 5413 1683 5481 quod
1708 5422 1888 5466 tamen
1911 5413 1964 5466 in
1989 5413 2162 5468 lonia.
2181 5413 2234 5465 in
2263 5425 2423 5480 quam

864 5489 952 5540 ille
969 5486 1282 5539 adolescens
1302 5500 1358 5538 se
1378 5485 1702 5546 contulerat,
1721 5498 1782 5536 ac
1799 5484 1886 5537 ubi
1907 5484 2100 5552 agebat
2127 5481 2416 5544 Maximus,

862 5558 931 5609 ah
972 5571 1037 5610 eo
1091 5555 1291 5607 factum
1357 5563 1662 5607 memorant
1717 5552 1974 5607 Libanius
2029 5563 2083 5606 et
2125 5552 2422 5620 Eunapius.

863 5626 1058 5690 Quanti
1089 5626 1231 5678 hunc
1275 5624 1652 5694 philosophum
1681 5621 1939 5677 Julianus
1970 5622 2176 5694 fecerit,
2210 5621 2426 5694 abunde

864 5695 1134 5757 ostendit,
1169 5690 1360 5748 uhi'ait
1391 5690 1504 5756 σε(
1529 5694 1766 5762 quandiu
1818 5693 1906 5746 ille
1947 5692 2139 5760 abfuit.
2179 5690 2425 5762 vitafrui

867 5783 970 5818 non
1008 5781 1179 5832 posse,
1225 5765 1326 5818 nisi
1369 5759 1624 5834 quatenus
1653 5764 1858 5818 litteras
1903 5759 2024 5832 ejus
2059 5762 2260 5832 legerit.
2295 5759 2425 5830 Epi-

866 5839 1003 5891 stola
1040 5836 1124 5889 15.

934 5917 964 5956 ιι
998 5907 1298 5972 ’Ύποπτος
1345 5904 1600 5974 κατέστη
1651 5903 1727 5970 τῷ
1754 5904 2016 5968 βασιλεῖ.
2045 5902 2178 5957 Audi
2220 5905 2287 5957 de
2324 5899 2424 5953 hac

2521 5147 2581 5186 re
2603 5131 2780 5199 ipsum
2809 5128 3106 5184 Julianum.
3129 5128 3378 5199 ’Δπαντα
3394 5125 3583 5199 χρόνον
3629 5120 3818 5175 εὔνουν
3860 5117 4092 5189 ἐμαυτὸν

2527 5197 2718 5270 ἐκείνῳ
2741 5200 2836 5252 καὶ
2855 5199 3041 5251 πιστὸν
3072 5197 3344 5270 παρέχων.
3379 5197 3510 5270 Cum
3531 5210 3622 5265 ego
3650 5200 3894 5270 perpetuo
3922 5203 4092 5242 meum

2528 5272 2611 5325 illi
2648 5263 2997 5341 (imperatori)
3049 5263 3281 5341 antorem
3314 5284 3376 5320 ac
3415 5263 3573 5341 [idem
3598 5263 4096 5341 prwstitissem..ne-
4165 5317 4170 5321 ,

2528 5343 2636 5395 scio
2655 5331 2846 5409 quibus
2899 5355 2962 5392 ea:
2982 5331 3168 5409 causis
3194 5331 3518 5409 commotum
3540 5331 3605 5388 in
3627 5349 3707 5387 me
3723 5331 3891 5409 illum
3921 5331 4094 5408 unint-

2528 5402 2748 5466 atlverti.
2781 5416 2850 5462 At
2876 5411 2968 5461 illa
2988 5408 3260 5479 (Eusebia)
3295 5424 3412 5460 cum
3439 5407 3667 5479 primum
3716 5402 3899 5479 inanes
3923 5402 4094 5479 nescio

2527 5498 2657 5550 quas
2723 5471 3044 5548 suspiciones
3105 5471 3362 5539 audisset,
3405 5471 3516 5550 sine
3551 5472 3830 5550 cujusdam
3856 5471 4095 5548 criminis

2529 5542 2756 5616 nomine,
2781 5542 2836 5602 ut
2865 5552 2927 5602 de
2964 5566 3026 5602 ea
3048 5566 3102 5615 re
3116 5551 3264 5618 prius
3284 5542 3787 5618 inquireretfpetiit,
3828 5556 3920 5618 nec
3949 5542 4096 5618 prius

2534 5608 2809 5690 falsam'et
2838 5610 3072 5684 iniquam
3103 5608 3423 5690 calumniam
3465 5608 3783 5690 admitteret.
3833 5609 3960 5690 Htec
3993 5608 4097 5676 ﬂa-

2531 5681 2698 5761 gitare
2750 5708 2849 5744 non
2897 5681 3119 5750 destitit.
3156 5689 3317 5743 donec
3339 5705 3419 5741 me
3449 5688 3516 5740 ad
3540 5690 3879 5761 conspectum
3908 5681 4092 5761 impetu

2531 5750 2895 5830 perduxisset,
2958 5762 3184 5829 mihique
3242 5775 3336 5827 pro
3384 5773 3464 5830 me
3517 5750 3722 5830 dicendi
3783 5750 4097 5830 facultatem

2533 5821 3002 5902 impetrasset,'etc.
3027 5821 3288 5887 Encomio
3315 5830 3372 5885 in
3405 5826 3713 5890 Eusebiam,
3747 5828 3886 5879 orat.
3917 5821 3972 5876 5.
