4508 6588
433 511 542 567 573

1396 507 1723 567 HISTORIA
1765 505 2331 565 ECCLESIASTICA.
2373 538 2444 549 —
2482 508 2609 563 LIB.
2656 510 2742 565 111.

3605 514 3705 569 571

442 631 666 701 Ἑλένην
692 672 710 698 ,
732 631 826 683 ιπὶ
871 630 969 694 τάς
1012 630 1242 693 Γαλλίας
1275 629 1416 684 κατὰ
1445 630 1555 684 τῶν
1583 629 1884 702 Βαρϐάρων
1917 631 2022 683 άπ-
2051 633 2098 691 Α
2125 628 2219 683 dat

1924 631 2022 683 άπ-
2051 633 2098 691 Α
2125 628 2407 683 daturum.
2434 628 2632 684 Postea
2662 645 2812 695 vero,
2841 641 2899 684 ut
2934 646 3047 686 rem
3068 631 3310 688 breviter
3336 636 3704 704 complectar,

433 724 672 779 έστειλεν
700 733 748 776 τ.
785 726 847 777 0i
873 723 981 794 γάρ
1000 724 1065 795 δὴ
1094 722 1385 795 Βάρϐαροι.
1404 723 1497 787 οὓς
1527 725 1556 777 ὁ
1587 723 1839 794 βασιλεὺς
1864 724 2017 777 Κωνσ-

434 818 683 879 στάντιος
737 816 816 879 είς
868 816 1189 885 συμμαχίαν
1242 817 1385 871 κατά
1435 816 1771 886 Μαγνεντίου
1824 816 2017 888 μικρὸν

432 908 745 978 ἔμπροσθεν
772 906 1135 979 ἐμισθώσατο,
1156 911 1236 974 είς
1263 910 1415 964 οὐδὲν
1436 912 1709 981 χρήσιμον
1729 909 1843 980 (15)
1877 909 2019 963 κατὰ

432 998 527 1051 τοῦ
580 998 845 1070 τυράννου
896 1000 1179 1071 γενόμενοι
1208 1043 1222 1063 ,
1272 1002 1370 1066 τάς
1429 1003 1717 1075 Ῥωμαίων
1769 1003 2018 1075 ἔφθειρον

434 1089 620 1153 πόλεις
647 1104 659 1115 ·
692 1092 789 1143 καὶ
818 1091 1006 1161 ἐπειδὴ
1046 1091 1166 1156 νέος
1216 1088 1284 1163 ἦν
1318 1092 1415 1164 τὴν
1460 1094 1675 1165 ἠλικίαν
1698 1136 1714 1160 ,
1762 1094 2017 1148 ἐκέλευσε

437 1180 606 1251 μηδὲν
641 1182 805 1236 αὐτὸν
855 1183 1112 1253 πράττειν
1144 1184 1266 1255 δίχα
1313 1183 1537 1255 γνώμης
1580 1186 1895 1257 ἡγουμένων
1922 1186 2016 1240 τοῦ

436 1274 689 1346 στρατοῦ.
730 1277 817 1339 Ὠς
862 1276 919 1329 δὲ
951 1280 1147 1331 ἐκεῖνοι
1190 1280 1287 1348 τῆς
1336 1279 1582 1344 ἐξουσίας
1612 1280 1814 1350 ταύτης
1860 1278 2018 1333 λαϐό-

436 1385 611 1437 μενοι,
644 1368 1016 1440 ῥᾳθυμότερον
1046 1370 1156 1422 τῶν
1180 1371 1522 1441 πραγμάτων
1542 1372 1858 1443 ἐφρόντιζον
1879 1412 1892 1434 ,
1926 1373 2020 1425 καὶ

433 1459 523 1511 διὰ
570 1459 727 1513 τοῦτο
758 1460 829 1513 τὰ
878 1460 1181 1533 Βαρϐάρων
1213 1462 1646 1534 ἐπικρατέστερα
1684 1459 1784 1534 ἦν,
1822 1464 1850 1515 ὁ
1892 1464 2020 1515 ’1ου-

435 1548 616 1613 λιανὸς
651 1550 779 1614 τοὺς
819 1552 918 1621 μὲν
949 1552 1286 1622 στρατηγοὺς
1315 1553 1400 1606 εἷα
1442 1557 1671 1623 τρυφαῖς
1715 1556 1809 1608 καὶ
1836 1553 2019 1612 πότοις

438 1641 723 1713 σχολάζειν
754 1658 770 1674 ·
836 1645 964 1706 τοὺς
1037 1644 1095 1697 δὲ
1148 1644 1507 1715 ίστρατιώτας
1579 1645 2017 1718 προθυμοτέρους

436 1732 697 1803 εποίησε,
736 1731 926 1803 μισθὸν
975 1732 1280 1803 ὡρισμένον
1330 1734 1407 1805 τῷ
1459 1735 1700 1788 ἀνελόντι
1748 1736 2018 1808 βάρϐαρον

439 1823 834 1893 ὑποσχόμενος.
893 1822 1067 1878 Τοῦτο
1102 1825 1374 1897 παρέσχεν
1429 1828 1602 1897 ἀρχὴν
1652 1826 1747 1880 τοῦ
1806 1828 1899 1881 καὶ
1950 1828 2017 1882 τά

442 1914 745 1986 Βαρϐάρων
797 1914 1194 1981 ἐλαττοῦσθαι,
1234 1918 1327 1971 καὶ
1381 1918 1542 1973 αὐτὸν
1574 1919 1833 1990 ἐράσμιον
1871 1921 2017 1992 παρά

432 2010 545 2069 τοῖς
578 2007 938 2079 στρατιώταις
967 2008 1243 2077 γενέσθαι.
1276 2009 1448 2079 Λόγος
1484 2010 1543 2063 δέ
1572 2028 1683 2073 τις,
1728 2011 1809 2064 ὅτι
1842 2013 1921 2075 εἱς
1958 2012 2015 2065 ἓν

434 2100 541 2152 τῶν
567 2101 858 2173 πολιχνίων
895 2101 1225 2165 εἰσελθόντος
1271 2102 1437 2156 αὐτοῦ
1458 2147 1472 2168 ,
1510 2104 1774 2170 στέφανος
1811 2105 1904 2173 ἀφ’
1940 2096 2015 2158 ὧν

433 2191 533 2253 τάς
567 2191 753 2255 πόλεις
797 2191 1093 2262 κοσμοῦσιν
1122 2191 1257 2263 (16).
1299 2192 1357 2243 ὲν
1399 2192 1549 2263 μέσῳ
1580 2192 1687 2245 τῶν
1727 2193 1918 2246 κιόνων
1953 2195 2016 2246 ὲκ

434 2282 717 2337 καλωδιων
746 2283 1081 2354 ὴρτημένος,
1114 2286 1180 2354 τῇ
1212 2283 1422 2355 κεφαλῇ
1458 2285 1800 2356 κατενεχθεὶς
1835 2288 2013 2357 ἥρμο-

436 2391 547 2437 σεν,
578 2374 671 2427 ἐπί
698 2391 755 2427 τε
782 2373 955 2445 τούτῳ
979 2375 1187 2437 πάντας
1223 2375 1351 2438 τοὺς
1378 2376 1651 2447 παρόντας
1674 2377 1974 2447 ἀναϐοῆσαι
1998 2399 2013 2413 ο

435 2466 835 2538 προδηλοῦσθαι
870 2467 979 2539 γάρ
1020 2467 1169 2538 αὐτῷ
1199 2467 1287 2521 διὰ
1327 2467 1422 2521 τοῦ
1465 2470 1756 2540 γενομένου
1788 2474 2013 2543 σημείου

433 2558 532 2630 τὴν
555 2559 852 2629 βασιλείαν.
875 2560 1012 2613 Φασὶ
1037 2560 1094 2614 δέ
1130 2578 1275 2626 τινες
1299 2602 1314 2625 ,
1340 2561 1417 2626 ὡς
1449 2564 1825 2629 Κωνστάντιος
1854 2567 2016 2622 αὑτὸν

435 2651 686 2706 διατοῦτο
732 2652 828 2705 ἐπὶ
866 2653 992 2716 τοὺς
1025 2653 1343 2724 Βαρϐάρους
1375 2654 1728 2722 ἀπέστειλεν,
1766 2657 1855 2713 ἵνα
1901 2659 2018 2712 ἐκεῖ

433 2742 742 2814 διαφθαρῇ,
769 2743 1214 2814 συμπλεκόμενος
1240 2744 1445 2809 αὐτοῖς.
1473 2744 1587 2798 Ούκ
1618 2742 1736 2801 οἶδα
1764 2746 1821 2800 δὲ
1841 2786 1857 2810 ,
1888 2748 1937 2801 εί
1965 2751 2014 2803 oi

433 2835 495 2887 τὸ
515 2834 725 2889 τοιοῦτο
764 2834 1012 2904 λέγοντες
1036 2834 1405 2907 ἀληθεύουσιν.
1442 2836 1501 2890 ’0
1524 2838 1630 2909 γάρ
1659 2837 1756 2909 τὴν
1781 2838 2015 2911 ἀδελφὴν

436 2930 534 3000 τὴν
568 2930 701 2983 ἰδίαν
732 2928 881 2999 αὐτῷ
911 2931 1269 3000 συνοικήσας,
1296 2930 1682 2997 ἐπιϐουλεύων,
1712 2932 1864 2987 οὐδὲν
1888 2933 2016 2988 ἄλλο

435 3022 470 3091 ἦ
500 3021 621 3075 καθ’
644 3019 841 3075 ἑαυτοῦ
870 3021 970 3092 τὴν
1002 3022 1293 3094 ἐπιϐουλὴν
1313 3022 1530 3095 ἔτρεπε.
1561 3024 1733 3079 Τοῦτο
1769 3026 1866 3097 μὲν
1898 3022 2014 3093 οὖν⁹

435 3113 511 3176 ὡς
557 3114 773 3184 ἑκάστῳ
826 3114 1016 3178 δοκεῖ,
1051 3113 1301 3185 κρινέτω.
1351 3115 1643 3171 Ἰουλιανοῢ
1698 3116 1755 3170 δὲ
1798 3118 2016 3188 μεμψα-

439 3201 604 3273 μένου
653 3203 805 3275 παρά
845 3204 1055 3275 βασιλεῖ
1080 3205 1179 3277 τὴν
1215 3204 1485 3277 ρᾳθυμίαν
1513 3204 1621 3260 τῶν
1653 3206 2016 3277 στρατηγούν-

435 3308 583 3355 των,
635 3292 822 3365 ῐτερος
861 3294 1118 3364 ἐπέμφθη
1168 3295 1506 3365 στρατηγὸς,
1558 3295 1905 3366 ἡρμοσμένος
1946 3298 2013 3367 τῇ
2045 3340 2089 3400 c

437 3384 717 3457 προθυμίᾳ
772 3386 1079 3441 ’1ουλιανοῦ.
1120 3388 1217 3442 Ὃν
1255 3388 1393 3459 ἔχων
1433 3390 1707 3460 ὑπουργὸν
1730 3433 1745 3457 ,
1798 3389 2018 3463 θαρῥῶν

437 3479 550 3540 τοῖς
600 3476 912 3549 Βαρϐάροις
966 3478 1315 3533 συνέϐαλλεν.
1371 3481 1433 3534 Ol
1478 3480 1535 3534 δὲ
1574 3481 2023 3553 διεπρεσϐεύοντο

438 3568 574 3639 πρδς
603 3569 795 3633 αὐτὸν,
827 3565 1131 3635 δεικνύντες
1168 3572 1246 3635 ὡς
1291 3571 1361 3625 τὰ
1406 3571 1668 3642 βασιλέως
1718 3575 2023 3646 γράμματα

437 3664 519 3725 είς
547 3661 647 3734 τὴν
686 3662 971 3735 Ῥωμαίων
1012 3664 1196 3735 χώραν
1246 3668 1501 3737 παρεῖναι
1550 3666 1761 3721 κελεύει
1800 3668 2020 3734 αὐτοὺς,

439 3753 533 3806 καὶ
582 3753 680 3815 τάς
722 3756 1009 3821 ἐπιστολάς
1047 3756 1415 3814 ἐπεδείκνυον.
1453 3758 1514 3813 '0
1539 3759 1596 3812 δὲ
1618 3760 1732 3827 τὸν,
1763 3760 1862 3832 μὲν
1889 3780 2022 3834 πρε-

440 3845 671 3917 σϐευτὴν
694 3845 980 3919 δεσμώτην
1003 3849 1225 3920 ἐποίησε
1248 3867 1261 3880 ο
1296 3850 1591 3921 συμϐάλλει
1616 3851 1673 3904 δὲ
1699 3851 1777 3922 τῷ
1806 3853 2020 3924 πλήθει,

438 3937 535 3990 καὶ
562 3939 907 4009 κατακράτος
931 3941 1077 4012 νικᾷ·
1101 3940 1197 3994 καὶ
1219 3940 1309 3994 τὸν
1339 3941 1564 4011 βασιλέα
1583 3942 1693 3997 τῶν
1716 3943 2022 4016 Βαρϐάρων

439 4027 783 4098 αἰχμάλωτον
815 4028 1018 4094 λαϐὼν,
1045 4020 1412 4103 Κωνσταντίῳ
1447 4032 1679 4104 ἔπεμψε.
1715 4034 1904 4089 Ταῦτα
1935 4035 2026 4088 εὐ-

437 4118 681 4190 τυχήσας
704 4158 721 4185 ,
764 4119 1155 4192 ἀναγορεύεται
1187 4120 1293 4174 ὑπὸ
1334 4120 1445 4174 τῶν
1488 4122 1839 4192 στρατιωτῶν
1873 4122 2025 4192 βασις

438 4210 584 4275 λεύς.
628 4211 717 4276 Ὠς
742 4212 800 4266 δὲ
843 4212 1107 4283 στέφανος
1135 4212 1413 4283 βασιλικὸς
1461 4216 1522 4267 οὐ
1554 4214 1735 4285 παρῆν
1760 4256 1775 4278 ,
1808 4209 1889 4278 εἷς
1917 4216 2025 4269 τῶν

437 4296 785 4371 δορυφόρων,
815 4300 876 4354 ὃν
903 4296 1017 4373 εἶχε
1041 4302 1461 4373 περιτραχήλιον
1508 4302 1702 4357 ἑαυτοῦ
1759 4304 2023 4375 στρεπτὸν

2120 722 2421 791 imperator
2448 736 2577 777 eum
2622 720 2752 778 inde
2782 723 3111 779 accersitum
3133 766 3147 790 ,
3179 725 3452 779 Caesarem
3495 742 3708 781 renun-

2120 811 2221 863 tiat
2248 829 2262 867 :
2304 817 2359 866 et
2391 825 2586 866 sorore
2626 826 2725 867 sua
2759 810 2964 866 Helena
2996 813 3074 867 illi
3105 813 3159 868 in
3188 814 3504 885 conjugium
3539 815 3665 868 data
3689 854 3703 877 ,

2120 906 2176 958 in
2212 903 2417 958 Gallias
2444 911 2641 959 contra
2668 903 2936 960 barbaros
2966 905 3157 962 mittit.
3187 904 3404 960 Etenim
3432 906 3655 960 barbari
3680 944 3696 966 ,

2120 1010 2260 1065 quos
2297 994 2658 1050 Constantius
2702 995 3003 1066 imperator
3042 997 3111 1051 ad
3163 996 3433 1051 auxilium
3478 998 3581 1051 sibi
3631 997 3705 1051 lc-v

2120 1086 2354 1140 rendnm
2390 1096 2582 1141 contra
2612 1086 2983 1157 Magnentium
3030 1090 3197 1159 paulo
3241 1097 3370 1143 ante
3417 1088 3702 1143 conduxe-

2120 1188 2239 1241 rat,
2290 1192 2414 1230 cum
2467 1177 2677 1231 nullum
2720 1178 2805 1233 sui
2841 1193 3004 1234 usnm
3050 1179 3413 1249 prmbuisscnt
3464 1181 3519 1233 in
3563 1180 3704 1234 bello

2120 1269 2387 1325 adversus
2417 1279 2710 1341 tyrannum
2734 1311 2748 1335 ,
2787 1272 2957 1325 urbes
2988 1272 3202 1342 imperii
3252 1270 3483 1327 Romani
3532 1288 3703 1343 pOpu-

2120 1360 2401 1415 labantur.
2433 1363 2501 1417 Et
2527 1362 2787 1433 quoniam
2816 1363 3071 1420 Julianus
3098 1374 3257 1421 aetate
3281 1367 3461 1422 adhuc
3485 1365 3704 1436 juvenis

2120 1462 2272 1517 erat,
2310 1455 2573 1525 praecepit
2599 1456 2647 1511 ei
2680 1454 3037 1513 Constantius
3099 1473 3168 1513 ne
3193 1458 3325 1528 quid
3356 1467 3545 1529 ageret
3576 1459 3704 1513 abs-

2120 1560 2228 1615 que
2255 1543 2458 1600 ducum
2500 1546 2820 1601 militarium
2855 1548 3110 1603 consilio.
3160 1547 3267 1604 Sed
3312 1564 3437 1604 cum
3472 1550 3570 1612 illi,
3603 1550 3705 1604 hac

2122 1640 2396 1703 potestate
2426 1643 2676 1705 accepta,
2711 1637 3076 1707 negligentius
3111 1653 3225 1693 rem
3258 1648 3499 1709 agerent,
3537 1645 3705 1707 atque

2124 1724 2283 1794 170
2302 1725 2372 1779 ob
2398 1740 2516 1781 eam
2546 1742 2767 1782 causam
2797 1730 3109 1800 superiores
3132 1739 3319 1786 essent
3347 1730 3587 1793 barbari,
3609 1728 3706 1784 Ju-

2121 1816 2303 1872 lianus
2346 1816 2517 1875 duces
2561 1820 2783 1889 quidem
2837 1819 3053 1877 deliciis
3100 1832 3153 1877 et
3202 1822 3705 1892 compotationibus

2123 1909 2409 1980 indulgere
2444 1926 2642 1980 passus
2676 1924 2759 1967 est
2790 1932 2803 1967 2
2843 1914 3046 1968 milites
3084 1930 3214 1969 vero
3247 1914 3549 1970 alacriores
3584 1914 3706 1970 red-

2050 1975 2097 2036 B
2123 2000 2291 2066 didit,
2325 2010 2531 2056 certam
2562 2002 2871 2059 mercedem
2905 2006 3181 2075 pollicitus
3209 2007 3255 2063 ei
3286 2008 3379 2078 qui
3409 2008 3704 2062 barbarum

2124 2094 2439 2151 occidisset.
2472 2094 2611 2151 Hinc
2674 2096 2882 2151 factum
2922 2108 3006 2154 est
3046 2109 3105 2154 ut
3133 2108 3185 2155 et
3214 2101 3577 2156 barbarorum
3607 2116 3705 2156 co-

2124 2188 2227 2258 pia:
2256 2190 2656 2253 minuerentur,
2686 2200 2739 2245 et
2773 2192 2889 2261 ipse
2927 2193 3191 2247 militibus
3219 2202 3371 2250 esset
3404 2194 3703 2266 acceptior.

2123 2278 2323 2335 Fertur
2348 2289 2562 2345 autem,
2598 2298 2722 2336 cum
2768 2284 3030 2354 oppidum
3071 2285 3345 2355 quoddam
3397 2285 3708 2356 ingredere-

2124 2382 2233 2436 tur,
2280 2388 2542 2428 coronam
2574 2389 2683 2444 qua
2726 2375 2979 2431 civitates
3011 2377 3199 2431 ornari
3234 2377 3447 2442 solent,
3482 2377 3536 2432 in
3568 2377 3706 2433 duas

2124 2466 2414 2520 columnas
2448 2482 2776 2537 suspensam
2813 2467 3040 2525 funibus
3063 2510 3078 2534 ,
3111 2470 3165 2524 in
3197 2479 3363 2541 caput
3389 2470 3508 2540 ejus
3537 2471 3707 2541 aptis-

2122 2560 2261 2615 sime
2294 2560 2683 2616 descendisse:
2719 2578 2895 2632 eoque
2929 2564 3047 2618 viso
3079 2574 3311 2618 cunctos
3340 2564 3431 2634 qui
3468 2564 3699 2619 aderant

2120 2652 2465 2709 exclamasse
2487 2694 2502 2718 ,
2530 2654 2684 2723 quasi
2715 2670 2780 2708 eo
2812 2655 2970 2725 signo
2997 2656 3282 2725 imperium
3317 2655 3391 2710 illi
3419 2656 3706 2727 praesigni-

2125 2744 2280 2798 ﬁcari
2303 2744 2606 2800 videretur.
2636 2744 2775 2801 Sunt
2804 2748 2900 2817 qui
2944 2746 3134 2801 dicant
3174 2748 3325 2801 illum
3356 2756 3551 2803 contra
3577 2748 3710 2803 bar-

2124 2837 2288 2894 baros
2318 2853 2386 2894 eo
2414 2840 2650 2895 consilio
2680 2840 2911 2895 missum
2944 2855 3067 2897 esse
3095 2856 3123 2895 a
3159 2838 3516 2905 Constantio,
3547 2849 3609 2895 ut
3644 2840 3711 2895 il-

2123 2930 2198 2985 lic
2243 2946 2368 2987 cum
2412 2932 2670 2987 barbaris
2712 2932 2989 2988 dimicans
3037 2933 3309 2988 interiret.
3366 2931 3473 2989 Sed
3522 2941 3709 2988 utrum

2123 3038 2251 3077 vera
2282 3024 2472 3079 dicant
2501 3025 2596 3095 qui
2628 3024 2681 3079 id
2712 3038 3006 3087 asserunt,
3041 3025 3297 3095 equidem
3332 3024 3539 3080 nescio.
3571 3022 3707 3078 Nam

2124 3133 2316 3174 sorore
2342 3118 2561 3189 propria
2596 3117 2673 3172 illi
2712 3118 2767 3171 in
2800 3116 3211 3173 matrimonium
3245 3117 3371 3172 data
3393 3156 3408 3181 ,
3440 3116 3487 3172 si
3518 3122 3707 3187 postea

2125 3208 2357 3266 insidias
2388 3209 2437 3264 ei
2470 3208 2801 3275 struxisset,
2849 3224 3079 3280 prorsus
3105 3215 3301 3264 contra
3338 3208 3579 3279 seipsum
3613 3223 3709 3265 eas

2124 3306 2349 3360 molitus
2381 3313 2550 3361 esset.
2585 3302 2787 3359 Verum
2818 3304 2921 3359 hac
2958 3304 3025 3359 de
3067 3319 3126 3359 re
3166 3304 3368 3374 singuli
3413 3318 3515 3373 pro
3554 3303 3705 3357 arbi-

2121 3397 2233 3452 trio
2293 3413 2395 3453 suo
2430 3395 2704 3466 judicent.
2748 3394 2921 3451 Porro
2962 3411 3087 3450 cum
3129 3394 3384 3451 Julianus
3424 3396 3492 3451 de
3532 3395 3708 3467 negli-

2123 3490 2307 3558 gentia
2348 3502 2411 3541 ac
2444 3486 2703 3542 socordia
2734 3486 2937 3541 ducum
2971 3486 3112 3557 apud
3151 3486 3539 3557 imperatorem
3574 3501 3710 3557 que-

2124 3589 2246 3634 stus
2290 3587 2473 3642 esset,
2522 3579 2665 3632 alius
2713 3578 2923 3634 missus
2972 3586 3057 3634 est
3108 3580 3371 3650 magister
3427 3579 3707 3647 militum,

2123 3671 2396 3725 alacritati
2452 3669 2657 3725 Juliani
2704 3671 2926 3743 egregie
2981 3672 3347 3743 respondens.
3405 3671 3563 3727 Hunc
3614 3672 3709 3727 ille

2125 3760 2514 3813 administrum
2548 3769 2784 3825 nactus,
2822 3760 3014 3815 tldenti
3055 3762 3244 3816 animo
3284 3776 3409 3816 cum
3453 3763 3710 3821 barbaris

2126 3866 2461 3919 congressus
2487 3858 2593 3906 est.
2632 3850 2715 3905 llli
2748 3867 2883 3915 vero
2915 3852 3192 3923 legatione
3222 3854 3290 3908 ad
3324 3868 3448 3909 eum
3491 3854 3655 3909 missa
3683 3894 3698 3918 ,

2125 3942 2437 3996 docuerunt
2478 3942 2832 4013 imperatoris
2867 3959 2927 3999 se
2966 3944 3165 4011 litteris
3194 3953 3457 4000 evocatos
3495 3946 3711 4001 venisse

2126 4032 2182 4086 in
2211 4032 2487 4103 regionem
2515 4032 2912 4088 Romanorum.
2950 4032 3125 4088 Simul
3154 4035 3319 4090 etiam
3352 4034 3703 4105 imperatoris

2126 4124 2346 4181 litteras
2376 4126 2769 4181 ostendebant.
2812 4128 2882 4180 At
2917 4124 3173 4183 Julianus
3206 4128 3447 4198 legatum
3482 4129 3704 4198 quidem

2135 4217 2378 4286 conjecit
2429 4219 2482 4271 in
2540 4218 2802 4273 vincula:
2859 4227 3118 4274 conserto
3168 4228 3351 4274 autem
3400 4236 3523 4275 cum
3575 4221 3711 4289 ipsis

2133 4308 2361 4379 praelio,
2411 4310 2773 4365 barbarorum
2811 4311 3000 4382 copias
3048 4310 3297 4367 funditus
3341 4311 3581 4375 delevit,
3621 4330 3712 4365 ca-

1603 4455 1875 4515 VALESII
1916 4460 2010 4514 AN
2019 4461 2367 4520 NOTATION
2377 4464 2484 4520 ES.

513 4548 625 4635 (l5)
646 4550 758 4635 ξιξ
782 4549 966 4635 οὐρέτ
1006 4550 1328 4635 misim-
1365 4549 1529 4635 ,μετ’
1562 4552 1844 4634 mimus-
1877 4551 2027 4635 Οιεο·
2062 4558 2106 4613 υ
2134 4566 2188 4613 ει
2214 4574 2293 4628 υτ(

1930 4569 2027 4635 ιξο-
2062 4558 2106 4613 D
2134 4566 2188 4613 et
2214 4560 2508 4628 provinciae
2541 4559 2752 4629 imperii
2786 4559 3017 4635 Romani
3058 4561 3160 4635 hoc
3184 4560 3547 4635 babitupingi
3577 4575 3710 4615 con-

444 4617 608 4691 modo
630 4620 795 4691 etiam
853 4617 1057 4691 legisse
1110 4617 1327 4675 videtur
1362 4617 1838 4691 Epiphaniusfsic
1871 4617 2019 4681 enim

442 4688 641 4761 vertit:
674 4688 809 4761 Cum
843 4690 978 4744 nihil
1005 4692 1329 4761 profujssent
1361 4688 1546 4745 contra
1574 4702 1877 4761 tyrannum.

514 4759 631 4827 (l6)
658 4758 964 4829 Στέφανος
988 4756 1115 4830 d9"
1139 4756 1225 4815 ὧν
1253 4763 1360 4827 τὰς
1411 4756 1623 4828 πόλειξπ
1663 4764 2019 4831 κοσμοῦσιν.

444 4828 787 4898 Epiphanius
842 4828 1227 4887 Scholasticus
1276 4849 1527 4886 coronam
1583 4828 1825 4889 lauream
1853 4835 2023 4889 inter-

444 4908 714 4973 pretatur,
750 4901 951 4971 quibus
983 4902 1235 4959 civitates
1264 4904 1525 4957 exornari
1564 4905 1834 4958 solebant.
1880 4905 2024 4959 Sane

2134 4641 2450 4701 sueverant,
2480 4644 2715 4701 coronas
2735 4631 2999 4701 quasdam
3022 4633 3253 4701 turritas
3279 4632 3457 4700 capite
3487 4638 3709 4701 gestano

2132 4706 2239 4770 tes,
2267 4709 2323 4751 nt
2348 4700 2527 4755 videre
2550 4709 2633 4754 est
2656 4700 2711 4753 in
2742 4700 2944 4757 Notitia
2986 4701 3196 4770 imperii
3230 4699 3709 4770 RomaniISuspi-

2131 4769 2243 4840 cari
2265 4777 2445 4824 tamen
2462 4773 2585 4839 quis
2604 4772 2797 4839 possit.
2822 4771 2923 4825 hoc
2941 4769 3431 4827 loco’scribendum
3452 4787 3592 4835 esse,
3616 4769 3715 4840 ἀφ’·

2130 4833 2207 4891 ὦν
2242 4841 2297 4893 αἱ
2329 4833 2510 4904 πόλεις
2537 4833 2660 4903 soi);
2693 4840 2946 4909 βασιλέας
2972 4840 3258 4911 κοσμοῦσι.

1856 5039 2241 5097 VARIORUM.

518 5144 540 5173 τ
575 5132 708 5190 Ἐπὶ
745 5133 852 5201 τὰς
878 5135 1147 5201 Γαλλίας
1171 5134 1551 5189 ἀπέστειλεν.
1580 5134 1716 5189 Cum
1749 5136 2022 5190 Constan—

441 5204 580 5259 tium
614 5205 963 5275 exagitarent
992 5206 1202 5275 assidui
1226 5205 1404 5260 nuntii
1425 5204 1737 5275 deploratas
1759 5206 1871 5274 jam
1895 5206 2021 5260 Gal-

441 5276 546 5331 lias
608 5273 934 5339 indicantes,
990 5273 1267 5330 Julianum
1314 5276 1371 5330 in
1436 5273 1650 5345 imperii
1693 5273 2015 5332 soeietatem

441 5346 699 5417 ascitum,
727 5354 781 5417 et
812 5346 1026 5401 llclena:
1057 5348 1265 5401 sororis
1288 5346 1455 5417 jugali
1482 5347 1685 5417 {cedere
1718 5346 1821 5401 sibi
1844 5362 2017 5416 copu-

443 5416 640 5481 latum,
673 5415 836 5485 hujus
862 5417 987 5471 belli
1019 5417 1213 5472 ducem
1240 5414 1884 5479 renuntiavitJulianus,
1908 5414 2019 5472 non

441 5487 669 5557 ignarus
698 5488 919 5556 quantis
972 5487 1230 5557 periculis
1265 5487 1617 5556 objiceretur,
1648 5492 1773 5553 [non
1810 5495 1920 5540 tam
1960 5501 2020 5543 se

439 5557 507 5628 ad
538 5558 799 5628 honorem
820 5572 985 5628 quam
1013 5558 1079 5614 ad
1100 5566 1330 5628 mortem
1358 5567 1605 5612 vocatum
1628 5558 2016 5612 arbitrabatur.

442 5626 514 5681 Et
556 5638 719 5693 certe,
772 5626 949 5698 intulit
980 5629 1158 5682 Amm.
1200 5627 1571 5687 Marcellinus.
1629 5628 1762 5681 illud
1808 5643 2019 5681 rumore

444 5708 592 5752 tenus
612 5698 799 5767 ubique
821 5698 1145 5769 iactabatur,
1170 5700 1306 5769 quod
1326 5698 1578 5752 Julianus
1617 5716 1719 5769 non
1750 5698 2017 5752 levaturus

442 5769 780 5837 incommoda
832 5766 1135 5823 Galliarum
1183 5766 1377 5823 electus
1417 5779 1570 5831 esset,
1605 5768 1695 5824 sed
1736 5778 1791 5821 ut
1842 5777 2017 5836 posset

441 5854 533 5906 per
562 5839 699 5893 bella
718 5837 882 5892 deleri
913 5841 1227 5902 savissima,
1265 5838 1411 5893 rudis
1438 5841 1598 5893 etiam
1632 5850 1761 5899 tum,
1796 5850 1851 5892 ut
1869 5842 2016 5894 msti-

446 5910 714 5974 mabatur,
738 5926 799 5963 ac
823 5926 884 5964 ne
913 5911 1143 5963 sonitum
1173 5911 1380 5978 quidem
1404 5910 1695 5964 duraturus
1721 5925 2014 5964 armorum.

443 5982 512 6049 At
536 5980 685 6037 rudis
736 5980 838 6037 iste
888 5982 1230 6050 adolescens,
1268 5991 1320 6037 ct
1373 5982 1428 6037 in
1464 5981 1768 6039 Academia:
1804 5981 2015 6047 umbra,

2129 5150 2237 5191 non
2263 5136 2317 5190 in
2353 5135 2469 5207 sole
2486 5150 2550 5192 ac
2580 5137 2803 5207 pulvere
2830 5136 3053 5192 militari
3083 5136 3371 5203 educatus,
3407 5139 3541 5191 mira
3566 5140 3710 5195 cele—

2129 5207 2292 5261 ritate
2323 5206 2592 5263 barbaros
2611 5206 2787 5261 Gallia
2808 5207 3037 5277 expulit,
3062 5216 3269 5277 septem
3295 5210 3466 5263 totius
3489 5208 3711 5263 Germa-

2127 5278 2232 5331 nia:
2254 5278 2670 5351 potentissimos
2692 5292 2850 5348 reges
2886 5293 3003 5351 uno
3046 5278 3252 5351 ingenti
3283 5278 3712 5351 dillicillimoquc

2127 5350 2321 5418 prmlio
2376 5348 2443 5402 ad
2493 5348 2919 5418 Argentoratum
2973 5348 3197 5413 devicit,
3243 5350 3578 5416 omninoque
3621 5348 3712 5405 res

2126 5416 2314 5473 Galliae
2332 5418 2543 5474 accisas
2569 5416 2732 5488 atque
2759 5416 2989 5474 albictas
3016 5419 3069 5472 iu
3096 5419 3367 5488 integrum
3394 5428 3595 5473 statum
3626 5436 3712 5475 re-

2127 5489 2329 5551 stituit,
2355 5490 2501 5559 quod
2522 5504 2715 5560 omnes
2743 5503 2853 5543 uno
2885 5502 2988 5560 ore
3006 5489 3306 5560 scriptores
3342 5488 3491 5543 illius
3512 5492 3711 5560 astatis

2127 5558 2442 5629 praedicant.
2483 5559 2613 5613 Vide
2646 5558 2945 5630 Marcellin.
2979 5559 3075 5630 lib.
3098 5558 3189 5623 x'v,
3212 5570 3267 5614 et
3298 5559 3476 5630 ipsum
3502 5558 3709 5630 Julian.
3748 5622 3752 5626 Α

2126 5628 2196 5683 ad
2229 5630 2587 5684 Athenienses.
2639 5631 2768 5684 Ant.
2800 5628 2927 5700 Pagi
2962 5628 3028 5682 ad
3053 5644 3183 5683 ann.
3208 5628 3333 5694 355,
3356 5646 3409 5683 n.
3443 5630 3499 5693 4,
3530 5629 3711 5685 Julia-

2124 5716 2252 5763 nus,
2313 5701 2510 5771 inquit,
2559 5701 2663 5755 hoc
2705 5715 2850 5771 anno
2888 5700 3073 5771 Caesar
3124 5709 3367 5763 creatus,
3410 5708 3495 5771 etg
3519 5700 3713 5756 Galliis

2126 5768 2491 5853 praepositus;
2526 5771 2674 5853 quod
2715 5770 2962 5853 in_ltalia
3013 5769 3244 5853 factum,
3278 5778 3416 5853 teste
3461 5768 3710 5835 Zosimo,

2128 5839 2287 5897 initio
2316 5843 2440 5896 libri
2464 5839 2560 5904 In,
2579 5850 2633 5895 et
2662 5842 2883 5910 quidem
2913 5839 3224 5906 Mediolani,
3250 5853 3307 5896 ut
3327 5840 3707 5912 llicronymus

2126 5916 2180 5969 in
2212 5913 2485 5969 Chronico
2516 5912 2727 5971 scribit.
