4508 6588
803 414 910 517 s15

2277 455 2614 513 εοςιιιιτιε

3928 455 4036 514 37s
4109 445 4116 450 '

807 591 1072 647 ptumque
1103 590 1292 632 eorum
1333 593 1518 645 regem
1553 578 1700 633 misit
1731 577 1797 630 ad
1827 577 2232 632 Constantium.
2267 573 2361 627 His
2395 577 2437 631 Δ
2467 574 2587 626 λαοί

2267 573 2361 627 His
2395 577 2437 631 Δ
2467 574 2642 626 adeo»;
2667 615 2681 637 ,
2732 579 2798 646 τῇ
2852 575 3060 646 κεφαλῇ
3124 568 3402 628 Ἰουλιανοῦ
3451 574 3805 644 περιτέθεικε.
3837 574 4036 628 Τοῦτον

807 671 975 724 rebus
1018 685 1277 740 prospere
1323 672 1528 738 gestis,
1578 671 1857 739 Augustus
1898 685 1927 721 a
1968 667 2236 722 militibus
2277 682 2370 735 ap—

809 765 1064 833 pellatur.
1116 763 1254 816 Cum
1307 770 1483 815 autem
1537 761 1839 831 impcrialis
1876 760 2093 814 deesset
2127 773 2370 822 corona,

809 868 954 907 unus
979 868 1048 906 ex
1081 852 1442 921 stipatoribus
1466 858 1713 918 torquem
1743 865 1904 918 quem
1931 850 2078 903 collo
2106 849 2358 918 gestabat

808 941 1010 998 Iuliani
1042 943 1210 1012 capiti
1242 942 1520 1011 imposuit.
1554 940 1666 993 Hoc
1696 942 1856 994 modo
1883 939 2135 994 Julianus
2167 939 2232 993 ad
2267 941 2369 994 im-

810 1033 1022 1102 perium
1051 1035 1316 1103 pervenit.
1346 1031 1480 1098 Qua:
1505 1046 1634 1087 vero
1665 1029 1924 1101 deinceps
1955 1031 2157 1100 gessit,
2187 1017 2372 1082 utrum

815 1125 1142 1193 phil0$0pho
1171 1124 1536 1187 conveniant,
1571 1125 1866 1179 lectoribus
1890 1123 2248 1192 judicandum
2290 1137 2376 1174 re-

814 1215 1021 1283 linquo.
1053 1214 1183 1266 Nam
1212 1230 1393 1282 neque
1423 1213 1748 1282 legationem
1776 1213 1842 1268 ad
1867 1213 2246 1267 Constantium
2276 1211 2376 1263 mi-

815 1306 922 1369 sit,
959 1317 1132 1374 neque
1170 1305 1318 1358 illum
1357 1314 1613 1374 tanquam
1647 1305 1786 1360 bene
1815 1305 1883 1359 de
1911 1319 1971 1359 se
2000 1303 2251 1358 meritum
2284 1317 2376 1354 co-

816 1395 928 1451 lere
955 1399 1357 1466 perseveravit:
1386 1398 1477 1451 sed
1507 1406 1705 1450 cuncta
1736 1413 1834 1467 pro
1859 1396 2088 1452 arbitrio
2119 1410 2220 1449 suo
2243 1394 2373 1462 egit.

815 1491 894 1543 Ac
926 1498 1168 1544 rectores
1197 1481 1413 1558 quidem
1443 1490 1850 1560 provinciarum
1882 1489 2130 1542 mutavit.
2164 1487 2264 1541 Per
2294 1502 2378 1540 nr-

819 1587 914 1632 nes
943 1587 1124 1634 autem
1159 1579 1406 1650 singulas
1436 1582 1694 1650 carpebat
1718 1581 2100 1636 Constantium
2121 1620 2135 1644 ,
2166 1579 2378 1634 litteras

817 1669 884 1721 ab
913 1665 1006 1724 illo
1034 1671 1101 1724 ad
1134 1671 1396 1728 barbaros
1426 1673 1664 1742 scriptas
1691 1688 1792 1743 pro
1820 1673 2085 1726 concione
2113 1673 2375 1725 recitans.

817 1760 990 1825 Quam
1021 1763 1094 1817 ob
1152 1778 1374 1818 causam
1420 1777 1450 1816 a
1479 1762 1802 1818 Constantio
1833 1763 2185 1825 deﬁcientes,
2217 1762 2283 1815 ad
2315 1762 2380 1815 il-

819 1852 925 1907 lius
955 1862 1137 1921 partes
1166 1868 1225 1908 se
1254 1852 1687 1910 transferebant.
1722 1854 1922 1909 Eodem
1951 1862 2194 1923 tempore
2217 1853 2377 1908 Chri-

816 1943 1009 1996 stiana
1031 1944 1312 2012 religionis
1331 1945 1738 1999 simulationem
1767 1960 1995 2015 prorsus
2012 1945 2233 2014 abjecit.
2260 1943 2377 1999 Sin-

817 2035 974 2103 gnlas
1011 2037 1157 2089 enim
1198 2036 1454 2091 civitates
1484 2035 1857 2102 circumiens,
1894 2037 2096 2106 templa
2129 2038 2379 2106 aperire,

815 2133 871 2179 et
907 2125 1220 2181 simulacris
1247 2127 1561 2182 sacriﬁcare
1588 2130 1788 2196 cmpit,
1821 2143 1990 2197 seque
2017 2129 2132 2198 ipse
2158 2126 2379 2196 pontiﬁ-

817 2230 935 2270 cem
959 2219 1253 2272 maximum
1280 2218 1599 2289 appellavit.
1631 2218 1818 2289 Itaque
1844 2220 2039 2290 pagani
2069 2218 2242 2275 festos
2264 2220 2380 2274 dies

820 2309 1103 2362 numinum
1143 2328 1369 2366 suorum
1410 2315 1599 2384 gentili
1640 2314 1747 2367 ritu
1789 2314 2163 2367 celebrabant.
2203 2314 2381 2381 Atque

823 2401 936 2454 hac
985 2418 1184 2471 agens,
1242 2405 1404 2459 civile
1454 2407 1650 2460 bellum
1707 2405 2087 2458 commovebat
2118 2405 2381 2458 adversus

819 2493 1240 2553 Constantium.
1304 2496 1456 2565 171
1511 2497 1833 2552 oecasiones
1895 2496 2249 2564 conquirens.
2317 2494 2383 2550 Et

819 2594 1080 2647 quantum
1115 2581 1332 2650 quidem
1363 2583 1418 2637 in
1461 2584 1580 2653 ipso
1611 2591 1748 2646 erat,
1786 2584 2043 2638 universa
2088 2583 2228 2636 mala
2261 2597 2382 2651 qua:

820 2668 1018 2723 bellum
1057 2671 1307 2725 comitari
1348 2673 1560 2736 solent,
1598 2671 1976 2742 contigissent.
2015 2669 2201 2738 Neque
2235 2670 2380 2723 enim

820 2761 1027 2830 absque
1049 2763 1348 2815 multorum
1372 2763 1654 2819 hominum
1683 2763 1850 2825 caule.
1885 2761 2050 2830 hujus
2071 2760 2380 2831 philosophi

820 2854 1092 2921 cupiditas
1138 2853 1334 2909 fuisset
1375 2855 1609 2924 expleta.
1656 2854 1761 2909 Sed
1794 2853 1958 2917 Deus,
2010 2854 2102 2924 qui
2153 2869 2379 2907 suorum

821 2946 997 3013 ipsius
1027 2947 1382 3001 consiliorum
1409 2946 1562 3002 solus
1592 2956 1677 3001 est
1718 2947 1944 3011 arbiter,
1980 2961 2010 3000 e
2036 2945 2253 3000 duobus
2288 2944 2382 2998 ad-

822 3034 1080 3089 versariis
1113 3035 1346 3089 alterum
1395 3036 1516 3091 sine
1557 3036 1668 3091 ullo
1705 3035 2023 3105 reipublicae
2063 3026 2265 3089 damno
2313 3037 2382 3089 ab

823 3127 1076 3182 instituto
1133 3127 1428 3182 revocavit.
1481 3126 1696 3184 Etenim
1747 3127 1966 3182 Juliano
2028 3128 2082 3181 in
2129 3126 2383 3183 Thraciis

821 3217 1149 3278 constituto,
1179 3218 1486 3272 nuntiatum
1511 3227 1597 3273 est
1622 3217 2000 3273 Constantium
2030 3218 2170 3272 diem
2197 3227 2378 3273 extre-
2409 3252 2452 3310 ο

824 3324 969 3361 mum
1005 3309 1227 3363 obiisse.
1249 3306 1362 3363 Hoc
1384 3307 1547 3362 modo
1578 3306 1882 3362 Romanum
1913 3309 2202 3379 imperium
2243 3315 2376 3364 tunc

823 3400 1088 3467 temporis
1141 3399 1286 3452 civili
1345 3398 1492 3454 bello
1549 3399 1834 3454 liberatum
1885 3408 1988 3455 est.
2031 3401 2099 3454 At
2119 3398 2379 3456 ’Julianus

794 3481 796 3486 ’
821 3489 1356 3560 Constantinopolim
1373 3491 1675 3559 ingressus.
1695 3493 1881 3546 statim
1905 3492 2188 3562 inquirere
2200 3493 2382 3545 animo

823 3581 1008 3649 coepit.
1044 3595 1280 3650 quonam
1323 3588 1485 3650 pacto
1529 3582 1787 3651 populum
1823 3582 2111 3647 demereri,
2153 3582 2383 3652 ejusque

825 3668 1258 3724 benevolentiam
1317 3669 1422 3725 sibi
1476 3685 1797 3742 comparare
1852 3679 2055 3741 posset.
2103 3672 2183 3726 Ad
2246 3672 2382 3726 hanc

825 3763 990 3829 igitur
1047 3777 1160 3816 rem
1213 3762 1310 3817 tali
1338 3779 1475 3818 usus
1537 3772 1623 3818 est
1671 3772 1834 3819 arte:
1890 3763 2061 3819 Norat
2112 3763 2382 3819 Constan-

825 3855 984 3917 timn,
1012 3853 1270 3908 omnibus
1309 3855 1403 3925 qui
1446 3854 1939 3912 consubstantialis
1979 3856 2136 3913 ﬁdem
2173 3859 2380 3928 ample-

823 3945 1115 4000 ctebantur
1151 3945 1388 4002 invisum
1427 3944 1620 4012 fuisse,
1659 3955 1772 4003 tum
1810 3947 1956 4020 quod
2009 3948 2160 4019 ipsos
2191 3948 2376 4004 Eccle-

2474 667 2571 736 μὲν
2617 663 2708 720 οὖν
2762 668 2852 721 τὸν
2901 670 3102 738 τρόπον
3157 666 3438 731 Ἰουλιανὸς
3489 667 3819 720 ἐϐασίλευσε.
3856 666 3936 718 Τὰ
3979 667 4038 720 δὲ

2471 757 2718 811 ἐντεῦθεν
2739 798 2754 820 ,
2779 761 2827 812 εἰ
2855 759 3163 828 φιλοσόφου,
3188 757 3628 829 δοκιμαζέτωσαν
3656 760 3706 812 οἱ
3732 757 4034 820 ἀκούοντες.

2473 850 2564 918 Μὴ
2600 850 3162 921 διαπρεσϐευσάμενος
3191 851 3299 921 γὰρ
3325 851 3457 921 πρὸς
3480 851 3870 912 Κωνστᾶντιον,
3903 847 4039 919 μηδὲ

2473 943 2810 1014 θεραπεύσας
2840 945 2915 1008 ὡς
2950 944 3242 1014 εὐεργέτην
3267 985 3279 1002 .
3314 945 3489 998 πάντα
3518 944 3778 1013 ἔπραττεν
3805 943 3839 997 ἃ
3867 943 4038 995 ἐδόκει

2473 1035 2638 1105 αὐτῷ.
2665 1036 2770 1089 Καὶ
2795 1037 2919 1099 τοὺς
2951 1035 3048 1105 μὲν
3079 1037 3199 1089 κατ’
3225 1035 3492 1105 ἐπαρχίαν
3523 1037 3790 1105 ἄρχοντας
3821 1034 4034 1102 ἧμει6ε’

2472 1127 2681 1196 διέσυρε
2708 1126 2761 1179 δὲ
2801 1127 2890 1178 τὸν
2941 1127 3315 1180 Κωνστάντιον
3360 1125 3502 1179 κατὰ
3531 1126 3710 1186 πόλεις
3731 1166 3744 1186 ,
3776 1123 4040 1192 ἀναγινώο

2476 1234 2619 1269 σκων
2646 1216 2809 1270 αὐτοῦ
2844 1217 3077 1288 δημοσίᾳ
3106 1219 3203 1282 τὰς
3241 1217 3376 1288 πρὸς
3407 1219 3530 1280 τοὺς
3566 1215 3886 1286 Βαρδάρους
3920 1216 4040 1266 ἐπι-

2477 1310 2685 1372 στολάς.
2736 1311 2932 1381 Διόπερ
2971 1311 3118 1381 αὐτῷ
3151 1310 3552 1381 προσετίθεντο,
3579 1307 3951 1361 Κωνσταντίου
3983 1306 4038 1358 δὲ

2475 1404 2784 1472 ἀφίσταντο.
2821 1405 2953 1456 Τότε
3003 1403 3068 1472 δὴ
3125 1404 3217 1457 καὶ
3263 1403 3360 1474 τὴν
3394 1403 3678 1472 ὑπόκρισιν
3714 1411 3736 1438 ³
3786 1398 3880 1452 τοῦ
3921 1414 4039 1467 χρι-

2479 1496 2770 1560 στιανίζειν
2816 1496 3066 1567 φανερῶς
3098 1495 3420 1548 ἀπεδύσατοο
3456 1491 3680 1563 περιιὼν
3731 1490 3838 1560 γὰρ
3900 1488 4039 1540 κατὰ

2478 1585 2679 1652 πόλεις,
2702 1584 2826 1648 τούς
2858 1603 2916 1638 τε
2952 1587 3107 1648 ναοὺς
3135 1585 3385 1652 ἀνοίγων,
3424 1585 3531 1646 τοῖς
3560 1581 3834 1650 ἀγάλμασι
3870 1594 4038 1649 προσ-

2479 1677 2670 1747 έφερε,
2723 1677 2817 1729 καὶ
2876 1675 3064 1729 ἑαυτὸν
3115 1676 3376 1747 ἀρχιερέα
3412 1673 3719 1742 ὠνόμαζενο
3767 1671 3912 1722 οἵτε
3942 1668 4040 1738 τὴν

2477 1765 2769 1836 θρησκείαν
2811 1765 3070 1835 Ἕλληνες
3131 1764 3322 1835 ἑορτὰς
3373 1761 3658 1815 ἐπετέλουν
3702 1756 4037 1827 Ἑλληνικάς.

2479 1857 2588 1908 Καὶ
2608 1857 2779 1910 ταῦτα
2802 1855 2990 1917 ποιῶν,
3012 1855 3245 1926 πόλεμον
3274 1849 3533 1922 ἐμφύλιον
3555 1847 3870 1921 mepte-ge
3899 1847 4039 1899 κατὰ

2479 1947 2854 2001 Κωνσταντίου
2883 1947 3201 2017 ποιούμενος
3227 1945 3325 2009 τὰς
3354 1943 3602 2015 ἀφορμάς
3620 1942 3754 2009 (Π).
3787 1939 3897 1992 Kai
3918 1939 4042 1989 ὅσον

2481 2037 2664 2105 μέντοι
2693 2040 2778 2091 ἐπ’
2805 2039 2954 2110 αὐτῷ
2977 2079 2991 2100 ,
3020 2039 3193 2092 πάντα
3225 2039 3290 2092 ἂν
3317 2033 3557 2105 ἐγεγόνει
3585 2073 3601 2098 ,
3629 2035 3728 2087 ὅσα
3753 2033 3781 2084 ό
3807 2030 4040 2098 πόλεμος

2477 2128 2587 2199 ἔχει
2619 2130 2783 2184 κακά.
2806 2131 2879 2184 Οὐ
2909 2130 3018 2201 γὰρ
3045 2131 3112 2184 ἂν
3135 2129 3256 2198 δίχα
3295 2127 3501 2181 πολλῶν
3528 2125 3772 2195 αἱμάτων
3793 2118 4037 2188 διεκρίθη

2478 2222 2511 2290 ἡ
2567 2220 2660 2274 τοῦ
2697 2221 2983 2291 φιλοσόφου
3018 2219 3218 2290 σπουδή
3253 2219 3384 2289 (18).
3417 2217 3546 2280 Θεὸς
3589 2217 3644 2268 δὲ
3691 2217 3720 2268 ό
3753 2213 3860 2265 τῶν
3897 2210 4041 2263 ἰδίων

2480 2310 2832 2382 βουλημάτων
2859 2309 3048 2382 κριτὴς
3069 2350 3084 2375 ,
3127 2309 3218 2363 τὸν
3244 2309 3428 2379 ἕτερον
3472 2306 3582 2359 τῶν
3625 2299 4040 2370 ἀνταγωνιστῶν

2477 2402 2599 2472 δίχα
2627 2402 2723 2471 τῆς
2751 2402 2857 2456 τῶν
2884 2401 3060 2456 ἄλλων
3079 2400 3279 2471 ζημίας
3307 2399 3509 2452 ἔπαυσε
3534 2397 3631 2465 τῆς
3659 2395 3855 2463 ὁρμῆς.
3888 2392 4042 2444 Γενο-

2482 2492 2643 2560 μένου
2679 2490 2786 2560 γὰρ
2829 2488 3111 2543 Ἰουλιανοῦ
3145 2488 3362 2559 περὶτὰ
3395 2487 3622 2558 Θρᾳκῶν
3666 2482 3793 2552 ἔθνη
3813 2523 3827 2544 ,
3859 2484 4038 2550 ἀπηγ-

2480 2579 2644 2651 γέλθη
2680 2581 2992 2650 τεθνηκέναι
3019 2582 3408 2635 Κωνστάντιον.
3439 2580 3549 2633 Kal.
3576 2576 3716 2631 οὓτω
3736 2576 3829 2629 τὸν
3861 2574 4042 2644 ἐμφύε-

2481 2674 2592 2726 λιον
2629 2672 2857 2743 πόλεμον
2885 2673 3005 2725 τότε
3051 2671 3300 2740 διέφυγεν
3334 2671 3367 2741 ἡ
3411 2669 3694 2739 Ῥωμαίων
3738 2668 3902 2739 ἀρχή.
3930 2668 4043 2719 Κα-

2480 2764 2728 2818 ταλαὸὼν
2749 2765 2807 2818 δὲ
2829 2763 3112 2826 Ἰουλιανὸς
3141 2761 3236 2833 τὴν
3255 2760 3660 2814 Κωνσταντίνου
3691 2759 3864 2822 πόλιν,
3882 2758 4042 2820 εὐθὺς

2481 2859 2703 2911 ἐσκόπει
2731 2856 2851 2910 τίνα
2887 2857 3087 2928 τρόπον
3119 2853 3455 2908 οἰκειώσεται
3479 2853 3549 2906 τὰ
3581 2851 3792 2922 πλήθη,
3831 2852 3925 2904 καὶ
3946 2849 4044 2920 τὴν

2482 2951 2577 3002 ἀπ’
2605 2948 2785 3002 αὐτῶν
2823 2945 3034 3000 εὔνοιαν
3083 2945 3460 3000 ἐπισπάσεται.
3496 2945 3670 3014 Τέχνη
3708 2939 3801 2995 οὖν
3847 2940 4045 3012 χρῆται

2483 3038 2708 3112 τοιαύτῃ
2746 3056 2762 3072 ο
2790 3034 2864 3092 Εὖ
2921 3038 3187 3107 ἠπίστατο
3213 3036 3588 3090 Κωνστάντιον
3618 3033 3721 3088 ὑπὸ
3756 3033 3892 3086 ὅλων
3937 3031 4048 3083 τῶν

2482 3132 2629 3186 λαῶν
2653 3131 2762 3186 τῶν
2787 3129 2846 3183 τδ
2877 3130 3161 3201 ὁμοούσιον
3197 3127 3534 3200 φρονούντων
3567 3125 3889 3196 μισούμενον
3913 3162 3930 3182 .
3959 3123 4045 3190 ἐφ’

2483 3217 2564 3286 οἷς
2587 3238 2646 3275 τε
2673 3222 2781 3274 τῶν
2806 3219 3140 3292 Ἐκκλησιῶν
3159 3218 3461 3280 ὲλαύνοντο,
3489 3216 3584 3269 καὶ
3602 3217 3684 3269 ὅτι
3712 3215 3837 3277 τοὺς
3867 3215 4048 3275 αὐτοῖς

2484 3311 2823 3384 καθήκοντας
2856 3311 3183 3373 ἐπισκόπους
3209 3309 3483 3380 δημεύσας
3512 3306 3787 3378 ἐξώρισεν.
3832 3306 4052 3370 Ἐγίνωο

2488 3403 2582 3456 σκέ
2612 3416 2671 3455 τε
2706 3401 2890 3470 σαφῶς
2931 3401 3056 3464 τοὺς
3095 3397 3499 3469 Ἐλληνίζοντας
3526 3395 3855 3465 ἀνιωμένους
3883 3395 3928 3457 ⁸,
3962 3393 4048 3460 ἐφ’

2486 3490 2566 3558 οἷς
2587 3493 2732 3547 θύειν
2754 3494 3080 3548 ἐκωλύοντοο
3115 3492 3399 3563 ἐπιθυμεῖν
3418 3509 3478 3544 τε
3507 3489 3698 3560 καιροῦ
3727 3486 4047 3560 δράξασθαι,

2486 3580 2610 3654 ὲνῷ
2661 3587 2754 3639 καὶ
2786 3585 2854 3639 τὰ
2886 3586 3006 3657 ιερὰ
3041 3587 3424 3654 ἀνοιγήσεται,
3468 3584 3560 3637 καὶ
3609 3582 3818 3646 ἐξέσται
3870 3579 4051 3641 αὐτοῖς

2487 3678 2675 3742 θυσίας
2706 3677 2996 3750 ἀναφέρειν
3040 3680 3149 3742 τοῖς
3210 3677 3539 3748 ἀγάλμασιν.
3580 3673 3734 3728 Οὕτω
3797 3671 3894 3742 μὲν
3957 3665 4057 3723 οὖν

2486 3769 2776 3840 ἑκατέρους
2835 3768 2941 3838 ἰδίᾳ
2993 3767 3360 3838 λυπουμένους
3419 3766 3552 3836 πρὸς
3607 3765 3698 3818 τὸν
3748 3760 4051 3818 ἀπελθόντα

2485 3859 2765 3928 ἐγίνωσκε.
2800 3862 2966 3932 Κοινῇ
3003 3861 3059 3914 δὲ
3093 3861 3299 3923 πάντας
3333 3860 3470 3930 πρὸς
3507 3857 3606 3928 τὴν
3646 3855 3754 3909 τῶν
3783 3853 4056 3924 εὐνούχων

2487 3952 2625 4022 βίαν,
2653 3951 2754 4004 καὶ
2788 3954 2911 4015 τοὺς
2943 3952 3325 4022 πρωτοτύπους
3364 3949 3620 4004 Εὑσεδίου
3654 3965 3712 4002 τε
3743 3947 3840 4011 τὰς
3871 3949 4052 4017 ἁρπα-

1971 4144 2240 4201 VALESII
2281 4145 2840 4204 ANNOTATIONES.

898 4310 917 4377 (
927 4311 944 4363 Ι
959 4306 1010 4372 7)
1042 4310 1400 4383 Ποιούμενος
1418 4311 1524 4383 τὰς
1541 4311 1828 4380 ἀφορμάς.
1864 4312 2198 4383 Epiphanius
2217 4313 2386 4370 Scho-

830 4381 1054 4433 lasticus
1087 4383 1247 4433 vertit
1283 4399 1294 4434 :
1323 4378 1861 4436 Intestinu’m‘b’ellum
1899 4378 2084 4438 contra
2121 4384 2386 4439 Constan—

830 4451 956 4501 timn
987 4451 1209 4517 qmesila
1246 4453 1516 4504 occasione
1547 4452 1790 4519 parabat.
1823 4451 2011 4520 Neque
2041 4456 2199 4509 aliter
2223 4455 2352 4509 Chri
2373 4485 2384 4495 -

828 4520 1429 4593 stephorsonns,_quasi
1471 4524 1737 4593 legeretur
1774 4525 2147 4593 ποριζόμενος.
2197 4524 2388 4580 Posset

829 4603 1007 4663 tamen
1037 4592 1161 4663 quis
1195 4591 1492 4663 aliterilnec
1526 4592 1689 4645 verba
1725 4591 2094 4663 interpretari,
2132 4594 2234 4648 hoc
2275 4596 2384 4649 sci-

829 4661 952 4714 licet
982 4660 1163 4720 modo,
1191 4660 1517 4725 expeditione
1535 4672 1793 4729 suscepta.

2487 4316 2679 4388 Posset
2717 4319 2882 4388 etiam
2921 4335 3028 4374 non
3063 4319 3406 4388 incommode
3440 4319 3606 4380 verti,
3643 4317 3914 4388 dissipari,
3954 4331 4054 4383 seu

2486 4385 2702 4459 discuti.
2755 4387 2888 4443 Nam
2921 4389 3063 4459 quod
3113 4385 3392 4444 Masculus
3434 4390 3618 4453 vertit,
3665 4387 3955 4459 declarari,
3999 4395 4054 4459 et

2485 4456 3032 4527 (lliristopliorsonus.
3072 4459 3373 4520 internosci,
3415 4473 3537 4512 meo
3585 4457 3806 4526 quidem
3844 4456 4053 4522 judicio

2487 4529 2784 4581 absurdum
2818 4538 2923 4584 est.
2965 4528 3303 4598 Nicephorius
3349 4544 3478 4598 vero
3513 4530 3567 4581 in
3599 4527 3694 4581 lib.
3728 4543 3760 4580 x
3793 4528 4053 4598 Historia:

2485 4599 2882 4664 ecclesiastica,
2941 4614 3062 4666 cap.
3103 4596 3187 4660 Β,
3241 4598 3388 4652 hunc
3440 4596 3683 4661 Socratis
3750 4597 3927 4650 locum
3980 4597 4052 4647 ita

2490 4669 2878 4736 interpolavit:
2912 4669 3019 4723 Καί
3047 4685 3109 4736 γε
3145 4671 3211 4722 ἂν
3255 4668 3378 4721 ὅσον
3413 4667 3475 4720 τὸ
3525 4669 3610 4720 ἐπ’
3637 4667 3805 4736 αὐτῷ,
3860 4666 4055 4736 αἵμασι

895 4729 1010 4808 (18)
1047 4718 1310 4808 Διεξιρίίξη
1341 4731 1389 4808 ἡ.
1428 4729 1547 4808 τοᾷς
1579 4718 1916 4808 φιᾼοσόφοιζ
1951 4733 2208 4808 σπουδή.
2247 4725 2379 4808 Ver:
2417 4718 2459 4772 D
2488 4718 3886 4808 φιλοσοφίας-ἀπέριττον.
3923 4718 4055 4808 Quae

826 4788 966 4872 hum
977 4788 1344 4872 διακρίνεσθαι
1366 4788 1479 4872 hoc
1494 4788 1629 4872 loco
1643 4788 1816 4872 _idem'
1835 4803 1978 4855 valet
2007 4803 2150 4872 quod
2173 4788 2380 4872 'perlici

824 4875 877 4940 et
904 4867 1404 4940 adiinplerialiecte
1435 4870 1602 4940 igitur
1642 4870 1977 4940 Epiphanius
2011 4867 2382 4927 Scholasticus

825 4938 969 4990 hunc
1001 4937 1178 4989 locum
1218 4939 1291 4991 ita
1326 4941 1487 4992 vertit
1514 4959 1525 4993 :
1555 4937 1697 4993 Non‘
1723 4937 1860 4993 enim
1903 4941 2013 4994 sine
2057 4943 2223 4996 multo
2254 4959 2382 4995 san-

824 5008 980 5076 guine
1030 5007 1264 5061 studium
1318 5009 1431 5077 ejus
1481 5009 1776 5078 philosophi
1827 5020 2031 5078 poterat
2084 5012 2379 5082 adimpleri.

2492 4806 2824 4875 Langus‘sic
2862 4806 3254 4876 interpretatur
3288 4827 3301 4862 :
3333 4807 3399 4860 Et
3429 4806 3702 4876 quantum
3731 4809 3782 4859 in
3839 4807 3949 4873 ipso
3980 4806 4054 4859 si-

2491 4886 2600 4930 tum
2644 4887 2777 4939 erat,
2819 4880 3070 4947 sanguine
3120 4877 3236 4946 {uso
3281 4878 3344 4932 de
3383 4878 3693 4932 exuberanti
3725 4876 4056 4944 uhilosoplaia

2489 4947 2601 5016 cjns
2623 4949 2886 5017 judicium
2915 4948 3116 5017 factum
3139 4950 3345 5017 fuisset.

2226 5157 2610 5271 i’AﬂlORUM.

901 5385 924 5413 ο
963 5374 1096 5426 Τότε
1125 5371 1201 5439 δὴ
1222 5373 1318 5426 καί
1349 5372 1462 5440 τὴν
1483 5375 1818 5443 ὑπόκρισιν.
1848 5375 2098 5435 Julianus
2119 5379 2385 5435 Christia-

826 5446 1064 5519 nismum
1107 5443 1325 5519 viginti
1376 5444 1865 5519 annisprofessus
1896 5456 2002 5519 est,
2061 5460 2120 5503 ut
2156 5451 2272 5519 ipse
2311 5453 2385 5505 ait

827 5513 1231 5590 Alexandrinis.
1245 5514 1474 5582 epistola
1491 5514 1551 5567 5|
1567 5513 1737 5590 [quos
1753 5533 1782 5570 a
1801 5517 1904 5572 ﬂde
1923 5518 2124 5576 Christi
2147 5513 2208 5575 ad
2227 5536 2387 5590 paga-

829 5585 1062 5661 nismuﬁm
1093 5586 2062 5661 aver_tere‘(_:ona‘tu_r,hoc_argumento:
2085 5591 2196 5661 Οὐχ
2215 5585 2389 5661 ἀμαρ-

825 5653 1055 5729 τησεσθε
1088 5653 1420 5729 παράόρθῇς
1584 5653 2022 5729 πειθόμενοι-τῷ
2068 5653 2384 5729 πορευθέντι

831 5723 1084 5791 κάκείνην
1104 5722 1199 5792 τὴν
1215 5723 1506 5794 ὁῶννᾶχρις
1527 5725 1662 5777 ἐτῶν
1678 5722 1866 5779 εἰκοσι.
1893 5722 2012 5781 Non
2038 5722 2174 5782 enim
2197 5748 2228 5782 a
2248 5743 2384 5784 recto

832 5794 1045 5868 tramite
1061 5791 1395 5868 oberrabitis,
1414 5791 1460 5847 si
1481 5795 1528 5848 ei
1541 5794 1974 5868 ﬁdemihabeatis.
1991 5801 2079 5867 qui
2097 5815 2184 5864 per
2204 5803 2385 5868 viginti

834 5880 997 5914 annos
1033 5863 1125 5920 il'a
1163 5864 1243 5916 via
1285 5861 1499 5935 (nempe
1533 5861 1632 5920 Iidc
1672 5867 1899 5936 Christi}
1944 5861 2380 5938 pr'ogr'essusvest.

2571 5383 2591 5420 ί
2637 5381 2782 5449 Τοὺς
2831 5379 3285 5446 Ἑλληνίζόντας
3311 5379 3696 5448 ἀνιωμένους.
3734 5377 4062 5445 Quanquam

2490 5452 2800 5530 Christiana
2839 5452 3015 5522 pietas
3053 5450 3378 5530 acureligin2
3422 5465 3452 5503 e
3481 5449 3704 5503 latebris
3737 5449 3886 5530 velut
3924 5451 4058 5500 culu-

2486 5533 2595 5587 cta,
2628 5523 2740 5592 jam
2787 5519 2949 5590 caput
3001 5520 3217 5592 extulit,
3275 5519 3491 5592 ipsique
3525 5533 3780 5592 purpura:
3827 5519 4061 5586 impera-

2486 5589 2642 5648 ιοτίαὲ
2686 5589 2884 5646 novum
2937 5605 3000 5643 ac
3051 5589 3289 5644 divinius
3336 5590 3515 5643 lumen
3578 5589 3884 5649 attulisset,
3930 5603 4064 5655 gen-

2485 5664 2663 5717 tilium
2712 5673 2890 5715 tamen
2946 5675 3207 5714 numerus
3259 5668 3377 5713 erat
3424 5657 3568 5712 haud
3605 5658 4060 5722 contemnendus,

2488 5734 2722 5787 maxime
2749 5746 2936 5786 eorum
2961 5729 3052 5799 qui
3077 5732 3275 5784 artium
3306 5730 3609 5786 liberalium
3630 5740 3682 5784 et
3710 5728 4067 5784 scientiarum

2485 5808 2763 5873 gymnasia
2795 5801 3154 5870 occupabant.
