4508 6588
430 479 530 535 377

1394 479 1720 536 HISTORIA
1764 479 2331 538 ECCLESIASTICA.
2377 509 2445 522 —
2487 480 2618 535 LIB.
2665 479 2749 534 Ill.

3595 468 3703 520 578

426 605 525 668 γας
555 600 667 669 (l9)
698 599 1026 670 ἀχθομένους
1051 600 1392 669 ἐφεύριςκεν.
1420 602 1587 654 Πᾶσιν
1619 599 1712 653 οὖν
1742 584 2005 670 τεχνικῶς
2035 616 2080 668 Α
2109 602 2206 655 siis

1916 602 2005 665 ιῶς
2035 616 2080 668 Α
2109 602 2208 655 siis
2234 602 2541 670 expulerat,
2594 609 2709 652 tum
2749 597 2897 667 quod
2944 593 3242 664 episcopos
3275 590 3523 660 ipsorum
3564 603 3696 655 pro-

424 688 815 759 προσεφέρετο.
842 688 951 741 Καὶ
974 690 1099 750 τούς
1136 688 1233 756 μὲν
1258 688 1575 758 είρωνεύετο
1595 706 1607 718 ·
1634 688 1787 749 τινὰς
1824 687 1880 740 δὲ
1915 688 2007 739 καὶ

425 777 561 845 πρὸς
589 775 653 828 τὸ
672 776 947 841 κενόδοξον
978 775 1196 845 ἀφορῶν
1226 777 1539 846 εὐηργέτει·
1570 781 1722 848 κοινῇ
1756 778 1811 831 δὲ
1842 780 2007 830 πᾶσιν

424 867 570 929 ὅπως
619 863 733 937 εἶχε
790 869 918 938 περὶ
956 869 1055 938 τὴν
1100 868 1526 939 δεισιδαιμονίαν
1583 869 1841 922 ἐδείκνυε.
1896 871 2007 922 Καὶ

424 958 639 1027 πρῶτον
672 959 771 1028 μὲν
799 998 812 1020 ,
852 959 948 1029 τὴν
994 961 1371 1014 Κωνσταντίου
1413 962 1670 1032 ὠμότητα
1704 962 1833 1033 περὶ
1880 963 2006 1025 τοὺς

424 1050 698 1117 ὑπηκόους
730 1049 1033 1103 διαὸἀλλειν
1073 1052 1165 1104 καὶ
1194 1052 1495 1122 ἐξελέγχειν
1527 1054 1675 1124 παρὰ
1708 1054 1783 1123 τῷ
1811 1054 2004 1124 πλήθει

427 1139 785 1208 βουλόμενος,
822 1142 948 1203 τοὺς
993 1139 1364 1210 ὲξορισθέντας
1402 1143 1730 1205 ἐπισκόπους
1762 1142 2003 1208 ἀνακλη-

425 1230 582 1298 θῆναι
610 1230 861 1283 ἐκέλευσε
893 1271 907 1293 ,
940 1232 1033 1284 καὶ
1069 1232 1165 1294 τὰς
1199 1232 1563 1303 δημευθείσας
1604 1233 1789 1296 οὐσίας
1821 1233 2005 1292 αὐτοῖς

424 1321 674 1374 ἀπεδίδου
697 1340 709 1352 ·
743 1323 838 1375 καὶ
879 1323 948 1375 τὰ
996 1323 1115 1393 ίερὰ
1142 1324 1249 1376 τῶν
1301 1324 1564 1394 Ἐλλήνων
1665 1324 1828 1394 τάχος
1856 1324 2003 1377 ἀνοί-

421 1430 543 1481 γειν
570 1453 583 1474 ,
606 1416 719 1477 τοῖς
764 1415 1090 1485 ἐπιτηδείοις
1123 1415 1476 1486 προσέταττε.
1517 1417 1655 1480 Τοὺς
1682 1416 1739 1469 δὲ
1761 1416 1865 1469 ὐπὸ
1895 1416 2004 1468 τῶν

424 1506 693 1574 εὐνούχων
716 1507 1075 1579 ἀδικηθέντας
1093 1550 1108 1573 ,
1126 1508 1531 1578 ἀπολαμϐάνειν
1552 1508 1619 1562 τὰ
1644 1508 1829 1571 κακῶς
1850 1511 2006 1577 ἀφαι-

427 1599 652 1668 ρεθέντα
700 1599 1001 1664 ὲθέσπιζεν.
1036 1602 1295 1655 Εὐσέδιον
1336 1602 1391 1655 δὲ
1428 1602 1522 1655 τὸν
1556 1602 1875 1673 προεστῶτα
1910 1602 2004 1656 τοῦ

426 1689 705 1757 βασιλικοῦ
759 1691 1048 1754 κοιτῶνος,
1102 1691 1379 1763 ἐζημίωσε
1435 1692 1681 1764 θανάτῳ,
1734 1694 1794 1746 οὐ
1847 1695 2005 1764 μόνον

422 1780 478 1833 δὲ
513 1781 622 1849 (‘30)
677 1782 764 1837 διὰ
821 1784 880 1837 τὸ
912 1782 1140 1846 πολλοὺς
1178 1784 1468 1855 ἠδικῆσθαι
1517 1786 1606 1839 ὐπ’
1638 1785 1800 1839 αὐτοῦ
1830 1826 1845 1849 ,
1889 1785 2003 1839 ἀλλ’

422 1871 503 1923 ὅτι
534 1874 625 1924 καὶ
658 1872 856 1926 Γάλλον
889 1873 979 1928 τὸν
1011 1874 1206 1928 ἑαυτοῦ
1245 1876 1473 1946 ἀδελφὸν
1496 1916 1510 1939 ,
1552 1877 1891 1948 ἀναιρεῖσθαι
1939 1879 2004 1930 ὲκ

2111 693 2345 761 scriptos
2405 694 2459 746 in
2527 691 2785 746 exsilium
2840 696 3050 759 egerat.
3109 684 3469 751 Compertum
3525 681 3695 735 etiam

2109 782 2385 843 habebat.
2429 781 2665 850 gentiles
2708 778 2936 833 uioleste
2983 774 3278 827 admodum
3339 770 3504 831 ferre,
3547 768 3693 834 quod

2107 869 2426 924 sacrificare
2459 870 2564 924 diis
2612 870 2727 924 suis
2756 868 3176 938 prohiberentur
3204 903 3218 928 ,
3261 870 3316 917 et
3347 870 3539 930 optare
3577 874 3697 913 om-

2109 962 2273 1016 nibus
2305 964 2468 1026 votis,
2500 971 2554 1015 ut
2595 973 2810 1031 tempus
2856 960 2989 1013 illud
3038 959 3141 1012 sibi
3178 958 3550 1021 contingeret,
3580 964 3693 1020 quo

2106 1066 2161 1111 et
2212 1057 2442 1110 delubra
2493 1055 2863 1125 aperirentur,
2924 1061 2979 1105 et
3035 1049 3322 1103 immolare
3376 1039 3689 1099 simulacris

2106 1148 2316 1202 liceret.
2364 1147 2474 1203 llas
2532 1148 2697 1218 igitur
2749 1147 2819 1199 ob
2871 1158 3096 1217 causas,
3154 1139 3388 1209 populos
3427 1146 3693 1203 utrosque

2107 1238 2367 1308 privatim
2412 1238 2630 1293 infenso
2674 1246 2727 1291 et
2758 1237 3081 1290 exulcerato
3111 1232 3371 1284 adversus
3417 1227 3699 1291 Constan-~

2106 1327 2245 1380 tium
2294 1329 2479 1381 animo
2530 1342 2654 1382 esse
2706 1323 3066 1394 intelligebat.
3115 1318 3174 1372 ln
3216 1332 3509 1371 commune
3560 1304 3710 1367 vero"

2105 1429 2339 1475 cunctos
2394 1420 2711 1474 violentiam
2772 1416 3188 1475 eunuchormn,
3254 1425 3319 1464 ac
3372 1406 3679 1477 praesertim

2105 1513 2383 1582 praepositi
2411 1513 2630 1566 illorum
2662 1508 2886 1562 Eusebii
2916 1506 3138 1575 rapinas
3175 1517 3320 1571 aegre
3352 1501 3517 1554 ferre.
3551 1496 3687 1550 Cum

2106 1605 2365 1660 omnibus
2416 1604 2586 1674 igitur
2634 1601 2836 1655 callide
2873 1599 2985 1668 egit
3027 1612 3093 1651 ac
3149 1591 3500 1649 veteratorie.
3551 1588 3688 1642 Nam

2108 1698 2247 1751 alios
2283 1696 2502 1767 quidem
2558 1692 2758 1749 blanda
2808 1690 3165 1746 simulatione
3212 1686 3509 1756 palpahat;
3548 1681 3690 1734 alios

2107 1787 2391 1841 beneficiis
2442 1784 2729 1849 alliciebat,
2788 1780 2967 1835 inanis
3011 1776 3202 1849 gloriae
3244 1774 3545 1843 cupiditate
3588 1772 3692 1824 du-

2106 1885 2231 1931 ctus
2264 1895 2277 1931 :
2315 1877 2572 1931 omnibus
2618 1890 2784 1945 porro
2818 1889 2884 1928 ex
2921 1887 3079 1941 aequo
3128 1867 3405 1939 patefecit,
3449 1877 3689 1934 quonam

420 1963 520 2031 τῆς
551 1964 759 2016 ἐκείνου
798 1964 1049 2033 διαϐολῆς
1072 1964 1418 2019 ἐπυνθάνετο.
1460 1967 1569 2020 Καὶ
1602 1968 1662 2020 τὸ
1696 1968 1794 2037 μὲν
1840 1968 1998 2037 σῶμα
2030 1971 2071 2024 Β
2100 1971 2200 2021 ani!

1909 1987 1998 2037 ιμα
2030 1971 2071 2024 Β
2100 1971 2284 2021 animo
2308 1978 2453 2022 esset
2492 1984 2619 2036 erga
2656 1966 3105 2036 superstitionem
3143 1962 3447 2031 gentilium.
3475 1959 3553 2011 Ac
3575 1956 3689 2026 pri-

424 2050 793 2106 Κωνσταντίου
820 2062 847 2090 α
894 2054 1184 2123 βασιλικῶς
1214 2056 1451 2126 τιμήσας
1477 2097 1490 2119 ,
1525 2058 1813 2127 ἐκήδευσεν
1833 2075 1846 2090 ⁸
1912 2058 2001 2123 ἐξ·

423 2145 583 2197 έῦαλε
611 2145 666 2197 δὲ
702 2145 809 2196 τῶν
866 2146 1149 2215 βασιλείων
1182 2148 1485 2217 εὐνούχους,
1527 2152 1774 2217 κουρεῖς,
1814 2151 2004 2218 μαγεί-

426 2254 569 2307 ρους.
602 2238 903 2307 Εὐνούχους
941 2239 1059 2309 μὲν,
1089 2240 1175 2292 διὰ
1207 2241 1267 2292 τὸ
1307 2242 1739 2311 ἀποὸεόληκέναι
1772 2243 1868 2311 τὴν
1903 2261 2003 2311 γα-

425 2326 590 2400 μετὴν
631 2341 677 2394 ν,
717 2333 833 2401 μεθ’
876 2334 942 2403 ἣν
990 2333 1155 2404 ἄλλην
1181 2335 1359 2387 οὐκέτι
1397 2336 1654 2403 ἠγάγετο.
1690 2338 2003 2407 Μαγείρους

420 2420 510 2479 δὲ.
550 2421 637 2473 διὰ
662 2422 722 2473 τὸ
760 2422 877 2492 λιτῇ
919 2422 1150 2492 χρῆσθαι
1184 2423 1363 2495 διαίτῃ
1394 2434 1440 2479 ι.
1478 2426 1718 2493 Κουρεύς
1745 2426 1836 2489 δὲ,
1871 2427 1995 2495 ἔφη,

422 2508 500 2575 εἷς
531 2514 743 2575 πολλοῖς
776 2516 1049 2583 ἀρκέσεις.
1077 2516 1213 2578 Τοὺς
1251 2516 1349 2584 μὲν
1393 2513 1483 2570 οὖν
1530 2518 1616 2569 διὰ
1658 2519 1857 2581 ταύτας
1898 2521 1999 2582 τὰς

420 2605 598 2668 αἰτίας
645 2605 864 2670 ὲξέὅαλε
906 2615 956 2659 1.
1012 2608 1131 2659 Τῶν
1199 2609 1381 2677 μέντοι
1449 2612 1808 2682 ὐπογραφέων
1873 2612 1997 2676 τοὺς

422 2696 703 2760 πλείστους
728 2701 792 2767 τῇ
834 2699 893 2763 ἐξ
921 2700 1093 2769 ἀρχῆς
1123 2702 1397 2771 παραδοὺς
1431 2702 1568 2773 τύχῃ
1595 2744 1607 2759 .
1638 2706 1747 2766 τοῖς
1792 2705 1997 2767 λοιποῖς

420 2788 599 2840 αὐτῶν
636 2790 824 2857 μισθὸν
872 2791 1234 2860 ὐπογραφέως
1289 2794 1543 2847 ἐκέλευσε
1594 2795 1847 2850 δίδοσθαι.
1892 2799 1997 2849 Πε-

422 2878 583 2947 ριεῐλε
614 2878 668 2931 δὲ
697 2879 789 2931 καὶ
819 2880 909 2931 τὸν
947 2881 1201 2952 δημόσιον
1244 2880 1351 2934 τῶν
1382 2882 1579 2952 χρειῶν
1621 2883 1820 2953 δρόμον
1860 2884 1995 2954 (21),

2105 2074 2255 2112 mum
2279 2059 2520 2127 quidem,
2554 2068 2613 2111 ut
2643 2057 2954 2112 Constantii
2997 2056 3052 2108 in
3096 2052 3351 2109 subditos
3390 2049 3689 2121 crudelita-s

2102 2160 2211 2206 tem
2256 2151 2591 2213 traduceret,
2633 2164 2871 2218 eumque
2916 2144 3059 2215 apud
3098 2142 3504 2198 multitudinem
3547 2140 3691 2195 infa-

2109 2252 2330 2306 maret,
2382 2244 2673 2313 episcOpns
2724 2243 2816 2309 qui
2881 2241 2950 2294 ab
2992 2241 3085 2293 illo
3137 2238 3365 2307 relegati
3428 2235 3686 2297 fuerant,

2108 2336 2356 2389 revocari
2390 2336 2567 2403 jubet.
2599 2343 2653 2387 ct
2698 2335 2841 2386 bona
2871 2348 2993 2401 qua:
3031 2332 3164 2385 fisco
3192 2329 3411 2383 addicta
3443 2328 3686 2393 fuerant,

2108 2428 2302 2482 iisdem
2351 2426 2627 2492 restituit;
2663 2424 2862 2479 deinde
2902 2422 3269 2476 familiaribus
3302 2420 3419 2475 suis
3459 2419 3688 2472 manda-

2106 2522 2217 2583 vit,
2262 2530 2322 2571 ut
2365 2519 2649 2588 gentilium
2683 2516 2880 2586 templa
2912 2514 3205 2569 confestim
3240 2512 3540 2581 aperirent.
3578 2510 3686 2578 Eqs

2105 2620 2285 2666 autem
2306 2612 2399 2681 qui
2440 2611 2506 2664 ab
2535 2609 2809 2664 eunuchis
2842 2608 3043 2676 injuria
3090 2605 3267 2659 all'ecti
3314 2604 3552 2663 fuerant.
3598 2619 3686 2657 res

2105 2704 2291 2773 inique
2321 2706 2581 2772 abreptas
2626 2716 2957 2771 recuperare
2982 2700 3172 2768 jussit.
3216 2698 3512 2765 Eusebium
3554 2712 3688 2749 vero

2106 2796 2457 2865 przrpositum
2484 2794 2783 2864 imperialis
2804 2792 3038 2847 cubiculi
3063 2791 3281 2861 capitali
3302 2790 3575 2859 supplicio
3601 2788 3684 2842 af—

2106 2886 2255 2950 fecit,
2279 2894 2392 2939 tum
2411 2886 2557 2957 quod
2576 2886 2777 2940 multos
2795 2883 3013 2953 injuriis
3030 2892 3403 2953 oppresserat,
3423 2890 3539 2935 tum
3555 2896 3687 2951 pra;-

1591 3060 1855 3115 VALESII
1898 3063 2453 3121 ANNO'I'ATIONES.

492 3153 602 3222 (19)
641 3154 749 3207 Kal
799 3154 940 3217 τοὺς
984 3153 1411 3220 πρωτοτύπους
1454 3170 1517 3205 τε
1553 3152 1659 3217 τὰς
1702 3154 1993 3221 ἁρπαγάς.

424 3223 598 3294 llujus
647 3224 751 3278 loci
781 3225 976 3277 vitium
1013 3238 1122 3277 non
1155 3223 1411 3277 viderunt
1446 3224 1797 3293 interpretes.
1858 3224 1992 3278 Nam

422 3295 963 3363 tihristophorsonus
1006 3294 1081 3346 ita
1134 3295 1338 3357 vertit,
1390 3304 1677 3363 contraque
1734 3295 1995 3348 notabiles

424 3362 899 3431 Eusebii’rapinas.
936 3362 1104 3429 Quasi
1146 3364 1245 3426 τὰς
1273 3362 1665 3435 πρωτοτύπους
1700 3365 1994 3433 legeretur,

422 3436 565 3502 quod
626 3450 854 3506 prorsus
900 3442 1055 3506 esset
1089 3435 1395 3506 insulsum.
1443 3434 1499 3487 In
1542 3434 1733 3506 codice
1776 3436 1995 3501 quidem

424 3503 744 3561 Florentino
778 3506 867 3559 hic
900 3504 1053 3558 locus
1087 3504 1163 3558 ita
1212 3505 1411 3572 legitur
1441 3523 1454 3558 :
1490 3505 1599 3558 Kal.
1626 3505 1752 3565 τοὺς
1786 3521 1997 3571 πρωτο-

421 3579 623 3637 τύπους
652 3575 909 3628 Εὐσεὸίου
938 3592 997 3627 τε
1032 3574 1130 3638 τὰς
1156 3574 1432 3643 ἁρπαγάς,
1462 3586 1566 3643 etc.
1614 3572 1670 3627 In
1714 3573 1996 3627 anrtiano

422 3664 551 3700 vero
586 3646 844 3699 Εὐσεϐίου
876 3645 953 3709 δέ,
990 3653 1096 3698 etc.
1147 3642 1274 3698 Mihi
1318 3661 1424 3698 non
1476 3642 1697 3699 dubium
1740 3653 1823 3699 est
1861 3646 1994 3711 quin

425 3718 677 3772 Socrates
701 3719 773 3771 ita
803 3716 1107 3785 scripserit,
1139 3715 1398 3768 Εὐσεδίου
1420 3733 1478 3768 τε
1506 3715 1598 3770 τοῦ
1629 3715 1986 3783 πρωτοτύπου

421 3790 520 3851 τὰς
548 3788 823 3859 ἁρπαγάς,
862 3786 1114 3859 θιεηΕδι
1148 3794 1329 3859 autem
1358 3788 1737 3859 πρωτότυπος,
1777 3802 1991 3853 praepo-

425 3861 565 3913 ritus
588 3856 740 3913 sacri
767 3856 1027 3919 cubiculi,
1057 3873 1218 3926 quam
1250 3856 1568 3926 dignitatem
1601 3864 1731 3908 tunc
1768 3860 1989 3924 gerebat

423 3929 711 3984 Eusebius.
739 3930 901 3983 Certe
931 3926 1184 3981 Socrates
1214 3927 1355 3981 hanc
1385 3944 1572 3983 vocem
1604 3927 1678 3980 ita
1718 3942 1989 3995 usurpare

423 4001 579 4058 solet.
611 4008 669 4052 ut
697 4000 879 4052 videre
906 4006 989 4051 est
1020 4000 1071 4051 in
1102 3998 1242 4051 libro
1278 4013 1339 4059 ιι,
1374 4012 1495 4067 cap.
1519 3998 1574 4053 2.

492 4070 603 4139 (ἑο)
646 4073 729 4125 Οὐ
750 4070 942 4139 μόνον
967 4068 1069 4139 δέ.Δ
1098 4068 1463 4139 Expungenda
1502 4078 1588 4125 est
1635 4068 1827 4139 ultima
1862 4084 1987 4137 par—

422 4137 609 4205 ticula,
654 4137 840 4210 utpote
882 4137 1194 4208 superﬂua,
1222 4148 1278 4195 et
1299 4137 1391 4196 'ab
1434 4142 1709 4197 oscitante
1756 4138 1985 4194 librario

423 4226 702 4281 perperam
733 4210 981 4282 repetita.

2179 3158 2291 3229 (2|)
2338 3158 2450 3211 Τὸν
2480 3157 2775 3229 δημᾴσιον
2806 3155 2929 3210 τῶν
2953 3155 3168 3229 χρεώ
3211 3155 3471 3229 δρόμον.-
3496 3152 3711 3229 Publi»

2108 3224 2234 3283 cuiu
2266 3224 2493 3282 Cursum
2529 3224 2565 3280 a'
2599 3226 2823 3281 Juliano
2860 3224 3008 3282 recte
3042 3226 3358 3282 ordinatum
3397 3224 3571 3280 fuisse
3606 3224 3684 3278 fa-

2106 3307 2251 3353 tetur
2280 3299 2444 3352 etiam
2477 3298 2782 3364 Gregorius
2814 3297 3196 3351 Nazianzenus
3228 3297 3282 3350 in
3319 3296 3503 3363 priore
3536 3292 3710 3349 [nvem

2102 3369 2246 3423 ctiva
2290 3368 2555 3422 adversus
2585 3367 2885 3423 lulianum.
2925 3366 3059 3421 Nam
3092 3366 3451 3421 Constantius
3504 3365 3686 3434 Augu-

2103 3447 2225 3493 stus
2255 3454 2382 3493 eum
2410 3453 2741 3506 magnopere
2762 3437 3133 3499 imminuerat,
3169 3450 3437 3490 concesso
3469 3439 3679 3503 passim

2102 3509 2223 3577 ejus
2261 3525 2365 3563 usu
2396 3510 2697 3577 episcopis,
2729 3517 2804 3578 _ut
2836 3508 2903 3561 ad
2934 3508 3173 3578 synodos
3218 3507 3285 3578 ab
3322 3506 3442 3575 ipso
3473 3520 3684 3559 convo-

2101 3576 2255 3633 catas
2292 3576 2671 3633 occurrerent.
2713 3576 2985 3642 Quidnam
3032 3586 3211 3630 autem
3249 3577 3302 3629 in
3347 3592 3409 3629 ca
3444 3590 3502 3629 re
3550 3592 3685 3628 cnu-

2103 3651 2353 3702 stitutum
2400 3649 2565 3703 fuerit
2611 3664 2639 3701 a
2682 3646 2924 3709 Juliano,
2966 3646 3185 3703 dillicile
3230 3654 3313 3700 est
3357 3646 3561 3699 dicere.
3605 3645 3682 3698 lix

2096 3718 2347 3773 Socratis
2388 3730 2570 3772 tamen
2618 3718 2802 3773 verbis
2851 3717 3129 3786 conjicere
3174 3731 3494 3786 possumus.
3538 3717 3683 3769 vehi-

2092 3793 2335 3844 cularem
2387 3804 2613 3843 cursum
2664 3790 2756 3853 qui
2800 3785 2966 3843 etiam
3015 3785 3312 3842 clavularis
3366 3785 3681 3849 dicebatur,

2094 3861 2161 3913 ab
2197 3861 2294 3913 illo
2346 3860 2623 3915 sublatum
2680 3858 2883 3923 fuisse;
2935 3860 3118 3912 solum
3158 3873 3289 3910 vero
3324 3858 3577 3911 relictum
3614 3857 3680 3909 ad

2094 3947 2225 3985 usus
2256 3932 2505 4000 publicos
2539 3944 2809 3998 equorum
2855 3944 3102 3983 cursum.
3142 3928 3216 3981 De
3243 3928 3474 4000 publico
3507 3942 3677 3980 cursu

2094 3997 2271 4055 multa
2301 4000 2543 4055 Joannes
2584 3997 2767 4070 Lydus
2808 4000 3107 4070 scripserat
3140 4000 3195 4052 in
3242 3998 3384 4051 libro
3423 3997 3497 4070 De
3530 4012 3683 4070 men-

2094 4074 2271 4132 sibus.
2316 4074 2474 4136 cuius
2524 4069 2705 4124 locum
2767 4071 2855 4123 hic
2908 4069 3192 4123 ascribere
3256 4084 3365 4122 nou
3420 4069 3672 4137 pigebit:

2092 4143 2316 4225 Ιιᾲντων
2356 4142 2539 4225 σχεδὸν
2572 4139 3260 4225 ὲναλλαγέντων,.διέι;ιλεινε
3284 4139 3351 4225 τὸ
3383 4136 3500 4225 τοῦ.

2094 4212 2256 4282 μένου
2290 4207 2591 4283 μχίστρου
2625 4207 2933 4282 φρόντισμα
2964 4227 2977 4240 ·
3008 4207 3255 4263 ἐπείθετο
3279 4209 3336 4262 δὲ
3357 4207 3511 4278 αὐτῴ
3529 4208 3681 4272 τάξις

1831 4368 2221 4423 VARIORIIM.

492 4473 519 4499 ιι
561 4459 633 4513 Τὸ
679 4460 796 4528 μὲν
831 4459 1003 4529 σῶμα
1033 4463 1473 4516 Κωνσταντιου.
1532 4461 1805 4524 Julianus,
1865 4476 1988 4513 cum

423 4531 730 4586 Constantii
780 4540 1039 4595 mortem,
1082 4532 1212 4584 dum
1256 4534 1309 4585 in
1370 4532 1531 4586 Dacia
1575 4544 1755 4594 esset,
1799 4539 1858 4583 ut
1916 4530 1992 4581 ait

424 4604 745 4682 Ammianus
782 4601 941 4682 initio
978 4603 1073 4682 lib.
1106 4618 1242 4682 ιξιι,
1291 4600 1990 4682 accepissem-_Constanti-
2030 4628 2070 4682 ο
2100 4603 2335 4682 invisum
2388 4598 3015 4682 {tutiocliensibuslesse
3055 4598 3428 4679 conqueritur.

424 4673 663 4741 nopolim
718 4674 867 4726 venit
910 4688 963 4726 ιι
1012 4671 1100 4726 die
1148 4671 1484 4727 Decembris.
1541 4672 1942 4739 Philostorgius
1972 4710 1985 4730 ,

425 4743 516 4794 lib.
554 4757 627 4803 vi,
670 4757 790 4811 cap.
838 4741 893 4802 6,
946 4751 1197 4808 testatur,
1229 4742 1504 4796 Juliauum
1545 4752 1672 4797 ante
1730 4741 1990 4794 feretrum

423 4811 779 4883 processisse,
812 4811 1120 4883 diademate
1145 4812 1213 4867 de
1243 4813 1421 4883 capite
1455 4814 1690 4867 sublato.
1728 4811 1992 4883 Libanius

423 4881 478 4937 in
541 4888 805 4953 oratione,
844 4881 1077 4947 frtriebri,
1130 4899 1184 4953 p.
1231 4881 1357 4944 289,
1411 4884 1509 4947 ait,
1557 4900 1681 4938 eum
1739 4882 1992 4935 manibus

424 4953 725 5022 contigisse
785 4952 1086 5015 feretrum,
1132 4952 1416 5008 omnibus
1467 4954 1621 5019 regni
1683 4952 1993 5019 insignibus

424 5034 622 5094 praeter
656 5023 999 5094 chlamydem
1034 5024 1323 5092 depositis.
1371 5023 1483 5077 Imo
1523 5023 1685 5094 Greg.
1724 5022 1988 5094 Nazianz.

424 5092 571 5147 hunc
595 5092 796 5147 Juliani
833 5092 885 5148 in
929 5094 1236 5148 Constantii
1272 5095 1461 5149 funere
1494 5092 1738 5149 habitum
1781 5094 1895 5147 sive
1941 5093 1990 5143 vi

425 5166 539 5218 sive
586 5174 781 5233 sponte
827 5165 1061 5218 ascitum
1109 5166 1217 5227 ait,
1266 5164 1524 5234 additque
1572 5166 1799 5217 demisso
1847 5164 1994 5234 v_ultu

424 5230 743 5305 imperatori
758 5246 1050 5288 extremum
1079 5236 1304 5305 ofﬁcium
1334 5230 1664 5304 praestitisse.
1698 5238 1823 5288 Ant.
1864 5230 1992 5302 Pagi

424 5307 489 5359 ad
527 5321 655 5357 ann.
686 5304 809 5369 561,
848 5322 903 5359 ιι.
930 5307 983 5360 6.

493 5386 519 5413 '
558 5375 661 5428 Διὰ
698 5375 763 5427 τὸ
822 5374 1296 5442 ἀποϐεϐληκέναι
1342 5375 1457 5443 τὴν
1494 5376 1774 5445 γαμετήν.
1822 5372 1994 5445 Quam
2027 5428 2038 5438 ,

424 5447 514 5499 alii
546 5446 598 5497 in
630 5448 908 5516 puerperii
945 5448 1233 5501 doloribus
1266 5443 1545 5502 interiisse
1568 5443 1630 5501 in
1676 5447 1879 5515 palatio
1900 5443 1997 5495 Ju-

426 5517 581 5588 l_iani.
637 5517 760 5588 alii_
782 5518 1065 5585 expulsam
1114 5534 1143 5572 e
1198 5518 1400 5586 palatio
1444 5520 1754 5588 scripsere,
1789 5526 1871 5588 fut
1918 5516 1995 5568 ait

425 5585 691 5641 Zonaras.
724 5585 967 5641 Fuerunt
992 5598 1047 5641 et
1075 5585 1299 5659 quidam
1330 5589 1426 5657 qui
1461 5585 1671 5659 veneno
1713 5604 1743 5640 a
1777 5587 1997 5642 Juliano

428 5666 678 5711 necalam
723 5673 849 5713 esse
889 5658 1160 5718 dicereut,
1197 5666 1257 5711 ul.
1289 5659 1450 5713 docet
1483 5658 1746 5713 Libanius
1798 5660 1851 5712 in
1884 5674 1998 5711 ora-

428 5731 573 5781 tione
607 5743 710 5799 ms.
745 5729 1010 5783 adversus
1040 5729 1336 5799 Polyclem.
1375 5730 1619 5786 Decessit
1642 5740 1819 5783 autem
1851 5736 1998 5797 pust-

426 5814 589 5869 quam
612 5796 869 5853 Julianus
899 5799 967 5852 ab
996 5796 1243 5853 exercitu
1287 5810 1507 5855 creatus
1548 5808 1666 5855 erat
1696 5796 1994 5869 Augustus,

430 5880 487 5921 ut
514 5868 629 5937 ipse
654 5878 910 5939 testatur
941 5872 995 5922 in
1041 5871 1268 5939 epistola
1317 5871 1385 5922 ad
1422 5868 1995 5926 AtheniensesIValcs.

433 5940 488 5995 2n
522 5939 586 5994 A.
621 5938 859 5995 Marcell.
894 5940 989 5995 lib.
1028 5938 1140 6007 xit,
1180 5958 1299 6010 cap.
1339 5944 1386 5995 1.

2171 4469 2199 4497 ⁸
2237 4459 2386 4528 Λιτῇ
2410 4458 2671 4528 χρῆσθαι
2710 4458 2932 4526 διαίτῃ.
2973 4456 3088 4511 Hoc
3115 4457 3255 4511 idem
3288 4455 3355 4510 de
3382 4471 3440 4510 se
3480 4455 3679 4523 praedi-

2099 4530 2600 4611 cat_.lulian_us_in_
2640 4528 3037 4611 Misopogone.
3093 4544 3217 4581 cum
3270 4542 3329 4607 se
3384 4537 3675 4611 propterea

3539 4607 3677 4651 06188

2097 4673 2359 4726 insomnes
2390 4672 2443 4724 in
2476 4670 2734 4738 stragulo,
2759 4680 2806 4722 et
2837 4669 3003 4723 victus
3043 4669 3211 4721 onmis
3243 4683 3424 4734 expers
3454 4668 3676 4721 satieta-

2098 4744 2186 4801 tis,
2232 4758 2400 4795 mores
2452 4739 2667 4796 acerbos
2699 4740 2945 4809 eﬂiciunt,
2986 4753 3034 4793 et
3072 4739 3315 4791 delimta:
3360 4738 3491 4809 urbi
3519 4754 3677 4805 repu-

2094 4822 2335 4882 gnantes.
2373 4810 2553 4865 Nolite
2589 4808 2764 4864 tamen
2808 4820 2994 4878 putare
3025 4821 3197 4882 vestra
3244 4825 3407 4882 causa
3440 4808 3493 4859 id
3519 4824 3550 4859 a
3598 4826 3677 4862 me

2096 4879 2215 4950 ﬁeri
2230 4900 2248 4937 :
2267 4884 2441 4952 gravis
2464 4882 2683 4952 quidam
2699 4892 2747 4933 et
2773 4882 2969 4934 stultus
2992 4897 3143 4952 error
3169 4880 3284 4947 jam
3315 4879 3431 4931 inde
3456 4895 3486 4929 a
3514 4893 3675 4945 puero

2099 4970 2177 5007 me
2220 4950 2452 5016 induxit,
2476 4950 2553 5005 ἰιι
2601 4954 2768 5005 ventri
2803 4952 2996 5005 bellum
3042 4950 3310 5019 facerem:
3336 4965 3496 5017 neque
3537 4952 3676 5002 enim

2095 5040 2212 5077 eum
2263 5025 2508 5091 permitto
2537 5023 2707 5091 ep_ulis
2739 5022 2961 5089 expleri.

2166 5104 2194 5143 γ
2239 5087 2384 5160 Τοὺς
2402 5094 2518 5161 μὲν
2541 5087 2655 5148 οὖν
2672 5087 2940 5155 ἐξέϐαλε.
2988 5090 3265 5147 Evenerat.
3297 5100 3351 5142 ut
3376 5087 3442 5141 ad
3465 5088 3677 5142 demen-

2097 5166 2222 5217 dum
2268 5166 2602 5233 imperatoris
2645 5164 2898 5232 capillum
2942 5173 3127 5214 tonsor
3156 5161 3327 5213 renire
3353 5171 3671 5233 ρτητιίριιιε,

2098 5227 2578 5305 ἱηινυίτείᾳιιξάαηι
2604 5227 2897 5305 ambitiose
2932 5234 3168 5286 vestitus.
3213 5233 3331 5305 Quo
3367 5231 3475 5305 riso
3496 5227 3677 5305 J_ulia_-

2099 5324 2198 5360 nus
2244 5299 2557 5374 obstupuit:
2593 5304 2725 5373 Ego,
2770 5306 2959 5373 inquit,
3010 5319 3111 5356 non
3158 5301 3475 5374 rationalem
3517 5299 3672 5374 iussi,

2099 5379 2188 5431 sed
2232 5370 2496 5429 tonsorem
2549 5370 2733 5428 acciri.
2788 5370 3154 5443 Interrogatus
3188 5382 3362 5443 tamen
3410 5370 3499 5422 ille
3552 5371 3676 5438 quid

2098 5449 2310 5501 haberet
2343 5462 2407 5500 ex
2434 5457 2548 5500 arte
2576 5445 2909 5513 compendii;
2950 5442 3156 5498 vicenas
3198 5442 3417 5494 diurnas
3464 5456 3677 5507 respon-

2098 5519 2175 5570 dit
2219 5535 2479 5579 annonas,
2530 5518 2846 5585 totidemque
2892 5514 3086 5583 pabula
3126 5513 3490 5585 jumentorum
3537 5522 3677 5579 (qua:

2099 5591 2252 5659 vulgo
2279 5589 2530 5641 dictitant
2572 5583 2851 5659 capitajet
2882 5583 3478 5659 gannuum_s_tipendium
3522 5598 3679 5650 grave

2101 5651 2297 5730 abs-que
2330 5651 2989 5728 fructuosis-petitionibus
3037 5651 3432 5730 multis..__l_]nde
3479 5662 3674 5730 motus.

2100 5724 2278 5784 omnes
2330 5724 2667 5798 'hujusmodi,
2728 5744 2844 5781 cum
2896 5728 3073 5797 coquis
3128 5724 3492 5798 similibusque
3553 5724 3676 5776 aliis

2099 5803 2285 5855 eadem
2320 5794 2555 5867 accipere
2571 5816 2697 5869 pene
2729 5794 3027 5857 consuetos,
3060 5806 3116 5848 ut
3143 5812 3330 5863 parum
3364 5794 3470 5869 sibi
3498 5810 3675 5869 neces-

2103 5874 2293 5929 sarius.
2336 5865 2463 5923 data
2486 5865 2587 5936 quo
2612 5871 2766 5923 velint
2792 5870 2949 5925 eundi
2974 5878 3246 5937 potestate.
3275 5866 3513 5936 projecit.
3550 5865 3672 5918 Am.

2104 5942 2474 6009 Marcellinus,
2514 5943 2604 5996 lib.
2642 5956 2775 5997 ιιιι.
