4508 6588
803 487 910 546 570

2273 475 2619 536 SOCBATIS

3956 467 4063 520 580

806 608 969 673 cipue
1025 599 1172 668 quod
1233 599 1456 652 fratrem
1512 594 1924 652 suum-Gallum
1975 611 2069 666 per
2118 595 2238 664 ejus
2290 613 2383 649 ca-
2413 607 2456 661 Α
2486 587 2586 646 οἷοι

2290 613 2383 649 ca-
2413 607 2456 661 Α
2486 587 2596 646 οἷον
2630 592 2884 662 ἡμιόνων,
2925 590 3084 655 βοῶν,
3124 579 3220 640 καὶ
3248 586 3380 641 ὄνων
3405 606 3419 618 ο
3450 588 3608 658 μόνον
3643 586 3700 640 δὲ
3742 585 3851 638 τῶν
3879 585 4063 637 ἵππων

809 693 1048 749 lumnias
1093 691 1484 760 interemptum
1511 704 1634 744 esse
1674 694 2036 756 compererat.
2070 685 2132 739 Et
2173 702 2378 755 corpus

807 782 1031 851 quidem
1080 780 1238 851 1'72
1264 777 1574 833 Constantii
1622 776 1900 846 regalibus
1945 773 2226 844 exsequiis
2279 774 2379 826 bo-

809 875 1058 938 nnravit;
1104 871 1393 926 eunuchos
1418 885 1568 934 vero,
1608 879 1860 923 tonsores
1897 876 1951 922 et
1981 881 2190 936 coquos
2216 865 2380 935 ejecit

808 983 872 1020 ex
911 967 1139 1036 palatio.
1186 964 1487 1019 Eunuchos
1517 964 1760 1034 quidem,
1810 978 1876 1018 eo
1912 963 2055 1033 quod
2090 963 2207 1032 ipse
2244 977 2379 1016 uxo-

811 1073 924 1112 rem
976 1072 1132 1112 suam
1201 1056 1497 1120 amiserat,
1557 1047 1891 1125 post'cujus
1951 1054 2158 1109 obitum
2215 1053 2378 1107 aliam

812 1148 1032 1202 nolebat
1054 1148 1276 1201 ducere.
1309 1144 1530 1214 Coquos
1563 1160 1714 1209 vero,
1744 1153 2027 1216 propterea
2048 1144 2195 1215 quod
2228 1145 2379 1199 tenui

813 1255 878 1293 ac
915 1237 1150 1306 simplici
1185 1237 1310 1291 cibo
1356 1245 1624 1291 uteretur.
1656 1235 2218 1307 Tonsoresdeuique,
2251 1237 2380 1306 quia

814 1346 997 1393 unus,
1056 1336 1114 1381 ut
1170 1329 1377 1390 aiebat,
1427 1338 1619 1384 tonsor
1677 1329 1878 1384 sullicit
1930 1330 2200 1398 plurimis.
2271 1327 2382 1384 llas

813 1420 978 1489 igitur
1003 1419 1073 1472 oh
1108 1433 1305 1472 causas
1337 1418 1649 1485 hujnsmodi
1678 1418 1958 1472 hominum
1983 1433 2156 1487 genus
2181 1417 2382 1486 palatio

811 1508 1040 1576 expulit.
1060 1505 1178 1559 Jam
1199 1522 1326 1560 vero
1354 1521 1418 1559 ex
1449 1509 1680 1560 notariis
1705 1507 1972 1575 plurimos
2001 1506 2066 1560 ad
2089 1506 2380 1575 pristinam

811 1598 1184 1652 conditionem
1252 1596 1476 1666 redegit.
1541 1597 1788 1665 Reliquis
1849 1597 2111 1651 salarium
2165 1597 2382 1650 notario

810 1705 1126 1756 congruens
1159 1688 1277 1741 dari
1308 1689 1582 1756 praecepit.
1618 1687 1723 1742 Sed
1759 1697 1815 1742 et
1844 1688 2124 1758 publicum
2154 1702 2380 1743 cursum

810 1781 902 1849 qui
949 1780 1186 1848 publicis
1238 1781 1664 1834 necessitatibus
1713 1780 2068 1844 inserviebat,
2125 1781 2379 1847 sustulit;

814 1874 1087 1925 mulorum
1115 1872 1348 1932 scilicet,
1377 1873 1539 1925 boum
1567 1880 1621 1925 et
1656 1873 1935 1926 asinorum
1963 1873 2175 1926 :solnm
2207 1889 2381 1942 equo-

2477 687 2595 746 ταῖς
2611 683 2896 752 δημοσίαις
2917 682 3128 753 χρείαις
3153 679 3524 752 συνεχώρησεν
3545 679 3856 748 ὑπουργεῖν.
3875 674 4062 728 Ταῦτα

2477 775 2536 830 δὲ
2561 772 2725 828 αὑτοῦ
2755 773 3035 826 ἐπαινοῦσι
3071 773 3170 843 μὲν
3205 771 3374 839 ὀλίγοι
3399 787 3412 801 ’
3443 771 3491 824 oi
3526 770 3745 832 πλείους
3775 769 3832 822 δὲ
3862 768 4062 838 ψέγου-

2481 883 2586 926 σιν,
2624 866 2704 919 ὅτι
2739 863 3022 934 παυομένη
3063 865 3098 934 ή
3144 865 3208 916 ὲκ
3255 863 3349 915 τοῦ
3382 861 3659 933 βασιλικοῦ
3689 860 3920 913 πλούτου
3949 863 4063 922 τοῖς

2479 957 2693 1020 πολλοῖς
2753 955 3078 1026 ἐγγινομένη
3138 952 3474 1025 κατάπληξις
3507 993 3523 1015 ,
3587 951 4060 1022 εὐκαταφρόνητον

2480 1051 2651 1104 ἐποίει
2670 1052 2769 1120 τὴν
2793 1050 3088 1121 βασιλείαν.
3105 1049 3178 1103 Ού
3208 1049 3312 1119 μὴν
3335 1046 3471 1100 ἀλλὰ
3493 1047 3584 1100 καὶ
3607 1044 4058 1114 διανυκτερεύων,

2479 1141 2670 1208 λόγους
2728 1140 3035 1210 συνέγραφε
3072 1150 3118 1201 ι,
3166 1141 3261 1193 καὶ⁵
3311 1138 3530 1199 τούτους
3582 1134 3783 1189 κατιὼν
3834 1136 3913 1196 εἰς
3962 1134 4059 1203 τὴν

2483 1232 2789 1301 συγκλήτου
2829 1230 3022 1301 βουλὴν
3056 1231 3402 1284 ἐπεδείκνυτο
3424 1244 3438 1258 ⁸
3473 1227 3628 1298 μόνος
3655 1227 3762 1295 γὰρ
3797 1224 4059 1294 βασιλέων

2481 1325 2588 1379 ἀπὸ
2617 1324 2832 1377 Ἰουλίου
2860 1324 3134 1393 Καίσαρος
3159 1322 3374 1394 πρῶτος
3403 1323 3481 1383 είς
3507 1319 3605 1388 τὴν
3631 1319 3731 1386 τῆς
3754 1316 4056 1385 συγκλήτου

2484 1416 2678 1486 βουλὴν
2707 1416 2897 1482 λόγους
2924 1415 3286 1468 ἐπεδείκνυτο.
3325 1413 3517 1481 Ἐτίμα
3549 1411 3604 1464 δὲ
3649 1412 3741 1462 καὶ
3774 1410 3896 1470 τοὺς
3931 1408 4058 1476 περὶ

2483 1507 2725 1560 παιδείαν
2767 1507 3164 1568 ἐσπουδακότας
3187 1521 3200 1534 ⁶
3241 1505 3469 1574 μάλιστα
3499 1504 3553 1556 δὲ
3578 1544 3592 1566 ,
3624 1506 3748 1564 τοὺς
3787 1499 4058 1566 ἐπαγγελ-

2483 1598 2735 1666 λομένους
2767 1598 3094 1666 φιλοσοφεῖν.
3130 1595 3220 1649 Διὸ
3254 1597 3346 1649 καὶ
3379 1596 3505 1658 τοὺς
3556 1594 3800 1662 πανταχῆ
3835 1588 3972 1662 ἦγεν
4021 1592 4056 1660 ή

2484 1692 2642 1760 φήμη
2673 1689 2991 1761 βριάζοντας
3024 1688 3115 1742 ἐπὶ
3147 1688 3216 1742 τὰ
3243 1687 3507 1757 βασίλεια,
3538 1685 3588 1738 οἶ
3617 1683 3907 1755 φοροῦντες
3931 1684 4055 1742 τοὺς

2483 1781 2779 1849 τρίϐωνας,
2834 1781 3019 1834 πολλοὶ
3063 1781 3128 1833 ὲκ
3167 1777 3262 1831 τοῦ
3305 1779 3582 1847 σχήματος
3623 1774 3823 1845 μᾶλλον
3848 1812 3864 1836 ,
3911 1772 3945 1843 ἢ
3993 1773 4055 1824 ἐκ

2487 1873 2733 1936 παιδείας
2755 1873 3055 1928 ἐδείκνυντο
3072 1889 3086 1903 °
3112 1872 3311 1934 πάντες
3332 1870 3390 1923 δὲ
3418 1865 3556 1941 ἦσαν
3578 1869 3760 1939 βαρεῖς
3789 1868 3900 1928 τοῖς
3921 1866 3964 1917 Χ
3972 1880 4058 1934 ρι-

812 1978 932 2016 rum
981 1977 1206 2017 cursum
1257 1962 1529 2030 ejusmodi
1583 1963 2009 2016 necessitatibus
2064 1963 2381 2018 ministrare
2415 1964 2452 2016 ii
2484 1981 2592 2017 στια

2276 1979 2381 2018 'are
2415 1964 2452 2016 Β
2484 1964 2863 2028 στιανίζουσιν,
2891 1965 3081 2035 ἄνδρες
3115 1962 3430 2025 ἀπατεῶνες
3450 2003 3464 2025 ,
3514 1959 3610 2013 καί⁵
3660 1957 3744 2010 ἀεὶ
3784 1955 3877 2008 τοῦ
3920 1971 4056 2024 κρα-

812 2053 1154 2122 permittens.
1188 2051 1311 2107 llmc
1341 2052 1462 2122 ejus
1491 2063 1611 2106 acta
1645 2053 1939 2107 laudantur
1967 2069 1995 2106 a
2032 2055 2222 2122 paucis
2252 2055 2377 2108 :sed

811 2149 995 2215 plures
1044 2154 1174 2201 sunt
1219 2147 1312 2215 qui
1367 2147 1693 2214 vituperent,
1737 2161 1802 2200 eo
1848 2147 1993 2215 quod
2041 2147 2253 2199 sublata
2289 2162 2378 2200 re-

808 2236 1022 2302 giarum
1059 2253 1222 2304 opum
1274 2237 1696 2303 magniﬁcentia,
1734 2253 1856 2306 qua:
1889 2239 2034 2308 vulgi
2070 2239 2285 2293 animos
2325 2239 2378 2292 in

809 2326 1232 2381 admirationem
1272 2329 1438 2395 rapit,
1480 2328 1586 2382 vile
1612 2337 1665 2382 et
1697 2330 2036 2398 contemptui
2077 2329 2378 2383 obnoxium

810 2419 1138 2473 reddidisset
1190 2419 1500 2488 imperium.
1545 2419 1718 2472 Porro
1754 2430 1919 2473 noctu
1951 2419 2208 2490 vigilans,
2252 2435 2381 2475 ora-

809 2505 992 2560 tiones
1056 2507 1372 2571 scribebat,
1427 2524 1632 2577 easque
1702 2515 1892 2577 postea
1947 2507 2250 2579 procedens
2311 2524 2378 2564 ex

808 2596 1010 2663 palatio
1041 2597 1094 2650 in
1132 2607 1328 2650 senatu
1357 2598 1623 2654 recitabat
1652 2617 1665 2652 :
1695 2599 1897 2670 quippe
1928 2614 1992 2655 ex
2031 2600 2378 2670 imperatori-

807 2685 911 2739 bus
941 2688 1032 2756 qui
1067 2703 1097 2740 a
1126 2686 1272 2741 Julio
1305 2688 1521 2744 Caesare
1547 2691 1610 2742 ad
1662 2701 1907 2745 nostram
1956 2707 2133 2760 usque
2161 2701 2376 2746 :etalem

809 2787 1128 2846 regnarunt,
1162 2781 1316 2834 solus
1346 2780 1436 2834 hic
1477 2790 1531 2834 et
1575 2782 1784 2850 primus
1813 2782 2096 2837 orationes
2136 2784 2191 2838 in
2221 2784 2374 2838 curia

2487 2055 2705 2119 τοῦντος
2730 2055 3086 2126 οἰκειούμενοι
3120 2055 3217 2125 τὴν
3247 2051 3562 2125 θρησκείαν.
3603 2049 3780 2117 Ἐχων
3808 2046 3863 2099 δὲ
3899 2047 3929 2098 ό
3962 2044 4057 2115 βα-

2489 2147 2666 2209 σιλεὺς
2700 2147 2991 2210 πλεονάζον
3038 2149 3097 2200 ἐν
3151 2145 3328 2215 ἑαυτῷ
3374 2144 3436 2197 τὸ
3474 2138 3746 2204 κενόδοξον
3772 2176 3822 2202 ,,
3847 2137 4054 2198 πάντας

2485 2243 2611 2303 τοὺς
2640 2241 2746 2312 πρὸ
2774 2240 2938 2294 αὑτοῦ
2966 2239 3202 2303 βασιλεῖς
3226 2236 3591 2308 ὲκωμῴδησεν
3627 2235 3685 2286 ὲν
3716 2230 3795 2301 τῷ
3822 2229 3965 2298 λόγῳ
3995 2229 4056 2281 ὃν

2487 2333 2761 2404 ἐπέγραψε
2793 2333 3117 2400 Καισαρας.
3149 2331 3246 2383 Ἐκ
3270 2329 3366 2383 τοῦ
3393 2327 3635 2382 τοιούτου
3682 2321 3844 2394 ήθους
3875 2321 4058 2374 κινού-

2489 2442 2666 2494 μενος,
2697 2426 2790 2478 καὶ
2821 2426 2948 2487 τοὺς
2983 2423 3122 2476 κατὰ
3143 2423 3478 2492 Χριστιανῶν
3509 2419 3698 2490 λόγους
3725 2419 4054 2492 συνέγραψε.

2485 2517 2559 2570 Τὸ
2605 2518 2704 2587 μὲν
2751 2517 2859 2587 γὰρ
2895 2516 3190 2587 μαγείρους
3229 2515 3342 2586 (22)
3393 2515 3486 2568 καὶ
3521 2517 3738 2582 κουρεῖς
3781 2511 4055 2572 ἐκϐαλεῖν,

2485 2609 2773 2678 φιλοσόφου
2803 2608 2962 2677 ἔργον
2985 2648 3000 2669 ,
3029 2608 3091 2660 οὐ
3123 2607 3228 2678 μὴν
3275 2605 3555 2671 βασιλέως.
3587 2605 3660 2658 Τδ
3694 2604 3752 2657 δὲ
3781 2603 4058 2672 διασύρειν

2482 2700 2515 2769 ἢ
2554 2697 2841 2760 σκώπτειν,
2869 2697 3054 2750 οὐκέτι
3088 2695 3377 2767 φιλοσόφου
3402 2735 3418 2759 ,
3451 2693 3586 2748 ἀλλὰ
3610 2693 3716 2764 μὴν
3747 2691 3869 2746 οὐδὲ
3901 2691 4055 2761 βασι-

2483 2790 2638 2852 λέως.
2683 2788 3006 2860 Ἀμφότεροι
3046 2789 3156 2859 γὰρ
3204 2788 3384 2840 πᾶσαν
3416 2785 3679 2856 λοιδορίαν
3707 2783 3802 2837 καὶ
3852 2783 4058 2854 βασκα-

807 2869 1079 2924 recitavit.
1115 2869 1181 2923 Et
1221 2872 1502 2927 studiosos
1542 2873 1762 2943 quidem
1801 2875 2218 2944 disciplinarum
2259 2891 2377 2929 om-

808 2961 959 3013 nimn
1005 2961 1311 3016 honorabat
1349 2983 1362 3018 :
1395 2966 1489 3018 sed
1531 2980 1625 3019 eos
1667 2965 1944 3034 praecipue
1989 2966 2082 3035 qui
2129 2966 2375 3036 philoso-

2483 2883 2602 2936 νίαν
2632 2882 3059 2952 ύπερϐεὸήκασι.
3087 2881 3307 2935 Βασιλεῖ
3335 2879 3433 2950 μὲν
3467 2879 3576 2950 γὰρ
3608 2877 3810 2943 ἐξέστω
3847 2876 4059 2945 φιλοσοο

2484 2976 2604 3041 φεῖν
2625 3013 2640 3035 ,
2675 2975 2775 3027 ὅσα
2815 2973 2952 3044 πρὸς
2997 2972 3350 3043 σωφροσύνην
3382 2972 3484 3042 ὁρᾷ
3506 2988 3521 3004 ο
3549 2970 3836 3038 φιλόσοφος
3877 2969 3933 3022 δὲ
3957 3010 3973 3033 ,
4009 2970 4058 3020 εί

809 3051 987 3120 phiam
1018 3055 1438 3122 proﬁtebantur.
1472 3054 1706 3110 Proinde
1737 3056 1878 3109 fama
1905 3055 2069 3125 hujus
2095 3058 2174 3110 rei
2209 3058 2374 3111 exciti
2482 3063 2589 3115 πάν

2279 3058 2374 3111 citi
2482 3063 2659 3115 πάντα
2709 3062 2816 3114 τῶν
2865 3061 3126 3132 βασιλέων
3179 3063 3519 3132 μιμήσαιτο,
3579 3060 3913 3114 διαπεσεῖται
3961 3056 4057 3110 τοῦ

805 3155 999 3195 omnes
1038 3144 1130 3211 qui
1163 3144 1361 3214 ubique
1393 3157 1551 3200 erant
1593 3147 1935 3218 philosophi,
1984 3149 2283 3217 gestientes
2318 3150 2376 3204 in
2485 3167 2585 3206 sxa

2279 3184 2283 3200 .
2318 3150 2376 3204 in
2485 3153 2707 3207 σκοποῦ.
2752 3153 2887 3223 Περὶ
2920 3153 3017 3223 μὲν
3052 3153 3116 3224 δὴ
3167 3152 3452 3206 Ἰουλιανοῦ
3491 3149 3586 3205 τοῦ
3635 3149 3898 3221 βασιλέως
3919 3188 3933 3211 ,
3962 3150 4059 3216 γέ-

806 3230 1070 3299 palatitum
1109 3235 1466 3288 conﬂuebant
1493 3254 1505 3288 :
1537 3237 1632 3304 qui
1663 3237 1886 3304 pallium
1920 3245 2216 3306 gestantes,
2260 3241 2376 3307 ple-
2424 3313 2435 3315 _
2481 3263 2586 3298 νοω

2279 3241 2376 3293 tle-
2424 3313 2435 3315 _
2481 3263 2605 3309 νους
2631 3263 2690 3298 τε
2730 3245 2895 3299 αὐτοῦ
2934 3247 3029 3299 καὶ
3060 3243 3392 3307 παιδεύσεως
3422 3244 3517 3297 καὶ
3549 3242 3710 3315 ήθους
3733 3284 3748 3307 ,
3779 3242 3874 3294 καὶ
3913 3240 4059 3302 ὅπως

807 3321 964 3390 rique
1005 3322 1192 3376 hahitu
1250 3327 1422 3396 magis
1462 3342 1624 3394 quam
1668 3326 1924 3380 doctrina
1954 3328 2380 3397 conspicieban-
2405 3313 2449 3371 ο
2485 3335 2576 3386 ἐπὶ

2280 3345 2380 3382 an-
2405 3313 2449 3371 ο
2485 3335 2576 3386 ἐπὶ
2600 3333 2698 3405 τὴν
2728 3333 3005 3404 βασιλείαν
3027 3333 3323 3406 παρῆλθεν,
3347 3313 3584 3386 τοσαῦτα
3611 3332 3686 3395 ὡς
3707 3331 3766 3384 ὲν
3791 3329 4057 3401 ἐπιδρομῇ

805 3412 1134 3468 tur.Graves
1152 3431 1314 3483 porro
1336 3433 1398 3469 ac
1417 3417 1630 3470 molesti
1644 3433 1836 3472 omnes
1853 3429 2008 3472 erant
2024 3418 2378 3486 Christianis,
2487 3425 2748 3496 εἰρήσθω.

809 3513 992 3571 utpote
1035 3504 1385 3573 impostores.
1431 3518 1485 3563 et
1538 3510 1630 3578 qui
1667 3509 2014 3578 imperatoris
2060 3511 2375 3582 religionem
2417 3525 2683 3587 perpetuo
2712 3518 3200 3588 amplecterentur.
3234 3518 3503 3574 Caeterqu
3567 3533 3695 3573 cum
3761 3516 4063 3586 imperator

814 3595 998 3648 inanis
1030 3595 1217 3664 gloria:
1244 3598 1434 3650 morbo
1501 3613 1666 3668 supra
1712 3599 1932 3654 modum
1997 3599 2292 3668 laboraret,
2335 3615 2566 3663 cunctos
2610 3617 2738 3665 ante
2772 3625 2832 3665 se
2884 3609 3248 3681 imperatores
3298 3610 3624 3680 perstrinxit
3661 3610 3716 3663 in
3764 3623 3830 3664 eo
3897 3607 4060 3662 libro'

804 3696 969 3748 quem
1035 3686 1318 3756 inscripsit
1366 3686 1623 3741 Caesares.
1693 3687 1895 3744 Eodem
1952 3690 2124 3744 animi
2183 3694 2380 3747 morbo
2449 3695 2741 3766 impulsus,
2792 3709 2984 3753 contra
3045 3699 3395 3755 Christianos
3472 3701 3637 3754 etiam
3689 3698 3938 3768 scripsit.
3997 3696 4062 3749 Et

805 3778 1026 3844 quidem
1070 3776 1213 3846 quod
1253 3791 1465 3846 coquos
1498 3794 1560 3831 ac
1599 3787 1854 3834 tonsores
1893 3794 1961 3835 ex
2013 3780 2214 3850 palatio
2270 3782 2452 3852 ejecit,
2492 3786 2808 3856 philosophi
2856 3789 2910 3842 id
2967 3805 3107 3859 opus
3159 3789 3286 3856 fuit,
3331 3805 3440 3843 non
3487 3789 3858 3859 imperatoris.
3900 3787 4060 3854 Quod

813 3883 945 3923 vero
977 3867 1252 3922 infamare
1289 3869 1430 3926 alios
1458 3884 1521 3922 ac
1553 3871 1771 3938 probris
1803 3870 2081 3927 incessere
2117 3873 2385 3941 instituit,
2427 3892 2536 3932 non
2603 3880 2758 3950 173
2793 3881 2905 3950 jam
2954 3881 3291 3952 philosophi,
3345 3881 3438 3938 sed
3484 3895 3664 3949 neque
3711 3881 4063 3950 imperatoris

806 3959 951 4013 istud
997 3959 1118 4013 fuit.
1165 3956 1399 4028 Utrique
1440 3959 1586 4014 enim
1623 3961 1857 4016 istorum
1888 3961 1958 4017 ab
2003 3963 2152 4018 omni
2187 3965 2588 4023 obtrectatione
2621 3978 2674 4022 et
2717 3970 2921 4026 invidia
2959 3980 3090 4027 sunt
3159 3973 3347 4027 alieni.
3417 3974 3483 4028 Et
3551 3972 3869 4043 imperatori
3936 3972 4062 4040 qui-

805 4051 926 4102 dem
972 4049 1347 4118 philosophari
1410 4049 1557 4114 licet,
1605 4051 1662 4105 in
1718 4052 1800 4107 eis
1859 4060 2073 4107 tantum
2132 4069 2255 4124 quae
2305 4055 2374 4110 ad
2414 4058 2745 4114 modestiam
2803 4076 2868 4116 ac
2919 4065 3338 4133 temperantiam
3419 4067 3731 4133 pertinent;
3813 4061 4062 4131 philoso-

808 4143 947 4210 phus
977 4157 1108 4196 vero
1139 4141 1186 4196 si
1204 4149 1404 4196 cuncta
1433 4158 1554 4212 qua:
1589 4143 1937 4213 imperatoris
1963 4148 2188 4217 propria
2219 4155 2371 4212 sunt,
2413 4150 2620 4204 imitari
2657 4153 2911 4220 voluerit,
2950 4169 2980 4208 a
3001 4170 3170 4224 scopo
3202 4154 3499 4210 aberrabit.
3529 4153 3634 4212 Sed
3701 4155 3767 4209 de
3816 4151 4058 4209 Julianov

805 4235 982 4303 dcqtte
1023 4232 1141 4302 cjue
1191 4250 1410 4304 genere.
1466 4243 1521 4290 et
1564 4237 1908 4294 institutione
1969 4251 2133 4309 atque
2177 4240 2389 4306 indole,
2469 4244 2709 4315 denique
2771 4262 2880 4317 qua
2940 4248 3158 4303 ratione
3220 4247 3289 4302 ad
3346 4247 3636 4316 imperium
3693 4246 4050 4316 pervenerit,

806 4329 1039 4383 strictim
1077 4329 1191 4383 haec
1229 4328 1378 4385 dicta
1409 4329 1536 4385 sint.

1436 4424 1585 4480 CAP.
1637 4424 1703 4480 11.
3087 4429 3336 4484 ΚΕΦΑΛ.
3389 4429 3462 4480 B’.

811 4514 883 4569 De
914 4515 1167 4570 seditione
1191 4527 1311 4571 orta
1331 4516 1693 4590 Αίεᾳταιιᾴνίω,
1718 4527 1767 4570 et
1790 4519 2048 4586 quomodo
2074 4521 2379 4590 interfecta:
2490 4525 2591 4589 Hs;

2276 4533 2379 4579 τηαν
2490 4522 2626 4589 Περὶ
2662 4518 2770 4588 τῆς
2815 4521 2886 4572 ἐν
2932 4519 3346 4590 Ἀλεξανδρείᾳ
3399 4517 3724 4590 γενομένης
3765 4519 4056 4583 στάσεως.

1400 4588 1469 4638 sit
1505 4586 1780 4655 Georgius.
2212 4586 2222 4590 ⁷
2566 4586 2579 4589 ⁷
2722 4586 2729 4588 ⁷
2823 4591 2920 4642 καὶ
2950 4590 3109 4654 ὅπως
3148 4594 3174 4642 l

2212 4586 2222 4590 ⁷
2566 4586 2579 4589 ⁷
2722 4586 2729 4588 ⁷
2823 4591 2920 4642 καὶ
2950 4590 3109 4654 ὅπως
3148 4586 3435 4658 Γεώργιοζ
3458 4589 3737 4656 ἀνῃρέθη.

879 4672 1033 4726 Nunc
1089 4683 1431 4729 transeamus
1480 4676 1545 4728 ad
1603 4689 1666 4728 ea
1719 4680 2196 4734 connnemoranda
2261 4697 2381 4750 qua:
2557 4679 2659 4736 Λῦῦ

2281 4697 2381 4750 [um
2557 4679 2719 4744 Αὖθις
2753 4681 2809 4734 δὲ
2842 4681 2950 4734 τῶν
2978 4682 3106 4750 περὶ
3142 4681 3241 4744 τὰς
3296 4679 3619 4749 Ἐκκλησίας
3653 4679 3756 4732 ὑπὸ
3781 4679 3870 4731 τὸν
3897 4679 4061 4732 αὐτὸν

809 4782 903 4834 per
929 4765 1068 4820 idem
1097 4774 1310 4836 tempus
1341 4767 1397 4820 in
1425 4765 1680 4823 Ecclesiis
1727 4777 1877 4838 gesta
1922 4777 2068 4823 sunt.
2106 4771 2277 4840 igitur
2326 4772 2378 4826 in
2486 4789 2589 4840 γενι

2326 4772 2378 4826 in
2486 4771 2788 4841 γενομένων
2815 4772 3004 4841 χρόνον
3047 4771 3264 4840 μνήμην
3294 4767 3611 4838 ποιούμεθα.
3658 4768 3815 4822 Κατὰ
3841 4768 3940 4839 τὴν
3965 4787 4060 4838 με·

1971 4921 2239 4976 VALESII
2274 4922 2835 4978 ANNOTATIONES.

808 5037 889 5101 τις
909 5017 1244 5101 πεντήκοντα
1265 5016 1356 5070 τὸν
1381 5016 1609 5101 ἀριθμὸν
1636 5015 1866 5101 ἀνδρῶν,
1885 5018 1934 5070 οἳ
1960 5020 2382 5101 φρουμεντᾶριοι
2414 5025 2456 5079 D
2484 5014 2624 5072 εἶναι
2652 5019 2801 5101 δοκεῖ
2828 5018 3344 5101 τοὺςῃὺποζυιγίους.
3362 5018 3580 5078 ἵππους.
3610 5017 3747 5101 ᾇπερ
3787 5016 3934 5101 ἐστιν
3955 5015 4062 5101 ,ἔλ-

809 5090 900 5151 καὶ
927 5084 1177 5158 κοριώσοι
1206 5084 1704 5158 ,προηγορέύοντος
1721 5084 1832 5142 οἷον
1866 5084 2088 5158 σιτῷναι
2107 5084 2203 5158 καὶ
2225 5084 2378 5158 πέρίο
2485 5106 2600 5141 κειν
2619 5089 2678 5141 τὸ
2704 5089 2886 5158 ὄχημα
2906 5106 2920 5119 ·
2940 5088 3065 5158 ὅθεν
3098 5084 3194 5141 και
3216 5089 3502 5141 δασύνουσι
3526 5084 3826 5157 γράφοντες
3854 5086 3919 5158 τὸ
3942 5085 4061 5158 ραιε

809 5174 960 5238 εργοι
978 5156 1124 5238 καὶ.
1167 5157 1217 5208 οί
1237 5227 1248 5238 ¹
1279 5156 1387 5225 μὲν
1411 5156 1632 5238 σιτῷναι
1659 5158 1757 5226 τῆς
1796 5156 2048 5238 εὐθηνίας
2078 5157 2186 5237 τῷν
2211 5159 2268 5210 ἐν
2299 5156 2379 5238 τῷ
2482 5159 2577 5238 δας
2597 5156 2847 5238 ὄνομα
2870 5157 2963 5211 τοῦ
2981 5158 3178 5238 ῥαδίως
3197 5158 3395 5238 επιρῤή
3406 5156 3581 5238 ματος
3603 5156 3988 5238 παρηγμένονζ
4007 5157 4060 5210 αἱ

809 5224 1053 5298 παλατίῳ
1101 5224 1414 5298 ᾁντείχοντο-
1438 5241 1454 5257 ο
1477 5227 1526 5298 oi
1569 5226 1627 5298 δὲ.
1683 5224 1962 5298 περίεργοι
2009 5228 2236 5298 ήγούντο
2268 5224 2378 5298 ,τοῦ
2485 5229 2593 5297 γὰρ
2635 5224 2912 5296 βε⁷ραίδους
2957 5224 3082 5290 τοὺς
3127 5224 3517 5297 ραίδας⁷ὲ⁷κτὸς
3564 5224 3812 5293 λέγοντες
3858 5224 4060 5296 σφόδρα

809 5297 872 5382 δη
883 5294 1070 5382 μοσίου
1085 5294 1334 5382 ,δρόμους
1368 5294 2162 5382 κλαόουτλξρεοςζματικόςτζ
2183 5297 2381 5382 κλάξον
2488 5294 2816 5382 πλαὶνξδντῆαι.

810 5363 916 5436 γαρ
941 5365 1030 5418 τὸν
1054 5363 1213 5418 οἴακα
1241 5364 1494 5436 καλοῦσιν
1515 5379 1529 5392 '
1557 5363 1903 5436 .BéXoE,_6Ei5c,
1929 5365 1987 5428 ὃς
2013 5367 2107 5419 καὶ
2123 5367 2382 5434 Βεραιδα-
2558 5369 2590 5433 (ε

2281 5367 2382 5419 ,δα-
2558 5367 2670 5435 (2‘2)
2714 5369 2782 5422 Τὸ
2821 5367 2938 5435 μὲν
2965 5367 3074 5434 γὰρ
3105 5365 3446 5436 μαγείρους.
3489 5363 3669 5419 Malim
3714 5365 3957 5420 scribere
4001 5365 4061 5416 τὸ

813 5435 964 5508 ρικδς
1017 5435 1136 5488 ἐστὶ
1172 5436 1266 5490 καὶ
1305 5435 1400 5489 νῦν
1438 5434 1654 5504 λέγεται
1691 5453 1703 5466 α
1732 5434 2011 5506 βεραίδους
2045 5437 2101 5489 δὲ
2163 5437 2383 5500 Ἰταλοῖς
2493 5434 2696 5506 μέντοι,
2728 5434 2903 5491 νθ1⁷τὸ
2933 5438 3031 5507 μέν
3067 5436 3151 5505 γε.

2206 5583 2588 5645 VARIORUM.

889 5690 912 5719 ³
953 5679 1425 5746 Διανυκτερεύων
1458 5676 1679 5753 λόγους
1697 5677 2058 5753 συνέγραφε.
2087 5678 2388 5753 Orationes
2492 5685 2545 5737 in
2590 5684 2669 5738 fur

2277 5693 2388 5734 mes
2492 5685 2545 5737 in
2590 5683 2804 5739 funebri
2846 5683 3008 5752 hujus
3045 5684 3391 5753 imperatoris
3427 5681 3760 5742 laudatione.
3809 5682 4057 5737 nomina-

815 5753 1036 5824 qnidem
1074 5760 1203 5824 ante
1231 5760 1285 5805 et
1319 5749 1764 5824 pqs_t_im_perium
1800 5750 1873 5824 ab_
1901 5764 1965 5802 eo
1995 5751 2247 5824 scriptas,
2277 5767 2388 5818 quo
2495 5755 2588 5808 tim
2628 5756 2766 5808 duas
2800 5749 2971 5824 tangit
2998 5749 3446 5821 ejus'orationes,
3480 5769 3618 5823 quas
3650 5753 3739 5810 ille
3770 5769 3875 5820 una
3901 5763 4059 5823 nocte

820 5819 1038 5876 nomine
1066 5820 1275 5898 tract-ipa.
1305 5819 1512 5898 πολλῶν
1546 5819 1740 5898 λόγων,
1764 5819 2055 5898 ῃιιιίιᾳγιιιιι
2084 5821 2388 5898 cantionum
2495 5825 2600 5896 sini

1335 5819 1512 5898 πολλῶν
1546 5819 1740 5898 λόγῳ,
1764 5819 2055 5898 multetur}
2084 5821 2388 5898 οῖαιὶοηιυιξ
2495 5825 2738 5896 singulas
2770 5819 3115 5898 t'onscripSit.

823 5903 1022 5957 patrem
1049 5888 1296 5948 eumdem
1327 5897 1506 5954 vocat,
1540 5888 1704 5944 tradit
1729 5889 1924 5946 alicubi
1964 5888 2220 5948 Libanius
2251 5908 2264 5946 :
2295 5890 2388 5962 qui
