4508 6588
468 488 563 545 381

1425 486 1753 544 HISTORIA
1792 484 2357 543 ECCLESIASTICA.
2399 519 2469 531 —
2503 488 2632 545 LIB.
2675 488 2765 544 Ili.

3608 481 3718 537 582

464 606 635 674 γάλην
674 603 1016 675 Ἀλεξάνδρου
1040 605 1212 669 πόλιν,
1247 604 1443 678 συνέση
1476 605 1719 676 ταραχὴν
1741 604 2037 672 γενέσθαι
2069 610 2116 666 Α
2145 620 2244 676 mal

1941 616 2037 658 at.“
2069 610 2116 666 Α
2145 620 2339 677 magna
2382 606 2473 660 illa
2503 606 2991 661 Alexandrinorum
3031 603 3272 666 civitate,
3303 606 3422 657 orta
3467 607 3551 655 est
3584 599 3721 653 sedi-

465 698 525 761 ὲξ
571 696 748 759 αἰτίας
780 697 1024 750 τοιᾶσδε·
1052 698 1228 761 Τόπος
1265 693 1335 768 ἦν
1383 700 1448 767 τῇ
1477 698 1659 760 πόλει,
1706 700 1769 750 ὲκ
1799 697 2041 749 παλαιῶν

464 789 572 843 τῶν
600 788 808 859 χρόνων
835 788 1039 859 ἕρημος
1061 789 1155 842 καὶ
1189 788 1546 859 ὴμελημένος,
1580 788 1846 858 συρφετοῦ
1872 805 1931 839 τε
1953 788 2044 855 γέ-

469 896 584 950 μων
619 878 835 941 πολλῶν
859 880 915 931 ἐν
947 871 991 946 ᾧ
1019 879 1069 932 οἱ
1092 879 1349 949 Ἕλληνες
1370 880 1431 931 τὸ
1456 878 1683 932 παλαιὸν
1714 878 1791 949 τῷ
1814 878 1998 948 Μίθρᾳ
2016 879 2043 918 b

464 969 686 1031 τελετάς
735 968 1042 1033 ποιοῦντες,
1111 970 1430 1042 ἀνθρώπους
1491 968 1769 1022 κατέθυον.
1846 970 2044 1023 Τοῦτον

464 1061 840 1124 Κωνστάντιος
869 1060 946 1124 ὡς
973 1061 1236 1130 σχολαῖον,
1271 1061 1370 1131 ἠδη
1398 1061 1662 1131 πρότερον
1693 1063 1757 1131 τῇ
1801 1060 2046 1124 Ἀλεξαν-

463 1152 943 1222 δρέωνἘκκλησίᾳ
970 1151 1437 1223 προσκεκυρώκει.
1469 1150 1740 1222 Γεώργιος
1772 1152 1828 1204 δὲ
1864 1152 2045 1222 βουλό-

469 1258 627 1312 μενος
661 1244 719 1294 ὲν
752 1241 902 1312 αύτῷ
944 1242 1229 1311 εὐκτήριον
1265 1238 1410 1295 οἷκον
1445 1241 1888 1305 κατασκευάσαι,
1917 1242 2046 1294 ἀνα-

465 1334 804 1405 καθαρθῆναι
829 1333 1040 1387 κελεύει
1068 1333 1159 1388 τὸν
1185 1335 1367 1389 τόπον.
1408 1334 1515 1386 Καὶ
1536 1335 1598 1405 δὴ
1626 1333 2044 1404 καθαιρομένου,

466 1424 653 1478 ἄδυτον
680 1423 918 1494 ηὕρηται
953 1424 1093 1476 κατὰ
1128 1422 1324 1492 βάθους
1351 1422 1565 1485 πολλοῦ,
1584 1425 1642 1475 ὲν
1670 1415 1714 1490 ᾧ
1741 1424 1811 1475 τὰ
1844 1423 2047 1493 μυστή-

472 1531 561 1586 ρια
587 1495 1011 1584 τῶν”Ἐλλήνων
1054 1515 1389 1584 ἐκέκρυπτο·
1440 1514 1611 1567 ταῦτα
1656 1514 1712 1565 δὲ
1747 1509 1814 1583 ἦν
1852 1514 2047 1583 κρανία

468 1604 771 1675 ἀνθρώπων
806 1604 973 1656 πολλὰ
994 1642 1009 1666 ,
1062 1605 1195 1657 νέων
1224 1621 1283 1656 τε
1326 1606 1419 1657 καὶ
1450 1602 1692 1655 παλαιῶν
1711 1644 1725 1669 ,
1768 1603 1861 1665 οὒς
1892 1603 2047 1670 λόγος

466 1702 685 1768 κατεῖχε
720 1699 885 1753 πάλαι
913 1698 1283 1769 ἀναιρεῖσθαι,
1330 1697 1417 1750 ὅτε
1449 1700 1566 1760 ταῖς
1608 1697 1695 1751 διὰ
1724 1696 2045 1765 σπλάγχνων

470 1790 746 1861 μαντείαις
779 1788 1016 1859 ἐχρῶντο
1048 1789 1098 1840 οἰ
1127 1787 1406 1858 Ἕλληνες,
1446 1788 1539 1839 καὶ
1565 1787 1803 1857 μαγικὰς
1831 1788 2045 1839 ἐτέλουν

468 1882 677 1945 θυσίας,
711 1879 1290 1950 καταμαγγανεύοντες
1313 1879 1411 1940 τὰς
1443 1877 1639 1946 ψυχάς.
1697 1880 1758 1930 Ui
1791 1874 1884 1930 οὖν
1909 1878 2045 1947 Χρι-

2146 700 2223 753 tio
2254 699 2568 767 hujusmodi
2599 716 2663 754 ex
2704 714 2868 755 causa
2907 697 3127 752 :Locus
3178 703 3297 752 erat
3345 695 3399 747 in
3442 692 3576 746 urbe
3606 691 3720 760 jam

2146 788 2273 842 inde
2296 804 2324 841 a
2352 789 2550 858 priscis
2581 788 2919 857 temporibus
2948 802 3157 841 vacuus
3203 801 3267 840 ac
3305 785 3608 854 neglectus,
3653 795 3717 834 ac

2148 882 2316 934 multa
2362 882 2605 935 sordium
2660 882 2891 936 colluvie
2936 878 3204 942 refertus,
3244 878 3297 931 in
3334 892 3445 946 quo
3491 872 3722 945 gentiles

2147 972 2361 1027 Mithrae
2415 974 2674 1044 mysteria
2738 980 3081 1043 peragentes,
3138 970 3423 1024 immolare
3467 963 3719 1019 homines

2146 1074 2563 1118 consueverant.
2596 1064 2750 1118 Hunc
2780 1072 3037 1134 tauquam
3065 1076 3297 1116 vacuum
3330 1075 3396 1113 ac
3416 1060 3717 1118 desertum,

2146 1144 2503 1211 Constantius
2556 1155 2813 1211 Ecclesia:
2853 1153 3346 1210 Alexandrinorum
3395 1150 3506 1218 jam
3556 1156 3719 1201 antea

2147 1247 2466 1302 donaverat.
2527 1245 2790 1317 Georgius
2836 1263 2969 1301 vero
3029 1262 3154 1300 cum
3200 1242 3487 1299 ecclesiam
3548 1242 3603 1294 in
3652 1255 3719 1294 eo

2147 1336 2269 1391 loco
2290 1336 2559 1390 aedificare
2594 1339 2774 1403 vellet,
2821 1335 3105 1406 repurgari
3152 1348 3276 1388 etim
3325 1331 3510 1401 jussit.
3562 1327 3718 1394 Quod

2147 1430 2277 1483 dum
2334 1429 2504 1493 fieret,
2541 1429 2762 1499 adytum
2801 1438 3075 1497 repertum
3107 1434 3192 1481 est
3220 1427 3500 1478 immensa:
3533 1422 3719 1474 altitu—

2147 1520 2313 1585 dinis,
2344 1521 2397 1574 in
2430 1535 2538 1590 quo
2566 1520 2825 1591 mysteria
2863 1519 3144 1589 gentilium
3184 1524 3343 1571 erant
3392 1512 3673 1569 recondita
3702 1529 3714 1565 :

2147 1612 2456 1680 complures
2500 1614 2711 1666 scilicet
2767 1612 3048 1665 hominum
3126 1608 3397 1670 calvariae,
3452 1605 3715 1673 juvenum

2149 1705 2354 1773 pariter
2384 1719 2449 1758 ac
2475 1705 2776 1769 seniorum,
2824 1703 2919 1772 qui
2968 1703 3097 1756 olim
3145 1700 3367 1753 mactati
3416 1711 3541 1751 esse
3568 1694 3716 1748 dice-

2148 1793 2372 1854 bantur,
2437 1803 2570 1846 tunc
2617 1808 2741 1847 cum
2799 1793 3028 1863 gentiles
3066 1790 3414 1873 \divinatione
3467 1801 3587 1856 quae
3622 1799 3718 1853 per

2147 1888 2395 1934 extorum
2426 1881 2821 1950 inspectionem
2854 1881 2930 1947 fit,
2962 1888 3269 1943 uterentur,
3296 1886 3350 1932 et
3384 1878 3592 1953 magica
3625 1890 3718 1930 sa-

468 1972 674 2026 cmavol
714 1970 888 2024 ταῦτα
933 1971 1183 2041 εὑρόντες
1218 1972 1276 2023 ἐν
1317 1969 1395 2038 τῷ
1426 1970 1602 2040 ἀδύτῳ
1631 1968 1725 2022 τοῦ
1758 1969 2039 2039 Μιθρείου,
2074 1958 2115 2012 Β
2144 1968 2248 2021 crif

1940 1969 2039 2035 ίου,
2074 1958 2347 2023 Bcrificia
2403 1968 2471 2023 ad
2521 1970 2732 2024 animas
2795 1969 3159 2023 incantandas
3217 1973 3556 2037 peragerent.
3621 1962 3717 2019 His

470 2063 705 2133 σπουδὴν
756 2062 936 2131 ἔθεντο
970 2063 1134 2114 πᾶσιν
1173 2063 1233 2114 ὲν
1278 2059 1362 2130 τῷ
1382 2060 1599 2131 φανερῷ
1627 2060 1845 2128 γέλωτα
1874 2059 2042 2122 δεῖξαι

464 2152 531 2204 τὰ
581 2152 844 2222 Ἐλλήνων
898 2152 1191 2223 μυστήρια.
1282 2150 1684 2221 Ἐξεπόμπευον
1748 2150 1805 2203 δὲ
1859 2150 2039 2214 εὐθὺς,

463 2246 645 2314 γυμνά
672 2244 749 2314 τῷ
778 2245 933 2314 δήμῳ
958 2246 1024 2296 τὰ
1051 2244 1250 2315 κρανία
1277 2243 1631 2304 δεικνύοντες.
1659 2242 1842 2296 Ταῦτα
1871 2242 2043 2312 ὁρῶν-

462 2350 553 2397 τες
572 2335 780 2388 οἱκατὰ
817 2335 1216 2405 Ἀλεξάνδρειαν
1250 2333 1531 2403 Ἕλληνες,
1555 2334 1649 2385 καὶ
1685 2332 1758 2403 μὴ
1784 2333 2042 2403 φέροντες

462 2426 523 2479 τὸ
550 2425 642 2477 τοῦ
676 2427 996 2496 πράγματος
1028 2424 1420 2488 ἐπονείδιστον,
1470 2425 1550 2487 είς
1588 2426 1755 2496 ὀργὴν
1788 2424 2043 2488 ἐξάπτον-

462 2533 582 2568 ται·
633 2518 724 2570 καὶ
752 2520 857 2570 πᾶν
881 2518 940 2569 τὸ
970 2517 1280 2588 παρατυχὸν
1307 2516 1466 2570 ὅπλον
1497 2517 1826 2587 ποιούμενοι,
1851 2516 2041 2588 ὥρμη-

465 2624 563 2659 σαν
594 2608 731 2660 κατὰ
755 2610 861 2661 τῶν
893 2610 1257 2680 Χριστιανῶν,
1290 2611 1380 2663 καὶ
1412 2610 1498 2663 διὰ
1530 2610 1713 2679 πάσης
1752 2609 2040 2679 ἐπιϐουλῆς

461 2699 667 2751 ἀνεῖλον
698 2699 808 2767 (25)
844 2699 1069 2763 πολλοὺς
1100 2699 1159 2763 ἐξ
1180 2700 1385 2754 αὐτῶν·
1420 2702 1546 2763 τοὺς
1572 2700 1671 2769 μὲν
1700 2699 1807 2770 γὰρ
1839 2700 2037 2769 ξίφεσι,

460 2792 586 2852 τοὺς
617 2790 671 2843 δὲ
698 2790 927 2862 ξύλοιςῆ
974 2792 1140 2857 λίθοις
1172 2793 1497 2846 ἀπέκτειναν
1520 2810 1533 2823 ·
1571 2793 1764 2854 ἄλλους
1795 2794 1853 2846 δὲ
1898 2810 2036 2862 σχοι-

462 2881 592 2944 νίοις
615 2882 936 2948 ἀπέπνιξαν.
966 2882 1131 2945 ma;
1154 2882 1210 2935 δὲ
1234 2882 1412 2935 αὐτῶν
1429 2882 1523 2935 καὶ
1550 2882 1921 2951 ἐσταύρωσαν,
1953 2881 2037 2950 ἐφ’

464 2970 621 3043 ὕϐρει
667 2973 762 3026 τοῦ
801 2971 1034 3044 σταυροῦ
1073 2972 1259 3026 τοῦτον
1309 2973 1609 3041 ἐπάγοντες
1640 2973 1729 3025 τὸν
1772 2973 2033 3027 θάνατον·

459 3063 586 3124 τοὺς
611 3061 668 3115 δὲ
696 3062 999 3126 πλείστους,
1028 3063 1366 3133 τραυματίας
1392 3064 1669 3132 ἐποίησαν.
1696 3064 1826 3115 Τότε
1851 3064 1929 3127 δὲ,
1953 3058 2038 3116 οἷα

462 3154 520 3205 ὲν
546 3158 658 3216 τοῖς
673 3154 936 3218 τοιούτοις
969 3155 1114 3224 φιλεί
1136 3156 1398 3224 γίνεσθαι,
1421 3155 1541 3208 οὐδὲ
1561 3157 1669 3209 τῶν
1695 3157 2037 3210 οἰκειοτάτων

462 3242 763 3312 ἀπέσχοντο
788 3260 802 3274 ·
856 3244 993 3297 ἀλλὰ
1017 3245 1108 3296 καὶ
1138 3244 1288 3313 φίλος
1313 3243 1463 3312 φίλον
1496 3244 1721 3314 ἔπληξε,
1753 3246 1848 3298 καὶ
1877 3245 2031 3297 ἀδελ-

463 3332 561 3402 φὸς
597 3309 843 3404 ἀδελφὸν,
881 3336 975 3388 καὶ
1007 3309 1184 3402 γονείς
1219 3309 1443 3399 παῖδας,
1489 3336 1581 3387 καὶ
1608 3309 1851 3405 αλλήλων
1898 3338 2032 3406 πρὸς
2061 3309 2105 3371 C

461 3424 618 3491 φόνον
652 3423 937 3494 ὥρμησαν.
981 3424 1072 3476 Διὸ
1106 3426 1198 3477 καὶ
1231 3426 1277 3476 oi
1308 3425 1624 3495 Χριστιανοὶ
1652 3425 1744 3476 τοῦ
1784 3427 2039 3480 ἐκκαθαίη

464 3531 576 3584 ρειν
605 3515 662 3567 τὸ
683 3516 939 3586 Μιθρεῖον
969 3516 1275 3569 ἐπαύσαντο
1300 3533 1312 3545 ·
1356 3518 1403 3569 οί
1440 3516 1498 3568 δὲ
1522 3516 1614 3569 τὸν
1644 3516 1912 3587 Γεώργιον
1940 3521 2038 3590 τῆς

474 3607 796 3677 Ἐκκλησίας
842 3608 1196 3677 ὲκσύραντες,
1254 3609 1483 3679 καμήλῳ
1514 3625 1571 3660 τε
1613 3610 2033 3680 προσδήσαντες,

460 3699 554 3750 καὶ
583 3699 974 3766 σπαράξαντες,
1019 3700 1114 3754 σὺν
1144 3701 1280 3770 αὐτῇ
1314 3699 1655 3751 κατέκαυσαν
1680 3710 1725 3753 ο.

2144 2062 2309 2131 igitur
2338 2062 2390 2115 in
2430 2063 2593 2133 adyto
2631 2063 2818 2133 templi
2859 2061 3069 2115 Mithra:
3106 2060 3360 2130 repertis,
3413 2055 3716 2112 Christiani

2143 2152 2409 2207 dederunt
2469 2169 2694 2224 opt-ram
2767 2161 2827 2207 ut
2889 2153 3170 2224 gentilium
3233 2150 3487 2220 mysteria
3537 2147 3716 2218 palam

2140 2242 2399 2297 omnibus
2442 2243 2741 2312 spectanda
2803 2244 2871 2297 ad
2928 2242 3223 2297 ludibrium
3278 2246 3709 2310 exponerentur.

2143 2330 2454 2401 Statimque
2496 2331 2856 2386 circumferre
2889 2347 2950 2386 ea
2980 2347 3075 2401 per
3096 2320 3369 2385 civilatem
3408 2337 3716 2397 eruperunt,

2140 2425 2318 2479 nudas
2344 2424 2625 2477 hominum
2659 2424 2844 2479 calvas
2886 2422 3218 2477 multitudini
3250 2429 3612 2476 ostentantes.
3647 2418 3718 2472 At

2139 2518 2330 2587 pagani
2365 2516 2458 2587 qui
2503 2524 2658 2570 erant
2696 2515 3058 2581 Alexandriae,
3105 2530 3229 2568 cum
3260 2513 3341 2568 id
3401 2519 3714 2575 cernerent,

2138 2601 2492 2678 opprobrium
2517 2623 2624 2661 non
2658 2606 2919 2671 ferentes,
2953 2608 3033 2659 ira
3060 2611 3386 2659 exarserunt
3416 2622 3429 2657 :
3454 2610 3508 2658 et
3543 2601 3719 2673 quod-

2139 2715 2356 2770 cunque
2406 2700 2626 2755 obvium
2699 2706 2819 2753 erat
2866 2699 2985 2754 vice
3054 2698 3146 2754 teli
3207 2706 3449 2766 arrepto,
3521 2702 3719 2749 contra

2138 2796 2485 2851 Christianos
2559 2796 2823 2864 impetum
2891 2794 3088 2861 fecere,
3155 2794 3465 2862 multosque
3524 2790 3716 2848 eorum‘

2140 2887 2292 2942 vario
2327 2888 2520 2941 mortis
2545 2902 2743 2957 genere
2772 2885 3121 2942 exstinxere:
3152 2886 3290 2941 alios
3322 2885 3469 2940 enim
3502 2881 3716 2956 gladiis,

2139 2979 2277 3032 alios
2309 2979 2566 3042 fustibus,
2592 2980 2731 3035 alios
2763 2978 3040 3050 lapidibus
3080 2985 3382 3044 necarunt;
3421 2976 3719 3031 nonnullos

2139 3066 2362 3124 funibus
2401 3069 2851 3140 strangularunt;
2899 3068 3168 3139 quosdam
3199 3069 3364 3123 etiam
3400 3067 3554 3121 cruci
3601 3065 3719 3118 alli-

2137 3164 2360 3222 xerunt,
2401 3157 2503 3211 hoc
2537 3172 2736 3227 genere
2780 3159 3032 3228 supplicii
3067 3173 3162 3212 eos
3196 3156 3262 3213 de
3302 3158 3569 3211 industria
3605 3155 3719 3208 alli-

2138 3250 2347 3303 cientes
2400 3249 2468 3301 ad
2527 3265 2699 3304 sacrae
2741 3250 2925 3305 crucis
2992 3249 3414 3314 contumeliam;
3453 3246 3718 3317 plurimos

2136 3356 2264 3395 vero
2292 3340 2527 3396 diversis
2553 3342 2875 3397 vulneribus
2916 3343 3255 3396 sauciarunt.
3316 3342 3515 3408 Atque,
3570 3346 3631 3391 ut
3662 3339 3716 3391 in

2134 3431 2403 3500 ejusmodi
2430 3434 2758 3489 tumultibus
2780 3433 2893 3488 fieri
2918 3434 3075 3497 solet,
3108 3448 3177 3487 ne
3201 3432 3468 3502 proximis
3495 3415 3715 3499 quidem

2136 3524 2468 3591 parcebant;
2525 3524 2617 3578 sed
2674 3524 2888 3578 amicus
2930 3525 3189 3587 amicum,
3256 3522 3423 3576 frater
3463 3521 3714 3583 fratrem,

2134 3623 2390 3683 parentes
2436 3614 2576 3671 filios
2618 3616 3023 3685 percutieliant,
3059 3623 3112 3671 ct
3140 3616 3195 3669 in
3233 3614 3433 3685 candent
3470 3622 3715 3667 mutuam

2134 3708 2389 3762 ruebant.
2448 3684 2637 3778 Itaque
2686 3708 2989 3764 Christiani
3039 3724 3070 3761 a
3115 3684 3455 3778 repur’gando
3505 3704 3719 3773 Mithra:

463 3791 662 3858 templo
717 3792 1081 3858 destiterunt;
1143 3792 1374 3862 gentiles
1435 3806 1565 3845 vero
1616 3791 1906 3864 Georgium
1956 3799 2025 3853 ab
2062 3801 2297 3855 ecclesia
2353 3802 2697 3857 abstractum
2727 3811 2783 3859 et
2817 3802 2882 3857 ad
2915 3802 3182 3857 camelum
3225 3799 3385 3872 174
3414 3800 3715 3870 alligatum,

464 3890 808 3952 tractumque
830 3898 894 3937 ac
920 3883 1303 3947 dilaceratum,
1325 3882 1488 3937 simul
1519 3898 1643 3937 cum
1676 3883 1793 3955 ipsa
1825 3890 2032 3944 camelo
2073 3892 2461 3947 incenderunt.

1068 3980 1316 4032 ΚΕΦΑΛ.
1346 3979 1417 4033 Γ’.

467 4065 562 4130 Ὠς
598 4066 949 4138 όᾼβιισιλεὺς
980 4067 1076 4120 ἐπὶ
1099 4067 1173 4135 τῇ
1218 4069 1511 4138 Γεωργίου
1550 4068 1897 4137 χαλεπήνας
1926 4071 2031 4124 ἁν-

529 4136 777 4270 ξιὶιρέσει,
819 4137 890 4190 δι’
919 4138 1247 4207 ἐπιστολῆς
1276 4136 1394 4192 τῶν
1425 4136 1866 4209 Ἀλεξανδρέων
1893 4145 2031 4195 καθ-

578 4224 749 4274 yaso.

546 4297 665 4349 Ἐπὶ
704 4296 805 4367 μὲν
833 4293 926 4352 οὖν
982 4298 1074 4351 τοῦ
1106 4298 1378 4372 Γεωργίου
1420 4300 1694 4371 ᾁναιρέσει
1721 4302 2031 4372 χαλεπήνας

456 4389 483 4440 ὁ
521 4387 793 4457 βασιλεὺς,
846 4388 912 4442 δι’
953 4389 1238 4461 ἐπιπολῆς
1282 4390 1377 4444 τοῦ
1418 4390 1809 4464 Ἀλεξανδρέων
1857 4393 2027 4464 δήμου

2251 3981 2263 4013 ³
2787 3948 2942 4045 cap.
2982 3986 3070 4042 Ill.

2140 4078 2415 4145 Quomodo
2476 4081 2764 4147 imperator
2818 4080 2880 4133 ob
2938 4080 3132 4134 credent
3158 4078 3370 4147 Georgii
3404 4078 3712 4147 indignatus

2347 4151 2738 4205 Alexandrinos
2761 4167 2853 4221 per
2879 4151 3161 4219 epistolam
3184 4150 3501 4221 objurgavit.

2210 4306 2279 4360 At
2312 4306 2611 4375 imperator
2635 4305 2836 4359 caedem
2868 4304 3090 4376 Georgii
3130 4304 3361 4359 moleste
3386 4303 3587 4362 ferens.
3621 4316 3719 4371 po-

2137 4399 2324 4466 pulmn
2347 4398 2776 4453 Alexandrinum
2800 4412 2896 4467 per
2912 4397 3197 4467 epistolam
3226 4396 3513 4466 corripuit.
3551 4394 3716 4448 Fama

1613 4532 1886 4588 VALESII
1920 4532 2483 4593 ANNOTATIUNES.

662 4623 769 4678 Kal
806 4623 905 4679 διὰ
964 4624 1169 4693 πάσης
1214 4622 1376 4692 ἰδέας
1406 4625 1686 4681 θανάτου.
1722 4627 1781 4682 In
1830 4627 2027 4683 codice
2067 4627 2304 4686 Sfortian

1942 4627 2027 4683 ice
2067 4627 2349 4687 Sfortiano
2380 4633 2584 4703 legitur
2606 4631 2787 4702 πάσης
2814 4630 3126 4702 ἐπιϐουλῆς,
3196 4628 3292 4686 sed
3360 4628 3714 4685 Florentinus

454 4696 591 4749 nihil
630 4704 826 4749 mutat.

1831 4850 2223 4908 VARIORUM.

518 4952 543 5021 ξ
565 4941 794 5021 Συνέϐη
820 4938 1087 5021 ταραχὴν
1104 4940 1399 5021 remeabat.
1434 4941 1762 5021 seditiosum
1785 4943 2019 4998 Alexan-
2049 4946 2096 5003 D
2123 4942 2214 4995 Διὸ
2261 4961 2298 5021 κ-

1231 4940 1399 5021 iopas.
1434 4941 1762 5021 Seditiosum
1785 4943 2019 4998 Alexan-
2049 4946 2096 5003 D
2123 4942 2214 4995 Διὸ
2261 4942 2355 5021 καὶ
2395 4941 2609 5021 Μίθραν
2662 4940 2868 5021 Πέρσαι
2920 4940 3011 4993 τὸν

449 5012 731 5083 drinorum
765 5012 1038 5083 ingenium
1083 5028 1111 5066 a
1151 5013 1334 5083 multis
1368 5014 1733 5083 scriptoribus
1764 5024 2015 5067 notatum

447 5090 550 5144 est,
593 5081 796 5136 Graecis
829 5080 1195 5151 ’Latinisque.
1258 5082 1431 5151 Ilujus
1486 5080 1678 5139 autem
1734 5085 2019 5139 seditionis

446 5168 643 5233 causas
671 5153 834 5223 paulo
850 5154 1008 5207 aliter
1033 5152 1198 5206 tradit
1222 5153 1289 5207 A.
1316 5154 1554 5208 Marcell.
1588 5157 1710 5209 loco
1741 5170 1771 5208 a
1808 5154 2020 5211 Valesio

447 5235 634 5277 enato.

517 5293 546 5333 ι)
579 5292 660 5357 Τῷ
693 5296 901 5361 Μίθρῃ.
951 5291 1147 5346 Mithra
1201 5292 1387 5349 Persis
1426 5295 1629 5349 dicitur
1671 5292 1784 5349 Sol.
1825 5293 2021 5350 Strabo

578 5363 995 5437 xv,ngqu
1038 5364 1347 5437 uehimur,
1400 5365 1459 5419 ὃν
1512 5365 1727 5437 Μίθραν
1774 5365 2019 5420 καλοῦσι.

444 5433 727 5487 Plutarch.
762 5434 824 5488 de
864 5433 1008 5505 Iside
1055 5444 1103 5488 et
1134 5435 1363 5495 Osiride.
1400 5448 1519 5505 post
1571 5433 1799 5489 relatam
1833 5451 2020 5490 eorum

444 5504 771 5576 sententiam
824 5506 916 5574 qui
967 5504 1105 5559 duos
1154 5521 1276 5560 esse
1309 5506 1441 5560 deos
1488 5507 1825 5569 credebant,
1865 5507 2022 5576 quasi

442 5575 789 5629 adversarios
806 5586 859 5629 et
884 5576 1245 5643 ἀντιτέχνους,
1272 5592 1503 5645 quorum
1528 5578 1664 5631 alter
1693 5578 1854 5642 bona,
1887 5575 2023 5631 alter

444 5646 584 5698 mala
621 5655 957 5714 operaretur,
996 5646 1260 5713 illumque
1322 5648 1509 5711 dcutn,
1544 5648 1691 5702 hunc
1717 5650 2019 5702 daemonem

443 5716 819 5783 appellabant,
868 5716 1008 5768 illam
1051 5725 1103 5770 et
1125 5715 1470 5773 Zoroastrem
1513 5719 1755 5773 sensisse
1797 5719 1891 5780 ait.
1926 5719 2019 5785 qui

445 5786 631 5837 ἐκάλει
684 5786 923 5859 τὸνμὲν
971 5788 1093 5859 (sc.
1158 5786 1359 5859 bonum
1398 5790 1661 5858 genium)
1718 5788 2023 5859 Ὡρομάζην

446 5871 542 5941 seu
613 5856 986 5941 Ὠρομάσδην·
1050 5857 1141 5941 τὸν
1317 5856 1431 5941 (ξεῖ
1494 5861 1705 5941 attalum
1758 5856 2016 5941 genium)

458 5926 831 5998 Ἀρειμάνιον·
883 5928 1044 5998 μέσον
1095 5927 1153 5980 δὲ
1205 5930 1409 5999 ἀμφοῖν
1458 5928 1548 5983 τὸν
1587 5926 1802 6002 Μίθραν
1851 5926 2008 5985 εἷναιέ

3108 4941 3293 5011 εσίτην
3333 4939 3711 5010 ὀνομάζουσιν.

2201 4959 2214 4994 >
2261 4959 2355 4996 και
2395 4959 2609 5011 Μισραν
2663 4959 2868 5012 ιιερσαι
2920 4959 3012 4993 τον
3108 4959 3293 5011 εσιτην
3333 4959 3711 5010 ονομαςουσιν.

2201 5024 2222 5051 ο
2260 5013 2385 5065 Σὺν
2414 5012 2568 5081 αὐτῇ
2598 5011 3002 5065 κατέκαυσαν.
3055 4959 3332 5082 ῢεωῃίηε,
3362 5014 3537 5080 inquit
3584 5011 3714 5080 Epi-

2130 5084 2383 5153 phanius,
2405 5085 2459 5137 in
2493 5083 3060 5150 camelumimpositus,
3086 5093 3196 5135 tota
3216 5083 3340 5136 urbe
3368 5084 3715 5151 ignominiose

2125 5155 2402 5207 traductus
2428 5166 2525 5208 est.
2566 5156 2640 5207 Ac
2668 5155 2897 5221 primum
2920 5155 2983 5205 ab
3006 5154 3283 5222 gentilibus
3310 5155 3710 5221 circumseptus,

2125 5242 2187 5278 ac
2212 5225 2379 5277 multa
2411 5241 2682 5293 perpessus
2737 5235 2787 5278 et
2840 5224 3067 5293 fustibus
3122 5240 3439 5291 percussus,
3502 5234 3714 5288 totaque

2124 5296 2499 5363 propemodum
2522 5296 2646 5348 urbe
2664 5305 2945 5357 tractatus,
2967 5296 3021 5347 in
3044 5296 3107 5347 iis
3130 5296 3404 5363 suppliciis
3419 5296 3711 5347 exstinctus

2123 5378 2237 5428 est;
2265 5383 2327 5418 ac
2347 5377 2463 5435 post
2494 5367 2693 5419 obitum
2729 5379 3105 5427 concrematas,
3126 5377 3172 5419 et
3196 5382 3312 5419 cum
3341 5366 3519 5418 multis
3555 5381 3712 5431 pecu-

2127 5437 2253 5488 dum
2279 5454 2338 5489 ac
2370 5438 2655 5490 bestiarum
2687 5437 2887 5490 ossibus
2919 5437 2970 5487 in
2994 5437 3217 5490 cinerem
3250 5438 3513 5489 redactus.
3547 5446 3705 5503 atque

2129 5509 2183 5559 in
2215 5518 2389 5560 ventos
2421 5509 2709 5573 dispersus.
2747 5506 3059 5569 Multitudo,
3094 5518 3147 5560 ut
3181 5506 3255 5558 ait
3286 5509 3463 5559 Amm.
3484 5504 3711 5557 Marcel-

2127 5578 2292 5638 linus.
2311 5580 2504 5631 cineres
2523 5578 2743 5645 proiecit
2768 5579 2819 5629 in
2839 5579 3062 5638 mare,id
3082 5587 3396 5639 metuens,ut
3416 5575 3704 5636 clamabat,

2126 5665 2187 5702 ne
2212 5650 2443 5702 collectis
2479 5652 2755 5715 supremis,
2780 5648 2915 5701 mdes
2958 5649 3038 5699 illi
3051 5659 3465 5708 exstruerentur,
3489 5657 3547 5707 ut,
3579 5646 3703 5697 reli-

2124 5720 2264 5787 quis,
2296 5720 2384 5783 qui
2413 5719 2617 5773 deviare
2643 5739 2672 5773 α
2702 5719 2953 5786 religione
2985 5720 3259 5785 compulsi,
3292 5719 3551 5785 pertulere
3586 5732 3707 5768 cru-

2124 5790 2338 5842 ciabiles
2356 5806 2557 5858 poenas.
2584 5790 2816 5859 adusque
2842 5790 3127 5859 gloriosam
3155 5799 3366 5841 mortem
3389 5791 3717 5859 intemerata-

2126 5861 2229 5927 ﬁtle
2279 5856 2560 5929 progressi,
2606 5872 2653 5914 et
2701 5856 2858 5913 nunc'
2889 5870 3146 5928 martyres
3193 5861 3546 5926 appellantur.
3580 5856 3706 5911 “xc

2126 5940 2307 5988 autem
2342 5932 2612 5989 Antonius
2641 5931 2769 6001 Pagi
2799 5933 2961 5989 refert
2984 5947 3127 5986 anno
3163 5930 3285 5985 502.
