4508 6588
775 412 883 510 sse
2237 461 2555 523 socnms

2245 461 2576 523 SOCRATIS
3923 476 4025 532 384

777 583 941 638 porro
959 569 1013 624 in
1038 569 1234 639 vulgus
1263 583 1451 640 sparsa
1478 577 1584 633 est,
1608 570 1725 626 haec
1763 571 2026 628 adversus
2053 575 2349 646 Georgium
2379 588 2426 644 Α
2454 582 2554 636 καθ

2249 579 2349 631 tum
2379 588 2426 644 Α
2454 582 2753 654 καθήψατο.
2782 583 2952 653 Λόγος
2983 583 3038 637 δὲ
3067 575 3279 653 διεδόθη
3299 623 3314 649 ,
3355 585 3430 650 ὡς
3456 585 3628 640 ταῦτα
3648 589 3734 650 εἰς
3763 584 4029 658 Γεώργιον

776 660 1014 715 admissa
1040 675 1162 716 esse
1193 661 1261 715 ab
1290 663 1377 724 iis,
1411 661 1504 731 qui
1542 661 1829 717 Athanasii
1860 679 2028 720 causa
2056 665 2208 720 illum
2229 667 2358 722 odio
2459 674 2556 747 ἕδρη

2249 667 2358 722 idio
2459 674 2690 747 ἔδρασαν
2713 677 2762 730 οἱ
2786 677 2854 731 δι’
2898 676 3218 732 Ἀθανάσιον
3246 676 3496 748 ἀπεχθῶς
3540 678 3752 748 ἔχοντες
3774 677 3910 749 πρὸς
3936 678 4029 732 αὐ-

778 752 1274 821 prosequebantur.
1320 752 1430 824 Ego
1479 770 1612 809 vero
1661 754 1742 814 sic
1793 756 2068 824 existimo,
2116 773 2213 815 eos
2261 758 2357 830 qui

776 843 902 897 odio
933 851 1096 913 atque
1127 845 1413 900 inimicitia
1452 846 1754 910 ducuntur,
1796 849 2124 918 plerumque.
2167 850 2222 903 in
2265 866 2355 906 se-

776 933 1081 990 ditionihus
1109 935 1335 1007 adjungi
1360 937 1541 992 solere
1583 937 1674 1002 iis,
1709 938 1807 1008 qui
1835 939 2101 996 adversus
2135 939 2356 1010 iniquos

777 1027 1030 1082 homines
1062 1029 1322 1099 impetum
1375 1029 1605 1084 faciunt.
1641 1030 1762 1102 lpsa
1800 1040 1951 1088 certe
2005 1033 2355 1103 imperatoris

776 1119 1009 1188 epistola
1039 1121 1252 1190 plebem
1281 1123 1463 1192 potius
1488 1123 1765 1179 insimulat
1790 1140 1954 1194 quam
1982 1125 2351 1182 Christianos.

777 1211 1044 1266 Caeterum
1097 1213 1388 1284 Georgius,
1451 1223 1506 1269 et
1563 1224 1694 1270 tunc
1742 1217 2027 1287 temporis,
2071 1225 2126 1272 et
2171 1228 2354 1281 antea,

778 1305 960 1372 gravis
989 1307 1245 1362 omnibus
1276 1322 1339 1362 ac
1371 1309 1634 1363 molestus
1670 1307 1842 1364 fuisse
1863 1309 2356 1376 v1dcbatur;eam-

778 1410 884 1462 que
912 1398 982 1450 ob
1014 1412 1238 1451 causam
1271 1401 1538 1454 tumultus
1568 1407 1622 1454 et
1651 1402 1930 1455 contentio
1981 1402 2354 1459 multitudinis

2457 767 2570 822 τόν.
2641 766 2796 836 Ἐγὼ,
2817 767 2875 822 δὲ
2923 768 3165 840 ἡγοῦμαι
3214 770 3312 840 μὲν
3357 769 3605 833 καὶτοὺς
3638 767 3930 839 μισοῦντας
3974 771 4032 824 ἐν

2456 861 2578 921 ταῖς
2611 859 2831 912 στάσεσι
2863 876 3035 912 συνεπ
3057 859 3302 914 τίθεσθαι
3328 861 3442 924 τοῖς
3469 859 3764 913 ἀδικοῦσιν.
3812 858 3878 912 Ἥ
3909 858 4032 929 μέν·

2454 967 2538 1004 τοι
2566 950 2659 1004 τοῦ
2695 951 2958 1021 βασιλέως
2985 950 3244 1023 ἐπιστολὴ
3271 951 3350 1022 τῷ
3374 952 3532 1022 δήμῳ
3573 952 3792 1022 μᾶλλον,
3824 951 3858 1022 ἦ
3898 953 4033 1018 Χρι-

2463 1042 2697 1104 στιανοῖς
2761 1041 2998 1110 ἐγκαλεῖ.
3067 1041 3270 1112 Ἐφάνη
3322 1041 3380 1094 δὲ
3424 1041 3696 1112 Γεώργιος
3737 1041 3849 1110 (24)
3869 1083 3885 1104 ,
3941 1040 4033 1094 καὶ

2463 1131 2725 1202 πρότερον
2749 1132 2844 1184 καὶ
2880 1130 3187 1202 μεταταῢτα
3213 1132 3382 1204 βαρὺς
3417 1132 3653 1201 γεγονὼς
3687 1131 3780 1186 καὶ
3807 1130 4033 1202 ὀχληρὸς

2461 1227 2574 1287 τοῖς
2602 1226 2735 1279 πᾶσι
2757 1241 2772 1256 °
2815 1227 2907 1279 κα)¹
2934 1225 3182 1280 διατοῢτο
3207 1225 3475 1296 ἐξεκαύθη
3505 1227 3584 1289 εἰς
3613 1224 3944 1294 φιλονεικίαν
3965 1223 4034 1277 τὰ

2462 1313 2663 1384 πλήθη.
2705 1314 2902 1369 Ὀτιδέ
2930 1315 3008 1386 τῷ
3045 1315 3200 1387 δήμῳ
3229 1315 3428 1387 μᾶλλον
3467 1317 3706 1385 ἐγκαλεῖ,
3735 1315 3907 1386 αὐτῆς
3936 1315 4034 1367 ἐπ-

2464 1402 2627 1456 άκουε
2659 1403 2756 1473 τῆς
2780 1404 3064 1474 ἐπιστολῆς
3084 1403 3134 1457 ἀ.

780 1485 1044 1544 adversus
1097 1490 1248 1544 illum
1283 1491 1509 1546 exarsit.
1541 1490 1696 1558 Quod
1721 1502 1902 1547 autem
1933 1492 2252 1562 imperator,
2288 1500 2348 1546 ut
2385 1493 2521 1558 dixi,
2557 1495 2771 1565 plebem
2821 1497 3118 1564 insimulet,
3144 1511 3210 1554 ex
3232 1497 3349 1568 ipsa
3371 1497 3602 1569 epistola
3666 1497 3796 1554 licet
3832 1509 4038 1567 cogno-

780 1593 955 1633 SCCI‘C.

782 1692 1081 1762 Imperator
1140 1691 1665 1770 Cmsar_Juli_anus,_
1704 1696 1999 1770 Maximus,
2063 1700 2353 1770 Augustus,

1198 1767 1390 1833 populo
1424 1767 1928 1822 Alexandrinorum.

850 1875 912 1930 Si
954 1876 1247 1930 Alexandri
1276 1878 1582 1933 conditoris
1641 1881 1795 1935 urbis
1847 1889 2065 1947 vestrae,
2115 1892 2169 1938 et
2207 1882 2354 1954 quod

2462 1695 2850 1770 Αὐτοκράτωρ
2880 1698 3109 1770 Καῖσαρ
3155 1697 3476 1770 ξιουᾷιανὸς
3500 1698 3858 1770 ,ᾈΜέγιστος
3877 1743 3893 1770 ,
3934 1704 4038 1757 Σε-

2716 1768 2939 1834 ϐαστὸς
2959 1807 2975 1832 ,
3016 1767 3446 1836 Ἀλεξανδρέων
3477 1768 3558 1834 τῷ
3593 1770 3778 1839 δήμῳ.

2525 1881 2584 1933 Ei
2619 1878 2694 1950 μὴ
2719 1878 2809 1933 τὸν
2825 1878 3170 1951 Ἀλέξανδρον
3196 1879 3287 1934 τὸν
3317 1882 3562 1951 οἰκιστὴν
3594 1881 3772 1952 ὑμῶν,
3798 1884 3892 1937 καὶ
3933 1885 4041 1956 πρό

780 1967 959 2036 majus
1008 1979 1116 2035 εει,
1181 1969 1226 2024 si
1280 1968 1367 2024 dei
1410 1972 1629 2040 magni,
1669 1973 2006 2028 sanctissimi
2073 1973 2354 2045 Serapidis
2388 2000 2428 2055 Β
2458 1989 2560 2040 γε’

2255 1976 2354 2030 ldis
2388 2000 2428 2055 Β
2458 1989 2520 2040 γε
2550 1971 2769 2037 τούτου,
2819 1972 2910 2025 τὸν
2953 1972 3072 2026 θεὸν
3109 1972 3202 2026 τὸν
3238 1966 3430 2042 μέγαν,
3461 1973 3552 2028 τὸν
3601 1973 3902 2043 ἁγιώτατον
3931 1978 4035 2031 Σά-

781 2061 930 2113 nulla
961 2077 1058 2115 vos
1095 2062 1268 2132 tangit
1295 2065 1624 2130 reverentia,
1662 2073 1716 2118 at
1740 2067 2016 2135 quomodo
2041 2069 2357 2123 communis

781 2161 1012 2213 naturae,
1050 2161 1105 2208 et
1141 2153 1496 2209 humanitatis
1527 2170 1590 2209 ac
1615 2155 1801 2211 decori
1828 2172 1924 2212 vos
1955 2159 2098 2229 cepit
2119 2158 2360 2214 oblivio?

781 2243 924 2298 addo
975 2245 1138 2299 etiam
1184 2248 1383 2308 nostri,
1442 2247 1641 2316 quibus
1697 2258 1809 2303 tum
1850 2266 2044 2306 omnes
2090 2253 2191 2317 dii,
2245 2262 2358 2308 tum

781 2336 1053 2405 praecipue
1080 2351 1309 2406 magnus
1337 2337 1430 2392 ille
1461 2339 1683 2410 Serapis
1737 2340 2026 2410 imperium
2067 2344 2219 2400 orbis
2249 2351 2355 2400 ter-

783 2440 968 2478 rarum
1003 2427 1408 2496 adjudicarunt.
1444 2426 1658 2493 Quibus
1686 2439 1836 2486 certe
1863 2447 2080 2503 aequum
2124 2443 2246 2490 erat
2303 2443 2362 2490 ut

778 2517 1045 2587 judicium
1074 2520 1142 2574 de
1165 2519 1232 2575 iis
1258 2520 1353 2590 qui
1381 2535 1479 2576 vos
1511 2521 1710 2590 injuria
1747 2523 2070 2589 affecerunt,
2108 2543 2359 2586 reserva-

784 2594 933 2664 retis.
974 2607 1080 2664 Sed
1117 2610 1349 2668 fortasse
1381 2613 1462 2667 ira
1509 2629 1603 2668 vos
1650 2614 1868 2686 decepit
1913 2631 1978 2671 ac
2032 2617 2231 2674 furor:
2264 2622 2362 2690 qui

783 2699 1004 2768 quidem
1027 2701 1117 2755 ubi
1151 2711 1385 2756 mentem
1407 2705 1742 2772 exturbavit,
1766 2708 2112 2763 atrocissima
2133 2726 2362 2781 qumque

787 2801 1109 2862 perpetrare
1141 2793 1301 2852 solet.
1331 2793 1532 2849 Verum
1567 2797 1808 2866 posthaec
1857 2815 2109 2870 represso
2133 2803 2360 2873 impetu,

785 2882 853 2937 iis
881 2897 1002 2952 quae
1029 2883 1213 2938 subito
1254 2901 1284 2939 a
1315 2887 1472 2943 vobis
1501 2890 1640 2944 bene
1672 2891 1926 2945 consulta
1978 2891 2220 2961 fuerant,
2255 2896 2362 2948 ini-

785 2990 955 3044 quum
995 2973 1210 3032 facinus
1255 2977 1596 3046 subjecistis.
1645 2979 1832 3050 Neque
1866 2982 2028 3037 veriti
2076 2985 2214 3039 estis
2267 3001 2365 3042 vos

785 3065 1008 3134 plebeii,
1055 3081 1119 3121 ea
1161 3070 1526 3131 committere,
1576 3079 1798 3141 propter
1827 3089 1950 3143 qua:
1989 3075 2114 3131 illos
2165 3077 2366 3133 merito

785 3155 1008 3211 odistis.
1045 3155 1336 3213 Enimvero
1358 3159 1526 3216 dicite
1555 3163 1935 3233 inihi,qu:nso,
1966 3180 2066 3235 per
2092 3165 2362 3238 Serapim,

787 3261 928 3316 quas
955 3249 1027 3304 ob
1049 3249 1278 3319 injurias
1306 3253 1573 3308 adversus
1603 3253 1898 3326 Georgium
1927 3261 2188 3314 commoti
2219 3261 2363 3316 sitis.

787 3337 991 3394 Dicetis
1068 3344 1323 3404 omnino,
1379 3359 1446 3398 eo
1520 3346 1665 3414 quod
1724 3346 1898 3402 beata:
1957 3335 2432 3406 recordationisc
2471 3339 2567 3410 ὑμέ

1255 3357 1323 3404 o,
1379 3359 1446 3398 eo
1520 3346 1665 3414 quod
1724 3346 1898 3402 beata:
1957 3335 2432 3406 recordationisc
2471 3339 2624 3410 ὑμῶν
2671 3337 2985 3408 παρώξυνεν
3023 3353 3035 3368 ⁸

789 3429 1173 3486 Constantium
1220 3442 1414 3488 contra
1444 3451 1540 3491 vos
1567 3438 1934 3502 excitaverat;
1975 3440 2174 3496 deinde
2219 3442 2368 3511 quod

787 3526 1091 3578 exercitum
1119 3525 1170 3578 in
1188 3540 1400 3580 sacram
1421 3529 1610 3583 urbem
1631 3530 1927 3596 induxerit,
1951 3541 2005 3587 et
2025 3549 2118 3588 rex
2149 3533 2371 3604 Egypti

789 3616 1197 3671 sanctissimum
1252 3616 1345 3672 Dei
1403 3621 1664 3689 templum
1733 3624 2036 3692 occuparit,
2099 3631 2154 3680 et
2212 3626 2370 3695 175

789 3705 1054 3774 imagines
1084 3721 1147 3760 ac
1175 3705 1424 3772 donaria,
1456 3716 1510 3762 et
1544 3709 1812 3779 reliquum
1850 3713 2174 3780 templorum
2212 3729 2373 3767 orna-

789 3804 906 3850 tum
937 3797 1061 3850 inde
1087 3799 1409 3868 abripuerit.
1447 3799 1695 3870 Cumque
1749 3818 1846 3858 vos
1881 3804 2101 3874 indigne
2134 3803 2370 3870 fert-etis,

793 3899 973 3958 utpar
1013 3898 1152 3952 erat,
1212 3900 1266 3944 et
1330 3890 1461 3956 Deo,
1519 3908 1612 3948 seu
1663 3894 1842 3963 potius
1871 3893 1963 3950 Dei
2006 3895 2168 3950 rebus
2208 3905 2372 3964 atque

790 3981 988 4050 opibus
1035 3996 1360 4036 succurrere
1423 3983 1654 4049 velletis,
1713 3985 1804 4038 ille
1867 3984 2069 4054 injuste
2113 3995 2166 4040 ct
2206 3986 2371 4056 impie

790 4081 961 4121 ausus
1005 4076 1090 4120 est
1125 4069 1177 4121 in
1211 4084 1306 4123 vos
1345 4070 1639 4126 inunittere
1692 4081 1978 4147 armatos.”
1994 4073 2098 4128 Sed
2139 4073 2374 4130 fortasse

709 4180 711 4182 ·
791 4159 896 4214 sibi
926 4160 1031 4230 ipsi
1062 4162 1312 4228 cavebat,
1341 4163 1544 4234 quippe
1563 4163 1656 4234 qui
1677 4164 1970 4235 Georgium
2005 4167 2178 4238 magis
2211 4181 2373 4237 quam

2463 2078 2624 2132 ραπιν
2661 2060 2914 2125 αἰδεῖσθε,
2953 2060 3046 2114 τοῦ
3083 2061 3264 2115 κοινοῦ
3297 2062 3428 2131 γοῦν
3461 2063 3605 2134 ὑμᾶς
3643 2066 3739 2118 καὶ
3767 2065 4041 2138 ἀνθρωπί-

2459 2170 2549 2205 νου
2577 2152 2670 2205 καὶ
2701 2152 3022 2221 πρέποντος,
3055 2152 3170 2216 πῶς
3200 2154 3372 2216 οὐδεὶς
3401 2155 3615 2225 εἰσῆλθε
3651 2156 3842 2225 λόγος;
3872 2175 4038 2229 προσο

2461 2244 2612 2316 οήτω
2649 2244 2706 2297 δὲ
2735 2245 2829 2297 ὅτι
2869 2245 2966 2298 καὶ
2994 2244 3172 2314 ἡμῶν,
3199 2245 3293 2309 οὓς
3320 2247 3369 2300 οἱ
3405 2247 3517 2300 θεοὶ
3551 2249 3771 2315 πάντες,
3799 2249 3857 2304 ἐν
3883 2251 4034 2321 πρώ-

2459 2354 2574 2398 τοις
2603 2335 2659 2390 δὲ
2700 2335 2729 2388 ὁ
2759 2335 2930 2407 μέγας
2956 2335 3219 2405 Σάραπις,
3262 2336 3450 2408 ἄρχειν
3475 2337 3794 2392 ἐδικαίωσαν
3823 2341 3922 2410 τῆς
3960 2342 4039 2393 oi-

2461 2425 2751 2495 κουμένης.
2787 2418 2882 2486 Οἷς
2921 2423 3131 2493 πρέπον
3167 2418 3235 2494 ἦν
3259 2424 3357 2494 τὴν
3398 2424 3536 2495 ὑπὲρ
3572 2423 3680 2477 τῶν
3704 2425 4040 2495 ἠδικηκότων

2463 2518 2607 2586 ὑμᾶς
2635 2515 2866 2587 φυλάξαι
2885 2515 3199 2583 διάγνωσιν.
3235 2515 3374 2570 Ἀλλ’
3397 2515 3536 2586 ὀργὴ
3559 2516 3719 2586 τυχὸν
3746 2517 3874 2581 ἴσως
3898 2518 4040 2588 ὑμᾶς

2462 2606 2772 2678 ἐξηπάτησε
2794 2606 2886 2659 κα).
2909 2605 3096 2677 θυμὸς,
3126 2607 3295 2678 ὅσπερ
3316 2602 3407 2660 οὖν
3433 2607 3590 2659 εἴωθε
3617 2607 3683 2661 τὰ
3697 2606 3846 2660 δεινὰ
3865 2607 4041 2679 πράτ-

2464 2716 2596 2764 τειν,
2635 2698 2736 2762 τὰς
2778 2697 2981 2767 φρένας
3019 2697 3364 2768 μετοικίσας·
3413 2693 3532 2752 εἶτα
3573 2697 3672 2767 τῆς
3700 2697 3878 2768 ὁρμῆς
3905 2699 4041 2751 άνα-

2468 2790 2769 2852 στείλαντες
2786 2790 2920 2860 (25),
2935 2789 3036 2859 τῆς
3061 2790 3401 2861 παραχρῆμα
3425 2787 3847 2860 βεϐουλευμένης
3865 2786 4044 2850 καλῶς

2465 2883 2690 2953 ὕστερον
2736 2882 2981 2953 ἐπήγαγε
3025 2881 3123 2952 τὴν
3173 2881 3534 2952 παρανομίαν.
3595 2880 3716 2933 Οὐδ’
3741 2877 4042 2950 ῂσχύνθητε

2465 2975 2635 3044 δῆμος
2660 2973 2810 3036 ὅντες
2849 2972 3115 3043 τολμῆσαι
3137 2972 3330 3036 ταῦτα,
3364 2973 3448 3041 ἐφ’
3471 2967 3552 3035 οἷς
3576 2972 3818 3034 ἐκείνους
3846 2971 4042 3041 ἐμισή-

2468 3082 2596 3118 σατε
2623 3064 2866 3129 δικαίως.
2921 3064 3125 3117 Εἴπατε
3157 3065 3265 3135 γάρ
3305 3081 3394 3134 μοι
3434 3064 3571 3134 πρὸς
3601 3063 3694 3116 τοῦ
3718 3062 4043 3133 Σαράπιδος,

2467 3159 2608 3228 ὑπὲρ
2637 3157 2805 3210 ποίων
2833 3155 3184 3227 ἀδικημάτων
3207 3156 3576 3226 ἐχαλεπήνατε
3610 3155 3888 3224 Γεωργίῳ.
3941 3153 4046 3206 Τὸν

2471 3235 2886 3316 μακαριώτατον
2914 3245 3298 3299 Κωνστάντιον
3331 3247 3504 3317 ἐρεῖτε
3529 3245 3794 3316 δήπουθεν
3820 3245 3912 3309 ὅτι,
3926 3244 4046 3298 καθ’

3093 3334 3213 3390 εἶτα
3265 3338 3554 3408 εἰσήγαγεν
3606 3339 3685 3400 εἰς
3736 3337 3835 3406 τὴν
3895 3336 4047 3406 ἱερὰν

2476 3428 2630 3482 πόλιν
2679 3427 3054 3498 στρατόπεδον.
3113 3427 3225 3481 Καὶ
3267 3427 3561 3481 κατέλαϐεν
3604 3429 3631 3479 ὁ
3670 3427 3919 3495 βασιλεὺς
3949 3427 4050 3495 τῆς

2474 3521 2748 3590 Αἰγύπτου
2771 3521 2882 3591 (26)
2912 3520 2973 3573 τὸ
3015 3519 3314 3587 ἁγιώτατον
3347 3519 3440 3573 τοῦ
3477 3519 3611 3572 Θεοῦ
3637 3519 3882 3588 τέμενος,
3914 3519 4053 3571 ἀπο-

2479 3613 2717 3684 συλήσας
2755 3612 2964 3665 ἐκεῖθεν
3007 3611 3252 3674 εἰκόνας,
3306 3611 3400 3664 καὶ
3443 3611 3790 3681 ἀναθήματα,
3830 3611 3924 3662 καὶ
3961 3610 4052 3662 τὸν

2477 3705 2535 3756 ἐν
2563 3707 2674 3766 τοῖς
2715 3704 2876 3773 ἱεροῖς
2911 3702 3135 3771 κόσμον.
3203 3700 3386 3770 ’Υμῶν
3415 3701 3470 3753 δὲ
3501 3700 3948 3768 ἀγανακτούντων
3978 3699 4053 3752 εῖ-

2479 3799 2670 3860 κότως,
2704 3797 2799 3850 καὶ
2837 3797 3189 3866 πειρωμένων
3237 3795 3466 3863 ἀμύνειν
3501 3793 3579 3864 τῷ
3607 3795 3743 3864 Θεῷ,
3776 3790 3973 3864 μᾶλλον
3995 3792 4053 3846 δὲ

2483 3895 2596 3954 τοῖς
2621 3889 2714 3943 τοῦ
2731 3888 2866 3942 Θεοῦ
2894 3890 3187 3957 κτήμασιν,
3210 3890 3238 3940 ὁ
3271 3887 3324 3940 δὲ
3345 3886 3642 3956 ἐτόλμησεν
3662 3887 3788 3956 ὑμῖν
3819 3884 4052 3954 ἐπιπὲμο

2477 3985 2576 4053 ψαι
2596 3985 2722 4047 τοὺς
2739 3983 2984 4046 ὁπλίτας,
3008 3983 3226 4045 ἀδίκως,
3247 3982 3338 4034 καὶ
3362 3981 3690 4052 παρανόμως
3707 3979 3799 4032 καὶ
3820 3977 4051 4040 ἀσεϐῶς.

2484 4077 2644 4137 Ἴσως
2670 4073 2939 4144 Γεὼργιον
2969 4072 3186 4143 μᾶλλον,
3215 4071 3247 4141 ἢ
3273 4071 3364 4124 τὸν
3389 4070 3759 4124 Κωνστάντιον
3781 4067 4053 4130 δεδοικὼς,

2483 4166 2672 4220 ἐαυτὸν
2691 4165 3119 4236 παρεφύλαττεν.
3148 4166 3240 4228 Εἰς
3266 4163 3626 4235 μετριώτερον
3663 4160 3773 4232 (27)
3811 4160 3937 4230 ὑμῖν
3961 4158 4056 4212 καὶ

1960 4301 2234 4359 VALESll
2271 4304 2834 4362 ANNOTATIONES.

865 4387 978 4456 (24)
1010 4387 1235 4455 Ἐςράνη
1267 4387 1336 4442 δὲ
1393 4388 1703 4458 Γεώργιος.
1734 4369 1791 4444 in
1839 4393 2032 4448 codice
2059 4393 2380 4452 Florentino

791 4461 1055 4536 scriptum
1080 4459 1281 4519 inveni,
1306 4461 1399 4536 καὶ
1420 4461 1733 4536 φαςνεταιδὲ
1749 4462 2036 4536 Γεὼργιος,
2059 4473 2188 4529 etc.,
2213 4481 2377 4536 quam

794 4530 1129 4600 scripturam
1189 4529 1363 4600 magis
1395 4532 1587 4598 probo.
1631 4529 2010 4588 Caeterumde
2041 4529 2244 4591 ραυεὶεί
2261 4537 2374 4589 odii

794 4598 1300 4672 Alexandrinortmi
1332 4602 1600 4672 adversus
1639 4600 1959 4672 Georgium,
2001 4606 2376 4661 consulendus

791 4677 879 4746 est
903 4669 1230 4746 Ammianus
1255 4667 1613 4746 Marcellinus
1645 4671 1701 4746 in
1729 4667 1870 4727 libro
1891 4689 2024 4738 xxii,
2053 4685 2108 4729 et
2131 4675 2372 4746 Epipha-

792 4740 920 4791 nius
951 4737 1006 4790 in
1043 4739 1232 4808 lrzrresi
1274 4740 1363 4802 76,
1392 4757 1513 4808 qua:
1540 4749 1625 4794 est
1658 4737 2068 4798 Anommorum.

2485 4405 2665 4470 stram
2678 4395 2970 4470 confirmat
2997 4395 3172 4470 codex
3197 4391 3551 4470 Florentinus
3582 4396 3648 4470 ἐι
3691 4388 4051 4470 Nicephorius.

2481 4467 2539 4521 in
2576 4467 2776 4536 quibus
2796 4467 3000 4542 diserte
3023 4467 3288 4542 scriptum
3327 4464 3562 4542 legitur:
3589 4464 3617 4514 ὁ
3640 4459 3944 4542 στρατηγὸς
3956 4460 4056 4528 τῆς

2483 4530 2786 4604 Αἰγύπτου.
2814 4535 2990 4604 Hujus
3014 4530 3336 4606 martyrium
3361 4530 3540 4606 exstat
3567 4530 3711 4606 apud
3742 4531 4054 4583 Simeonem

2481 4603 2937 4682 Metaphrastem.
2991 4609 3045 4660 in
3104 4603 3212 4675 quo
3279 4603 3868 4682 multa_eon_t_ine_ntur_
3930 4613 4057 4668 qua:

2484 4673 2773 4749 hism'riam
2808 4677 3026 4749 illorum
3063 4673 3561 4749 tcinporunrvalde
3595 4673 3893 4749 illustrant.
3923 4737 3957 4749 η
4042 4740 4051 4749 _

2551 4748 2666 4816 (27)
2694 4748 2795 4810 Εἰς
2813 4737 3223 4816 μετριώτεροὶθ.
3241 4744 3296 4798 ln
3327 4743 3568 4816 editione
3589 4757 3816 4816 operum
3849 4737 4056 4816 Iuliani

862 4808 974 4886 (2.5)
1019 4805 1159 4886 Ιςζζιι
1179 4809 1286 4886 τῆς
1308 4805 1909 4886 ὀριὶῆςλᾴναᾳτείλας.
1942 4813 1998 4866 In
2029 4815 2252 4885 optimis
2281 4831 2375 4870 co-
2405 4810 2450 4865 D
2479 4826 2534 4872 et
2557 4805 2642 4886 ‘ap‘

2281 4831 2375 4870 co-
2405 4810 2450 4865 D
2479 4826 2534 4872 et
2557 4805 2712 4886 ‘apnd
2743 4805 3106 4886 Nicephorum
3140 4815 3401 4886 hiclocus
3430 4815 3503 4886 ita
3541 4805 3742 4886 legitur
3758 4825 3824 4863 ac
3859 4808 4056 4886 distin-

790 4877 1013 4953 dicibus
1043 4879 1360 4953 Florentino
1380 4877 1447 4934 et
1487 4880 1769 4953 Sfortiano
1808 4877 2081 4953 scriptunf
2124 4894 2210 4940 est
2241 4887 2372 4940 ἁνα-

794 4948 1123 5021 οτείλαντες,
1165 4949 1346 5013 Quare
1374 4951 1710 5021 non_dubitp
1738 4954 1868 5021 quin
1917 4948 2063 5008 totus
2103 4956 2192 5009 hic
2218 4957 2371 5011 locus

794 5018 876 5093 ita!
897 5020 1406 5093 restittlentlussit:
1439 5015 1692 5093 Εἶτα-τῆξ
1730 5015 1906 5093 δ’ρμῆς
1936 5025 2370 5091 άναστείλαντες,

791 5091 902 5148 τοῖς
926 5091 1266 5167 παραχρῆμα
1279 5090 1716 5167 βεϐουλευμένοι-ς
1744 5090 1922 5167 καλῶς
1935 5093 2059 5147 ὓστε
2067 5113 2157 5166 ρον
2173 5090 2375 5167 ἐπηγάὲ

792 5175 919 5236 γετε
944 5159 1040 5227 τὴν
1069 5161 1428 5236 παρανομίανἶ
1449 5162 1516 5215 -ld
1540 5159 1649 5225 est,
1675 5163 1871 5236 Deinde
1901 5159 2134 5234 represso
2157 5159 2372 5236 impetu,

793 5231 860 5281 iis
894 5231 1212 5307 quw_subito
1243 5247 1277 5284 α
1317 5231 1456 5307 uobis
1484 5241 1619 5307 recte
1650 5235 1892 5307 consulta
1923 5231 2098 5300 erant,
2125 5231 2362 5307 iniquum

792 5309 991 5372 ρυδιεᾳ⁸
1011 5299 1218 5368 facinus
1252 5301 1551 5372 subjecistis
1584 5316 1603 5355 :
1639 5318 1804 5372 quam
1843 5299 2134 5362 lectionem
2165 5299 2371 5363 confir-

795 5377 908 5422 mat
949 5369 1312 5438 Nicephorius.

872 5441 986 5510 (26)
1031 5441 1110 5515 '0_
1135 5443 1436 5515 ,βασιλεὺς
1505 5443 1617 5515 τῆς
1682 5446 2007 5515 Αἰγύπτου.
2063 5447 2370 5503 Artemium

794 5507 991 5587 ducem
1045 5510 1263 5587 Egypti
1297 5507 1675 5584 intelligitfut
1706 5507 2034 5587 jampridem
2071 5522 2258 5573 notavi
2302 5521 2369 5572 ad

797 5577 1000 5636 librum
1027 5577 1168 5636 xsti'
1188 5577 2230 5660 Annuianﬂiarccllini.'Conjccturam
2269 5603 2370 5645 no-

2471 4879 2692 4957 guitnr:
2740 4879 2962 4957 Ἑαυτὸν
2987 4885 3420 4957 παρεφύλαττεν,
3453 4884 3501 4935 εἱ
3534 4879 4055 4957 μετριώτερονῇύμῖν

2475 4951 2568 5011 καὶ
2589 4955 3030 5025 πολιτικώτερον,
3049 4951 3183 5009 άλλὰ
3207 4956 3280 5025 μὴ
3296 4951 3756 5025 τυραννικώτερον
3773 4951 4055 5018 πόρρωθεν

2478 5027 2868 5099 προσεφέρετο.
2909 5024 3083 5099 Porro
3105 5024 3237 5099 cum
3276 5025 3324 5080 is
3351 5024 3554 5077 Juliani
3589 5025 3742 5078 locus
3772 5029 4056 5099 aquatuor

2476 5095 2876 5165 interpretibus
2909 5097 2962 5150 in
2997 5095 3255 5150 Latinum
3288 5109 3599 5151 sermonem
3632 5103 3937 5165 conversus
3959 5095 4051 5152 sit,

2478 5161 2644 5221 unius
2673 5166 2841 5237 Langi
2865 5168 3178 5240 versionem
3199 5167 3415 5240 ueteris
3453 5161 3898 5240 anteponendam
3910 5173 4055 5240 cen-

2477 5252 2591 5293 seo.
2620 5237 2695 5290 Ea
2726 5232 2817 5292 sic'
2837 5238 3000 5292 habet
3027 5256 3037 5288 :
3075 5235 3179 5301 Qui
3205 5237 3390 5308 melius
3418 5235 3517 5287 sibi
3551 5232 3651 5302 ipsi
3682 5232 4053 5308 consuluisset,

2468 5309 2521 5362 si
2553 5310 2819 5361 moderate
2855 5308 3119 5361 vobiscum
3145 5316 3191 5360 et
3229 5306 3475 5367 civiliter,
3509 5321 3600 5358 nec
3635 5314 3741 5356 tant
3779 5306 4054 5370 tyrannica

2474 5378 2539 5432 ab
2575 5379 2727 5432 initio
2756 5379 2964 5448 egisset.
2993 5378 3254 5431 Ennidem
3283 5376 3398 5448 fere
3427 5390 3651 5448 sensum
3683 5375 3745 5448 _in
3782 5373 4056 5448 interpret-

2474 5451 2681 5503 tatione
2740 5441 2856 5503 mea
2922 5456 3144 5502 secutus
3182 5463 3323 5501 sum.
3359 5447 3428 5499 At
3473 5447 3527 5499 in
3564 5441 4052 5510 Christopliorsoni

2475 5521 2733 5574 versione
2786 5519 3021 5588 primum
3061 5518 3192 5588 illud
3243 5516 3729 5588 reprehensionem
3785 5517 4054 5588 meretur,

2479 5589 2625 5660 quod
2684 5584 2872 5646 vocem
2920 5588 3028 5660 γάρ
3067 5584 3322 5659 adjecit,’
3357 5597 3548 5642 contra
3589 5584 3748 5639 tidem
3801 5584 4054 5636 omnimn

2184 5717 2572 5778 VARIORDM.

870 5812 898 5851 (ι
932 5815 1129 5891 ,Λιὲεῇς
1161 5816 1269 5885 τῆς
1323 5817 1670 5887 ἐπιστολῆς.
1724 5818 1846 5875 lla'c
1887 5826 1970 5874 cst
1999 5816 2210 5875 decima
2274 5817 2418 5874 inter
2454 5815 2650 5891 Juliat‘

2274 5817 2418 5874 inter
2454 5815 2684 5891 _Juliani
2749 5816 3009 5891 epistolas
3085 5817 3153 5874 ab
3217 5815 3412 5874 Ez'ccli.
3485 5808 3817 5885 Spanhcmio
3871 5807 4046 5864 editas

801 5899 945 5940 anno
980 5886 1130 5942 ιυου.
