4508 6588
400 508 503 564 385

1346 495 1676 553 lllSTORlA
1703 492 2265 551 ECCLESIASTICA.
2302 523 2372 535 —
2412 491 2539 547 LIB.
2584 490 2667 546 Ill.

3557 482 3663 538 386

395 610 836 680 πολιτικώτερον,
894 609 1029 663 ἀλλά
1072 609 1147 680 μὴ
1196 609 1659 680 τυραννικώτερον
1701 607 1981 680 πόρρωθεν
2011 616 2058 668 Α
2083 606 2175 661 COI

1887 607 1981 660 ›θεν
2011 606 2467 668 AConstantiuIn
2542 605 2879 661 formidaret.
2950 600 3170 657 Scilicet
3237 598 3539 654 modestius
3600 613 3667 650 ac

396 703 783 774 προσεφέρετο.
815 702 1032 755 Τούτων
1054 698 1145 756 οὖν
1162 702 1344 756 ἕνεκεν
1370 701 1713 773 ὀργιζόμενοι
1730 700 1808 772 τῷ
1827 699 1983 763 Θεοῖς

394 795 577 865 ἐχθρῷ
612 796 876 866 Γεωργίῳ
903 835 920 858 ,
977 795 1075 865 τὴν
1126 795 1278 866 ἰεράν
1322 790 1479 858 αὖθις
1512 795 1772 865 ἐμιάνατε
1804 793 1978 857 πόλιν,

396 884 515 948 ἐξὸν
550 885 873 938 ὑποόἀλλειν
906 884 1071 938 αὑτὸν
1115 886 1237 948 ταῖς
1286 883 1393 937 τῶν
1438 883 1709 937 δικαστῶν
1759 882 1978 953 ψήφοις.

396 974 554 1028 Οὕτω
602 975 710 1046 γὰρ
753 974 963 1038 ἐγίνετο
997 973 1064 1027 ἂν
1106 974 1168 1027 οὐ
1204 974 1382 1042 φόνος,
1432 974 1555 1026 οὐδὲ
1588 974 1899 1044 παρανομία
1921 972 1982 1026 τὸ

398 1067 632 1135 πρᾶγμα
659 1081 672 1095 ο
720 1064 844 1134 δίκη
872 1064 929 1116 δὲ
956 1063 1219 1135 ἐμμελὴς,
1254 1064 1398 1133 ὑμᾶς
1432 1064 1529 1134 μὲν
1555 1062 1763 1124 ἀθώους
1802 1064 1979 1134 πάντη

396 1161 759 1227 φυλάττουσα,
811 1158 1196 1229 τιμωρουμένη
1248 1158 1346 1228 μὲν
1372 1158 1463 1211 τὸν
1496 1158 1690 1211 ἀνίατα
1714 1157 1973 1227 δυσσεὸήο

398 1266 597 1307 σαντα,
648 1248 1058 1317 σωφρονίζουσα
1104 1248 1160 1300 δὲ
1205 1248 1331 1310 τοὺς
1352 1247 1541 1311 ἄλλους
1582 1248 1821 1313 πάντας,
1866 1248 1981 1300 ὅσοι

394 1340 501 1391 τῶν
545 1337 683 1390 Θεῶν
732 1337 1088 1407 ὀλιγωροῦσι,
1157 1338 1251 1391 καὶ
1304 1340 1526 1410 προσέτι
1578 1340 1675 1403 τάς
1728 1340 1981 1403 τοιαύτας

398 1431 583 1491 πόλεις
609 1430 697 1481 καὶ
718 1431 845 1492 τοὺς
871 1430 1164 1493 ἀνθοῦντας
1192 1432 1416 1501 δήμους,
1448 1433 1507 1484 ἐν
1522 1432 1697 1485 οὐδενὶ
1719 1432 1978 1486 τίθενται’

394 1521 503 1575 τῶν
533 1521 737 1573 ἑαυτῶν
779 1520 835 1572 δὲ
876 1520 1154 1575 ποιοῦνται
1202 1523 1475 1593 πάρεργον
1520 1523 1835 1587 δυναστείας
1884 1524 1982 1595 τὴν

396 1612 517 1664 κατ’
535 1611 757 1663 ἐκείνων
772 1610 1046 1680 ὠμότητα.
1069 1610 1451 1680 Παραϐάλλετε
1468 1612 1642 1665 τοίνυν
1657 1611 1858 1681 ταύτην
1877 1630 1981 1682 μου

393 1699 492 1767 τὴν
514 1697 826 1768 ἐπιστολὴν,
914 1697 1095 1768 μικρῷ
1118 1696 1309 1770 πρώην
1334 1699 1620 1752 ἐπέστειλα
1644 1699 1776 1768 (28)·
1799 1700 1894 1753 καὶ
1921 1703 1983 1751 τὸ

395 1790 650 1861 διάφορον
680 1791 1092 1861 κατανοήσατε,
1146 1792 1347 1854 πόσους
1391 1792 1488 1863 μὲν
1527 1791 1681 1861 ὑμῶν
1720 1793 1980 1855 ἐπαίνους

395 1882 634 1951 ἔγραφον
660 1881 800 1934 τότε.
829 1882 967 1935 Νυνὶ
993 1882 1071 1949 δὲ,
1105 1882 1180 1952 μά
1208 1883 1332 1946 τοὺς
1364 1884 1539 1947 θεοὺς,
1572 1884 1801 1952 ὀφείλων
1835 1885 1981 1953 ὑμᾶς

2084 699 2323 763 civilius,
2357 715 2468 753 non
2494 707 2674 754 autem
2706 697 2996 769 tyrannico
3035 708 3187 749 more
3214 708 3339 762 erga
3373 706 3470 747 vos
3504 702 3662 744 antea

2084 807 2145 847 se
2184 800 2449 861 gesserat.
2482 790 2595 845 Has
2632 790 2798 861 igitur
2838 789 2909 842 ob
2958 802 3157 841 causas
3189 784 3448 839 adversus
3496 781 3666 837 Geor-

2083 885 2231 953 gium
2268 882 2375 937 diis
2410 882 2690 936 inimicum
2748 880 2828 932 ira
2890 876 3167 938 succensi,
3218 889 3429 928 sacram
3482 872 3666 926 denuo

2084 972 2273 1026 urbem
2298 972 2504 1026 scelere
2544 971 2847 1041 polluistis,
2895 984 3020 1023 cum
3070 966 3317 1037 judicum
3375 965 3665 1021 sententiis

2082 1080 2207 1120 eum
2240 1064 2512 1132 subjicere
2546 1063 2755 1118 liceret.
2801 1061 2917 1117 Hoc
2965 1061 3111 1115 enim
3154 1068 3315 1130 pacto
3342 1072 3444 1111 nec
3466 1057 3662 1119 caedes,

2084 1171 2185 1211 nec
2216 1156 2480 1226 iniquitas
2514 1154 2708 1210 fuisset
2741 1153 2873 1217 ulla,
2910 1152 3005 1208 sed
3048 1151 3230 1221 potius
3275 1150 3523 1205 absoluta
3569 1147 3663 1216 ju-

2084 1250 2231 1303 stitia
2259 1267 2271 1301 :
2302 1262 2422 1317 quae
2444 1264 2540 1302 vos
2570 1247 2790 1316 quidem
2812 1244 3071 1299 insontes
3101 1258 3164 1296 ac
3199 1258 3366 1313 puros
3398 1242 3466 1296 ab
3512 1239 3662 1294 omni

2084 1342 2290 1396 scelere
2329 1348 2623 1402 servasset,
2675 1340 2825 1393 illum
2858 1354 2987 1393 vero
3033 1338 3125 1408 qui
3165 1336 3509 1406 inexpiabilia
3545 1350 3665 1388 sre-

2085 1430 2193 1483 lera
2245 1430 2615 1489 commiserat,
2658 1428 2964 1498 puuivisset
3008 1446 3023 1482 :
3070 1443 3191 1498 qua:
3241 1426 3476 1495 denique
3524 1425 3665 1479 alios

2082 1521 2440 1590 repressisset
2478 1536 2692 1583 onmes,
2729 1522 2820 1589 qui
2864 1522 2996 1575 deos
3032 1520 3367 1573 immortales
3422 1528 3665 1571 contem-

2084 1621 2243 1679 nunt,
2312 1620 2604 1682 tantasque
2644 1614 2809 1667 urbes
2852 1621 2907 1667 et
2957 1612 3215 1665 ﬂorentes
3267 1610 3496 1678 populos
3564 1624 3665 1679 pro

2084 1703 2255 1757 nibilo
2282 1702 2505 1765 habent,
2533 1710 2588 1757 et
2614 1703 2990 1757 crudelitatem
3025 1716 3129 1770 qua
3167 1702 3218 1754 in
3253 1701 3376 1753 illos
3405 1698 3662 1763 saavinnt,

2082 1795 2232 1849 velut
2283 1794 2470 1848 ludum
2511 1795 2805 1864 quemdam
2842 1794 3097 1863 potentiae
3126 1808 3239 1847 sure
3279 1806 3404 1846 esse
3433 1792 3664 1845 ducunt.

2082 1887 2338 1942 Conferte
2373 1887 2540 1956 igitur
2564 1887 2706 1940 hanc
2726 1887 3011 1956 epistolam
3035 1900 3209 1939 meam
3229 1898 3351 1938 cum
3380 1884 3468 1937 illa
3499 1898 3663 1952 quam

396 1975 671 2038 ἐπαινεῖν,
716 1973 778 2027 ού
818 1972 1053 2042 δύναμαι
1100 1973 1189 2027 διά
1233 1974 1334 2045 τὴν
1374 1974 1739 2046 παρανομίαν.
1792 1974 1980 2045 Τολμᾷ
2012 1960 2054 2017 Β
2082 1995 2176 2049 pall

1886 1976 1980 2045 ιμᾷ
2012 1960 2054 2017 Β
2082 1982 2244 2049 paulo
2273 1988 2399 2034 ante
2432 1980 2501 2033 ad
2529 1996 2627 2034 vos
2658 1974 2803 2041 miSi,
2831 1986 2882 2033 et
2905 1985 3169 2048 quantum
3203 1977 3345 2030 inter
3372 1990 3466 2030 eas
3494 1975 3666 2028 inter-

394 2064 564 2134 δῆμος
594 2064 784 2136 ῶσπερ
813 2066 863 2117 οἰ
912 2064 1095 2129 κύνες,
1129 2065 1414 2136 ἄνθρωπον
1440 2066 1792 2137 σπαράττειν.
1844 2062 1978 2118 Εἶτα

394 2159 495 2211 οὐκ
528 2157 842 2226 αἰσχύνεται
866 2157 961 2210 καὶ
991 2156 1277 2226 φυλάττειν
1308 2156 1419 2227 (29)
1461 2157 1708 2229 καθαράς
1735 2158 1834 2222 τὰς
1867 2161 1980 2228 χεῖ-

398 2266 497 2321 ρας
530 2248 606 2311 ὡς
637 2249 935 2319 προσάγειν
986 2246 1124 2317 πρὸς
1165 2248 1296 2310 τοὺς
1329 2247 1514 2312 θεοὺς,
1568 2250 1800 2318 αἵματος
1848 2249 1981 2301 καο-

395 2338 714 2409 αρευούσας.
792 2338 955 2391 Ἀλλά
995 2338 1266 2409 Γεώργιος
1303 2338 1451 2403 ἄξιος
1498 2335 1569 2409 ἦν
1622 2339 1715 2393 τοῦ
1757 2340 1983 2396 τοιαῦτα

397 2431 611 2485 παθεῖν.
638 2429 750 2483 Καὶ
772 2430 975 2483 τούτων
1014 2432 1145 2493 ίσως
1187 2428 1298 2499 ἐγὼ
1346 2431 1509 2500 φαίην
1533 2430 1599 2484 ἂν
1631 2431 1850 2503 χείρονα
1888 2434 1983 2486 καὶ

396 2526 719 2596 πικρότερα.
774 2522 885 2578 Καὶ
934 2523 1002 2577 δι’
1033 2524 1179 2593 ὑμᾶς
1204 2524 1378 2594 ἐρεῖτε
1402 2524 1547 2594 (30)’
1598 2525 1851 2597 σύμφημι
1888 2527 1983 2581 καὶ

397 2618 559 2681 αὑτός
579 2634 593 2649 ’
644 2616 775 2688 παρ’
807 2616 961 2687 ὑμῶν
988 2615 1046 2669 δὲ
1076 2617 1125 2669 εί
1162 2615 1372 2684 λέγοιτο
1396 2616 1553 2671 τοῦτο
1572 2659 1587 2682 ,
1641 2620 1823 2673 οὐκέτι
1852 2637 1982 2690 συγ-

396 2710 579 2780 χωρῶ.
607 2709 780 2779 Νόμοι
814 2707 925 2778 γὰρ
964 2707 1092 2776 ὑμῖν
1131 2708 1266 2758 εἰσιν
1286 2746 1301 2770 ,
1350 2705 1445 2769 οὓς
1464 2708 1568 2778 χρὴ
1592 2708 1855 2777 τιμᾶσθαι
1879 2708 1982 2778 μά-

394 2804 552 2857 λιστα
588 2802 688 2871 μὲν
731 2801 839 2853 ὑπὸ
885 2800 1103 2854 πάντων
1145 2799 1251 2869 ἰδίᾳ
1297 2800 1393 2853 καὶ
1419 2800 1765 2871 στέργεσθαι.
1834 2801 1981 2872 Πλὴν

396 2895 583 2965 ἐπειδὴ
616 2893 906 2964 συμϐαίνει
926 2892 1033 2945 τῶν
1056 2891 1178 2945 καθ’
1203 2891 1433 2945 ἕκαστόν
1454 2908 1604 2954 τινας
1621 2896 1978 2961 παρανομεῖν,

396 2990 532 3045 άλλά
558 2989 627 3041 τὰ
664 2987 819 3041 κοινά
843 2986 975 3055 γοῦν
993 2984 1345 3055 εὐνομεῖσθαι
1369 2986 1500 3056 χρὴ,
1534 2987 1629 3038 καὶ
1664 2986 1981 3057 πειθαρχεῖν

395 3086 508 3147 τοῖς
545 3082 731 3152 νόμοις
788 3081 966 3150 ὑμᾶς,
1023 3078 1229 3149 καὶμὴ
1279 3078 1639 3149 παραϐαίνειν
1667 3080 1877 3149 ὅσαπερ
1925 3080 1983 3146 ἐξ

396 3175 573 3247 ἀρχῆς
624 3172 882 3244 ἐνομίσθη
938 3170 1140 3235 καλῶς.
1213 3170 1512 3242 Εὐτύχημα
1559 3170 1781 3239 γέγονεν
1832 3172 1980 3241 ὑμῖν,

396 3268 587 3337 ἄνδρες
602 3264 998 3335 Ἀλεξανδρεῖς,
1027 3265 1115 3316 ἐπ’
1148 3262 1283 3334 ἐμοῦ
1336 3262 1731 3334 πλημμελῆσαι
1772 3261 1982 3315 τοιοῦτό

395 3376 475 3412 τοι
499 3333 636 3430 πρὸς
663 3358 829 3428 ὑμᾶς,
854 3333 913 3420 δς
939 3356 1169 3426 αἰδοῖςτῇ
1186 3333 1337 3426 πρὸς
1362 3333 1455 3408 τὸν
1475 3356 1626 3419 Θεὸν,
1658 3354 1749 3408 καὶ
1778 3355 1864 3408 διὰ
1893 3354 1983 3408 τὸν
2009 3333 2051 3389 C

397 3453 621 3505 πάππον
651 3452 742 3503 τὸν
778 3450 910 3521 ἐμὸν
936 3449 1030 3502 καὶ
1061 3448 1352 3519 ὁμώνυμον
1375 3448 1513 3519 (51),
1543 3448 1601 3511 ὃς
1624 3443 1789 3518 ἦρξεν
1812 3447 1984 3517 αὐτῆς

395 3562 454 3597 τε
482 3542 791 3610 Αἰγύπτου,
834 3542 926 3595 καὶ
959 3541 1058 3611 τῆς
1098 3540 1371 3611 ὑμετέρας
1410 3539 1654 3603 πόλεως,
1694 3538 1985 3611 ἀδελφικὴν

397 3635 526 3703 ὑμῖν
555 3632 768 3685 εὔνοιαν
794 3631 1083 3695 ἀποσώζω.
1120 3630 1194 3683 Τὸ
1217 3629 1328 3701 γὰρ
1357 3630 1457 3701 τῆς
1490 3628 1737 3695 ἐξουσίας
1778 3630 1983 3682 ἀκατα-

396 3725 798 3798 φρόνητονξκαὶ
815 3725 876 3777 τὸ
894 3723 1268 3796 ἀπηνέστερον
1282 3722 1376 3776 καὶ
1393 3721 1635 3790 καθαρὸν
1659 3721 1759 3792 τῆς
1780 3721 1980 3790 ἀρχῆς,

395 3817 590 3870 οὔποτε
618 3819 683 3870 ἂν
708 3816 769 3886 δή
780 3833 879 3886 μου
907 3815 1167 3887 περιιδεῖν
1190 3814 1446 3885 τόλμημα
1465 3811 1599 3883 (52),
1630 3811 1705 3884 μὴ
1726 3810 1976 3883 καθάπερ

397 3910 610 3980 νόσημα
639 3907 873 3979 χαλεπὸν
895 3946 911 3971 ,
961 3906 1271 3979 πικροτέρῳ
1311 3905 1641 3975 διακαθᾶραι
1677 3904 1974 3975 φαρμάκῳ.

400 4002 698 4073 Προσφέρω
716 4003 773 4055 δὲ
796 4000 906 4070 ἐγὼ
924 4003 1072 4072 ὑμῖν,
1095 4000 1161 4053 δι’
1178 4000 1357 4071 ἇσπερ
1378 3998 1601 4067 ἔναγχος
1623 3996 1759 4067 ἔφην
1780 3996 1980 4061 αἰτίας,

396 4096 457 4148 τὸ
487 4095 955 4166 προσηνέστατον,
1018 4094 1339 4166 παραίνεσιν
1386 4093 1479 4144 καὶ
1499 4089 1708 4159 λόγους.
1749 4088 1871 4158 Ὑφ’
1906 4082 1981 4143 ὧν

398 4179 457 4237 εῦ
489 4181 586 4237 οἶδ’
629 4186 711 4238 ὃτι
750 4185 1005 4238 πείσεσθε
1059 4184 1289 4256 μᾶλλον,
1343 4183 1487 4253 ἥπερ
1520 4180 1675 4244 ἐστὲ,
1729 4180 1980 4253 καθάπερ

398 4276 602 4339 ἀκούω,
634 4278 695 4329 τό
722 4294 781 4330 τε
814 4278 1039 4349 ἀρχαῖον
1079 4276 1376 4348 Ἕλληνες,
1409 4273 1501 4327 καὶ
1534 4272 1603 4326 τὰ
1626 4272 1720 4326 νῦν
1750 4274 1844 4327 ἐπὶ
1879 4273 1981 4343 τῆς

2082 2078 2178 2140 sit,
2204 2077 2571 2131 considerate.
2605 2075 2839 2141 Quantis
2862 2091 2957 2130 vos
2992 2074 3249 2129 laudibus
3278 2083 3407 2127 tunc
3434 2070 3661 2125 ornavil

2079 2164 2236 2220 Nunc
2262 2174 2421 2229 vero,’
2442 2181 2539 2236 per
2567 2166 2703 2219 deos
2754 2165 3116 2227 immortales,
3146 2179 3271 2217 cum
3312 2176 3408 2215 vos
3441 2162 3669 2214 laudare

2080 2257 2357 2323 deberem,
2391 2258 2461 2311 ob
2494 2256 2821 2328 gravitatem
2858 2256 3083 2309 admissi
3119 2253 3381 2308 facinoris
3402 2252 3454 2307 id
3492 2252 3671 2306 facere

2082 2364 2193 2403 non
2224 2363 2472 2418 possum.
2532 2347 2711 2401 Audet
2747 2346 2982 2417 populus
3028 2346 3203 2400 instar
3254 2359 3452 2397 canum
3488 2342 3668 2396 homi-

2083 2454 2207 2494 nem
2243 2439 2576 2508 discerpere.
2630 2437 2741 2492 Nec
2774 2438 3019 2508 posthac
3052 2436 3259 2506 pudore
3302 2434 3535 2489 allicitur
3567 2452 3580 2487 :
3615 2443 3671 2488 et

2088 2548 2285 2587 manus
2314 2532 2471 2601 quasi
2524 2547 2692 2601 puras
2730 2538 2934 2597 servat,
2986 2538 3048 2584 ut
3094 2544 3190 2584 eas
3236 2530 3303 2582 ab
3336 2529 3485 2582 omni
3522 2528 3671 2581 caede

2083 2626 2328 2696 integras
2357 2624 2424 2679 ad
2453 2624 2587 2680 deos
2632 2624 2840 2679 tendat.
2870 2623 3088 2678 Atenim
3118 2622 3319 2694 dignus
3350 2630 3465 2676 erat
3499 2620 3670 2675 Geor-

2084 2719 2208 2787 gius
2236 2718 2329 2787 qui
2358 2717 2489 2771 talia
2530 2724 2834 2787 pateretur.
2865 2714 3003 2780 lmo,
3036 2713 3233 2779 fateor,
3296 2715 3380 2771 liis
3437 2715 3670 2769 fortasse

2083 2811 2335 2881 graviora
2378 2818 2433 2865 et
2464 2810 2771 2864 acerbiora.
2806 2810 2885 2863 Ac
2914 2809 2959 2864 si
2986 2814 3209 2878 propter
3230 2822 3324 2863 vos
3351 2807 3482 2862 illud
3517 2824 3668 2863 com-

2085 2905 2357 2959 meruisse
2389 2904 2661 2966 dixeritis,
2695 2902 2947 2972 equidem
3004 2901 3162 2955 vobis
3208 2904 3511 2969 assentiar;
3572 2904 3667 2958 scd

2086 2995 2135 3048 si
2173 2992 2428 3059 addatur,
2471 3008 2500 3046 a
2540 2994 2697 3048 vobis
2734 2993 2877 3047 istud
2927 2995 3031 3062 pati
3063 2992 3339 3056 debuisse,
3369 2994 3421 3048 id
3465 3011 3671 3066 nequa-

2083 3103 2249 3159 quam
2280 3088 2545 3144 concedo.
2584 3088 2725 3143 Sunt
2746 3089 2891 3143 enim
2927 3089 3084 3143 vobis
3127 3089 3275 3159 leges
3304 3104 3425 3158 quae
3447 3088 3517 3143 ab
3552 3104 3669 3141 oni-

2085 3180 2245 3236 ni-bus
2275 3182 2529 3251 privatim
2552 3195 2617 3236 ac
2657 3180 2875 3251 publice
2896 3182 3001 3235 coli
3050 3190 3214 3252 atque
3261 3180 3543 3236 observari
3571 3181 3667 3234 de-

2085 3273 2235 3329 bent.
2265 3273 2423 3340 Quod
2452 3274 2499 3329 si
2523 3275 2837 3345 contigerit,
2867 3284 2928 3329 ut
2950 3291 3026 3329 ea:
3056 3290 3083 3327 a
3104 3275 3329 3345 privatis
3350 3274 3666 3329 hominibus

2084 3368 2380 3432 violentur,
2411 3375 2467 3422 at
2487 3368 2884 3439 rempublicam
2919 3369 3077 3423 bonis
3121 3368 3330 3440 legibus
3372 3370 3665 3437 gubernari

2085 3466 2322 3529 oportet,
2356 3474 2565 3529 vosque
2594 3460 2704 3515 illis
2729 3460 3113 3530 obtemperare
3142 3460 3322 3524 decet,
3356 3475 3457 3514 nec
3492 3469 3669 3514 trans-

2086 3550 2239 3617 gredi
2275 3566 2339 3605 ea
2365 3566 2488 3619 qua:
2531 3553 2601 3607 ab
2660 3551 2817 3607 initio
2867 3553 3126 3622 praaclare
3170 3561 3299 3607 sunt
3338 3552 3663 3607 constituta.

2085 3637 2342 3695 Feliciter
2365 3640 2591 3696 omnino
2620 3641 2672 3696 id
2701 3642 2857 3697 vobis
2896 3644 3084 3704 cessit,
3108 3643 3254 3697 cives
3286 3641 3665 3705 Alexandrini,

2086 3729 2231 3801 quod
2265 3746 2351 3785 me
2394 3740 2655 3802 regnante
2693 3731 3007 3802 liujusmodi
3050 3732 3265 3786 facinus
3323 3730 3662 3796 admisistis;

2084 3822 2178 3891 qui
2206 3831 2319 3876 tum
2350 3823 2420 3877 ob
2453 3823 2813 3878 reverentiam
2849 3839 2977 3893 erga
3028 3823 3217 3887 Deum,
3273 3832 3384 3878 tum
3434 3832 3660 3895 propter

2084 3928 2247 3967 avum
2292 3929 2496 3975 meum.
2528 3922 2585 3969 et
2611 3916 2940 3969 avunculum
2974 3917 3104 3969 mihi
3134 3916 3539 3986 cognominem,
3569 3916 3665 3986 qui

2086 4003 2401 4059 universam
2428 4002 2724 4075 Egyptum
2760 4013 2814 4061 et
2844 4007 3115 4060 civitatem
3160 4012 3398 4060 vestram
3436 4006 3669 4060 admini-

2085 4096 2300 4164 stravit,
2336 4094 2638 4153 fraternam
2694 4113 2822 4169 erga
2860 4114 2958 4153 vos
3008 4099 3329 4154 cliaritatem
3373 4115 3664 4154 conservo.

2084 4186 2245 4243 Certe
2284 4195 2526 4258 potestas
2559 4205 2680 4259 qua:
2710 4190 2981 4245 contemni
3018 4206 3078 4245 se
3106 4206 3212 4244 non
3246 4191 3470 4261 patitur,
3496 4200 3551 4246 et
3578 4206 3667 4244 se-

2084 4294 2249 4334 verus
2292 4281 2452 4352 176
2494 4290 2660 4352 atque
2696 4284 2909 4354 integer
2948 4285 3327 4355 principatus,
3382 4296 3663 4354 nunquam

1560 4460 1831 4516 VALESII
1869 4460 2427 4518 ANNOTATIUNES.

399 4623 690 4676 librorum.
757 4621 962 4677 Deinde
1000 4619 1145 4690 quod
1188 4618 1490 4673 Artemium
1524 4617 1730 4690 ducem
1754 4616 1971 4688 Aigypti

398 4700 645 4756 excusat,
682 4692 915 4759 perinde
941 4689 1101 4761 quasi
1132 4690 1484 4761 illeciviliter
1515 4689 1889 4761 acumoderate
1918 4705 1976 4742 se

2155 4618 2267 4695 (δί)
2298 4619 2401 4673 Διὰ
2422 4618 2804 4695 τὼς-πάππον
2848 4620 2953 4674 τὸν
2984 4620 3131 4695 ἐμὸν
3172 4621 3270 4695 καί
3326 4622 3663 4695 όμὼνιγιον.

2084 4686 2476 4765 Βεοιῇιιετιριιά
2510 4689 2880 4765 Nicephorum
2915 4686 3113 4765 legi—tur
3133 4693 3226 4765 τὸν
3246 4686 3387 4746 θεῖον
3414 4686 3666 4765 τὸνέμὸν

396 4764 657 4850 gessisset
682 4758 841 4844 initio
871 4758 1369 4850 administrationis
1404 4774 1536 4814 suae.
1563 4758 1719 4825 Quod
1755 4759 1975 4850 quidem
2012 4796 2053 4850 Β
2083 4760 2176 4850 κιαι

1892 4775 1975 4850 ein
2012 4796 2053 4850 Β
2083 4760 2177 4850 κιαὶ
2218 4758 2523 4850 ὀμώνρμον.
2548 4758 2829 4850 διιιίθιιυιιι
2861 4758 3004 4850 enim
3035 4763 3292 4850 intelligit
3319 4758 3668 4850 “praefecto

398 4828 859 4887 absurdissimum
893 4840 1065 4893 esset.
1120 4831 1165 4885 si
1194 4828 1447 4885 Julianus
1492 4844 1619 4884 eum
1649 4837 1971 4892 excusaret,

397 4919 560 4972 quem
591 4903 748 4972 quasi
780 4903 1003 4956 noxium
1034 4901 1213 4972 occidi
1236 4901 1499 4970 jusserat.
1541 4898 1600 4952 Si
1640 4900 1765 4972 quis
1809 4900 1975 4968 igitur

399 4971 709 5029 versionem
738 4982 985 5028 nostram
1020 4971 1176 5042 sequi
1232 4972 1509 5032 maluerit,
1554 4971 1973 5042 “unicagtaiitum

401 5046 668 5121 Particqla
698 5044 1001 5113 supplenda
1034 5038 1117 5098 est
1144 5042 1247 5121 hoc
1274 5042 1437 5094 modo
1470 5059 1508 5121 :n
1552 5038 1678 5121 ῖσως
1723 5039 1779 5091 δὲ
1801 5040 1976 5121 Padip-

396 5109 513 5183 γιον
545 5109 783 5184 μᾶλλονί
807 5109 870 5168 et
913 5122 1129 5177 caetera,
1161 5120 1235 5184 ut_
1260 5126 1446 5184 supra.
1473 5109 1887 5184 Petavittsgvero
1909 5109 1971 5184 in

400 5180 557 5241 notis
577 5185 645 5237 ad
681 5185 971 5254 epistolam
1021 5185 1168 5237 illam
1208 5180 1435 5254 Juliani,
1471 5196 1541 5254 ex_
1566 5181 1973 5254 sc_riptis_cod_i-

398 5257 557 5340 cibus
588 5250 752 5309 aliam
794 5256 1004 5340 profert
1035 5252 1476 5340 emendationem
1530 5250 1869 5319 hujusmodi,
1915 5252 1973 5315 ὃς

399 5327 561 5379 αὑτὸν
594 5326 1029 5396 παρεφύλαττεν,
1060 5331 1169 5396 etc.

467 5397 581 5465 (28)
612 5390 725 5450 Ἦν
741 5390 934 5464 μικρῷ
962 5395 1169 5465 πρώην
1192 5393 1532 5448 ἐπέστειλα.
1576 5390 1746 5465 Magis
1796 5394 1974 5462 placet

401 5462 583 5528 lectio,
618 5462 784 5535 quain
802 5462 867 5535 “iu
900 5462 1091 5521 codice
1108 5464 1426 5520 Florentino
1450 5474 1502 5517 et
1524 5462 1972 5535 apudNiceplio-

398 5554 520 5590 rum
540 5532 760 5609 pinv—eui,
866 5535 1047 5609 μικρῷ
1078 5534 1266 5609 πρώην
1299 5533 1607 5609 ἐπέστειλα..

473 5608 584 5677 (9.9)
624 5606 733 5660 Kal
764 5603 1468 5677 goldtrstrfln‘epistolis
1494 5603 1694 5657 Juliani
1737 5603 1973 5659 Ctesaris

399 5676 600 5747 legitur
632 5678 729 5731 καὶ
762 5678 1038 5746 φυλάττει.
1076 5676 1249 5742 Quam
1272 5677 1600 5744 scripturam
1628 5684 1853 5730 secutus
1888 5683 1974 5728 est

399 5748 619 5816 Langns
653 5750 923 5817 interpres
958 5747 1271 5817 Nicephori,
1312 5748 1384 5800 itu
1416 5756 1473 5800 ut
1510 5747 1773 5815 particula
1815 5760 1973 5816 nega-

400 5829 510 5872 tiva
548 5818 911 5873 subaudiatur
948 5820 1056 5871 ἀπὸ
1101 5817 1301 5871 κοινοῦ.

472 5891 585 5958 (50)
630 5889 739 5943 Καὶ
786 5888 862 5941 δι’
905 5888 1058 5959 ὑμᾶς
1099 5888 1301 5957 ἐρεῖτε.
1343 5887 1704 5943 Scribcndnm
1739 5894 1824 5943 est
1870 5884 1972 5941 κᾶν

398 5960 465 6016 δι’
494 5962 643 6030 ,ὑμᾶς
677 5962 869 6032 ἐρεῖτε.
966 6002 977 6010 .

2082 4829 2326 4899 Αῑίςγμιί,
2355 4829 2421 4884 de
2456 4846 2564 4899 quo
2596 4832 2764 4884 multa
2798 4833 2991 4886 scribit
3033 4829 3356 4889 Ammianus
3388 4829 3661 4892 Marcelli-

2085 4915 2209 4972 nus.
2244 4901 2302 4953 In
2331 4901 2584 4972 epistolis
2613 4900 2811 4955 Juliaui
2842 4909 3072 4972 utraque
3102 4904 3265 4959 lectio
3291 4905 3524 4960 habetur
3554 4905 3664 4961 hoc

2083 4970 2245 5023 modo
2279 4969 2411 5047 :_6_t&
2449 4972 2555 5047 τὸνΔ
2572 4972 2798 5047 πάππον
2825 4972 2915 5025 τὸν
2946 4969 3079 5047 ἐμὸν
3104 4973 3207 5047 -καὶ
3234 4975 3326 5028 τὸν
3353 4974 3494 5029 θεῖον
3524 4975 3666 5047 ὀμώ-

2081 5058 2271 5113 νυμον.
2308 5040 2507 5113 Verum
2532 5042 2656 5113 inec
2684 5045 2957 5113 scriptura
2982 5040 3118 5098 ferri
3145 5060 3252 5098 non
3301 5054 3512 5113 potest;
3559 5040 3664 5103 cur

2082 5116 2229 5164 enim
2259 5110 2362 5164 hoc
2389 5112 2780 5166 locoJuIianus
2798 5110 2959 5167 avum
2984 5129 3142 5167 suum
3165 5110 3667 5173 commemoraret?

2080 5180 2241 5253 gerte
2270 5180 2609 5253 Sozomenus
2640 5186 2971 5253 scripturam
3010 5184 3304 5253 Nicephori
3344 5189 3659 5242 conﬁrmat.

2080 5249 2173 5304 Sic
2203 5252 2349 5328 enim
2383 5253 2642 5328 habetginﬂ
2667 5249 2802 5328 cap.
2839 5256 2869 5308 7
2896 5255 2988 5308 lib.
3024 5272 3055 5328 ν
3088 5249 3241 5328 alia).
3272 5255 3368 5326 τὴν
3387 5258 3661 5328 τιμωρίαν

2079 5322 2477 5391 συνεχώρησεν,
2503 5324 2659 5387 αἰδοῖ,
2680 5324 2834 5395 φησί,
2856 5328 2922 5395 τῇ
2946 5326 3081 5395 πρὸς
3110 5322 3351 5396 Σάραπιν
3367 5322 3458 5379 τὸν
3478 5322 3664 5383 αὑτῶν

2077 5392 2383 5465 πολιοῦχον,
2421 5395 2512 5465 καὶ
2538 5393 2923 5465 -ΪᾹλέξανδροκι,
2964 5396 3055 5447 τὸν
3086 5396 3354 5465 οἰκιστὴν,
3397 5398 3490 5450 καὶ
3525 5398 3661 5455 Ἰου-

2076 5461 2253 5534 λιανόν
2280 5463 2372 5534 τὸν
2398 5463 2563 5516 αὑτοῦ
2598 5464 2761 5527 Θεῖον,
2791 5461 2984 5534 δς-πρδ
3021 5466 3209 5519 τούτου
3244 5461 3520 5534 Αἰγύπτου
3567 5472 3664 5525 καὶ
3701 5462 3707 5467 ’

2075 5532 2626 5605 τῆςήςΑλεξανδρείας
2654 5536 2825 5605 αὐτῆς
2849 5530 3033 5605 ἦρξεν,
3065 5546 3173 5589 etc.

2149 5602 2485 5677 (52)Δήμού
2518 5604 2665 5677 ἰδεῖν
2714 5602 3013 5677 τόλμῆμα.
3036 5606 3092 5677 In
3120 5608 3343 5677 Optimis
3373 5608 3664 5665 codicibus

2078 5671 2401 5748 Florentino
2427 5684 2481 5748 et
2509 5674 2787 5748 Sforrtiauo
2807 5671 2861 5730 et
2875 5671 3018 5746 apud
3049 5671 3421 5748 Nicephorum
3460 5682 3663 5748 legitur

2077 5744 2250 5818 δήμου
2274 5744 2536 5818 περιιδεῖν
2557 5746 2831 5817 τόλμημα.
2862 5744 2924 5800 In
2939 5748 3174 5818 vulgatis
3190 5744 3383 5805 autem
3406 5744 3609 5805 edition
3629 5752 3666 5806 i-

2077 5812 2421 5890 busJuliani
2447 5812 2827 5890 scriptu'ni"est
2863 5812 3314 5890 E6otev7rdkp'qpa.
3348 5819 3532 5885 Quare
3550 5838 3612 5875 nr
3633 5838 3664 5876 ι]

2077 5884 2268 5938 dubito
2302 5889 2431 5963 quin
2460 5884 2810 5963 scribendum
2840 5890 2911 5942 sit
2946 5889 3047 5944 hoc
3074 5884 3230 5947 loco.
3248 5884 3441 5945 οὔποτε
3476 5892 3544 5947 ἂν
3562 5892 3666 5963 δι’,-

2083 5972 2185 6025 μου
2207 5956 2497 6024 περιίδοιεν
2515 5957 2789 6028 τόλμημα.
