4508 6588
787 515 891 571 531
2254 485 2599 544 SOCRATIS
3936 468 4040 521 ὅδὸ

789 632 1063 700 negligere
1093 624 1233 680 solet
1269 617 1540 692 ejusmodi
1577 612 1904 687 populorum
1956 604 2230 671 facinora,
2258 606 2353 662 sed
2387 615 2428 670 Α
2459 605 2569 672 εὐγι

2261 606 2353 662 sed
2387 615 2428 670 Α
2459 601 2737 672 εὐγενείας
2775 599 2989 669 ἐκείνης
3014 593 3127 666 (35)
3185 586 3406 646 ὕπεστιν
3448 593 3576 658 ὑμῖν
3611 585 3888 654 ἀξιόλογος
3951 585 4041 636 καὶ

791 680 1051 791 ειιιῖιμῗιιιιι
1088 731 1305 788 gravent
1347 712 1599 767 morbum
1639 706 1922 761 acerbiore
1956 700 2361 756 medicamento
2466 713 2571 765 γενε

2266 707 2361 754 nlo
2466 698 2710 765 γενναῖος
2753 697 2812 745 ὲν
2836 695 2902 762 τῇ
2938 691 3148 759 διανοίᾳ
3175 687 3269 740 καὶ
3300 690 3411 749 τοῖς
3439 681 3864 752 ἐπιτηδεύμασιν
3891 680 3920 730 ό
3942 693 4041 746 χα-

791 774 1047 880 pcrgaie.
1089 774 1226 876 “Ego
1287 819 1417 858 vero
1472 801 1546 855 ob
1599 814 1694 854 eas
1748 809 1948 851 causas
2002 807 2143 862 quas
2195 804 2361 860 supra
2472 805 2571 880 ρακ

2265 804 2361 860 pra
2472 789 2703 858 ρακτήρ.
2753 784 3111 856 Προστεθὴτω
3137 783 3250 843 τοῖς
3287 781 3439 849 ἐμοῖς
3467 776 3578 846 (54)
3613 775 3860 834 πολίταις
3896 774 4043 823 Ἀλε-

793 898 1252 961 commemoravi,
1304 895 1481 949 lenius
1540 891 1696 946 vobis
1758 886 2057 942 remedium
2105 884 2367 945 adhibeo,
2471 879 2573 945 ξανέ

1987 899 2057 938 Im
2105 884 2367 945 adhibeo;
2471 878 2805 950 ξανδρεῦσιν.
2843 875 3078 930 Τοιαῦτα
3112 875 3211 944 μὲν
3238 868 3330 926 οὖν
3357 874 3386 925 ό
3412 867 3681 941 βασιλεύς.
3763 897 3767 902 -

793 1008 1099 1050 sermonem
1134 956 1342 1046 scilicet
1374 972 1459 1042 eti
1493 981 1954 1040 exhortationem.
2011 978 2221 1044 Quibus
2263 974 2522 1030 libentius
2544 1015 2559 1037 ,
2606 971 2684 1025 uti
2723 970 2960 1036 conﬁdo,
3001 967 3262 1040 parebitis
3298 985 3312 1020 :
3358 966 3561 1035 quippe
3593 960 3686 1030 qui
3715 966 3771 1014 et
3803 974 3833 1012 a
3864 956 4042 1026 prima

793 1092 1024 1161 origine.
1067 1098 1126 1143 ut
1158 1087 1352 1151 audio,
1391 1083 1565 1138 Graeci
1595 1083 1754 1146 estis;
1800 1086 1855 1133 et
1905 1077 2071 1144 hujus
2125 1071 2430 1128 nobilitatis
2469 1071 2742 1124 illustrem
2803 1074 2858 1121 et
2909 1066 3166 1120 eximiam
3219 1072 3403 1116 notam
3437 1060 3490 1113 in
3520 1055 3723 1112 vestris
3767 1052 4043 1107 mentibus

795 1200 857 1239 ac
879 1148 1091 1238 studiis
1133 1148 1428 1236 etiamnum
1467 1175 1734 1230 retinetis.
1804 1169 2154 1240 Pruponatur
2217 1165 2432 1220 civibus
2472 1163 2610 1218 meis
2633 1159 3040 1217 Alexandrinis.
3069 1156 3250 1226 Atque
3287 1155 3403 1209 haec
3430 1158 3561 1207 sunt
3609 1148 3678 1202 ab
3714 1148 4043 1216 imperatore

796 1279 1024 1345 scripta.

1437 1359 1588 1416 CAP.
1630 1355 1720 1412 IV.

800 1457 1043 1522 Qua-liter
1076 1452 1398 1522 Athanasius
1419 1491 1434 1512 ,
1469 1450 1641 1503 occiso
1689 1446 1908 1516 Georgio
1931 1485 1945 1507 ,
1981 1437 2364 1521 Aferaitdriam

1006 1539 1263 1587 reversus,
1302 1521 1595 1574 Ecclesium
1625 1535 1780 1572 suam
1810 1521 2154 1583 recuperavit.

870 1675 1023 1730 llauil
1054 1675 1226 1728 multo
1272 1680 1419 1741 post,
1451 1670 1814 1726 Athanasium
1854 1667 1923 1722 ab
1953 1666 2150 1722 exsilio
2183 1678 2368 1719 rever-

802 1783 919 1821 sum
975 1764 1380 1817 Alexandrinus
1433 1761 1665 1831 populus
1713 1760 1945 1814 iibenter
1995 1755 2268 1824 suscepit;
2313 1745 2383 1809 et

803 1859 1034 1911 Arianos
1087 1855 1304 1924 quidem
1346 1852 1598 1910 ecclesiis
1643 1851 1838 1922 ejecit,
1887 1848 2188 1904 Athanasio
2239 1861 2369 1902 vero

799 1966 894 2003 eas
926 1947 1170 2001 tradidit.
1223 1945 1397 2000 Porro
1439 1955 1620 1999 autem
1669 1942 1859 1996 Ariani
1905 1942 1960 1996 in
1999 1939 2209 1994 :edibus
2241 1938 2368 2008 qui-

804 2042 1032 2097 husdam
1059 2041 1258 2094 vilibus
1305 2046 1360 2094 et
1391 2036 1642 2092 obscuris
1682 2041 1989 2089 conventus
2023 2041 2266 2101 agentes,
2312 2030 2366 2082 in

3027 1338 3278 1391 ΚΕΦΑΛ.
3328 1338 3400 1390 Δ’.

2476 1435 2574 1499 Ὠς
2595 1431 2888 1499 Γεωργίου
2910 1430 3342 1499 ἀναιρεθέντος,
3368 1423 4044 1499 Ἀθανάοζιοςλκατίελθὰητ

2535 1497 2620 1566 εἰς
2645 1497 2773 1567 τὴν
2793 1502 3180 1567 Ἐκκλησίαν,
3219 1498 3332 1567 τῆς
3365 1497 3809 1566 Ἀλεξανδρείας
3831 1497 4042 1564 ἐγκρα-

2535 1575 2646 1640 τὶις
2679 1572 2934 1640 ἐγένετο.

2539 1663 2652 1715 Οὐκ
2681 1663 2760 1724 εἰς
2783 1661 2999 1730 μακρὰν
3014 1663 3113 1729 τῆς
3135 1659 3310 1729 φυγῆς
3330 1657 3656 1712 κατελθόντα
3671 1656 4037 1718 Ἀθανάσιονε,

2467 1752 2716 1822 ἀσμένως
2746 1753 2775 1804 ὁ
2811 1751 2921 1805 τῶν
2966 1751 3356 1822 Ἀλεξανδρέων
3393 1750 3518 1814 λαὸς
3561 1749 3807 1814 ἐδέξατο·
3839 1747 4044 1817 ὲξώθη-

2470 1864 2569 1900 σαν
2617 1846 2738 1900 τότε
2774 1848 2840 1899 ἐκ
2890 1845 2996 1898 τῶν
3034 1842 3339 1914 ἐκκλησιῶν
3375 1843 3500 1905 τοὺς
3537 1841 3630 1894 τοῦ
3683 1839 3931 1911 Ἀριανοῦ
3959 1840 4042 1892 δό-

2468 1954 2676 2008 γματος
2698 1955 2714 1969 °
2755 1936 3104 2006 παραδιδόασι
3131 1936 3188 1988 δὲ
3234 1934 3535 2003 ’Δθανασίῳ
3568 1933 3693 1995 τοὺς
3725 1933 4042 2002 εὐκτηρίοιις

2469 2029 2685 2092 τόπους.
2718 2029 2783 2083 Oi
2830 2028 2888 2082 δὲ
2935 2027 3340 2098 ἀρειανίζοντες
3363 2069 3376 2089 ,
3411 2027 3470 2077 ὲν
3515 2023 3776 2086 οἰκίσκοις
3813 2025 4044 2094 ἀσήμοις

806 2139 978 2188 lucum
1009 2133 1231 2202 Georgii
1260 2130 1486 2186 Lucium
1525 2131 1816 2200 quemdam
1843 2127 2270 2182 substituerunt.
2304 2121 2371 2175 Et
2404 2093 2445 2152 Β
2476 2137 2586 2173 συντ

2264 2162 2270 2176 .
2304 2121 2371 2175 Et
2404 2093 2445 2152 Β
2476 2122 2828 2190 συναγόμενοι
2849 2157 2865 2183 ,
2905 2093 2988 2181 εἰς
3011 2119 3172 2170 τόπον
3200 2116 3471 2187 Γεωργίου
3508 2113 3736 2167 Λούκιον
3769 2113 4044 2184 προχειρί-

805 2226 1146 2280 Alexandria:
1170 2225 1390 2296 quidem
1429 2223 1519 2278 hic
1561 2237 1744 2278 rerum
1791 2228 1966 2276 status
2005 2226 2139 2272 tunc
2170 2223 2372 2285 tempo-

806 2322 884 2374 ris
919 2319 1038 2373 fuit.

1448 2402 1603 2460 CAP.
1655 2400 1716 2454 ν.

1230 2498 1306 2552 De
1331 2495 1575 2564 Lucifero
1606 2504 1656 2547 et
1684 2493 1927 2546 Eusebio.

882 2593 1081 2644 t-‘odem
1119 2598 1365 2658 tempore
1410 2586 1630 2639 Lucifer
1657 2595 1712 2640 et
1747 2583 2036 2648 Eusebius,
2082 2583 2376 2652 imperato-

810 2685 887 2737 ris
918 2685 1075 2749 jussu
1108 2682 1176 2736 ab
1205 2681 1400 2734 exsilio
1424 2678 1662 2733 revocati
1695 2686 1824 2732 sunt
1850 2691 1865 2728 :
1898 2690 2131 2744 quorum
2159 2672 2377 2727 Lucifer

811 2773 1065 2840 quidem,
1117 2771 1330 2827 Caralis
1383 2786 1507 2841 qua:
1555 2771 1688 2825 urbs
1745 2777 1830 2823 est
1887 2766 2191 2830 Sardiniae,
2257 2774 2380 2821 erat

811 2867 1132 2934 episcopus;
1163 2863 1430 2918 Eusebius
1451 2878 1582 2917 vero
1609 2860 2002 2924 Vercel'arum,
2035 2874 2154 2929 quae
2184 2859 2378 2913 civitas

816 2955 971 3024 ¹’,7⁸1
993 2963 1077 3008 est
1106 2953 1364 3025 Ligurum
1409 2956 1464 3008 in
1509 2953 1688 3014 Italia,
1727 2960 1786 3004 ut
1829 2951 1994 3005 etiam
2039 2959 2200 3004 antea
2242 2949 2375 3003 dixi.

816 3047 987 3100 Amuo
1041 3047 1224 3114 itaque
1276 3060 1344 3099 ex
1403 3042 1675 3114 superiori
1735 3040 2009 3097 Thebaide
2061 3041 2132 3095 ab
2186 3041 2380 3095 exsilio

813 3136 1130 3197 redeuntes,
1183 3133 1476 3189 consilium
1528 3133 1676 3187 inter
1725 3146 1780 3186 se
1832 3130 2094 3196 inierunt,
2142 3145 2377 3199 quonam

815 3224 975 3279 modo
1018 3223 1406 3278 ecclesiasticis
1445 3221 1656 3292 legibus
1700 3219 2105 3285 subvenirent,
2145 3233 2246 3274 nec
2285 3233 2378 3275 eas

813 3316 1008 3370 violari
1037 3316 1258 3386 impune
1292 3321 1630 3385 paterentur.

1457 3402 1609 3458 CAP.
1654 3401 1740 3456 Vl.

819 3499 1091 3569 Quomodo
1128 3489 1349 3553 Lucifer
1401 3494 1695 3551 Antiochiae
1745 3480 2036 3548 Paulinum
2088 3492 2374 3548 ordinavit.

886 3655 1097 3710 Placuit
1152 3654 1316 3724 igitur
1359 3661 1419 3705 ut
1470 3649 1690 3706 Lucifer
1731 3649 1953 3720 quidem
2035 3649 2379 3704 Antiochiam

819 3748 1262 3817 proficisceretur
1282 3783 1296 3806 ,
1334 3742 1605 3798 Eusebius
1649 3747 1830 3795 autem
1860 3741 2247 3796 Alexandriam
2281 3759 2296 3796 :
2327 3752 2386 3796 ut

821 3857 926 3894 una
966 3855 1090 3894 cum
1125 3837 1425 3892 Athanasio
1451 3833 1718 3907 synodum
1748 3842 2164 3905 congregantes,
2197 3833 2386 3889 Eccle-

2474 2211 2673 2276 ζονται.
2719 2211 2808 2262 Ἐν
2849 2209 3072 2280 τοιαύτῃ
3121 2207 3219 2278 μὲν
3246 2207 3312 2277 δὴ
3339 2206 3668 2259 καταστάσει
3690 2204 3758 2258 τὰ
3780 2203 3922 2258 κατὰ
3948 2203 4044 2274 τὴν

2487 2301 2892 2372 ’Δὶεξὰνδρειαν
2915 2297 3006 2370 ἦν.

3073 2393 3320 2444 ΚΕΦΛΛ.
3377 2390 3453 2447 E'.

2751 2489 2892 2554 Περὶ
2915 2486 3301 2553 Λουκίςρερος,
3324 2484 3423 2537 καὶ
3453 2485 3766 2538 Εὐσεϐίου.

2560 2579 2650 2632 Ἐν
2687 2579 2743 2631 δὲ
2775 2579 2838 2648 δὴ
2876 2579 3010 2648 τῷδε
3035 2578 3112 2647 τῷ
3145 2578 3320 2647 χρόνῳ
3335 2575 3610 2648 Λούκιφερ
3645 2578 3738 2629 καὶ
3767 2574 4046 2641 Εὐσέϐιος,

2477 2672 2859 2742 προστάγματι
2885 2670 2978 2725 τοῦ
2998 2671 3279 2741 βασιλέως,
3299 2673 3396 2740 τῆς
3424 2671 3636 2741 ὲξορίας
3657 2670 4043 2740 ἁνακέκληντοο

2427 2797 2439 2806 ο
2479 2763 2752 2834 Λούκιφερ
2787 2763 2885 2834 μὲν
2924 2762 3191 2832 Καράλων
3229 2764 3524 2826 ἐπίσκοπος
3561 2761 3617 2827 ί,
3647 2764 3681 2832 ἥ
3726 2765 3841 2815 ἐστι
3896 2761 4048 2822 πόλις

2479 2855 2808 2927 Σαρδανίας·
2872 2854 3130 2917 Εὐσέϐιος
3160 2854 3217 2906 δὲ
3246 2853 3556 2922 Βρεκέλλων
3575 2870 3588 2884 ·
3645 2853 3795 2914 πόλις
3825 2853 3882 2905 δὲ
3912 2850 4051 2920 αὓτη

2478 2947 2587 3000 τῶν
2611 2950 2666 2999 ἐν
2691 2946 2889 3016 Ἰταλία
2921 2947 3155 3014 Λιγύων,
3179 2945 3252 3008 ὥς
3291 2946 3495 3016 μοικαὶ
3523 2946 3782 3016 πρότερον
3815 2945 4048 3014 εἴρηται.

2483 3040 2684 3108 ’Ἄμφω
2709 3033 2802 3092 οὖν
2831 3037 2937 3090 τῶν
2979 3037 3090 3091 ἄνω
3115 3037 3310 3106 Θηϐῶν
3345 3036 3444 3107 τῆς
3469 3036 3683 3106 ὲξορίας
3721 3036 4050 3096 ἐπανιόντες,

2482 3129 2781 3200 σύμϐουλον
2809 3129 3088 3182 ἐποιοῦντο
3119 3129 3253 3199 ('55),
3283 3129 3404 3182 τίνα
3444 3128 3645 3198 τρόπον
3681 3127 3772 3180 τὸν
3798 3127 3893 3196 τῆς
3933 3126 4054 3179 Ἐκ·

2482 3223 2708 3294 κλησίας
2739 3223 2941 3276 κανόνα
2967 3220 3410 3292 διαφθειρόμενον
3442 3221 3517 3292 μὴ
3544 3219 3866 3291 παρίδωσιν.

3082 3401 3330 3453 ΚΕΦΑΛ.
3382 3401 3472 3466 ς’.

2498 3492 2592 3558 Ὡς
2619 3491 2914 3561 Λούκιφερ
2941 3491 3011 3546 ἐν
3038 3491 3367 3558 Ἀντιοχείᾳ
3397 3490 3736 3559 γενόμενος,
3757 3485 4058 3542 Παυλῖνον

3041 3561 3517 3629 ἐχειροτόνησεν.

2555 3654 2758 3708 Ἐδόκει
2784 3649 2896 3717 οὖν,
2915 3652 3224 3723 Λουκίφερα
3261 3652 3359 3722 μὲν
3392 3651 3482 3705 ἐπὶ
3512 3653 3609 3724 τὴν
3635 3653 3831 3723 Συρίας
3859 3655 4060 3707 Ἀντιό-

2487 3763 2636 3814 χειαν
2669 3744 3093 3815 παραγενέσθαι,
3124 3743 3382 3797 Εὐσέϐιον
3405 3745 3462 3798 δὲ
3493 3746 3580 3798 ἐπ’
3620 3746 4054 3818 Ἀλεξάνδρειαν·

2491 3837 2640 3899 ὅπως
2677 3835 2744 3888 ἂν
2774 3834 2986 3887 σύνοδον
3024 3834 3450 3907 ἆμαἈϐανασίῳ
3473 3836 3842 3908 ἀθροίσαντες,
3870 3841 3937 3892 τὶ
3961 3842 4060 3912 τῆς

1980 3973 2252 4029 VALESII
2293 3973 2852 4032 ANNOTATIONES.

891 4092 1001 4160 (55)
1044 4088 1175 4144 Ἐπὶ
1209 4087 1319 4157 τῆς
1346 4088 1649 4160 εὐγενείας
1678 4088 1941 4160 ἐκείνης.
1963 4087 2172 4160 Procul
2211 4087 2382 4160 dubio

820 4157 1176 4218 scribendum
1207 4169 1292 4214 est
1323 4160 1416 4212 καὶ⁹
1466 4157 1628 4212 τανῦν
1662 4158 1742 4211 ἔτι
1781 4157 1880 4227 τῆς
1925 4159 2201 4226 εὐγενείας
2242 4157 2385 4210 ὲκειο

819 4249 916 4300 vr];
977 4231 1218 4292 ὖπεστιν,
1272 4237 1378 4283 etc.
1429 4227 1583 4300 Quod
1645 4230 1841 4300 miror_
1873 4228 1942 4300 ab
1990 4228 2386 4300 interpretibus

823 4296 1261 4353 animadversum
1296 4314 1402 4351 non
1435 4299 1628 4352 luisse.
1671 4296 1725 4350 In
1759 4296 1998 4353 editione
2026 4313 2250 4366 operum
2285 4296 2386 4350 Ju-

822 4372 953 4424 liani
992 4370 1190 4436 legitur
1206 4368 1326 4418 ὲπεὶ
1353 4369 1451 4437 τῆς
1473 4367 1770 4433 εὐγενείας,
1800 4367 1956 4437 gravi,
1985 4365 2193 4421 errore.
2220 4365 2388 4420 Paulo

821 4451 948 4492 ante
982 4441 1186 4491 oblitus
1225 4436 1432 4490 fueram
1466 4452 1688 4507 monere
1706 4436 2206 4507 scribendumresse
2233 4437 2388 4507 εἴπερ

822 4509 966 4569 ἐστέ,
1001 4519 1059 4561 ιιι
1089 4507 1285 4576 legitur
1316 4507 1458 4576 apud
1496 4504 1859 4576 Julianumet
1889 4506 2279 4574 Nicephorum.

896 4578 1009 4645 (5i)
1043 4574 1428 4644 Προστεθήτω
1446 4574 1756 4642 τοῖςέμοῖς.
1779 4574 2140 4630 Scribenduin
2159 4575 2388 4629 omnino

823 4657 907 4702 est
931 4646 1268 4716 προτεθήτω,
1306 4655 1364 4698 ιιι
1396 4646 1558 4716 habet
1587 4646 1950 4716 Nicephorus.
1981 4645 2036 4716 ld
2062 4653 2388 4716 est,propo-

826 4714 986 4771 natur
1023 4717 1218 4769 civibus
1273 4717 1399 4769 meis
1438 4715 1829 4771 Alexandrinis.
1872 4714 1948 4770 De
1985 4715 2085 4769 hac
2139 4715 2387 4770 clausula

825 4803 946 4856 qnse
980 4787 1349 4869 imperatoriis
1378 4785 1575 4869 edictis
1606 4785 2061 4869 apponi'solebat,
2089 4786 2260 4869 multa
2293 4786 2393 4840 ob-

827 4855 1041 4911 servavi
1071 4859 1124 4910 in
1166 4857 1626 4926 Annotationihus
1654 4855 2002 4918 Eusebianis,
2036 4870 2160 4926 qua:
2189 4855 2278 4909 hic
2309 4871 2396 4912 re-

827 4937 1014 4995 petere
1031 4925 1365 4994 superfluunt
1397 4926 1550 4980 duxi.

899 4997 1006 5065 (ὃῦ)
1040 4993 1397 5062 suasorum
1445 4995 1774 5049 ἐποιοῦντο.
1813 4994 1929 5050 Νοιι
1970 4995 2074 5050 soli
2121 4993 2394 5052 Eusebius

827 5081 893 5120 ac
919 5066 1156 5130 Lucifer,
1185 5066 1253 5120 de
1309 5065 1612 5135 reparando
1641 5065 2014 5121 Ecclesiarum
2062 5074 2208 5121 statu
2243 5076 2298 5121 et
2327 5068 2395 5122 de

2487 4089 2815 4146 stabilienda
2855 4089 2978 4144 ﬁdei
3043 4090 3230 4159 regula
3289 4090 3582 4145 consilium
3642 4091 3926 4157 inierunt;
3961 4095 4055 4148 sed

2488 4161 2581 4231 alii
2650 4170 2916 4229 prxeterea
2974 4161 3240 4228 episcopi,
3296 4161 3391 4228 qui
3453 4159 3657 4214 Juliani
3703 4165 4056 4231 imperatoris

2489 4230 2669 4284 edicto
2700 4239 2833 4284 tunc
2861 4231 2931 4284 ab
2951 4231 3148 4284 exsilio
3179 4231 3416 4284 revocati
3453 4239 3584 4285 sunt
3623 4249 3635 4284 :
3670 4230 3914 4286 Hilarius
3947 4236 4057 4288 sci-

2489 4301 2636 4362 licet,
2662 4301 2913 4354 Asterius
2934 4307 2988 4354 et
3017 4301 3232 4368 reliqui,
3267 4310 3326 4352 ut
3352 4310 3498 4353 recte
3524 4310 3671 4352 notat
3689 4301 4059 4358 Theodoritus

2493 4369 2547 4422 in
2593 4372 2735 4423 libro
2762 4385 2843 4433 III,
2875 4385 2998 4437 cap.
3029 4369 3084 4421 4.
3114 4369 3216 4434 Qui
3268 4370 3386 4423 zelo
3425 4371 3712 4424 catholicae
3761 4374 3882 4424 ﬁdei
3931 4389 4059 4428 suc-

2493 4440 2667 4500 censi,
2704 4441 2986 4493 haareticos
3015 4448 3068 4492 et
3104 4441 3484 4494 scliismatieos
3507 4441 3572 4492 ad
3599 4442 3846 4497 veritatis
3868 4445 4060 4495 traitzi-

2494 4518 2603 4562 tem
2642 4510 2922 4566 reducere,
2958 4519 3011 4562 et
3066 4510 3350 4576 pristinam
3391 4511 3742 4563 concordiam
3798 4528 4060 4567 revocare

2495 4579 2870 4633 instituerunt.
2895 4577 3049 4644 Quod
3076 4594 3203 4648 ergo
3236 4578 3503 4633 liaronius
3546 4581 3642 4643 ait,
3668 4579 3959 4635 Eusebium
3995 4598 4060 4637 ac

2496 4648 2810 4703 Luciferum
2847 4650 3053 4718 legatos
3098 4650 3417 4718 apostolicae
3449 4649 3594 4703 sedis
3624 4661 3842 4706 creatos
3869 4667 3991 4708 esse
4027 4669 4057 4706 a

2493 4719 2712 4773 Liberio
2745 4719 2810 4772 ad
2845 4717 3211 4788 reparandum
3248 4717 3502 4773 Ecclesia:
3523 4729 3751 4784 statum,
3785 4721 3836 4774 id
3868 4739 4056 4776 verum

2494 4804 2616 4843 esse
2647 4804 2754 4842 non
2790 4787 2987 4858 potest.
3019 4787 3166 4842 ldem
3197 4791 3342 4842 enim
3376 4789 3665 4843 dicendum
3699 4803 3844 4846 esset
3875 4792 3941 4846 de
3967 4792 4059 4844 Hi-

2493 4858 2631 4928 lario
2655 4874 2719 4912 ac
2750 4859 2998 4927 reliquis.
3046 4860 3199 4912 Adde
3237 4862 3380 4928 quod
3411 4858 3640 4914 Rufinus
3705 4859 3806 4914 hoc
3852 4861 4060 4916 diserte

2494 4926 2721 4982 refellit.
2760 4926 2968 4982 Scribit
3014 4929 3161 4981 enim
3199 4926 3522 4998 legationem
3561 4932 3701 4983 hanc
3731 4930 3969 4985 Eusebio
4005 4941 4060 4986 et

2494 4998 2715 5052 Asterio
2745 4999 3051 5068 injunctam
3086 5015 3209 5055 esse
3248 5002 3316 5053 ab
3351 5001 3719 5054 Alexandrina
3754 5001 3984 5072 synodo.

2205 5194 2569 5252 VARIORUM
2582 5239 2594 5252 .

906 5324 928 5350 θ
957 5309 1067 5377 Τῆς
1107 5309 1303 5381 φργῆς
1327 5313 1685 5364 κατελθόντα
1729 5310 2090 5366 Ἀθανάσιον.
2123 5311 2251 5366 Post
2286 5328 2391 5381 pu-

831 5383 1089 5434 hlicatum
1140 5379 1341 5434 Juliani
1374 5383 1630 5441 edictum,
1664 5398 1772 5450 quo
1802 5384 2084 5437 exsulibus
2125 5379 2388 5436 redeundi

833 5460 1075 5520 potestas
1133 5461 1268 5510 erat.
1316 5453 1645 5504 Athanasius
1690 5451 2071 5505 Alexandriam
2121 5467 2392 5513 reversus,

834 5522 1037 5591 ingenti
1070 5522 1136 5574 de
1190 5537 1338 5576 more
1388 5522 1558 5592 plebis
1594 5524 1872 5592 catholica:
1915 5522 2113 5591 gaudio
2135 5532 2394 5592 exceptus

837 5590 937 5645 est.
965 5593 1018 5644 ln
1053 5592 1196 5644 hunc
1219 5594 1444 5645 reditum
1474 5591 1767 5659 Gregorius
1814 5590 1944 5644 Naz.
1967 5607 2030 5645 ea
2061 5594 2241 5645 omnia
2271 5590 2398 5645 eon-

837 5663 960 5722 [γι-ι,
984 5678 1101 5728 quze
1126 5664 1190 5714 ad
1221 5664 1449 5715 reditum
1475 5664 1598 5714 anni
1622 5662 1723 5714 549
1746 5662 2039 5730 pertinent.
2071 5661 2125 5714 In
2155 5662 2396 5715 defuncti

833 5731 1049 5800 Georgii
1078 5733 1252 5784 locum
1275 5734 1506 5785 Arianos
1542 5731 1764 5784 Lucium
1803 5748 1914 5786 suae
1947 5731 2199 5785 factionis
2226 5733 2395 5785 homi-

839 5819 955 5852 omn
1005 5813 1288 5868 coeptasse
1332 5812 1517 5854 intrrat
1549 5802 1823 5856 Socrates.
1871 5800 2065 5855 Verum
2101 5803 2399 5856 reclamare

835 5871 1278 5946 videnturActa.
1315 5871 1542 5946 Joviano
1580 5873 1824 5946 principe
1859 5873 2031 5946 edita.
2059 5870 2171 5946 Non
2200 5873 2400 5925 dicitur

837 5943 978 5994 enim
1011 5957 1074 5997 eo
1107 5941 1222 5996 loco
1254 5942 1484 5997 Arianos
1517 5940 1832 6011 episcopum
1863 5943 1968 5996 sibi
2015 5940 2240 5996 Lucium
2267 5957 2398 5996 con-

2493 5316 2762 5379 stituisse,
2788 5315 2882 5370 sed
2913 5315 3247 5369 Constituere
3278 5315 3539 5368 voluisse.
3569 5314 3633 5366 Et
3669 5313 3900 5369 fortasse
3935 5329 4058 5369 cum

2494 5388 2547 5440 in
2571 5386 2784 5454 Georgii
2813 5387 2994 5440 sedem
3021 5385 3245 5438 Luciqu
3279 5388 3574 5452 subrogare
3595 5387 3815 5441 vellent.
3839 5388 4059 5439 coerciti

2497 5471 2526 5509 a
2549 5456 2848 5510 catholicis
2871 5457 3106 5519 fuerant,
3124 5469 3355 5523 quorum
3379 5457 3569 5522 ingens
3584 5462 3700 5507 erat
3725 5455 3848 5507 Alex
3860 5457 4064 5508 andriat

2496 5527 2808 5581 multitudo.
2849 5529 2953 5588 (ill.
2992 5527 3243 5580 monachi
3293 5525 3568 5578 Benedict.
3619 5524 3720 5577 Vit.
3752 5527 4058 5588 Athanasii,

2496 5597 2560 5650 ad
2594 5614 2722 5650 anu.
2759 5598 2908 5667 569..)

2575 5667 2592 5705 ί
2628 5661 2925 5736 Λούκιρεῤ
2960 5665 3246 5732 Κεφάλων
3271 5665 3619 5728 ἐπίσκοπος.
3652 5664 3871 5716 Lucifer
3906 5661 4065 5715 Cala-

2501 5738 2735 5800 ritanus,
2770 5740 2883 5791 sive
2911 5737 3256 5790 Caralitanus
3283 5737 3335 5788 in
3363 5736 3610 5788 Sardinia
3639 5737 3926 5804 episcopus
3952 5739 4065 5786 cla-

2503 5813 2612 5861 ruit
2638 5809 2782 5860 circa
2820 5823 2946 5868 ann.
3006 5807 3129 5870 553i,
3166 5807 3350 5859 eodem
3381 5815 3622 5874 tempore
3667 5823 3786 5858 cum
3836 5805 4067 5858 linsel-io

2507 5877 2884 5940 Vercellensi,
2937 5877 3251 5931 θοι-ιιιιιιὶυιιί
3315 5878 3603 5937 laborum,
3671 5876 4067 5934 certaminam,

2510 5949 2790 6016 itinerum,
2823 5957 2870 6003 et
2894 5949 3209 6003 cxsiliorum
3243 5961 3426 6001 comes
3451 5948 3559 6002 lerc
3584 5945 3914 6008 individuus,
3943 5959 4068 5997 cum
