4508 6588
855 501 953 556 591

2301 484 2643 543 εοειιιιτιε,

4017 481 4124 538 392

849 616 1246 672 Convenerunt
1280 624 1412 679 ergo
1431 623 1498 663 ex
1533 603 1776 662 diversis
1811 599 2138 659 civitatibus
2170 601 2439 673 episcopi,
2470 620 2515 676 Α
2545 602 2629 655 Συ·

2345 602 2439 672 ιιιί,
2470 620 2515 676 Α
2545 600 2814 673 Συνῆλθόν
2841 618 2901 654 τε
2930 602 2995 655 ὲκ
3021 594 3304 668 διαφόρων
3323 598 3527 652 πόλεων
3550 595 3859 658 ἐπίσκοποι,
3889 596 3980 650 καὶ
3996 599 4125 666 περὶ

851 717 910 763 et
961 706 1030 760 de
1085 702 1342 775 plurimis
1392 701 1559 755 rebus
1600 696 1759 752 valde
1811 694 2148 750 necessariis
2192 697 2337 750 inter
2377 710 2439 750 se

852 799 1236 856 contulerunt.
1268 796 1346 848 Ac
1380 792 1558 848 sancti
1584 790 1805 861 quidem
1833 785 2074 858 Spiritus
2095 786 2441 841 divinitatem

857 891 968 944 illic
1007 891 1396 948 asseruerunt,
1431 898 1558 938 eum
1591 883 1646 935 in
1675 878 2142 936 consubstantiali
2169 876 2444 932 Trinitate

859 980 1418 1052 comprehendentes.
1449 975 1731 1029 Christum
1756 986 1884 1026 vero
1907 971 2182 1025 hominem
2209 969 2439 1034 factum,

859 1090 972 1129 non
1000 1085 1223 1128 carnem
1270 1069 1456 1130 modo,
1509 1066 1606 1121 sed
1649 1063 1890 1118 animam
1933 1063 2104 1117 etiam
2145 1062 2441 1115 humanam

860 1164 1239 1233 assumpsisse
1269 1160 1738 1232 pronuntiarunt;
1763 1170 1886 1227 quae
1914 1155 2140 1226 quidem
2171 1153 2443 1208 sententia

861 1257 991 1312 olitn
1029 1255 1212 1310 fuerat
1254 1252 1764 1308 ecclesiasticarum
1808 1249 2079 1302 virorum.
2127 1243 2250 1298 Non
2293 1243 2442 1298 enim

862 1362 1062 1403 novam
1097 1346 1393 1416 quamdam
1441 1342 1750 1397 dot-trinam
1793 1355 1822 1393 a
1854 1355 1916 1394 se
1949 1339 2188 1410 primum
2226 1335 2445 1405 emugi-

865 1448 1035 1493 tatam
1075 1439 1132 1490 in
1170 1437 1476 1489 Ecclesium
1509 1434 1837 1487 invexet‘unt
1869 1450 1881 1485 :
1915 1431 2010 1485 sed
2049 1445 2110 1484 ea
2141 1435 2444 1482 sanxerunt

865 1546 990 1600 qua:
1017 1539 1070 1584 et
1110 1528 1486 1583 ecclesiastica
1520 1524 1750 1578 traditio
1780 1523 1850 1576 ab
1876 1522 2034 1575 initio
2072 1519 2359 1580 docuerat,
2389 1526 2446 1572 et

863 1621 1312 1676 Christianorum
1361 1617 1676 1688 philosophi
1716 1614 2051 1669 certissimis
2101 1611 2444 1679 argumentis

867 1721 1246 1768 astruaerant.
1271 1709 1350 1764 Ita
1381 1711 1529 1764 enim
1561 1723 1753 1764 omnes
1781 1706 2016 1777 antiqui,
2047 1706 2140 1775 qui
2165 1707 2266 1758 hac
2289 1703 2358 1758 de
2388 1719 2446 1756 re

867 1806 1244 1875 disputarunt,
1282 1817 1438 1856 suam
1480 1800 1644 1855 nobis
1683 1798 2011 1854 sententiam
2053 1795 2276 1865 scriptis
2321 1808 2446 1862 pro-

869 1898 1040 1951 ditam
1084 1895 1445 1964 reliquerunt.
1477 1891 1716 1945 lrenaeus
1765 1896 1917 1943 certe
1965 1895 2020 1942 et
2067 1887 2347 1949 Clemens,
2391 1891 2447 1938 et

2542 691 2817 745 πλείστων
2878 693 2975 745 καὶ
3029 690 3476 756 ἀναγκαιοτάτων
3530 686 3722 754 λόγους
3782 690 4122 758 ἑγύμνασαν.

2547 784 2715 838 Ἔνθα
2740 785 2836 837 καὶ
2861 785 2923 837 τὸ
2944 784 3098 853 ᾶγιον
3121 782 3347 853 Πνεῦμα
3375 784 3816 854 θεολογήσαντες,
3841 783 3907 852 τῇ
3931 782 4126 850 όμοουο

2545 877 2646 947 σίῳ
2675 876 2867 949 Τριάδι
2898 876 3454 946 συνανελαμσάνοντο.
3515 877 3626 930 Καὶ
3652 875 3746 929 τὸν
3775 873 4125 944 ὲνανθρωπή·

2547 987 2715 1024 σαντα
2735 1010 2751 1035 ,
2806 970 2868 1023 ού
2904 971 3065 1041 μόνον
3108 969 3396 1040 ένσαρκον,
3426 969 3562 1023 ἀλλὰ
3599 968 3697 1022 καὶ
3732 964 4126 1037 ὲμψυχωμένον

2543 1062 2925 1134 ἀπεφήναντο,
3017 1063 3114 1116 καὶ
3165 1062 3332 1116 πάλαι
3365 1065 3479 1126 τοῖς
3522 1059 3992 1131 ὲκκλησιαστικοῖς
4033 1057 4128 1110 άνο

2544 1155 2736 1225 δράσιν
2766 1154 2960 1209 ἐδόκει.
3017 1155 3095 1208 Οὐ
3123 1154 3231 1225 γὰρ
3267 1154 3469 1224 νεαράν
3503 1171 3626 1206 τινα
3675 1151 3971 1224 θρησκείαν
4005 1151 4128 1204 ὲπι·

2545 1245 2839 1314 νοήσαντες
2875 1247 2954 1308 εἰς
2984 1245 3084 1315 τὴν
3125 1245 3451 1312 Ἐκκλησίαν
3477 1246 3791 1315 εἰσήγαγον,
3823 1242 3959 1296 ἀλλὰ
3987 1242 4128 1311 άπερ

2546 1337 2606 1403 ἐξ
2638 1337 2813 1407 ἀρχῆς
2851 1337 2947 1390 καὶ
2976 1339 3010 1407 ή
3054 1337 3484 1408 ἐκκλησιαστικὴ
3513 1335 3808 1406 παράδοσις
3833 1335 4006 1402 ἔλεγε,
4034 1334 4128 1386 καὶ

2547 1429 2943 1492 ἀποδεικτικῶς
2982 1429 3132 1499 παρὰ
3159 1432 3269 1491 τοῖς
3294 1428 3636 1499 Χριστιανῶν
3682 1429 3866 1496 σοφοῖς
3888 1426 4130 1494 ἐφιλοσο-

2548 1524 2721 1590 φεῖτο.
2775 1520 2930 1574 Οὕτω
2957 1519 3066 1591 γὰρ
3094 1520 3297 1584 πάντες
3331 1522 3380 1573 οἱ
3414 1519 3756 1590 παλαιότεροι
3790 1519 3918 1589 περὶ
3937 1518 4128 1570 τούτου

2547 1613 2705 1681 λόγον
2730 1610 3139 1682 γυμνάσαντες,
3189 1610 3464 1680 ἔγγραφον
3493 1611 3626 1679 ἡμῖν
3655 1609 3964 1662 κατέλιπον.
4019 1608 4130 1661 Καὶ

2547 1706 2657 1776 γὰρ
2698 1702 2984 1775 Εἰρηναῖός
3033 1719 3091 1754 τε
3137 1702 3230 1754 καὶ
3266 1701 3536 1771 Κλήμης,
3583 1699 3953 1769 Ἀπολινάριός
4003 1714 4062 1750 τε
4101 1699 4130 1750 ὁ

2559 1793 2956 1865 Ἰεροπολίτης,
3001 1791 3098 1846 καὶ
3146 1792 3440 1863 Σαραπίων
3488 1793 3516 1844 ό
3560 1790 3660 1861 τῆς
3715 1791 3773 1843 ἐν
3833 1788 4131 1860 ’Δντιοχεία

2552 1884 2833 1957 προεστὼς
2853 1883 3168 1954 ἐκκλησίας,
3205 1884 3480 1953 Ἐμψυχον
3497 1884 3589 1935 τὸν
3616 1881 3772 1936 ἐνανθ
3782 1883 4128 1952 ρωπὴσαντα,

869 1984 1206 2057 Apollinaris
1235 1980 1700 2050 llierapolitanus,
1723 1985 1778 2033 et
1802 1977 2066 2046 Serapion
2093 1975 2447 2029 Antiochena:
2479 1970 2518 2023 B
2547 1977 2606 2028 ὲν
2646 1997 2649 2010 ι

2351 1988 2447 2028 ana:
2479 1970 2518 2023 Β
2547 1977 2606 2028 ὲν
2646 1977 2759 2038 τοῖς
2791 1974 3102 2046 πονηθεῖσιν
3135 1974 3320 2036 αὐτοῖς
3363 1973 3540 2042 λόγοις
3581 1973 3657 2036 ὡς
3702 1971 4131 2043 ὁμολογούμενον

873 2075 1026 2130 urbis
1072 2076 1391 2144 episcopus,
1443 2069 1732 2124 Christum
1779 2068 1872 2137 qui
1919 2068 2086 2121 homo
2123 2066 2302 2120 factus
2340 2074 2446 2128 est,

871 2168 1058 2221 anima
1121 2166 1408 2236 praeditum
1468 2162 1686 2228 fuisse,
1763 2161 1918 2214 velut
1981 2174 2094 2213 rem
2170 2157 2448 2212 communi

870 2263 1118 2318 omnium
1162 2273 1436 2314 consensu
1494 2246 1768 2325 receptam
1809 2254 1928 2308 suis
1974 2253 2029 2305 in
2085 2252 2243 2306 libris
2299 2266 2452 2305 asse-

877 2360 1025 2406 runt.
1089 2351 1235 2415 Quin
1292 2357 1341 2403 et
1403 2347 1651 2418 synodus
1710 2361 1833 2414 quae
1893 2353 2117 2414 propter
2178 2342 2452 2413 Beryllum

875 2441 1274 2510 Philadelphia:
1306 2439 1362 2491 in
1409 2437 1614 2491 Arabia
1644 2439 1965 2506 episcopum
1993 2433 2138 2488 facta
2173 2441 2282 2496 est,
2317 2433 2456 2488 scri-

877 2536 1016 2590 bens
1043 2534 1110 2586 ad
1137 2531 1390 2586 eumdem
1431 2528 1731 2600 Beryllum,
1753 2526 1941 2580 eadem
1974 2525 2224 2580 tradidit.
2263 2524 2455 2595 Orige-

878 2642 979 2680 nes
1032 2637 1251 2694 quoque
1309 2621 1364 2674 in
1431 2620 1694 2674 omnibus
1752 2617 1908 2672 libris
1954 2617 2110 2679 suis,
2176 2617 2455 2671 Christum

878 2718 1160 2772 hominem
1203 2714 1410 2767 factum
1455 2712 1638 2765 anima
1683 2709 2145 2780 praeditum-esse
2186 2710 2455 2777 agnoscit.

884 2811 994 2866 Sed
1045 2805 1363 2878 specialiter
1418 2804 1472 2857 in
1528 2813 1675 2857 nono
1733 2809 1885 2855 tomo
1913 2801 2459 2855 Commentariorum

881 2917 1023 2972 quos
1053 2898 1280 2969 scripsit
1325 2898 1380 2950 in
1416 2894 1698 2959 Cenesim,
1735 2894 1902 2962 hujus
1936 2892 2012 2946 rei
2053 2903 2459 2947 sacramentum

880 2991 1110 3061 exponit
1142 3005 1294 3061 :quo
1324 2988 1446 3042 loco
1481 2987 1750 3040 Adatnum
1786 2984 2006 3054 quidem
2036 2984 2265 3047 Christi,
2299 2983 2462 3037 Ewut

885 3094 1072 3140 autem
1110 3083 1376 3137 Ecclesiae
1425 3090 1612 3150 typum
1647 3092 1835 3148 gerere
1872 3077 2122 3146 pluribus
2154 3077 2338 3130 verbis
2369 3091 2459 3130 as-

884 3175 1089 3228 seruit.
1115 3172 1292 3241 Hujus
1329 3171 1406 3225 rei
1431 3178 1596 3223 testes
1619 3177 1750 3223 sunt
1776 3167 2196 3236 locupletissimi
2219 3165 2278 3224 S.
2305 3166 2465 3221 Pant-

886 3267 1092 3336 philus,
1132 3272 1187 3318 et
1220 3263 1315 3333 qui
1356 3262 1425 3315 ab
1472 3261 1565 3313 illo
1606 3274 1907 3328 cognomen
1963 3260 2132 3311 traxit
2170 3259 2460 3314 Eusebius.
2493 3311 2536 3336 ι,

887 3357 1062 3410 Ambo
1103 3355 1253 3410 enim
1296 3369 1418 3405 (‘lllll
1455 3351 1619 3404 simul
1651 3349 1829 3418 juncti
1866 3350 2033 3401 vitam
2060 3347 2317 3418 Origenis
2343 3365 2467 3403 con~

889 3447 1223 3508 scriberent,
1271 3451 1328 3497 et
1370 3443 1440 3496 iis
1474 3441 1568 3510 qui
1617 3454 1685 3494 ex
1725 3438 2023 3506 anticipata
2067 3438 2303 3507 quadam
2349 3438 2470 3508 opi-

888 3541 1056 3596 nione
1079 3551 1204 3592 eum
1228 3533 1650 3598 aversabantur,
1669 3530 2088 3599 responderent,
2109 3528 2163 3582 in
2187 3529 2468 3598 praeclaris

890 3629 1003 3683 illis
1031 3627 1186 3681 libris
1213 3640 1360 3695 quos
1399 3639 1499 3694 pro
1533 3623 1655 3692 ejus
1700 3619 2021 3675 defensione
2047 3621 2465 3685 elucubrarunt,

887 3717 1182 3790 Origenem
1215 3731 1324 3771 non
1347 3717 1583 3786 primum
1613 3715 1668 3768 in
1698 3712 1802 3766 hoc
1828 3720 2156 3782 argumento
2186 3721 2466 3768 versatum

2549 2068 2732 2130 αὐτοῖς
2755 2067 2867 2136 (37)
2903 2065 3220 2136 φάσκουσιν·
3255 2066 3316 2119 ού
3347 2066 3453 2138 μὴν
3479 2065 3615 2120 ἀλλὰ
3635 2067 3730 2119 καὶ
3755 2068 3788 2136 ἡ
3819 2066 3904 2118 διὰ
3924 2065 4134 2136 Βήρυλ-

2548 2159 2638 2212 λον
2666 2158 2758 2211 τὸν
2791 2157 3143 2227 Φιλαδελφίας
3167 2158 3276 2228 (58)
3318 2158 3417 2227 τῆς
3458 2159 3517 2211 ὲν
3562 2158 3790 2230 Ἀραϐίᾳ.
3836 2159 4135 2211 ἐπίσκοπον

2549 2248 2816 2319 γενομένη
2845 2248 3080 2312 σύνοδος,
3103 2251 3390 2319 γράφουσα
3413 2247 3690 2320 Βηρύλλῳ,
3709 2249 3778 2301 τὰ
3793 2249 3932 2302 αὐτὰ
3958 2266 4136 2320 παρα-

2551 2343 2802 2396 δέδωκεν.
2844 2342 3126 2415 Ὠριγένης
3152 2341 3210 2394 δὲ
3247 2340 3521 2410 πανταχοῦ
3545 2340 3646 2411 μὲν
3675 2344 3735 2394 ὲν
3761 2343 3873 2404 τοίς
3900 2340 4137 2411 φερομέ-

2551 2452 2664 2496 νοις
2694 2433 2860 2486 αὑτοῦ
2903 2433 3164 2505 βιϐλίοις,
3214 2431 3454 2504 ἔμψυχον
3504 2432 3597 2486 τὸν
3642 2431 4137 2504 ἑνανθρωπήσαντα

2552 2520 2714 2579 οἶδεν.
2756 2525 2960 2588 Ἰδικῶς
2991 2525 3069 2591 δὲ,
3107 2527 3137 2578 ό
3164 2525 3244 2588 είς
3264 2525 3362 2596 τὴν
3401 2524 3617 2578 Γένεσιν
3650 2523 3800 2594 αὐτῷ
3824 2523 4138 2595 πεπονημέ-

2555 2633 2645 2680 νος
2673 2616 2890 2679 ἔννατος
2916 2616 3102 2685 τόμος,
3131 2616 3193 2670 τὺ
3227 2617 3357 2687 περὶ
3386 2614 3576 2669 τούτου
3607 2616 3908 2688 μυστήριον
3943 2616 4140 2684 ἐφανέ-

2559 2724 2770 2780 ρωσεν,
2817 2705 2946 2761 ἔνθα
2980 2706 3152 2778 ’Δδὰμ
3187 2705 3287 2777 μὲν
3322 2705 3418 2758 τὸν
3461 2705 3718 2776 Χριστὸν.
3765 2705 3907 2760 Εὕαν
3946 2706 4005 2761 δὲ
4039 2707 4140 2779 τὴν

2570 2801 2898 2871 Ἐκκλησίαν
2926 2795 3066 2853 εἶναι
3092 2797 3424 2870 πλατύτερον
3441 2797 3829 2853 κατεσκεύασε.
3847 2799 4138 2871 Μάρτυρες

2559 2892 2763 2945 τούτων
2801 2891 3121 2958 ἀξιόπιστοι,
3147 2891 3177 2944 ὃ
3211 2908 3272 2944 τε
3320 2890 3465 2962 ἱερὸς
3496 2892 3812 2964 Πάμφιλος,
3868 2892 3965 2945 καὶ
4003 2894 4034 2946 ὁ
4081 2891 4142 2958 ἐξ

2561 2983 2726 3040 αὑτοῦ
2769 2982 3122 3055 χρηματίζων
3154 2982 3432 3047 Εύσέόιος.
3491 2987 3693 3057 Ἄμφω
3721 2987 3830 3056 γὰρ
3868 2989 4025 3057 κοινῇ
4049 2986 4141 3038 τὸν

2575 3076 2885 3148 Ὠριγένους
2925 3074 3351 3146 παρατιθέμενοι
3397 3075 3541 3146 βίον,
3592 3078 3686 3130 καὶ
3735 3077 3872 3149 πρὸς
3910 3079 4036 3142 τοὺς
4077 3079 4142 3134 ἐκ

2566 3165 2889 3237 προλήψεως
2912 3165 3382 3238 ἀπεχθανομένους
3398 3168 3533 3238 πρὸς
3555 3168 3647 3221 τὸν
3668 3168 3834 3239 ἄνδρα
3862 3169 4144 3223 ἀπαντῶν-

2568 3272 2681 3319 τες,
2707 3255 2937 3322 ἐνδόξοις
2967 3256 3192 3324 βιϐλίοις
3209 3257 3504 3324 ἀπολογίαν
3532 3259 3672 3329 ὑπὲρ
3693 3259 3857 3312 αὐτοῦ
3887 3262 4143 3331 ποιούμε-

2570 3364 2682 3413 νοι,
2720 3347 2782 3400 ού
2828 3348 3041 3417 πρῶτον
3077 3348 3357 3420 Ὠριγένην
3397 3349 3491 3402 ἐπὶ
3527 3350 3730 3421 ταύτην
3758 3351 3854 3423 τὴν
3885 3369 4143 3423 πραγμα-

2573 3438 2723 3490 τείαν
2759 3437 2932 3490 ἐλθεῖν
2969 3456 3150 3506 φασιν,
3193 3439 3330 3493 ἀλλὰ
3367 3441 3467 3512 τὴν
3517 3443 3615 3512 τῆς
3665 3443 3991 3513 Ἐκκλησίας
4043 3463 4146 3515 μυ-

2576 3529 2768 3598 στικὴν
2805 3529 3137 3599 ἑρμηνεῦσαι
3172 3529 3489 3602 παράδοσιν.
3539 3533 3794 3586 Κάκεῖνοι
3816 3534 3874 3586 δὲ
3912 3537 3960 3586 οἱ
3994 3535 4054 3587 έν
4077 3539 4144 3608 τῇ

2586 3619 2963 3691 Ἀλεξανδρείᾳ
3016 3621 3216 3692 συνόδῳ
3266 3623 3565 3693 παρόντες,
3643 3625 3742 3678 οὐκ
3789 3624 4148 3680 ἀϐασάνιστον

2573 3712 2782 3777 εἴασαν,
2810 3714 2954 3783 φημὶ
2990 3712 3056 3784 δὴ
3091 3713 3152 3769 τδ
3191 3715 3318 3784 περὶ
3355 3716 3543 3780 οὐσίας
3580 3715 3674 3769 καὶ
3712 3717 4059 3781 ὑποστάσεως
4095 3719 4150 3784 ε,

2054 3887 2327 3943 VALESII
2357 3887 2913 3948 ANNOTATIONES.

895 3988 1034 4042 ritus
1074 3985 1130 4038 in
1185 3984 1325 4036 lihro
1357 3999 1420 4046 tt,
1458 3997 1580 4052 cap.
1618 3982 1721 4046 5|;
1762 3981 1892 4036 etin
1932 3981 2028 4035 lib.
2059 3997 2117 4035 ιιι
2153 3982 2362 4052 cap}.
2399 3981 2473 4052 De

897 4057 1088 4110 iisdem
1106 4054 1347 4121 loquitur
1361 4050 1694 4106 Athanasius
1717 4053 1772 4105 in
1793 4053 1937 4106 dicta
1961 4053 2192 4120 epistola
2209 4050 2232 4104 ξ
2252 4050 2471 4120 Ἐπειδὴ

893 4127 954 4179 δὲ
989 4124 1355 4193 συγχαίρομεν
1401 4125 1513 4184 τοῖς
1547 4122 1887 4192 βουλομένοις
1922 4121 2309 4193 συνάπτεσθαι,
2333 4123 2464 4174 πᾶσι

901 4197 1022 4266 μὲν,
1050 4192 1340 4262 ἐξαιρέτως
1356 4193 1422 4266 ’δὲ
1439 4195 1549 4266 τοῖς
1573 4195 1720 4266 ὲν-τῇ
1757 4193 1960 4266 παλαιᾷ.
1986 4192 2396 4266 συναγομένοις,
2415 4202 2469 4246 et

899 4261 1062 4334 paulo
1091 4261 1211 4332 puSt
1238 4278 1251 4312 :
1285 4263 1379 4315 καὶ
1411 4262 1576 4331 μηδὲν
1595 4263 1755 4334 πλέον
1778 4261 2004 4326 τούτων,
2037 4261 2178 4334 καθά
2211 4261 2467 4334 προείπο-

905 4332 1026 4404 μεν,
1060 4335 1195 4404 μήτε
1214 4334 1340 4404 τους
1370 4334 1426 4386 ὲν
1453 4335 1518 4404 τῇ
1550 4333 1752 4404 παλαιᾷ
1781 4332 2182 4404 συναγομένους
2217 4332 2466 4404 ἀπαιτεῖτ

902 4400 1028 4456 σθαι
1051 4400 1179 4473 παρ’
1202 4403 1375 4473 ὑμῶν,
1410 4400 1546 4473 μήτε
1575 4403 1701 4464 τοὺς
1729 4400 1862 4471 περὶ
1900 4401 2184 4465 Παυλῖνον,
2228 4408 2339 4473 etc.
2368 4400 2470 4454 Ubi

853 4477 855 4479 ’
902 4473 1057 4528 vides
1083 4471 1179 4527 eos
1213 4472 1306 4539 qui
1334 4472 1388 4524 in
1415 4471 1590 4525 Palma
1617 4473 1874 4527 collectas
1921 4473 2174 4539 agebant.
2209 4471 2472 4540 distingui

905 4544 974 4596 ab
1001 4543 1226 4597 asseclis
1257 4540 1493 4606 Paulini,
1526 4542 1579 4595 id
1609 4550 1713 4601 est,
1743 4542 1810 4595 ab
1845 4541 2236 4594 Eustathianis.
2271 4539 2344 4592 Ex
2377 4539 2464 4593 ho-

905 4628 1026 4666 rum
1058 4613 1202 4665 enim
1243 4626 1469 4664 numero
1500 4620 1617 4665 erat
1638 4611 1920 4666 Paulinus.
1972 4611 2052 4664 Illi
2098 4626 2228 4679 ergo
2269 4609 2361 4679 qui
2418 4612 2472 4664 in

906 4681 1081 4752 Palaea
1111 4688 1444 4752 conventus
1484 4683 1750 4752 agebant,
1807 4682 1898 4734 alii
1941 4695 2062 4735 esse
2096 4697 2203 4736 non
2244 4689 2476 4752 possunt

905 4724 1081 4821 ἷιῦἕίἱῖ
1103 4724 1346 4805 ιεὶἱιιὸτέε
1381 4724 1633 4814 Ἠθιρίἶῖῖ
1651 4724 1788 4820 ιιὶιέἰε
1807 4724 2477 4821 “ιᾷἓ.εέῖιῖὖε”‹ἶὸηῶἑῦιιὶι
2509 4724 2552 4780 π)

907 4822 1262 4876 Athanasius.

981 4892 1093 4960 (37)
1161 4891 1257 4954 Ὡς
1316 4891 1798 4958 ὁμολογούμενον
1844 4889 2070 4955 αὐτοῖς,
2128 4888 2332 4945 Ultima
2371 4905 2478 4944 vox

909 4960 1136 5014 delenda
1162 4975 1283 5014 esse
1313 4960 1440 5011 mihi
1466 4961 1696 5024 videtur,
1722 4969 1908 5028 utpote
1939 4976 2005 5014 ex
2037 4960 2478 5029 superiorelinea

908 5032 981 5084 oh
1035 5030 1303 5084 oscitante
1363 5029 1590 5082 librario
1633 5029 2263 5099 repetita.7Nicephorus
2293 5037 2475 5083 tamen

911 5100 969 5153 in
1001 5100 1139 5155 libro
1163 5100 1376 5153 decimo
1404 5114 1526 5167 cap.
1575 5101 1660 5162 14,
1697 5098 1856 5154 hunc
1892 5098 2133 5154 Socratis
2183 5101 2358 5153 locum
2381 5101 2477 5153 de-

910 5171 1178 5234 acribens,
1211 5184 1310 5240 pro
1331 5168 1756 5239 ὁμολογούμενον
1807 5171 1992 5243 posuit
2042 5171 2346 5241 ὁμοούσιον,
2380 5185 2477 5224 seu

2578 3981 2726 4059 quod
2756 3985 2810 4037 in
2829 3986 3140 4059 exemplari
3161 4002 3263 4042 suo
3293 3987 3366 4042 ita
3397 3987 3623 4059 legerat,
3649 4004 3744 4044 seu
3778 3988 3926 4058 quod
3961 4004 4151 4048 vocem

2576 4051 3017 4128 ὁμολογούμενον
3047 4059 3120 4112 ita
3151 4051 3617 4128 interpretandani
3643 4051 3920 4115 censebat.

2648 4123 2760 4193 (58)
2793 4123 2968 4178 Ὴδιὰ
2995 4123 3422 4202 ζςύριλτὶοντρν
3445 4129 3866 4202 φιλαδελφίας.
3891 4129 4152 4202 Cyrillum

2575 4207 2793 4269 quoque
2816 4205 2973 4248 vocat
3003 4195 3345 4269 Nicephorus
3373 4200 3425 4252 in
3452 4201 3569 4253 loco
3596 4195 3850 4269 superius
3887 4195 4148 4260 indicato.

2574 4262 2780 4338 Yerutn
2801 4280 2908 4338 nos
2926 4262 3253 4338 _ex)t)ptiiuis
3278 4269 3558 4324 codicibus
3588 4262 3901 4326 Florentino
3926 4283 3979 4327 et
4000 4273 4156 4328 Ster-

2572 4334 2722 4404 tiano
2748 4333 3405 4404 ijpul).ov1r'estituimus.
3439 4341 3884 4396 Emendationem
3908 4354 4152 4398 nostratn

2577 4403 2866 4480 conﬁrmat
2892 4403 3229 4480 Epiphanius
3253 4408 3658 4480 scholasticus.
3686 4411 3779 4480 qui
3800 4412 3944 4466 hunc
3973 4413 4154 4468 locum

2578 4475 2654 4527 ita
2686 4475 2888 4556 vertit:
2911 4474 3148 4556 ‘Nécnon
3177 4478 3572 4556 per_Berylltfm
3609 4474 3994 4556 Philadelphia
4016 4482 4154 4556 pepi-

2582 4545 2868 4619 scopum
2891 4545 3438 4619 Arabiupconstitutw',
3488 4550 3634 4616 facta
3665 4545 3896 4619 synodus
3925 4545 4157 4607 scribens

2580 4613 2914 4693 adea-niden
2928 4615 3219 4693 Qergllum,
3241 4618 3350 4693 hac
3374 4613 3498 4693 ipse
3511 4613 3866 4693 «τοιιινιιῖίὶάὶεἑ
3885 4620 4154 4693 Berylltts,

2582 4699 2694 4761 non
2727 4683 3136 4761 Philadelphia,
3179 4695 3237 4740 ut
3273 4689 3350 4742 ait
3394 4683 3672 4761 Socrates,
3708 4692 3802 4746 sed
3838 4683 4154 4748 Bustr'orum

2581 4754 2637 4807 in
2669 4753 2868 4833 drabia
2894 4753 3008 4833 luit
3053 4757 3365 4833 episc0pus,
3398 4759 3490 4833 qui
3522 4753 3799 4833 Christum
3825 4772 3952 4833 ante
3976 4765 4157 4817 incar-

2581 4823 2860 4898 nationem
2892 4823 3262 4898 Deumj'uissé
3295 4823 3549 4898 negabat,
3592 4839 3651 4884 ut
3688 4831 3847 4886 docet
3887 4832 4158 4887 Eusebius

2582 4893 2639 4974 i_n
2666 4894 2830 4972 .Iibro
2849 4904 3002 4949 sexto
3049 4895 3301 4974 Historiae
3329 4893 3740 4974 ecclesiastica},
3782 4918 3904 4974 cap.
3950 4903 4040 4957 3'5.
4071 4901 4156 4974 Ad

2587 4963 2753 5031 hujus
2811 4979 3054 5019 errorem
3123 4968 3480 5041 refellendum
3541 4972 3782 5041 synodus
3847 4963 3901 5029 in
3959 4971 4158 5025 Arabia

2580 5043 2907 5103 congregata
2937 5045 3042 5098 est,
3074 5037 3141 5089 ad
3172 5053 3333 5106 quam
3365 5037 3624 5095 evocatus
3655 5040 3938 5110 Origenes,
3971 5041 4158 5112 Beryl—

2583 5103 2621 5156 li
2650 5104 2898 5158 lueresim
2927 5120 3029 5159 con
3042 5105 3256 5169 lutavit,
3287 5117 3346 5161 ut
3377 5109 3572 5163 ibidem
3607 5119 3839 5167 testatur
3869 5113 4158 5169 Eusebius.

2585 5171 2663 5228 De
2717 5173 2819 5228 hac
2864 5175 3058 5230 haeresi
3110 5175 3307 5247 Berylli
3364 5179 3748 5252 intelligendus
3791 5191 3878 5240 est
3910 5181 4160 5255 Origenis

2285 5328 2677 5387 VARIORUM.

989 5443 1013 5482 ⁸
1040 5440 1295 5511 Φημιίδὴ
1331 5441 1396 5494 τὸ
1435 5443 1568 5511 περὶ
1592 5444 1806 5510 οὐσίας
1834 5442 1931 5495 καί
1978 5442 2392 5508 ὑποστάσεως.
2429 5443 2489 5499 1η

917 5511 1017 5564 hac
1040 5510 1250 5582 synodo
1283 5520 1464 5584 actum
1488 5510 1556 5568 de
1590 5516 1972 5584 hypostasibus
1995 5552 2012 5578 ,
2039 5529 2178 5584 quas
2217 5514 2355 5584 ojami
2373 5529 2490 5569 ca:-

918 5593 1109 5650 pcrant
1157 5583 1410 5636 nonnulli
1462 5585 1518 5638 in
1553 5583 1984 5639 controversiam
2044 5583 2261 5637 vocare.
2320 5583 2490 5638 Erant

918 5652 1175 5724 nimirum
1223 5654 1316 5720 qui
1375 5664 1485 5709 tres
1554 5657 1881 5724 hypostascs
1931 5657 1984 5707 in
2048 5652 2321 5724 Trinitate
2367 5670 2490 5710 esse

919 5720 1180 5794 dicerent,
1210 5724 1528 5794 aliisrunam
1568 5720 1691 5778 esse
1750 5725 2140 5794 pugnantibus.
2195 5723 2276 5778 lle
2305 5733 2487 5780 autem

921 5793 1143 5864 quaesita
1175 5803 1227 5845 et
1247 5793 1568 5857 deliberata,
1604 5793 1966 5864 expensisque
1997 5795 2335 5863 singulorum
2359 5810 2486 5849 sen-

921 5862 1125 5923 tentiis,
1157 5870 1516 5932 utrorumque
1569 5862 1728 5920 ﬁdeiu
1782 5862 1971 5919 sanam
2025 5862 2485 5918 et’orthodoxam

920 5946 1048 5986 esse
1073 5932 1474 6004 deprehensum
1501 5943 1608 5992 est.
1662 5934 1796 5990 Nam
1846 5937 1939 6006 qui
1995 5943 2108 5991 tres
2147 5936 2487 6007 ohypostases

2589 5446 2949 5522 diceren.,_se
3003 5455 3079 5501 tta
3106 5448 3350 5522 proﬁteri
3382 5451 3621 5514 aiebant,
3654 5452 3800 5522 quod
3834 5451 4160 5508 Trinitatem

2592 5532 2700 5570 non
2737 5518 2961 5593 nomine
2986 5526 3149 5572 tenus
3167 5520 3476 5593 crederent,
3499 5523 3594 5576 sed
3628 5518 3874 5588 singulas
3903 5537 4160 5593 personas

2588 5601 2717 5666 vere
2751 5587 3078 5666 exsistentes
3107 5596 3160 5643 et
3195 5590 3590 5666 subsistentes;
3624 5595 3697 5645 ita
3721 5587 4162 5666 tamen'admissa

2589 5657 2964 5733 distinctione,
2985 5667 3042 5710 ut
3063 5673 3237 5733 neque
3261 5668 3372 5733 tres
3395 5663 3549 5733 deos,
3571 5657 3991 5733 neque_totidem
4022 5666 4144 5733 prin

2590 5727 2979 5807 cipia_vcl|ent
3008 5727 3289 5807 praedicari
3311 5771 3327 5796 ,
3367 5733 3461 5786 sed
3512 5727 3712 5785 Filium
3745 5731 3892 5786 Patri
3923 5727 4158 5787 con'sub-

2592 5799 2924 5868 stantialem,
2949 5800 3322 5868 Spit-itumque
3344 5813 3592 5856 sanetum
3624 5817 3730 5857 non
3753 5817 3864 5857 rem
3899 5812 4164 5865 creatam,

2593 5866 2689 5921 sed
2714 5881 2742 5919 a
2769 5868 3073 5939 substantia
3103 5866 3280 5924 l’atris
3301 5878 3356 5924 et
3376 5871 3495 5926 Filii
3521 5872 3835 5928 indivisum.
3859 5871 3963 5939 Qui
3985 5883 4166 5927 autem

2595 5952 2758 5992 uuam
2793 5937 3108 6008 hypostasin
3167 5957 3292 5998 esse
3315 5942 3703 6010 defendebant,
3738 5959 3848 5998 non
3884 5937 3951 6000 ea
3983 5952 4166 5999 mente
