4508 6588
862 477 970 534 595

2302 474 2645 532 SOCRATIS

4012 485 4118 543 596

861 594 1029 660 beilii,
1063 608 1154 659 ne,
1187 593 1482 650 verborum
1530 592 1733 664 inopia,
1762 591 2089 648 Trinitatem
2122 607 2236 649 rem
2265 609 2432 650 unam
2462 607 2512 663 Α
2536 597 2641 650 οὐσι

2345 609 2432 650 am
2462 607 2512 663 Α
2536 596 2724 660 οὐσίας
2753 598 2844 651 καὶ
2885 595 3242 658 ὑποστάσεως
3273 598 3447 669 ίσμεν,
3475 601 3626 655 οὐδὲν
3656 603 3854 657 κωλύει
3873 603 3960 657 διὰ
3987 603 4119 675 βρα-

858 701 987 746 esse
1012 694 1334 756 putaremus
1368 685 1572 756 triplici
1599 686 1822 741 nomine
1861 684 2210 757 appellatam,
2250 686 2348 742 sed
2375 693 2436 740 ut
2539 690 2638 759 χέα

2337 686 2436 740 ιυι
2539 690 2680 759 χέων
2731 691 2928 744 εἰπεῖν.
2959 692 3023 744 Οί
3080 690 3183 760 τὴν
3237 689 3550 764 Ἑλληνικὴν
3597 696 3728 765 παρ’
3762 696 3988 768 Ἕλλησι
4027 715 4117 750 σο-

859 778 1044 848 potius
1093 791 1541 847 unumquemque
1583 791 1776 832 eorum
1835 777 1929 846 qui
1978 777 2333 832 nominantur
2379 777 2435 831 in

862 869 1158 934 Trinitate,
1180 868 1348 924 Deum
1374 869 1426 922 in
1459 868 1683 938 propria
1713 883 1952 938 persona
1968 883 2096 924 esse
2114 867 2430 924 credamus.

861 966 926 1020 Et
955 965 1073 1020 haec
1102 963 1324 1034 quidem
1369 971 1501 1016 tunc
1535 975 1565 1015 a
1604 962 1818 1034 synodo
1847 971 1977 1018 sunt
2006 961 2248 1017 decreta.
2287 960 2432 1028 Quid

858 1065 1043 1112 autem
1073 1072 1174 1111 nos
1204 1055 1273 1111 de
1303 1054 1617 1110 substantia
1648 1055 1826 1124 deque
1858 1054 2140 1126 hypostasi
2171 1053 2434 1109 didiceri-

859 1166 1004 1231 mus.
1025 1149 1160 1204 nihil
1187 1155 1334 1204 vetat
1361 1147 1655 1218 quominus
1679 1147 1767 1201 hic
1798 1147 2039 1202 breviter
2069 1160 2428 1215 exponamus.

857 1242 962 1309 Qui
1006 1241 1250 1297 Gratcam
1292 1241 1434 1296 inter
1470 1238 1690 1297 Graecos
1731 1240 2134 1312 philosophiam
2186 1239 2430 1294 tradide-

858 1343 1008 1398 runt,
1039 1333 1403 1389 substantiam
1435 1331 1654 1402 quidem
1701 1331 1956 1402 pluribus
1988 1328 2166 1386 modis
2203 1329 2432 1385 delinie-

856 1433 1017 1493 runt;
1047 1425 1412 1497 hypostaseos
1441 1437 1572 1478 vero
1595 1423 1800 1477 nullam
1831 1436 2061 1493 prorsus
2096 1421 2427 1478 mentionem

857 1515 1062 1570 fecere.
1089 1512 1329 1567 lrenzeus
1355 1511 1580 1580 quidem
1608 1509 2016 1565 Grammaticus
2037 1510 2090 1563 in
2108 1508 2308 1565 Lexico
2335 1523 2432 1580 per

854 1607 1103 1666 ordinem
1133 1605 1442 1659 litterarqu
1474 1603 1709 1673 digesto,
1743 1603 1906 1674 180
1953 1601 2099 1672 quod
2142 1601 2430 1658 Atticistes

856 1697 1206 1762 inscribitur,
1249 1695 1390 1750 hanc
1435 1709 1622 1750 vocem
1659 1694 1950 1748 barbaram
1998 1709 2123 1749 esse
2170 1692 2425 1748 ailirmat.

854 1791 1042 1861 Neque
1075 1789 1219 1845 enim
1252 1789 1393 1859 apud
1426 1802 1756 1857 quemquam
1800 1793 2046 1842 veterum
2093 1787 2427 1855 scriptorum

759 1894 762 1896 ‘
854 1897 975 1938 eam
1004 1881 1234 1952 reperiri
1261 1898 1273 1932 :
1307 1894 1372 1934 ac
1403 1878 1577 1934 sicubi
1609 1875 1842 1932 fortasse
1868 1877 2200 1945 reperiatur,
2225 1891 2336 1931 non
2362 1890 2428 1931 eo

854 1989 1021 2030 sensu
1065 1947 1178 2043 quo
1217 1985 1363 2025 nunc
1411 1969 1669 2034 sumitur,
1701 1967 1977 2038 usurpari.
2019 1966 2234 2022 Etenim
2285 1966 2428 2038 apud
2462 1947 2503 2006 Β

855 2067 1182 2137 Saplioclem
1233 2065 1288 2118 in
1330 2061 1601 2132 tragoedia
1648 2060 1910 2116 Phwnice
1951 2075 2014 2116 ea
2062 2075 2166 2116 vox
2197 2059 2430 2115 insidias

845 2157 1151 2230 significat.
1173 2155 1329 2228 Apud
1359 2155 1718 2210 Menandrum
1751 2168 1882 2208 vero
1905 2153 2286 2208 condimenta:
2310 2168 2431 2222 per-

852 2252 980 2306 inde
1041 2265 1105 2305 ac
1149 2251 1194 2306 si
1241 2249 1368 2320 quis
1413 2248 1600 2302 faecem
1634 2245 1746 2299 vini
1788 2245 1846 2298 in
1877 2245 2026 2300 dolio
2057 2244 2428 2300 subsidentem

855 2345 1092 2417 appellet
1140 2343 1460 2396 ὑπόστασιν.
1494 2338 1694 2392 Verum
1736 2337 1861 2392 licet
1913 2335 1984 2392 ab
2016 2337 2430 2407 antiquioribus

856 2437 1201 2510 philosomiis
1232 2437 1348 2490 haec
1379 2449 1484 2488 vox
1515 2439 1778 2501 usurpata
1800 2444 1908 2484 non
1937 2427 2428 2494 fuerit,sciendum

855 2541 940 2603 cst
972 2514 1152 2586 tamen
1177 2529 1514 2584 recentiores
1537 2540 1600 2580 ea
1637 2524 1955 2594 frequenter
1980 2536 2110 2576 usos
2135 2520 2306 2577 fuisse
2329 2535 2428 2591 pro

856 2621 1182 2681 substantiae
1217 2619 1508 2674 vocabulo.
1534 2614 1906 2670 Substanliam
1935 2627 2100 2684 porro
2119 2612 2288 2667 variis
2311 2625 2428 2666 mo-

855 2718 942 2772 dis
971 2714 1320 2770 deﬁnierunt.
1347 2709 1504 2777 Quod
1535 2708 1581 2763 si
1617 2707 1929 2762 substantia
1968 2703 2284 2760 delinitione
2312 2703 2426 2758 cir-

855 2805 1271 2867 cumscribitur,
1293 2801 1566 2876 quomodo
1590 2799 1690 2854 bac
1713 2797 1952 2852 dictione
1972 2795 2189 2866 proprie
2215 2795 2295 2850 uti
2329 2809 2426 2865 po-

855 2900 1088 2955 terimus
1121 2897 1176 2951 in
1204 2893 1442 2965 Deo,qui
1474 2888 1868 2962 comprehendi
1896 2903 2002 2943 non
2035 2887 2252 2959 potest?
2284 2886 2428 2942 Eva-

856 2992 1008 3062 grius
1030 2989 1249 3060 quidem
1277 2988 1330 3041 in
1355 2987 1496 3041 libro
1519 2999 1679 3055 quem
1704 2979 2087 3036 Monacbicum
2117 2977 2425 3049 inscripsit,

857 3092 1044 3139 monet
1081 3096 1151 3137 ne
1184 3081 1252 3136 de
1283 3079 1392 3133 Deo
1420 3085 1626 3133 temere
1653 3084 1705 3130 et
1737 3071 2144 3135 inconsiderate
2187 3070 2430 3127 dissera-

857 3193 1002 3233 mus.
1036 3173 1382 3229 Divinitatem
1426 3184 1553 3224 vero
1596 3166 1823 3223 deﬁnire
1865 3178 2096 3236 prorsus
2143 3170 2313 3230 vetat,
2349 3169 2432 3216 ut-

2537 781 2665 850 φίαν
2696 779 2808 850 (42)
2835 779 3140 851 ὲκθέμενοι,
3170 779 3269 846 τὴν
3301 782 3401 852 μὲν
3433 783 3616 836 οὐσίαν
3670 784 3953 856 πολλαχῶς
3989 786 4120 857 ὡρί-

2537 888 2701 927 σαντο
2728 889 2744 904 ο
2779 873 3134 936 ὑποστάσεως
3187 872 3246 926 δὲ
3295 873 3402 928 οὐδ’
3448 875 3732 946 ἡντιναοῦν
3767 879 3990 948 μνήμην
4019 895 4111 931 πε-

2536 963 2806 1033 ποίηνται.
2861 965 3146 1036 Εἰρηναῖος
3190 964 3246 1019 δὲ
3293 966 3322 1018 ὁ
3365 967 3750 1037 γραμματικὸς
3787 967 3896 1038 (45)
3943 969 4002 1021 ὲν
4041 970 4121 1038 τῷ

2532 1053 2676 1107 κατὰ
2723 1057 2985 1124 στοιχεῖον
3045 1055 3352 1127 Ἀττικιστῇ
3382 1094 3398 1119 ,
3435 1057 3530 1110 καὶ
3581 1056 3854 1128 βάρσαρον
3913 1059 4121 1112 ἀποκα-

2532 1147 2616 1201 λεῖ
2649 1149 2748 1221 τὴν
2787 1149 2950 1213 λέξιν.
2997 1149 3147 1218 Μηδὲ
3195 1149 3303 1223 γὰρ
3361 1151 3513 1222 παρά
3555 1168 3662 1204 τισι
3709 1151 3820 1206 τῶν
3875 1153 4118 1206 παλαιῶν

2531 1240 2798 1314 εἰρῆσθαι.
2837 1242 2898 1294 Ei
2928 1241 2986 1294 δέ
3027 1259 3129 1296 που
3168 1243 3262 1296 καί⁵
3284 1241 3540 1313 ηὕρηται,
3577 1243 3651 1314 μὴ
3703 1242 3877 1298 ταῦτα
3915 1244 4116 1316 σημαί-

2532 1351 2663 1399 νειν,
2717 1334 2802 1404 ἐφ’
2845 1329 2920 1390 ὧν
2966 1335 3062 1390 νῦν
3093 1335 3619 1407 παραλαμϐάνεται.
3662 1337 3819 1408 Παρὰ
3865 1336 3963 1407 μὲν
4007 1337 4114 1407 γὰρ

2532 1426 2792 1496 Σοφοκλεῖ
2842 1428 2900 1480 ὲν
2948 1425 3154 1481 Φοίνικι
3211 1428 3432 1499 ἐνέδραν
3485 1408 3767 1500 σημαίνειν
3829 1430 3929 1500 τὴν
3986 1431 4116 1484 ὐπό-

2535 1536 2744 1573 στασιν.
2789 1517 2947 1590 Παρὰ
2996 1519 3054 1572 δὲ
3107 1519 3432 1591 Μενάνδρῳ,
3464 1520 3532 1574 τὰ
3571 1521 3962 1593 καρυκεύματα
3989 1563 4004 1588 ,
4041 1523 4117 1587 ὡς

2531 1610 2584 1662 εί
2610 1625 2692 1673 τις
2736 1607 2882 1678 λέγοι
2909 1609 3018 1679 (ﬂ)
3046 1608 3144 1682 τὴν
3182 1611 3240 1663 ὲν
3293 1609 3372 1680 τῷ
3410 1611 3552 1682 πίθῳ
3599 1610 3692 1664 τοῦ
3737 1613 3882 1666 οίνου
3916 1612 4114 1684 τρύγα,

2532 1699 2849 1755 ὑπόστασιν.
2886 1700 3082 1754 ’ἰστέον
3116 1701 3300 1772 μέντοι
3321 1701 3403 1755 ὅτι
3432 1704 3481 1756 εί
3519 1705 3614 1756 καὶ
3638 1703 3688 1757 oi
3715 1705 3936 1758 παλαιοὶ
3966 1705 4118 1773 φιλό-

2533 1807 2684 1859 σοφοι
2709 1792 2808 1862 τὴν
2840 1789 2984 1856 λέξιν
3008 1791 3460 1862 παρέλιπον,άλλ’
3489 1793 3637 1864 ὅμως
3669 1796 3719 1848 oi
3738 1793 3993 1866 νεώτεροι
4007 1796 4114 1848 τῶν

2532 1881 2837 1952 φιλοσόφων
2885 1882 3124 1952 συνεχῶς
3176 1884 3297 1936 ἀντὶ⁸
3346 1885 3446 1954 τῆς
3497 1885 3708 1948 οὐσίας,
3733 1888 3800 1956 τῇ
3846 1884 3988 1950 λέξει
4014 1886 4114 1956 τῆς

2535 1975 2883 2038 ὑποστάσεως
2937 1975 3341 2047 ἀπεχρήσαντο.
3398 1978 3601 2042 Οὐσίας
3639 1978 3695 2031 δὲ
3745 1979 3835 2031 τὸν
3861 1979 4006 2049 ὅρον,
4041 1980 4115 2042 ὼς

2535 2069 2763 2138 ἔφαμεν,
2795 2067 3066 2138 διαφόρως
3091 2069 3514 2124 ἀποδεδώκασιν.
3546 2071 3609 2124 Εἰ
3635 2071 3693 2125 δὲ
3719 2073 3831 2143 ὅρῳ
3876 2073 3909 2142 ἡ
3958 2072 4116 2125 οὐσία

2536 2155 3001 2228 περιλαμϐάνεται
3026 2199 3040 2220 ,
3081 2156 3198 2220 πῶς
3254 2159 3346 2210 ἐπὶ
3389 2158 3525 2212 Θεοῦ
3555 2159 3646 2213 τοῦ
3685 2161 3758 2230 μὴ
3815 2160 4112 2230 δυναμένου

2537 2249 2974 2319 περιληφθῆναι,
3010 2249 3211 2320 κυρίως
3258 2253 3325 2320 τῇ
3357 2250 3500 2315 λέξει
3551 2253 3937 2323 χρησαίμεθα;
3972 2253 4112 2307 Εὐά-

2535 2347 2689 2412 γριος
2715 2342 2768 2395 δὲ
2797 2343 2854 2394 ὲν
2891 2341 2970 2412 τῷ
3001 2342 3315 2414 Μοναχικῷ,
3349 2345 3636 2415 προπετῶς
3669 2346 3768 2416 μὲν
3797 2348 3889 2398 καὶ
3918 2348 4114 2418 ἀπερι-

2539 2433 2789 2498 σκέπτως
2813 2434 3082 2502 θεολογεϊν
3129 2436 3596 2506 ἁποσυμὸουλεύει
3619 2454 3633 2468 ·
3657 2436 3934 2508 ὁρίζεσθαι
3962 2436 4017 2490 δὲ
4039 2437 4116 2502 ὡς

2533 2525 2736 2580 ἁπλοῦν
2757 2525 2818 2578 τὸ
2845 2525 2996 2579 Θείον
3009 2527 3185 2598 πάντη
3209 2529 3560 2599 ἀπαγορεύει.
3581 2529 3700 2582 Τῶν
3719 2529 3826 2600 γὰρ
3848 2529 4116 2583 συνθέτων

2531 2611 2670 2670 εἶναι
2701 2615 2826 2678 τοὺς
2854 2616 3012 2687 ὄρους
3057 2617 3241 2686 φησιν.
3280 2618 3336 2670 ’0
3363 2617 3421 2672 δὲ
3459 2618 3622 2682 αὐτὸς
3646 2619 3739 2672 καὶ
3764 2617 3934 2672 ταῦτα
3975 2620 4114 2672 κατὰ

2530 2706 2675 2771 λέξιν
2715 2706 2974 2762 διδάσκει.
3032 2709 3188 2762 Πᾶσα
3225 2709 3506 2780 πρότασις,
3537 2710 3768 2781 φησὶν,ῆ
3798 2710 3955 2779 γένος
4002 2710 4114 2780 ἔχει

2533 2799 3024 2870 κατηγορούμενον,
3057 2799 3090 2870 ἢ
3131 2801 3449 2872 διαφορὰν,ἢ
3477 2798 3692 2872 εἷδος,ῆ
3725 2803 3872 2866 ἴδιον,
3902 2803 3935 2875 ἢ
3973 2820 4111 2872 συμ-

2533 2885 2836 2958 6ε6ηκὸς,ἢ
2860 2888 2920 2939 τὸ
2938 2890 3000 2941 ὲκ
3029 2887 3230 2942 τούτων
3252 2891 3624 2962 συγκείμενον,
3642 2892 3793 2946 οὐδὲν
3815 2892 3871 2945 δὲ
3897 2894 3989 2946 ἐπὶ
4015 2893 4113 2962 τῆς

2536 2979 2694 3048 ἁγίας
2717 2979 2943 3050 Τριάδος
2963 2980 3071 3050 (-55)
3093 2980 3200 3034 τῶν
3221 2983 3524 3052 είρημένων
3560 2983 3673 3037 ἐστι
3705 2984 4112 3054 λαϐεῖν.Σιωπῄ

2538 3071 2945 3142 προσκυνείσοιο
2974 3072 3033 3125 τὸ
3065 3067 3321 3145 ἄρρητον.
3339 3074 3522 3129 Ταῦτα
3550 3076 3648 3146 μὲν
3664 3073 3755 3130 οὖν
3775 3079 3803 3130 ὁ
3825 3076 4111 3148 Εὐάγριος,

2538 3163 2668 3233 περὶ
2693 3156 2755 3215 οὗ
2781 3165 2860 3226 είς
2885 3163 3110 3236 ὕστερον
3139 3165 3389 3236 ἐροῦμεν.
3415 3166 3604 3237 Ἡμεῖς
3624 3167 3678 3220 δὲ
3699 3167 3745 3220 εί
3769 3169 3861 3222 καὶ
3890 3169 3947 3221 ὲν
3975 3185 4114 3240 παρ-

858 3278 984 3340 pote
1021 3280 1135 3322 rem
1188 3261 1675 3334 simplicissimam.
1705 3256 2057 3314 Deﬁnitiones
2079 3255 2225 3311 enim
2249 3267 2430 3309 rerum
2468 3322 2504 3340 Α
2540 3255 2637 3308 εκ6

2335 3267 2430 3307 ἰΙΙῒΙ
2468 3322 2504 3340 Α
2540 3255 2761 3310 εκϐάσει
2813 3255 3080 3327 δοκοῦμεν
3113 3256 3282 3311 ταῦτα
3322 3258 3619 3330 εἰρηκέναι,
3654 3259 3768 3313 ἀλλ’
3800 3261 3875 3325 ὠς
3924 3261 4115 3334 χρησί-

856 3322 1448 3429 οοιιιροεὶιιιτυιιιόεεο
1491 3350 1648 3406 dicit.
1685 3349 1830 3403 Idem
1874 3361 2094 3418 quoque
2138 3346 2226 3402 bis
2258 3345 2435 3399 utitur
2465 3322 2508 3380 ε
2547 3363 2634 3416 μω

2199 3361 2226 3402 s
2258 3345 2435 3399 utitur
2465 3322 2508 3380 C
2547 3363 2663 3416 μων
2695 3349 2761 3418 τῇ
2795 3322 3048 3401 ὑποθέσει
3079 3349 3178 3419 τῆς
3208 3322 3448 3420 ἱστορίας
3469 3322 3973 3424 ἐμνημονεύσαμεὶ

856 3453 1061 3508 verbis.
1103 3448 1297 3504 Omnis
1345 3445 1673 3517 pr0positio,
1714 3451 2034 3514 aut-genus
2076 3441 2241 3496 habet
2285 3441 2432 3512 quod
2473 3441 2821 3511 praedicatur,
2851 3450 2946 3496 aut
2979 3444 3243 3513 speciem,
3273 3453 3366 3498 aut
3393 3444 3775 3510 diﬂ'erentiam.
3834 3456 3931 3502 aut
3991 3463 4117 3518 pro-
4221 3515 4224 3518 ἢ

857 3544 1060 3615 prium,
1098 3549 1192 3596 aut
1223 3537 1500 3602 accidens,
1535 3545 1631 3590 aut
1671 3534 1815 3606 quod
1882 3533 2248 3604 compositum
2292 3539 2377 3588 est
2439 3548 2506 3587 ex
2549 3533 2689 3588 istis.
2733 3535 2802 3588 At
2835 3535 2889 3588 in
2936 3544 3129 3590 sancta
3163 3535 3434 3592 Trinitate
3474 3537 3608 3592 nihil
3660 3538 3853 3594 horum
3885 3540 4112 3611 reperiri

859 3644 1060 3706 potest.
1088 3631 1245 3700 Quod
1288 3631 1455 3702 igitur
1483 3629 1670 3684 verbis
1693 3626 1957 3697 explicari
1993 3640 2100 3681 non
2130 3631 2330 3696 potest,
2365 3625 2587 3679 silentio
2618 3625 2902 3681 adoretur.
2951 3629 3076 3682 llaec
3123 3629 3412 3698 Evagrius.
3453 3630 3522 3685 de
3559 3645 3668 3700 quo
3706 3633 3929 3701 quidem
3971 3632 4113 3686 infra

860 3731 1059 3788 dicturi
1093 3744 1302 3785 sumus.
1343 3723 1452 3780 Nos
1493 3739 1642 3789 vero,
1675 3720 1985 3792 licetquasi
2023 3735 2262 3776 excursu
2319 3718 2558 3790 quodam
2606 3736 2634 3774 a
2681 3723 2965 3793 proposito
3033 3740 3286 3781 sermone
3327 3725 3694 3796 digredientes
3735 3729 3851 3784 haec
3909 3729 4116 3784 dixisse

859 3827 1167 3889 videamur,
1186 3833 1366 3876 tamen
1397 3828 1653 3890 tanquam
1677 3815 1932 3872 instituto
1953 3825 2142 3870 nostro
2165 3813 2318 3869 utilia
2345 3813 2435 3868 hic
2474 3815 2782 3871 retulimus.

1475 3935 1629 3991 CAP.
1662 3932 1802 3988 VIII.

1061 4055 1144 4109 Ex
1183 4052 1463 4107 Athanasii
1497 4050 1823 4120 apologatico
1855 4048 1918 4102 de
1950 4046 2078 4117 fuga
2111 4062 2233 4101 sua.

934 4235 1136 4291 Eodem
1159 4243 1400 4302 tempore
1429 4229 1764 4285 Athanasius
1804 4228 2005 4282 librum
2035 4224 2434 4298 apologeticum

3150 3939 3394 3993 ΚΕΦΑΛ.
3433 3940 3516 3995 Η’.

2497 4102 2501 4106 .
2557 4052 2652 4107 Ἐκ
2698 4049 2802 4104 τοῦ
2849 4051 3308 4124 Ἄπολογητικοιξ
3363 4052 3718 4124 Ἀθανασίου
3747 4094 3763 4120 ,
3816 4056 3949 4124 περὶ
4003 4055 4114 4124 τῆς

3095 4121 3310 4177 ἑαυτοῦ
3347 4121 3564 4193 φυγῆς.

2624 4215 2937 4278 Ἀθανάσιος
2965 4214 3021 4267 δὲ
3055 4214 3147 4268 καὶ
3177 4214 3266 4267 τὸν
3302 4214 3430 4284 περὶ
3459 4216 3557 4286 τῆς
3595 4217 3772 4288 φυγῆς
3794 4217 4114 4288 ἀπολογητι-

859 4343 1021 4400 quem
1062 4341 1162 4397 pro
1188 4325 1326 4395 fuga:
1356 4338 1470 4378 suae
1495 4321 1817 4378 delensione
1837 4316 2162 4390 jamdudum
2209 4331 2435 4387 compo-
2539 4307 2634 4362 κὸν

2335 4331 2435 4387 ρο-
2539 4307 2634 4362 κὸν
2657 4307 2814 4376 λόγον
2843 4307 3009 4361 πάλαι
3041 4306 3414 4377 πεπονημένον
3441 4306 3608 4377 αὐτῷ,
3640 4309 3732 4362 ἐπὶ
3761 4309 3869 4362 τῶν
3914 4309 4115 4382 παρόν·-

862 4428 1068 4484 sueral,
1102 4432 1293 4472 coram
1330 4414 1694 4469 familiaribus
1741 4411 2018 4467 recitavit.
2061 4409 2138 4464 Ex
2173 4425 2284 4480 quo
2317 4409 2434 4463 loca
2541 4418 2642 4454 των

2337 4423 2434 4463 oca
2541 4418 2648 4454 των
2681 4400 2801 4453 τότε
2828 4398 3120 4470 διεξῆλθεν.
3147 4394 3221 4455 Οὐ
3254 4399 3393 4472 μέρη
3414 4401 3480 4453 τὰ
3512 4401 3757 4472 χρήσιμα
3785 4401 3880 4454 καὶ
3909 4403 4112 4470 ἐπωφε-

861 4509 1111 4582 quasdam
1145 4522 1266 4578 quae
1299 4506 1454 4560 utilia
1491 4503 1626 4559 mibi
1650 4501 1905 4558 videntur
1934 4515 1998 4556 ac
2021 4498 2438 4565 fructuosa,hic
2543 4494 2631 4564 λῆ,

2346 4498 2438 4553 hic
2543 4494 2631 4564 λῆ,
2671 4492 2903 4547 ἐνταῦθα
2932 4492 3320 4564 προσγράφων,
3345 4493 3436 4546 τὸν
3467 4493 3584 4546 ὅλον
3617 4492 3774 4560 λόγον
3794 4492 4111 4565 πολύστιχον

2026 4672 2302 4730 VALESII
2341 4668 2904 4726 ANNOTATIONES.

932 4809 1043 4878 (ιέ)
1076 4810 1140 4860 Οὶ
1183 4807 1294 4878 τὴν
1329 4800 1697 4870 Ἑλληνικὴν
1725 4797 1859 4867 παρ’
1897 4796 2153 4878 Ἔέέηξζι
2185 4793 2428 4878 σοφίαν.
2463 4797 2509 4856 D
2538 4791 2701 4878 habet
2730 4810 2743 4844 :
2778 4788 3086 4878 Ka‘t‘ditkog
3257 4787 3494 4878 ἐνπεθῳΙ
3527 4789 3703 4878 τρύγα
3743 4786 3927 4878 φησίνἶ
3984 4784 4112 4856 Epi-

862 4863 1198 4933 Alierutrum
1239 4863 1332 4929 ‘bic
1395 4863 1938 4942 supervacuum'est.
1984 4865 2050 4917 Et
2088 4863 2429 4942 Nicephorus

863 4950 1082 5017 quidem
1119 4962 1241 5001 cum
1275 4948 1431 5017 hunc
1463 4935 1660 5017 'locum
1707 4937 2062 5017 ascriberet,
2110 4935 2296 5014 omisit
2331 4935 2430 5004 τὴν

873 5005 1213 5090 Ἑλληνικήν.
1256 5014 1605 5090 Epiphanius
1638 5017 1840 5090 _autcm
1889 5005 2262 5090 scholasticus
2309 5019 2429 5058 eam

864 5077 1033 5143 solani
1073 5077 1329 5151 retinuit,
1362 5077 1580 5152 rejectis
1621 5079 1834 5135 duabus
1879 5077 2000 5131 aliis
2029 5089 2151 5144 quae
2188 5089 2433 5144 sequun-

865 5169 971 5212 lttr.

933 5229 1042 5298 (45)
1084 5223 1396 5298 Εἰρηναῖος
1594 5223 1626 5275 ὀ
1668 5215 2109 5298 ,γραμματικός-ε
2174 5215 2429 5298 .Irenae'us

865 5284 1266 5354 Grammaticus
1299 5284 1398 5348 fuit
1441 5284 1863 5356 Alexandrinus,
1915 5284 2428 5356 lIeliodori_Metrici

863 5368 1183 5436 discipulus.
1202 5367 1306 5436 qui
1341 5365 1531 5436 Latino
1557 5361 1832 5436 vocabulo
1852 5354 2148 5436 '_Mi_nuci_us
2195 5354 2428 5410 Pacatus

863 5427 1164 5494 dicebatur.
1197 5427 1296 5489 Hic
1326 5434 1526 5488 multos
1557 5431 1725 5486 libros
1751 5432 1818 5485 de
1848 5429 2038 5484 Atticae
2074 5427 2280 5496 lingth
2301 5440 2427 5494 pro-

863 5493 1095 5578 prietatc
1151 5500 1745 5578 conscripseratalfiam
1781 5496 2060 5578 ςᾼττικῷν
2095 5493 2406 5577 ρὖμάτων

863 5568 976 5633 ires
997 5577 1217 5646 scripsit
1245 5568 1486 5636 libros,et
1501 5572 1723 5646 totidem
1746 5570 1886 5646 alios
1906 5571 1973 5624 de
1997 5568 2175 5646 Attica
2199 5580 2436 5646 consue-

2539 4861 2774 4932 phanius
2820 4868 3000 4932 autem
3055 4857 3627 4932 ScbOlastieus'hune
3678 4859 3855 4932 locum
3893 4857 3966 4909 ita
3993 4873 4115 4909 ver-

2538 4928 2641 4985 tit:
2696 4929 2848 4999 Apud
2909 4928 3259 4984 Menandrum
3306 4945 3422 4984 vero
3469 4929 3627 4982 veluti
3674 4929 3826 4996 [ωεστ
3873 4941 3988 4999 quq:
4049 4942 4114 4979 ex

2537 5003 2655 5055 vino
2685 4996 3007 5070 colliguntur
3029 5000 3082 5070 in
3112 5001 3274 5065 dolio,
3308 5001 3626 5064 ὑπόστασιν,
3650 4999 3702 5052 id
3723 5006 3798 5051 est
3825 4996 4116 5048 subsisten—

2541 5074 2671 5124 tiam
2727 5068 3000 5142 designare
3039 5068 3186 5124 dicit.
3224 5070 3335 5140 Ego
3379 5083 3507 5124 vero
3532 5070 3696 5142 alium
3727 5083 3863 5142 esse
3889 5080 4111 5142 sensum

2540 5143 2796 5197 existimo
2840 5135 3042 5194 borum
3091 5135 3400 5202 verborum,
3447 5146 3507 5191 ut
3553 5139 3760 5192 scilicet
3821 5135 4115 5189 Menander

2542 5212 2949 5266 condimentum
2991 5212 3198 5265 vocarit
3235 5210 3548 5270 ὑπόστασιν,
3577 5225 3644 5263 eo
3673 5210 3817 5277 quod
3862 5205 4114 5261 subsidat

2537 5283 2592 5336 in
2627 5281 2793 5336 fundo
2826 5281 3046 5350 patinae,
3079 5280 3403 5350 perindeac
3435 5279 3535 5333 faex
3571 5279 3824 5350 in_tlo|i9_.

2607 5353 2718 5421 (45)
2748 5343 2938 5404 Οὐδὲν
2957 5343 3142 5404 sum
3163 5349 3269 5418 τῆς
3295 5349 3466 5418 ἁγίας
3497 5343 4114 5421 ΤριάδρςηΝἱοερΙιοτιιε

2536 5414 2683 5477 hunc
2702 5414 2916 5488 Evagrii
2946 5423 3124 5474 locum
3146 5414 3354 5484 citans,
3373 5414 3558 5473 vocem
3588 5417 3739 5488 addit
3769 5417 3872 5471 hoc
3905 5414 4068 5468 modo
4094 5432 4106 5467 :

2536 5494 2584 5545 εἰ
2612 5493 2762 5546 οὐδὲν
2785 5487 2862 5554 δέ,
2899 5500 3006 5545 etc.
3045 5493 3212 5560 Itarut
3243 5497 3365 5560 post
3397 5503 3587 5560 vocem
3611 5487 3846 5560 ἄρρητον
3877 5491 4114 5560 ponatur

2540 5563 2718 5618 ﬁualis
2756 5563 3058 5617 distinctio.
3113 5554 3274 5616 Certe
3326 5561 3378 5612 in
3439 5554 3697 5613 editione
3735 5554 3954 5611 Robcrti
3990 5554 4112 5608 Ste-

867 5627 1428 5702 iuliaﬁé'iﬁ'dieﬁone'
1445 5627 1500 5698 et
1530 5643 1583 5697 in
1621 5641 1896 5710 prosodia.
1936 5642 2028 5709 qui
2065 5653 2159 5710 per
2189 5636 2440 5691 ordinem
2544 5635 2732 5710 pbani,
2779 5641 2904 5702 post
2953 5646 3144 5710 vocem
3195 5629 3378 5710 λαϐεῖν
3427 5627 4119 5710 subdistinctioduntaxat

866 5720 1169 5772 litterarum
1191 5723 1348 5769 erant
1369 5714 1606 5768 contexti
1630 5727 1643 5764 :
1673 5712 1741 5766 de
1766 5711 2052 5766 Atticismo
2081 5709 2209 5763 item
2246 5721 2438 5768 unum,

871 5797 925 5841 u'
959 5788 1123 5840 refert
1159 5785 1361 5840 Suidas
1390 5784 1448 5838 in
1485 5782 1705 5836 Lexico.

2545 5695 2794 5774 apposita
2828 5710 2931 5774 est.
2967 5701 3304 5772 Epiphanius
3344 5710 3527 5754 tamen
3571 5698 3947 5774 Scltolastieus
3983 5695 4119 5774 “vnl-

2544 5763 2722 5844 gaiam
2758 5763 3047 5844 lectionem
3072 5763 3282 5844 tuetur,
3318 5781 3370 5826 et
3397 5776 3520 5838 post
3549 5784 3734 5823 vocem
3766 5766 3950 5844 λαθεῖν
3979 5763 4118 5844 lina:

945 5834 1824 5926 ("tii‘hé'éz’j'zicfzé’rbz'nunc
1867 5850 2047 5926 locum
2106 5848 2264 5926 aliter
2317 5846 2445 5924 legit
2545 5834 2650 5899 ient
2695 5860 2723 5897 a

2337 5846 2445 5924 egit
2545 5834 2650 5899 iem
2695 5844 2916 5912 apponit
2975 5834 3412 5907 distinctionem,
3471 5854 3630 5911 quem
3673 5853 3774 5894 nos
3823 5837 3911 5892 hic
3945 5834 4117 5891 secuti

874 5918 1230 5999 Plit-ephorus.
1292 5918 1396 5980 Pro
1461 5918 1544 5980 bis
1611 5924 1757 5978 enim
1814 5937 1935 5993 quae
1993 5919 2311 5986 citavimus,
2368 5918 2445 5972 sic
2551 5930 2761 5972 Sumus.
