4508 6588
371 471 473 527 397

1320 462 1648 522 msromA
1688 420 2246 519 seetrsmsrica.
2280 494 2349 506 -
2384 463 2514 522 UB.
2548 464 2637 522 ιιι.

3525 465 3629 521 sos
3680 447 3683 451 ’

371 584 516 646 ὄντα,
542 582 724 655 ζητεῖν
756 582 849 636 καὶ
873 577 1261 648 ἀναγινώσκειν
1291 581 1401 641 τοῖς
1431 577 1734 645 φιλοπόνοις
1761 575 1955 645 ἀνῆκα.
1988 584 2032 641 Α
2065 593 2151 648 ap]

1846 577 1955 645 ᾒκα.
1988 584 2032 641 Α
2065 592 2367 648 apponam:
2406 577 2680 649 integrum
2716 584 2898 634 autent
2934 577 3129 633 librum
3152 616 3167 643 ,
3204 578 3331 649 quia
3363 576 3626 645 molirier

386 675 518 729 Ἰδοὺ
560 674 735 728 ταῦτα
775 674 801 713 ι·
840 673 947 729 τῶν
1002 671 1213 727 ἀσεϐῶν
1263 670 1333 724 τὰ
1378 669 1719 740 τολμήματα.
1774 666 1959 721 Ταῦτα

372 770 626 840 δρῶντες,
662 769 757 822 καὶ
804 768 878 839 μὴ
906 766 1262 839 ἐντραπέντες
1306 765 1389 833 ἐφ’
1415 758 1496 828 οἷς
1542 763 1808 834 πρότερον
1839 748 1959 815 καθ’

376 860 531 929 ἡμῶν
583 860 979 929 ἐτυράννευσαν
1021 856 1135 927 (46)
1172 859 1359 919 κακοῖς
1388 895 1403 920 ,
1432 854 1513 907 ἔτι
1549 853 1643 907 καὶ
1691 853 1786 907 νῦν
1828 869 1960 906 κατ·

375 952 662 1024 ηγοροῦσιν
701 953 955 1021 ἐκφυγεῖν
985 949 1303 1021 δυνηθέντας
1340 946 1521 1001 αὐτῶν
1565 945 1667 1008 τὰς
1711 944 1961 1017 ἀνδροφό-

376 1061 497 1107 νους
526 1045 740 1114 χεῖρας·
783 1040 980 1111 μᾶλλον
1007 1039 1062 1092 δὲ
1086 1038 1364 1110 ὀδύρονται
1390 1035 1623 1106 πικρῶς,
1645 1038 1727 1090 ὃτι
1761 1035 1834 1105 μὴ
1867 1035 1959 1087 καὶ

379 1135 621 1189 ἐκποδὼν
655 1133 836 1187 τέλεον
861 1133 1211 1201 πεποιήκασι.
1243 1131 1353 1185 Καὶ
1380 1130 1566 1185 λοιπὸν
1593 1128 1958 1202 προφασίζον-

379 1243 468 1281 ται
488 1226 687 1279 δειλίαν
713 1222 1077 1287 ὀνειδίζοντες,
1096 1220 1412 1291 ἀγνοοῦντες
1439 1223 1519 1274 ὅτι
1546 1220 1811 1275 καὶτοῦτο
1832 1236 1959 1289 γογ-

376 1319 652 1387 γύζοντες,
694 1317 772 1380 εξς
801 1316 1027 1378 ἑαυτοὺς
1053 1314 1438 1385 ἐπιστρέφουσι
1461 1315 1663 1385 μᾶλλον
1688 1314 1785 1384 τὴν
1819 1314 1959 1383 μέμ-

377 1412 489 1479 ψιν.
526 1408 588 1460 Εἰ
630 1406 737 1477 γὰρ
790 1405 991 1476 φαῦλον
1029 1404 1091 1457 τὸ
1148 1403 1402 1474 φεύγειν,
1446 1404 1623 1475 πολλῷ
1674 1406 1855 1475 χεῖρον
1898 1401 1959 1455 τὺ

376 1500 611 1553 διώκειν.
653 1500 711 1551 '0
739 1500 835 1567 μὲν
858 1496 988 1568 γὰρ,
1022 1497 1108 1549 ἵνα
1139 1496 1213 1567 μὴ
1246 1496 1509 1566 ἀποθάνῃ,
1538 1495 1838 1566 κρύπτεται
1877 1512 1889 1526 ·
1929 1497 1957 1548 ὁ

377 1593 453 1653 δὲ,
488 1592 673 1646 διώκει
734 1591 912 1660 ζητῶν
970 1592 1310 1643 ἀποκτεῖναι.
1349 1590 1458 1643 Καὶ
1486 1589 1545 1641 τὸ
1598 1588 1697 1659 μὲν
1735 1587 1956 1658 φεύγειν

377 1684 686 1755 γέγραπται
719 1699 731 1713 ·
769 1684 796 1734 ὁ
822 1683 879 1735 δὲ
927 1680 1102 1750 ζητῶν
1144 1680 1453 1751 ἀναιρῆσαι,
1501 1679 1829 1750 παραϐαίνει
1866 1679 1956 1731 τὸν

377 1773 561 1845 νόμον,
610 1774 702 1826 καὶ
753 1771 950 1843 μᾶλλον
982 1770 1143 1833 αὐτὸς
1163 1769 1261 1840 τὴν
1303 1768 1573 1839 πρόφασιν
1606 1768 1699 1822 τοῦ
1734 1766 1956 1837 φεύγειν

380 1866 625 1938 παρέχει.
646 1864 818 1933 Εἴπερ
846 1860 938 1916 οὖν
965 1862 1063 1933 τὴν
1092 1860 1269 1931 φυγὴν
1298 1860 1666 1925 ὀνειδίζουσιν,
1696 1860 1954 1930 ἑντρεπέ-

2060 677 2167 733 est,
2199 668 2463 725 studiosis
2503 668 2897 739 inquirendum
2942 683 3006 725 ac
3045 669 3426 738 perlegendum
3462 667 3626 723 relin-

2059 776 2191 832 quo.
2231 760 2356 817 llaac
2391 772 2541 828 sunt,
2576 762 2796 832 inquit,
2848 763 3140 833 impiorum
3177 762 3456 817 hominum
3494 760 3628 815 faci-

2062 868 2221 907 nora.
2259 852 2364 907 ista
2405 868 2531 907 cum
2575 860 2759 921 agant,
2790 865 2892 907 nec
2938 854 3266 909 erubescant
3294 853 3363 907 ob
3386 868 3447 908 ea
3484 851 3627 905 mala

2059 959 2179 1015 qua]
2199 952 2389 1000 contra
2433 960 2533 1001 nos
2574 956 2730 1000 antea
2770 944 3066 999 machinati
3098 952 3266 1009 sunt,
3309 958 3453 998 nunc
3486 958 3628 1013 pra:-

2062 1046 2213 1093 terea
2244 1048 2530 1104 accusant,
2557 1038 2703 1109 quod
2729 1047 2986 1094 cruentas
3008 1039 3251 1107 ipsorum
3278 1051 3473 1093 manus
3494 1035 3629 1091 etfu-

2059 1144 2186 1197 gere
2214 1130 2512 1187 valuimus:
2548 1132 2656 1186 imo
2673 1132 2854 1201 potius
2878 1131 3105 1185 moleste
3133 1130 3314 1185 ferunt
3359 1127 3502 1199 quod
3530 1142 3628 1183 nos

2058 1235 2089 1275 c
2139 1220 2316 1275 medio
2370 1235 2475 1276 non
2520 1222 2863 1277 sustulerint.
2914 1220 3158 1291 Denique
3194 1237 3333 1275 vana
3377 1220 3629 1291 quaedam

2059 1321 2440 1383 praetexentes,
2472 1316 2739 1387 ignaviam
2774 1316 2932 1371 nobis
2961 1314 3311 1384 exprobrant,
3342 1311 3518 1383 ignari
3546 1324 3627 1372 se,

2058 1408 2186 1459 dum
2228 1405 2333 1460 ista
2368 1408 2641 1477 garriunt,
2682 1408 2890 1461 crimen
2926 1408 2979 1460 in
3025 1407 3238 1475 seipsos
3283 1412 3625 1473 retorquere.

2059 1496 2193 1550 Nam
2229 1497 2273 1552 si
2304 1499 2505 1552 malum
2538 1507 2622 1554 est
2654 1498 2866 1569 fugere,
2916 1499 3089 1552 multo
3129 1497 3283 1566 pejus
3315 1502 3401 1551 est
3444 1508 3630 1564 perse-

2057 1592 2171 1659 qui.
2210 1587 2305 1644 Ille
2338 1592 2483 1646 enim
2517 1591 2671 1645 abdit
2695 1607 2756 1646 se
2779 1591 2934 1661 181
2970 1605 3037 1643 ne
3062 1590 3374 1644 occidatur:
3405 1588 3494 1641 hic
3516 1602 3631 1657 per-

2057 1683 2305 1751 sequitur
2354 1692 2414 1736 ut
2470 1682 2708 1738 occidat.
2765 1681 2830 1736 Et
2873 1682 3190 1752 fugiendum
3246 1680 3467 1750 quidem
3508 1693 3632 1735 esse

2059 1771 2345 1841 Scri'ptura
2377 1773 2554 1826 docet.
2586 1773 2687 1839 Qui
2717 1780 2898 1827 autem
2922 1772 3274 1842 persequitur
3302 1778 3362 1825 ut
3388 1771 3627 1833 occidat,

2058 1865 2229 1935 legem
2264 1866 2447 1927 violat,
2481 1874 2536 1920 et
2573 1864 2811 1935 fugiendi
2853 1880 3077 1920 causam
3100 1868 3214 1935 ipse
3248 1865 3373 1920 aliis
3403 1864 3627 1935 praebet.

378 1974 557 2011 τωσαν
592 1956 751 2008 πλέον
781 1954 1005 2017 ἑαυτοὺς
1033 1954 1082 2006 οἱ
1113 1954 1397 2016 διώκοντες
1416 1969 1430 1984 ·
1454 1952 1811 2008 παυέσθωσαν
1835 1954 1951 2005 ἐπι-ι
1986 1947 2028 2003 Β
2060 1956 2117 2011 Si
2151 1977 2158 2007 ι

1848 1955 1951 2005 ἑπι-
1986 1947 2028 2003 Β
2060 1956 2117 2011 Si
2151 1972 2282 2028 ergo
2312 1956 2495 2027 fugam
2538 1957 2897 2027 exprobrant,
2938 1956 3265 2011 erubescant
3305 1958 3485 2024 potius
3524 1956 3628 2027 ipsi

378 2046 740 2109 ϐουλεύοντες,
779 2046 871 2099 καὶ
925 2044 1190 2099 παύονται
1220 2045 1314 2098 καὶ
1345 2045 1391 2097 ei
1438 2044 1727 2113 φεύγοντες
1775 2042 1956 2106 εὐθύς.

391 2139 549 2194 Ἀλλὰ
581 2140 682 2210 τῆς
713 2139 808 2210 μὲν
846 2137 981 2201 ἰδίας
1026 2137 1286 2208 πονηρίας
1333 2137 1393 2189 ού
1428 2136 1726 2191 παύονται*
1758 2134 1850 2189 τοῦ
1903 2134 1960 2188 δὲ

382 2229 711 2286 καταϐαλεῖν
743 2232 759 2271 i
806 2230 987 2293 ἓνεκα,
1034 2229 1212 2283 πάντα
1249 2229 1577 2299 πράττουσιν
1600 2246 1613 2258 ·
1650 2229 1849 2293 εἰδότες
1878 2230 1959 2281 ὅτι

380 2323 487 2377 τῶν
536 2321 881 2393 διωκομένων
915 2323 949 2391 ἡ
990 2318 1157 2390 φυγὴ,
1191 2320 1365 2390 μέγας
1421 2319 1639 2390 ἔλεγχός
1672 2321 1787 2371 ἐστι
1820 2318 1961 2372 κατὰ

380 2415 487 2468 τῶν
509 2415 827 2469 διωκόντων.
865 2414 1050 2475 Οὐδεὶς
1077 2412 1185 2482 γὰρ
1218 2413 1307 2467 τὸν
1337 2414 1510 2480 πρᾶον
1532 2412 1625 2465 καὶ
1658 2411 1962 2481 φιλάνθρω-

383 2524 481 2560 πον
512 2506 723 2575 φεύγει,
744 2504 876 2559 ἀλλά
900 2503 1100 2575 μᾶλλον
1121 2503 1211 2556 τὸν
1230 2503 1422 2573 ἄγριον
1451 2506 1541 2556 καὶ
1576 2504 1808 2575 πονηρὸν
1834 2503 1961 2557 ὄντα

382 2585 725 2669 τὸθ“τρόπον.
760 2598 874 2660 Πᾶς
932 2594 1039 2666 γὰρ
1074 2594 1374 2657 κατώδυνος
1402 2595 1496 2648 καὶ⁹
1523 2595 1823 2666 ὑπόχρεως,
1855 2594 1962 2647 ἀπὸ

386 2692 483 2761 μὲν
513 2690 606 2743 τοῦ
641 2689 812 2744 Σαοὺλ
844 2688 1060 2756 ἔφευγε,
1096 2687 1232 2758 πρὸς
1253 2686 1310 2740 δὲ
1341 2686 1431 2740 τὸν
1453 2687 1615 2740 Δαϐὶδ
1639 2687 1957 2756 κατέφευγε.

383 2783 639 2839 Διατοῦτο
670 2786 764 2838 καὶ
793 2778 935 2838 οὗτοι
964 2784 1089 2847 τοὺς
1117 2782 1525 2854 κρυπτομένους
1550 2782 1731 2845 αὐτοῖς
1755 2792 1767 2830 ι
1803 2783 1959 2836 ἀναι-

386 2881 496 2950 ρεῖν
514 2875 923 2940 σπουδάζουσιν,
938 2874 1077 2946 ὑπὲρ
1096 2874 1188 2927 τοῦ
1209 2874 1282 2945 μὴ
1300 2873 1473 2927 δοκεῖν
1491 2872 1631 2943 ἔχειν
1648 2873 1741 2943 τῆς
1758 2873 1961 2926 ἑαυτῶν

386 2968 647 3039 πονηρίας
681 2967 772 3020 τὸν
810 2966 1048 3036 ἔλεγχον.
1105 2965 1263 3019 Ἀλλὰ
1297 2965 1390 3017 καὶ
1423 2968 1480 3017 ἑν
1509 2963 1681 3034 τούτῳ
1719 2963 1964 3017 δοκοῦσιν

384 3062 709 3121 τυφλώττειν
730 3060 781 3114 οἱ
819 3057 1181 3130 πλανώμενοι.
1212 3057 1361 3127 Ὀσῳ
1381 3057 1487 3126 γὰρ
1514 3058 1547 3126 ὴ
1581 3055 1724 3126 φυγὴ
1760 3054 1960 3125 πρόδη.

385 3153 495 3217 λος,
515 3151 753 3222 τοσούτῳ
799 3144 1017 3219 πλέονή
1068 3149 1125 3215 ἐξ
1164 3147 1451 3218 ἐπιϐουλῆς
1488 3147 1780 3216 γιγνομένη
1836 3144 1963 3215 παρ’

387 3244 566 3297 αὐτῶν
616 3243 894 3313 ἀναίρεσις
929 3241 1022 3294 καὶ
1061 3240 1265 3310 ἐξορῖα,
1296 3240 1705 3310 προφανεστέρα
1738 3238 1964 3307 γενήσε-

387 3352 496 3389 ται.
533 3337 632 3388 Ἂν
655 3351 712 3387 τε
741 3333 846 3403 γὰρ
880 3331 1335 3394 ἀποκτείνωσιν,ὁ
1366 3330 1590 3393 Θάνατος
1621 3329 1802 3399 μεῖζον
1834 3329 1963 3398 ἠχήο
1991 3306 2031 3361 C

390 3444 475 3480 σει
509 3429 626 3480 κατ’
649 3426 847 3479 αὐτῶν.
882 3425 981 3476 Ἀν
1026 3439 1085 3474 τε
1134 3422 1295 3475 πάλιν
1348 3421 1652 3490 ἐξορίσωσι,
1688 3416 1962 3487 πανταχοῦ

391 3518 510 3572 καθ’
541 3516 748 3570 ἑαυτῶν
800 3515 952 3569 αὐτοὶ
987 3515 1229 3584 μνημεῖα
1256 3514 1353 3582 τῆς
1406 3510 1750 3582 παρανομίας
1774 3510 1965 3576 ἐξαπο-

392 3609 717 3662 στέλλουσιν.
762 3607 820 3658 Ei
856 3606 953 3676 μὲν
985 3600 1077 3658 οὖν
1118 3603 1318 3666 ἔσωζον
1344 3603 1443 3665 τὰς
1495 3602 1716 3674 φρένας,
1741 3602 1964 3655 ἔϐλεπον

392 3705 615 3765 ἑαυτοὺς
646 3702 703 3751 ἐν
746 3699 953 3760 τούτοις
1006 3696 1416 3766 συνεχομένους,
1454 3697 1547 3746 καὶ
1604 3697 1712 3757 τοῖς
1758 3693 1966 3746 ἑαυτῶν

394 3793 835 3863 προσκόπτοντας
871 3790 1167 3859 λογισμοῖς.
1211 3787 1426 3857 Ἐπειδὴ
1448 3787 1504 3839 δὲ
1540 3787 1633 3839 καὶ
1662 3786 1721 3838 τὸ
1757 3803 1967 3856 σωφρο-

394 3887 505 3937 νεῖν
533 3879 1098 3945 ἀπώλεσαν,διατοῦτο
1127 3878 1219 3932 καὶ
1244 3878 1526 3941 διώκοντες
1549 3878 1852 3946 ἐξάγονται,
1874 3878 1967 3931 καὶ

395 3978 681 4047 ζητοῦντες
714 3976 943 4039 ἀνελεῖν,
968 3975 1064 4044 οὐχ
1092 3973 1286 4042 ὁρῶσιν
1332 3971 1537 4024 ἑαυτῶν
1567 3971 1662 4041 τὴν
1690 3970 1964 4025 ἀσέϐειαν.

396 4071 458 4121 Εἰ
490 4068 598 4137 γάρ
637 4067 934 4137 λοιδοροῦσι
976 4067 1103 4128 τοὺς
1142 4063 1544 4135 κρυπτομένους
1574 4063 1682 4115 ἀπὸ
1732 4062 1840 4114 τῶν
1874 4062 1969 4133 ζηο

393 4160 629 4212 τούντων
670 4158 911 4220 ἀνελεῖν,
954 4157 1047 4209 καὶ
1101 4152 1439 4207 διαϐάλλουσι
1491 4154 1617 4215 τοὺς
1673 4150 1971 4220 φεύγοντας

397 4248 505 4302 ἀπὸ
535 4246 643 4300 τῶν
686 4247 1010 4311 διωκόντων,
1040 4246 1091 4298 τί
1143 4245 1455 4315 ποιήσουσιν
1484 4242 1716 4312 ὁρῶντες
1744 4244 1834 4295 τὸν
1872 4242 1970 4312 μὲν

410 4338 605 4393 Ἰακὼϐ
628 4339 897 4409 φεύγοντα
922 4338 1014 4391 τὸν
1043 4336 1268 4404 ἀδελφὸν
1310 4332 1455 4387 Ἰσαῦ
1475 4350 1489 4363 θ
1531 4335 1621 4387 τὸν
1647 4334 1704 4386 δὲ
1736 4336 1972 4404 Μωϋσῆν

398 4436 480 4497 εἰς
500 4432 711 4487 Μαδιάν
742 4428 1127 4502 ἀναχωροῦντα
1173 4428 1259 4481 διὰ
1300 4427 1389 4481 τὸν
1414 4427 1579 4497 φόϐον
1610 4426 1704 4480 τοῦ
1733 4426 1963 4497 dumb;

400 4526 444 4577 Τ
451 4526 466 4578 ί
496 4526 551 4579 δὲ
584 4523 806 4578 τοιαῦτα
845 4522 1206 4594 φλυαροῦντες
1244 4521 1674 4590 ἀπολογήσονται
1704 4519 1780 4590 τῷ
1811 4518 1973 4572 Δαϐἰδ

2059 2049 2153 2119 qui
2190 2055 2616 2118 persequuntur.
2646 2047 2874 2103 Cessent
2896 2048 2963 2102 ab
2990 2046 3224 2114 insidiis,
3256 2054 3312 2102 et
3338 2047 3523 2101 statim
3555 2045 3632 2098 fu-

2060 2155 2185 2209 gere
2218 2140 2490 2195 desistent
2532 2140 2588 2193 hi
2628 2140 2721 2210 qui
2764 2138 3001 2211 fugiunt.
3033 2137 3233 2194 Verum
3289 2138 3368 2193 illi
3410 2136 3633 2193 malitia:

2059 2234 2278 2304 quidem
2310 2248 2423 2289 suae
2452 2234 2664 2287 nullum
2695 2232 2857 2287 ﬁnem
2886 2230 3115 2287 faciunt.
3154 2230 3223 2287 Ut.
3255 2241 3437 2287 autem
3484 2246 3633 2286 com-

2062 2325 2432 2397 prehendant,
2470 2323 2655 2379 omnia
2697 2324 3033 2379 moliuntur:
3069 2324 3268 2395 quippe
3316 2324 3422 2394 qui
3462 2324 3635 2394 probe

2060 2418 2266 2483 sciant,
2301 2417 2482 2486 fugam
2517 2431 2708 2471 eorum
2737 2430 2874 2485 quos
2916 2424 3340 2486 persequuntur,
3370 2416 3633 2485 gravissi-

2061 2528 2207 2567 mum
2253 2512 2513 2581 probrum
2546 2508 2739 2565 afferre
2770 2509 3243 2579 persequentibus.
3288 2508 3457 2563 Nemo
3487 2508 3633 2562 enim

2062 2615 2405 2659 mansuetum
2453 2601 2730 2656 hominem
2781 2615 2846 2656 ac
2884 2601 3177 2670 benignum
3228 2600 3383 2671 fugit,
3417 2600 3514 2655 sed
3557 2598 3635 2655 fe-

2063 2713 2245 2752 rocem
2272 2705 2325 2751 et
2347 2696 2666 2766 malignum.
2695 2694 2874 2765 Atque
2900 2694 3133 2757 idcirco,
3156 2702 3426 2764 quotquot
3452 2692 3635 2748 mmsti

2062 2799 2217 2845 erant
2253 2799 2305 2844 et
2342 2804 2450 2851 aere
2482 2789 2665 2843 alieno
2714 2790 2987 2858 oppressi,
3022 2801 3052 2839 a
3099 2786 3262 2841 Saule
3298 2785 3517 2855 quidem
3550 2784 3633 2839 fu-

2063 2882 2319 2952 giebant;
2337 2880 2405 2935 ad
2434 2880 2691 2934 Davidem
2733 2889 2911 2934 autem
2943 2894 3003 2934 se
3031 2878 3403 2932 conferebant.
3434 2875 3637 2943 Quam-

2063 2978 2248 3029 obrem
2295 2974 2385 3027 isti
2439 2988 2534 3029 eos
2580 2972 2672 3043 qui
2734 2987 2792 3027 se
2849 2973 3131 3027 occultant
3187 2970 3493 3026 interficere
3555 2971 3636 3024 ni-

2065 3070 2277 3122 tuntur,
2306 3079 2375 3118 ne
2410 3062 2521 3116 sint
2564 3062 2655 3130 qui
2710 3061 3114 3130 improbitatem
3152 3062 3395 3130 ipsorum
3422 3061 3639 3132 possint

2066 3154 2417 3209 convincere.
2444 3152 2642 3207 Verum
2670 3168 2793 3207 cum
2818 3152 3023 3222 ubique
3056 3148 3365 3218 caecuti'ant,
3390 3152 3479 3208 hic
3510 3168 3640 3223 quo-

2068 3260 2175 3316 que
2204 3245 2459 3300 obcaecati
2494 3244 2627 3297 mihi
2660 3244 2935 3299 videntur.
2980 3244 3196 3308 Quanto
3231 3245 3375 3298 enim
3409 3244 3639 3299 manife-

2066 3340 2201 3394 stior
2224 3346 2308 3394 est
2344 3336 2494 3406 fuga,
2533 3345 2686 3391 tanto
2720 3336 2891 3406 magis
2926 3339 3104 3392 caedes
3144 3351 3239 3406 per
3276 3335 3508 3392 insidias
3552 3350 3641 3390 eo-

2066 3445 2185 3485 rum
2214 3436 2467 3499 patratm,
2502 3438 2556 3482 et
2603 3427 2796 3483 exsilia
2847 3427 3139 3482 manifesta
3185 3428 3442 3482 omnibus
3486 3426 3635 3482 fient.

2067 3522 2201 3576 Nam
2226 3524 2340 3578 sive
2364 3520 2687 3583 occiderint,
2717 3535 2865 3575 mors
2897 3530 3091 3575 contra
3123 3520 3273 3591 ipsos
3296 3521 3498 3576 clarius
3525 3535 3644 3590 per-

2068 3613 2321 3675 sonabit;
2363 3612 2476 3667 sive
2506 3616 2559 3666 in
2600 3612 2853 3666 exsilium
2882 3611 3151 3677 miserint,
3193 3611 3483 3681 iniustitia:
3526 3628 3640 3666 sua:

2069 3698 2420 3760 monumenta
2470 3714 2661 3759 contra
2706 3704 2918 3773 seipsos
2945 3703 3145 3773 ubique
3179 3712 3448 3758 statuunt.
3483 3700 3639 3769 Quod

2070 3798 2114 3852 si
2146 3810 2277 3852 sana
2309 3809 2488 3850 mente
2522 3795 2729 3865 praediti
2755 3801 2961 3857 essent,
2983 3809 3103 3850 sese
3142 3795 3195 3848 in
3227 3794 3314 3849 his
3341 3795 3639 3865 constringi

2070 3888 2341 3949 viderent,
2371 3895 2423 3941 et
2464 3888 2517 3942 in
2550 3887 2666 3942 suis
2708 3886 2957 3940 consiliis
2996 3884 3320 3955 impingere.
3364 3885 3470 3940 Sed
3501 3903 3643 3956 quo-

2073 3982 2218 4035 niam
2252 3988 2433 4036 mentc
2463 3980 2606 4049 capti
2637 3980 2874 4043 sunt,ob
2900 3993 3017 4032 eam
3051 3993 3272 4032 causam
3300 3978 3439 4033 alios
3466 3993 3647 4063 perse-

2071 4072 2292 4142 quendo
2335 4071 2435 4140 ipsi
2484 4077 2809 4139 raptantur;
2853 4078 2907 4122 et
2947 4067 3077 4121 dum
3111 4069 3249 4123 alios
3292 4077 3546 4138 quaarunt
3579 4068 3647 4120 ad

2073 4178 2284 4225 necem,
2326 4176 2482 4216 suam
2524 4161 2627 4230 ipsi
2673 4160 2999 4229 impietatem
3036 4175 3144 4213 non
3177 4159 3379 4214 vident.
3426 4158 3564 4212 Nam
3598 4161 3643 4213 si

2075 4254 2385 4327 vituperant
2410 4268 2506 4308 eos
2535 4251 2627 4322 qui
2659 4266 2799 4315 sese,
2819 4251 2948 4304 dum
2983 4251 3049 4305 ad
3082 4266 3269 4306 necem
3301 4262 3644 4320 quieruntur,

2073 4348 2374 4410 occultant,
2409 4354 2463 4400 et
2494 4344 2908 4398 calumniantur
2939 4357 3034 4397 eos
3066 4343 3160 4411 qui
3190 4344 3364 4396 vitant
3392 4358 3647 4413 persecu-

2076 4448 2257 4491 tores:
2288 4434 2417 4505 quid
2440 4476 2453 4497 ,
2482 4447 2668 4503 quaeso
2688 4474 2703 4497 ,
2743 4431 2939 4485 facturi
2972 4439 3100 4487 sunt
3130 4446 3253 4486 cum
3291 4432 3531 4495 viderint
3564 4430 3648 4486 Ja-

2074 4526 2269 4580 cobum
2297 4524 2518 4594 quidem
2543 4522 2836 4593 fugientem
2864 4520 3085 4574 fratrem
3111 4536 3270 4575 suum
3298 4521 3474 4577 Esau:
3500 4522 3649 4591 Moy-

402 4619 656 4684 φεύγοντι
710 4616 800 4668 τὸν
838 4614 1030 4676 Σαοὺλ,
1062 4611 1169 4664 ἀπὸ
1222 4612 1320 4682 τῆς
1374 4611 1551 4674 οἰκίας
1581 4610 1973 4663 ἀποστείλαντα
2007 4642 2049 4697 D
2079 4632 2182 4672 εριτ

1868 4627 1973 4663 ιντα
2007 4642 2049 4697 D
2079 4632 2193 4672 sem
2235 4631 2364 4671 vero
2399 4625 2544 4670 metu
2572 4612 2876 4669 Pharaonis
2916 4612 2981 4666 ad
3013 4611 3432 4667 Madianitarum
3474 4615 3648 4684 regio-

403 4709 562 4762 αὑτὸν
592 4707 943 4778 ἀναιρεθῆναι
974 4706 1109 4775 (47),
1141 4705 1233 4758 καὶ
1287 4704 1645 4775 κρυπτομένῳ
1694 4705 1794 4775 μὲν
1826 4702 1975 4773 αὐτῷ

2084 4724 2204 4763 nem
2253 4723 2312 4762 se
2354 4708 2751 4778 recipientem?
2790 4707 2930 4773 Quid
2974 4715 3154 4759 autem
3184 4706 3390 4773 garruli
3432 4706 3523 4760 isti
3565 4721 3650 4761 re-

1571 4838 1837 4893 VALESII
1879 4839 2438 4897 ANNOT.\TIONES.

486 4941 598 5009 (46)
624 4944 759 4995 Καθ’
783 4940 951 5010 ἡμῶν
974 4941 1440 5008 ἑτυράννευσαν.
1457 4937 1563 5010 ξοίε
1589 4937 1754 5010 etiam
1784 4938 1980 5007 legitur

413 5016 465 5066 iu
520 5008 853 5067 editionihus
898 5011 1203 5073 Athanasii,
1248 5026 1369 5079 pag.
1414 5008 1533 5062 705.
1575 5009 1752 5079 Malim
1796 5017 1977 5062 tamen

412 5084 654 5137 scribere
687 5082 1002 5151 ἐτύρευσαν,
1049 5077 1518 5151 quemmluiodutu
1551 5079 1676 5151 legit
1710 5077 1979 5151 Nicepho-

412 5170 523 5207 rus.
582 5153 689 5206 Nec
728 5148 885 5205 aliter
920 5148 1439 5221 legit‘lﬁpiphanius
1487 5148 1885 5221 Scholasticus,
1924 5159 1982 5201 ut

411 5241 475 5277 ex
525 5222 777 5276 vei-sione
822 5224 940 5289 ejus
984 5220 1228 5290 apparet.
1284 5221 1375 5272 Sic
1420 5220 1564 5273 enim
1620 5220 1821 5290 vertit:
1874 5221 1980 5272 Nec

410 5292 763 5346 erubescentes
788 5288 1306 5361 iniquibus‘printum
1334 5300 1517 5344 contra
1549 5306 1642 5341 uos
1682 5288 1824 5342 mala
1858 5300 1979 5342 sunt

414 5362 724 5415 machinati.

2146 4940 2257 5009 (47)
2286 4941 2923 4996 Ἁποστείλαντιαὺτὸν
2937 4943 3334 5011 ἀναιρεθῆναι.
3357 4938 3657 4995 Emendavi

2077 5011 2492 5083 ἀποστείλαντα,
2572 5021 2627 5064 ιιι
2687 5013 2885 5081 legitur
2947 5016 3090 5083 apud
3155 5013 3546 5083 Nicephorum.
3594 5011 3652 5083 lu

2078 5082 2381 5136 Athanasio
2433 5090 2609 5134 tamen
2678 5080 2913 5149 legitur:
2950 5080 3081 5136 Ὅτε
3122 5080 3437 5137 ἀπέστειλεν
3490 5080 3653 5133 αὑτὸν

2079 5151 2428 5236 ἀναιρεθῆναι
2450 5154 2585 5230 ’.καὶ
2608 5152 2967 5237 κρυπτομένῳ
2996 5154 3093 5223 μὲν
3115 5155 3307 5206 ἑαυτὸν
3328 5154 3385 5203 ὲν
3406 5150 3483 5219 τῷ
3518 5167 3657 5218 σπηι

2079 5220 2216 5291 λαίῳ
2242 5239 2254 5251 ’
2290 5220 2590 5294 ἀλλοιοῦντι
2646 5220 2722 5283 δέ,
2765 5220 2869 5275 etc.
2918 5220 3021 5278 Sed
3058 5226 3328 5294 vulgatam
3366 5222 3653 5294 lectionem

2085 5299 2268 5414 ιιιριιιιθ
2313 5291 2669 5360 Epiphanius,
2712 5294 2815 5347 nisi
2855 5295 2996 5362 quod
3044 5290 3266 5363 ἐπὶτὴν
3297 5293 3472 5345 οἰκίαν
3509 5290 3658 5343 vide-

2085 5369 2174 5414 tur
2242 5365 2438 5414 egisse.

2084 5369 2174 5414 tur
2224 5365 2438 5432 legisse.

1827 5468 2215 5527 νΑιιιυιιυιι..

493 5568 523 5608 δ
568 5570 719 5623 Ἰδοὺ
753 5569 957 5622 ταῦτα.
1014 5566 1135 5623 Haec
1195 5568 1464 5621 habentur
1518 5565 1660 5636 apud
1718 5566 1979 5636 Athanas.

420 5641 523 5695 vol.
562 5638 601 5704 l,
755 5639 860 5693 524
913 5640 1049 5695 edit.
1102 5639 1402 5701 Benedict.;
1459 5635 1694 5706 etapud
1752 5635 1978 5707 Niceph.

421 5711 513 5763 lib.
545 5727 596 5763 χ.
628 5726 657 5763 c
695 5725 747 5763 ι).
780 5711 865 5763 lli.

442 5726 513 5822 mi
545 5725 955 5834 xkggaﬁézv.
1002 5778 1156 5847 Apud
1194 5780 1452 5831 Atlianas.
1500 5777 1695 5847 legitur
1744 5777 1983 5831 καταϐα-

420 5850 553 5913 λεῖν,
595 5850 738 5920 quod
778 5851 982 5904 rectius
1012 5846 1250 5913 videtur;
1301 5860 1353 5901 et
1402 5846 1580 5920 moxg
1608 5848 1707 5920 οὐκ
1758 5846 1976 5920 εἰδότες.

426 5918 821 5976 Τοιιιιιίιιιιιιιιιι
860 5921 1149 5991 pericopen
1184 5922 1263 5976 sic
1304 5926 1522 5974 vertunt
1552 5918 1775 5973 doctiss.
1807 5919 1980 5973 edito-

2088 5584 2177 5622 res
2218 5587 2230 5622 :
2275 5566 2428 5642 {Vi/ii!
2457 5579 2593 5623 certe
2638 5587 2739 5625 non
2770 5582 2932 5642 agunt
2968 5582 3024 5623 ut
3058 5588 3149 5624 uos
3199 5569 3658 5642 comprehendam,

2091 5656 2189 5715 non
2224 5638 2547 5693 advertentes
2574 5643 2750 5712 fugam
2781 5638 2959 5696 eorum
2988 5644 3077 5711 qui
3107 5638 3515 5710 persecutionem
3566 5656 3661 5703 pu-

2090 5720 2314 5775 tmntur,
2355 5728 2698 5781 permagnum
2746 5730 2861 5767 esse
2899 5715 2951 5765 in
3000 5722 3352 5779 persecutores
3383 5725 3663 5779 argumen-

2089 5788 2218 5831 tum.

2158 5865 2175 5929 ,ι
2212 5850 2357 5915 Τοὺς
2380 5851 2825 5929 κρρςττομένρυς
2858 5854 3080 5929 αὐτοῖς.
3112 5853 3379 5929 Athenas.
3417 5850 3542 5922 legit
3565 5848 3663 5902 α)-

2088 5923 2232 5983 τού;”
2262 5938 2381 5975 mox
2443 5924 2527 5976 ἀεὶ
2565 5923 2921 5995 πλανώμενοι,
2957 5925 3275 5998 elegantius.
