4508 6588
818 450 926 506 399

2267 449 2608 509 SOCRATIS

3981 453 4087 507 600

820 566 1075 636 sponsuri
1122 574 1249 621 sunt
1272 565 1490 633 Davidi,
1534 569 1624 640 qui
1660 569 1795 644 fugit
1826 570 2044 627 Saulem
2075 611 2089 635 ,
2127 587 2250 626 cum
2304 573 2391 626 ille
2422 579 2467 632 Α
2496 571 2553 620 ἐν
2577 585 2600 620 τ

2304 573 2391 626 ille
2422 579 2467 632 Α
2496 571 2553 620 ἐν
2577 567 2654 637 τῷ
2683 567 2948 636 σπηλαίῳ,
2982 560 3078 618 καὶ
3112 557 3405 621 ἀλλοιοῦντι
3443 570 3502 622 τὸ
3541 571 3832 642 πρόσωπον
3868 573 4083 640 ἑαυτοῦ,

820 661 1416 726 percussoresedomo
1463 677 1561 716 sua
1599 663 1950 720 submisisset
2000 665 2065 718 ad
2111 665 2288 734 ipsum
2319 665 2393 718 in.

821 749 1219 816 terlicieudum,
1241 761 1296 805 et
1320 767 1380 807 se
1405 753 1626 821 quidem
1656 755 1868 810 abdidit
1894 756 1947 810 in
1978 757 2259 824 spelunca,
2277 757 2394 809 vul-

821 849 936 894 tum
983 850 1164 896 autem
1211 859 1369 898 suum
1415 844 1757 909 immutavit,
1805 846 1986 916 quoad
2037 846 2393 917 prazteriisset

819 933 1158 995 Abimeleeh,
1179 941 1233 986 et
1259 933 1489 989 insidias
1518 937 1818 992 evitasset?
1855 940 1963 991 Aut
1990 938 2122 1008 quid
2155 937 2268 999 isti,
2297 937 2392 1006 qui

822 1032 1023 1078 temere
1061 1024 1278 1094 quidvis
1307 1025 1580 1092 ellutiunt,
1610 1027 1811 1081 dicturi
1845 1037 1974 1082 sunt
1999 1043 2124 1081 cum
2153 1028 2394 1082 viderint

818 1128 1076 1183 magnum
1121 1115 1274 1169 illum
1307 1115 1499 1182 Eliam,
1527 1118 1619 1187 qui
1647 1117 1817 1173 Deum
1845 1119 2138 1174 invocabat
2163 1126 2216 1174 et
2248 1134 2395 1172 mor-

817 1211 970 1257 tuum
1005 1208 1341 1270 suscitabat,
1384 1217 1528 1262 metu
1564 1208 1771 1263 Achabi
1823 1224 1944 1265 sese
1985 1210 2289 1274 occultare,
2339 1217 2393 1263 ct

817 1301 888 1354 ob
910 1300 1088 1355 minas
1108 1297 1327 1354 Jezabel
1354 1299 1535 1371 fugam
1562 1303 1842 1372 arripere?
1869 1301 1988 1368 Quo
2009 1302 2227 1372 quidem
2262 1315 2395 1357 tem-

817 1403 949 1458 pore
999 1389 1165 1444 etiam
1204 1389 1301 1443 lilii
1343 1391 1734 1461 prophetarum
1775 1393 1867 1460 qui
1907 1394 2291 1462 quaerebantur
2324 1392 2392 1447 ad

817 1496 1030 1541 necem,
1052 1482 1461 1538 absconderunt
1488 1500 1568 1547 se,
1597 1485 1651 1538 in
1681 1485 1957 1554 speluncis
1993 1487 2226 1541 latentes
2248 1486 2392 1556 apud
2422 1539 2428 1546 ,

816 1573 1070 1626 Abdiam.
1105 1573 1188 1626 An
1236 1574 1340 1628 ista
1372 1573 1592 1644 quidem
1639 1583 1897 1644 tanquam
1941 1582 2124 1629 vetera
2169 1577 2394 1632 minime

819 1664 1106 1732 legerunt?
1152 1663 1356 1718 Eorum
1394 1681 1523 1719 vero
1560 1681 1684 1735 quat
1709 1674 1837 1720 sunt
1869 1667 1922 1720 in
1963 1665 2256 1736 Evangelio
2283 1684 2393 1721 non

818 1759 1211 1815 meminerunt.
1229 1757 1364 1814 Nam
1388 1771 1445 1815 et
1465 1760 1722 1828 discipuli
1749 1767 1893 1814 metu
1910 1759 2246 1830 Iudaeorum,
2267 1761 2393 1830 luga

818 1856 873 1901 et
905 1847 1132 1903 latebris
1161 1849 1390 1903 salutem
1427 1850 1532 1904 sibi
1559 1849 1932 1919 quesierunt;
1971 1851 2129 1920 182
2167 1859 2220 1904 et
2252 1852 2394 1903 Pau-

821 1941 906 1993 lus
935 1941 989 1993 in
1021 1940 1152 1994 urbe
1187 1939 1451 1994 Damnsco
1482 1955 1606 1994 cum
1631 1941 1698 1994 ab
1722 1941 2024 1994 elhttarcha
2057 1942 2394 2010 perquirere-

821 2038 932 2092 tur,
963 2029 1031 2084 de
1057 2045 1216 2084 muro
1242 2031 1296 2084 in
1328 2041 1516 2100 sporta
1547 2031 1842 2094 demissus,
1876 2034 2170 2101 quan'entis
2197 2048 2394 2089 manus

818 2112 1028 2185 effugit.
1062 2115 1198 2168 Cum
1228 2115 1392 2186 igitur
1418 2130 1575 2171 sacra
1619 2114 1901 2186 Scriptura
1936 2116 2002 2170 de
2042 2117 2252 2171 sanctis
2287 2117 2392 2170 ista

818 2217 1231 2275 commemoret,
1263 2225 1426 2279 quatit
1458 2212 1870 2264 excusationem
1915 2209 2238 2264 temeritatis
2281 2222 2394 2262 sua:

820 2301 1164 2356 comminisci
1211 2302 1512 2372 poterunt?
1540 2299 1684 2355 'Nant
1720 2303 1764 2355 si
1801 2299 2148 2354 timiditatem
2196 2314 2395 2369 expro-

822 2395 1005 2458 brant,
1039 2404 1230 2450 contra
1277 2395 1490 2464 seipsos
1538 2401 1796 2463 tanquam
1847 2393 2026 2448 insani
2073 2394 2389 2461 loquuntur.

823 2488 921 2542 Sin
965 2498 1157 2543 contra
1207 2487 1300 2542 Dei
1349 2488 1680 2541 voluntatem
1729 2487 1783 2540 id
1813 2487 1939 2540 illos
1967 2485 2145 2541 facere
2183 2487 2395 2540 calum-

822 2585 1065 2644 niantur,
1089 2595 1313 2651 prorsus
1333 2579 1503 2650 ignari
1526 2588 1946 2633 suntsacrarmn
1965 2577 2312 2632 Litterarum.
2335 2575 2393 2630 In

822 2674 941 2742 lege
972 2673 1115 2726 enim
1140 2672 1456 2725 mandatum
1477 2678 1615 2734 erat,
1639 2677 1696 2723 nt
1717 2670 1964 2723 civitates
1994 2669 2395 2722 constitueren-

821 2772 912 2816 tur
959 2759 1216 2830 perl‘ugii,
1265 2775 1374 2829 quo
1404 2760 1614 2814 scilicet
1657 2758 1691 2812 ii
1737 2759 1831 2828 qui
1883 2759 1950 2812 ad
2001 2773 2190 2812 necem
2240 2771 2393 2827 qua:-

820 2852 1106 2914 rebantur,
1140 2864 1361 2919 quoquo
1397 2849 1560 2903 modo
1599 2857 1822 2918 possent
1857 2847 2086 2902 evadere
2112 2848 2176 2900 ‘°.
2203 2846 2258 2899 ln
2289 2847 2395 2900 line

822 2953 1002 2998 autem
1027 2941 1374 3006 saeculorum,
1397 2955 1520 2994 cum
1544 2941 1662 3010 ipse
1686 2939 1864 2994 Patris
1887 2938 2077 2994 Sermo
2099 2939 2190 3008 qui
2221 2937 2394 3007 Moysi

821 3045 949 3092 ante
993 3037 1210 3090 locutus
1238 3033 1434 3099 fuerat,
1468 3035 1708 3090 venisset
1742 3033 1796 3086 in
1831 3043 2028 3093 terras,
2063 3048 2256 3086 rursus
2289 3031 2394 3086 hoc

819 3128 1137 3184 mandatum
1161 3128 1334 3192 dedit,
1368 3127 1590 3181 dicens:
1619 3125 1752 3180 Cum
1783 3125 2040 3193 persecuti
2061 3142 2146 3178 vos
2173 3124 2390 3193 fuerint,

782 3253 786 3257 -
820 3238 886 3276 ea;
922 3221 1020 3274 hac
1046 3220 1254 3274 civitate
1303 3219 1465 3288 fugite
1503 3218 1556 3271 in
1597 3217 1786 3271 aliam.
1821 3216 1885 3272 Et
1915 3219 2197 3287 aliquanto
2232 3225 2388 3286 post:
2420 3251 2462 3309 Ο

822 3312 956 3368 Cum
986 3329 1108 3383 ergo
1147 3313 1386 3366 videritis
1432 3311 1876 3366 abominationem
1904 3310 2248 3365 desolationis
2277 3327 2394 3380 qua:

821 3405 1078 3474 pradicta
1121 3413 1198 3458 est
1243 3419 1276 3456 a
1327 3402 1544 3456 Dauiele
1577 3402 1850 3472 propheta,
1889 3414 2119 3456 stantem
2173 3404 2229 3456 in
2282 3402 2394 3455 loco

823 3503 1008 3547 sancto
1033 3533 1046 3555 ,
1071 3493 1160 3561 qui
1190 3491 1334 3561 legit,
1360 3490 1654 3559 intelligat:
1691 3501 1815 3544 tunc
1839 3491 1929 3559 qui
1953 3492 2005 3543 in
2034 3489 2228 3544 Judwa
2247 3499 2394 3555 sunt,

824 3581 1029 3650 fugiant
1077 3579 1145 3632 ad
1193 3587 1410 3631 montes.
1445 3577 1549 3642 Qui
1579 3579 1635 3629 in
1669 3587 1800 3630 tecto
1841 3587 1918 3630 est
1943 3621 1957 3643 ,
1992 3594 2054 3630 ne
2092 3578 2395 3642 descendat,

823 3680 883 3722 ut
913 3669 1064 3721 tollat
1098 3667 1300 3736 aliquid
1339 3667 1402 3720 de
1443 3666 1598 3719 domo
1627 3683 1758 3729 sua;
1790 3667 1880 3735 qui
1911 3677 1988 3720 est
2032 3668 2086 3720 in
2120 3684 2268 3736 agro,
2295 3684 2399 3720 non

825 3767 1119 3810 revertatur
1141 3766 1198 3808 ut
1231 3755 1385 3809 tollat
1416 3755 1719 3809 vestimenta
1747 3771 1845 3808 sua
1877 3755 1945 3809 ⁶¹.
1980 3753 2115 3808 Cum
2151 3757 2264 3809 ιιωυ
2289 3755 2400 3808 sci-

825 3859 950 3904 rent
987 3850 1187 3913 sancti,
1216 3847 1552 3917 ‘IIlljUSﬂlOdl
1584 3849 1796 3904 vivendi
1833 3849 2100 3902 rationem
2137 3849 2397 3903 inierunt.

827 3942 1045 3996 Etenim
1085 3958 1204 4012 quae
1239 3952 1367 3995 tunc
1419 3943 1677 4012 prsccepit
1726 3941 2010 4004 Dominus.
2047 3950 2171 3997 ante
2202 3958 2401 4012 corpo-

827 4036 1000 4089 ralem
1031 4035 1374 4104 prazsentiam
1401 4049 1553 4090 suam
1583 4034 1695 4102 jam
1729 4035 1943 4089 locutus
1975 4034 2157 4089 fuerat
2191 4036 2242 4089 in
2275 4051 2403 4089 san-

829 4127 956 4180 ctis.
1005 4125 1069 4178 Et
1118 4126 1232 4179 haec
1277 4136 1361 4180 est
1413 4125 1683 4180 universis
1729 4125 2044 4180 hominibus
2093 4127 2299 4196 regula,
2335 4124 2402 4179 ad

829 4217 1226 4288 perfectionem
1263 4218 1504 4273 ducens:
1536 4228 1596 4273 ut
1627 4220 1838 4274 scilicet
1865 4219 2231 4288 quodcunque
2262 4218 2403 4273 Dens

831 4310 1192 4380 praeceperit,
1241 4309 1376 4364 illud
1429 4311 1716 4367 faciamus.
1753 4310 1905 4365 lianc
1936 4313 2006 4366 ob
2035 4328 2256 4366 causam
2289 4313 2406 4382 ipse

830 4401 930 4456 Dei
961 4401 1156 4457 Sermo
1187 4411 1410 4472 prepter
1442 4417 1544 4458 nos
1575 4403 1736 4457 homo
1782 4403 1980 4466 factus,
2015 4419 2140 4457 cum
2189 4419 2406 4472 quaere-

831 4506 1005 4558 retur,
1034 4495 1260 4564 perinde
1286 4509 1349 4549 ac
1380 4510 1498 4562 nos,
1531 4497 1814 4551 occultare
1843 4513 1902 4552 se
1931 4497 2189 4567 dignatus
2219 4503 2328 4558 est,
2351 4504 2407 4551 et

2495 657 2600 717 ἓως
2635 651 2696 710 οὗ
2734 655 2980 727 παρέλθῃ
3015 654 3107 707 τὸν
3145 653 3427 729 ’Λϐιμέλεχ
3461 658 3508 723 ίε,
3539 661 3634 713 καὶ
3663 663 3763 733 τὴν
3792 663 4084 735 ἐπιϐουλὴν

2495 746 2718 816 ὲκκλίνῃ
2746 763 2759 810 ;
2785 747 2848 798 Τί
2870 746 2996 797 δ’ἃν
3026 743 3232 798 εἴποιεν
3261 751 3308 800 οἱ
3336 749 3511 802 πάντα
3541 749 3792 818 λέγοντες
3818 753 4082 823 εὐχερῶς,

2492 838 2585 889 τὸν
2621 837 2793 907 μέγαν
2856 838 3043 890 Ἰἰλίαν
3077 837 3312 902 ὁρῶντες
3334 879 3348 902 ,
3381 841 3810 912 ἐπικαλούμενον
3864 846 3964 914 μὲν
3995 847 4086 897 τὸν

2493 926 2646 986 Θεὸν,
2675 926 2767 978 καὶ
2813 926 3004 994 νεκρὸν
3029 927 3340 998 ἐγείραντα,
3365 932 3742 1002 κρυπτόμενον
3775 933 3831 986 δὲ
3870 935 3957 988 διὰ
3993 937 4084 988 τὸν

2508 1017 2743 1088 Ἀχαὰμ,
2766 1017 2862 1070 καὶ
2891 1017 3162 1084 φεύγοντα
3185 1019 3274 1072 διὰ
3299 1020 3398 1082 τὰς
3424 1022 3651 1086 ἀπειλὰς
3677 1025 3775 1094 τῆς
3801 1024 4039 1088 Ἰεζάϐελ
4063 1043 4078 1089 ;

2494 1110 2627 1162 Τότε
2668 1107 2777 1176 γὰρ
2825 1107 3146 1178 ζητούμενοι
3195 1112 3290 1163 καὶ
3334 1113 3383 1164 οἱ
3425 1112 3530 1165 υίοὶ
3575 1115 3869 1185 προφητῶν
3915 1117 4080 1186 ἐκρύο

2493 1218 2709 1261 πτοντο,
2744 1200 3095 1264 λανθάνοντες
3129 1203 3188 1254 ἐν
3216 1205 3329 1266 τοῖς
3361 1205 3646 1273 σπηλαίοις
3676 1207 3824 1277 παρά
3849 1207 3927 1277 τῷ
3955 1208 4078 1260 Ἀθ,

2492 1293 2580 1364 δίᾳ
2603 1291 2645 1346 ι.
2681 1294 2750 1346 Ἦ
2779 1293 2986 1356 τούτοις
3021 1294 3118 1363 μὲν
3143 1295 3218 1358 ὼς
3245 1295 3494 1360 παλαιοῖς
3519 1299 3618 1351 οὐκ
3647 1299 3896 1370 ἐνέτυχον
3920 1317 3934 1365 ;
3961 1301 4080 1354 Τῶν

2491 1385 2547 1438 δέ
2577 1385 2718 1439 κατὰ
2745 1385 2806 1438 τὸ
2834 1385 3185 1453 Εὐαγγέλιον,
3217 1387 3474 1458 οὐδεμίαν
3498 1391 3717 1460 μνήμην
3747 1391 3949 1460 ἔχουσι.
3972 1393 4081 1446 Καὶ

2492 1479 2603 1550 γὰρ
2650 1479 2746 1532 καὶ
2777 1479 2827 1530 οί
2869 1477 3107 1548 μαθηταὶ
3150 1479 3240 1532 διὰ
3287 1480 3378 1533 τὸν
3424 1482 3585 1549 φόϐον
3640 1485 3749 1536 τῶν
3789 1485 4076 1548 Ἰουδαίων,

2491 1569 2802 1640 ἀνεχώρουν
2855 1571 3252 1640 κρυπτόμενοι·
3284 1572 3379 1624 καὶ
3409 1575 3437 1624 6
3467 1575 3672 1638 Παῦλος
3713 1578 3770 1628 ἐν
3801 1577 4080 1648 Δαμασκῷ

2495 1660 2645 1731 παρὰ
2683 1659 2778 1713 τοῦ
2823 1659 3090 1731 ἐθνάρχου
3121 1661 3470 1732 ζητούμενος,
3502 1665 3608 1717 ἀπὸ
3646 1665 3739 1717 τοῦ
3772 1669 3982 1736 τείχους
4021 1669 4081 1720 ἐν

2494 1751 2743 1824 σαργάνῃ
2771 1752 3126 1821 κεχάλασται,
3157 1754 3252 1805 καὶ
3283 1753 3508 1821 ἐξέφυγε
3543 1755 3637 1807 τοῦ
3668 1755 3959 1826 ζητοῦντος
3980 1760 4080 1821 τὰς

2493 1844 2701 1912 χεῖρας.
2733 1841 2844 1911 Τῆς
2875 1843 3054 1895 τοίνυν
3101 1844 3325 1914 Γραφῆς
3365 1844 3590 1898 τοιαῦτα
3635 1847 3902 1918 λεγούσης
3950 1850 4078 1918 περὶ

2427 1915 2467 1974 Β
2493 1932 2605 1985 τῶν
2633 1933 2828 2000 ἁγίων,
2859 1934 3018 1986 ποίαν
3051 1934 3158 2004 ἄρα
3207 1935 3480 2006 πρόφασιν
3503 1937 3602 2006 τῆς
3631 1939 3840 1991 ἑαυτῶν
3869 1957 4078 2010 προπε-

2490 2024 2641 2088 τείας
2677 2024 2914 2096 ἐξευρεῖν
2943 2026 3259 2097 δυνήσονται
3279 2045 3294 2092 ;
3313 2029 3410 2079 "Av
3435 2045 3493 2079 τε
3521 2029 3630 2100 γὰρ
3647 2029 3848 2084 δειλίαν
3888 2031 4080 2084 ὀνειδί-

2494 2130 2648 2180 σωσι,
2677 2117 2796 2168 κατ’
2831 2115 3011 2168 αὐτῶν
3043 2117 3118 2180 ώς
3153 2119 3496 2187 μαινομένων
3532 2122 3593 2173 τὸ
3645 2120 3924 2192 τόλμημα.
3961 2123 4077 2176 Κᾶν

2491 2218 2550 2254 τε
2574 2201 2647 2265 ὡς
2675 2203 2828 2274 παρὰ
2875 2204 2936 2258 τὸ
2967 2205 3214 2274 βούλημα
3263 2206 3354 2259 τοῦ
3385 2207 3519 2259 Θεοῦ
3550 2209 3835 2272 ποιοῦντας
3879 2211 4078 2274 αὐτοὺς

2492 2289 2885 2356 διαϐάλλουσιν,
2907 2295 3007 2347 οὐκ
3034 2295 3234 2357 εἰδότες
3267 2298 3372 2348 εἰσὶ
3403 2298 3679 2361 παντελῶς
3703 2299 3796 2361 τὰς
3833 2301 4075 2368 Γραφάς.

2506 2385 2594 2436 Ἐν
2623 2385 2720 2454 μὲν
2754 2385 2862 2456 γάρ
2892 2386 2971 2456 τῷ
3003 2389 3174 2457 νόμῳ,
3215 2389 3511 2460 πρόσταξις
3554 2386 3622 2460 ἦν
3653 2392 3954 2461 ἐκταγῆναι
3982 2392 4077 2444 καὶ

2493 2475 2678 2536 πόλεις
2721 2479 3204 2550 φυγαδευτηρίους,
3233 2481 3372 2552 ὑπὲρ
3414 2481 3508 2533 τοῦ
3541 2484 3667 2545 τοὺς
3709 2483 4080 2553 ζητουμένους

2493 2569 2574 2631 εἰς
2601 2570 2852 2634 Θάνατον,
2881 2571 3029 2634 ὅπως
3049 2571 3248 2640 δήποτε
3269 2573 3522 2626 δύνασθαι
3543 2574 3924 2639 διασώζεσθαι.
3955 2577 4078 2628 Ἐπὶ

2493 2660 2551 2713 δὲ
2576 2663 2856 2732 συντελείᾳ
2881 2663 2990 2716 τῶν
3028 2663 3238 2717 αἰώνων
3271 2667 3714 2736 παραγενόμενος
3744 2668 3923 2731 αὐτὸς,
3948 2669 3976 2719 6
4001 2667 4079 2738 τῷ

2494 2753 2704 2823 Μωῦσῇ
2735 2753 2976 2824 λαλήσας
3008 2756 3180 2822 Λόγος
3231 2755 3326 2808 τοῦ
3376 2758 3619 2828 Πατρὺς.
3655 2758 3816 2811 πάλιν
3857 2759 4080 2830 ἐντολὴν

2492 2843 2697 2913 ταύτην
2719 2845 2899 2897 δίδωσι
2927 2845 3098 2912 λέγων
3122 2863 3133 2875 ·
3165 2848 3348 2899 Ὅταν
3377 2847 3446 2899 δὲ
3488 2847 3783 2902 διώκωσιν
3808 2847 3985 2917 ὑμᾶς,
4011 2850 4080 2902 ἐκ

2494 2935 2604 3003 τῆς
2629 2938 2860 3003 πόλεως
2891 2939 3109 3003 ταύτης
3154 2941 3403 3008 φεύγετε
3441 2943 3529 3004 είς
3566 2941 3681 3007 τὴν
3713 2941 3942 3008 ἑτέραν.
3970 2941 4086 3010 Καὶ.

2497 3028 2612 3098 μετ’
2645 3029 2799 3097 ὀλίγα
2841 3030 3039 3100 φησίν·
3066 3030 3250 3083 Ὅταν
3299 3027 3412 3085 οὖν
3462 3033 3626 3100 ἴδητε
3672 3033 3737 3085 τὸ
3765 3033 4080 3102 βδέλυγμα

2494 3117 2605 3186 τῆς
2633 3118 2982 3187 ἐρημώσεως
3011 3118 3076 3172 τὸ
3099 3119 3290 3187 ῥηθὲν
3332 3121 3428 3175 διὰ
3456 3122 3679 3190 Δανιὴλ
3715 3123 3817 3176 τοῦ
3849 3122 4080 3191 προφή-

2494 3225 2621 3272 του,
2652 3207 2841 3273 ἑστὼς
2866 3208 2933 3260 ἐν
2957 3209 3114 3272 τόπῳ
3138 3211 3282 3279 ἁγίῳ
3297 3226 3308 3238 ·
3333 3213 3366 3264 ὁ
3401 3211 3828 3280 ἀναγινώσκων
3851 3216 4076 3266 νοείτω·

2496 3303 2628 3355 τότε
2652 3303 2705 3354 οι
2735 3301 2804 3353 ἐν
2827 3299 2899 3365 τῇ
2942 3301 3201 3370 Ἰουδαίᾳ
3235 3303 3620 3372 φευγέτωσαν
3646 3307 3733 3369 είς
3758 3305 3829 3359 τὰ
3857 3306 3984 3373 ὅρη.
4018 3308 4085 3359 '0

2495 3392 2595 3445 ἐπὶ
2631 3393 2736 3446 τοῦ
2759 3392 3046 3462 δώματος,
3063 3394 3149 3462 μὴ
3192 3395 3498 3459 καταϐήτω
3512 3389 3645 3463 ἆραι
3675 3398 3747 3450 τὰ
3771 3398 3838 3450 ἐκ
3862 3397 3970 3465 τῆς
3995 3401 4083 3451 ol-

2496 3485 2625 3550 κίας
2650 3484 2857 3537 αὐτοῦ’
2875 3488 2907 3538 ὁ
2931 3486 3000 3538 ἐν
3029 3483 3107 3548 τῷ
3136 3483 3294 3554 ἀκοῷ
3307 3486 3392 3555 μὴ
3414 3487 3825 3556 ἐπιστρεψάτω
3850 3482 3982 3555 ἆραι
4010 3489 4084 3542 τὰ

2499 3576 2697 3643 ἱμάτια
2724 3576 2931 3629 αὑτοῦ.
2967 3577 3154 3629 Ταῦτα
3186 3579 3294 3648 γὰρ
3320 3579 3518 3641 εἰδότες
3547 3581 3596 3630 οξ
3625 3579 3788 3645 ἅγιοι,
3824 3581 4082 3649 τοιαύτην

2500 3663 2646 3735 εἶχον
2675 3667 2775 3736 τῆς
2816 3668 3091 3730 πολιτείας
3117 3669 3361 3739 ἀγωγήν.
3397 3671 3463 3722 Ἀ
3493 3669 3600 3739 γὰρ
3625 3669 3720 3723 νῦν
3750 3671 4086 3741 προσέταξεν

2500 3760 2527 3811 6
2560 3758 2780 3828 Κύριος,
2808 3759 2980 3812 ταῦτα
3015 3761 3107 3812 καὶ
3138 3761 3244 3831 πρὸ
3269 3761 3366 3829 τῆς
3393 3762 3659 3828 ἐνσάρκου
3696 3761 4000 3831 παρουσίας
4026 3764 4086 3813 ἐν

2499 3853 2610 3914 τοῖς
2645 3852 2820 3918 ἁγίοις
2865 3851 3065 3908 ἐλάλει.
3109 3852 3216 3904 Καί
3257 3853 3404 3904 ἐστιν
3438 3846 3594 3913 οὗτος
3621 3852 3746 3923 ὅρος
3776 3851 4086 3922 ἀνθρώποις

2503 3945 2581 4017 εἰς
2616 3943 2926 4013 τελειότητα
2952 3944 3150 4014 φέρων,
3179 3943 3208 3996 6
3238 3944 3362 3997 δ’ἂν
3390 3945 3418 3996 6
3443 3944 3575 4006 Θεὸς
3607 3944 3905 4015 προστάξῃ,
3929 3943 4088 3997 τοῦτο

2502 4038 2698 4088 ποιεῖν.
2727 4036 2982 4089 Διατοῦτο
3017 4038 3108 4089 καὶ
3135 4036 3294 4099 αὐτὸς
3315 4040 3342 4090 6
3371 4039 3564 4104 Λόγος,
3590 4037 3657 4090 δι’
3687 4038 3834 4108 ἡμᾶς
3859 4037 4088 4105 γενόμε-

2502 4145 2591 4189 νος
2619 4127 2922 4196 ἄνθρωπος,
2945 4129 3246 4198 κατηξίωσε
3285 4129 3613 4200 ζητούμενος
3643 4129 3717 4192 ὡς
3761 4131 3921 4200 ἡμεῖς
3952 4146 4087 4199 κρυ-

2505 4217 2688 4287 ϐῆναι,
2714 4219 2808 4271 καὶ
2858 4220 3021 4273 πάλιν
3068 4221 3396 4289 διωκόμενος
3439 4221 3684 4289 φεύγειν,
3719 4221 3809 4274 καὶ
3841 4221 3940 4291 τὴν
3962 4223 4087 4273 ἐπι-

2506 4307 2702 4378 ϐουλὴν
2731 4309 2996 4363 ἐκκλῖναι.
3031 4309 3280 4380 Ἔπρεπε
3311 4310 3418 4380 γὰρ
3441 4310 3628 4373 αὐτὸν,
3660 4309 3735 4373 ὡς
3754 4313 3817 4363 ἐκ
3837 4309 3931 4362 τοῦ
3961 4327 4087 4362 πει-

2507 4403 2604 4470 νῇν
2631 4400 2728 4454 καὶ
2757 4399 2916 4470 διψῇν
2951 4403 3046 4454 καὶ
3065 4400 3224 4454 τοῦτο
3262 4401 3473 4465 παθεῖν,
3507 4401 3651 4455 οὕτω
3687 4403 3777 4455 καὶ
3807 4405 3871 4455 ἐκ
3895 4401 4090 4455 τούτου

2508 4492 2774 4546 δεικνύειν
2818 4494 3009 4546 ἐαυτὸν
3054 4494 3573 4564 ἐνανθρωπήσαντα.
3619 4495 3709 4558 Ἐξ
3759 4495 3935 4564 ἀρχῆς
3989 4495 4091 4564 μὲν

833 4600 957 4639 cum
991 4586 1425 4654 persecutionem
1460 4587 1657 4640 iterum
1685 4595 1983 4657 pateretur,
2017 4587 2202 4658 fugere
2232 4597 2286 4643 et
2319 4589 2404 4642 in-
2436 4595 2482 4650 ι)
2511 4582 2613 4652 ἅμα

2319 4589 2404 4642 in-
2436 4595 2482 4650 ι)
2511 4582 2628 4652 ἅμα
2673 4581 2751 4652 τῷ
2781 4582 3034 4651 γενέσθαι
3079 4583 3384 4653 ἄνθρωπος,
3427 4585 3515 4636 ὅτε
3551 4583 3758 4636 παιδίον
3799 4579 3867 4654 ἦν
3903 4585 4087 4648 αὐτὸς,

833 4677 1003 4730 sidias
1035 4676 1328 4731 declinare.
1368 4676 1602 4731 Decebat
1629 4679 1774 4732 enim
1819 4687 1900 4744 ut,
1943 4681 2407 4749 quemadmodum

831 4767 1148 4831 esuriendo,
1184 4768 1419 4823 sitiendo
1452 4778 1614 4838 atque
1645 4771 1918 4840 patiendo,
1963 4773 2043 4826 sic
2083 4775 2248 4827 etiam
2303 4773 2407 4827 ista

835 4862 1046 4913 ratione
1091 4859 1366 4913 hominem
1411 4877 1471 4916 se
1523 4862 1725 4917 factum
1757 4863 2090 4918 ostenderet.
2124 4864 2208 4918 Ab
2247 4864 2406 4918 initio

833 4949 1003 5010 enini,
1034 4947 1196 5001 simul
1237 4955 1399 5018 atque
1429 4949 1590 5004 homo
1637 4950 1815 5006 factus
1849 4951 2046 5016 fuerat,
2084 4953 2197 5022 ipse
2227 4955 2406 5006 adhuc

836 5053 969 5107 puer
1004 5054 1098 5108 per
1126 5041 1376 5108 angelum
1420 5041 1699 5096 mandavit
1737 5041 2012 5113 Joseplto:
2052 5043 2282 5113 Surgens
2318 5062 2408 5097 ar-

835 5130 950 5196 cipe
991 5144 1210 5196 puerum
1236 5146 1354 5184 cum
1383 5143 1551 5185 matre
1575 5133 1714 5202 ejus,
1745 5144 1793 5187 et
1832 5135 1950 5203 fuge
1993 5137 2047 5188 in
2090 5134 2404 5205 A‘ngptum.

835 5215 1107 5272 Futurum
1165 5230 1241 5274 est
1290 5222 1430 5274 enim
1486 5231 1544 5274 ut
1606 5221 1841 5278 Herodes
1905 5235 2109 5294 qua'rat
2172 5229 2406 5281 animam

911 5403 958 5433 “
998 5401 1168 5457 Exod.
1212 5418 1326 5465 nt,
1363 5403 1470 5469 l5;
1509 5400 1670 5459 Deut.
1700 5419 1812 5467 XIX,
1852 5405 1905 5458 5.

2511 4675 2599 4729 διὰ
2644 4675 2737 4728 τοῦ
2785 4675 3018 4744 ἀγγέλου
3070 4677 3374 4728 ἐνετείλατο
3405 4675 3480 4746 τῷ
3527 4676 3756 4746 Ἰωσὴφ,
3801 4676 4091 4745 Ἐγερθεὶς

2513 4765 2819 4834 παράλαϐε
2848 4765 2913 4818 τὸ
2939 4765 3178 4820 παιδίον
3207 4767 3304 4819 καὶ
3351 4767 3466 4833 τὴν
3494 4767 3719 4836 μητέρα
3756 4767 3962 4831 αὐτοῦ,
3992 4769 4090 4820 καὶ

2513 4857 2696 4927 φεῦγε
2732 4859 2819 4923 εις
2847 4858 3179 4926 Αιγυπτον
3209 4859 3422 4926 μέλλει
3463 4861 3572 4927 γὰρ
3614 4857 3870 4926 Ἡρώδης
3900 4858 4094 4924 ζητεῖν

2513 4951 2628 5019 τὴν
2656 4951 2867 5020 ψυχὴν
2893 4952 3000 5006 τοῦ
3021 4952 3276 5004 παιδίου.
3309 4953 3415 5005 Καὶ
3436 4952 3792 5014 ἀποθανόντος
3838 4951 3893 5004 δέ
3917 4951 4094 5021 Ἡρώο

2516 5043 2628 5106 δου,
2649 5043 2897 5111 φαίνεται
2923 5045 2989 5096 δι’
3023 5043 3309 5114 ’Λρχέλαον
3341 5046 3430 5097 τὸν
3463 5046 3576 5097 υἱὸν
3603 5043 3767 5097 αὑτοῦ
3790 5043 4092 5112 ἀναχωρῶν

2515 5139 2594 5199 είς
2636 5137 2735 5206 τὴν
2781 5137 3056 5208 Ναζαρέτ.
3098 5139 3226 5189 Ὅτε
3258 5137 3315 5189 δὲ
3358 5137 3543 5190 λοιπὸν
3585 5137 3677 5189 καὶ
3718 5136 3850 5188 Θεὸν
3904 5135 4093 5186 ἐαυτὸν

2514 5227 2770 5292 ἐδείκνυε,
2798 5228 2891 5280 καὶ
2917 5228 3014 5299 τὴν
3048 5227 3216 5298 ξηρὰν
3237 5231 3393 5299 χεῖρα
3427 5226 3724 5298 πεποίηκεν
3743 5221 3905 5292 ὑγιῆ,
3925 5223 3970 5274 οἱ
3993 5223 4091 5292 μὲν

2008 5404 2051 5435 ⁶¹
2089 5403 2280 5459 Matth.
2323 5423 2472 5472 χειν,
2505 5407 2692 5462 15-18.

2003 5557 2369 5617 VARIORUM
2417 5560 2974 5618 ANNOTATIONES.

917 5735 942 5773 ι
1006 5733 1330 5803 Ἀϐιμέλεχ.
1379 5734 1507 5808 illic
1569 5744 1797 5790 vocatur
1854 5737 2080 5808 Ἀγχοῦς
2137 5738 2191 5792 in
2254 5746 2405 5794 textu

844 5804 1233 5883 (ξιξερο-δελετεδ
1271 5807 1590 5883 §cripturae,
1615 5816 1670 5860 et
1701 5807 1866 5883 Aelii}
1898 5804 2202 5883 iit—Vulgata
2227 5809 2244 5863 1
2269 5811 2399 5883 Reg.

853 5892 962 5942 xu,
998 5877 1064 5932 15
1098 5895 1108 5930 :
1147 5877 1293 5946 quod
1324 5879 1689 5934 observarunt
1713 5880 1796 5933 Cl.
1828 5877 2192 5936 Bcnedictini.

2595 5743 2608 5780 ι
2645 5745 2808 5812 Παρὰ
2837 5743 2915 5811 τῷ
2963 5744 3179 5810 ’Δεδίςι
3218 5743 3478 5799 Athanas.
3513 5759 3524 5795 :
3567 5738 3665 5795 Διά
3706 5739 3799 5795 τοῦ
3857 5735 4091 5802 ’Λϐδιολ

2513 5813 2702 5869 At)de
2740 5831 2854 5882 0pc.
