4508 6588
869 413 982 516 ’605

2304 457 2642 516 SOCRATIS

4030 451 4137 506 40$

876 581 990 648 ejus
1015 577 1083 633 “.
1115 577 1275 635 Certe
1309 589 1602 650 antequam
1652 579 1786 635 hora
1833 579 1923 635 illa
1969 579 2240 646 veniss‘et,
2297 581 2457 635 matri
2488 594 2534 652 Α
2565 581 2656 635 [Idi

2357 581 2457 634 atri
2488 594 2534 652 Α
2565 581 2731 635 Πάλιν
2757 599 2814 637 τε
2842 582 3087 646 ἐλθόντος
3116 571 3211 632 τοῦ
3243 572 3452 656 καιροῦ,
3503 580 3654 648 ἔλεγε
3686 577 3800 640 τοῖς
3830 573 4098 647 μαθηταῖς
4121 587 4137 601 ⁸

878 672 1099 741 quidem
1133 688 1248 729 sua:
1278 672 1418 726 dixit
1452 674 1604 744 ipse:
1628 671 1881 728 Nondum
1909 675 2044 742 venit
2075 674 2207 728 hora
2237 691 2352 729 mea
2384 675 2451 728 ".

878 762 951 818 lis
979 777 1112 818 vero
1139 765 1231 833 qui
1266 761 1462 819 fratres
1493 764 1615 834 ejus
1667 765 2085 836 appellabantur
2125 785 2137 820 :
2177 765 2450 832 Nondum,

878 855 1080 924 inquit,
1127 857 1276 909 adest
1328 866 1529 920 tempus
1588 874 1780 912 nteant.
1831 856 1968 913 Cum
2018 866 2199 914 autem
2238 867 2454 928 tempus

874 943 988 1014 jam
1021 944 1357 1008 advenisset,
1390 946 1529 1001 dixit
1557 947 1847 1017 discipulis
1884 966 1897 1002 :
1938 949 2171 1003 Dormite
2223 966 2361 1004 nunc
2403 962 2452 1005 et

879 1036 1210 1105 requiescite.
1242 1035 1376 1092 Ecce
1403 1039 1536 1091 enim
1563 1040 1997 1108 appropinquavit
2027 1040 2179 1105 hora,
2203 1052 2249 1094 et
2279 1040 2453 1095 Filius

878 1127 1108 1183 hominis
1134 1129 1373 1183 tradetur
1393 1130 1446 1183 in
1471 1146 1660 1186 manus
1681 1139 2016 1201 peccatorum
2037 1131 2100 1184 “.
2135 1129 2323 1202 Neque
2351 1132 2454 1202 igi-

879 1229 974 1274 tur
1019 1209 1320 1292 antequam
1369 1231 1588 1293 tempus
1634 1225 1912 1287 venisset,
1959 1222 2351 1292 comprehendi
2393 1237 2455 1279 se

878 1311 1167 1380 permisit;
1217 1329 1396 1384 neque
1427 1329 1550 1369 cum
1583 1325 1799 1384 tempus
1826 1315 2066 1377 adesset;
2103 1330 2225 1371 sese
2264 1315 2457 1370 occul-

877 1405 1015 1459 tavit
1045 1403 1065 1459 ἐ
1095 1405 1189 1462 sed
1223 1407 1366 1462 ultro
1396 1408 1746 1478 semetipsum
1768 1408 1991 1464 tradidit
2014 1409 2456 1464 insidiatoribus.

876 1493 958 1554 Ita
1003 1497 1169 1552 etiam
1221 1499 1526 1554 beatissimi
1559 1505 1850 1572 martyres,
1885 1501 1938 1554 in
1973 1500 2451 1571 perseeutionibus

877 1603 1002 1657 qua:
1027 1589 1258 1645 subinde
1287 1591 1636 1661 ingruebant,
1668 1607 1726 1648 se
1747 1599 2068 1663 gesserunt;
2097 1599 2152 1645 et
2174 1585 2453 1662 fugiebant

2554 675 2884 730 Καθεύδετε
2905 675 3126 730 λοιπὸν
3153 676 3248 728 καὶ
3271 674 3672 730 ἀναπαύεσθε.
3710 670 3866 726 Ἰδοὺ
3892 668 4001 738 γὰρ
4033 666 4132 735 ἤγ-

2556 782 2723 835 ⁸γηικεν
2749 767 2787 833 ἡ
2816 765 2955 835 ὥρα,
2996 763 3096 820 καὶ
3138 766 3171 819 ό
3221 765 3353 831 Υἱὸς
3394 763 3500 818 τοῦ
3531 761 3845 830 ἀνθρώπου
3874 755 4138 824 παραδο-

2555 859 2802 926 θήσεται
2845 861 2932 925 εἰς
2970 858 3170 928 χεῖρας
3216 856 3599 926 ἁμαρτωλῶν.
3649 852 3786 906 Οὔτε
3817 851 3872 904 δὲ
3910 847 4016 919 πρὸ
4043 845 4138 898 τοῦ

2553 952 2645 1003 τὸν
2674 952 2864 1021 χρόνον
2902 951 3116 1014 ἐλθεῖν,
3164 952 3322 1021 ἤφιεν
3369 947 3562 1001 ἐαυτὸν
3606 943 3924 1018 κρατεῖσθαι
3951 959 3964 971 ο
4013 938 4137 992 οὔτε

2558 1043 2653 1098 τοῦ
2682 1043 2872 1114 καιροῦ
2904 1044 3190 1112 παρόντος,
3220 1040 3524 1112 ἐκρύπτετο
3548 1055 3562 1070 ο
3611 1038 3748 1092 ἀλλά
3787 1036 3881 1089 καὶ
3923 1034 4137 1088 ἔκδοτον

2559 1134 2750 1187 ἑαυτὸν
2779 1133 2948 1187 ἐδίδου
2984 1135 3094 1196 τοῖς
3131 1130 3592 1186 ἐπιϐουλεύουσιν.
3629 1127 3786 1182 Οὕτω
3817 1127 3913 1180 καὶ
3943 1127 3993 1177 ut
4031 1142 4136 1194 μα-

2561 1227 2741 1298 κάριοι
2795 1227 3104 1298 μάρτυρες,
3153 1227 3218 1279 ἐν.
3259 1227 3370 1286 τοῖς
3420 1222 3565 1277 κατά
3609 1221 3834 1292 καιροὺς
3880 1220 4135 1288 διωγμοῖς

2560 1317 2879 1388 ἐφύλαττον.
2911 1319 3021 1371 Καὶ
3057 1317 3374 1388 διωκόμενοι
3407 1317 3502 1387 μὲν
3537 1316 3784 1384 ἔφευγον,
3823 1312 3917 1365 καὶ
3942 1309 4133 1364 λανθᾶ-

2565 1425 2749 1472 νοντες
2793 1393 3165 1479 ἐκαρτέρουνλ
3207 1407 3583 1478 εὑρισκόμενοι
3627 1407 3716 1468 δέ,
3773 1402 4135 1474 ἐμαρτύρουν.

2558 1500 2794 1554 Τοιαῦτα
2831 1499 2932 1569 μὲν
2977 1495 3070 1553 οὖν
3116 1499 3431 1562 ἳΑθανὰσεος
3465 1501 3522 1551 ἐν
3550 1495 3627 1568 τῷ
3660 1493 3920 1566 περὶτῆς
3963 1491 4134 1562 φυγῆς
4218 1488 4220 1491 ’

2571 1590 2973 1662 Ἀπολογητικῷ
3003 1590 3296 1663 διεξῆλθεν.

880 1680 1097 1750 quidem
1131 1697 1256 1736 eum
1304 1684 1742 1767 persecutionem
1791 1689 2348 1753 paterentur,~atque
2401 1681 2456 1736 in
2498 1682 2724 1738 latebris
2755 1683 3221 1751 perseverabant;
3276 1681 3608 1750 deprehensi
3648 1693 3803 1743 vero,
3874 1672 4137 1747 martyrio

879 1770 1376 1842 perfungebantur.
1403 1771 1529 1826 liam
1549 1771 1618 1826 ab
1644 1771 1950 1827 Athanasio
1966 1771 2227 1826 dicuntur
2245 1771 2301 1825 in
2328 1771 2684 1840 Apologetico
2713 1786 2876 1842 quem
2895 1771 2964 1827 de
2995 1771 3121 1843 fuga
3152 1787 3251 1828 sua
3281 1771 3636 1841 conscripsit.

1409 1887 1570 1961 134
1611 1885 1762 1943 CAP.
1814 1887 1905 1942 ιχ.

883 2006 1160 2074 Quomodo
1185 2004 1440 2061 Eusebius
1466 2017 1582 2075 post
1599 2005 1856 2074 synodum
1881 2004 2295 2058 orthodoxorum
2321 2005 2459 2073 apud

949 2077 1336 2132 Alexandriam
1384 2079 1767 2144 episcoporum,
1819 2075 2150 2128 Antiochiam
2195 2092 2455 2141 reversus,

952 2164 1069 2201 cum
1113 2146 1420 2202 Catholicos
1450 2147 1564 2200 illic
1593 2146 1910 2200 dissidentes
1954 2145 2016 2198 ob
2060 2145 2280 2199 Paulini
2313 2145 2458 2199 ordi-

953 2219 1219 2272 nationem
1257 2219 1555 2285 reperisset.
1602 2233 1693 2271 nec
1723 2233 1809 2271 eos
1840 2215 1908 2269 ad
1939 2217 2277 2270 concordiam
2311 2233 2458 2270 revo-

953 2305 1076 2344 care
1097 2298 1273 2357 posset
1327 2287 1602 2341 abscessit.

952 2466 1223 2525 Eusebius
1248 2480 1378 2520 vero
1395 2463 1765 2520 Vercellensis
1790 2463 2102 2534 episcopus,
2123 2461 2309 2518 statim
2336 2474 2460 2532 post

883 2557 1153 2628 synodum
1199 2555 1532 2610 Alexandria
1588 2553 1897 2624 digressus,
1938 2553 2286 2607 Antiochiam
2339 2567 2451 2622 per-

883 2650 1044 2706 rexit.
1091 2648 1338 2718 Cumque
1380 2647 1493 2711 illic
1523 2646 1818 2702 Paulinum
1865 2645 2089 2716 quidem
2140 2661 2168 2699 a
2203 2645 2459 2701 Lucifero

883 2740 1221 2805 ordinatum,
1253 2737 1465 2808 plebem
1501 2751 1634 2792 vero
1674 2737 1817 2791 inter
1862 2751 1922 2790 se
1966 2735 2325 2791 dissidentem
2380 2749 2460 2789 re-

884 2834 1120 2903 perisset
1147 2830 1295 2902 (nam
1326 2829 1524 2884 Meletii
1553 2827 1795 2884 fautores
1825 2829 2122 2894 separatim
2155 2836 2458 2883 conventus

883 2921 1166 2993 agebant),
1201 2926 1514 2975 commotus
1543 2933 1607 2972 eo
1639 2917 1786 2987 quod
1833 2916 2172 2972 ordinationi
2223 2916 2301 2970 illi
2347 2932 2457 2971 non

883 3029 1074 3070 omnes
1103 3012 1505 3075 consentirent,
1539 3011 1681 3081 apud
1717 3026 1775 3067 se
1802 3010 2025 3080 quidem
2073 3011 2273 3063 factum
2311 3009 2459 3063 dam-

884 3106 1058 3161 navit.
1115 3103 1222 3160 Sed
1274 3105 1344 3160 ob
1385 3103 1748 3158 reverentiam
1784 3117 1908 3171 erga
1954 3100 2291 3165 Luciferum,
2339 3116 2456 3155 rem

883 3197 1241 3254 dissimulans
1270 3195 1575 3263 abscessit;
1613 3195 1890 3266 pollicitus
1913 3211 1971 3250 se
1994 3195 2047 3248 in
2072 3194 2456 3264 episcoporum

885 3288 1124 3344 concilio
1153 3295 1351 3341 cuncta
1384 3285 1828 3341 emendaturum.
1863 3287 2058 3341 Postea
2113 3295 2292 3339 tamen
2330 3298 2454 3338 cmn

887 3393 1216 3450 magnopere
1267 3379 1570 3434 laborasset
1619 3387 1679 3433 ut
1727 3386 1908 3447 partes
1953 3377 2340 3433 dissentientes
2387 3376 2453 3430 ad

3165 1884 3416 1938 ΚΕΦΑΛ.
3458 1883 3534 1937 Θ⁰.

2577 1997 2670 2061 Ὡς
2696 2000 2846 2066 μετὰ
2875 1997 2990 2064 τὴν
3016 1998 3086 2050 ἐν
3131 1998 3542 2066 Ἀλεξανδρείᾳ
3567 1997 3686 2051 τῶν
3716 1996 3782 2050 τὸ
3816 1997 4140 2064 ὀμοούσιον

2635 2068 3138 2134 πρεσϐευσάντων
3170 2069 3456 2132 σύνοδον,
3491 2069 3780 2132 Εὐσέϐιος
3823 2070 3908 2133 εἰς
3949 2069 4139 2120 Ἀντι-

2634 2139 2840 2206 όχειαν
2860 2137 3268 2206 ὑποστρέψας.
3287 2139 3392 2192 ικαὶ
3415 2138 3555 2203 τοὺς
3578 2137 3907 2207 ὁμοδόξους
3934 2136 4139 2204 διῃρη-
4159 2139 4174 2154 ‘

2628 2209 2852 2276 μένους
2881 2207 3072 2274 εὑρὼν
3114 2207 3210 2260 διὰ
3249 2207 3363 2274 τὴν
3401 2211 3704 2263 Παυλίνου
3746 2210 4137 2276 χειροτονίαν,

2635 2278 2732 2331 καὶ
2782 2278 3030 2344 τούτους
3069 2277 3286 2333 ὲνῶσαι
3331 2279 3417 2348 μὴ
3463 2279 3777 2347 δυνηθείς,
3827 2276 4137 2344 ὑπανεχώ-

2625 2363 2840 2426 ρησεν.

2629 2461 2888 2526 Εὐσέϐιος
2919 2462 2976 2516 δέ
3009 2464 3037 2516 ὁ
3068 2461 3384 2535 Βρεκέλλων
3425 2463 3753 2527 ἐπίσκοπος,
3801 2462 3961 2526 εὐθὺς
3999 2461 4135 2533 μετὰ

2557 2561 2656 2630 τὴν
2701 2561 2915 2615 σύνοδον
2966 2563 3030 2615 ἐκ
3074 2565 3174 2633 τῆς
3221 2562 3624 2634 Ἀλεξανδρείας
3668 2563 3760 2614 ἐπὶ
3807 2562 3906 2630 τὴν
3961 2561 4136 2614 Ἀντι-

2559 2653 2742 2724 όχειαν
2788 2653 3068 2725 ὥρμησεν.
3103 2653 3294 2726 Εύρών
3341 2672 3400 2707 τε
3432 2653 3699 2707 Παυλῖνον
3737 2653 3834 2724 μὲν
3867 2652 3972 2704 ὑπὸ
3998 2653 4132 2705 Λου-

2559 2746 2781 2816 κίφερος
2838 2746 3323 2817 χειροτονηθέντα,
3368 2746 3439 2799 τὰ
3491 2746 3547 2798 δὲ
3603 2745 3777 2816 πλήθη
3816 2743 4134 2814 διεστηκότα

2559 2839 2628 2906 (οἱ
2651 2838 2758 2909 γὰρ
2789 2838 3025 2908 Μελιτίῳ
3057 2839 3522 2910 ἀκολουθήσαντες
3548 2839 3654 2909 ἰδίᾳ
3682 2837 4018 2908 συνήγοντο),
4038 2852 4135 2889 ται

2561 2930 2783 3002 ραχθεὶς
2811 2931 2892 2984 ὅτι
2921 2933 2984 3001 τῇ
3017 2929 3284 3003 γενομένῃ
3316 2930 3620 3001 χειροτονίᾳ
3667 2930 3740 2999 μὴ
3783 2929 3984 2991 πάντες
4011 2945 4136 2979 συν-

2556 3021 2736 3092 ῄνουν,
2769 3023 3016 3090 κατέγνω
3046 3022 3141 3092 μὲν
3167 3021 3287 3076 καθ’
3316 3022 3506 3074 ἑαυτὸν
3530 3021 3640 3091 (50)
3674 3021 3768 3074 τοῦ
3797 3020 4088 3090 γενομένου
4119 3036 4131 3048 ·

2556 3116 2622 3184 τῇ
2656 3113 2712 3166 δὲ
2741 3113 2876 3182 πρὸς
2905 3113 3218 3184 Λουκίφερα
3251 3113 3408 3178 αἰδοῖ,
3456 3113 3737 3182 σιωπήσας
3765 3109 4130 3180 ἀνεχώρησεν,

2557 3205 3024 3276 ἐπαγγειλάμενος
3074 3207 3132 3258 ἐν
3185 3205 3446 3276 συνεδρίῳ
3492 3207 3807 3258 ἐπισκόπων
3869 3202 3938 3254 τὰ
3982 3202 4134 3270 γενό-

2561 3313 2696 3366 μενα
2722 3297 3142 3367 διορθώσασθαι.
3168 3297 3279 3349 Καὶ
3312 3295 3450 3366 μετὰ
3474 3295 3644 3348 ταῦτα
3675 3294 3873 3366 πολλὴν
3901 3293 4134 3361 σπουδὴν

2559 3389 2781 3459 θέμενος
2808 3389 3001 3442 ἐνῶσαι
3028 3391 3153 3452 τοὺς
3181 3389 3492 3453 διεστῶτας,
3522 3390 3619 3442 οὐκ
3643 3389 3859 3458 ἴσχυσεν
3881 3404 3893 3416 ·
3931 3385 4135 3455 ἔφθασε

887 3470 1233 3532 concordiam
1272 3469 1574 3533 reduceret,
1607 3469 1658 3522 id
1699 3457 1958 3538 perlicere
1988 3483 2098 3523 non
2144 3468 2337 3538 potuit.
2369 3465 2456 3520 ln-
2484 3454 2526 3512 C
2559 3454 2667 3533 δὲίι

2369 3465 2456 3520 Ῑη·
2484 3454 2526 3512 C
2559 3454 2902 3543 ﬁevMelitto;
2940 3480 3040 3549 τῆς
3071 3479 3285 3551 ἐξορίας
3313 3479 3638 3534 ἐπανελθών.
3671 3454 3780 3531 lict".
3810 3454 3983 3548 εὑρὼν
4027 3477 4133 3547 ἰδίᾳ

887 3573 1038 3620 terea
1078 3579 1204 3618 vero
1238 3562 1483 3619 Meletius
1529 3562 1599 3617 ab
1641 3563 1835 3639 exsilio
1879 3575 2164 3631 regressus
2207 3568 2310 3615 est.
2353 3559 2456 3625 Qui

887 3673 1012 3712 cum
1051 3665 1348 3712 sectatores
1403 3669 1532 3710 suos
1573 3669 1819 3709 seorsum
1863 3668 1892 3706 a
1939 3643 2163 3724 reliquis
2197 3653 2459 3709 collectas

888 3763 1051 3817 agere
1103 3746 1584 3817 deprehendisset,
1647 3746 1726 3802 eis
1774 3743 2006 3815 praefuit.
2063 3743 2169 3799 Sed
2222 3745 2458 3800 Euzoius

887 3839 1107 3910 quidem
1151 3838 1366 3892 Arianae
1413 3837 1651 3908 perfidiae
1681 3837 1912 3891 antistes
1941 3837 2190 3892 ecclesiis
2219 3837 2458 3905 potieba-

889 3942 998 3987 tur.
1035 3929 1295 3985 Paulinus
1339 3945 1467 3983 vero
1515 3943 1677 3983 unam
1728 3927 1997 3982 duntaxat
2036 3942 2100 3982 ex
2151 3927 2455 3981 minoribus

887 4021 1135 4078 ccclesiis
1188 4023 1330 4076 intra
1384 4022 1571 4076 urbem
1615 4020 1873 4087 obtinuit,
1922 4035 1986 4075 ex
2016 4036 2120 4090 qua
2158 4021 2309 4073 illum
2347 4020 2454 4073 Eu-

888 4117 1044 4169 zoius
1092 4114 1393 4168 reverentia
1446 4113 1546 4167 viri
1589 4126 1916 4177 commotus,
1953 4129 2059 4167 non
2099 4113 2355 4182 ejecerat.
2389 4114 2456 4165 At

887 4205 1136 4261 Meletius
1165 4212 1319 4260 extra
1373 4205 1524 4260 urbis
1556 4214 1746 4275 portas
1781 4205 1989 4275 plebem
2029 4205 2336 4275 colligebat.
2377 4204 2455 4258 Ad

889 4300 1034 4352 hunc
1064 4298 1232 4368 igitur
1260 4296 1493 4366 modum
1518 4297 1787 4353 Eusebius
1820 4307 1947 4352 tunc
1975 4299 2237 4368 temporis
2263 4297 2458 4350 Antio-

887 4391 1009 4444 chia
1031 4390 1307 4446 discessit.
1333 4389 1554 4446 Lucifer
1576 4405 1705 4445 vero
1727 4405 1850 4445 cum
1882 4391 2277 4446 ordinationem
2303 4406 2455 4448 suam

889 4484 958 4537 ab
1004 4481 1242 4538 Eusebio
1273 4490 1582 4552 susceptam
1625 4497 1732 4536 non
1781 4499 1903 4538 esse
1949 4483 2295 4552 intelligeret,
2337 4499 2454 4537 eam

891 4589 1001 4629 rem
1033 4575 1380 4630 contumeliae
1418 4575 1539 4631 loco
1559 4575 1786 4638 ducens,
1813 4576 2138 4644 permoleste
2159 4575 2301 4628 tulit.
2326 4573 2458 4629 Pro-

889 4668 1019 4725 inde
1052 4669 1119 4724 ab
1167 4667 1388 4725 Eusebii
1415 4669 1798 4724 communione
1829 4683 1951 4723 sese
1981 4668 2248 4736 abjunxit,
2295 4676 2350 4723 et
2393 4685 2455 4724 ea

889 4777 1010 4832 quae
1040 4777 1068 4816 a
1101 4762 1312 4832 synodo
1339 4763 1555 4818 decreta
1599 4761 1836 4826 fuerant,
1873 4763 2054 4817 studio
2087 4764 2456 4818 contentionis

2562 3573 2955 3641 συναγομένους
2986 3571 3111 3634 τοὺς
3156 3571 3506 3633 συνελθόντας
3539 3570 3717 3640 αὐτῷ,
3763 3571 3967 3622 τούτων
3995 3585 4132 3638 προ-

2554 3665 2765 3718 ῖστατο.
2817 3665 2975 3718 Ἀλλά
3006 3665 3113 3718 τῶν
3146 3665 3242 3734 μὲν
3276 3665 3584 3737 ἐκκλησιῶν
3623 3665 3843 3736 ἐκράτει
3876 3661 4118 3726 Εύζώῖος

2559 3761 2587 3810 ό
2621 3756 2720 3826 τῆς
2765 3757 3046 3827 Ἀρειανῆς
3093 3757 3372 3827 προεστὼς
3407 3757 3726 3827 θρησκείας.
3765 3754 4030 3816 Παυλῖνός
4072 3770 4131 3807 τε

2564 3848 2692 3916 μίαν
2719 3847 2824 3899 τῶν
2857 3849 3066 3918 μικρῶν
3097 3849 3242 3902 ἔνδον
3270 3849 3364 3919 τῆς
3402 3849 3607 3910 πόλεως
3639 3845 3936 3916 ἐκκλησιῶν
3964 3841 4130 3915 εἶχεν,

2561 3935 2627 4010 ἦς
2653 3939 2812 3992 αὑτὸν
2844 3939 3079 4003 Εύζώῖος
3121 3941 3260 3995 αἰδοῖ
3290 3943 3354 4010 τῇ
3387 3940 3520 4010 πρὸς
3558 3940 3717 3992 αὐτὸν
3749 3939 3846 3992 οὐκ
3887 3937 4128 4004 ἐξέϐαλε.

2564 4031 2814 4094 ὶἸελίτιος
2841 4032 2898 4085 δὲ
2924 4031 3027 4096 ἔξω
3055 4033 3160 4085 τῶν
3198 4033 3377 4085 πυλῶν
3407 4033 3502 4100 τῆς
3533 4031 3736 4094 πόλεως
3765 4031 3860 4093 τὰς
3891 4045 4132 4096 συναγω-

2564 4122 2668 4190 γὰς
2711 4123 2942 4176 ἐποιεῖτο
2961 4132 3008 4176 ιι.
3063 4124 3195 4176 Τότε
3231 4125 3328 4194 μὲν
3371 4123 3434 4193 δὴ
3480 4121 3620 4176 οὕτω
3663 4123 3759 4190 τῆς
3805 4120 4132 4188 Ἀντιοχείας

2560 4213 2818 4276 Εὐσέϐιος
2841 4215 3176 4284 ἀνεχώρησε.
3213 4213 3486 4286 Λούκιφερ
3517 4215 3572 4267 δὲ
3613 4213 3914 4283 πυθόμενος
3941 4211 4014 4283 μὴ
4045 4211 4131 4265 δέ·

2560 4306 2750 4375 χεσοαι
2785 4306 2888 4358 ὑπὸ
2921 4307 3182 4361 Εὐσεϐίου
3209 4308 3308 4378 τὴν
3351 4306 3679 4376 χειροτονίαν
3722 4304 3883 4359 αὑτοῦ
3909 4343 3922 4367 ,
3973 4303 4130 4374 ὓϐριν

2567 4400 2775 4466 ἠγεῖτο,
2811 4399 2902 4452 καὶ
2927 4399 3113 4462 δεινῶς
3141 4400 3458 4469 ἠγανάκτει.
3492 4398 3796 4470 Διεκρίνετο
3821 4392 3912 4451 οὖν
3940 4414 4122 4450 κοινω-

2559 4492 2670 4562 νεῖν
2699 4489 2942 4559 Εύσεϐίῳ
2967 4507 2979 4520 ·
3027 4491 3119 4542 καὶ
3148 4490 3216 4543 τὰ
3239 4493 3304 4561 τῇ
3330 4490 3528 4560 συνόδῳ
3557 4489 3844 4561 ἀρέσαντα,
3879 4489 4121 4542 ἀποδοκιο

2565 4586 2755 4654 μάζειν
2807 4587 2871 4638 ἐκ
2918 4584 3245 4653 φιλονεικίας
3295 4585 3560 4636 ἐϐούλετο.
3618 4583 3804 4636 Ταῦτα
3855 4584 3911 4634 ἐν
3955 4580 4127 4650 καιρῷ

2561 4677 2735 4745 λύπης
2766 4676 3051 4745 λεγόμενα,
3086 4676 3311 4738 πολλοὺς
3334 4675 3432 4744 τῆς
3484 4673 3802 4742 Ἐκκλησίας
3829 4673 4124 4743 ἀπέστησε.

2561 4768 2672 4820 Καὶ
2712 4767 2918 4834 γίνεται
2970 4767 3130 4820 πάλιν
3183 4765 3623 4833 Λουκιφεριανῶν
3669 4765 3830 4835 ἑτέρα
3896 4764 4122 4834 αἵρεσις.

889 4855 1180 4922 adductus,
1215 4855 1383 4924 coepit
1415 4855 1834 4926 reprehendere.
1871 4853 1996 4910 llmc
2022 4855 2151 4909 dum
2185 4871 2280 4925 per
2317 4865 2454 4914 tem-
2487 4855 2530 4909 ι)
2573 4858 2669 4911 Ἀλῖ

2344 4871 2454 4914 em-
2487 4855 2530 4909 ι)
2573 4858 2732 4911 Ἀλλὰ
2762 4860 3035 4930 Λούκιφερ
3082 4858 3179 4929 τὴν
3209 4859 3378 4929 ὀργὴν
3417 4855 3810 4926 ἀποπληρῶσαι
3840 4855 3938 4907 οὐκ
3975 4855 4124 4924 ἴσχυ-

958 5055 1006 5090 ⁸⁶
1039 5053 1198 5112 Joan.
1231 5055 1426 5119 VII,50.
1502 5054 1545 5085 ⁵⁷
1583 5053 1740 5108 Joan.
1777 5069 1835 5115 Il,
1867 5053 1920 5108 vi.
1995 5053 2038 5084 ⁸⁸
2080 5053 2270 5108 Matth.
2302 5069 2450 5118 xxvr,
2489 5053 2577 5109 43.

2066 5214 2335 5271 VALESll
2373 5216 2932 5274 ANNOTATIONES.

957 5314 1070 5386 (50)
1115 5315 1389 5386 Κατέγνω
1436 5314 1551 5382 μὲν
1599 5317 1727 5369 καθ’
1778 5313 2014 5370 ἑαυτοῦ.
2085 5312 2445 5370 Scribendum
2483 5324 2568 5371 est
2603 5316 2725 5370 καθ’

2333 5314 2445 5365 ium
2483 5324 2568 5371 est
2603 5316 2725 5370 καθ’
2769 5317 2982 5382 ἑαυτόν,
3020 5327 3100 5372 'ut
3143 5316 3374 5372 habetur
3426 5316 3481 5371 in
3539 5315 3731 5372 codice
3767 5312 4110 5369 Florentino.

2315 5466 2403 5522 VA
2413 5464 2623 5525 RlUItU
2637 5472 2703 5522 11.

946 5569 983 5601 1³
1015 5562 1288 5625 Melitam;
1314 5559 1380 5612 δὲ
1413 5559 1528 5623 ἔξω
1557 5558 1674 5612 τῶν
1695 5558 1904 5613 πυλῶν
1939 5556 2048 5624 τῆς
2092 5560 2322 5625 πόλεως
2346 5560 2452 5625 τὰς

883 5631 1237 5702 συναγωγὰς
1273 5630 1545 5685 ἐποιεῖτο.
1584 5629 1870 5683 Antiochia
1893 5630 1945 5702 in
1977 5629 2116 5702 duas
2151 5632 2329 5702 urbes
2348 5628 2453 5702 fuit

883 5698 1083 5763 divisa,
1117 5698 1398 5770 antiquam
1427 5715 1532 5761 δικ,
1560 5715 1681 5769 quae
1707 5699 2008 5754 secundum
2045 5701 2269 5755 Orontis
2307 5698 2453 5753 ﬂuvii

884 5787 1034 5826 oram
1065 5773 1283 5840 longum
1316 5778 1477 5825 terrae
1502 5770 1805 5839 occupabat
1838 5770 2108 5840 spatium;
2139 5777 2194 5824 et
2235 5785 2452 5832 novam,

886 5846 941 5897 in
972 5839 1216 5908 ejusdein
1241 5840 1388 5894 ﬂuvii
1423 5841 1600 5896 insula
1623 5843 1806 5905 sitam,
1841 5839 2011 5894 forma
2043 5841 2296 5902 rotunda,
2333 5856 2454 5910 qua:

889 5913 1129 5984 quinque
1169 5912 1426 5984 pontibus
1458 5912 1693 5982 antiqua:
1720 5911 2070 5984 jungebatur.
2120 5912 2177 5968 ln
2228 5912 2452 5982 antiqua

2556 5561 2807 5618 exstabat
2838 5579 2992 5618 vetus
3021 5561 3251 5618 ecclesia
3281 5576 3347 5616 an
3385 5561 3643 5630 apostolis
3681 5557 3925 5620 fundata,
3959 5571 4124 5630 quam

2558 5632 2678 5688 idco
2721 5634 3074 5702 apostolicam
3109 5641 3266 5688 vocat
3296 5629 3779 5702 TheOdoretusﬁn
3819 5644 3924 5699 qua
3961 5629 4123 5682 Mele-

2556 5705 2667 5758 tius
2731 5713 3034 5758 conventus
3091 5703 3302 5774 agebat.
3366 5701 3628 5774 Paulinus
3695 5715 3826 5774 vero
3885 5713 4123 5774 parvam

2555 5789 2709 5828 suam
2757 5774 3045 5828 ecclesiam
3090 5767 3151 5827 iri
3171 5787 3311 5826 nova
3346 5773 3481 5827 urbe
3513 5769 3833 5836 occupabat.
3874 5770 3978 5833 (L‘l.
4011 5767 4125 5824 hio-

2555 5845 2714 5900 nachi
2744 5844 3078 5901 Benedictini
3120 5844 3174 5898 in
3209 5842 3465 5898 Athones.
3501 5842 3611 5898 vol.
3642 5837 3778 5906 Il,p.
3818 5838 3967 5908 771.)
