4508 6588
410 466 514 519 ΗἹ

1368 459 1697 516 ιιιδτοιυΑ
1740 440 2305 513 KCCLESIASTICA.
2346 483 2415 493 -
2446 453 2575 511 Lm.
2612 456 2697 511 lll.

3581 467 3691 521 “8

411 599 521 634 ποτε
568 579 912 647 λριστιανοῖς
972 574 1099 643 περὶ
1144 573 1335 625 τούτου
1394 574 1782 645 προσελθοῦσιν
1836 572 2007 641 αὐτῷ,
2041 576 2083 630 Α
2116 570 2189 624 ιρι

1914 572 2007 641 τῷ,
2041 576 2083 630 Α
2116 570 2286 635 lebat,
2321 571 2388 624 ab
2424 572 2529 625 illis
2559 574 2838 643 exigentes
2873 592 2886 628 :
2916 574 3189 630 interdum
3224 576 3388 631 etiam
3420 588 3694 635 tormenta

421 669 717 742 ’Τμιζτερὸν
761 672 928 729 ἐστιν,
973 666 1180 733 ἔλεγεν,
1228 664 1423 724 αὐτοὺς
1466 665 1774 733 πάσχοντας
1819 662 2001 725 κακῶς

413 764 738 833 ὑπομένειν·
792 759 947 812 τοῦτο
992 759 1099 828 γὰρ
1146 754 1241 809 τοῦ
1287 757 1551 827 ὑμετέρου
1604 756 1737 809 θεοῦ
1789 755 2004 826 παράγ-

412 858 609 925 γελμα.

1008 1113 1263 1168 ΚΕΦΑΛ.
1306 1112 1409 1169 ΙΕ’.

414 1211 551 1280 Περὶ
598 1209 718 1263 τῶν
748 1210 820 1291 ἐν
855 1206 1036 1291 aran
1070 1205 1166 1287 ~tﬁ
1215 1210 1388 1259 πολει
1442 1206 1551 1291 τῆς
1592 1208 1869 1277 Φρυγίας,
1901 1208 2001 1262 ἐπὶ

770 1282 1098 1333 Ἰουλιανοῦ
1121 1282 1656 1346 μαρτυρησάντων.

497 1376 585 1428 Ἑν
615 1374 745 1442 γοῦν
769 1376 835 1442 τῇ
868 1370 1045 1441 Μηρῷ
1072 1378 1099 1417 Y
1130 1370 1282 1422 πόλει
1310 1370 1407 1440 τῆς
1436 1371 1704 1439 ἐπαρχίας
1735 1370 1835 1440 τῆς
1862 1370 2003 1440 Φρυ.

415 1470 538 1537 γίας
582 1468 764 1538 ἄρχων
794 1460 862 1534 ἦν
899 1463 1158 1533 ’Λμάχιος
1202 1461 1337 1531 (65),
1394 1460 1455 1513 τὸ
1505 1462 1631 1532 τῇδε
1672 1462 1816 1533 ἱερὸν
1859 1463 2005 1515 ἀνοι-

414 1562 576 1631 γῆναι
632 1556 983 1631 προστάξας,
1039 1553 1466 1625 ἐκκαθαίρεσθαί
1524 1573 1583 1607 τε
1638 1555 1729 1609 τὸν
1789 1556 1854 1607 ἐκ
1907 1554 2027 1609 τοῦ

414 1655 604 1725 χρόνου
638 1648 971 1719 συναχθέντα
1028 1645 1199 1715 ῥύπον
1238 1646 1478 1709 ἐκέλευε,
1517 1647 1611 1699 καὶ
1650 1646 1721 1699 τὰ
1760 1648 1818 1700 ἐν
1854 1646 2003 1716 αὐτῷ

414 1745 706 1813 ἀγάλματα
733 1740 1048 1810 ἐπιμελείας
1086 1740 1255 1809 ἠξίου.
1308 1739 1478 1791 Τοῦτο
1524 1740 1826 1809 γινόμενον,
1870 1739 2002 1808 σφό-

414 1836 513 1907 δρα
556 1838 679 1897 τοὺς
732 1833 1090 1904 Χριστιανοὺς
1138 1830 1344 1885 ἐλύπει.
1402 1830 1736 1892 Μακεδόνιος
1776 1840 1798 1866 ι
1832 1830 1888 1883 δέ
1918 1847 2003 1893 τις

2108 664 2436 731 corporilms
2466 680 2657 717 eorum
2697 664 3023 737 infligentes.
3067 666 3194 723 llaec
3229 669 3528 740 imperator
3568 688 3693 725 cum

2112 755 2285 826 probe
2334 756 2520 821 sciret,
2555 759 2868 830 negligebat
2898 768 3084 815 tamen
3117 780 3128 814 :
3164 769 3218 816 et
3250 761 3581 819 Christianis
3621 766 3694 817 ob

2108 862 2229 901 eam
2267 862 2488 901 causam
2522 849 2700 917 ipsqu
2744 852 3078 908 adeuntibus
3110 854 3181 907 ita
3224 855 3549 923 respondit:
3585 853 3694 909 Ve-

2117 950 2293 993 strum
2339 948 2424 993 est
2471 942 2739 1011 patienter
2789 943 2933 998 ferre
2985 945 3217 999 aliorum
3264 947 3548 1017 injurias:
3586 947 3693 1003 hoc

2108 1032 2256 1086 enim
2287 1040 2374 1087 est
2404 1044 2733 1105 praeceptum
2767 1033 2859 1089 Dei
2891 1038 3081 1093 vestri.

2758 1130 2911 1184 CAP.
2951 1130 3070 1186 XV.

2111 1216 2189 1271 De
2232 1220 2299 1274 iis
2346 1223 2435 1291 qui
2469 1231 2719 1299 regnante
2759 1221 2981 1299 Juliano
3022 1224 3406 1299 opud_Merum
3442 1226 3694 1299 Phrygia:

2432 1294 2611 1345 urbem
2645 1296 2902 1363 martyrio
2925 1296 3188 1363 perfuncti
3224 1308 3367 1350 sunt.

2184 1384 2383 1438 Eodem
2436 1395 2679 1454 tempore
2730 1386 2872 1455 apud
2927 1384 3134 1440 Merum
3186 1388 3379 1441 urbem
3438 1386 3693 1460 Phrygia

2112 1491 2315 1545 praeses
2343 1476 2637 1546 provincia:
2660 1477 2957 1529 Amaebius
2987 1477 3245 1545 templum
3277 1478 3477 1547 aperiri
3500 1477 3690 1546 jussit,

2110 1566 2371 1620 etsordes
2421 1582 2545 1635 qua:
2617 1566 3016 1635 longinquitate
3064 1567 3327 1635 temporis
3378 1567 3432 1619 in
3485 1582 3551 1621 eo
3605 1582 3693 1621 co-

2112 1668 2380 1712 acervata:
2422 1668 2615 1720 erant,
2666 1658 2944 1726 exportari
3000 1667 3261 1711 :statuas
3293 1657 3527 1727 denique
3580 1658 3694 1712 illic

2111 1752 2322 1819 positas
2366 1750 2594 1819 expoliri
2636 1750 2912 1819 praecepit.
2957 1747 3069 1801 lloe
3104 1749 3251 1803 illius
3291 1748 3494 1803 factum
3533 1748 3695 1802 Cbri-

2112 1840 2418 1894 stianorum
2452 1839 2653 1891 animis
2688 1854 2909 1908 gravem
2946 1840 3180 1893 incussit
3214 1840 3481 1895 dolorem.
3507 1839 3696 1909 Itaque

416 1927 507 1978 καὶ
558 1924 845 1985 Θεόδουλος
893 1923 985 1974 καὶ
1034 1920 1313 1983 Τατιανὺς,
1365 1919 1511 1991 ζήλῳ
1548 1918 1641 1971 τοῦ
1687 1921 2003 1989 Χριστιανι-
2035 1940 2075 1994 Β
2107 1930 2188 1983 Ma

1913 1939 2003 1972 M-
2035 1940 2075 1994 Β
2107 1930 2458 1984 Macedonius
2512 1930 2734 1999 quidam
2788 1939 2842 1985 et
2893 1929 3209 1985 Theodulus
3264 1945 3329 1984 ac
3391 1929 3693 1995 Tatianus,

417 2016 577 2086 σμοῦ,
617 2016 717 2086 τὴν
770 2014 946 2085 λύπην
998 2013 1098 2067 οὐκ
1130 2014 1385 2083 ἤνεγκαν.
1467 2010 1592 2063 Αλλ’
1632 2009 1892 2081 ἔνθερμον
1943 2010 2003 2062 τὸ

416 2108 666 2179 φρόνημα
719 2106 854 2175 πρὸς
900 2106 1099 2174 ἀρετὴν
1153 2106 1501 2175 κεκτημένοι,
1555 2102 1747 2167 νυκτὸς
1789 2106 1867 2166 είς
1912 2103 2003 2155 τὸν

415 2197 540 2249 ναὸν
571 2195 1014 2266 εἰσπηδήσαντες,
1062 2193 1404 2264 συντρίϐουσι
1434 2194 1503 2247 τὰ
1550 2193 1860 2263 ἀγάλματα.
1894 2192 2002 2245 Τοῦ

415 2290 469 2343 δὲ
504 2288 771 2361 ἡγεμόνος
809 2290 903 2341 ἐπὶ
930 2287 1007 2358 τῷ
1035 2288 1276 2356 γεγονότι
1330 2287 1534 2358 σφόδρα
1576 2286 2001 2357 χαλεπήναντος,

417 2386 507 2437 καὶ
541 2383 768 2445 πολλοὺς
813 2382 920 2435 τῶν
969 2381 1108 2435 κατὰ
1150 2381 1303 2433 πόλιν
1351 2380 1607 2433 ἀναιτίων
1664 2380 2005 2450 ἀναιρεῖσθαι

419 2477 829 2538 σπουδάζοντος,
861 2474 1259 2545 προσφέρουσιν
1294 2473 1518 2534 ἑαυτοὺς
1546 2472 1595 2525 οἱ
1625 2472 1877 2525 αὐθένται
1910 2470 2003 2524 τοῦ

418 2569 775 2637 πράγματος·
832 2568 926 2619 καὶ
982 2567 1179 2637 μᾶλλον
1229 2565 1382 2619 αὐτοὶ
1429 2565 1567 2635 ὑπὲρ
1616 2564 1717 2635 τῆς
1750 2563 2006 2632 ἀληθείας

418 2660 782 2729 ἀποθνήσκειν
816 2659 1066 2731 ᾑροῦντο,
1094 2644 1245 2730 ’ἢπερ
1297 2660 1422 2712 ἰδεῖν
1456 2658 1675 2728 ἐτέρους
1720 2655 1835 2708 ἀνθ’
1877 2656 2005 2707 ἐαυ-

417 2755 524 2806 τῶν
556 2753 1020 2823 ἀποθνήσκοντας.
1058 2751 1291 2814 Τούτους
1336 2750 1515 2803 λαϐὼν
1556 2752 1583 2803 ὁ
1626 2748 1884 2821 ἡγεμὼν,
1933 2749 2009 2810 ὠς

420 2847 559 2915 ὑπὲρ
597 2845 688 2897 τοῦ
721 2845 1052 2915 ἀδικήματος
1083 2843 1176 2895 τοῦ
1222 2843 1355 2915 παρ’
1379 2843 1559 2896 αὐτῶν
1599 2842 1891 2911 γενομένου
1921 2840 2007 2893 διὰ

421 2939 610 3001 θυσίας
633 2936 1011 3006 ἀπολογεῖσθαι
1041 2938 1257 2989 ἐκέλευε
1276 2953 1290 2966 ο
1320 2935 1393 3007 μὴ
1428 2936 1717 2999 ποιοῦντας
1747 2934 1803 2986 δὲ
1829 2933 2005 2997 τοῦτο,

421 3030 777 3101 τιμωρεῖσθαι
808 3030 1039 3100 ἠπείλει.
1073 3030 1137 3083 Οἱ
1168 3029 1249 3091 δὲ,
1282 3031 1517 3097 γενναῖοι
1550 3028 1610 3080 τὸ
1638 3029 1890 3098 φρόνημα
1922 3027 2011 3079 ὅν-

420 3142 529 3185 τες,
566 3124 735 3194 μικρά
778 3122 886 3175 τῶν
927 3123 1162 3176 ἀπειλῶν
1218 3121 1634 3193 φροντίσαντες,
1677 3121 1835 3173 πάνθ’
1873 3122 2006 3172 ὐπο-

427 3215 604 3285 μένειν
639 3214 870 3283 ἑτοίμως
903 3208 1071 3282 εἶχονο
1107 3214 1199 3265 καὶ
1240 3212 1437 3283 μᾶλλον
1466 3213 1719 3282 θνήσκειν
1759 3211 2007 3283 ᾑροῦντο,

424 3278 457 3376 ἦ
496 3310 613 3369 ταῖς
648 3278 857 3369 θυσίαις
888 3278 1390 3375 μολύνεσθαιίτότε
1422 3304 1485 3373 δὴ
1518 3278 1719 3368 πάσαις
1756 3278 2010 3371 βασάνοις
2037 3278 2079 3336 C

425 3396 710 3449 ὑποϐαλὼν
742 3397 867 3459 τοὺς
906 3396 1126 3466 ἄνδρας,
1161 3395 1313 3458 τέλος
1354 3396 1613 3465 ἐσχάραις
1650 3395 1875 3458 ἐπιθεὶς,
1916 3394 2012 3447 καὶ

427 3488 536 3557 πῦρ
584 3486 808 3550 ταύταις
840 3486 1151 3555 ἐπιτεθῆναι
1192 3485 1474 3550 κελεύσας,
1497 3485 1666 3547 οὕτως
1698 3484 2007 3536 ἀπόλλυσιν.

426 3581 489 3632 Ol
520 3579 598 3641 δὲ,
626 3578 720 3648 τὴν
744 3578 1005 3647 κορωνίδα
1032 3578 1130 3645 τῆς
1156 3575 1373 3647 ἀνδρίας
1395 3575 1691 3647 τηνικαῦτα
1714 3576 2010 3642 ἐπέδειξαν,

426 3672 563 3742 πρὸς
595 3671 684 3722 τὸν
714 3670 956 3740 ἡγεμόνα
988 3669 1209 3721 τοιαῦτα
1246 3669 1517 3731 εἰπόντεςο
1562 3667 1625 3721 Εἰ
1664 3668 2015 3737 ἐπεθύμησας

426 3761 644 3825 ὀπτῶν,
687 3754 730 3812 ὦ
770 3761 1015 3829 ’Λμὰχιε,
1064 3759 1241 3827 κρεῶν
1299 3758 1725 3825 ἀπογεύσασθαι,
1780 3760 2009 3829 στρέψον

427 3856 573 3924 ἡμᾶς
622 3853 716 3905 καὶ
761 3853 961 3915 εἰςτὰς
1008 3850 1200 3921 ἐτέρας
1241 3850 1499 3916 πλευρὰς,
1547 3850 1634 3903 ἵνα
1674 3850 1750 3921 μὴ
1791 3852 1869 3912 είς
1910 3849 2008 3920 τὴν

431 3943 613 4012 γεῦσιν
657 3942 910 4014 ήμίοπτοι
956 3939 1209 4010 φανῶμέν
1254 3957 1355 3994 σοι.
1402 3938 1600 3993 Τοῦτον
1641 3941 1738 4011 μὲν
1782 3935 1873 3994 οὖν
1916 3941 2008 3994 τὸν

426 4035 626 4106 τρόπον
650 4030 793 4087 οὗτοι
818 4034 908 4085 τὸν
939 4033 1052 4103 βίον
1084 4032 1356 4086 ἐτέλεσαν.

1008 4144 1261 4200 ΚΕΦΑΛ.
1308 4146 1423 4211 ις’.

442 4263 540 4325 Ὠς
566 4262 671 4314 τοῦ
706 4258 1013 4324 ,ϐασιλέως
1037 4260 1425 4322 κωλύσαντος
1458 4258 1597 4321 τοὺς
1620 4261 2010 4330 Χριστιανρὺς

512 4331 879 4397 Ἑλληνικὴν
933 4331 1256 4383 παίδευσιν
1305 4329 1673 4397 μανθάνειν,
1731 4334 1785 4382 ol
1844 4329 2007 4385 Ἀποὲ

497 4403 755 4470 limipr
784 4405 869 4467 εἰς
906 4401 971 4453 τὸ
1010 4399 1360 4469 ἐπιγράφειν
1378 4400 1599 4467 λόγους
1617 4400 2008 4469 ὡρμήθησαν.

510 4500 570 4550 ὐ
590 4496 772 4566 μέντοι
800 4492 894 4547 τοῦ
925 4492 1191 4563 βασιλέως
1217 4491 1481 4562 νόμος,,ὃς
1510 4492 1635 4563 ειάθς
1652 4494 2013 4579 Χωτξνοὺς

440 4588 757 4657 Ἑὼνικῆς
787 4586 1033 4655 ﬂigi“
1074 4584 1321 4654 μετέχειν
1360 4582 1563 4657 ἐκώλυε
1584 4625 1597 4646 ,
1627 4587 1754 4646 τοὺς
1799 4587 2011 4641 Ἀπολι-

1370 4653 1509 4666 *ΗΟ

2106 2023 2223 2076 zelo
2267 2022 2601 2076 Christiana:
2648 2023 2929 2093 religionis
2964 2023 3196 2084 incensi,
3246 2038 3366 2076 eam
3400 2024 3697 2094 indignita-

2107 2124 2212 2167 tem
2252 2112 2397 2167 ferre
2432 2112 2660 2168 minime
2699 2123 3018 2183 potuerunt.
3068 2112 3175 2166 Sed
3221 2115 3529 2169 incredibili
3558 2131 3696 2185 quo-

2106 2204 2232 2258 dam
2266 2204 2488 2259 virtutis
2530 2220 2716 2258 arnore
2752 2203 3068 2274 flagrantes,
3104 2213 3268 2258 noctu
3316 2206 3370 2260 in
3428 2208 3692 2275 templqu

2108 2299 2350 2360 irrnunt,
2402 2304 2456 2349 et
2500 2306 2710 2351 statuas
2744 2313 2933 2351 omnes
2975 2296 3347 2367 confringunt.
3388 2298 3507 2363 Quo
3550 2298 3697 2352 facto

2108 2403 2314 2458 praises
2335 2388 2572 2457 graviter
2602 2395 2937 2452 commotus,
2959 2403 3083 2441 cum
3113 2390 3316 2442 multos
3351 2389 3404 2441 in
3432 2404 3495 2442 ea
3533 2390 3691 2452 urbe.

2108 2480 2202 2549 qui
2236 2496 2466 2548 prorsus
2505 2480 2751 2535 insontes
2794 2490 2969 2541 erant,
3015 2480 3288 2549 supplicio
3320 2480 3541 2534 afficere
3582 2482 3696 2534 vel-

2109 2572 2210 2630 let.
2253 2581 2507 2626 auctores
2557 2572 2818 2627 facinoris
2851 2572 2996 2624 ultro
3043 2587 3164 2626 sese
3195 2573 3464 2635 obtulere,
3514 2581 3567 2627 et
3595 2588 3697 2641 pro

2111 2664 2361 2716 veritatis
2411 2661 2735 2716 defensione
2801 2662 2905 2731 ipsi
2963 2660 3288 2715 occumbere
3346 2661 3693 2725 maluerunt,

2112 2770 2275 2822 quam
2338 2755 2521 2807 sinere
2573 2762 2631 2807 ut
2687 2754 2777 2807 alii
2835 2754 3079 2823 ipsorum
3126 2754 3247 2807 vice
3285 2752 3696 2807 occiderentur.

2113 2843 2223 2899 Eos
2260 2843 2428 2913 igitur
2466 2844 2943 2913 comprehendens
2972 2844 3163 2913 judex,
3201 2843 3357 2912 jubet
3390 2852 3450 2896 ut
3477 2842 3695 2897 facinus

2113 2937 2184 2991 ab
2232 2937 2368 3005 ipsis
2422 2946 2798 3006 perpetratum
2847 2937 3035 2991 eluant
3076 2936 3482 2992 sacrificando:
3522 2938 3576 2990 ni
3618 2937 3695 2990 ita

2115 3028 2380 3093 fecerint,
2433 3029 2763 3098 supplicium
2817 3028 3225 3083 intermittatur.
3275 3028 3345 3081 At
3392 3028 3468 3082 illi
3506 3036 3697 3099 utpote

2113 3137 2381 3191 generoso
2404 3122 2586 3174 animo
2617 3122 2847 3191 prrediti,
2880 3122 3081 3193 spretis
3105 3123 3225 3191 ejus
3253 3122 3438 3185 minis,
3472 3131 3697 3191 paratos

2116 3229 2176 3268 se
2225 3214 2591 3267 ostenderunt
2618 3214 2684 3268 ad
2727 3221 2999 3269 tormenta
3049 3215 3305 3285 quaalibet
3345 3214 3693 3278 sustinenda,

2112 3312 2165 3359 et
2208 3305 2347 3358 mori
2396 3305 2570 3358 multo
2600 3321 2765 3374 quam
2814 3306 3103 3361 sacrificiis
3142 3307 3310 3377 pollui
3354 3308 3693 3362 maluerunt.

2110 3394 2286 3450 Jndex
2336 3396 2504 3465 igitur
2536 3412 2659 3450 cum
2715 3396 2867 3450 omni
2911 3406 3309 3452 tormentorum
3360 3412 3561 3469 genere
3589 3414 3696 3471 eos

2112 3489 2507 3552 excruciasset,
2549 3487 2772 3543 tandem
2812 3490 3091 3543 eraticulm
3141 3490 3431 3560 impositos
3474 3492 3696 3545 subdito

2114 3582 2238 3651 igne
2268 3582 2504 3636 cremari
2535 3580 2727 3649 jussit.
2774 3580 2929 3635 Tunc
2960 3597 3093 3636 vero
3129 3581 3203 3635 illi
3225 3592 3531 3636 extremum
3571 3598 3696 3653 spe-

2112 3677 2292 3729 cimen
2332 3674 2670 3726 fortitudinis
2719 3672 3033 3735 ediderunt,
3071 3673 3156 3727 bis
3190 3673 3373 3728 verbis
3409 3676 3694 3743 praasidem

2117 3767 2340 3820 allocnti
2372 3785 2384 3819 :
2415 3765 2472 3819 Si
2522 3766 2699 3835 cupis,
2752 3764 3017 3830 Amacbi,
3078 3780 3273 3819 carnes
3325 3780 3481 3821 assas
3527 3768 3694 3835 degu-

2117 3866 2287 3918 stare,
2334 3870 2483 3910 verte
2536 3872 2637 3910 nos
2672 3856 2723 3908 in
2773 3856 3000 3909 alterum
3034 3856 3305 3933 latushne
3338 3855 3476 3911 forte
3509 3858 3693 3926 gustui

2118 3957 2213 4000 tuo
2271 3944 2583 4000 semiassati
2640 3945 2945 4000 videamur.
3006 3943 3122 4000 lloc
3176 3946 3254 3999 illi
3317 3948 3478 4001 molle
3526 3948 3693 4001 vitam

2116 4038 2395 4094 finierunt.

2628 4150 2783 4220 191
2822 4149 2974 4205 CAP.
3015 4148 3138 4205 xvr
3163 4188 3182 4208 .

2116 4263 2392 4329 Quomodo
2427 4260 2765 4330 Apollinares
2805 4263 2873 4315 ad
2904 4262 3208 4317 scribendos
3240 4261 3404 4315 libros
3432 4279 3543 4315 sese
3570 4280 3690 4315 con-

2187 4335 2406 4387 tulerint
2426 4374 2440 4394 ,
2472 4350 2592 4385 cum
2624 4335 2914 4399 imperator
2943 4332 3275 4387 Christianos
3304 4330 3502 4387 Grazcis
3529 4336 3691 4387 disci-

2183 4405 2346 4467 plinis
2384 4404 2598 4457 institui
2632 4406 2902 4457 vetuisset.

2186 4495 2460 4550 Ca'terum
2495 4494 2583 4549 lex
2619 4494 2711 4547 illa
2744 4494 3096 4564 imperatoris
3126 4492 3330 4550 Juliani
3354 4536 3368 4560 ,
3403 4510 3510 4565 qua
3537 4495 3691 4548 Chri-

2112 4587 2324 4642 stianos
2350 4584 2667 4639 Graecorum
2696 4586 3009 4656 disciplinis
3035 4586 3244 4641 institui
3272 4589 3524 4649 vetabat,
3552 4588 3691 4642 duos

437 4683 649 4753 Ιραρίους
671 4720 686 4745 ,
721 4674 795 4733 ὧν
846 4679 941 4731 καὶ
980 4668 1246 4749 πρόἷῷὁν
1284 4676 1772 4748 ἐμνημονεύσαμεν
1795 4720 1809 4743 ,
1843 4698 2007 4748 φανε-
2038 4719 2084 4776 D
2113 4679 2217 4733 illo:

1883 4698 2007 4733 ανε-
2038 4719 2084 4776 D
2113 4679 2239 4735 illos
2263 4678 2614 4748 Apollinares
2640 4692 2873 4747 quorum
2902 4679 3161 4747 superius
3186 4680 3517 4733 mentionem
3561 4680 3662 4732 feci

431 4772 702 4842 ρωτέρους
730 4769 1029 4835 ἀπέδειξεν.
1066 4769 1154 4830 Ὠς
1178 4768 1287 4837 γὰρ
1326 4767 1492 4837 ἄμφω
1515 4769 1685 4839 ἡστην
1710 4771 2009 4841 ἐπιστήμο-

428 4880 517 4923 νες
546 4862 718 4928 λόγων
743 4901 757 4923 ,
785 4862 813 4913 ὁ
857 4860 956 4928 μὲν
999 4857 1181 4927 πατὴρ
1207 4858 1611 4928 γραμματικῶν
1635 4896 1648 4920 ,
1680 4859 2007 4925 σοφιστικῶν

427 4954 483 5006 δὲ
514 4955 542 5004 ὁ
576 4954 689 5015 υίὸς
712 4992 726 5015 ,
765 4952 1044 5023 χρειώδεις
1074 4951 1298 5012 ἑαυτοὺς
1328 4949 1462 5018 πρὸς
1490 4949 1581 5001 τὸν
1615 4951 1859 5020 παρόντα
1894 4970 2009 5005 και·

431 5046 522 5117 ρον
547 5049 661 5109 τοῖς
689 5046 1031 5116 Χριστιανοῐς
1072 5042 1442 5096 ἀπεδείκνυον.
1486 5043 1547 5095 '0
1579 5043 1679 5113 μὲν
1708 5044 1816 5115 γὰρ
1845 5044 2006 5107 εὐθὺς

429 5137 810 5209 γραμματικὸς
864 5136 1000 5199 ἆτε,
1054 5135 1153 5206 τὴν
1202 5134 1399 5203 τέχνην
1450 5134 1843 5206 γραμματικὴν
1891 5135 2003 5203 (64)

2111 4785 2234 4824 mus
2258 4807 2275 4833 ,
2309 4770 2481 4823 multo
2511 4784 2673 4837 quam
2703 4778 2862 4823 antea
2894 4770 3226 4827 illustriores
3259 4771 3514 4825 reddidit.
3555 4770 3689 4824 Nam

2108 4877 2235 4916 cum
2267 4871 2499 4931 uterque
2532 4860 2918 4914 bumauiorum
2948 4860 3361 4931 disciplinarum
3388 4863 3581 4931 peritia
3609 4879 3675 4913 us-

2108 4961 2194 5005 set
2224 4950 2588 5017 instructus,
2639 4961 2799 5020 pater
2838 4952 3061 5020 quidem
3100 4955 3503 5023 grammaticze,
3548 4956 3687 5009 filius

2109 5051 2293 5098 autem
2351 5043 2680 5106 rhetorica.
2732 5044 2893 5098 ambo
2948 5046 3246 5113 plurimum
3303 5047 3565 5099 utilitatis
3623 5064 3690 5100 eo

2106 5144 2353 5207 tempore
2380 5134 2716 5190 Christianis
2748 5136 3080 5191 attulerunt.
3123 5136 3288 5192 Pater
3318 5139 3464 5192 enim
3502 5147 3693 5208 utpote

1656 5310 1925 5364 VALESlI
1962 5309 2519 5368 ANNOTATIONES.

504 5430 612 5499 (65)
657 5430 880 5499 ’Ἄρχων
905 5423 982 5496 ἦν
1012 5423 1301 5499 νἈμάχιος.
1344 5423 1645 5499 Del_endum
1682 5435 1763 5478 cst
1790 5419 1879 5495 ἦν,
1915 5424 1999 5478 vel

429 5493 581 5557 certe
596 5493 732 5568 'cjus'
759 5493 885 5552 loco
912 5493 1270 5568 scribendum
1306 5504 1391 5549 est
1424 5493 1519 5547 ὢν.

504 5572 614 5643 (64)
640 5564 785 5625 "'Ate
806 5570 920 5638 τὴν
940 5567 1163 5637 τέχνην
1181 5564 1610 5637 γραμματικήν.
1635 5564 1827 5620 Melius
1856 5566 1999 5619 scri-

2108 5426 2352 5488 beretur,
2382 5427 2480 5499 τήν
2508 5443 2567 5499 τε
2594 5426 2790 5496 τέχνην
2823 5428 3219 5499 γραμματικήν
3238 5469 3253 5494 ,
3279 5428 3363 5479 vel
3392 5437 3541 5480 certe
3572 5445 3691 5481 mu-

2107 5498 2273 5550 tanda
2308 5503 2394 5550 est
2430 5497 2720 5570 distinctio
2752 5497 3055 5553 boc'modo
3084 5518 3101 5563 ς
3146 5498 3203 5551 ’0
3258 5500 3355 5570 μὲν
3387 5499 3493 5570 γὰρ
3528 5500 3690 5564 εὐθὺς

2106 5566 2491 5637 γραμματικὸς
2520 5568 2639 5621 ᾶτε.

1838 5739 2234 5797 νΑῐιιοιιυΜ.

499 5872 555 5933 γᾷ
577 5865 670 5915 ‘Er
698 5862 772 5930 τῇ
799 5863 999 5933 Μηρῷ.
1044 5863 1119 5920 De
1142 5866 1245 5921 hac
1274 5866 1405 5922 urbe
1424 5864 1547 5921 vide
1576 5863 1775 5921 Valesii
1808 5872 2001 5919 annoi.

428 5935 498 5989 ad
533 5931 752 5990 Suzom.
784 5931 968 6003 liva,
1003 5950 1120 6007 cap.
1158 5937 1236 5992 11.

2185 5871 2207 5898 ι
2248 5859 2636 5925 Μακεδόνιος.
2682 5858 2984 5916 Macedonii
3020 5871 3072 5917 et
3109 5862 3386 5917 sociorum
3423 5881 3543 5917 mer.
3571 5880 3686 5919 orta

2114 5932 2429 5989 celebratur
2467 5933 2799 5989 duodecimo
2831 5933 2919 5989 die
2964 5933 3327 6004 Septembris.
