4508 6588
840 484 949 538 ηΗθ

2324 471 2531 528 ’ἐνεῖται
2548 473 2658 526 ΤΞὸ

3988 463 4091 520 £20

839 597 1231 671 grammaticus
1253 639 1268 663 ,
1304 603 1478 650 artem
1514 591 1928 665 grammaticam
1971 586 2040 643 ad
2082 590 2413 648 Christiana:
2440 596 2487 654 Α
2512 590 2618 664 Χρι

2316 606 2413 646 mae
2440 596 2487 654 Α
2512 586 2880 664 Χριστιανιλέῷ
2922 586 3081 656 τύπῳ
3122 579 3439 638 σιίέταττε·
3475 582 3546 637 τά
3582 599 3640 635 τε
3682 580 3963 644 Μωῦσέως
4003 579 4096 633 Βι-

842 689 1129 760 religionis
1177 687 1407 742 formam
1450 685 1796 756 composuit,
1852 691 1907 739 et
1966 678 2170 755 Moysis
2221 681 2418 738 Libros

843 780 1072 835 heroico
1101 779 1344 835 carmine
1374 778 1770 847 interpretatus
1819 783 1944 842 est;
1984 774 2125 828 alios
2161 783 2419 845 praeterea

850 866 1064 925 Veteris
1109 867 1468 925 instrumenti
1508 867 1682 921 libros
1717 865 1811 936 qui
1859 864 2418 935 historiarum,more

848 960 1154 1031 conscripti
1191 966 1361 1023 sunt,
1404 958 1603 1027 partim
1650 955 1928 1027 dactylico
1974 955 2224 1012 carmine
2254 968 2421 1025 expo-

769 1030 777 1045 ’
849 1054 996 1116 suit,
1032 1052 1232 1124 partim
1265 1051 1335 1105 ad
1372 1049 1604 1105 formam
1643 1049 1927 1121 tragoediae
1968 1051 2220 1120 personis
2266 1047 2422 1103 adhi-

850 1145 983 1200 bitis
1009 1144 1330 1199 elaboravit.
1374 1140 1645 1211 Omnique
1688 1154 2046 1196 numerorum
2099 1154 2298 1210 genere
2353 1138 2422 1193 de

852 1235 1126 1291 industria
1162 1250 1298 1289 usus
1331 1240 1452 1298 est,
1493 1247 1565 1287 ne
1611 1247 1718 1303 qua
1750 1230 2080 1287 Grzecanicm
2124 1230 2423 1287 locutionis

855 1326 1035 1382 l'orma
1066 1326 1402 1381 Christianis
1430 1339 1571 1378 nova
1605 1332 1771 1393 atque
1802 1324 2053 1378 inaudita
2086 1324 2425 1393 relinquere-

854 1428 962 1472 tur.
989 1414 1183 1472 Junior
1210 1425 1390 1470 autem
1412 1415 1767 1487 Apollinaris,
1788 1413 1844 1468 in
1867 1423 1984 1469 arte
2019 1414 2238 1469 dicendi
2268 1413 2427 1469 valde

853 1508 1193 1563 exercitatus
1220 1546 1235 1570 ,
1276 1505 1570 1577 Evangelia
1609 1514 1663 1560 et
1701 1507 2081 1576 apostolorum
2114 1506 2321 1577 scripta
2356 1505 2423 1559 ad

858 1599 1092 1654 formam
1126 1598 1466 1668 dialogorum
1502 1597 1795 1668 exposuit,
1838 1599 2147 1668 exemplum
2183 1595 2428 1652 Platonis

857 1692 1001 1762 apud
1030 1689 1254 1745 Graecos
1286 1698 1530 1745 secutus.
1565 1689 1647 1745 Ad
1677 1690 1823 1745 hunc
1852 1689 2074 1745 modum
2109 1704 2236 1746 cum
2266 1688 2429 1745 Chri-

859 1784 1051 1838 stianae
1086 1781 1345 1851 religioni
1371 1782 1534 1837 utiles
1562 1796 1623 1836 se
1650 1781 2013 1851 praebuissent
2034 1822 2049 1845 ,
2080 1782 2429 1853 imperatoris

860 1873 1219 1928 calliditatem
1261 1887 1362 1926 suo
1398 1872 1585 1937 labore
1621 1879 1973 1942 superarunt.
2009 1870 2209 1928 Verqu
2244 1872 2429 1928 divina

2525 681 2648 735 ὀλία
2681 693 2731 746 ι,
2761 682 2849 736 διὰ
2870 678 2965 734 τοῦ
2991 674 3233 749 ἡρωϊκοῦ
3258 675 3551 749 λεγομένου
3584 675 3781 746 μέτρου
3810 672 4092 745 μετέϐαλε·

2524 771 2620 824 καὶ
2666 770 2768 824 ὅσα
2814 770 2955 824 κατὰ
2999 767 3096 840 τὴν
3144 765 3388 821 Παλαιὰν
3433 764 3704 834 Διαθήκην
3749 765 3807 816 ὲν
3855 761 4096 832 ἱστορίας

2524 861 2681 932 τύπῳ
2724 862 3172 931 συγγέγραπταιί
3202 857 3487 913 καὶτοῦτο
3527 856 3624 927 μὲν
3664 853 3743 924 τῷ
3791 851 4099 922 δακτυλικῷ

2529 955 2715 1027 μέτρῳ
2745 953 3033 1007 συνέταττε
3051 991 3068 1017 ,
3107 949 3264 1005 τοῦτο
3290 950 3347 1003 δὲ
3369 989 3385 1014 ,
3411 949 3504 1002 καὶ
3535 946 3637 1034 τῷ.
3658 946 3758 1016 τῆς
3793 943 4100 1017 τραγῳδίας

2525 1048 2682 1119 τύπῳ
2718 1045 3070 1118 δραματικῶς
3119 1043 3482 1115 ἐξειργάζετο.
3527 1040 3636 1094 Καὶ
3694 1039 3859 1117 παντὶ
3916 1037 4099 1107 μέτρῳ

2530 1138 2779 1211 ρυθμικῷ
2807 1139 3005 1211 ἐχρῆτο
3027 1179 3041 1203 ,
3072 1140 3220 1202 ὅπως
3246 1138 3312 1191 ἂν
3344 1135 3528 1207 μηδεὶς
3558 1132 3757 1205 τρόπος
3781 1129 3881 1201 τῆς
3912 1119 4098 1209 ’,Ελλη-

2529 1230 2686 1301 νικῆς
2733 1230 2979 1302 γλώττης
3026 1233 3139 1295 τοῖς
3170 1228 3513 1302 Χριστιανοῖς
3567 1225 3796 1294 ἀνήκοος
3950 1219 4007 1273 ’0
4041 1218 4099 1273 δὲ

2528 1319 2790 1392 νεώτερος
2831 1321 3204 1393 Ἀπολινάριος
3232 1319 3290 1375 εὖ
3316 1321 3450 1392 πρὸς
3477 1319 3537 1372 τὸ
3562 1317 3737 1386 λέγειν
3768 1328 4101 1386 παρεσκευα·

2533 1413 2758 1485 σμένος,
2790 1414 2858 1467 τὰ
2891 1414 3219 1483 Εὐαγγέλια,
3249 1414 3344 1468 καὶ
3376 1414 3445 1467 τά
3473 1408 3807 1466 ἀποστολικὲ
3833 1407 4099 1476 δόγματα,

2532 1503 2590 1555 ὲν
2621 1501 2776 1571 τύπῳ
2825 1502 3087 1571 διαλόγων
3127 1501 3372 1570 ἐξέθετο,
3407 1485 3549 1554 διαθά
3599 1499 3693 1553 καὶ
3717 1496 3939 1552 Πλάτων
3970 1494 4099 1566 παρ’

2534 1590 2810 1660 Ἕλλησιν.
2844 1589 3001 1645 Οὕτω
3033 1592 3131 1662 μὲν
3163 1587 3257 1644 οὖν
3279 1589 3355 1660 τῷ
3384 1586 3794 1661 Χριστιανισμῷ
3823 1583 4102 1657 χρειώδεις

2535 1682 2792 1751 φανέντες
2813 1724 2829 1747 ,
2868 1682 2962 1737 τοῦ
2997 1681 3261 1754 βασιλέως
3291 1681 3352 1736 τὸ
3378 1681 3619 1750 σόφισμα
3638 1678 3728 1740 διὰ
3752 1677 3860 1731 τῶν
3887 1674 4102 1730 οἰκείων

2536 1771 2713 1825 πόνων
2737 1772 3014 1843 ἐνίκησαν.
3063 1772 3202 1825 Ἀλλ’
3237 1772 3270 1843 η
3294 1771 3521 1842 πρόνοια
3546 1768 3640 1823 τοῦ
3665 1765 3800 1821 Θεοῦ
3831 1766 4102 1837 κρείσσων

2536 1860 2785 1929 ἐγένετο,
2822 1862 2914 1915 καὶ
2971 1862 3071 1932 τῆς
3120 1860 3323 1914 τούτων
3384 1859 3654 1931 σπονδῆς,
3712 1857 3806 1911 καὶ
3861 1857 3956 1927 τῆς
4008 1853 4102 1907 τοῦ

861 1966 1215 2020 Providentia
1249 1973 1362 2018 tum
1403 1964 1744 2036 diligentiam
1788 1966 2048 2031 illorum,
2100 1979 2212 2021 tum
2261 1957 2500 2039 impe-‘B
2533 1950 2633 2021 βασ

2325 1957 2500 2039 ,ρθιΒ
2533 1950 2791 2021 βασιλέως
2821 1951 3017 2023 ὁρμῆς.
3056 1953 3113 2005 ὐ
3151 1953 3246 2023 μὲν
3269 1951 3378 2022 γὰρ
3409 1951 3601 2021 νόμος,
3636 1949 3735 2002 οὐκ
3762 1949 3843 2012 εἰς
3887 1946 4105 2039 μακράν

860 2057 1067 2112 ratoris
1100 2066 1358 2111 conatum
1403 2058 1590 2113 multis
1632 2058 1882 2127 partibus
1916 2059 2070 2112 vicit.
2105 2057 2314 2113 Etenim
2347 2060 2433 2114 lex

863 2148 957 2203 illa
986 2148 1149 2203 simul
1177 2162 1301 2201 cum
1330 2146 1450 2217 ipso
1478 2148 1727 2217 principe
1756 2147 2007 2202 celeriter
2033 2148 2303 2203 exstincta
2329 2157 2432 2214 est,

863 2248 924 2294 ut
976 2240 1031 2293 in
1081 2254 1387 2310 progressu
1425 2239 1670 2294 historia:
1717 2239 2157 2295 declarabimus:
2205 2241 2434 2295 istorum

864 2340 1044 2385 autem
1096 2330 1311 2383 labores
1369 2329 1591 2398 perinde
1638 2328 1909 2384 habentur
1957 2343 2020 2383 ac
2077 2330 2123 2404 si
2160 2345 2436 2400 nunquam

866 2420 1061 2490 scripti
1116 2418 1372 2474 fuissent.
1409 2416 1610 2472 Verum
1653 2418 1743 2472 hic
1786 2418 1987 2489 aliquis
2034 2419 2195 2475 nobis
2241 2421 2440 2476 acriter

866 2521 1118 2566 occurret
1149 2509 1222 2563 ita
1250 2508 1443 2563 dicens
1470 2526 1484 2560 :
1518 2508 1630 2562 Cur
1660 2508 1754 2562 Dei
1787 2510 2131 2580 providentia
2163 2512 2265 2564 ista
2303 2509 2418 2567 ﬁeri

868 2599 1154 2656 aliirmas?
1188 2600 1399 2655 Etenim
1437 2600 1670 2655 celerem
1711 2602 1930 2671 quidem
1967 2601 2319 2672 imperatoris
2354 2603 2439 2657 in-

869 2694 1094 2748 teritum
1147 2692 1588 2748 Christianorum
1649 2693 1814 2748 rebus
1880 2692 2156 2762 profuisse
2202 2702 2440 2750 constat.

869 2785 1026 2852 Quod
1061 2800 1190 2839 vero
1217 2783 1533 2839 Christiana
1562 2783 1959 2854 Apollinarium
1993 2785 2198 2855 scripta
2233 2786 2444 2856 abjecta

871 2887 1003 2932 sunt
1039 2892 1070 2931 e
1107 2874 1364 2929 manibus
1386 2914 1402 2940 ,
1434 2881 1487 2930 et
1521 2874 1818 2930 Christiani
1849 2873 2162 2930 Graecorum
2196 2876 2445 2948 discipli-

872 2969 958 3022 nis
982 2969 1163 3023 denuo
1189 2966 1358 3021 imbui
1381 2977 1667 3036 cmperunt
1687 3006 1702 3030 ,
1728 2966 1781 3021 id
1809 2966 2139 3022 Christianae
2161 2968 2447 3039 religionis

875 3059 1304 3129 haudquaquam
1335 3058 1617 3113 conducit.
1650 3058 1963 3114 Periculosa
1994 3060 2140 3114 enim
2177 3058 2448 3132 imprimis

872 3163 925 3207 et
949 3152 1109 3206 noxia
1133 3160 1216 3206 cst
1239 3149 1553 3205 Graecorum
1581 3149 1871 3221 disciplina
1893 3189 1908 3215 ,
1939 3152 2139 3222 quippe
2167 3167 2290 3221 quae
2318 3151 2450 3206 deo-

876 3260 997 3299 rum
1033 3243 1444 3298 multitudinem
1479 3242 1708 3298 inducit.
1736 3244 1816 3297 Ad
1864 3245 1977 3298 haec
2015 3260 2115 3299 nos
2161 3260 2262 3315 pro
2303 3246 2448 3301 virili

2534 2043 2748 2114 ἀπέσϐη
2777 2042 2854 2115 τῷ
2882 2044 3092 2114 βασιλεί
3115 2083 3128 2107 ,
3151 2044 3225 2105 ὼς
3247 2043 3524 2117 προϊόντες
3553 2041 3889 2113 δηλώσομεν·
3921 2039 4026 2092 τῶν
4048 2038 4103 2091 δὲ

2533 2134 2583 2186 οἱ
2603 2133 2776 2197 πόνοι,
2808 2136 2863 2186 ὲν
2897 2134 2994 2205 ἴσῳ
3021 2133 3115 2187 τοῦ
3153 2134 3227 2204 μὴ
3257 2133 3533 2211 γραφῆναι
3563 2131 3866 2201 λογίζονται
3884 2131 3932 2183 ι).
3965 2130 4103 2182 Ἀλλ’

2535 2227 2652 2298 ἐρεῖ
2704 2243 2787 2290 τις
2845 2226 3058 2296 γοργῶς
3111 2225 3247 2297 πρὸς
3294 2226 3438 2296 ἡμᾶς
3489 2223 3743 2279 ἀπαντῶν
3773 2236 3792 2257 ⁶
3831 2222 3954 2287 Πῶς
4000 2223 4105 2293 φῂς

2538 2317 2766 2388 προνοίᾳ
2808 2316 2943 2369 Θεοῦ
2989 2314 3160 2369 ταῦτα
3207 2315 3499 2383 γενέσθαι;
3546 2313 3655 2385 Τὴν
3704 2313 3801 2377 μὲν
3847 2312 3956 2383 γὰρ
4008 2310 4102 2365 τοῦ

2541 2408 2799 2479 βασιλέως
2826 2410 3048 2478 ταχεῖαν
3078 2406 3353 2479 τελευτὴν,
3384 2406 3728 2478 λυσιτελῆσαι
3754 2405 3828 2476 τῷ
3856 2406 4106 2476 Χριστια-

2539 2500 2715 2571 νισμῷ
2760 2499 2916 2570 δῆλόν
2976 2504 3112 2554 ἐστι.
3174 2500 3248 2553 Τὸ
3309 2498 3367 2552 δὲ
3429 2495 3797 2571 παρερρίφθαι
3863 2495 3930 2549 τά
3994 2497 4102 2550 τῶν
4164 2506 4167 2509 ’

2551 2592 2938 2660 Ἀπολιναρίων
2959 2591 3305 2661 χριστιανικά
3328 2590 3605 2659 ποιήματα
3621 2631 3635 2653 ,
3668 2589 3760 2643 καὶ
3799 2588 3958 2641 πάλιν
3980 2589 4106 2651 τοὺς

2540 2683 2897 2753 Χριστιανοὺς
2917 2682 3016 2751 τὴν
3039 2680 3304 2751 Ἑλλήνων
3332 2680 3621 2751 μανθάνειν
3641 2680 3905 2745 παιδείαν,
3924 2678 4107 2732 οὐκέτι

2540 2772 2698 2826 τοῦτο
2737 2771 3033 2824 λυσιτελεῖν
3062 2769 3138 2841 τῷ
3155 2769 3582 2842 Χριστιανισμῷ.
3612 2766 3753 2839 Πρὸς
3776 2765 3975 2837 βλάϐης
4001 2764 4110 2835 γὰρ

2544 2863 2681 2921 εἶναι
2707 2865 2804 2936 τὴν
2848 2863 3168 2935 Ἑλληνικὴν
3197 2862 3449 2917 παιδείαν
3474 2903 3488 2922 ,
3520 2859 3808 2915 πολυθεῖαν
3833 2858 4112 2913 διδάσκου-

2547 2975 2665 3011 σαν.
2694 2957 2834 3028 Πρὸς
2866 2955 3035 3009 ταῦτα
3060 2952 3172 3018 οὖν,
3200 2954 3266 3009 τὰ
3310 2954 3683 3007 ὑποπίπτοντα
3714 2955 3847 3025 ἡμῖν
3884 2951 3959 3015 ὡς
4003 2947 4112 3004 οἷόν

2545 3067 2605 3104 τε
2630 3050 2875 3119 λέξομεν.
2908 3049 2974 3102 Ἠ
3011 3047 3299 3119 Ἑλληνικὴ
3329 3048 3610 3112 παίδευσις
3634 3091 3647 3113 ,
3684 3046 3806 3101 οὔτε
3838 3045 3987 3117 παρά
4017 3043 4112 3098 τοῦ

2547 3141 2783 3212 Χριστοῦ
2810 3181 2825 3205 ,
2850 3138 2973 3192 οὔτε
3003 3139 3151 3212 παρὰ
3190 3139 3296 3193 τῶν
3325 3138 3489 3193 αὐτοῦ
3515 3137 3770 3209 μαθητῶν
3794 3175 3808 3199 .
3897 3137 3971 3200 ῶς
4006 3134 4118 3189 θεό-

2550 3249 2812 3295 πνευστος
2864 3231 3092 3301 ἐδέχθη,
3132 3231 3166 3302 ἢ
3213 3231 3288 3291 ὼς
3338 3231 3633 3302 ἐπιϐλαϐὴς
3676 3228 3955 3302 ἐξεϐλήθη.
4007 3231 4116 3282 Καὶ

875 3342 1031 3402 parte
1077 3348 1140 3388 ea
1181 3332 1678 3403 respondebimus,
1723 3350 1844 3406 qua:
1892 3336 2053 3392 nobis
2104 3337 2160 3391 iu
2210 3346 2445 3392 mentem
2475 3304 2518 3362 δ
2549 3322 2655 3374 τοῖν

2340 3346 2445 3392 rem
2475 3304 2518 3362 δ
2549 3322 2724 3385 τοῦτο,
2747 3322 2819 3386 ὡς
2844 3321 2980 3391 ἡγοῦ
2990 3339 3107 3392 μαι,
3125 3321 3223 3405 0οκ
3249 3323 3594 3393 ἀπρονοήτως
3627 3321 3901 3393 ἐποίησαν.
3925 3322 4116 3376 Πολλα

876 3425 1125 3481 veniunt.
1155 3424 1451 3480 Gentilium
1486 3426 1813 3496 disciplinas
1845 3426 2101 3483 Christus
2129 3437 2183 3483 et
2213 3427 2331 3496 ejus
2368 3430 2450 3483 di-

878 3516 1078 3587 scipuli
1110 3531 1212 3571 nec
1239 3524 1605 3586 susceperunt
1637 3524 1898 3588 tanquam
1930 3518 2228 3588 inspiratas
2255 3517 2453 3574 divini-

878 3614 968 3660 tus
992 3645 1006 3670 ,
1038 3620 1141 3659 nec
1169 3603 1326 3674 192
1357 3611 1616 3674 tanquam
1650 3605 1839 3659 noxias
1866 3605 2087 3675 penitus
2116 3606 2448 3674 reiecerunt.

880 3698 1056 3766 Atque
1115 3696 1168 3750 id
1223 3696 1480 3750 consulto
1533 3695 1602 3750 ab
1653 3696 1766 3752 illis
1817 3696 2019 3751 factum
2067 3712 2188 3752 esse
2231 3697 2447 3767 Opinor.

882 3785 1035 3841 Multi
1069 3788 1212 3841 enim
1244 3786 1386 3856 apud
1416 3785 1639 3842 Graecos
1670 3786 2009 3858 philosophi,
2048 3803 2079 3842 a
2124 3787 2215 3842 Dei
2259 3787 2450 3858 cognio

881 3875 1029 3929 tione
1086 3873 1233 3929 haud
1309 3876 1501 3944 procul
1561 3875 1877 3930 abfuernnt.
1944 3874 2078 3928 Nam
2141 3875 2451 3932 disserendi

881 3968 1116 4023 scientia
1164 3968 1465 4031 instructi,
1521 3967 1790 4023 adversus
1843 3966 2145 4039 Epicureos
2199 3976 2254 4021 et
2312 3968 2449 4021 alios

885 4058 1264 4115 contentiosos
1308 4059 1588 4129 sophistas
1621 4059 1715 4129 qui
1754 4058 1846 4113 Dei
1900 4059 2303 4128 providentiam
2352 4074 2450 4115 ne-

880 4138 1117 4220 gabant,
1171 4158 1394 4206 strenue
1437 4149 1823 4215 deccrtarunt,
1875 4164 2065 4203 eorum
2096 4148 2449 4204 confutantes

883 4241 1181 4297 inscitiam.
1219 4241 1298 4295 Ac
1325 4256 1423 4311 per
1456 4241 1559 4296 hos
1593 4241 1813 4311 quidem
1856 4240 2029 4296 libros
2061 4240 2192 4294 viris
2230 4240 2450 4310 pietatis

882 4332 1149 4388 studiosis
1176 4347 1283 4387 non
1310 4348 1502 4402 parum
1533 4333 1835 4388 attulerunt
1856 4332 2106 4389 utilitatis
2132 4350 2145 4385 ε
2184 4333 2237 4387 id
2266 4339 2450 4387 tamen

883 4420 1031 4491 quod
1086 4421 1370 4492 religionis
1429 4430 1596 4492 caput
1655 4429 1776 4486 est,
1834 4421 2260 4493 haudquaquam
2322 4429 2453 4477 sunt

828 4518 843 4537 δ
884 4512 1149 4579 assecuti,
1199 4520 1491 4584 pr0pterca
1525 4512 1672 4585 quod
1701 4514 2020 4584 mysterium
2057 4513 2259 4568 Christi
2293 4527 2325 4566 a
2356 4528 2451 4584 ge-

2548 3414 2656 3485 γὰρ
2694 3413 2802 3468 τῶν
2832 3414 2964 3485 παρ’
2998 3400 3228 3483 Ἕλλησι
3273 3414 3748 3485 φιλοσοφησάντων
3770 3456 3787 3481 ,
3814 3415 3872 3468 οὐ
3900 3420 4117 3486 μακρὰν

2544 3505 2638 3560 τοῦ
2667 3505 2866 3576 γνῶναι
2893 3507 2981 3560 τὸν
3000 3506 3132 3560 Θεὸν
3160 3507 3425 3574 ἐγένοντο.
3446 3507 3557 3560 Καὶ
3584 3506 3690 3578 γὰρ
3714 3508 3962 3579 καὶπρὸς
3988 3508 4115 3570 τοὺς

2544 3597 2910 3669 ἀπρονοησίαν
2980 3599 3300 3666 εἰσάγοντας
3337 3635 3353 3661 ,
3411 3590 3523 3650 οἷον
3594 3597 3963 3669 Ἑπικουρίους
4002 3638 4017 3663 ,
4087 3597 4118 3668 ἢ

2546 3688 2721 3752 ἄλλως
2782 3691 3129 3760 ἐριστικοὺς,
3190 3688 3328 3761 μετά
3375 3689 3475 3759 τῆς
3534 3688 3758 3759 λογικῆς
3812 3692 4120 3760 ἐπιστήμης

2548 3782 2808 3849 γενναίως
2839 3783 3156 3853 ἀπήντησαν
3181 3822 3197 3845 ,
3241 3782 3341 3853 τὴν
3395 3781 3633 3852 ἀμαθίαν
3674 3781 3851 3836 αὐτῶν
3893 3781 4121 3852 ἀνατρέ-

2551 3890 2743 3936 ποντες
2765 3891 2778 3904 ο
2815 3874 2909 3926 καὶ
2959 3874 3048 3927 διὰ
3096 3873 3299 3927 τούτων
3332 3873 3434 3926 τῶν
3482 3872 3687 3941 λόγων,
3718 3872 3993 3944 χρειώδεις
4023 3873 4121 3942 μὲν

2548 3966 2663 4028 τοῖς
2712 3965 2810 4034 τὴν
2845 3965 3124 4018 εὐσέϐειαν
3155 3964 3409 4034 ἀγαπῶσι
3464 3965 3843 4035 κατέστησανο
3895 3965 3955 4016 οὐ
4016 3963 4122 4034 μὴν

2549 4056 2647 4126 τῆς
2676 4056 2916 4127 κεφαλῆς
2939 4055 3029 4110 τοῦ
3055 4056 3214 4125 λόγου
3242 4057 3572 4128 ἐκράτησαν,
3602 4055 3696 4109 τοῦ
3726 4056 3800 4126 μὴ
3829 4055 4031 4124 γνῶναι
4060 4064 4123 4107 τὸ

2553 4146 3035 4216 ἀποκρυπτόμενον
3083 4145 3189 4199 ἀπὸ
3234 4145 3342 4199 τῶν
3371 4144 3572 4215 γενεῶν
3601 4147 3693 4198 καὶ
3722 4145 3828 4199 ἀπὸ
3852 4145 3960 4197 τῶν
3989 4142 4122 4197 αἰώ-

2555 4253 2661 4291 νων
2682 4236 2822 4291 κατά
2846 4237 3080 4306 Χριστὸν
3107 4238 3420 4307 μυστήριον.
3464 4237 3573 4290 Καὶ
3596 4236 3742 4289 τοῦθ’
3764 4236 3935 4298 οὓτως
3957 4234 4043 4305 ἔχε
4054 4253 4123 4301 ιν,

2557 4330 2690 4399 ὲντῇ
2713 4328 2847 4399 πρὸς
2871 4328 3171 4398 Ῥωμαίους
3187 4325 3511 4399 Ἐπιστολῇό
3532 4327 3851 4390 Ἀπόστολος
3862 4327 4121 4391 δείκνυσι,

2554 4419 2621 4472 δι’
2641 4412 2716 4474 ὧν
2744 4434 2906 4488 φησιν
2926 4433 2938 4446 ·
2987 4418 3482 4474 Ἀποκαλύπτεται
3513 4418 3621 4488 γὰρ
3656 4418 3799 4488 ὀργὴ
3837 4419 3984 4473 Θεοῦ
4023 4421 4126 4474 ἀπ’

2555 4507 2861 4579 οὐρανῶν,
2903 4508 3004 4563 ἐπὶ
3055 4509 3261 4565 πᾶσαν
3301 4508 3580 4564 ἀσέϐειαν
3617 4511 3713 4564 καὶ
3746 4509 3984 4565 ἀδικίαν
4023 4511 4129 4566 ἀν·

2047 4688 2416 4746 VARIORUM
2449 4683 2999 4744 ANNOTATIONES.

957 4844 985 4872 ι
1042 4829 1117 4884 τά
1146 4847 1217 4901 τε
1262 4831 1556 4898 Μωυσέως
1603 4830 1830 4901 Βιϐλία.
1882 4830 2015 4891 lmo.
2049 4846 2096 4884 ει
2146 4845 2261 4885 rem
2308 4836 2459 4901 recte
2491 4813 2737 4901 l31580,

2348 4836 2459 4901 cete
2491 4813 2739 4901 l31580,
2775 4826 2853 4892 8°,
2889 4829 3383 4901 qumnuncpatri
3428 4829 3767 4901 Apollinari,
3819 4846 3965 4887 nunc
4014 4831 4128 4886 ﬁlio

888 4911 1081 4955 narrat
1131 4899 1505 4964 Snzontcnus,
1543 4910 1711 4955 lotam
1758 4900 2109 4970 Hebraeorum
2156 4899 2458 4970 antiquita-

886 4980 995 5024 tem
1048 4986 1224 5040 usque
1271 4970 1338 5024 ad
1375 4986 1601 5040 regmnn
1648 4970 1872 5034 Saulis.
1916 4969 2105 5026 eodem
2137 4985 2333 5025 versus
2363 4985 2460 5039 ge-

889 5055 1020 5095 nere
1062 5041 1437 5109 conscripsit,
1471 5050 1526 5094 et
1558 5041 1881 5095 universum
1930 5055 2071 5110 opus
2118 5042 2173 5095 in
2219 5048 2462 5110 quatuor

887 5123 943 5181 et
975 5109 1169 5181 viginti
1224 5119 1409 5181 partes
1456 5111 1830 5181 distribuens,
1890 5109 2128 5180 singulis
2176 5109 2334 5165 libris
2388 5126 2453 5166 ex

887 5179 1061 5260 Graeci
1104 5179 1382 5260 atphabeti
1427 5181 1631 5260 litteris
1663 5179 1861 5260 ordine
1904 5182 2202 5260 recensitis
2248 5196 2456 5260 cogno-

846 5270 859 5281 -
888 5257 1136 5303 mentum
1162 5248 1394 5303 indidit:
1418 5250 1557 5306 adeo
1580 5258 1640 5304 ut
1663 5251 1813 5305 brevi
1838 5258 2088 5319 tempore
2115 5248 2455 5306 lucubratio-

890 5334 989 5391 nes
1022 5320 1397 5391 composuerit
1426 5329 1480 5374 et
1515 5335 1749 5375 numero
1775 5334 1831 5374 et
1856 5322 2180 5389 praestantia
2212 5324 2457 5391 aequales

891 5388 960 5444 iis
1006 5405 1128 5459 qua:
1153 5387 1294 5459 apud
1325 5387 1544 5444 Crzeeos
1586 5391 1641 5444 in
1675 5404 1741 5444 eo
1777 5387 1980 5459 genere
2008 5391 2255 5446 celebres
2280 5387 2458 5446 exsti-

892 5467 1050 5530 tcre,
1079 5474 1176 5515 seu
1211 5462 1429 5530 genium
1452 5499 1468 5524 ,
1506 5475 1601 5515 seu
1639 5460 1935 5515 dictionem
1957 5500 1973 5525 ,
2005 5476 2123 5530 Aseu
2175 5459 2446 5526 formam,

892 5528 1443 5667 ῗευμῗὲερρξὲἰρηεηι
1466 5530 1649 5601 operis
1684 5537 1922 5601 spectes.
1967 5528 2138 5602 (Guil.
2165 5531 2310 5587 Cave
2344 5533 2455 5587 vol.

937 5639 952 5666 ,
1026 5636 1037 5651 .
1098 5640 1111 5652 .
1256 5640 1268 5653 .

894 5613 952 5666 ι,
988 5614 1111 5666 pag.
1147 5613 1268 5653 uo.

1189 5614 1355 5742 [5:101
1392 5673 1584 5735 πόνοι,
1621 5669 1842 5742 ericio)
1880 5668 1987 5725 τοῦ
2019 5671 2105 5740 μὴ
2161 5670 2459 5742 τραφῆναι

890 5738 1242 5808 λογίζονται.
1264 5738 1467 5812 Verum
1500 5749 1681 5796 exstat
1707 5738 2459 5812 hodiegmetaphra'sis'Psal-

892 5822 1104 5880 I_uorum
1127 5817 1239 5880 tum
1265 5810 1318 5865 in
1343 5811 1660 5880 Appendice
1683 5810 1755 5865 ab
1778 5808 2172 5880 Bibliothecam
2193 5811 2417 5867 Patrum
2442 5850 2458 5877 ,

892 5875 1071 5936 Paris.
1136 5879 1304 5948 1024,
1360 5875 1476 5937 tuin
1529 5895 1781 5938 seorsum
1838 5879 1985 5936 edita
2033 5881 2221 5940 Graece
2276 5875 2457 5940 Paris.

2567 4898 2849 4969 tribuitur.
2895 4898 3045 4952 Patri
3090 4898 3298 4969 rectius
3341 4898 3709 4969 meo—judicio
3758 4902 3987 4956 aSt'l'ibil
4022 4902 4130 4955 Ce-

2565 4969 2765 5043 rardus
2794 4966 3056 5043 Vossius,
3093 4968 3168 5023 De
3200 4970 3396 5024 histor.
3430 4966 3603 5043 Graec.
3640 4972 3734 5030 lib.
3769 4988 3843 5035 tt,
3872 4988 3993 5043 cap.
4028 4971 4125 5039 l8,

2565 5038 3212 5114 cui_etian_t_a_seribercm
3240 5057 3345 5114 ego
3368 5042 3690 5114 tragoediam
3714 5058 3835 5112 quae
3870 5038 4128 5100 Christus

2564 5108 2783 5180 patiens
2817 5110 3045 5180 dicitur,
3083 5119 3135 5165 et
3170 5108 3482 5180 sub‘Greg:
3532 5108 3858 5167 Nazian'zeni
3905 5114 4130 5169 nomine

2562 5180 2708 5233 inter
2734 5178 2856 5248 ejus
2901 5178 3078 5248 Opera
3111 5181 3308 5234 excudi
3348 5178 3507 5236 solet.
3544 5181 3666 5236 Filii
3712 5186 3972 5237 librorum
4016 5184 4129 5235 fra-

2561 5256 2785 5319 gmenta
2807 5248 3027 5319 aliquot
3049 5252 3103 5304 in
3132 5250 3358 5305 Catenis
3376 5259 3616 5308 veterum
3650 5251 3705 5306 in
3729 5252 3860 5317 Job,
3889 5253 3942 5306 in
3972 5251 4130 5308 Psal-

2562 5317 2713 5392 i_nos,
2745 5319 2798 5371 in
2824 5317 3136 5392 Matthaeum
3151 5360 3180 5392 ,_
3197 5320 3429 5392 Lucam,
3462 5334 3594 5385 etc.,
3616 5325 3840 5392 reperiri
3872 5335 4126 5392 possunt.

2564 5386 2796 5461 Exstant
2829 5392 2993 5461 etiam
3025 5388 3121 5461 Cr.
3162 5389 3284 5445 Lat.
3332 5391 3580 5461 epistola!
3621 5386 3744 5447 dtia:
3769 5394 3835 5447 ad
3866 5386 4126 5449 Basiliam

2563 5458 2709 5527 apud
2747 5457 3384 5515 CotcleruMonuntenl.’
3413 5460 3621 5518 Eccles.
3658 5462 3833 5518 Graec.
3871 5476 4004 5517 tom.
4045 5463 4127 5527 ll;

2561 5543 2752 5603 verum
2785 5544 2854 5583 an
2882 5532 3135 5603 genuinae
3162 5532 3311 5594 sint,
3347 5530 3589 5603 dubitari
3618 5542 3821 5603 potest.
3852 5534 4130 5588 Aula-rtus

2560 5597 2958 5673 ‘Miraeus‘notis
2984 5601 3039 5654 in
3057 5600 3384 5673 llieronymi
3414 5597 3735 5673 Catalogum
3774 5605 4022 5659 meminit
4058 5604 4123 5656 li-

2560 5668 2688 5744 belli
2710 5669 3010 5744 cujusdam
3055 5670 3130 5744 De
3172 5668 3431 5744 aetatibus
3466 5668 3788 5744 hominum,
3823 5675 3925 5731 sub
3956 5678 4129 5744 Apol-

2561 5738 3018 5815 linarii__nomine
3064 5741 3280 5815 Lcodiei
3325 5756 3472 5796 anno
3522 5743 3663 5798 1575
3704 5744 3840 5799 editi
3866 5763 3881 5800 :
3911 5744 3981 5799 de
4008 5738 4130 5815 "quo

2560 5809 2706 5887 q_u_o_d
2737 5809 2958 5887 dicam”
2986 5827 3120 5887 _non
3175 5812 3621 5887 liabeo,_utpotc
3655 5831 3818 5887 quem
3848 5809 4131 5887 nunquam

2562 5879 2694 5935 vidi.
2728 5880 2897 5951 (Cave
2926 5878 3062 5938 ibid.
3092 5889 3145 5941 ct
3178 5897 3301 5954 pag.
3330 5881 3484 5950 203.)
