4508 6588
428 497 526 552 ﬁl

1383 500 1709 559 HISTORIA
1742 502 2305 560 ECCLESiASl‘lCﬁ“
2350 534 2416 545 —
2448 506 2577 564 ΜΒ.
2615 509 2696 563 Ill.
3574 519 3677 574 4:23

428 613 702 681 (ιίιώπων,
743 613 863 667 τῶν
892 614 1008 682 τὴν·
1043 615 1331 681 ἀλήθειαν
1368 618 1438 671 ἐν
1479 619 1681 686 ἀδικίᾳ
1725 623 2002 689 κατεχόνυ
2034 635 2077 685 Α
2108 638 2206 678 ner

1892 623 2002 687 εόνυ
2034 635 2077 685 Α
2108 624 2488 680 nerationihus
2519 633 2572 680 ct
2604 626 2821 682 sarculis
2851 628 3231 685 absconditum
3266 632 3578 703 ignorarent
3604 637 3672 692 ετ.

427 721 576 770 των,
618 704 767 759 διότι
803 708 885 759 ’τὸ
921 708 1193 776 γνωστὸν
1218 710 1324 763 τοῦ
1356 712 1504 764 Θεοῦ
1534 713 1797 780 φανερόν
1832 713 2004 767 ἐστιν

431 794 493 843 ἐν
543 792 767 859 αὐτοῖς.
813 794 866 847 '0
928 795 1071 863 Θεὸς
1126 797 1239 867 γὰρ
1289 799 1493 865 αὐτοῖς
1525 801 1887 868 ἐφανέρωσε.
1929 804 2004 857 Τὰ

427 885 534 952 γὰρ
575 872 820 953 ἀόρατα
859 889 1044 943 αὐτοῦ
1068 928 1083 955 ,
1117 890 1233 944 ἀπὸ
1291 892 1544 957 κτίσεως
1603 895 1834 962 κόσμου
1878 894 2002 961 τοῖς

428 975 715 1045 ποιήμασι
739 979 1033 1048 νοούμενα
1079 980 1417 1049 καθορᾶται,
1444 981 1482 1050 ἦ
1513 999 1575 1035 τε
1600 984 1788 1051 ἀΐδιος
1815 986 1999 1039 αὑτοῦ

426 1068 677 1138 δύναμις
698 1070 796 1124 καὶ
826 1073 1055 1140 θειότης
1079 1115 1091 1134 τ
1140 1076 1226 1141 εἰς
1258 1074 1324 1128 τὸ
1354 1072 1504 1129 εἶναι
1531 1078 1750 1144 αὐτοὺς
1780 1080 2001 1133 ἀναπο-

423 1159 721 1229 λογήτους
750 1180 763 1192 ·
801 1163 950 1216 διότι
981 1167 1228 1233 γνόντες
1260 1168 1367 1221 τὸν
1397 1170 1546 1223 Θεὸν
1570 1212 1583 1234 ,
1614 1173 1725 1241 οὺχ
1749 1173 1829 1239 ὡς
1853 1172 2001 1227 Θεὸν

423 1249 747 1315 ἐδόξασαν.
782 1254 886 1306 Διά
921 1254 1123 1308 τούτων
1171 1259 1446 1325 φαίνονται
1490 1260 1689 1327 γνῶσιν
1732 1263 1830 1331 μὲν
1867 1263 2000 1335 ἁληο

426 1342 577 1406 Θείας
604 1343 818 1413 ἔχοντες
836 1387 850 1409 ,
884 1348 950 1417 ἣν
978 1350 1006 1400 ό
1026 1347 1158 1411 Θεὸς
1192 1350 1375 1414 αὐτοῖς
1398 1352 1759 1421 ἐφανέρωσεν.
1786 1356 1997 1425 Ἕνοχοι

424 1435 480 1489 δὲ
514 1438 790 1503 γίνονται,
826 1440 959 1493 διότι
991 1440 1212 1508 γνόντες
1256 1445 1348 1497 τόν
1392 1445 1523 1499 Θεὸν
1546 1485 1562 1509 ,
1613 1447 1709 1516 οὐχ
1745 1448 1819 1509 ὡς
1865 1448 1997 1501 Θεὸν

425 1528 700 1592 ἐδόξασαν.
735 1531 944 1585 Οὐκοῦν
971 1531 1031 1585 τὸ
1075 1532 1148 1602 μὴ
1183 1534 1423 1594 κωλῦσαι
1462 1538 1531 1590 τὰ
1567 1537 1836 1608 Ἑλλήνων
1865 1556 1999 1609 μαν-

425 1619 640 1685 θάνειν,
673 1623 740 1691 τῇ
789 1622 984 1696 γνώμῃ
1026 1623 1135 1675 τῶν
1174 1624 1511 1696 βουλομένων
1555 1629 1866 1686 κατέλιπον.
1902 1625 1997 1695 Εἷς

428 1711 527 1779 μὲν
568 1707 662 1764 οὖν
690 1708 844 1777 οὗτος
872 1714 1029 1782 λόγος
1058 1716 1300 1785 εἰρήσθω
1327 1720 1456 1787 ἡμῖν
1488 1723 1625 1790 πρὸς
1664 1721 1724 1773 τὸ
1771 1722 1996 1791 προκεὶ-

426 1817 606 1868 μενον.
634 1802 860 1872 ’Έτερος
894 1804 948 1857 δὲ
970 1805 1209 1869 τοιοῦτος
1233 1823 1247 1838 ο
1271 1809 1334 1860 Λὶ
1380 1809 1725 1864 θεόπνευστοι
1758 1812 1988 1883 Γραφαὶ,

422 1892 667 1961 δόγματα
697 1893 795 1963 μὲν
825 1894 1114 1965 Θαυμαστὰ
1166 1900 1260 1951 καὶ
1308 1899 1476 1965 ὅντως
1505 1901 1621 1955 θεῖα
1661 1903 1990 1958 διδάσκουσι.

2104 717 2285 785 Atque
2318 716 2422 771 hoc
2456 718 2529 771 ita
2570 734 2627 773 se
2658 721 2862 774 habere
2882 764 2895 784 ,
2926 720 3223 791 Apostolus
3255 725 3307 777 in
3337 724 3580 795 Epistola
3608 730 3674 783 ad

2107 808 2387 863 Romanos
2416 808 2663 864 declarat
2692 812 2777 866 his
2808 812 3032 867 verbis:
3076 813 3356 867 Revelatur
3416 819 3553 870 enim
3592 819 3678 872 ira

2108 893 2202 949 Dei
2230 896 2292 949 de
2323 898 2449 951 caelo
2480 914 2635 965 super
2662 918 2865 954 onmem
2896 903 3215 970 impietatem
3249 914 3297 958 et
3338 905 3675 975 iniquitatem

2103 984 2404 1053 hominum,
2430 991 2520 1059 qui
2551 993 2820 1046 veritatem
2848 994 2902 1047 in
2937 994 3202 1063 injustitiu
3234 998 3464 1052 detinent
3493 1015 3510 1062 ;
3548 1001 3674 1069 quia

2103 1077 2240 1139 quod
2270 1088 2449 1131 notum
2489 1091 2566 1137 est
2603 1083 2733 1148 Dei,
2771 1088 3108 1154 manifestum
3143 1100 3220 1142 est
3264 1090 3315 1142 in
3359 1092 3488 1146 illis.
3534 1091 3672 1145 Dt-us

2101 1170 2242 1222 enim
2274 1170 2382 1224 illis
2415 1176 2655 1228 ret'elavit
2716 1175 3015 1232 Im-isibilia
3045 1182 3182 1233 enim
3210 1183 3323 1249 ejus
3354 1201 3385 1235 a
3414 1186 3674 1239 creatione

2102 1258 2286 1311 mundi
2316 1276 2407 1328 per
2436 1277 2497 1314 ea
2524 1280 2640 1332 quia
2675 1265 2819 1333 facta
2849 1278 2969 1319 sunt
2995 1308 3008 1331 ,
3043 1269 3307 1323 intellecta
3341 1274 3673 1339 conspiciun-

2102 1356 2209 1411 tur,
2242 1352 2557 1417 sempiterna
2588 1372 2787 1424 quoque
2824 1356 2938 1424 ejus
2973 1358 3138 1411 virtus
3185 1373 3337 1430 atque
3378 1362 3627 1417 divinitas
3653 1381 3671 1418 :

2100 1438 2229 1493 adeo
2262 1450 2319 1493 ut
2357 1442 2462 1495 sint
2494 1445 2921 1511 inea'cusabiles;
2967 1451 3091 1519 quia
3138 1467 3256 1504 cum
3310 1458 3671 1524 cognovissent

2102 1528 2288 1597 Deum,
2311 1548 2411 1586 non
2436 1546 2491 1587 ut
2520 1536 2684 1589 Deum
2708 1538 3135 1606 gloriﬁcaverunt
3161 1542 3226 1595 7°.
3254 1543 3327 1597 Ex
3358 1548 3556 1615 quibus
3586 1564 3674 1617 ap-

2099 1630 2255 1689 paret
2286 1623 2548 1681 habuisse
2576 1628 2796 1695 quidem
2836 1629 2957 1684 illos
2985 1633 3233 1689 veritatis
3261 1638 3628 1706 cognitionem
3652 1680 3668 1705 ,

2097 1727 2259 1781 quam
2316 1713 2457 1772 Deus
2507 1716 2642 1786 ipsis
2696 1719 3076 1787 patefecerat;
3116 1740 3237 1780 reos
3289 1736 3471 1782 tamen
3509 1746 3667 1797 esse,

2096 1814 2384 1874 propterea
2421 1811 2561 1877 quod
2592 1826 2713 1863 cum
2753 1810 2919 1867 lleum
2947 1817 3361 1883 cognovissent,
3393 1836 3501 1874 non
3527 1822 3670 1876 sicut

2095 1897 2266 1951 Deum
2301 1898 2695 1969 glorificaruut.
2730 1903 2867 1957 Cum
2903 1905 3069 1975 igitur
3101 1910 3336 1976 apostoli
3381 1912 3666 1981 gentilium

424 1984 532 2035 Καὶ
589 1984 789 2055 πολλὴν
844 1988 941 2056 μὲν
1002 1989 1286 2045 εὐλάϐειαν
1348 1993 1440 2045 καὶ
1506 1991 1619 2063 βίον
1670 1995 1829 2065 ὀρθὸν
1884 2000 1994 2061 τοῖς
2026 1987 2067 2041 Β
2096 1989 2204 2044 δίε(

1884 2000 1994 2061 τοῖς
2026 1987 2067 2041 Β
2096 1989 2409 2059 disciplinis
2450 2007 2670 2061 operam
2706 1995 2839 2050 dare
2874 2013 3223 2068 nequaquam
3264 2005 3569 2068 voluerint,
3610 2005 3663 2060 id

420 2076 714 2145 ἀκροαταῖς
744 2078 1058 2145 ἐντιθέασι,
1097 2082 1280 2135 πίστιν
1313 2101 1369 2137 τε
1416 2082 1637 2155 θεοφιλῆ
1670 2088 1783 2148 τοῖς
1828 2104 1993 2139 σπου-

420 2165 587 2229 δαίοις
610 2168 961 2238 παρέχουσιν.
1008 2172 1083 2225 Οὐ
1119 2174 1225 2244 μὴν
1264 2175 1457 2247 τέχνην
1502 2176 1806 2231 διδάσκουσι
1842 2178 1990 2247 λογι-

421 2257 520 2326 κὴν
540 2298 555 2323 ,
592 2259 727 2332 πρὸς
756 2260 817 2313 τὸ
845 2261 1103 2317 δύνασθαι
1136 2266 1384 2337 ἀπαντᾷν
1413 2269 1522 2331 τοίς
1551 2267 1893 2339 βουλομένοις
1922 2275 1988 2343 τῇ

418 2351 644 2425 ἀληθείᾳ
674 2355 1096 2429 προσπολεμεῖν.
1132 2361 1346 2432 Σφόδρα
1394 2362 1452 2415 δὲ
1488 2364 1991 2435 καταπολεμῶνται

417 2439 466 2492 οἱ
496 2442 744 2513 πολέμιοι
771 2484 783 2508 ,
812 2447 941 2501 ὅταν
985 2453 1098 2513 τοῖς
1144 2451 1326 2503 αὐτῶν
1357 2451 1543 2517 ὅπλοις
1575 2453 1835 2525 χρώμεθα
1868 2456 1990 2510 κατ’

418 2532 616 2586 αὑτῶν.
649 2534 819 2589 Τοῦτο
856 2539 912 2591 δὲ
940 2540 1039 2593 οὐκ
1068 2542 1191 2612 ἐνῆν
1229 2542 1493 2613 ὑπάρξειν
1518 2548 1631 2609 τοῖς
1664 2545 1990 2618 Χριστιανί-

419 2623 607 2692 ζουσι,
649 2629 716 2682 δι’
750 2623 825 2683 ὧν
873 2632 923 2684 οἱ
966 2633 1328 2707 Ἀπολινάριοι
1379 2636 1644 2707 ἔγραψαν.
1684 2639 1854 2692 Τοῦτο
1895 2642 1988 2694 καὶ

417 2717 444 2767 ό
468 2714 719 2785 βασιλεὺς
751 2717 1033 2785 Ἰουλιανὸς
1061 2725 1341 2794 σκοπήσας
1364 2764 1379 2788 ,
1410 2726 1558 2795 νόμῳ
1586 2728 1712 2791 τοὺς
1736 2729 1989 2807 Χριστιαι

418 2807 543 2893 uti;
590 2808 865 2884 ἀπιὲρεπε
914 2812 1292 2885 τ’ᾲηἙλλῄνων
1340 2802 1710 2897 πέἶξξῦεσθᾶἶέ
1764 2815 1835 2874 Εὖ
1878 2820 1987 2892 γὰρ

414 2890 677 2968 ἠπίστατο
705 2936 719 2963 ,
743 2902 821 2965 ὡς
868 2904 920 2956 οι
965 2904 1123 2974 μῦθοι
1174 2906 1483 2961 εὐδιάϐολον
1512 2894 1803 2982 αὖτοῦῗέὴν
1830 2911 1987 2976 δόξαν

418 2995 754 3061 ποιήσουσιν.
797 2991 899 3050 Ὧν
950 2996 1043 3049 καὶ
1096 3002 1399 3067 καταγνοὺς
1444 3001 1739 3074 Σωκράτης
1785 3007 1813 3057 ό
1855 3008 1984 3077 παρ’

417 3082 598 3144 αὐτοῖς
628 3085 1056 3153 κορυφαιότατος
1086 3086 1370 3155 φιλόσοφος
1394 3128 1409 3149 ,
1439 3089 1513 3152 ὡς
1541 3092 1987 3162 παραχαράσσων

416 3174 481 3226 τὰ
549 3176 677 3245 παρ’
737 3178 919 3241 αὐτοῖς
984 3178 1234 3249 δαιμόνια
1302 3182 1617 3254 κατεκρίθη.
1668 3184 1878 3247 ’Ἄλλως
1928 3204 1984 3239 τε

416 3266 796 3336 παρεγγυῶσιν
837 3270 967 3339 ἡμῖν
990 3270 1018 3322 ὅ
1040 3286 1097 3322 τε
1122 3270 1356 3341 Χριστὸς
1388 3272 1482 3324 καὶ
1526 3274 1555 3325 ὁ
1602 3272 1795 3326 τούτου
1824 3276 1984 3328 ’Λπό-

417 3357 768 3428 στολος(65),
801 3358 1041 3427 γίνεσθαι
1087 3360 1407 3432 τραπεζῖται
1436 3364 1688 3435 δόκιμοι,
1739 3366 1876 3420 ὥστε
1917 3368 1985 3421 τὰ

418 3448 593 3503 πάντα
621 3451 934 3520 δοκιμάζειν
963 3493 976 3516 ,
1005 3452 1064 3507 τὸ
1109 3454 1273 3509 καλὸν
1310 3457 1655 3526 κατέχοντας.
1691 3460 1985 3530 Προσέχειν

415 3540 471 3593 δὲ
503 3543 574 3611 μή
614 3560 699 3605 τις
724 3544 867 3613 ὑμᾶς
899 3544 1047 3599 ἔσται
1076 3545 1407 3616 συλαγωγῶν
1432 3548 1518 3602 διὰ
1546 3549 1644 3620 τῆς
1670 3551 1984 3621 φιλοσοφίας

416 3632 510 3683 καὶ
542 3632 703 3702 κενῆς
729 3635 961 3704 ἀπάτης.
992 3635 1160 3689 Τοῦτο
1208 3639 1265 3691 δὲ
1311 3641 1409 3692 οὐκ
1439 3640 1505 3693 ἂν
1551 3642 1851 3712 πεισόμεθα
1871 3685 1884 3709 ,
1936 3646 1982 3696 εἰ

418 3724 489 3790 μὴ
550 3724 688 3778 ὅπλα
753 3726 860 3779 τῶν
901 3727 1172 3798 πολεμίων
1225 3731 1569 3803 κτησαίμεθα
1602 3772 1617 3797 ,
1656 3736 1747 3787 καὶ
1795 3738 1852 3788 ὲν
1903 3735 1981 3805 τῷ

417 3816 683 3881 κτᾶσθαι,
731 3819 805 3889 μὴ
853 3820 921 3873 τὰ
973 3821 1079 3873 τῶν
1132 3823 1405 3893 πολεμίων
1458 3825 1743 3896 φρονῶμεν
1779 3843 1792 3857 ⁸
1844 3827 1978 3881 ἀλλὰ

412 3908 472 3960 τὸ
513 3908 612 3978 μὲν
643 3911 809 3963 κακὸν
858 3913 1239 3984 ἐκτρεπόμεθα
1273 3932 1286 3946 ο
1326 3915 1387 3967 τὸ
1438 3916 1494 3969 δὲ
1542 3918 1703 3971 καλὸν
1745 3919 1839 3972 καὶ
1878 3919 1976 3991 τὴν

412 3998 665 4069 ἀλήθειαν
690 3999 921 4071 ἔχοντες,
944 4004 1120 4057 πάντα
1145 4006 1634 4078 προσλαμϐόινομεν
1668 4009 1985 4080 δοκιμάζον-

410 4108 520 4154 τες.
571 4092 642 4143 Τὸ
668 4095 775 4163 γὰρ
821 4095 981 4148 καλὸν
1028 4095 1152 4149 ἔνθα
1195 4096 1259 4149 ἂν
1311 4093 1377 4170 ᾖ,
1416 4099 1545 4151 ἴδιον
1590 4100 1689 4169 τῆς
1729 4100 1982 4172 ἀληθείας

414 4185 573 4237 ἐστίν.
611 4186 672 4238 El
707 4186 762 4239 δέ
796 4203 878 4249 τις
918 4190 1065 4257 ἡμᾶς
1106 4188 1290 4258 βιαίως
1330 4192 1502 4245 ταῦτα
1538 4192 1715 4260 λέγειν
1750 4194 1980 4265 νομίζει,

416 4279 739 4347 σκοπησάτω
770 4279 851 4332 ὅτι
902 4282 930 4333 ὁ
987 4282 1303 4345 Ἀπόστολος
1371 4285 1430 4335 οὺ
1470 4284 1629 4353 μόνον
1670 4287 1731 4338 οὐ
1786 4287 1981 4340 κωλύει

415 4368 702 4438 μανθάνειν
736 4370 1047 4442 Ἑλληνικὴν
1075 4374 1387 4429 παίδευσιν·
1422 4376 1555 4428 ἀλλὰ
1589 4378 1696 4447 γὰρ
1722 4378 1971 4447 φαίνεται

414 4459 506 4509 καὶ
554 4458 715 4523 αὐτὸς
746 4460 820 4530 μὴ
869 4461 1152 4531 ἀμελήσας
1194 4463 1383 4533 αὐτῆς,
1415 4462 1600 4516 ἕνεκεν
1628 4464 1721 4515 τοῦ
1771 4465 1971 4532 γνῶναι

413 4547 580 4601 πολλὰ
625 4547 732 4600 τῶν
791 4548 1093 4619 εἰρημένων
1140 4553 1249 4614 τοῖς
1296 4552 1567 4623 Ἕλλησιν.
1629 4553 1779 4606 Ἐπεὶ
1812 4554 1972 4607 πόθεν

410 4634 723 4706 ὁρμώμενος
755 4616 951 4705 ἔλεγελ
973 4639 1198 4707 Ᾱζρῆτες
1224 4641 1312 4693 ἀεὶ
1346 4616 1624 4709 venerat,
1670 4647 1825 4698 κακὰ
1868 4647 1975 4713 θη-
2004 4616 2053 4677 D

401 4730 525 4794 ρία,
554 4726 837 4796 γαστέρες
885 4728 1076 4798 ἀργαὶ,
1106 4732 1153 4782 εἰ
1191 4730 1265 4801 μὴ
1309 4733 1437 4795 τοὺς
1491 4733 1826 4804 Ἐπιμενίδου
1878 4735 1972 4790 τοῦ

413 4818 643 4890 Κρητὸς,
680 4818 867 4888 ἀνδρὸς
895 4821 1165 4887 reiectat"),
1206 4823 1497 4890 ἀνεγνώκει
1524 4826 1803 4895 χρησμούς
1838 4827 1971 4896 (ϐϐ);

480 4981 522 5011 ⁶⁹
554 4983 769 5042 Coloss.
805 5001 842 5051 !,
867 4984 956 5040 26.
1031 4985 1076 5017 ⁷ο
1099 4984 1260 5040 Rom.
1285 5003 1323 5051 ι,
1360 4988 1540 5042 -18-21.

1616 4986 1659 5017 '”
1703 4986 1720 5039 1
1753 4986 1949 5044 Thess.
1978 5006 2031 5057 ν,
2065 4992 2153 5046 ει.

2094 2082 2147 2135 in
2180 2082 2451 2153 cujusque
2490 2084 2721 2139 arbitrio
2754 2088 2923 2141 situm
2964 2104 3087 2144 esse
3126 2093 3440 2148 voluerunt.
3485 2097 3666 2166 Atque

2093 2173 2210 2227 haec
2248 2176 2421 2243 prima
2462 2177 2534 2230 sit
2570 2178 2711 2233 ratio
2750 2195 2858 2248 qua
2899 2182 2965 2235 ad
3019 2187 3357 2252 propositam
3407 2191 3667 2255 quaestio-

2092 2280 2216 2320 nem
2274 2269 2692 2337 respondemus.
2732 2273 2917 2326 Altera
2980 2290 3113 2329 vero
3164 2290 3247 2332 est
3299 2278 3663 2347 hujusmodi:

2093 2358 2400 2429 Scriptura:
2459 2362 2728 2419 divinitus
2801 2366 3083 2436 inspirata;
3142 2369 3396 2441 dogmata
3445 2376 3662 2443 quidem

2090 2452 2408 2508 admiranda
2437 2457 2665 2510 tradunt
2694 2474 3033 2529 prin-susque
3059 2460 3245 2518 divina
3273 2483 3283 2517 :
3322 2477 3372 2520 et
3403 2478 3514 2522 tum
3545 2471 3663 2523 exi—

2090 2542 2254 2594 miam
2288 2543 2544 2613 pietatem
2576 2555 2896 2619 rectumque
2931 2552 3144 2607 vivendi
3178 2556 3450 2611 rationem
3498 2561 3660 2614 audi-

2089 2640 2270 2687 torum
2301 2638 2501 2692 animis
2538 2638 2855 2704 insinuant,
2892 2651 3005 2696 tum
3043 2642 3200 2698 ﬁdem
3238 2644 3346 2701 Deo
3374 2664 3659 2720 acceptam

2088 2726 2355 2782 studiosis
2392 2728 2711 2787 hominibus
2751 2735 3013 2801 przebent.
3055 2736 3242 2792 Artem
3279 2755 3410 2793 vero
3444 2740 3661 2797 dicendi

2089 2820 2314 2874 minime
2348 2820 2578 2889 docent,
2612 2840 2719 2894 qua
2756 2826 2864 2879 illis
2893 2828 2987 2896 qui
3023 2831 3311 2886 veritatem
3339 2848 3656 2904 oppugnare

2088 2906 2363 2975 nituntur,
2430 2915 2690 2968 resistere
2752 2918 3053 2984 possimus.
3123 2918 3296 2976 Porro
3357 2925 3657 2981 adversarii

2088 3006 2220 3054 tunc
2275 3000 2534 3058 facillime
2576 3016 2981 3076 expugnantur,
3036 3025 3158 3065 cum
3217 3014 3439 3070 illorum
3489 3019 3659 3073 armis

2087 3098 2281 3145 contra
2314 3092 2462 3160 ipsos
2494 3096 2723 3149 utimur.
2765 3095 2913 3151 Istud
2945 3108 3126 3155 autem
3162 3100 3491 3159 Christianis
3527 3122 3659 3177 sup-

2090 3191 2273 3249 petere
2309 3197 2417 3237 non
2453 3193 2664 3253 poterat
2702 3204 2766 3241 ex
2806 3188 2872 3242 iis
2927 3190 3081 3244 libris
3132 3209 3269 3262 quos
3314 3196 3659 3264 Apollinares

2088 3273 2491 3344 conscripsere.
2529 3276 2685 3342 Quod
2716 3294 2839 3333 cum
2868 3279 3121 3337 Julianus
3152 3286 3312 3338 etiam
3350 3292 3659 3359 perspexis-

2090 3370 2209 3423 set.
2242 3364 2361 3433 lege
2392 3365 2499 3418 lata
2548 3367 2830 3436 prohibuit
2877 3386 2947 3425 ne
2990 3370 3288 3427 Christiani
3340 3376 3655 3433 Graecorum

2087 3455 2395 3525 disciplinis
2450 3459 2851 3539 imbuerentur.
2899 3462 3077 3519 Probe
3111 3467 3254 3521 enim
3296 3470 3506 3524 sciebat
3567 3473 3655 3526 fu-

2087 3555 2267 3601 turum
2292 3547 2573 3605 utfabulae
2600 3552 2936 3622 opinionem,
2974 3571 3138 3626 quam
3176 3559 3292 3629 ipse
3330 3562 3652 3631 imbiberat,

2086 3640 2371 3693 ridiculam
2422 3650 2476 3696 et
2521 3646 2943 3712 reprehensioni
2995 3649 3290 3704 obnoxiam
3343 3655 3652 3709 redderent.

2084 3728 2233 3794 Quas
2277 3732 2499 3801 quidem
2552 3733 2811 3791 Socrates
2852 3739 3302 3811 philosophorum
3346 3749 3485 3815 apud
3532 3748 3655 3804 illos

2087 3823 2247 3877 facile
2283 3825 2539 3896 princeps
2570 3842 2692 3881 cum
2726 3830 3097 3900 improbaret,
3128 3838 3353 3905 perinde
3384 3854 3445 3893 ac
3474 3841 3517 3895 si
3547 3842 3655 3896 dac-

2087 3917 2271 3970 monia
2329 3917 2574 3987 ipsorum
2630 3922 2839 3978 violare
2900 3934 3199 3992 tentasset,
3257 3931 3652 3989 condemnatus

2081 4013 2185 4060 est.
2223 4007 2490 4063 Praeterea
2524 4017 2640 4064 tum
2682 4010 2971 4079 Christus,
3027 4026 3138 4070 tum
3190 4020 3311 4088 ejus
3357 4024 3653 4092 Apostolus

2081 4098 2242 4151 nobis
2297 4099 2631 4170 praecipiunt
2668 4111 2727 4155 ut
2754 4103 2928 4160 simus
2964 4108 3089 4161 boni
3124 4113 3509 4179 ηυιιιηιυΙιιι-ἰί,
3537 4131 3654 4170 oni-

2080 4190 2171 4243 nia
2206 4190 2424 4258 quidem
2459 4193 2814 4262 explorantes
2837 4237 2851 4261 ,
2890 4199 3034 4266 quod
3066 4209 3248 4255 autem
3294 4205 3524 4271 probum
3568 4219 3651 4261 est

2080 4279 2382 4335 retinentes
2410 4282 2477 4333 τί.
2510 4283 2984 4356 Attendamusque
3035 4306 3101 4344 ne
3148 4294 3272 4361 quis
3327 4311 3422 4364 per
3468 4300 3647 4366 philo-

2079 4372 2327 4442 SOphiam
2364 4382 2418 4428 et
2447 4374 2663 4431 inanem
2695 4377 2963 4434 fallaciam
3001 4399 3102 4437 nos
3133 4386 3366 4455 decipiat
3398 4390 3462 4441 τ’.
3501 4390 3649 4447 Istud

2080 4472 2260 4517 autent
2305 4480 2585 4536 nunquam
2628 4483 3007 4539 assequemur,
3055 4476 3161 4531 nisi
3204 4479 3646 4536 adversariorum

2080 4555 2247 4609 armis
2282 4557 2576 4624 potiamur,
2619 4558 2797 4630 iisque
2830 4565 3019 4632 potiti,
3053 4582 3160 4619 non
3189 4569 3328 4623 idem
3361 4588 3484 4625 cum
3514 4575 3646 4642 ipsis

2081 4648 2382 4703 sentiamus
2412 4689 2427 4713 ,
2476 4651 2571 4705 sed
2617 4654 2821 4707 malum
2870 4655 3090 4723 quidem
3138 4674 3492 4728 aversemur,
3545 4666 3645 4719 bo-

2081 4756 2210 4793 num
2260 4748 2439 4794 autem
2481 4757 2546 4796 ac
2596 4743 2752 4814 193
2788 4747 3072 4802 veritatem
3115 4761 3402 4817 tenentes,
3444 4766 3644 4812 cuncta

2080 4844 2202 4899 quae
2248 4830 2584 4888 assumimus
2630 4835 2998 4905 exploremus.
3050 4840 3257 4896 Bonum
3300 4846 3479 4913 enim,
3523 4847 3644 4901 ubi-

2230 4994 2275 5024 "
2311 4993 2525 5050 Coloss.
2569 5011 2630 5060 ιι,
2664 4995 2716 5049 8.

1611 5144 1879 5199 VALESli
1918 5146 2471 5206 ANNOTATIONES.

480 5234 591 5305 (65)
632 5235 695 5284 Ὅ
733 5251 796 5288 τε
835 5236 1084 5303 Χριστὸς
1122 5236 1218 5289 καὶ
1262 5240 1293 5289 ό
1330 5238 1543 5291 τούτου
1587 5238 1962 5305 Ἀπόστολος.

408 5304 528 5370 Quo
559 5307 613 5358 in
656 5306 774 5359 loco
817 5307 868 5359 id
903 5316 1232 5375 praeceptum
1268 5305 1475 5360 Christi
1519 5309 1752 5375 legatur,
1807 5320 1861 5362 ut
1892 5304 1966 5363 si-

407 5391 521 5427 mus
552 5376 672 5427 boni
701 5376 1043 5429 numntularii
1063 5416 1077 5440 ,
1112 5377 1382 5429 incertum
1412 5386 1512 5431 est.
1540 5376 1674 5432 Nam
1701 5378 1754 5432 in
1784 5378 1964 5433 Evan-

407 5446 566 5512 geliis
593 5446 699 5521 hoc
730 5454 1057 5521 praeceptum
1088 5462 1196 5521 non
1227 5446 1444 5521 legitur.
1478 5448 1581 5503 Sed
1615 5464 1738 5521 cum
1774 5449 1965 5521 Orige-

408 5531 505 5569 nes
534 5526 587 5568 et
622 5513 982 5584 Hieronymus
1014 5516 1157 5569 istud
1187 5532 1215 5569 a
1241 5513 1463 5570 Christo
1493 5518 1810 5573 mandatum
1840 5513 1963 5576 esse

405 5585 782 5657 consentiant,
810 5596 861 5657 et
887 5586 1239 5657 ab_Apostolo
1271 5596 1456 5657 postea
1488 5590 1821 5642 inculcatum
1855 5591 1958 5653 sit,

405 5656 679 5726 asseptior
706 5653 909 5709 Jacobo
934 5653 1186 5719 Usserio,
1218 5653 1314 5726 qui
1350 5657 1554 5712 dictum
1588 5658 1720 5713 illud
1755 5661 1959 5715 Christi

406 5726 458 5777 in
519 5724 811 5795 Evangelio
860 5728 1158 5780 secundum
1207 5724 1464 5783 Hebraeos
1513 5730 1741 5784 relatum
1793 5731 1959 5785 fuisse

402 5797 701 5867 existimat.
755 5796 930 5849 Porro
978 5797 1141 5861 hujus
1180 5798 1314 5852 dicti
1354 5798 1606 5867 frequens
1641 5801 1845 5853 mentio
1874 5809 1959 5855 est

404 5866 547 5918 amid
586 5873 816 5920 veteres.
868 5867 1105 5920 Meminit
1151 5869 1293 5922 inter
1326 5866 1555 5922 eieteros
1594 5869 1870 5924 Palladius
1904 5874 1955 5924 in

408 5932 527 5988 Vua
574 5932 801 5990 Joannis
845 5936 1259 6006 Chrysoslomi,
1297 5940 1368 5993 ita
1392 5939 1664 6010 loquens:
1706 5943 1955 5996 Γίνεσθε

2072 5243 2200 5319 γαρ,
2244 5246 2461 5319 φησλνῄ
2507 5245 2715 5319 Γραφῇ,
2756 5249 2987 5319 δόκιμοι
3051 5253 3378 5318 τραπεζῖται
3406 5295 3418 5316 ,
3446 5256 3510 5309 τὸ
3549 5258 3638 5310 κί-

2072 5295 2315 5395 θδὴίιῲ¹
2334 5295 2461 5397 dare.
2504 5295 2617 5371 eo?)
2630 5295 2650 5315 Υ
3480 5295 3640 5397 “qua:

2072 5386 2256 5437 notavi
2288 5386 2352 5438 ad
2387 5387 2583 5440 librum
2616 5404 2666 5441 vt
2711 5386 3084 5445 Eusebii'cao.
3121 5393 3171 5445 7.

2149 5409 2256 5437 tuVI
2288 5409 2352 5438 dU
2387 5409 2583 5440 IIUI'UIII
2616 5409 2666 5441 Vl
2711 5409 2929 5445 nusetnt
2962 5409 3023 5445 C3
3072 5433 3084 5445 .
3129 5409 3171 5445 Ι.

2142 5454 2253 5524 (66)
2281 5454 2983 5535 Ἀνεγνώίει-γρησμούς.
3032 5409 3195 5535 finita
3232 5464 3453 5532 quidem
3496 5484 3635 5535 prae-

2071 5521 2384 5601 dicta’sunt
2426 5521 2507 5601 ab
2552 5521 2892 5601 Epiiuenide,
2930 5521 3125 5600 partim
3177 5521 3633 5601 Atheniensibus,

2071 5595 2270 5673 partim
2293 5594 2748 5673 Lacedzemoniis,
2803 5594 3001 5670 partim
3045 5603 3215 5673 etiam
3260 5594 3632 5673 Cretensibus,

2071 5672 2129 5717 ut
2160 5665 2340 5742 videre
2390 5675 2476 5721 est
2504 5669 2645 5742 apud
2688 5665 2981 5742 Diogenem
3037 5671 3338 5729 Laertium.
3398 5665 3631 5734 Oracula

2066 5741 2248 5789 tamen
2278 5738 2347 5814 ab
2376 5752 2441 5814 eo
2464 5737 2666 5806 scripta
2691 5737 2813 5797 essé
2848 5757 3117 5810 nusquam
3168 5744 3293 5814 legi.
3331 5744 3528 5803 Suidas
3558 5752 3633 5803 ait

2064 5819 2189 5886 eum
2233 5806 2527 5886 scripsisse
2554 5821 2801 5886 poemata
2820 5806 3333 5886 qua:dam_mysiica
3363 5826 3415 5869 et
3447 5822 3633 5886 expia.-

2066 5878 2227 5955 toria,
2254 5884 2308 5930 et
2340 5880 2444 5930 alia
2483 5877 2739 5955 quaedam
2781 5876 3054 5955 ohscura:
3081 5876 3325 5955 Ἔγραψε
3372 5888 3427 5939 δὲ
3462 5876 3630 5943 πόλλὰ

2063 5946 2287 6010 ἐπικῶς,
2325 5951 2595 6020 μυστήρια
2641 5951 2735 6002 καὶ
2769 5953 3119 6021 καθάρματα,
3160 5946 3283 6009 ’καῖ
3314 5957 3448 6012 ἄλλα
3492 5962 3631 6013 alw-
