4508 6588
433 447 540 504 ιεῦ

1394 437 1725 495 HISTORIA
1765 432 2335 492 ECCLESIASTICA.
2369 460 2436 474 —
2469 432 2599 489 LIB.
2633 433 2718 487 IlI.

3587 434 3691 489 Hi3

432 561 490 627 ἐξ
518 555 712 614 αὐτοῦ·
748 555 809 609 τὸ
846 555 1089 626 νόμισμά
1137 570 1193 606 τε
1228 552 1392 607 αὐτοῦ
1434 551 1633 623 ταῦρον
1677 551 1820 622 ἔχειν
1846 561 1893 616 ο,
1923 550 2018 603 καὶ
2045 556 2092 611 Α
2121 546 2212 601 Iun

1931 550 2018 603 καὶ
2045 556 2092 611 Α
2121 546 2283 602 funes
2322 562 2388 602 ex
2428 563 2493 603 ea
2528 549 2818 603 texendos.
2850 545 3092 617 Denique
3119 548 3339 602 aiebant
3371 558 3590 603 taurum
3635 552 3711 605 in'

433 652 523 704 τὸν
551 648 751 717 κόσμον
769 644 1192 716 ἀνατετράφθαι.
1220 645 1313 698 Ὧν
1340 644 1449 715 γὰρ
1476 642 1541 714 δὴ
1568 645 1596 696 6
1613 641 1867 713 βασιλεὺς
1882 640 2017 711 πολὺ

432 737 798 807 δεισιδαίμων,
823 736 1056 807 ταύρους
1080 752 1140 789 τε
1178 734 1414 803 συνεχῶς
1437 732 1578 786 θύων
1601 732 1737 803 πρὸς
1762 735 1873 795 τοῖς
1914 730 2022 801 βω·

437 833 556 902 μοῖς
597 828 705 883 τῶν
758 828 1022 893 εἰδώλων,
1050 826 1229 897 βωμὸν
1278 826 1372 877 καὶ
1418 823 1617 894 ταῦρον
1647 822 2020 893 ἐντυπωθῆναι

437 921 749 975 κεκελεύκει
764 920 842 990 τῷ
869 918 1061 973 ἑαυτοῦ
1110 916 1425 988 νομίσματι.
1453 915 1548 968 Ἐκ
1588 914 1792 967 τούτων
1818 913 1882 984 δὴ
1910 911 2019 965 τῶν

438 1012 787 1083 σκωμμάτων
813 1013 892 1074 εἰς
912 1010 1079 1081 ὀργὴν
1110 1008 1357 1062 ἐκπεσὼν
1384 1010 1411 1061 ό
1452 1005 1731 1078 βασιλεὺς,
1754 1003 2021 1074 διηπείλει

440 1106 546 1157 πᾶν
561 1102 779 1172 ποιῆσαι
792 1101 960 1156 κακὸν
974 1104 1042 1171 τῇ
1058 1098 1372 1169 Ἀντιοχέων
1388 1099 1557 1151 πόλει·
1582 1098 1676 1150 καὶ
1696 1096 1788 1149 ἐπὶ
1807 1095 2021 1165 Ταρσὸν

438 1197 535 1265 τῆς
554 1194 805 1258 Κιλικίας
836 1191 1225 1262 ὲξυποστρέφει
1256 1190 1367 1260 (68)
1389 1207 1401 1217 ·
1420 1192 1536 1243 ἐκεῖ
1558 1206 1615 1242 τε
1644 1187 1711 1242 τὰ
1743 1187 2022 1258 ἐπιτήδεια

440 1285 701 1350 κελεύσας
723 1283 1166 1355 εὐτρεπισθῆναι,
1203 1282 1461 1352 ἀπαίρειν
1490 1278 1839 1342 ἐσπούδαζεν.
1860 1278 2023 1331 Ὅθεν

441 1377 699 1431 ὑπόθεσιν
749 1375 905 1445 ἔσχεν
942 1378 969 1429 6
1015 1374 1272 1444 σοφιστὴς
1305 1372 1577 1438 Λιϐάνιος,
1607 1372 1814 1442 γράψαι
1847 1370 1937 1423 τόν
1963 1384 2023 1421 τε

444 1468 835 1541 πρεσϐευτικδν
887 1468 1029 1539 ὑπὲρ
1083 1465 1421 1537 Ἀντιοχέων,
1456 1466 1549 1518 καὶ
1586 1464 1677 1516 τὸν
1724 1462 1859 1533 πρὸς
1903 1462 2024 1515 ’Λν-

442 1563 640 1630 τιοχείς
709 1561 969 1631 περὶτῆς
1015 1558 1109 1612 τοῦ
1160 1557 1421 1628 βασιλέως
1460 1556 1634 1628 ὀργῆς
1676 1555 1807 1626 (69).
1866 1552 2026 1608 Ἀλλὰ

442 1652 664 1717 τούτους
691 1652 789 1722 μὲν
803 1654 928 1714 τοὺς
954 1651 1143 1719 λόγους
1169 1651 1301 1717 φασὶ
1321 1650 1605 1721 γράψαντα
1633 1649 1723 1702 τὸν
1747 1647 2023 1719 σοφιστὴν,

449 1743 645 1815 μηκέτι
676 1744 755 1805 εἰς
777 1741 1003 1804 πολλοὺς
1034 1741 1335 1812 εἰρηκέναι.
1368 1741 1425 1793 '0
1456 1739 1707 1809 βασιλεὺς
1736 1739 1793 1791 δὲ
1821 1738 2028 1811 ἀφέμε-

444 1853 535 1899 νος
577 1834 759 1905 ἔργοις
786 1836 912 1897 τοὺς
940 1834 1231 1905 ύδρικότας
1283 1830 1611 1903 ἀμύνασθαι,
1652 1830 1730 1901 τῷ
1762 1831 2027 1884 ἀντισκῶ-

444 1926 546 1996 ψαι
574 1926 672 1995 τὴν
696 1925 865 1995 ὀργὴν
892 1923 1202 1978 διελύσατο·
1224 1924 1315 1976 τὸν
1334 1922 1442 1993 γὰρ
1470 1920 1845 1991 πεπονημένον
1876 1920 2027 1992 αὐτῷ

462 2016 812 2086 ’Δντιοχικδῃ
837 2016 955 2086 ἦτοι
982 2014 1342 2083 αισοπώγωνα
1370 2011 1863 2082 λόγοντδιεξελθὼν,
1888 2013 2032 2079 στίγ-

452 2126 602 2178 ματα
666 2108 888 2178 διηνεκῆ
921 2110 988 2178 τῇ
1026 2107 1343 2177 ’Δντιοχέων
1375 2106 1527 2160 πόλει
1554 2105 1861 2160 κατέλιπεν.
1894 2105 2030 2174 Περί

454 2200 556 2270 μὲν
583 2200 646 2271 δὴ
667 2198 871 2253 τούτων
905 2199 1138 2252 τοσαῦτα
1166 2197 1425 2268 εἰρήσθω.
1464 2197 1696 2250 Λεκτέον
1727 2196 1783 2249 δὲ
1817 2197 1911 2250 καὶ
1941 2192 2031 2251 οἷα

451 2296 564 2357 τοῖς
593 2293 653 2346 ἐν
700 2292 1003 2364 Ἀντιοχείᾳ
1040 2292 1387 2363 Χριστιανοῖς
1412 2292 1441 2344 6
1476 2289 1730 2362 βασιλεὺς
1754 2291 1875 2344 τότε
1930 2306 2030 2342 πε-

453 2404 695 2455 ποιηκει.

2121 641 2243 709 ejus
2279 641 2519 696 nummis
2556 641 2833 711 sculptum
2864 655 3007 705 esse,
3033 655 3063 694 a
3093 656 3201 710 quo
3227 640 3438 695 scilicet
3466 658 3692 699 eversus

2120 738 2266 786 esset
2308 731 2462 787 orbis
2504 739 2803 787 terrarum.
2845 731 3057 803 Quippe
3096 734 3394 802 imperator
3424 748 3548 787 cum
3584 734 3695 789 dm-

2123 838 2345 879 monum
2394 824 2785 894 superstitioso
2815 824 2983 878 cultui
3037 824 3324 878 admodum
3360 824 3580 882 deditus
3606 842 3697 882 es-

2122 922 2229 979 set,
2264 922 2318 969 et
2350 914 2416 969 ad
2442 930 2567 971 aras
2601 915 2828 970 deorum
2857 930 3084 971 suorum
3118 914 3343 971 assidue
3374 924 3567 971 tauros
3593 918 3698 971 im-

2122 1008 2373 1069 molaret,
2403 1023 2555 1062 aram
2590 1018 2645 1063 et
2667 1017 2883 1062 taurum
2918 1010 3160 1065 nununis
3181 1010 3297 1065 suis
3323 1009 3696 1079 insculpijus-

2124 1108 2291 1155 serat.
2337 1099 2435 1154 llis
2465 1100 2711 1156 dicteriis
2740 1102 3037 1171 imperator
3062 1102 3127 1155 ad
3160 1102 3296 1156 iram
3341 1110 3695 1172 provocatus,

2123 1190 2268 1245 malo
2301 1206 2359 1245 se
2392 1191 2783 1245 mulctaturum
2812 1192 3006 1247 urbem
3042 1191 3495 1247 Antiochensium
3519 1195 3696 1247 mina-

2123 1294 2215 1340 tus
2246 1295 2350 1348 est,
2384 1293 2437 1339 ct
2458 1284 2689 1341 Tarsum
2719 1285 2924 1341 Ciliciae
2954 1301 3325 1341 reversurum.
3351 1286 3596 1358 Cumque
3631 1287 3699 1341 il-

2123 1381 2196 1436 lic
2232 1380 2549 1436 necessaria
2584 1381 2767 1451 parari
2798 1380 3082 1450 jussisset,
3118 1397 3183 1437 ex
3223 1381 3444 1437 civitate
3477 1381 3697 1437 disces-

2127 1474 2220 1529 sit.
2250 1473 2384 1538 Ome
2419 1488 2509 1528 res
2538 1474 2884 1528 occasionem
2920 1475 3154 1545 praebuit
3179 1474 3439 1543 sophistae
3472 1474 3702 1529 Libanio

2126 1564 2264 1618 duas
2291 1563 2571 1618 orationes
2608 1562 2885 1619 scribendi
2914 1582 2927 1618 :
2965 1564 3190 1619 alteram
3214 1564 3282 1619 ad
3313 1565 3702 1636 imperatorem

2127 1671 2228 1725 pro
2259 1654 2727 1710 Antiochensibus
2751 1694 2765 1720 ,
2806 1654 3033 1710 alteram
3085 1654 3152 1708 ad
3196 1656 3595 1711 Antiochenses
3635 1656 3704 1711 de

2128 1746 2481 1816 imperatoris
2539 1746 2640 1800 ira.
2669 1743 2874 1800 Verum
2927 1746 3026 1800 has
3077 1745 3356 1801 orationes
3412 1746 3703 1817 scripsisse

2128 1838 2348 1905 quidem
2374 1838 2618 1909 sophista
2646 1838 2741 1892 ille
2762 1838 2989 1901 dicitur,
3011 1852 3120 1891 non
3151 1845 3335 1892 tamen
3372 1839 3588 1906 publice
3614 1853 3702 1893 re-

2126 1929 2351 1983 citasse.
2383 1928 2684 1998 Imperator
2716 1944 2845 1984 vero
2872 1930 3089 1999 abjecto
3109 1930 3291 1999 priore
3312 1932 3567 1988 consilio.
3593 1945 3706 2000 quo

2124 2022 2385 2090 iniuriam
2411 2022 2517 2077 sibi
2549 2037 2580 2075 ι
2604 2021 3071 2077 conviciatoribus
3103 2023 3306 2075 illatam
3327 2021 3489 2076 factis
3512 2024 3705 2078 ulcisci

2125 2113 2482 2175 decreverat,
2520 2113 2823 2183 reciprocis
2864 2112 3131 2169 conviciis
3178 2128 3242 2167 ac
3285 2113 3533 2170 dicteriis
3563 2117 3704 2169 iram

2125 2216 2280 2255 suam
2314 2203 2574 2272 explevit.
2595 2200 2763 2255 Libro
2776 2201 2924 2256 enim
2945 2202 3207 2257 adversus
3236 2216 3332 2257 eos
3356 2203 3523 2263 edito,
3542 2219 3704 2274 quem

2125 2293 2509 2349 Antiochicum
2553 2294 2672 2350 sive
2702 2292 3121 2364 Misopogonem
3156 2294 3459 2363 inscripsit,
3511 2295 3704 2349 Antio-

2124 2386 2414 2443 chensium
2442 2387 2653 2443 civitati
2692 2396 2881 2441 notam
2916 2386 3119 2441 inussit
3143 2388 3557 2456 sempiternam.
3598 2388 3702 2443 Sed

452 2481 521 2536 de
549 2483 635 2539 his
665 2480 950 2537 hactenus.
987 2480 1107 2536 iam
1154 2495 1282 2536 vero
1321 2479 1613 2535 dicendum
1654 2494 1875 2549 quoque
1916 2487 2023 2545 est,
2049 2481 2251 2552 quibus
2289 2493 2420 2539 tunc
2454 2482 2615 2538 malis
2641 2480 2991 2537 Christianos
3019 2481 3325 2535 Antiochiae
3385 2480 3527 2535 idem
3602 2482 3703 2535 im-

453 2587 681 2643 perator
707 2574 974 2629 aIl'ecerit.

1038 2665 1286 2721 ΚΕΦΑΛ.
1329 2662 1435 2717 IH'.

466 2759 560 2825 Ὦς
585 2759 692 2813 τοῦ
710 2756 1014 2822 ,ϐασιλέως
1035 2757 1309 2823 χρησμὸν
1336 2752 1702 2825 θελήσαντος
1724 2753 1949 2813 λαϐεῖν,
1967 2753 2032 2825 ςὸ

525 2822 837 2898 δαιμόνιον
854 2830 967 2879 οὐκ
993 2822 1371 2895 ἁπεκρίνατο,
1392 2824 1725 2891 εὐλαϐηθὲν
1753 2822 2033 2878 Βαϐυλᾶν

525 2904 635 2953 τὸν
658 2899 946 2968 μάρτυρα.

527 2990 608 3042 Τὰ
638 2990 744 3060 γὰρ
771 2988 910 3041 κατὰ
950 2987 1049 3057 τὴν
1090 2984 1420 3054 Ἀντιόχειαν
1460 2983 1581 3055 ἱερὰ
1617 2984 1725 3037 τῶν
1770 2983 2036 3055 Ἐλλήνων

457 3083 739 3153 ἀνοιγῆναι
791 3080 1075 3142 κελεύσας,
1124 3077 1369 3148 χρησμὸν
1416 3077 1599 3130 λαϐεῖν
1660 3077 1811 3147 παρὰ
1863 3076 1956 3128 τοῦ
1979 3078 2037 3128 ὲν

458 3177 643 3246 Δάφνῃ
678 3172 1011 3234 ’Λπόλλωνος
1040 3180 1064 3217 8
1100 3168 1377 3221 ἔσπευδεν.
1419 3168 1506 3229 Ὠς
1536 3168 1592 3220 δὲ
1641 3169 1670 3221 6
1708 3166 1930 3220 ἐνοικῶν
1957 3164 2035 3234 τῷ

459 3267 592 3339 ἱερῷ
610 3266 817 3335 δαίμων
837 3263 923 3315 τὸν
942 3262 1157 3329 γείτονα
1173 3257 1437 3321 δεδοικὼς,
1452 3258 1592 3327 λέγω
1606 3258 1668 3329 δὴ
1681 3258 1927 3311 Βαὸυλᾶν
1944 3257 2036 3311 τὸν

2736 2655 2888 2713 CAP.
2922 2655 3107 2713 XVIII.

2168 2753 2444 2821 Quomodo
2476 2751 2785 2818 imperatori
2813 2750 3099 2821 oraculum
3119 2750 3412 2804 sciscitanti
3432 2789 3445 2811 ,
3477 2756 3682 2805 damon

2331 2833 2471 2876 metu
2500 2822 2717 2876 Babula:
2746 2822 2999 2891 martyris
3026 2820 3158 2875 nihil
3183 2820 3528 2890 responderit.

2210 2982 2512 3051 Imperator
2546 2979 2716 3049 igitur
2745 2994 2874 3032 cum
2904 2978 3105 3049 templa
3137 2977 3437 3034 Gentilium
3483 2979 3538 3033 in
3574 2979 3705 3034 urbe

2139 3072 2429 3126 Antiochia
2465 3070 2668 3141 aperiri
2707 3070 2988 3140 jussisset,
3025 3070 3308 3123 oraculum
3346 3072 3414 3123 ah
3461 3071 3705 3141 Apolline

2140 3163 2417 3233 Daplmzeo
2447 3162 2696 3233 accipere
2739 3162 2887 3215 omni
2937 3161 3121 3216 studio
3165 3161 3555 3218 contendebat.
3600 3162 3706 3218 Sed

2140 3270 2265 3308 cum
2302 3254 2354 3309 in
2385 3255 2587 3322 templo
2636 3254 2892 3309 habitans
2922 3254 3155 3316 daemon,
3189 3254 3431 3309 vicinum
3478 3256 3706 3322 veritus,

472 3361 747 3429 μάρτυρα,
766 3357 864 3408 οὐκ
884 3352 1214 3424 ἀπεκρίνατο
1232 3368 1242 3381 ·
1260 3349 1484 3421 πλησίον
1496 3349 1603 3420 γὰρ
1619 3345 1686 3420 ἧν
1704 3350 1736 3420 ὴ
1755 3349 1909 3421 σορὸς
1929 3349 1961 3419 ἡ
1979 3348 2039 3401 τὸ
2068 3345 2109 3361 ν
2141 3346 2251 3400 Bab

1929 3348 2039 3419 ήτὸ
2068 3345 2109 3361 "
2141 3346 2398 3418 Babylam
2443 3346 2694 3400 videlicet
2745 3352 3084 3415 martyrem,
3137 3345 3273 3398 nihil
3310 3347 3706 3416 responderet:

463 3452 621 3521 σῶμα
652 3448 745 3500 τοῦ
784 3448 1056 3517 μάρτυρος
1086 3442 1430 3514 κρύπτουσα·
1450 3442 1611 3509 γνοὺς
1632 3441 1729 3511 τὴν
1743 3442 1921 3494 αἰτίαν
1947 3457 2038 3492 σο-
2141 3457 2236 3495 era

1947 3457 2038 3492 σο-
2141 3451 2263 3495 erat
2294 3439 2437 3495 enim
2472 3440 2526 3493 in
2568 3438 2819 3509 proximo
2852 3438 3066 3491 loculus
3092 3454 3202 3508 quo
3229 3442 3487 3511 martyris
3510 3455 3709 3511 Corpus

463 3541 561 3611 φδς
578 3542 605 3593 ὁ
625 3538 893 3610 βασιλεὺς,
914 3538 1010 3606 τὴν
1032 3536 1186 3606 σορὸν
1204 3536 1365 3603 τάχος
1388 3532 1595 3585 κελεύει
1617 3530 2039 3603 μετοικίζεσθαι.
2142 3532 2243 3586 incl

1929 3531 2039 3585 θαι.
2142 3532 2414 3587 inclusum
2468 3532 3129 3600 servabaturzcomperta
3175 3545 3367 3597 causa,
3414 3533 3709 3602 imperator

462 3632 634 3687 Τοῦτο
667 3630 926 3702 μαθόντες
957 3629 1005 3681 οἰ
1040 3629 1182 3680 κατὰ
1203 3628 1299 3697 τὴν
1335 3626 1667 3694 Ἀντιόχειαν
1699 3622 2039 3694 Χριστιανοὶ,
2142 3624 2242 3678 IOCI

1929 3622 2039 3687 ,voi,
2142 3623 2382 3678 loculum
2404 3621 2692 3676 confestim
2719 3618 3204 3690 transferrijubet.
3239 3620 3396 3688 Quod
3432 3623 3521 3677 ubi
3548 3624 3709 3678 Chri-

464 3725 581 3795 ἅμα
618 3722 831 3791 γυναιξὶ
858 3722 950 3773 καὶ
986 3720 1081 3790 νέᾳ
1113 3719 1320 3789 ἡλικία,
1360 3717 1638 3787 χαίροντες
1679 3717 1771 3768 καί
1815 3715 2043 3785 ψαλμῳ-
2143 3715 2244 3770 slia

1931 3733 2043 3785 μῳ-
2143 3714 2339 3770 stianis
2395 3713 2551 3784 195
2596 3714 2691 3784 qui
2739 3713 3046 3771 Antiochiae
3088 3723 3244 3769 erant
3287 3715 3463 3784 palam
3506 3714 3710 3770 factum

463 3816 679 3877 δοῦντες
701 3855 714 3876 ,
747 3812 853 3866 ἀπὸ
886 3812 981 3881 τῆς
1039 3810 1253 3879 Δάφνης
1302 3809 1393 3861 ἐπὶ
1424 3806 1520 3878 τὴν
1557 3806 1706 3859 πόλιν
1742 3805 2037 3875 μετέφερον
2138 3815 2243 3871 est,

1928 3822 2037 3873 ερον
2138 3815 2243 3871 est,
2275 3806 2433 3861 simul
2481 3822 2673 3861 omnes
2715 3806 2871 3861 eﬂ‘usi
2904 3821 3031 3861 cum
3066 3805 3388 3863 mulieribus
3425 3814 3480 3861 et
3515 3822 3708 3878 parvu-

466 3906 565 3977 τὴν
595 3903 750 3975 σορόν
775 3918 788 3931 ·
837 3904 893 3953 αἰ
938 3899 993 3952 δὲ
1025 3898 1330 3969 ψαλμῳὸίαι
1382 3898 1614 3967 ἥπτοντο
1661 3897 1769 3950 τῶν
1801 3896 2041 3967 Ἐλληνι-

468 3999 581 4053 κῶν
610 3997 767 4059 θεῶν,
805 3995 899 4048 καὶ
927 3993 1033 4046 τῶν
1057 3990 1493 4045 πεπιστευκότων
1526 3990 1707 4054 αὐτοῖς
1730 4006 1789 4043 τε
1820 3990 2043 4054 καὶτοῖς

470 4090 708 4153 εἰδώλοις
738 4086 940 4142 αὐτῶν.

2139 3899 2231 3963 lis,
2261 3899 2499 3953 loculum
2531 3913 2596 3953 ex
2641 3897 2863 3968 Daphne
2890 3900 2943 3954 in
2988 3899 3178 3954 urbem
3210 3908 3581 3971 comportant,
3617 3902 3711 3957 tri-

2147 3990 2436 4062 pudiantes
2480 3990 2681 4060 gaudio
2718 3998 2773 4045 et
2813 3991 3058 4061 psalmos
3086 3991 3461 4048 concinentes.
3510 3990 3711 4049 Psalmi

2147 4086 2329 4132 autem
2375 4077 2450 4131 illi
2493 4078 2933 4147 perstringebant
2984 4079 3282 4161 Gentilium
3326 4081 3478 4148 deos,
3510 4099 3709 4153 eosque

2146 4170 2240 4239 qui
2288 4168 2392 4224 diis
2446 4168 2555 4224 illis
2599 4176 2655 4225 et
2694 4170 3005 4227 simulacris
3048 4187 3239 4228 eorum
3290 4171 3447 4229 ﬁdem
3489 4174 3709 4231 adhibe-

2147 4259 2301 4315 bant.

1669 4370 1939 4427 VALESII
1970 4373 2505 4432 ANNOTATIONES

546 4467 657 4540 (68)
691 4464 1425 4540 ,Ἐξυποστρέφειηῌειιιεηι
1444 4463 1685 4540 scribere
1701 4465 2025 4540 ξξυπωπρὲ-

2202 4468 2315 4550 (ti?)
2341 4470 2451 4550 K_al
2485 4470 2597 4550 Eii;-
2613 4471 2776 4550 πρὸς
2800 4472 3131 4550 ιᾋνιςιοχεῖς
3161 4474 3294 4542 περί
3322 4472 3431 4544 τῆς
3464 4476 3569 4529 τοῦ
3597 4476 3709 4538 βα-

518 4533 1166 4608 ειν,νε1ὲξυποστρέψειν.
1193 4535 1500 4589 Minabatur
1526 4533 1672 4588 enim
1699 4533 1949 4592 Julianus
1970 4552 2029 4592 se
2060 4540 2103 4595 Ι)
2132 4533 2255 4593 σιλε

475 4559 707 4666 ἵει-δύην
722 4610 923 4661 Ciliciae
940 4620 1437 4666 reversurum,cum
1459 4604 1687 4659 redisset
1702 4620 1767 4658 ex
1787 4604 2027 4666 Perside,
2139 4611 2255 4664 dest

1930 4533 2029 4592 s'se
2060 4540 2103 4595 Ι)
2132 4533 2349 4606 σιλέώς
2371 4533 2585 4609 ὀργῆςίᾷ
2610 4533 2964 4599 Ηὲεείἰὺεηὶἰ
2990 4533 3166 4599 oratio
3188 4533 3353 4615 penes
3379 4533 3477 4599 ἰίιε
3514 4533 3710 4613 exstat,

1930 4606 2027 4666 ide.
2139 4611 2412 4666 descripta
2436 4626 2501 4665 ex
2526 4613 2743 4666 duobus
2757 4616 3061 4666 codicibus.
3085 4616 3255 4666 altero
3276 4615 3504 4666 Joannis
3521 4618 3710 4666 Altini.

525 4604 707 4665 arsum
722 4610 923 4661 Ciliciae
940 4604 1437 4668 reversurum,cum
1459 4604 1687 4659 redisset
1702 4620 1767 4658 ex
1787 4604 2027 4671 Perside,

478 4697 579 4737 nec
609 4679 840 4747 amplius
873 4678 1239 4731 hiematurum
1270 4675 1593 4728 Antiochiae.
1629 4672 1763 4747 dee
1790 4676 2034 4747 Ammia-

478 4769 608 4805 num
632 4744 1007 4801 Marcellinum
1033 4747 1086 4799 in
1124 4748 1261 4800 libro
1290 4760 1450 4807 χχιιι,
1478 4759 1600 4814 pag.
1626 4744 1731 4800 239
1774 4746 2036 4802 editionis

480 4829 699 4875 nostrae.
746 4815 1029 4887 Vulgatam
1075 4825 1255 4871 tamen
1305 4815 1636 4886 scripturam
1683 4825 1906 4870 secutus
1950 4824 2039 4872 est

480 4890 848 4959 Nicephorus.

2139 4611 2412 4680 descripta
2436 4626 2501 4665 ex
2526 4613 2743 4667 duobus
2757 4616 3061 4678 codicibus,
3085 4611 3255 4667 altero
3276 4615 3504 4670 Joannis
3521 4611 3711 4681 Altini,

2143 4681 2321 4734 altero
2368 4681 2791 4738 eminentissimi
2835 4685 3135 4740 cardinalis
3166 4683 3449 4741 Francisci
3509 4685 3711 4739 Barbe-

2143 4749 2458 4825 riui.-Eam
2520 4768 2619 4825 nos
2660 4770 2767 4807 una
2810 4770 2934 4808 cum
2979 4756 3101 4809 aliis
3142 4757 3334 4823 viginti
3393 4762 3448 4809 et
3480 4756 3711 4825 amplius

2146 4819 2396 4888 ejusdem
2420 4822 2684 4890 sophistae
2714 4826 3057 4879 orationibus
3090 4826 3145 4878 in
3180 4819 3436 4879 Eatinum
3502 4819 3713 4880 sermo-

2149 4905 2271 4944 nem
2294 4906 2638 4959 conversam,
2672 4893 2843 4960 brevi,
2872 4893 2980 4950 Deo
3010 4896 3197 4960 dante,
3228 4894 3655 4966 publicabimus.

1900 5001 2279 5059 VARIORUM.

477 5107 528 5149 et
563 5095 913 5164 barbamipra:
945 5110 999 5148 se
1031 5094 1199 5163 ferens
1224 5092 1512 5164 hircinam,
1534 5095 1761 5164 grandia
1779 5094 2046 5157 incedens,

482 5178 733 5233 tanquam
766 5163 855 5219 Oti
889 5162 1076 5231 frater,
1124 5174 1173 5217 et
1214 5162 1501 5234 Ephialtis,
1538 5162 1766 5234 quorum
1815 5167 2048 5232 proceri-

486 5232 648 5289 tatem
680 5234 941 5289 Homerus
964 5234 1017 5287 in
1044 5234 1353 5288 immensum
1386 5232 1756 5291 tollitAmtn.
1797 5235 2045 5290 Marcell.

485 5307 577 5360 Iih.
611 5321 743 5367 ml,
768 5320 887 5374 cap.
917 5305 1004 5358 14.

556 5387 583 5413 ο
624 5375 694 5428 T6
736 5375 998 5443 νόμισμά
1025 5391 1084 5427 τε
1109 5374 1293 5429 αὑτοῦ
1332 5375 1552 5444 ταῦρον
1585 5374 1767 5444 ἔχειν.
1828 5375 2046 5431 Nummi

484 5446 774 5517 character
798 5454 918 5499 erat
949 5444 1155 5498 Taurus
1187 5446 1240 5497 in
1268 5461 1362 5498 ara
1396 5447 1634 5513 supinus,
1689 5462 1801 5515 quo
1837 5450 2049 5517 signiti-

487 5518 649 5571 cabat
696 5513 948 5569 Julianus
977 5525 1214 5571 veterem
1246 5531 1453 5570 morem
1494 5513 1950 5571 sacriﬁciorum'a
1986 5534 2047 5570 se

490 5596 806 5657 revocatum
857 5605 890 5657 Δ;
924 5595 1010 5657 __at
1081 5585 1480 5641 Antiochenses
1547 5586 2050 5657 interpretabantur

490 5656 755 5710 iuundum
790 5671 817 5708 a
848 5653 1068 5709 Juliano
1098 5670 1222 5709 esse
1254 5657 1598 5710 subversum.

567 5724 586 5764 ε
638 5724 1018 5790 Ἀντιοχικὸν,
1048 5724 1175 5793 ἤτοι
1193 5726 1576 5793 μισοπώγονα
1598 5728 1803 5795 λόγον.
1857 5727 1913 5780 1η
1945 5727 2048 5781 hac

492 5796 746 5850 oratione
787 5795 890 5846 tria
942 5795 1054 5848 fere
1076 5799 1308 5849 crimina
1343 5796 1679 5862 objiciuntur
1706 5798 2039 5851 Antiochen-

494 5866 667 5921 sibus:
712 5863 955 5918 Primum
984 5872 1070 5918 est
1113 5865 1557 5934 intemperantia,
1593 5871 1742 5938 quod
1799 5868 1940 5923 ludis
1987 5877 2040 5923 et

819 5961 1084 6022 ΡΑτιιοι..
1119 5962 1235 6023 Gtt.
1272 5962 1520 6022 LXVII.

2156 5098 2387 5152 theatris
2420 5098 2589 5153 dediti
2634 5100 2765 5154 sint.
2804 5101 3055 5154 Alterum
3107 5098 3385 5168 impietas,
3432 5096 3598 5167 quod,
3629 5114 3712 5152 ne-

2154 5170 2329 5241 glecta
2362 5179 2574 5241 patrum
2598 5186 2823 5241 suorum
2843 5170 3431 5241 religione,Christum
3458 5185 3569 5241 pro
3588 5169 3719 5223 Jove

2152 5246 2206 5292 et
2239 5239 2490 5307 Apolline
2515 5242 2716 5294 colant.
2742 5238 2985 5295 Tertium
3020 5248 3104 5293 est
3134 5240 3396 5308 iniquitas
3436 5240 3707 5306 magistra-

2152 5316 2328 5371 tuum,
2359 5309 2454 5379 qui
2487 5310 2817 5379 locupletum
2867 5311 3173 5373 avaritiam,
3204 5325 3272 5364 εκ
3302 5325 3411 5377 qua
3449 5308 3617 5363 fames
3665 5310 3719 5361 in

2154 5379 2289 5432 urbe
2323 5388 2443 5433 orta
2480 5381 2571 5441 sit,
2614 5381 2850 5435 tolerent
2902 5395 2965 5434 ac
3024 5380 3393 5435 dissimulent.
3448 5380 3627 5447 Atque
3664 5379 3719 5431 in

2156 5448 2256 5502 hac
2287 5450 2539 5503 oratione
2572 5466 2696 5503 cum
2741 5452 2922 5521 reipsa
2961 5450 3363 5504 Antiochenses
3406 5450 3719 5521 vituperet!-

2154 5527 2261 5582 tur,
2295 5526 2479 5571 tamen
2511 5519 2851 5574 contrarium
2907 5522 3222 5583 sininlatur,
3256 5527 3516 5588 perpetua
3547 5519 3719 5583 siqui-

2147 5588 2267 5641 dem
2324 5589 2501 5643 ironia
2551 5591 2914 5659 Σωκρατικῶς
2959 5587 3273 5654 adhibetur,
3314 5587 3421 5659 qua
3467 5587 3720 5641 Julianus

2146 5659 2365 5730 videtur
2409 5674 2521 5712 non
2552 5661 2975 5723 Antiochenses.
3013 5661 3108 5715 sed
3152 5662 3395 5730 seipsqu
3429 5673 3719 5720 accusare,

2143 5728 2291 5799 quod
2324 5744 2516 5799 eorum
2555 5746 2735 5785 mores
2774 5732 2975 5784 imitari
3009 5728 3267 5799 nequeat.

2218 5800 2245 5837 ε
2282 5799 2414 5869 ,Ἐν
2441 5797 2643 5868 Δάφνῃ
2680 5800 3071 5867 Ἀπόλλωνος.
3098 5797 3349 5869 Ὧιψιιηε
3398 5798 3554 5852 lucus
3606 5803 3719 5869 erat

2151 5868 2203 5923 in
2264 5868 2565 5925 Antiochia:
2615 5866 2974 5938 'Suburbanis,
3041 5866 3280 5942 Apollini
3339 5884 3531 5934 sacer;
3582 5866 3719 5921 unde

3368 5968 3438 6030 14.
