4508 6588
805 441 903 495 431

2221 427 2563 484 SOCltATIS

3947 419 4050 475 432

795 555 1041 626 pristino
1075 568 1260 608 errore
1300 555 1742 622 perseverarunt.
1776 545 1910 601 Nam
1945 559 2124 616 neque
2154 543 2376 598 tertium
2411 547 2458 602 Α
2484 541 2575 610 τῆς

2269 544 2376 597 ium
2411 547 2458 602 Α
2484 541 2586 610 τῆς
2608 538 2868 611 ἀληθείας
2891 533 3032 610 ἦγεν
3067 527 3258 601 αὐτούς
3281 553 3295 569 ο
3319 538 3408 591 καὶ
3435 535 3542 607 γὰρ
3580 537 3644 606 τῇ
3675 532 3940 604 ἐρχομένῃ
3965 551 4049 585 νυ-

806 647 1132 701 miraculum
1167 646 1312 714 quod
1353 651 1541 713 postea
1562 641 1768 696 factum
1795 646 1900 700 est,
1937 638 2004 691 ad
2041 633 2291 691 veritatis
2317 632 2379 686 ll-

2483 633 2593 697 κτὶ,
2644 629 2938 703 σφραγῖδες
2970 625 3207 700 σταυροῦ
3263 627 3607 690 ἀκτινοειδείς
3626 665 3643 690 ,
3673 625 3785 687 τοῖς
3821 623 4054 694 ἱματίοις

807 736 928 791 dem
978 750 1074 791 eos
1130 734 1392 790 traduxit.
1450 731 1664 802 Quippe
1709 729 1962 800 sequenti
2015 734 2178 782 nocte
2222 727 2380 796 signa
2481 724 2587 776 αὐτη

2273 740 2380 796 gna
2481 721 2660 776 αὐτῶν
2698 719 3139 793 ἐντετυπωμέναι
3179 721 3458 793 ἐφάνησαν
3483 719 3529 771 ιι.
3569 720 3666 782 ’Λς
3693 715 3904 788 ἡμέρας
3932 716 4050 768 επι-

807 827 990 884 crucis
1020 826 1294 882 radiantia
1345 825 1402 879 in
1444 824 1660 877 illorum
1691 820 1942 877 vestibus
1982 820 2251 890 impressa
2283 829 2381 887 ap-

2480 814 2780 886 γενομινης
2829 814 3048 880 ἰδόντες,
3083 813 3412 868 ἀποπλύνειν
3454 812 3549 866 καὶ
3601 810 3936 880 ἀποσμήχειν
3963 807 4050 861 θέ-

809 920 1133 982 paruerunt.
1168 911 1301 979 Qua
1326 920 1449 966 orto
1478 925 1602 964 mox
1633 909 1720 964 die
1744 908 2074 977 conspicati,
2100 921 2225 961 cum
2251 905 2382 960 abs-
2481 905 2589 960 λοντ

2275 905 2382 960 ὼε-
2481 905 2683 971 λοντες,
2714 906 2887 959 οὐδενὶ
2913 905 3100 978 τρόπῳ
3136 904 3414 974 ἠδύναντο.
3434 902 3774 974 Πεπώρωντο
3799 898 3892 954 οὖν
3917 899 4055 954 κατά

813 1013 1027 1075 tergere
1075 1012 1130 1060 et
1189 1005 1376 1059 eluere
1408 1010 1768 1067 conarentur,
1804 1000 1958 1055 nullo
1985 999 2147 1054 modo
2190 1006 2384 1068 potue-

2480 997 2574 1052 τὸν
2606 997 2952 1062 ’Δπόστολον,
2975 997 3152 1051 καὶτὸ
3171 995 3372 1064 ἀγαθὸν
3407 997 3466 1048 ὲν
3499 995 3685 1066 χερσὶν
3719 993 3931 1064 ἔχοντες
3969 991 4058 1062 ιρ-

811 1105 961 1152 runt.
988 1096 1263 1151 Obczecati
1291 1105 1422 1152 sunt
1446 1095 1636 1166 igitur,
1668 1099 1726 1146 ut
1755 1093 1831 1146 ait
1863 1091 2182 1161 Apostolus,
2211 1098 2266 1145 et
2287 1089 2385 1144 bo-
2484 1093 2591 1161 ριπ

2287 1089 2385 1144 bo-
2484 1093 2695 1161 ριπτον.
2726 1088 2885 1144 Οὕτω
2917 1088 3016 1160 μὲν
3044 1085 3185 1142 οὖνὸ
3209 1089 3334 1152 ναὸς
3382 1088 3506 1140 τότε
3559 1087 3680 1140 ἀντὶ
3719 1084 3813 1138 τοῦ
3853 1083 4055 1138 οἰκοδο-

810 1205 942 1244 num
972 1187 1119 1258 quod
1153 1187 1428 1243 habebant
1473 1186 1528 1240 in
1575 1183 1855 1246 manibus,
1886 1180 2267 1256 proiecerunt.
2301 1180 2382 1236 Ad

804 1282 959 1336 hunc
989 1280 1210 1336 modum
1239 1280 1498 1349 templum
1529 1278 1676 1349 quod
1711 1276 1940 1332 reticere
1993 1275 2384 1342 moliebantur,

813 1382 1005 1429 contra
1034 1371 1286 1426 funditus
1317 1385 1570 1425 eversum
1597 1375 1702 1424 est.

1451 1501 1604 1557 CAP.
1639 1501 1785 1556 XXI.

2487 1179 2757 1253 μηθῆναι,
2788 1181 2870 1244 εις
2905 1179 3090 1234 τέλεον
3119 1177 3509 1249 ἀνατέτραπτα

3066 1481 3318 1537 ΚΕΦΑΛ.
3365 1481 3495 1535 KA'.

815 1619 892 1674 De
940 1618 1275 1687 imperatoris
1305 1617 1360 1670 in
1394 1613 1670 1687 Persidem
1703 1615 1996 1683 irruptione
2017 1655 2030 1678 ,
2079 1615 2244 1685 deque
2270 1612 2386 1682 ejus
2485 1599 2595 1666 ηερ

2277 1612 2386 1682 ejus
2485 1597 2625 1666 Περὶ
2656 1595 2766 1665 τῆς
2793 1599 2878 1663 εἰς
2903 1595 3172 1687 [teper-16c:
3191 1593 3305 1687 tofi
3317 1593 3630 1687 ﬂafﬂléfjg
3657 1594 3936 1675 ἀφίξεως,
3961 1593 4057 1648 καὶ

1524 1685 1685 1739 ccede.

885 1796 1059 1851 Porro
1096 1794 1393 1865 imperator
1427 1792 1588 1864 paulo
1621 1803 1748 1848 ante
1791 1808 2017 1848 vernum
2049 1801 2269 1862 tempus
2325 1793 2381 1846 in

2826 1667 2962 1734 περὶ
2997 1665 3108 1733 τῆς
3136 1667 3490 1734 ἀναιρέσεωρ
3517 1664 3723 1718 αὑτοῦ.

2569 1778 2626 1832 Ὀ
2665 1777 2722 1831 δὲ
2766 1777 3020 1848 βασιλεὺς
3066 1780 3146 1842 εἰς
3183 1778 3279 1849 τὴν
3331 1777 3442 1831 τῶν
3493 1777 3722 1850 Περσῶν
3755 1777 3775 1817 ι
3809 1777 4062 1832 ἐνέϐαλλε

819 1886 1097 1943 Persidem
1158 1886 1380 1954 irrupit,
1433 1885 1638 1956 quippe
1695 1887 1789 1956 qui
1849 1894 2136 1955 acceperat
2189 1885 2387 1942 Persas
2419 1885 2460 1940 Β
2491 1887 2599 1941 μικι

2285 1901 2387 1942 .533
2419 1885 2460 1940 Β
2491 1871 2685 1941 μικρὸν
2731 1871 2838 1941 πρὸ
2883 1869 2977 1923 τοῦ
3025 1869 3206 1941 ἔαρος,
3236 1868 3536 1938 πυθόμενος
3581 1868 3946 1924 ἀσθενέστατα
3971 1871 4065 1922 καὶ

819 1980 995 2034 hieme
1073 1975 1479 2032 inﬁrmissimos
1563 1985 1726 2046 atque
1797 1977 2180 2047 ignavissimos
2243 1992 2387 2033 esse.

818 2065 954 2120 Cum
985 2063 1131 2120 enim
1165 2062 1388 2136 frigoris
1411 2063 1757 2134 impatientes
1797 2067 1928 2132 sint,
1963 2080 2028 2120 eo
2053 2072 2301 2136 tempore
2359 2082 2390 2120 a

818 2157 961 2213 bello
986 2154 1226 2228 gerendo
1282 2155 1579 2212 abstinent.
1641 2155 1756 2210 lmo
1784 2154 1974 2211 Medus
2027 2171 2096 2210 ne
2168 2171 2388 2211 manum

817 2247 1038 2320 quidem
1067 2253 1199 2302 tunc
1222 2247 1486 2318 temporis
1511 2253 1665 2302 extra
1701 2247 1923 2317 pallium
1974 2245 2299 2317 protulerit,
2333 2254 2392 2301 ut

818 2348 905 2395 est
942 2338 997 2392 in
1029 2338 1338 2408 proverbio.
1371 2337 1578 2393 Contra
1611 2353 1740 2393 vero
1769 2352 1894 2392 cum
1919 2335 2199 2393 Romanos
2227 2338 2390 2393 etiam

821 2445 917 2500 per
948 2431 1182 2486 hiemem
1213 2429 1360 2486 bello
1407 2431 1645 2501 gerendo
1677 2429 1903 2485 idoneos
1925 2445 2047 2486 esse
2070 2431 2272 2496 sciret,
2297 2446 2392 2485 ex-

821 2521 1055 2576 ercitum
1086 2520 1141 2574 in
1166 2520 1446 2591 regionem
1477 2519 1772 2576 Persarum
1799 2520 2044 2574 immisit.
2082 2519 2266 2575 Multis
2287 2520 2390 2590 igi-

824 2622 912 2666 tur
945 2612 1115 2682 agris,
1142 2611 1279 2666 vicis
1311 2620 1477 2682 atque
1501 2609 1744 2666 castellis
1769 2609 2022 2676 vastatis,
2045 2610 2157 2679 jam
2194 2611 2390 2680 Oppida

822 2706 939 2776 ipsa
965 2703 1198 2759 Romani
1223 2704 1638 2774 expugnabant.
1691 2701 1861 2757 Porro
1901 2702 2246 2758 obsidionem
2298 2718 2393 2774 ag-

820 2809 1045 2866 gressus
1097 2793 1469 2863 Ctesiphontis
1536 2792 1691 2848 urbis
1749 2792 2141 2857 nobilissimae,
2209 2808 2390 2864 regem

825 2886 1112 2942 Persarum
1136 2886 1190 2940 in
1219 2900 1312 2941 eas
1339 2884 1545 2956 redegit
1585 2884 1866 2955 angustias
1927 2893 1990 2938 ut
2042 2885 2264 2940 crebras
2325 2884 2393 2939 ad

825 2978 1006 3046 ipsum
1068 2976 1308 3031 mitteret
1365 2975 1688 3046 legationes,
1730 2974 2076 3044 supplexque
2138 2976 2206 3027 ab
2268 2975 2392 3044 ipso

827 3075 1054 3140 peteret,
1086 3076 1145 3122 ut
1176 3076 1329 3138 parte
1373 3067 1588 3138 imperii
1627 3074 1854 3139 accepta
1895 3067 2057 3122 ﬁnem
2098 3067 2240 3122 bello
2294 3067 2395 3121 iun-

2490 1960 2857 2032 ἀνανδρότατα
2886 1957 3024 2014 εἶναι
3051 1960 3317 2031 χειμῶνος
3331 1960 3399 2014 τὰ
3425 1959 3552 2030 ἔθνη
3576 1960 3822 2031 Περσῶν.
3841 1961 4065 2032 Κρυμὸν

2490 2051 2598 2124 γάρ
2629 2053 2706 2124 μὴ
2738 2053 3014 2125 φέροντες,
3047 2052 3321 2123 ἀπόμαχοι
3361 2051 3580 2120 μένουσι
3626 2051 3766 2106 κατά
3795 2052 3943 2106 τόνδε
3973 2053 4065 2106 τὸν

2489 2143 2700 2214 χρόνον.
2751 2143 2890 2196 Ἀλλ’
2919 2143 3040 2197 οὐδὲ
3086 2147 3272 2216 χεῖρα,
3305 2144 3365 2197 τὸ
3417 2143 3509 2198 τοῦ
3553 2143 3712 2213 λόγου
3734 2184 3750 2208 ,
3787 2143 3968 2214 βάλλοι
3999 2144 4066 2198 ἂν

2489 2235 2610 2288 τότε
2642 2234 2747 2301 ἔξω
2771 2233 2865 2288 τοῦ
2889 2235 3094 2305 φάρους
3122 2235 3301 2306 Μῆδος
3331 2235 3490 2308 ἀνήρ.
3524 2235 3825 2307 Ῥωμαίους
3851 2235 4067 2298 δἐιδὼς

2491 2329 2585 2382 καὶ
2620 2327 2890 2398 χειμῶνος
2921 2327 3283 2396 ἀγωνίζεσθαι
3327 2329 3676 2399 δυναμένους,
3716 2329 3967 2398 ἐπαφῆκε
3997 2331 4064 2399 τῇ

2490 2417 2644 2490 χώρᾳ
2674 2418 2764 2472 τὸν
2792 2419 3039 2489 στρατόν.
3078 2419 3285 2482 Πολλὰς
3304 2413 3396 2472 οὖν
3427 2419 3608 2491 χώρας
3632 2421 3726 2472 καὶ
3755 2419 3948 2488 κώμας
3972 2419 4068 2472 καὶ

2492 2509 2726 2580 φρούρια
2753 2509 3147 2580 πορθήσαντες,
3164 2509 3263 2580 ήδη
3295 2511 3389 2564 καὶ
3418 2509 3516 2573 τὰς
3536 2510 3718 2574 πόλεις
3741 2509 4065 2581 ἐλάμϐανον.

2492 2601 2910 2673 Περιστοιχίσας
2936 2601 2992 2654 δὲ
3045 2602 3409 2672 Κτησιφῶντα
3456 2603 3555 2673 τὴν
3609 2602 3852 2674 μεγάλην
3879 2603 4066 2668 πόλιν,

2491 2691 2746 2744 τοσοῦτον
2771 2692 3078 2763 ἐπολιόρκει
3114 2693 3206 2746 τὸν
3245 2693 3488 2763 βασιλέα,
3523 2692 3662 2746 ὥστε
3702 2695 3910 2747 ἐκεῖνον
3933 2711 4068 2764 πρε-

2493 2783 2700 2848 σϐείαις
2723 2783 3029 2856 χρήσασθαι
3063 2789 3303 2857 συχναῖς,
3339 2787 3601 2842 ἱκετεύειν
3628 2805 3687 2841 τε
3725 2788 4068 2859 ζημιωθῆναι

2495 2876 2660 2948 μέρος
2690 2894 2744 2930 τι
2775 2877 2876 2948 τῆς
2903 2877 3068 2931 αὐτοῦ
3092 2880 3368 2950 πατρίδος,
3387 2881 3435 2933 εἰ
3464 2880 3774 2944 καταλύσας
3794 2882 3884 2935 τὸν
3909 2881 4069 2935 πόλε-

2503 2985 2602 3038 μον
2634 2969 2972 3042 ἀποχωρήσῃ
3027 2971 3083 3023 '0
3129 2971 3186 3024 δὲ
3247 2971 3345 3026 οὐκ
3386 2972 3555 3027 ἔπαθε
3593 2973 3691 3044 τήν
3721 2972 3913 3044 ψυχὴν,
3949 2973 4069 3026 οὐδὲ

2491 3062 2617 3124 τοὺς
2647 3059 2984 3126 ἱκετεύοντας
3017 3061 3247 3134 ἠλέησεν
3261 3078 3274 3094 ·
3303 3064 3418 3118 ἀλλ’
3436 3065 3556 3120 οὐδὲ
3570 3065 3630 3120 τὸ
3643 3066 3737 3120 τοῦ
3753 3066 3912 3134 λόγου
3931 3067 4069 3121 κατά

825 3176 1056 3232 ponens,
1081 3175 1148 3215 ex
1173 3174 1304 3230 agro
1328 3159 1618 3214 Persarum
1643 3158 1968 3215 discederet.
2013 3157 2120 3214 Sed
2139 3158 2393 3216 Julianus
2424 3221 2463 3234 η
2496 3152 2605 3208 νοῦη

2288 3176 2393 3216 nus
2424 3221 2463 3234 η
2496 3152 2620 3208 νοῦν
2646 3152 2856 3219 ἐλαϐεν,
2888 3154 2963 3220 ὡς
3008 3157 3117 3228 ἄρα.
3150 3159 3319 3229 ,νικᾷν
3351 3159 3449 3230 μὲν
3473 3197 3492 3224 ,
3519 3160 3683 3215 καλόν
3723 3177 3739 3192 ⁶
3770 3163 4068 3234 ὐπερνικᾷν

825 3221 928 3304 nec
955 3255 1260 3303 commotus
1300 3247 1505 3310 animo,
1539 3260 1640 3301 nec
1661 3246 1938 3316 supplices
1970 3247 2265 3303 miseratus
2288 3256 2391 3304 est.
2420 3221 2464 3280 δ
2496 3244 2553 3298 δὲ
2581 3285 2595 3312 ,

2288 3256 2391 3304 est.
2420 3221 2464 3280 δ
2496 3244 2553 3298 δὲ
2581 3285 2595 3312 ,
2627 3244 2914 3314 ἐπίφθονον
2961 3264 2977 3279 ο
3013 3221 3397 3315 πεπιστευκώς
3439 3221 3496 3304 δὲ
3549 3251 3798 3322 μαντίαις
3824 3221 4065 3319 ιιι-τισὶν,

829 3341 906 3396 Ac
937 3356 1005 3396 ne
1036 3340 1166 3394 illud
1197 3339 1419 3410 quidem
1447 3337 1596 3409 quod
1626 3338 1789 3408 vulgo
1817 3337 2040 3403 dicitur,
2066 3353 2253 3393 secum
2277 3339 2394 3409 ipse
2494 3335 2561 3399 ἃς
2588 3353 2609 3390 a

2287 3341 2394 3409 ipse
2494 3335 2561 3399 ἃς
2588 3336 2735 3406 αὐτῷ
2770 3336 3074 3409 συμπαρὼν
3101 3340 3129 3391 ὁ
3158 3339 3443 3410 φιλόσοφος
3483 3341 3732 3413 Μάξιμος
3763 3343 4067 3407 ὑπετίθετο,

831 3431 1122 3502 reputavit,
1151 3429 1374 3486 vincere
1407 3429 1628 3500 quidem
1658 3429 1984 3500 praeclarum
2017 3444 2140 3486 esse
2161 3447 2176 3497 ;
2198 3445 2393 3500 super-
2495 3429 2588 3482 καὶ

2289 3446 2393 3485 ler-
2495 3429 2588 3482 καὶ
2636 3429 3054 3501 ὀνειροπολήσας
3088 3431 3187 3502 τὴν
3233 3432 3579 3502 Ἀλεξάνδρου
3621 3435 3714 3488 τοῦ
3762 3435 4069 3499 Μακεδόνος

831 3523 1052 3578 vincere
1074 3531 1276 3586 autem,
1326 3521 1678 3576 invidiosum.
1713 3519 1917 3576 Verum
1963 3520 2394 3578 divinationibus
2492 3520 2611 3587 δόξα

2294 3522 2394 3578 bus
2492 3520 2650 3587 δόξαν
2675 3520 2933 3593 λαϐεῖν,ἢ
2964 3522 3056 3576 καὶ
3107 3523 3303 3590 μᾶλλον
3354 3524 3722 3596 ὑπερϐαίνειν,
3744 3526 3840 3590 τὰς
3863 3526 4071 3590 ἱκεσίας

829 3615 1083 3677 credens,
1116 3630 1254 3684 quas
1288 3614 1392 3684 ipsi
1415 3612 1685 3669 Maximus
1736 3613 2114 3683 philosophus,
2145 3615 2238 3684 qui
2265 3630 2390 3668 cum
2493 3609 2604 3678 Περ

2290 3630 2390 3667 ιυιιι
2493 3609 2716 3678 Περσῶν
2736 3610 3115 3682 ἀπεκρούσατο
3133 3628 3146 3642 ο
3178 3613 3270 3665 καὶ
3292 3614 3506 3685 ἐνόμιζε
3529 3615 3669 3669 κατὰ
3697 3615 3794 3687 τὴν
3825 3615 4070 3684 Πυθαγό-

827 3721 894 3762 eo
923 3705 1146 3762 assidue
1175 3706 1518 3769 versabatur,
1550 3711 1936 3776 suggesserat;
1966 3712 2020 3759 et
2045 3704 2100 3760 in
2137 3721 2258 3760 eam
2280 3706 2398 3776 opi-

830 3798 1048 3854 nionem
1085 3797 1377 3860 adductus,
1411 3797 1707 3852 Alexandri
1733 3812 1793 3852 se
1816 3795 2131 3853 Macedonis
2167 3799 2392 3868 gloriam

830 3905 940 3946 non
971 3899 1314 3960 aequaturum
1365 3888 1548 3954 modo,
1605 3887 1699 3944 sed
1761 3889 1926 3944 etiam
2012 3900 2395 3959 superaturum

831 3998 974 4046 esse,
1001 3981 1428 4052 supplicationes
1452 3980 1745 4037 Persarum
1774 3981 1986 4051 rejecit.
2055 3980 2397 4051 Putabatque

829 4073 983 4147 juxta
1015 4073 1334 4145 Pythagora:
1357 4080 1412 4128 et
1461 4070 1709 4128 Platonis
1743 4073 2090 4140 sententiam,
2141 4087 2237 4141 per
2274 4073 2394 4126 ani-

833 4181 1046 4222 marum
1080 4181 1149 4220 ex
1205 4164 1328 4220 aliis
1351 4162 1674 4235 corporibus
1703 4163 1757 4218 in
1788 4163 1896 4218 alia
1960 4165 2396 4234 transmigratio-

2501 3717 2592 3770 pou
2626 3701 2720 3753 καὶ
2751 3702 3038 3766 Πλάτωνος
3077 3703 3255 3771 δόξαν,
3281 3706 3345 3758 ὲκ
3402 3705 3941 3776 μετενσωματώσεως
3973 3707 4070 3774 τὴν

2510 3791 2853 3864 Ἀλεξάνδρου
2878 3794 2964 3864 ἔχε
2974 3813 3020 3849 ιν
3036 3794 3232 3868 ψυχήνο
3257 3797 3454 3868 μᾶλλον
3476 3797 3532 3851 δὲ
3561 3797 3720 3862 αὐτὸς
3739 3793 3876 3850 εἶναι
3895 3797 4072 3863 Ἀλέξ-

2497 3885 2688 3956 ανδρος
2730 3887 2787 3940 ὲν
2831 3885 3000 3958 ἑτέρῳ
3051 3887 3280 3959 σώματι.
3311 3889 3457 3960 Αὕτη
3488 3891 3520 3960 ή
3547 3889 3720 3961 οἴησις
3748 3889 3905 3943 αὑτὸν
3947 3891 4070 3959 ἐξη-

2499 3977 2729 4050 πάτησε,
2756 3977 2850 4031 καὶ
2887 3981 3268 4052 παρεσκεύασε
3304 3983 3425 4034 τότε
3453 3982 3552 4052 τὴν
3584 3982 3792 4034 ἱκεσίαν
3813 3979 3905 4034 τοῦ
3931 3980 4071 4050 Πέρ-

2501 4086 2593 4122 σου
2622 4070 2697 4140 μὴ
2726 4069 3148 4141 παραδέξασθαι.
3176 4072 3374 4144 Διόπερ
3400 4074 3601 4137 ἐκεῖνος
3643 4073 3802 4143 γνοὺς
3831 4073 4069 4144 ἀνήνυτα

2500 4160 2646 4232 αὑτῷ
2671 4160 2737 4214 τὰ
2763 4161 2860 4232 τῆς
2887 4161 3181 4234 πρεσϐείας
3225 4164 3510 4234 γενόμενα,
3543 4164 3622 4228 εἰς
3654 4163 3897 4234 ἀνάγκην
3933 4161 4066 4214 καθ-

1982 4341 2343 4400 VARIORUM
2376 4343 2921 4402 ANNOTATIO'hES.

909 4465 934 4504 ι
990 4463 1315 4535 Σφρατῒδες
1380 4465 1646 4535 σταυροῦ
1699 4463 1824 4535 τοῖς
1885 4463 2137 4533 ἱματίοις
2203 4464 2403 4535 αὐτῶν

837 4533 1311 4604 εντετυπωμέναι
1341 4533 1675 4604 ἐφάνησαν.
1730 4533 1856 4589 Haec
1895 4535 2125 4604 historia
2154 4533 2394 4590 conferri

836 4615 1074 4660 meretur
1121 4603 1245 4658 eum
1285 4603 1451 4660 simili
1506 4603 1565 4660 re
1603 4620 1726 4674 qua:
1777 4603 1977 4658 accidit
2040 4604 2094 4657 in
2162 4605 2393 4659 ecclesia

831 4675 1099 4730 Wcllensi
1129 4674 1278 4746 apud
1309 4678 1534 4746 Anglos,
1561 4689 1724 4746 quam
1774 4689 1841 4746 ex
1883 4687 1983 4746 ore
2019 4675 2392 4746 reverendiss.

831 4745 1141 4801 Audrewsii
1176 4743 1422 4814 episcopi
1454 4743 1850 4800 Wiutoniensis
1904 4743 2274 4807 celeberrimi,
2304 4759 2396 4799 ac-

834 4823 1048 4884 ceptam
1089 4815 1275 4895 retulit
1300 4813 1521 4870 Isaacus
1549 4815 1907 4870 Casaubonus
1946 4831 1960 4866 :
1989 4828 2218 4935 qiiaaque
2251 4814 2395 4868 reci-

837 4893 987 4935 tatur
1020 4899 1049 4935 a
1101 4883 1303 4935 Merico
1344 4884 1672 4935 Casaubono
1735 4882 1773 4935 ι.
1813 4881 1873 4935 F.
1910 4883 1962 4935 in
2061 4892 2271 4935 ractatu
2321 4885 2395 4935 De

837 4881 987 4938 tatur
1020 4899 1049 4936 a
1101 4883 1303 4938 Merico
1344 4884 1672 4940 Casaubono
1735 4882 1773 4936 ι.
1813 4881 1873 4936 F.
1910 4883 1962 4936 in
2012 4881 2271 4936 TraCtatu
2321 4885 2396 4938 De

825 4954 1183 5018 credulitate,
1208 4969 1260 5022 p.
1295 4954 1417 5018 ll8,
1455 4956 1601 5008 hunc
1633 4955 1687 5008 in
1715 4959 1934 5022 modum
1959 4971 1972 5005 :
2000 4951 2066 5006 D.
2102 4951 2394 5020 Episcopus

839 5023 1068 5077 Etiensis
1093 5025 1162 5086 (is
1193 5019 1380 5092 postea
1411 5025 1476 5078 ad
1524 5024 1707 5079 sedem
1750 5019 2118 5092 Wintoniens.
2151 5019 2396 5077 evectus

837 5096 941 5162 est)
994 5091 1205 5146 dicebat
1230 5109 1283 5162 se
1319 5094 1576 5160 accepisse
1611 5110 1643 5146 a
1670 5093 1872 5156 multis,
1918 5091 2009 5145 sed
2063 5093 2324 5162 precipue
2364 5110 2396 5144 a

842 5163 906 5218 ο.
925 5160 1172 5231 episcopo
1213 5161 1463 5217 Wellensi
1491 5178 1653 5231 nuper
1682 5171 1886 5214 mortuo
1917 5162 1987 5231 (is
2020 5173 2136 5215 erat
2159 5160 2396 5217 Joannes

839 5233 1240 5302 Stil|)evenisse
1285 5242 1406 5286 ante
1469 5249 1634 5286 annos
1687 5232 1913 5302 circiter
1946 5247 2013 5283 xv
2050 5232 2397 5302 (annuserat

838 5299 979 5356 1610
1007 5304 1088 5357 vel
1127 5302 1284 5363 l6ll,
1327 5317 1454 5356 cum
1491 5304 1602 5357 haec
1639 5301 1924 5370 scriberet)
1965 5302 2016 5353 in
2050 5299 2174 5355 urbe
2197 5299 2394 5364 Wella,

837 5375 924 5425 die
959 5378 1194 5441 quadam
1237 5376 1441 5433 a'stiva,
1475 5382 1533 5426 ut
1572 5371 1698 5424 dum
1754 5373 1809 5441 in
1857 5371 2074 5425 ecclesia
2103 5371 2396 5425 cathedrali

836 5443 1055 5507 populus
1102 5443 1268 5495 sacris
1300 5453 1528 5503 vacaret,
1573 5444 1676 5495 duo
1720 5440 1797 5494 vel
1847 5442 1953 5494 tria
1987 5441 2238 5501 tonitrua,
2264 5442 2399 5495 inter

838 5513 1015 5579 plura,
1075 5515 1390 5564 audirentur
1431 5528 1592 5580 supra
1649 5511 1858 5564 modum
1905 5511 2189 5573 horrenda,
2226 5513 2301 5564 ita
2339 5521 2396 5564 ut

830 5583 1058 5664 populus
1095 5585 1364 5664 universus
1413 5583 1671 5664 iri-genua
1697 5583 1815 5664 ’μιᾷ
2045 5585 2398 5664 procumberet

838 5653 906 5704 ad
936 5652 1085 5704 illum
1114 5669 1298 5705 sonum
1341 5653 1643 5706 terribilem.
1691 5652 1937 5705 Constitit
1982 5652 2177 5718 fulmen
2237 5652 2399 5705 simul

826 5723 1104 5783 cecidisse,
1135 5723 1245 5775 sine
1277 5722 1588 5790 cuiusquam
1635 5722 1828 5774 damno
1865 5730 2056 5774 tamen.
2098 5725 2259 5790 Atque
2289 5722 2397 5774 Iuro

836 5791 1102 5861 vulgaria.
1151 5790 1296 5845 Illud
1327 5791 1720 5853 admirandum,
1771 5791 1909 5860 quod
1935 5803 2116 5855 postea
2155 5793 2399 5845 observa-

828 5869 946 5917 stum
968 5871 1044 5916 est
1061 5879 1092 5915 a
1115 5862 1315 5928 multis,
1336 5874 1568 5931 repertas
1591 5879 1699 5918 esse
1719 5862 1889 5917 crucis
1907 5862 2158 5932 imagines
2178 5863 2394 5930 impres-

2426 4574 2474 4633 D

2509 4483 2597 4520 sas
2627 4465 2934 4533 corporibus
2954 4481 3131 4519 eorum
3157 4481 3245 4533 qui
3276 4464 3329 4517 in
3358 4463 3470 4517 crde
3509 4479 3671 4516 sacra
3683 4472 3802 4533 tum
3831 4463 4062 4532 fuerunt.

2506 4531 2728 4590 Dicebat
2754 4534 3046 4602 Episcopus
3096 4531 3375 4588 wellensis
3416 4533 3630 4586 domino
3672 4531 3896 4592 Eliensi,
3928 4550 4066 4599 uxo-

2499 4623 2608 4660 rem
2639 4622 2792 4660 suam
2823 4606 3212 4676 (honestissima
3245 4620 3309 4658 ea
3344 4603 3560 4676 femina
3598 4603 3723 4676 fuit)
3752 4604 3965 4676 venisse
3996 4604 4066 4656 ad

2496 4693 2572 4738 se,
2601 4686 2648 4729 et
2687 4678 2734 4730 ei
2763 4671 3013 4729 narrasse
3058 4690 3152 4742 pro
3185 4671 3375 4743 grandi
3411 4673 3692 4735 miraculo,
3716 4673 3815 4743 sibi
3860 4674 3914 4726 in
3945 4690 4066 4726 cor-

2495 4761 2623 4815 pore
2661 4748 2919 4814 impressa
2948 4741 3119 4798 crucis
3153 4741 3303 4812 signa
3335 4753 3562 4797 exstare.
3602 4741 3754 4809 Quod
3785 4746 4064 4815 _cumrisu

2495 4813 2752 4884 exciperet
2783 4817 3074 4884 episcopus,
3098 4829 3232 4868 uxor
3251 4815 3452 4884 nudato
3479 4828 3717 4884 corpore,
3747 4813 3794 4866 ei
3829 4814 4066 4884 probavit

2496 4881 2675 4939 verum
2714 4881 2825 4939 esse
2855 4881 2991 4953 quod
3021 4885 3253 4937 dixerat.
3287 4881 3482 4936 Deinde
3520 4883 3626 4949 ipse
3649 4881 3936 4936 observavit
3965 4885 4065 4935 sibi

2502 4971 2705 5024 quoque
2757 4955 2988 5023 ejusdem
3023 4955 3210 5024 crucis,
3243 4953 3730 5024 manifestissimum
3779 4953 4066 5024 imaginem

2497 5021 2808 5104 impressam
2880 5040 2991 5077 esse
3062 5025 3119 5104 in
3194 5021 3448 5104 brachio,
3528 5024 3750 5104 opinor;
3831 5023 3955 5104 aliis
4013 5023 4068 5075 in

2496 5095 2733 5219 {{ltmiro.
2764 5095 2818 5216 is
2838 5104 3062 5163 pectore,
3086 5094 3142 5146 in
3172 5093 3351 5158 dorso,
3376 5101 3466 5145 aut
3495 5093 3605 5145 alia
3637 5093 3870 5161 corporis
3895 5103 4063 5160 parte.

2575 5204 2587 5218 .
2670 5172 2777 5217 owt
2824 5202 2838 5216 .

2575 5204 2587 5218 .
2625 5165 2838 5217 Lowth.

2575 5232 2591 5272 ι
2634 5236 2739 5298 Εἰς
2756 5233 2870 5300 τὴν
2898 5231 3018 5286 τῶν
3047 5231 3312 5300 Περσῶν.
3361 5231 3632 5287 Accurate
3689 5230 3980 5285 admodum
4011 5239 4067 5284 et

2501 5304 2752 5374 pluribus
2783 5305 2939 5358 libris
2977 5303 3116 5357 hanc
3148 5302 3553 5374 expeditionem
3598 5309 3788 5356 narrat
3820 5302 4067 5355 Aminia-

2501 5373 2605 5428 iius
2642 5373 3012 5429 Marcellinus.

2569 5453 2606 5474 ’³
2635 5443 3050 5509 Πεπιστευκὼς
3074 5441 3141 5495 δὲ
3158 5442 3476 5512 μαντείαις.
3503 5441 3674 5508 Quam
3700 5443 3944 5510 impense
3971 5442 4068 5497 de-

2500 5513 2648 5568 ditus
2683 5515 2784 5566 fuit
2823 5513 3077 5568 Julianus
3123 5513 3514 5582 praesagiorum
3574 5512 3962 5582 sciscitationi,
4011 5521 4068 5567 ct

2501 5584 2792 5638 occultiori
2851 5583 3069 5637 cuidam
3120 5583 3428 5651 theologis.
3489 5598 3651 5651 (luam
3713 5597 3741 5634 a
3801 5581 4061 5645 Maximo,

2501 5655 2820 5716 Iauiblicho,
2855 5653 3092 5722 aliisque
3125 5655 3375 5724 mysticis
3405 5651 3747 5724 philosophis
3778 5653 4065 5717 hauserat,

2502 5725 2717 5795 abunde
2775 5723 3154 5795 prodiderunt,
3183 5734 3399 5795 praeter
3458 5725 3646 5795 ipsius
3681 5724 4063 5795 s.'[ipta,fAm.

2503 5791 3116 5864 Marcelln—Eunapius,
3179 5791 3567 5864 Libamus,'ut
3620 5794 3689 5850 de
3735 5791 4067 5851 Christianis

2503 5864 2867 5936 scriptoribus
2899 5863 3037 5918 nihil
3067 5862 3265 5920 dicam.
