4508 6588
779 476 894 534 435

1315 589 1474 660 199
1497 589 1657 646 car.
1711 589 1870 644 xxu.

1020 680 1091 733 De
1124 682 1505 749 nuncupatione
1531 682 1863 750 imperatoris
1898 680 2132 737 Joviani.

852 771 1052 827 Milites
1091 788 1217 827 vero
1253 773 1305 826 in
1360 788 1575 827 summa
1621 772 1937 831 diﬁicultate
1977 774 2164 844 positi,
2207 773 2356 827 nulla

783 866 1105 936 interposita
1139 881 1318 930 mora,
1351 865 1644 922 Jovianum
1681 869 1941 938 postridie
1973 869 2356 940 imperatorem

782 958 1088 1026 designant,
1120 956 1296 1011 virum
1335 967 1622 1013 strenuum
1662 973 1725 1014 ac
1771 959 2030 1014 nobilem.
2076 958 2180 1026 Qui
2231 976 2354 1014 cum

781 1055 931 1102 esset
992 1048 1248 1101 tribunus
1298 1048 1553 1114 militum,
1630 1065 1740 1120 quo
1796 1061 2039 1121 tempore
2101 1050 2356 1106 Julianus

784 1138 966 1194 edicto
1026 1140 1305 1208 proposito
1361 1141 1633 1210 optionem
1685 1141 1948 1198 militibus
1995 1141 2142 1198 dedit
2173 1151 2232 1197 ut
2263 1151 2358 1197 aut

783 1230 1200 1295 sacriﬁcarent,
1270 1240 1362 1284 aut
1426 1231 1674 1286 militiam
1750 1234 2096 1302 abjicerent,
2170 1235 2360 1304 cingu-

787 1329 894 1375 lum
971 1320 1245 1391 deponere
1318 1323 1545 1388 maluit,
1628 1340 1790 1395 quam
1866 1324 2015 1394 impii
2098 1324 2361 1394 principis

787 1412 1043 1467 mandato
1072 1413 1469 1482 obtemperare.
1509 1413 1761 1471 Julianus
1811 1424 1991 1470 tamen
2027 1415 2362 1471 innninentis

789 1511 902 1554 tum
933 1501 1054 1556 belli
1087 1502 1412 1558 necessitate
1448 1503 1807 1566 constrictus,
1867 1518 1991 1558 eum
2025 1506 2168 1559 inter
2195 1503 2362 1558 duces

787 1591 1104 1645 retinuerat.
1169 1589 1323 1646 Tunc
1373 1594 1636 1662 temporis
1698 1607 1828 1648 vero
1883 1608 2008 1647 cum
2063 1593 2364 1663 imperator

790 1691 938 1735 esset
965 1689 1336 1751 nuncupatus,
1373 1683 1659 1754 imperium
1691 1684 1972 1754 suscipere
2001 1686 2359 1742 detrectabat.

793 1771 860 1824 lit
896 1772 1160 1827 militibus
1226 1790 1320 1843 per
1373 1775 1480 1829 vim
1529 1789 1653 1830 eum
1710 1775 2051 1832 trahentibus
2091 1775 2363 1832 vocifera-

795 1862 958 1914 batur
1003 1861 1148 1917 nolle
1207 1878 1280 1927 se,
1319 1863 1412 1933 qui
1447 1863 1796 1920 Christianus
1848 1875 2016 1930 esset,
2053 1866 2364 1922 hominibus

2203 475 2540 533 SOCRATIS

2377 601 2427 654 Α

3934 471 4039 529 436

3054 584 3300 643 ΚΕΦΑᾹ.
3331 590 3456 644 ΚΒ’.

2669 680 2806 748 Περὶ
2860 679 2976 748 τῆς
3019 678 3467 748 ἀναγορεύσεως
3510 681 3817 737 ἰοσιανοῦ.

2530 773 2591 824 Οἱ
2635 771 2692 826 δὲ
2725 771 3050 843 στρατιῶται
3082 772 3142 826 ὲν
3192 773 3423 848 μεγίστῃ
3463 775 3778 847 περιστάσει
3813 775 4039 844 γενόμει

2457 875 2538 912 νοι
2573 869 2624 924 ι’,
2659 859 2823 930 μηδὲν
2865 860 3224 933 ὑπερθέμενοι
3258 901 3272 926 ,
3301 864 3367 933 τῇ
3421 861 3548 932 ἑξῆς
3598 863 3781 933 ἡμέρᾳ
3834 864 4040 916 ἀναδει-

2459 950 2680 1004 κνύουσι
2733 950 2959 1022 βασιλέα
3003 952 3287 1019 Ἰοϐιανδν,
3317 953 3486 1025 ἄνδρα
3535 957 3777 1022 γενναῖον
3821 955 3914 1008 καὶ
3945 956 4037 1008 εύ-

2458 1043 2609 1113 γενῆ.
2637 1042 2824 1106 Ὅστις
2879 1042 3156 1114 χιλίαρχος
3185 1043 3262 1096 ῶν
3287 1044 3448 1114 ἡνίκα
3498 1043 3780 1108 Ἰουλιανὸς
3825 1045 4034 1114 αἵρεσιν

2459 1134 2574 1196 τοῖς
2601 1133 3049 1204 στρατευομένοις
3076 1134 3225 1206 νόμῳ
3271 1133 3570 1204 προύτίθει,
3597 1134 3630 1206 ἢ
3661 1134 3807 1188 θύειν
3837 1135 3873 1206 ἢ
3899 1136 4034 1188 ἀπο-

2462 1225 2889 1296 στρατεύεσθαι,
2934 1227 3132 1296 μᾶλλον
3179 1227 3276 1299 τὴν
3329 1225 3505 1299 ζώνην
3548 1228 3842 1282 ἀποθέσθαι
3903 1245 4038 1299 προ-

2461 1318 2662 1387 ῃρείτο,
2683 1316 2715 1386 ἢ
2740 1317 2978 1370 ἐκτελεῖν
2999 1317 3228 1382 ἀσεϐοῦς
3252 1317 3519 1388 βασιλέως
3543 1319 3839 1390 ἐπίταγμα.
3875 1317 4037 1372 Ἀλλὰ

2474 1407 2760 1470 Ἰουλιανὸς
2787 1407 2884 1479 μὲν
2923 1411 2992 1480 τῇ
3026 1409 3237 1480 ἀνάγκη
3270 1409 3365 1462 τοῦ
3394 1409 3741 1481 ἐπικειμένου
3773 1408 4034 1478 πολέμου,

2463 1499 2521 1552 ἐν
2556 1501 2668 1564 τοῖς
2724 1501 3120 1572 στρατηγοῦσιν
3156 1497 3269 1572 εἶχε
3305 1510 3328 1539 ⁸
3365 1501 3456 1554 τὸν
3487 1502 3672 1572 ἄνδρα.
3704 1503 3837 1556 Τότε
3870 1501 3926 1554 δὲ
3954 1502 4037 1555 al-

2465 1589 2641 1661 ρεθεὶς
2663 1591 2742 1656 είς
2776 1591 2836 1645 τὸ
2859 1591 3194 1662 βασιλεῦσαι,
3225 1596 3518 1664 παρῃτεῖτο
3542 1609 3555 1623 ⁸
3588 1593 3679 1664 βία
3707 1611 3764 1648 τε
3803 1593 4035 1663 ἑλκόμε-

2465 1697 2552 1744 νος
2587 1680 2690 1734 ὑπὸ
2711 1681 2818 1734 τῶν
2858 1681 3222 1751 στρατιωτῶν,
3249 1681 3396 1743 ἐϐόα,
3437 1682 3513 1754 μὴ
3543 1681 3828 1752 βούλεσθαι
3860 1683 4038 1751 λέγων

2468 1771 2772 1842 βασιλεύειν
2820 1773 3120 1845 ἀνθρώπων
3176 1774 3507 1845 Ἐλληνίζειν
3545 1774 3988 1845 προαιρουμένων
4016 1811 4034 1839 ,

2467 1864 2628 1927 αὐτὸς
2671 1863 2746 1917 ῶν
2789 1864 3133 1935 Χριστιανός.
3165 1866 3255 1929 Ὠς
3284 1861 3376 1919 οὖν
3426 1865 3578 1936 φωνὴ
3631 1868 3782 1936 κοινῇ
3819 1865 4037 1918 πάντων

791 1953 1169 2022 superstitioni
1237 1929 1531 2010 Gentilium
1566 1955 1768 2011 deditis
1804 1957 2092 2027 imperare.
2158 1956 2360 2012 Verum
2393 1929 2435 1983 Β
2464 1956 2571 2022 ὲγίν

2253 1973 2360 2012 tum
2393 1929 2435 1983 Β
2464 1956 2700 2022 ἐγίνετο,
2725 1954 3062 2026 ὁμολογοῦσα
3102 1956 3199 2009 καὶ
3242 1956 3440 2018 αὐτοὺς
3471 1951 3609 2010 εἶναι
3653 1954 4033 2024 Χριστιανοὺς,

793 2051 981 2113 postea
1034 2059 1200 2115 quam
1240 2061 1434 2101 omnes
1493 2062 1602 2101 una
1661 2061 1793 2101 voce
1853 2048 2088 2117 professi
2146 2056 2274 2102 sunt
2303 2064 2363 2105 se

792 2152 1014 2206 quinque
1046 2137 1395 2192 ChriStianos
1450 2153 1596 2204 esse,
1638 2139 1757 2207 ipse
1813 2139 2034 2210 quidem
2073 2141 2361 2212 imperium

794 2230 1059 2300 suscepit.
1092 2228 1361 2284 Caeterum
1393 2229 1451 2284 in
1482 2246 1697 2287 summa
1755 2231 2076 2286 diﬁicultate
2140 2240 2363 2302 repente

795 2319 1089 2375 derelictus
1115 2319 1170 2373 in
1199 2319 1436 2384 hostico,
1485 2320 1752 2377 militibus
1803 2322 1942 2378 fame
1983 2323 2360 2393 pereuntibus,

799 2413 998 2466 bellum
1027 2413 1197 2467 certis
1251 2411 1664 2470 conditionibus
1706 2415 2042 2470 terminavit.
2078 2413 2208 2482 Quae
2237 2415 2366 2471 licet

798 2503 1044 2558 Bonnano
1071 2503 1280 2558 nomini
1312 2504 1604 2568 indecorae,
1635 2521 1734 2576 pro
1769 2513 2017 2579 tempore
2056 2517 2236 2562 tamen
2269 2523 2364 2564 ne-

797 2595 1055 2652 cessariae
1088 2593 1259 2650 fuere.
1296 2595 1511 2649 Etenim
1570 2595 1772 2654 ﬁnibus
1830 2596 2044 2667 imperii
2078 2598 2361 2662 multatus,

797 2696 852 2742 et
879 2686 1050 2744 Nisibi
1080 2685 1487 2756 MesOpotamite
1527 2687 1662 2743 urbe
1693 2686 1878 2744 Persis
1919 2689 2140 2753 tradita,
2169 2705 2200 2745 e
2233 2689 2366 2744 Per-

801 2777 924 2834 side
961 2777 1239 2834 discessit.
1273 2776 1369 2832 His
1397 2777 1562 2833 rebus
1590 2779 1882 2843 nuntiatis,
1917 2779 2213 2835 Christiani
2242 2783 2366 2852 qui-

801 2871 922 2926 dem
954 2870 1170 2924 animos
1214 2876 1624 2939 resumpserunt
1661 2887 1676 2924 :
1717 2870 1912 2940 pagani
1968 2885 2097 2925 vero
2133 2872 2368 2927 maximo

799 2959 990 3014 dolore
1034 2955 1213 3012 allecti
1275 2964 1403 3013 sunt
1441 2956 1512 3012 ob
1569 2957 1850 3013 interitum
1912 2957 2136 3014 Juliani.
2196 2959 2369 3016 Porro

802 3049 1001 3104 milites
1028 3047 1271 3103 universi
1304 3047 1664 3118 improvidam
1695 3048 1962 3120 principis
2005 3046 2368 3106 temeritatem

799 3139 1149 3204 accusabant,
1179 3149 1233 3195 et
1271 3138 1544 3208 iacturam
1621 3139 1811 3194 ﬁnium
1857 3141 1907 3194 ei
1959 3141 2054 3194 uni
2085 3148 2368 3211 acceptam

2461 2045 2670 2115 δέχεται
2722 2046 2818 2116 μὲν
2875 2046 2973 2117 τὴν
3026 2045 3320 2116 βασιλείαν,
3375 2047 3432 2100 ἐν
3470 2046 3638 2114 στενῷ
3677 2047 3734 2100 δὲ
3780 2045 4037 2114 ἐξαίφνης

2461 2135 2793 2205 ἀποληφθεὶς
2819 2136 2876 2190 ἐν
2900 2139 2964 2206 τῇ
2995 2135 3238 2207 Περσῶν,
3267 2136 3361 2188 καὶ
3385 2135 3492 2188 τῶν
3522 2135 3866 2208 στρατιωτῶν
3893 2135 4039 2206 λιμῷ

2464 2226 2857 2297 φθειρομένων,
2882 2225 3178 2279 κατέλυσεν
3199 2227 3291 2280 ἐπὶ
3324 2226 3616 2296 συνθήκαις
3647 2226 3736 2278 τὸν
3777 2226 4034 2294 πόλεμον.

2463 2319 2530 2370 Ai
2563 2318 2827 2388 συνθῆκαι
2851 2317 2928 2382 δὲ,
2962 2318 3100 2391 πρὸς
3128 2319 3225 2389 μὲν
3253 2317 3350 2389 τὴν
3379 2317 3535 2383 δόξαν
3586 2319 3869 2388 Ῥωμαίων
3897 2314 4038 2389 ἦσαν

2463 2410 2730 2480 ἀπρεπεῖς
2749 2427 2763 2442 ο
2787 2410 2922 2482 πρὸς
2965 2410 3021 2463 δὲ
3051 2411 3145 2463 τὸν
3172 2410 3360 2478 καιρὸν
3399 2410 3708 2478 ἀναγκαῖαι.
3733 2410 4038 2480 Ζημιωοεῑς

2463 2501 2571 2572 γὰρ
2595 2503 2718 2566 τοὺς
2751 2503 2954 2573 Σύρους
2982 2502 3083 2572 τῆς
3117 2502 3294 2574 ἀρχῆς
3327 2503 3461 2572 (74),
3490 2503 3584 2554 καὶ
3621 2503 3896 2573 παραδοὺς
3923 2506 4035 2567 τοῖς

2464 2594 2700 2664 Πέρσαις
2714 2595 2812 2663 τὴν
2828 2595 2886 2646 ἐν
2905 2592 3297 2666 Μεσοποταμίᾳ
3316 2593 3530 2647 Νίσιϐιν
3554 2594 3726 2659 πόλιν,
3747 2596 4038 2664 ἐξήλαυνεν

2465 2684 2694 2742 ἐκεῖθεν.
2767 2685 2986 2739 Τούτων
3046 2686 3470 2756 διαγγελθέντων
3494 2727 3510 2752 ,
3566 2689 3883 2758 Χριστιανοὶ
3939 2689 4038 2758 μὲν

2473 2774 2877 2846 ἀνερρώννυντο
2915 2776 3028 2847 (75)
3055 2792 3070 2807 ·
3099 2779 3148 2830 οἱ
3191 2777 3247 2832 δὲ
3277 2777 3378 2849 τὴν
3409 2777 3702 2849 θρησκείαν
3739 2779 3996 2852 ’Έλληνες
4019 2819 4035 2843 ,

2471 2866 2665 2930 πένθος
2695 2866 2972 2920 ἐποιοῦντο
3015 2867 3112 2940 τὴν
3153 2868 3438 2923 Ἰουλιανοῦ
3468 2870 3741 2940 τελευτήν.
3766 2871 3840 2924 Τὸ
3872 2889 4039 2942 στρα-

2466 2957 2716 3010 τιωτικὸν
2737 2956 2794 3010 δὲ
2819 2955 3060 3028 σύμπαν,
3086 2957 3185 3027 τὴν
3204 2957 3514 3027 ἀφύλακτον
3543 2959 3708 3012 αὐτοῦ
3731 2960 4039 3031 θερμότητα

2467 3047 2844 3119 διεμέμφοντο,
2875 3048 2969 3102 καὶ
2991 3049 3090 3120 τὴν
3113 3049 3292 3105 αἰτίαν
3318 3050 3416 3120 τῆς
3438 3049 3640 3121 ζημίας
3662 3049 3770 3103 τῶν
3797 3052 3935 3122 ὅρων
3960 3054 4040 3115 εις

2470 3141 2629 3194 αὐτὸν
2655 3140 2917 3213 ἀνέφερον
2939 3181 2954 3203 .
2989 3141 3072 3194 ὅτι
3106 3140 3212 3195 ύπδ
3251 3140 3549 3212 αὐτομόλου
3589 3142 3802 3213 Πέρσου
3829 3144 4042 3213 ἀπατη-

801 3230 1112 3286 relerebant
1141 3249 1153 3285 :
1185 3230 1386 3300 quippe
1416 3230 1509 3300 qui
1544 3245 1574 3284 a
1623 3229 1906 3301 transfuga
1938 3230 2174 3302 quodam
2202 3229 2366 3286 Persa
2396 3267 2438 3324 Ο
2471 3231 2581 3296 θεὶς

2261 3246 2366 3286 :rsa
2396 3267 2438 3324 Ο
2471 3231 2582 3296 θεὶς
2605 3270 2619 3293 ,
2655 3231 2723 3285 τὰ
2774 3229 3100 3302 σιτηγοῦντα
3148 3231 3235 3286 διὰ
3267 3231 3374 3284 τῶν
3404 3231 3662 3296 ποταμιῖιν
3715 3232 3872 3286 πλοῖα
3917 3249 4041 3286 κατ-

801 3322 856 3377 in
894 3321 1138 3377 fraudem
1175 3320 1452 3388 inductus,
1491 3323 1707 3394 navigia
1733 3323 1934 3394 quibus
1977 3337 2193 3378 annona
2236 3323 2370 3380 sub-

2477 3324 2672 3378 έκαυσε
2692 3328 2734 3388 ί,
2762 3323 2841 3377 διὸ
2866 3325 2958 3378 καὶ
2978 3322 3121 3398 λιμῷ
3143 3324 3464 3396 περιέπεσεν
3487 3325 3516 3378 ὁ
3545 3324 3793 3396 στρατός.
3815 3324 3947 3378 Τότε
3975 3323 4041 3395 δὴ

1973 3497 2241 3554 VALESII
2263 3498 2812 3556 ANNO'I‘ATIUNES.

878 3588 997 3659 (74),
1025 3591 1346 3658 Ζημιωθεὶς
1399 3589 1509 3659 γὰρ
1540 3588 1677 3654 τοὺς
1733 3588 1960 3659 Σύρους
2002 3590 2114 3657 τῆς
2159 3591 2373 3659 ἀρχῆςο

810 3658 1359 3730 ιιεηυὶᾱθῐη-Ιεείιυι·
1393 3658 1447 3713 in
1489 3658 1960 3730 onrnibusglibris.
1999 3659 2186 3730 Neque
2215 3658 2376 3714 aliter

812 3727 1062 3800 legerunt
1116 3727 1454 3800 Epiphanius
1497 3727 1875 3800 Scholasticus
1919 3738 1972 3783 et
2011 3727 2370 3800 Nicephorius.

814 3798 1318 3870 Epiphaniuscnim
1346 3800 1419 3870 ita
1451 3799 1613 3870 vertit
1643 3816 1658 3852 :
1689 3798 2160 3870 Amissainamque‘
2189 3799 2369 3870 Syria,

811 3867 1092 3956 et'tradita’
1112 3868 1292 3956 Persia
1340 3867 1537 3950 NisilLi,
1580 3875 1700 3956 .etc.
1739 3867 2088 3956 ‘l‘ijcep'l‘IOI'us'
2123 3867 2251 3924 vero
2289 3872 2372 3926 sic

813 3939 1161 4012 habet_:__Kat
1189 3940 1252 4010 δή
1290 3938 1545 4012 τιναᾷτῶν
1571 3937 1846 4012 ὑποτελῶν
1881 3937 2172 4011 Ῥωμαίοις
2205 3954 2383 4012 παρα-

2482 3593 2838 3663 εοτίὺεηᾶυιηί
2869 3591 2957 3663 sit
2983 3594 3110 3656 τοὺς
3138 3593 3316 3663 ὅρους.
3349 3592 3469 3661 Qua
3501 3593 3887 3649 emendatione
3915 3608 4039 3648 cer-

2481 3664 2591 3733 tius
2621 3663 2777 3717 nihil.
2810 3661 3113 3717 Conﬁrmat
3145 3661 3291 3733 lianc
3327 3663 3764 3719 emendationem
3813 3665 4042 3733 ipsemet

2481 3731 2758 3804 Socrates,
2780 3733 2881 3804 qui
2919 3733 3089 3804 paulo
3143 3731 3286 3787 intra
3323 3734 3391 3788 de
3424 3735 3523 3788 hac
3555 3749 3614 3788 re
3662 3731 3917 3804 loquens,
3944 3732 4038 3802 ζη-

2481 3803 2746 3873 μίανητῶν
2775 3802 3108 3873 ὅρωνλύίοἰῑ.

2548 3872 2662 3939 (75)
2700 3871 3174 3940 Ἀνὲρρώννυντο
3221 3872 3533 3939 τελευτήν.
3587 3872 3733 3929 Inter
3787 3873 3902 3930 haec
3932 3874 4044 3928 duo

2476 3943 2642 3996 verba
2671 3942 2863 3997 deerat
2919 3949 3132 4009 integra
3188 3943 3332 3998 linea
3383 3944 3434 3997 in
3469 3945 3688 3999 esensis
3735 3945 4040 4006 codicibus,

809 4009 934 4083 ροὺς
982 4008 1383 4083 ilépaatt;,_ri;v_
1403 4008 1590 4081 Σύρων
1633 4008 2005 4083 ἀρχήν-,φημι
2035 4012 2130 4063 καὶ
2178 4008 2379 4083 τ-ὴνίέν
2474 4027 2589 4082 qua

2265 4008 2379 4083 {ev
2474 4027 2639 4083 quam
2697 4028 2799 4067 nos
2847 4027 2916 4066 ex
2951 4008 3174 4083 optimis
3226 4015 3631 4083 exemplaribus
3688 4013 4045 4069 Florentiano

808 4079 1203 4150 Μεσοποταμίᾳ
1223 4079 1459 4145 Νίσιϐιν,
1483 4079 1593 4150 εις.
1630 4079 2021 4150 Αιιμιί--Ιξυιειιιη
2057 4087 2164 4144 est,
2192 4079 2345 4135 Juvia
2371 4113 2378 4122 -

811 4164 940 4202 unum
978 4145 1189 4219 Syr-iani
1227 4149 1522 4219 tradidisse
1553 4145 1757 4204 Persis.
1787 4145 2018 4219 Nisibin]
2051 4150 2197 4204 enim
2233 4152 2376 4204 dun-

810 4227 958 4271 taxat
985 4216 1039 4272 et
1092 4223 1344 4287 regiones
1374 4217 1846 4288 Transtigritanas
1890 4216 2075 4274 Persis
2123 4219 2368 4276 tradidit.

812 4287 993 4351 Quare
1027 4305 1134 4343 non
1168 4290 1359 4343 dubito
1394 4291 1525 4358 quin
1558 4287 1662 4344 hee
1700 4290 1822 4343 loco
1876 4304 1972 4358 pro
2005 4293 2128 4354 τοὺς
2163 4292 2370 4362 Σύρους

2473 4081 2539 4137 ac
2571 4081 2857 4154 Slortiano
2906 4082 3300 4154 supplevimus.
3346 4081 3519 4139 Porro
3575 4085 4042 4154 Cbristophorso-

2477 4169 2606 4206 num
2639 4152 2694 4224 in
2747 4152 3109 4208 translatione
3136 4153 3381 4209 Socratis
3415 4155 3584 4211 nullis
3639 4152 4037 4224 manuscriptis

2468 4223 2758 4296 codicibus
2790 4239 2952 4278 usum
2984 4237 3126 4288 esse,
3170 4225 3252 4277 vel
3293 4240 3437 4279 unus
3489 4225 3580 4280 hic
3626 4226 3784 4281 locus
3823 4223 4028 4296 perspi-

2478 4309 2578 4348 cue
2611 4294 2969 4348 demonstrat.

2234 4469 2613 4526 VARIORUM.

813 4571 1235 4628 Alexandrinos.
1274 4582 1422 4621 mm
1478 4582 1655 4622 annos
1702 4576 1890 4621 natum
1947 4581 2007 4621 se
2044 4580 2168 4620 esse
2218 4563 2375 4629 dicit,

2485 4567 2904 4641 milititetnunus
2932 4571 3002 4624 ad
3031 4570 3405 4641 tranquilliora
3434 4569 3554 4641 vita
3575 4569 3824 4641 digressi,
3860 4569 4046 4641 inquit

817 4644 960 4710 quod
989 4651 1042 4698 ct
1064 4642 1116 4694 in
1157 4639 1494 4710 Misopogone
1516 4636 1830 4710 _signiﬁcat_._
1854 4636 2380 4710 Neqnecgntrarius
2412 4639 2454 4693 D
2484 4638 2663 4710 Amm.
2693 4639 2962 4704 Mai-ceu"
3003 4641 3098 4696 Iib,
3162 4636 3286 4703 in,
3316 4655 3437 4708 cap,
3478 4640 3530 4694 5,
3567 4636 3700 4707 Ejus
3730 4640 3889 4706 patri,
3925 4636 4044 4695 c'um

817 4704 902 4769 est
929 4724 1010 4782 (ut
1043 4713 1161 4764 loco
1185 4704 1754 4782 laudat—ouarbit—ratur
1790 4704 2061 4782 Valesius)
2093 4704 2372 4782 socrates,

817 4775 1038 4854 quando
1088 4780 1284 4854 scribit
1341 4775 1619 4854 Julianum
1666 4792 1814 4854 anno
1871 4779 2046 4854 aetatis
2086 4776 2378 4854 _tricesimo

820 4846 994 4918 primo
1030 4851 1278 4922 periisse,
1306 4849 1404 4922 sed
1433 4855 1646 4922 tantum
1685 4847 1890 4922 indicat
1915 4846 2272 4922 tricesimum
2289 4860 2376 4898 sco

819 4915 1059 4978 inindum
1087 4919 1470 4986 incompletutn
1487 4916 1661 4973 fuisse
1682 4934 1697 4972 :
1721 4918 1864 4986 quod
1889 4924 2204 4986 veruntest.
2227 4915 2374 4985 (Ant.

823 4935 1059 4978 eundum
1087 4935 1262 4974 Incom
1307 4935 1470 4973 letum
1487 4935 1661 4973 mille
1682 4935 1697 4972 :
1721 4935 1864 4986 quoa
1889 4935 2073 4972 verum
2101 4935 2204 4969 εει.
2227 4935 2374 4985 tam.

823 4993 1044 5065 Pagiad
1070 5007 1197 5044 ann.
1233 4935 1373 5065 3'83;
1395 5004 1451 5042 ιι.
1589 4986 1662 5043 De
1682 4987 1771 5043 die
1807 4985 2096 5065 ettiortuali
2126 5000 2380 5065 annoque

820 5057 1002 5117 :rtatis
1025 5060 1296 5115 consentit
1336 5057 1629 5128 Eutropius
1657 5077 1671 5114 :
1702 5058 1845 5127 quod
1876 5073 2006 5112 vero
2038 5057 2228 5128 scribit
2255 5071 2377 5128 eum

823 5133 1056 5200 septimo
1082 5131 1472 5200 impcriianno
1509 5125 1889 5192 interfectum,
1924 5140 2099 5181 annos
2163 5125 2379 5193 imperii

822 5199 1054 5256 Caesarei
1100 5199 1372 5267 intelligit.

902 5283 922 5309 τ
963 5272 1065 5324 Ἐν
1084 5269 1337 5338 μεγίστῃ
1369 5268 1714 5336 περιστάσει
1758 5272 2080 5339 γενόμενοι.
2109 5267 2223 5339 Non
2265 5275 2381 5320 tan-

825 5350 939 5395 tum
972 5341 1038 5394 ob
1077 5337 1338 5408 amissum
1364 5339 1663 5402 Julianum,
1697 5337 1792 5395 sed
1848 5337 1993 5408 onod
2043 5355 2164 5394 cum
2213 5337 2381 5406 impe-

826 5415 965 5466 rium
993 5407 1617 5470 Sallustiodetulissent,
1650 5411 1696 5465 is
1722 5407 1940 5464 morbos
1966 5419 2018 5463 et
2045 5418 2378 5464 senectutem

823 5491 1106 5538 causatus.
1140 5480 1400 5533 honorem
1457 5480 1621 5532 istum
1655 5494 1684 5531 a
1717 5494 1776 5533 se
1824 5479 2050 5546 depulit.
2098 5477 2244 5530 Inter
2287 5476 2380 5528 llas

823 5566 1038 5620 exiguas
1087 5549 1154 5602 ad
1213 5558 1415 5603 tantam
1481 5566 1587 5602 rem
1636 5565 1830 5611 moras,
1881 5547 2111 5620 nonduin
2151 5548 2381 5615 pensatis

826 5617 1118 5685 sententiis,
1157 5620 1600 5686 tumultuantibus
1631 5621 1836 5686 paucis,
1862 5627 1918 5670 ut
1953 5619 2006 5670 in
2038 5617 2189 5671 rebus
2216 5628 2382 5670 extre-

829 5691 927 5744 mis
957 5705 1090 5755 sape
1119 5698 1195 5744 est
1248 5691 1466 5757 factum,
1507 5688 1762 5742 Jovionns
1815 5688 2025 5756 eligitur
2071 5689 2380 5750 imperator.

829 5761 1232 5813 domesticorum
1267 5759 1467 5813 ordinis
1504 5761 1726 5822 primus.
1750 5759 1982 5826 paternis
2027 5757 2226 5810 meritis
2275 5773 2383 5810 nte-.-

830 5831 1082 5882 diocriter
1130 5829 1578 5886 commendabilis.
1645 5828 1776 5882 Erat
1842 5829 1978 5881 enim
2062 5827 2380 5881 Varroniani

833 5900 1092 5954 notissimi
1119 5900 1321 5954 comitis
1351 5899 1514 5968 ﬁlius,
1544 5899 1684 5954 haud
1718 5898 1913 5954 dudum
1943 5908 2057 5968 post
2092 5898 2382 5968 depositum

2483 4707 2673 4762 liberos
2696 4710 2902 4764 crebros
2931 4713 3212 4775 amitteret,
3235 4707 3544 4778 pracéptum
3572 4710 3773 4764 somnio
3802 4720 3900 4768 est.
3925 4727 4043 4764 eum

2479 4779 2568 4898 alui
2589 4778 2705 4860 jam
2738 4781 2968 4834 instante
2994 4783 3176 4835 uxoris
3209 4793 3368 4848 partu
3391 4782 3620 4834 edendas
3654 4779 4038 4856 forethdiceret

2520 4863 2787 4898 omannm.
2819 4849 2922 4898 llic
2950 4851 3047 4898 fuit
3096 4851 3316 4898 insit'mis
3357 4866 3589 4898 corpore.
3626 4851 3779 4898 lu'tus
3812 4852 4038 4898 muenia-

2520 4849 2787 4904 ovianum.
2818 4849 2922 4903 llic
2948 4851 3047 4918 fuit
3096 4851 3316 4920 insignis
3357 4866 3590 4918 corpore.
3626 4851 3779 4904 lu'tus
3812 4849 4042 4918 ingenio,

2482 4920 2778 4973 litterarum
2806 4920 3287 4976 studiosus.Victor
3309 4922 3362 4976 in
3396 4922 3650 4986 epitome.

2552 4999 2573 5026 '
2626 4989 2729 5062 Ἑν
2753 4991 2878 5057 τοῖς
2925 4991 3368 5062 στρατηγοῦσιν
3404 4991 3549 5060 εἶχε.
3612 4991 3742 5046 Erat
3773 4990 3916 5045 enim
3945 4990 4045 5044 tio-

2482 5061 2832 5132 mesticorum
2852 5062 3074 5132 ordinis
3097 5061 3322 5132 primus.
3352 5072 3410 5116 ut
3438 5077 3603 5132 supra
3629 5079 3692 5116 ex
3726 5061 4042 5132 Marcellino

2483 5129 2741 5184 vidimus.
2773 5128 2998 5185 Fallitur
3033 5128 3217 5199 itaque
3258 5128 3643 5194 Theodmitus,
3681 5148 3805 5186 eum
3853 5131 3926 5183 ait
3955 5129 4045 5183 Jo-

2481 5199 2710 5272 vianum
2734 5200 2904 5257 luisse
2938 5201 3060 5255 οὗτε
3100 5203 3426 5272 ῃροιτηγδν,
3452 5202 3574 5257 οὔτε
3611 5202 3720 5256 τῶν
3760 5199 3874 5272 μετ’
3901 5201 4045 5253 ἐκεί-
4086 5214 4089 5215 ⁷

2483 5285 2624 5331 νους,
2658 5270 2754 5324 lib.
2787 5286 2859 5332 IV,
2890 5287 3010 5341 cap.
3039 5287 3076 5325 ι.
3100 5269 3190 5325 WL
3221 5269 3445 5327 Lowrn.

2559 5344 2574 5378 ι
2605 5341 2788 5394 Πλοῐα
2817 5339 3168 5395 κατέκαυσε.
3188 5341 3461 5406 Julianus,
3489 5351 3776 5413 postquam
3801 5339 4042 5413 Euphra-

2483 5419 2590 5464 tem
2621 5425 2743 5462 cum
2767 5413 3007 5465 exercitu
3071 5413 3380 5475 transierat,
3415 5409 3579 5467 naves
3633 5409 3837 5466 temere
3878 5409 4044 5462 nimis

2483 5481 2634 5553 exuri
2661 5481 2854 5549 jussit.
2887 5483 2990 5538 iter
3024 5491 3283 5537 terrestre
3309 5497 3638 5553 aggressus;
3665 5481 3806 5536 unde
3835 5480 4041 5553 paucis

2483 5552 2676 5607 diebus
2716 5561 2902 5608 tantus
2960 5553 3238 5608 exercitus
3268 5553 3320 5606 in
3350 5549 3576 5608 hostico
3619 5561 3673 5607 et
3715 5549 3886 5605 sterili
3924 5549 4043 5604 solo

2484 5622 2719 5689 positus.
2763 5622 2947 5691 inopia
2979 5625 3223 5676 omnium
3258 5639 3438 5692 rerum
3488 5623 3656 5692 premi
3687 5622 3878 5690 cmpit,
3921 5628 4043 5671 tan-

2484 5694 2714 5761 demque
2742 5692 2811 5745 ab
2840 5692 3089 5746 humanis
3110 5691 3366 5746 carnibus
3388 5693 3470 5746 vix
3492 5691 3832 5761 ’abstentuin,
3853 5702 4042 5759 quem-

2483 5759 2773 5815 admotlum
2829 5762 3018 5816 scribit
3074 5765 3248 5817 Amm.
3313 5762 3683 5819 Marcellinus.
3748 5759 3824 5819 De
3854 5767 4042 5815 trans-

2486 5833 2610 5904 l‘uga
2647 5844 2822 5890 autem
2855 5831 3016 5888 Persa
3045 5833 3202 5889 nihil.
