4508 6588
841 466 950 523 459

849 681 962 724 tum
994 667 1122 723 fecit
1156 686 1169 722 :
1204 669 1475 741 longaque
1531 671 1780 729 instituta
1832 678 2264 744 concertatione,
2302 693 2413 736 non

845 759 994 813 sicut
1023 760 1100 812 ait
1139 757 1427 825 Libanius,
1476 772 1928 831 argumentorum
1973 767 2160 824 valido
2214 769 2414 826 robore

845 865 942 905 eos
980 853 1337 922 oppugnavit,
1374 853 1470 908 sed
1513 869 1612 925 pro
1645 859 1897 915 veritatis
1928 861 2116 931 inopia
2157 861 2225 916 ad
2270 865 2414 919 sales

843 950 900 996 et
928 941 1088 1010 jocos
1112 957 1436 1010 conversus,
1480 948 1681 1018 quibus
1731 950 1980 1020 impense
2015 955 2412 1020 delectabatur,

844 1047 907 1088 ea
940 1049 1064 1102 qure
1094 1034 1149 1088 in
1206 1035 1318 1091 illis
1350 1037 1506 1092 libris
1539 1051 1686 1096 recte
1736 1044 1979 1098 stabilita
2011 1053 2161 1108 sunt,
2212 1047 2411 1103 irrisit.

845 1123 1172 1194 Quicunque
1214 1127 1362 1181 enim
1416 1139 1692 1187 certamen
1731 1135 1992 1192 adversus
2023 1139 2254 1194 alterum
2290 1155 2414 1196 sus-

842 1215 1028 1284 cepit,
1066 1231 1214 1271 nunc
1246 1223 1610 1287 pervertendo
1659 1227 1968 1295 veritatem,
2027 1246 2177 1287 nunc
2225 1235 2415 1289 occul-

845 1307 1032 1369 tando,
1071 1311 1293 1366 mentiri
1341 1313 1484 1368 solet
1511 1314 1780 1376 adversus
1830 1335 1956 1376 eum
2009 1334 2202 1379 contra
2252 1340 2412 1396 quem

844 1397 1098 1454 instituta
1173 1408 1260 1456 est
1348 1405 1675 1474 disputatio.
1770 1408 1835 1464 Et
1921 1414 2240 1486 quicunque
2331 1418 2382 1472 al

846 1495 1025 1541 terum
1085 1489 1217 1545 odio
1261 1496 1640 1566 prosequitur,
1688 1501 1874 1571 omnia
1936 1511 2196 1576 tanquam
2240 1507 2415 1563 hostis

845 1578 1002 1647 201
1040 1595 1148 1634 non
1174 1582 1354 1639 solum
1393 1600 1554 1656 agere
1579 1599 1772 1645 contra
1806 1591 1982 1660 illum,
2013 1610 2202 1651 verum
2248 1598 2412 1654 etiam

843 1668 996 1738 loqui
1029 1671 1214 1727 studet
1243 1691 1258 1728 :
1309 1681 1365 1730 et
1396 1691 1517 1746 quae
1556 1679 1613 1734 in
1644 1680 1766 1750 ipso
1798 1682 1988 1738 insunt
2024 1688 2190 1753 mala,
2256 1703 2323 1744 ea
2358 1690 2412 1743 in

846 1759 1001 1814 illum
1028 1777 1266 1830 quocum
1295 1765 1614 1824 inimicitias
1637 1781 1879 1838 exercet,
1925 1785 2142 1832 vertere
2179 1793 2414 1836 consue-

844 1851 945 1904 vit.
976 1850 1280 1924 Utrumque
1318 1872 1508 1926 porro,
1543 1857 1823 1916 Iulianum
1854 1867 2064 1922 scilicet
2087 1876 2252 1938 atque
2277 1869 2414 1926 Por-

845 1942 1123 2012 phyrium,
1169 1960 1332 2014 quem
1365 1946 1590 2019 Tyrium
1618 1966 1802 2008 senem
1837 1958 2080 2026 appellat
2111 1958 2372 2018 Libanius
2392 2005 2407 2029 ,

847 2037 1164 2090 scommatis
1219 2037 1524 2098 delectatos
1583 2043 1776 2111 fuisse,
1821 2042 1905 2102 ‘ex
1959 2049 2206 2120 ipsorum
2257 2055 2412 2110 libris

848 2126 1213 2183 convincitur.
1264 2128 1397 2184 Nam
1446 2131 1784 2206 Porphyrius
1843 2140 2068 2209 quidem
2128 2135 2219 2198 in‘
2254 2144 2412 2202 libris

847 2231 994 2285 quos
1033 2219 1261 2288 scripsit
1299 2221 1368 2277 de
1417 2222 1648 2280 historia
1691 2228 2068 2300 philosophica
2093 2273 2109 2299 ,
2168 2234 2414 2292 Socratis

854 2305 1310 2376 philosophorum
1367 2312 1610 2368 omnittm
1647 2319 2090 2376 excellentissimi
2130 2323 2298 2377 vitam
2338 2326 2414 2379 ri-

849 2394 1034 2453 dicule
1077 2398 1361 2455 traduxit:
1406 2417 1581 2473 eaque
1610 2405 1679 2462 de
1726 2409 1820 2497 illo
1865 2412 2089 2482 scriptis
2135 2413 2411 2485 prodidit,

848 2500 970 2554 quae
995 2501 1096 2542 nec
1123 2485 1342 2544 Melitus
1363 2507 1600 2561 unquam
1638 2485 2013 2569 nec'Anytus,
2045 2498 2291 2558 Socratis
2319 2517 2414 2560 ac-

849 2587 1166 2646 cusatores,
1213 2593 1406 2637 contra
1444 2585 1595 2640 illum
1625 2586 1808 2644 dicere
1849 2591 1971 2646 ausi
2007 2591 2251 2673 fuerunt,
2309 2595 2413 2652 So-

850 2672 1042 2736 cratis,
1079 2673 1325 2742 inquam,
1363 2691 1524 2745 quem
1572 2693 1763 2736 omnes
1797 2667 1968 2738 Graeci
2023 2667 2291 2743 mirantur
2343 2691 2415 2746 ob

848 2759 1170 2817 modestiam
1217 2772 1273 2819 et
1311 2768 1582 2834 justitiam
1633 2771 1885 2842 aliasque
1933 2775 2208 2847 virtutes;
2252 2797 2414 2851 quem

847 2851 1005 2914 Plato
1044 2857 1444 2944 celeberrimus
1491 2864 1635 2934 apud
1687 2866 1810 2922 illos
1837 2868 2217 2942 philosophus,
2251 2890 2416 2944 quem

850 2940 1193 3016 Xenophon.
1252 2958 1308 3006 et
1379 2954 1623 3024 reliquus
1681 2940 2142 3031 philosophorum
2187 2940 2414 3032 chorus,

855 3028 962 3093 non
996 3040 1171 3094 solum
1220 3049 1480 3114 tanquam
1519 3045 1628 3103 Deo
1662 3051 1887 3106 charum
1931 3057 2262 3126 suspiciunt,
2321 3075 2418 3115 ve-

849 3143 970 3181 rum
1006 3131 1170 3184 etiam
1187 3147 1356 3203 supra
1389 3134 1615 3190 humani
1647 3138 1850 3209 ingenii
1905 3155 2128 3215 captum
2165 3150 2419 3218 sapuisse

2319 468 2660 529 SOCRATIS

848 578 1097 650 cognitos
1121 575 1373 631 habebat.
1414 576 1568 634 Tunc
1607 594 1737 637 vero
1772 581 2043 640 adversus
2088 584 2214 641 illos
2243 585 2413 657 impe-
2445 590 2488 646 Δ
2517 604 2622 659 πτη

2313 600 2413 657 φε-
2445 590 2488 646 A
2517 604 2657 659 πτης
2708 590 2944 663 διέσυρε.
2977 592 3093 656 Πᾶς
3126 586 3233 660 γὰρ
3261 593 3289 647 6
3317 597 3640 668 μαχόμενός
3684 616 3813 663 τινι,
3841 599 3934 652 νῦν
3993 601 4093 670 μὲν

3986 488 4090 542 440
4147 520 4150 522 ~

2516 680 2904 753 παρατρέπων,
2931 682 3025 736 νῦν
3046 681 3106 737 δὲ
3136 683 3486 756 ἐπικρύπτων
3516 687 3613 760 τὴν
3637 688 4096 760 άλήθειαν,κατα-

2513 770 2769 840 ψεύδεται
2798 773 2892 826 τοῦ
2922 774 3060 846 πρὸς
3089 774 3149 830 όν
3173 776 3206 845 ἠ
3232 777 3381 848 μάχη
3428 780 3762 834 συνίσταται.
3795 783 3906 836 Καὶ
3925 783 3954 834 6
3986 784 4092 836 άπο

2514 863 2687 933 εχθῶς
2720 864 2858 935 ἔχων
2892 867 3030 936 πρός
3057 883 3205 933 τινα,
3234 868 3413 922 πάντα
3447 871 3523 933 ὡς
3558 871 3813 942 πολέμιος
3839 874 3900 926 οὐ
3933 874 4095 943 μόνον

2516 955 2777 1026 πράττειν
2799 995 2814 1019 ,
2847 957 2982 1011 ἀλλὰ
3013 958 3108 1013 καὶ
3147 959 3326 1029 λέγειν
3353 961 3656 1016 ἐσπούδακε
3675 979 3691 994 ο
3719 965 3813 1018 καὶ
3843 964 3914 1018 τά
3946 964 4094 1035 αὑτῷ

2515 1050 2783 1120 προσόντα
2820 1050 3031 1120 φαῦλα,
3056 1051 3135 1123 τῷ
3175 1053 3312 1125 πρὸς
3349 1054 3409 1108 ὃν
3449 1056 3483 1126 ὴ
3525 1054 3715 1126 ἔχθρα,
3743 1057 4094 1127 περιτρέπειν

2515 1139 2676 1206 φιλεῖ.
2711 1139 2834 1193 Ὀτι
2871 1141 2970 1210 μὲν
3009 1137 3102 1196 οὖν
3132 1143 3230 1196 καὶ
3272 1143 3576 1211 Ἰουλιανὸς,
3624 1145 3718 1198 καὶ
3763 1146 4093 1218 Πορφύριος,

2514 1231 2574 1284 δν
2605 1231 2802 1302 Τύριον
2853 1231 3009 1286 καλεῖ
3038 1233 3290 1304 γέροντα,
3325 1235 3494 1306 ἄμφω
3519 1236 3903 1330 φιλοσκῶπται
3924 1234 4091 1310 ἦσαν,

2517 1321 2622 1375 ὑπὸ
2664 1322 2774 1376 τῶν
2818 1323 3031 1378 οἰκείων
3060 1325 3232 1394 λόγων
3271 1326 3607 1398 ἐλέγχονται.
3657 1321 3964 1400 Πορφύρίος
3995 1330 4095 1399 μὲν

2514 1413 2623 1484 γὰρ
2673 1415 2767 1468 τοῦ
2817 1416 3244 1486 κορυφαιοτάτου
3289 1416 3398 1489 τῶν
3445 1418 3746 1487 φιλοσόφων
3775 1421 4096 1490 Σωκράτους

2514 1506 2605 1559 τὸν
2656 1505 2770 1576 βίον
2817 1507 3061 1579 διέσυρεν
3116 1511 3174 1563 ἐν
3217 1512 3284 1581 τῇ
3335 1511 3696 1583 γεγραμμένῃ
3749 1510 3900 1581 αὐτῷ
3947 1511 4096 1581 φιλο-

2517 1599 2666 1669 σόφῳ
2696 1599 2942 1669 ἱστορίᾳ-ο
2977 1603 3074 1652 καὶ
3107 1600 3332 1655 τοιαῦτα
3362 1602 3492 1673 περὶ
3523 1601 3687 1656 αὐτοῦ
3706 1600 3924 1670 γράψας
3961 1615 4096 1654 κατ-

2517 1688 2759 1754 έλειπεν,
2789 1683 2876 1741 οἶα
2912 1689 2978 1742 ἂν
3013 1690 3151 1760 μήτε
3178 1689 3429 1754 Μέλιτος,
3463 1691 3601 1760 μήτε
3633 1692 3858 1752 Ἀνυτος
3882 1691 3931 1742 οἱ
3959 1707 4094 1760 γρα-

2513 1778 2746 1848 ψάμενοι
2775 1760 3103 1850 Σωκράτην,
3133 1781 3310 1833 είπεῖν
3335 1781 3698 1852 ἐπεχείρησαν
3723 1797 3737 1811 ⁸
3772 1780 4097 1852 Σωκράτους

2515 1888 2588 1940 φη
2598 1873 2680 1942 μὶ,
2718 1870 2812 1923 τοῦ
2842 1871 2972 1942 παρ’
2997 1871 3222 1941 Ἕλλησι
3245 1871 3656 1942 θαυμαζομένου
3678 1872 3770 1925 ἐπί
3797 1889 3858 1925 τε
3887 1889 4098 1942 σωφροο

2515 1960 2650 2033 σύνῃ
2678 1961 2772 2014 καὶ
2825 1960 3157 2033 δικαιοσύνῃ,
3187 1961 3282 2015 καί
3325 1963 3445 2025 ταῖς
3491 1961 3680 2026 ἄλλαις
3722 1963 3964 2032 ἀρεταῖς.
3999 1965 4098 2014 ’ον

2511 2050 2735 2104 Πλάτων
2761 2051 2789 2103 ό
2811 2048 3118 2120 θαυμαστὸς
3147 2049 3278 2119 παρ’
3316 2050 3502 2112 αὐτοῖς
3536 2047 3845 2118 φιλόσοφος,
3881 2047 3976 2100 καὶ
3988 2045 4098 2099 οΞε-

2509 2138 2708 2208 νοφῶν,
2744 2139 2839 2192 καὶ
2875 2140 2904 2192 6
2934 2138 3092 2202 ἄλλος
3120 2137 3230 2191 τῶν
3266 2137 3569 2207 φιλοσόφων
3599 2138 3816 2201 θίασος,
3843 2138 3905 2189 οὐ
3936 2137 4096 2205 μόνον

2508 2232 2584 2295 ὡς
2629 2229 2852 2301 θεοφιλῆ
2883 2229 3126 2301 ,τιμῶσιν
3151 2271 3167 2297 ,
3195 2230 3332 2284 ἀλλὰ
3377 2229 3442 2302 δὴ
3490 2230 3587 2283 καὶ
3641 2230 3782 2299 ὑπὲρ
3810 2228 4096 2298 ἄνθρωπον

2512 2325 2728 2394 φρονεῖν
2755 2322 3121 2392 νενομίκασιν.
3150 2321 3433 2385 Ἰουλιανὸς
3458 2321 3515 2375 δὲ
3536 2321 3628 2374 τὸν
3661 2319 3873 2391 πατέρα
3894 2317 4094 2387 ζηλῶν,

2510 2414 2571 2467 τὸ
2607 2413 2736 2466 ίδιον
2771 2411 2942 2474 πάθος
2983 2412 3064 2475 είς
3109 2412 3243 2476 ποὺς
3296 2411 3583 2482 Καίσαρας
3631 2408 3848 2481 ἡλεγξε,
3881 2410 4092 2468 πάντας

2514 2502 2917 2574 μωμησάμενος
2939 2501 3068 2566 τοὺς
3093 2503 3198 2573 πρὸ
3229 2501 3394 2556 αὐτοῦ
3437 2501 3673 2573 βασιλεῖς
3694 2541 3709 2564 ,
3733 2501 3829 2555 καὶ
3857 2499 3972 2552 οὐδὲ
4001 2497 4097 2551 τοῦ

2513 2595 2801 2664 φιλοσόφου
2841 2595 3069 2667 Μάρκου
3103 2594 3449 2664 φεισάμενος.
3481 2594 3682 2646 Καὶότι
3707 2592 3805 2664 μὲν
3831 2589 4096 2659 φιλοσκῶ-

2513 2706 2645 2742 πται
2679 2689 2865 2758 ἄμφω,
2885 2687 2944 2753 ἐξ
2969 2687 3176 2740 ἑαυτῶν
3194 2686 3284 2740 τὸν
3311 2686 3530 2756 ἔλεγχον
3552 2685 3732 2756 έχουσι
3751 2701 3781 2746 ’,
3798 2684 3892 2737 καὶ
3919 2683 3979 2735 οὐ
4017 2680 4099 2734 δεῖ

2519 2800 2608 2854 μοι
2637 2782 2846 2836 πολλῶν
2878 2783 2912 2853 ἢ
2953 2781 3142 2834 δεινῶν
3168 2780 3364 2849 λόγων,
3398 2780 3534 2835 ἀλλὰ
3573 2775 3985 2880 άπόχρηταῦτα
4017 2776 4096 2880 εὶς

2515 2873 2988 2947 παράστασιντοῦ
3045 2873 3209 2944 ἡθους
3255 2872 3436 2927 αὐτῶν
3482 2870 3648 2969 (³79).Δ
3877 2868 3980 2969 μὲν
4004 2868 4099 2969 ουν

2514 2967 2686 3021 ταῦτα
2735 2968 2800 3020 ἐκ
2849 2965 2957 3019 τῶν
3003 2965 3279 3036 ἑκατέρων
3307 2964 3480 3034 λόγων
3531 2962 3661 3034 περὶ
3700 2961 3864 3033 nec»;
3917 2961 4100 3012 αὐτῶν

2515 3058 2964 3129 τεκμαιρόμενος,
2985 3056 3158 3110 ταῦτα
3176 3055 3392 3126 γράφω.
3428 3049 3529 3109 Οἷα
3559 3054 3616 3108 δέ
3644 3054 3770 3124 περὶ
3811 3048 4097 3104 Ἰουλιανοῦ

2518 3153 2547 3205 6
2574 3150 2948 3220 Ναζιανζηνδς
2988 3150 3290 3221 Γρηγόριος
3332 3151 3540 3220 εἴρηκε,
3567 3147 3676 3200 τῶν
3724 3144 3887 3198 αὑτοῦ
3925 3145 4099 3212 λόγων

849 3220 1210 3278 arbitrantur.
1241 3223 1492 3283 Julianus
1515 3244 1645 3284 vero
1690 3233 1862 3301 patris
1894 3240 2205 3308 exemplum
2246 3243 2420 3297 imita-
2445 3261 2489 3318 ε
2521 3243 2629 3296 ἐπά

2326 3243 2420 3297 ita-
2445 3261 2489 3318 ε
2521 3243 2778 3296 ἐπάκουε.
2813 3242 2952 3312 Φησὶ
2983 3220 3092 3312 γὰρ
3111 3220 3278 3310 ἐντῷ
3299 3241 3535 3311 δευτέρῳ
3559 3239 3704 3308 λόγῳ
3738 3237 3875 3308 πρὸς
3897 3235 4098 3305 Ἕλλη-

851 3320 961 3376 tus,
996 3314 1164 3369 animi
1204 3318 1290 3371 sui
1352 3321 1602 3376 morbum
1645 3324 1884 3394 prodidit
1913 3327 1967 3382 in
2001 3329 2144 3385 libro
2173 3331 2267 3401 qui
2298 3333 2415 3389 Cae-

852 3415 1009 3455 sares
1037 3403 1362 3462 inscribitur
1393 3427 1406 3464 :
1443 3411 1496 3464 in
1533 3427 1644 3482 quo
1672 3427 1903 3494 cunctos
1936 3428 2062 3474 ante
2084 3437 2143 3476 se
2176 3423 2416 3494 impera-

852 3503 1001 3549 tores
1032 3499 1375 3566 perstrinxit,
1405 3516 1469 3557 ac
1498 3519 1566 3560 ne
1596 3506 1700 3576 ipsi
1757 3490 1974 3578 quidem
2010 3511 2194 3568 Mai-co
2242 3490 2420 3584 philo-

855 3586 1032 3654 sopho
1064 3590 1325 3658 pepercit.
1381 3590 1688 3665 Utrumque
1746 3599 1914 3672 igitur
1955 3601 2170 3657 illorum
2195 3643 2211 3667 ,
2245 3605 2420 3662 dicte-

852 3676 954 3736 riis
1002 3688 1055 3740 et
1120 3683 1443 3738 scommatis
1505 3684 1830 3743 delectatum
1883 3689 2079 3758 fuisse,
2117 3695 2418 3764 amborum

856 3769 1064 3839 scripta
1129 3774 1263 3828 satis
1295 3786 1626 3847 coarguunt.
1667 3779 1777 3837 Nec
1820 3783 1953 3838 mihi
1989 3799 2130 3857 Opus
2156 3765 2245 3843 est
2281 3791 2422 3843 mul-

853 3861 924 3916 tis
955 3878 1019 3917 ac
1049 3864 1610 3942 validisqargumentis
1631 3890 1646 3938 ;
1668 3874 1763 3928 'sed
1797 3875 1900 3929 ista
1941 3877 2219 3935 sutiiciunt
2241 3879 2309 3935 ad
2338 3883 2421 3937 in-

853 3954 1070 4028 genium
1129 3960 1424 4029 utriusque
1481 3961 1719 4020 hominis
1772 3965 2182 4024 declarandum.
2241 3973 2421 4043 Atque

857 4062 959 4114 ego
999 4048 1245 4117 quidem,
1297 4068 1363 4107 ex
1422 4055 1713 4126 utriusque
1765 4059 1982 4129 scriptis
2045 4063 2418 4132 conjecturam

856 4141 1082 4209 capiens
1133 4144 1408 4212 quodnam
1463 4147 1626 4203 fuerit
1657 4150 1876 4205 illorum
1933 4153 2252 4224 ingenium,
2316 4159 2421 4215 ista

854 4234 1058 4286 scribo.
1089 4235 1281 4300 Qualia
1313 4253 1443 4291 vero
1473 4237 1772 4309 Gregorius
1807 4242 2184 4304 Nazianzenus
2229 4249 2296 4305 de
2325 4251 2423 4306 Ju-

857 4326 1004 4379 liano
1028 4325 1250 4390 dixerit,
1307 4329 1440 4398 ipsis
1476 4331 1600 4400 ejus
1634 4335 1821 4391 verbis
1852 4339 2083 4406 prolatis
2110 4341 2419 4400 audiamus.

858 4413 950 4468 Sic
978 4416 1123 4469 enim
1159 4417 1321 4471 air‘in
1357 4421 1597 4496 secunda
1626 4417 1873 4482 ofatione
1902 4429 2167 4486 adversus
2227 4431 2420 4489 Genti-

2520 3353 2618 3398 νας
2641 3335 2781 3388 κατὰ
2810 3332 2957 3400 λέξιν
2985 3335 3138 3388 τάδε·
3169 3352 3188 3384 ι
3213 3333 3398 3387 Ταῦτα
3430 3335 3541 3395 τοῖς
3568 3333 3665 3402 μὲν
3685 3331 3861 3392 ἄλλοις
3885 3331 3918 3398 ἡ
3939 3331 4102 3396 πεῖρα
4143 3317 4156 3341 ¹

2519 3427 2852 3497 παρέστησε,
2877 3426 2969 3478 καὶ
2995 3407 3050 3496 η’
3081 3424 3372 3478 δυναστεία
3412 3422 3796 3494 προσλαϐοῦσα
3820 3421 3918 3492 τὴν
3947 3419 4100 3484 ἐξου-

2483 3517 2491 3525 ’
2522 3517 2662 3571 σὶαν.
2706 3517 2858 3586 Ἐμοὶ
2885 3516 2942 3568 δὲ
2969 3515 3062 3569 καὶ
3096 3515 3374 3588 πόρρωθεν
3405 3514 3604 3584 τρόπον
3639 3512 3764 3566 τινὰ
3795 3513 4024 3583 ἑωρᾶτο,
4043 3510 4103 3576 ἐξ

2514 3601 2582 3664 ,οὗ
2623 3609 2700 3678 τῷ
2728 3608 2882 3679 ἀνδρὶ
2912 3608 3278 3678 συνεγενόμην
3311 3606 3620 3679 Ἀθήνῃσιν.
3653 3599 3824 3658 Ἦλθε
3859 3603 3968 3674 γάρ
4001 3605 4103 3656 κά-

2524 3702 2694 3762 κεῖσε,
2722 3699 2847 3770 άρτι
2874 3699 2982 3752 τῶν
3016 3699 3156 3752 κατὰ
3185 3699 3277 3752 τὸν
3324 3698 3550 3766 ἀδελφὸν
3573 3696 3736 3751 αὐτοῦ
3768 3705 3793 3734 ν
3814 3711 4104 3766 νεωτερισ-

2527 3791 2749 3866 θέντων,
2778 3792 2868 3844 τὸν
2895 3773 3118 3862 βασιλέα
3139 3792 3298 3845 τοῦτο
3321 3791 3451 3846 αὐτὸ
3475 3791 3966 3861 παραιτησάμενος.
3985 3791 4104 3840 Διτ-

2527 3883 2618 3945 τὸς
2653 3880 2895 3936 δὲἀὺτοῦ
2923 3882 3022 3951 τῆς
3049 3866 3366 3954 ἡέπιδημίας
3391 3885 3419 3936 6
3444 3882 3627 3950 λόγος’
3653 3882 3683 3934 6
3713 3882 3812 3950 μὲν
3834 3877 4106 3951 εὐπρεπέ-

2527 3993 2737 4046 στερος,
2781 3976 2904 4030 καθ’
2934 3976 3174 4048 ἱστορίαν
3216 3977 3317 4047 τῆς
3363 3977 3629 4041 Ἑλλάδος
3654 3975 3750 4030 καὶ
3784 3975 3894 4028 τῶν
3925 3975 4104 4026 ἐκεῖσε

2527 4067 2923 4138 παιδευτηρίων
2947 4085 2961 4099 ο
2993 4068 3021 4119 6
3047 4067 3103 4120 δὲ
3149 4068 3611 4140 ἀπορρητότερος,
3663 4067 3758 4126 καὶ
3795 4065 3854 4118 οὐ
3888 4063 4104 4126 πολλοῖς

2527 4161 2820 4230 γνώριμος,
2848 4160 2987 4214 ὥστε
3015 4163 3126 4226 τοῖς
3155 4163 3269 4215 ἐκεῖ
3297 4163 3484 4226 θύταις
3509 4175 3534 4202 ι
3552 4160 3645 4216 καὶ
3669 4159 3948 4215 ἀπατεῶσι
3976 4157 4105 4230 περὶ

2527 4253 2635 4304 τῶν
2667 4252 2993 4306 καθ’ἐαυτὸν
3023 4252 3404 4322 συγγενέσθαι,
3437 4253 3590 4308 οὔπω
3619 4252 3930 4324 παρρησίαν
3957 4249 4105 4320 ἐχού-

2531 4345 2761 4414 σηςητῆς
2818 4343 3091 4408 ἀσεϐείας.
3126 4345 3259 4398 Τότε
3300 4346 3475 4398 τοίνυν
3515 4345 3576 4398 οὐ
3617 4344 3818 4414 φαῦλος
3867 4341 3976 4411 ἐγὼ
4006 4339 4104 4393 τοῦ

2528 4430 2718 4506 ἀνδρὸς
2744 4437 3000 4505 εἰκαστὴς
3029 4431 3145 4490 οἶδα
3170 4437 3479 4515 γενόμενος,
3500 4435 3680 4489 καίτοι
3714 4452 3779 4504 γε
3808 4436 3869 4490 οὐ
3899 4434 4008 4486 τῶν
4039 4428 4100 4486 εὖ

859 4506 936 4560 les
974 4524 1027 4558 :c
1063 4506 1186 4562 "me
1219 4509 1340 4565 aliis
1381 4512 1598 4582 quidem
1631 4520 1965 4585 experientia
1994 4523 2108 4590 ipsa
2141 4535 2194 4580 et
2218 4527 2418 4596 prihci-
2459 4545 2500 4597 ι)
2532 4545 2637 4597 πεφ

2325 4528 2418 4582 tci-
2459 4545 2500 4597 ι)
2532 4529 2847 4597 πεφυκότων
2878 4530 3006 4601 περὶ
3042 4530 3216 4585 ταῦτα
3245 4506 3453 4594 εἷςνῶν.
3491 4529 3628 4592 Ἀλλ’
3658 4529 3832 4583 ἐποίει
3867 4545 3934 4600 με
3969 4542 4105 4603 μαν-

2014 4678 2282 4754 γΑιΕεη
2319 4702 2868 4763 ANNOTATIONES.

927 4826 1036 4886 (79)
1069 4829 1166 4891 ΕΙς
1195 4831 1574 4921 {mmigrath
1599 4831 1702 4886 τοῦ
1719 4814 2125 4901 ἣθουςιαὺτῶν.
2157 4839 2285 4896 Post
2304 4839 2419 4895 Ittec
2458 4845 2619 4900 verba
2652 4847 2707 4902 in

2323 4857 2419 4895 nec
2458 4845 2619 4900 verba
2652 4847 2707 4902 in
2734 4850 2954 4905 excusis
2989 4850 3275 4906 codicibus
3300 4850 3490 4908 deerat
3516 4851 3681 4916 linea,
3740 4863 3903 4921 quam
3968 4862 4102 4918 sup-

857 4899 995 4966 plevi
1021 4915 1084 4950 ex
1114 4899 1303 4952 chiCe
1335 4899 1636 4954 Sl'orliant).

2283 5067 2370 5120 VA
2383 5066 2590 5125 RIORU
2601 5070 2668 5124 Μ.

930 5170 1284 5259 νείςατὰῖξργ
1305 5174 1572 5259 άδρλφόν
1618 5179 1824 5259 αὺτρᾷ.
1876 5179 2088 5235 Gallum
2152 5183 2428 5259 Caesarem
2536 5196 2658 5250 tem,

2319 5199 2428 5259 rem
2536 5196 2658 5250 tem,
2717 5191 2962 5245 velociter
2995 5193 3122 5246 illuc
3184 5194 3456 5256 accurrit;
3509 5195 3656 5256 dein,
3690 5192 3822 5246 Tum
3856 5191 4099 5259 temporis

862 5315 956 5365 lii).

938 5397 960 5422 ι
995 5383 1173 5436 ’Ὥστε
1205 5383 1328 5449 τοῖς
1352 5384 1479 5437 ἐκεῖ
1505 5387 1724 5452 mitam.
1761 5387 1875 5453 Qua
1909 5391 1975 5444 de
2027 5408 2084 5447 rc
2123 5395 2426 5451 audiendus

862 5461 945 5504 est
990 5455 1263 5526 idoneus,
1299 5471 1400 5526 nec
1452 5467 1742 5524 suspectus
1798 5460 1985 5526 utique
2041 5475 2250 5521 auctor.
2282 5467 2422 5518 idem

866 5539 1058 5590 nempe
1084 5525 1322 5589 gentilis,
1356 5525 1668 5594 Eunapius;
1710 5530 1801 5588 qui
1859 5533 1946 5583 ubi
2000 5531 2273 5588 Julianutn
2317 5536 2424 5588 Ma-

865 5596 1009 5643 xima
1041 5602 1092 5644 et
1121 5594 1484 5669 Chrysanthiu
1537 5597 1588 5669 in
1627 5596 1770 5669 lonia
1820 5601 2136 5669 aliquandiu
2200 5621 2422 5660 vacasse

865 5663 1218 5720 tradidisset.
1280 5663 1428 5716 addit
1472 5666 1616 5743 χώς
1665 5667 1719 5718 δὲ
1913 5663 2097 5743 ’ταῦτα
2155 5669 2268 5743 εἶχε
2319 5694 2421 5728 κα-

865 5731 967 5793 aa);
1026 5762 1092 5772 —
1151 5743 1207 5784 ut
1237 5751 1352 5806 vero
1377 5736 1585 5794 pulchre
1638 5739 1754 5790 istic
1791 5740 1889 5806 fuit
1938 5731 2422 5798 instructus‘Julia-

868 5818 982 5858 nus.
1019 5804 1102 5854 ubi
1134 5805 1388 5856 intelicxit
1422 5808 1533 5871 plus
1561 5804 1886 5872 (ιίὲιμιιιηιίιιιη
1947 5812 2107 5866 latere
2139 5817 2190 5866 iu
2220 5814 2424 5869 (ἔναιε-δα

870 5874 1009 5940 apud
1040 5873 1447 5941 Πὰνυρίιηριιίωι
1492 5876 1876 5932 chsininruut
1913 5899 2184 5936 sacrorum
2222 5888 2422 5939 antisti-

862 5245 1133 5312 intclligit.
1165 5241 1300 5297 Vide
1332 5245 1426 5298 lib.
1458 5241 1546 5312 ‘n,
1578 5263 1699 5317 cap.
1728 5250 1840 5314 3L,
1891 5259 1945 5306 et
1989 5269 2108 5322 cap.
2148 5255 2200 5318 l,
2263 5241 2426 5324 hujus
2532 5241 3142 5317 Jaulmiis'Quiauid}:
3191 5241 3452 5317 antistiti;
3479 5241 3736 5332 familiari
3776 5280 3902 5317 usus
3932 5241 4102 5316 collo-

2536 5332 2677 5397 quio,
2711 5342 2759 5384 et
2781 5334 3012 5413 eazplctus
3040 5334 3324 5413 sqpientia,
3359 5351 3516 5413 quam
3540 5335 3746 5413 pilatim
3789 5333 3922 5413 indi
3966 5333 4102 5413 {tqu-

2534 5410 2694 5472 δεταί.
2727 5403 2938 5466 Quibus
2973 5405 3134 5471 paulo
3156 5412 3278 5472 post
3311 5404 3481 5466 addit,
3537 5405 3756 5458 Juliano
3789 5405 3843 5458 in
3883 5402 4100 5467 Galliis,

2535 5471 2601 5522 ad
2632 5487 2768 5538 quas
2805 5476 3077 5538 pacandas
3132 5471 3309 5526 fuerat
3368 5490 3489 5527 cum
3531 5476 3768 5530 CRBSﬂI‘iS
3827 5481 4101 5541 potestate

2533 5542 2752 5602 missus,
2782 5543 3036 5602 haerente,
3061 5559 3091 5597 e
3113 5542 3321 5597 Grmcia
3350 5547 3587 5624 accitum
3620 5546 3689 5598 ab
3718 5547 3808 5599 illo
3844 5543 4098 5624 eumdem

2529 5612 2913 5666 Atheniensem
2941 5629 3224 5695 sacrorum
3244 5617 3587 5695 .anotistiteni,
3611 5632 3726 5668 cum
3763 5632 3863 5684 quo
3887 5615 4102 5695 remotis

2532 5679 2752 5733 arbitris
2793 5684 3046 5762 nonnulla
3075 5685 3206 5766 solis
3237 5685 3364 5751 ipsis
3413 5687 3621 5766 cognita
3671 5679 3944 5766 peregerit,
3974 5700 4102 5766 funt

2531 5753 2842 5823 cwteroquin
2866 5770 3041 5806 omnes
3073 5754 3277 5813 lateret,
3313 5755 3450 5823 quod
3477 5753 3719 5808 'deorum
3772 5753 3938 5808 cultui
3965 5755 4102 5822 foret

2532 5821 2637 5885 ipse
2668 5822 2927 5878 addictus.
2963 5823 3236 5896 Eunapius
3269 5821 3598 5893 in'Maximo,
3628 5842 3746 5896 pag.
3781 5827 3871 5890 90,
3901 5821 4008 5880 etc.
