4508 6588
350 4512 353 4513 ⁷
421 4493 685 4546 reduceret
738 4494 974 4547 mobiles.

423 456 519 512 441

1434 453 1762 510 HISTORIA
1795 451 2359 509 ECCLESIASTICA.
2401 483 2470 495 -—
2510 451 2635 507 LIB.
2684 451 2770 506 121.

3547 455 3658 509 “3

417 564 631 636 τικὸνή
674 564 768 619 τοῦ
810 566 971 635 ἠθους
1014 567 1315 636 ἀνωμαλία,
1360 570 1545 623 καὶτὸ
1592 569 1841 639 περιττὸν
1888 570 1983 639 τῆς
2013 573 2057 628 Α
2088 580 2197 637 pall

1888 570 1983 639 τῆς
2013 573 2057 628 Α
2088 580 2244 637 palus
2268 569 2546 623 licentiam
2591 576 2785 621 nactus
2818 565 3135 621 declaravit.
3166 566 3209 619 A
3235 581 3316 621 me
3341 581 3469 621 vero
3497 566 3657 636 longe

418 658 739 721 ἐκστάσεως.
760 660 915 727 εἴπερ
940 659 1128 728 μάντις
1147 659 1361 729 ἀριστος
1382 661 1526 723 ὅστις
1554 660 1760 724 εἰκάζει
1790 660 1987 724 καλῶς·

422 750 632 811 οὐδενὸς
663 749 768 819 γὰρ
795 750 965 802 ἐδόκει
995 766 1083 819 μοι
1119 752 1338 820 σημεῖον
1377 746 1789 821 εἷναιχρηστοῦ,
1822 750 1992 820 αὐχὴν

421 840 635 907 ἀπαγὴς
657 847 708 902 3',
730 833 868 907 ὦμοι
892 840 1211 909 παλλόμενοι
1240 842 1332 893 καὶ
1380 838 1803 910 ἀνακοπτόμενοι
1842 841 1952 911 (80)
1975 880 1990 906 ,

420 930 692 999 ὀφθαλμὸς
722 930 1043 1001 σοεούμενος
1072 934 1164 985 καὶ
1213 934 1643 1004 περιφερόμενος
1662 973 1675 994 ,
1707 934 1800 985 καὶ
1836 950 1991 1001 μανι-

421 1023 512 1075 κὸν
540 1022 751 1090 βλέπων
776 1038 789 1049 ·
813 1023 970 1085 πόδες
995 1024 1373 1087 ἀστατοῦντες,
1401 1026 1494 1077 καὶ
1534 1025 1951 1095 μετοκλάζοντες
1974 1042 1987 1055 ·

422 1117 640 1183 μυκτὴρ
672 1112 827 1181 ὓϐριν
857 1113 1031 1166 πνέων
1084 1116 1177 1167 καὶ
1223 1116 1614 1186 περιφρόνησιν
1649 1131 1661 1144 °
1700 1113 1989 1184 προσώπου

421 1209 787 1277 σχηματισμοὶ
826 1207 1215 1274 καταγέλαστοι
1239 1223 1253 1237 ο
1296 1207 1354 1259 τὸ
1383 1207 1514 1260 αὐτὸ
1556 1205 1877 1277 φρονοῦντες
1901 1206 1992 1274 γέ-

420 1298 603 1361 λωτες,
637 1300 890 1370 ἀκρατεῖς
921 1298 1014 1352 καὶ
1049 1297 1470 1369 βρασματώδεις·
1507 1296 1714 1361 νεύσεις
1743 1298 1836 1352 καὶ
1862 1299 1982 1350 ἀνα-

420 1390 648 1453 νεύσεις,
724 1393 819 1444 σὺν
876 1391 1049 1443 οὐδενὶ
1102 1390 1244 1459 λόγῳ
1274 1406 1288 1421 ·
1339 1376 1507 1458 λόγος’
1558 1392 1862 1461 ἱστάμενος,
1896 1390 1990 1443 καὶ

420 1482 746 1550 κοπτόμενος
772 1481 1038 1552 πνεύματι
1061 1499 1072 1510 ·
1113 1482 1407 1552 ἐρωτήσεις
1428 1482 1649 1534 ἄτακτοι
1682 1482 1775 1534 καὶ
1800 1481 1990 1533 ἀσύνε-

419 1585 542 1621 τοι·
595 1570 908 1641 ἀποκρίσεις
961 1570 1113 1622 οὐδὲν
1155 1570 1359 1623 τούτων
1409 1571 1680 1640 ἀμείνους,
1736 1570 1989 1640 ἀλλήλαις

421 1660 864 1731 ἑπεμὸαίνουσαι,
891 1662 982 1714 καὶ
1011 1662 1109 1713 οὐκ
1130 1661 1428 1724 εὐσταθεῖς,
1453 1662 1571 1713 οὐδὲ
1592 1662 1739 1724 τάξει
1774 1660 1989 1732 προϊοῦ-

422 1768 512 1805 σαι
544 1752 895 1816 παιδεύσεως.
938 1751 1003 1806 Τί
1036 1753 1103 1806 ἂν
1139 1753 1206 1807 τὰ
1249 1752 1368 1806 καθ’
1397 1754 1622 1807 ἕκαστον
1674 1754 1937 1824 γράφοιμι
1971 1771 1984 1819 ;

423 1840 673 1896 Τοιοῦτον
722 1844 826 1914 πρὸ
854 1843 961 1895 τῶν
993 1843 1170 1913 ἔργων
1217 1843 1527 1915 ἐθεασάμην
1550 1883 1564 1906 ,
1604 1839 1715 1897 οἷον
1757 1844 1852 1895 καὶ
1894 1842 1987 1895 ἐπὶ

2096 666 2224 713 ante
2274 668 2556 729 perspecta
2610 658 2846 723 fuerant,
2875 672 2938 711 ex
2972 672 3081 726 quo
3126 656 3353 712 Athenis
3389 672 3512 711 cum
3565 658 3661 711 illo

2095 761 2345 803 versatus
2376 766 2546 803 eram.
2594 747 2727 802 Nam
2762 757 2814 802 et
2844 749 2972 801 illuc
3016 747 3296 816 profectus
3360 758 3442 801 est
3474 750 3657 803 statim

2096 848 2215 909 post
2248 840 2391 893 illam
2428 855 2610 893 rerum
2644 839 2828 893 fratris
2875 839 2956 892 sui
2990 839 3501 902 commutationem,
3528 854 3655 893 cum

2092 932 2143 985 id
2175 932 2349 1001 ipsum
2382 931 2448 985 ab
2471 932 2794 1000 imperatore
2814 930 3226 1000 postulavisset.
3262 930 3464 1000 Duplex
3493 946 3655 1000 porro

2093 1025 2139 1077 ei
2174 1039 2339 1077 causa
2400 1023 2501 1077 fuit
2552 1022 2955 1094 profectionis:
3017 1023 3187 1077 altera
3231 1022 3537 1087 honestior,
3601 1033 3659 1077 ut

2093 1115 2358 1169 Graeciam
2389 1123 2442 1169 et
2493 1114 2715 1169 scholas
2745 1115 2864 1183 ejus
2890 1114 3093 1169 viseret
3122 1132 3137 1179 ;
3172 1114 3442 1168 occultior
3486 1115 3658 1168 altera

2092 1208 2390 1277 paucisque
2444 1206 2735 1260 admodum
2770 1217 2920 1269 nota,
2979 1216 3036 1261 ut
3072 1207 3415 1262 sacrificulos
3466 1215 3519 1261 et
3555 1209 3660 1261 im-

2093 1307 2347 1367 postores
2381 1298 2472 1364 qui
2505 1297 2617 1349 illic
2643 1306 2820 1359 erant,
2852 1295 2919 1350 de
2955 1296 3119 1351 rebus
3147 1297 3264 1351 suis
3308 1298 3656 1365 consuleret;

2096 1387 2376 1455 impietate
2435 1386 2651 1441 scilicet
2680 1386 2922 1448 nondum
2957 1386 3264 1440 libertatem
3307 1400 3371 1440 ac
3407 1386 3658 1440 ﬁduciam

2091 1479 2305 1547 adepta.
2331 1479 2484 1532 Tunc
2516 1479 2681 1548 igitur
2727 1494 2831 1532 non
2891 1478 3096 1531 malum
3143 1493 3231 1532 me
3291 1478 3657 1546 conjectorcm

2089 1570 2283 1626 dchoc
2331 1573 2455 1624 viro
2486 1569 2657 1624 fuisse
2705 1569 2949 1635 memini,
2999 1569 3127 1623 licet
3172 1569 3377 1637 alioqui
3409 1584 3520 1622 non
3555 1567 3657 1623 sim

2088 1679 2155 1715 ex
2183 1677 2371 1717 eorum
2398 1676 2648 1725 numero,
2682 1662 2775 1730 qui
2809 1661 2972 1729 hujus
3007 1662 3087 1715 rei
3121 1676 3281 1715 usum
3310 1675 3373 1714 ac
3405 1661 3654 1730 peritiam

2088 1754 2192 1808 sibi
2226 1763 2636 1822 compararunt.
2672 1751 2776 1807 Sed
2814 1768 2899 1807 me
2925 1752 3125 1822 ingenii
3170 1752 3659 1805 illiusinconstan-

2092 1846 2185 1903 tia.
2219 1855 2271 1898 et
2307 1844 2646 1897 incredibilis
2685 1843 2886 1897 mentis
2937 1857 3201 1897 excessus
3246 1850 3425 1896 vatem
3456 1842 3658 1895 eﬁieie-

420 1934 526 1987 τῶν
564 1935 737 2003 ἔργων
763 1935 1050 2006 ἐγνώρισα.
1078 1936 1189 1989 Kal.
1222 1937 1275 1989 ετ
1299 1955 1387 2006 μοι
1416 1935 1671 2006 παρῆσάν
1708 1952 1852 1997 τινες
1881 1934 1986 1987 τῶν
2022 1926 2063 1980 Β
2094 1934 2184 1987 bat

1881 1934 1986 1987 τῶν
2022 1926 2063 1980 Β
2094 1934 2184 1987 bat
2215 1951 2228 1986 :
2262 1933 2542 2001 siquidem
2565 1941 2712 1987 vates
2744 1934 2986 2001 optimus
3017 1934 3063 1987 is
3091 1941 3176 1988 est
3200 1934 3291 2002 qui
3322 1941 3466 1989 recte
3483 1933 3658 2002 conji-

420 2025 720 2094 τηνικαῦτα
760 2027 1024 2079 συνόντων
1070 2028 1163 2079 καὶ
1208 2025 1585 2089 ἀκουσάντων,
1630 2028 1688 2079 οὐ
1741 2025 1991 2096 χαλεπῶς

422 2118 488 2170 ἂν
519 2118 907 2201 ἐμαρτύρησαν
948 2136 962 2150 ·
994 2114 1075 2182 οτς
1107 2118 1290 2189 ἐπειδὴ
1332 2116 1503 2172 ταῦτα
1541 2117 1869 2188 ἐθεασάμην,
1904 2119 1991 2169 εύ-

422 2209 516 2272 θὺς
562 2209 932 2280 ἐφθεγξάμην,
988 2205 1098 2267 οἷον
1148 2214 1314 2263 κακὸν
1366 2213 1399 2280 ή
1448 2210 1730 2279 Ῥωμαίων
1779 2209 1987 2281 τρέφει.

421 2301 530 2353 Καὶ
557 2303 985 2371 προαγορεύσας,
1007 2302 1099 2355 καὶ
1121 2302 1370 2371 γενέσθαι
1397 2301 1752 2372 ψευδόμαντις
1772 2300 1991 2371 ἐμαυτῷ

423 2392 802 2463 κατηυξάμην.
842 2394 1109 2463 Κρείσσον
1141 2394 1248 2464 γὰρ
1268 2392 1342 2463 ,ρῆ
1381 2390 1637 2444 τοιούτων
1683 2391 1988 2460 πλησθῆναι

419 2482 516 2553 τὴν
548 2483 870 2554 οἰκουμένην
896 2482 1107 2545 κακῶν,
1132 2483 1225 2534 καὶ
1252 2481 1490 2535 τοιοῦτον
1526 2481 1863 2549 ἀναφανῆναι
1904 2479 1990 2531 τέ-

422 2594 541 2646 ρας,
589 2572 700 2629 οἷον
746 2575 897 2629 οὔπω
935 2576 1228 2650 πρότερςηκ
1263 2574 1469 2633 πολλῶν
1499 2574 1594 2644 μὲν
1641 2570 1988 2641 ἐπικλυσμῶν

419 2668 826 2739 θρυλλουμένων
847 2708 865 2733 ,
901 2666 1108 2719 πολλῶν
1140 2652 1197 2719 δὲ
1235 2666 1577 2736 ἐμπρησμῶν
1611 2658 1703 2717 καὶ
1730 2663 1987 2735 βρασμῶν

418 2761 517 2828 γῆς
540 2760 629 2812 καὶ
646 2761 935 2829 χασμάτων
958 2777 969 2789 ο
988 2758 1068 2811 ἔτι
1087 2758 1142 2811 δὲ
1161 2758 1483 2829 καὶάνδρῶν
1506 2758 1859 2827 ἀπάνθρωποι
1874 2757 1983 2827 (8|)

418 2852 510 2905 καὶ
567 2851 869 2921 θηριώδεις,
904 2851 1203 2903 ἀλλοκότων
1258 2868 1315 2903 τε
1362 2851 1456 2904 καὶ
1492 2851 1756 2903 συνθέτων
1799 2850 1986 2918 φύσεις

417 2941 907 3012 καινοτομηθεῑσαι.
945 2942 1209 3014 Ταύτῃτοι
1250 2943 1339 2994 καὶ
1366 2942 1515 3004 τέλος
1540 2942 1685 3005 ἀξιον
1719 2942 1986 3011 ἠνέγκατο

416 3037 513 3105 τῆς
550 3034 822 3095 ἀπονοίας.
861 3053 880 3086 ι
909 3032 1143 3087 Τοιαῦτα
1198 3033 1295 3103 μὲν
1344 3034 1645 3109 Γρηγόριος
1688 3034 1813 3103 περὶ
1856 3035 1985 3085 Ἰου-
2030 3098 2036 3103 ξ

416 3126 594 3180 λιανοῦ
637 3126 928 3197 διεξῆλθεν.
962 3126 1084 3189 Ὀτι
1116 3126 1173 3177 δὲ
1215 3125 1307 3178 καὶ
1341 3126 1478 3177 κατά
1526 3124 1860 3195 Χριστιανῶν
1900 3124 1985 3177 λό-

415 3236 543 3287 γους
571 3217 794 3281 πολλοὺς
814 3217 1205 3283 ἀναλώσαντες,
1228 3217 1323 3289 τὴν
1354 3217 1604 3287 ἀλήθειαν
1628 3218 1984 3288 ἐπεχείρησαν
2012 3254 2053 3308 C

417 3310 734 3380 βιάσασθαι,
768 3312 890 3363 τινὰ
946 3310 1042 3379 μὲν
1082 3310 1191 3361 τῶν
1223 3308 1382 3378 ἱερῶν
1428 3308 1770 3379 Γραμμάτων
1801 3325 1980 3378 παρα-

414 3401 709 3472 τρέψαντες
736 3417 749 3429 ⁸
780 3402 847 3454 τά
874 3400 929 3451 δὲ
952 3400 1426 3467 ἐγκαταλέξαντες,
1449 3400 1624 3468 πάντα
1649 3398 1704 3450 δέ
1732 3399 1867 3468 πρὸς
1894 3400 1983 3451 τὸν

413 3495 609 3546 οἰκεῖον
658 3492 977 3553 ἐκλαϐόντες
1016 3491 1233 3557 σκοπὸν,
1268 3491 1449 3544 πολλοὶ
1492 3491 1587 3560 μὲν
1622 3490 1757 3560 πρὸς
1788 3490 1983 3552 αὐτοὺς

415 3587 825 3654 ἀπαντήσαντες
882 3584 994 3652 (32)
1055 3584 1297 3649 ἔδειξαν,
1334 3583 1734 3654 ἀνατρέψαντές
1787 3601 1845 3636 τε
1892 3584 1993 3637 καὶ

415 3675 791 3743 ἐξελέγξαντες
824 3676 1001 3730 αὐτῶν
1034 3676 1101 3728 τὰ
1134 3675 1461 3746 σοφίσματα.
1494 3676 1606 3745 Πρὸ
1632 3676 1687 3729 δὲ
1728 3676 1985 3729 ἁπάντων

429 3770 705 3843 Ὠριγένης
738 3770 879 3843 (85),
915 3771 1008 3823 καὶ
1054 3769 1234 3839 πολλῷ
1280 3769 1408 3826 τῶν,
1442 3769 1725 3823 Ἰουλιανού
1777 3769 1986 3841 χρόνων

2058 2488 2457 2550 ~contemptnm
2510 2482 2768 2549 spirans;

2093 2026 2192 2079 cit.
2224 2025 2410 2093 Neque
2451 2025 2595 2079 enim
2656 2026 2788 2079 mihi
2845 2026 2971 2080 boni
3015 2026 3313 2095 quidquam
3348 2024 3659 2096 signiﬁcare

2091 2116 2249 2185 202
2281 2117 2626 2179 videbantur,
2676 2117 2863 2171 cervix
2897 2118 3206 2182 instabilis,
3249 2116 3464 2170 humeri
3519 2130 3658 2185 quos

2090 2209 2323 2263 subinde
2355 2208 2601 2261 vibrabat
2626 2223 2689 2262 ac
2716 2208 3050 2279 reprimebat
3077 2226 3090 2275 ;
3127 2208 3271 2262 oculi
3306 2208 3425 2278 vagi
3466 2222 3531 2261 ac
3562 2222 3659 2261 vo-

2091 2298 2327 2365 lubiles;
2360 2299 2589 2354 insanus
2636 2313 2701 2351 ac
2738 2298 2981 2354 furiosus
3018 2300 3278 2366 obtutus;
3344 2303 3511 2369 pedes
3562 2299 3649 2353 in-

2089 2390 2315 2445 stabiles
2368 2398 2531 2460 atque
2574 2391 2905 2455 titubantes;
2957 2405 3127 2445 nasus
3176 2390 3560 2445 contumeliam
3595 2398 3649 2444 et

2839 2481 3021 2536 vultus
3061 2481 3528 2551 conligurationes
3572 2481 3640 2533 ri-

2088 2570 2280 2625 diculae
2329 2572 2469 2625 idem
2518 2571 2892 2638 signiﬁcantes
2920 2591 2934 2639 ;
2966 2575 2971 2581 ’
2998 2572 3142 2629 risus
3174 2573 3567 2628 immoderatus
3596 2581 3651 2626 et

2092 2672 2437 2723 exmstuans;
2499 2670 2666 2716 nutus
2713 2677 2777 2715 ac
2820 2669 3053 2718 renutus
3107 2661 3333 2715 rationis
3376 2667 3646 2730 expertes,

2087 2770 2266 2810 sermo
2318 2769 2602 2831 repressus
2653 2761 2707 2809 et
2753 2754 2950 2823 spiritu
3004 2754 3337 2814 intercisus;
3424 2753 3651 2806 interro-

2085 2849 2327 2920 gationes
2376 2845 2714 2899 inordinata:
2782 2852 2836 2900 et
2893 2845 3187 2914 imperitae;
3231 2858 3493 2913 responsa
3558 2842 3644 2895 bis

2084 2938 2256 2993 nihilo
2303 2937 2566 2999 meliora.
2614 2937 2718 2990 alia
2764 2952 2927 3004 super
2975 2937 3098 2992 aliis
3144 2944 3482 2998 coacervata,
3539 2949 3647 2988 non

2086 3031 2187 3084 sibi
2242 3029 2589 3092 constantia,
2647 3042 2748 3081 nec
2792 3026 3120 3081 eruditionis
3174 3025 3367 3080 ordine
3428 3039 3650 3094 progre-

2085 3121 2305 3174 dientia.
2358 3120 2497 3184 Quid
2556 3120 2760 3172 attinct'
2804 3118 3017 3187 singula
3070 3100 3421 3171 describere?
3463 3100 3651 3167 Talem

2086 3223 2209 3266 ante
2271 3227 2439 3280 opera
2496 3210 2803 3279 perspexi,
2843 3210 3057 3277 qualem
3116 3209 3171 3261 in
3216 3207 3348 3277 ipsis
3394 3205 3653 3275 operibus

2090 3314 2277 3376 postea
2307 3303 2661 3373 deprehendi.
2695 3301 2850 3367 Quod
2877 3302 2919 3355 Si
2954 3300 3121 3370 aliqui
3170 3314 3359 3354 eorum
3393 3298 3485 3369 qui
3525 3307 3653 3351 tunc

2091 3397 2320 3449 aderant
2349 3403 2407 3453 et.
2431 3395 2522 3463 qui
2556 3394 2836 3467 auditores
2861 3392 3101 3455 fuerunt,
3129 3391 3258 3444 mihi
3282 3406 3427 3444 nunc
3458 3398 3655 3460 praesto

2090 3498 2292 3548 essent.
2331 3487 2474 3539 haud
2506 3502 2649 3556 argre
2681 3486 3057 3540 testimonium
3103 3485 3451 3554 perhiberent
3484 3498 3496 3534 :
3531 3483 3655 3550 qui-

2090 3582 2193 3636 bus
2241 3596 2372 3649 ego,
2433 3596 2556 3634 cum
2624 3580 2728 3632 ista
2787 3576 3072 3640 vidissem,
3130 3576 3201 3628 ita
3263 3574 3654 3644 pronuntiavi:

2089 3673 2367 3738 Quantum
2396 3673 2594 3724 malum
2629 3671 2729 3725 sibi
2765 3671 2859 3723 alit
2887 3670 3036 3724 orbis
3067 3667 3377 3722 Romanus!
3413 3669 3655 3731 (tumque

2091 3766 2144 3821 id
2200 3764 2594 3835 prmdixissem,
2654 3761 2823 3817 Deum
2872 3768 3125 3832 precatus
3186 3774 3307 3815 sum
3372 3763 3432 3811 ut
3487 3755 3654 3810 falsus

1580 3905 1850 3960 VALESlI
1889 3902 2446 3961 ANNOTATIONES.

488 4001 598 4071 (80)
641 4001 748 4055 Kal
786 4002 1272 4072 ἀνίικοπτόμενοι.
1307 4002 1462 4071 Apud
1507 4002 1826 4073 Gregorium
1870 4001 1979 4055 Na—

419 4073 740 4128 zianzenum
775 4075 825 4125 in
856 4077 1156 4143 posteriore
1186 4075 1454 4127 invectiva
1485 4074 1538 4125 in
1579 4072 1876 4135 lulianum,
1914 4088 1982 4143 ex

338 4202 341 4205 ν
419 4160 525 4213 qua
561 4144 868 4212 descriptus
897 4152 980 4197 est
1008 4145 1094 4197 hie
1120 4144 1292 4203 locus,
1334 4145 1530 4212 legitur
1558 4144 1653 4196 καὶ
1679 4142 1983 4211 ἀνασηκούο
2012 4158 2024 4164 ”

422 4230 592 4283 μενοι.
635 4213 789 4277 Quod
833 4216 1057 4268 verbum
1116 4214 1305 4268 Billius
1356 4215 1769 4281 interpretatur,
1824 4214 1984 4265 attol-

424 4284 582 4337 lebat.
618 4284 729 4351 Ego
766 4300 914 4346 vero,
945 4284 1187 4341 libratos.
1224 4286 1404 4337 malim
1450 4292 1679 4337 vertere.
1702 4283 1981 4352 Nicepho-

424 4369 518 4407 rus
543 4356 813 4422 vulgatam
847 4356 1129 4408 lectionem
1156 4362 1356 4418 tuetur,
1400 4353 1557 4420 cujus
1611 4355 1879 4421 interpres
1910 4354 1981 4407 ita

419 4425 580 4477 vertit
612 4424 725 4478 hzrc
756 4427 950 4477 verba:
982 4422 1201 4476 llumeri
1239 4441 1365 4492 quos
1406 4422 1625 4477 subinde
1661 4423 1894 4490 jactaret
1920 4439 1983 4475 ac

1053 4492 1390 4562 Epiphanius
1456 4510 1585 4546 Vero
1664 4495 1983 4560 posterioris

422 4564 571 4617 verbi
605 4565 1001 4631 expositionem
1033 4566 1238 4618 omisit.
1260 4563 1373 4618 Hoc
1404 4564 1547 4617 enim
1578 4564 1754 4617 solum
1794 4563 1987 4617 habet:

425 4632 648 4687 Ilumeri
680 4634 984 4700 jactabiles.

384 4766 389 4773 ι
494 4705 604 4773 (Si)
640 4705 765 4756 Ἔτι
804 4703 870 4773 δὲ
895 4702 991 4755 καὶ
1030 4702 1265 4769 ἀνδρῶν
1285 4702 1682 4769 ἀπάνθρωποι.
1718 4701 1815 4755 Hic
1839 4702 1995 4757 locus

421 4789 486 4827 ex
518 4772 786 4842 Gregorio
817 4772 1161 4826 Nazianzeno
1220 4773 1591 4827 restituendus
1641 4781 1723 4825 est
1756 4773 1808 4823 in
1850 4773 1994 4826 hunc

424 4845 643 4895 modum
677 4862 689 4895 :
733 4844 813 4896 ἔτι
864 4843 918 4894 δὲ
944 4845 1038 4894 καὶ
1094 4842 1302 4912 ἀνδρῶν
1336 4842 1737 4912 ἀπανθρώπων,
1774 4842 1867 4894 καὶ
1896 4842 1991 4911 θη·-

426 4913 554 4980 ρίων
594 4914 894 4966 ἀλλοκότων
919 4930 976 4965 τε
1007 4914 1100 4965 καὶ
1129 4906 1417 4973 συνθέτων,
1438 4906 1571 4982 ὤν”η
1603 4915 1761 4981 φύσις
1788 4906 1996 4968 ἐκαινο-

421 4984 647 5051 τόμησε.

501 5054 610 5119 (82)
647 5052 865 5106 Πολλοὶ
906 5053 1023 5121 μὲν
1047 5054 1194 5119 πρὸς
1248 5053 1470 5109 αὐτοὺς
1512 5052 1991 5117 ἀπαντήσαντες.

424 5121 712 5194 Porphyrii
748 5134 798 5194 et
823 5122 1024 5176 Juliani
1064 5126 1233 5194 libros
1286 5123 1425 5175 κατά
1448 5123 1806 5194 Χριστιανῶν,
1835 5127 1988 5176 multi

424 5191 666 5246 veterum
719 5193 963 5247 refellere
984 5193 1223 5262 aggressi
1261 5202 1409 5246 sunt.
1448 5191 1717 5247 Adversus
1749 5191 1991 5260 Porphy-

426 5264 563 5315 rium
596 5263 815 5333 quidem
877 5262 1205 5327 Methodius,
1252 5262 1521 5317 Eusebius
1560 5272 1613 5316 et
1654 5263 1986 5330 Apollinaris

2085 4000 2252 4055 libros
2284 3999 2641 4066 scripserunt.
2679 3997 2878 4049 Contra
2923 3992 3202 4049 Julianum
3238 4006 3370 4047 vero
3410 3988 3654 4066 _Cyri_llus

2086 4072 2255 4124 libros
2287 4060 2613 4138 composuit,
2644 4068 2736 4137 qui
2770 4066 2929 4120 hodie
2950 4072 3188 4125 exstant,
3225 4078 3333 4115 non
3359 4060 3653 4114 admodum

2088 4142 2385 4196 elegantes.

2457 4205 2524 4258 δὲ
2582 4204 2859 4258 ἁπάντων
2903 4204 3215 4277 Ὠριγένηςς
3245 4200 3453 4277 Quibus
3506 4197 3560 4251 in
3593 4198 3655 4250 li-

2090 4272 2205 4333 bris
2257 4272 2530 4345 Origenes
2581 4291 2643 4329 ea
2678 4291 2797 4343 qua)
2852 4277 2903 4327 in
2938 4276 3111 4327 sam-is
3152 4272 3369 4345 Litteris
3421 4272 3656 4345 lectores

2091 4350 2318 4403 turbare
2358 4337 2625 4415 poterant.
2659 4337 2995 4411 exposuerit,
3040 4352 3093 4397 et
3115 4342 3441 4415 sophisticas
3467 4337 3653 4392 adver-

2091 4435 2187 4473 sus
2208 4413 2572 4471 Christianam
2593 4416 2900 4484 religionem
2928 4413 3426 4484 argumentationes
3449 4423 3653 4476 repres-

2094 4490 2249 4551 srrit,
2278 4486 2492 4540 dillicile
2546 4493 2629 4538 est
2689 4480 2949 4538 asserere.
3006 4483 3140 4536 Nam
3183 4482 3237 4551 in
3276 4480 3429 4533 libris
3465 4490 3653 4551 contra

2023 4530 2066 4583 Β
2095 4530 2313 4611 ἷὶθιςύιιι
2359 4569 2699 4623 nequaquam
2761 4555 2810 4606 id
2864 4553 3131 4621 praestitit.
3192 4549 3376 4619 Neque
3424 4549 3570 4623 enim
3603 4548 3654 4600 id

2090 4630 2210 4695 ejus
2244 4622 2545 4678 consilium;
2585 4624 2683 4677 fuit
2716 4625 2769 4677 in
2800 4624 2867 4677 iis
2899 4623 3299 4695 voluminibus,
3332 4628 3390 4695 ut
3422 4622 3535 4695 l_oc_a
3563 4635 3655 4672 sa-

2091 4689 2199 4750 era:
2230 4695 2543 4763 Scriptura),
2564 4710 2683 4761 qum
2714 4689 3652 4763 dillicultatemaliquamghabebaut.

2068 4758 2451 4837 .explanaret,
2509 4758 2616 4837 sed
2661 4771 2875 4837 tantum
2932 4772 2988 4815 ut
3058 4760 3452 4837 objectionibus
3496 4758 3654 4837 .(lelsi

2092 4829 2465 4904 responderet.
2497 4835 2575 4904 An
2607 4834 2771 4901 igitur
2819 4832 3183 4904 eminuere};
3219 4829 3471 4904 Origenis
3496 4829 3655 4904 intel-

2094 4897 2209 4973 ligit
2239 4905 2532 4959 Socrates?
2555 4902 2609 4956 In
2631 4897 2720 4957 his
2744 4897 3071 4956 enim'libris
3097 4900 3357 4973 Origenes
3378 4897 3655 4973 religionis

2099 4968 2301 5030 nostrae
2356 4975 2609 5043 dogmata
2681 4989 2804 5025 eum
2856 4972 3146 5025 sententiis
3199 4968 3652 5090 philosophorum

2099 5046 2412 5090 rnmenlire
2472 5044 2809 5090 ostendebat.
2877 5051 2934 5090 ut
2985 5042 3143 5090 duret.
3220 5039 3559 5090 iicronvmus
3601 5052 3652 5086 ιιι

2096 5035 2809 5103 consentirevostendebat,
2877 5051 2934 5095 ut
2985 5042 3143 5094 duret
3199 5035 3559 5107 Hieronymus
3584 5035 3652 5107 _in

2092 5118 2322 5185 epistola
2349 5115 2412 5167 ad
2438 5113 2686 5180 Magnum
2714 5122 3006 5185 oratorem.
3044 5110 3211 5185 Quod
3228 5105 3444 5185 quidem
3470 5114 3528 5158 ut
3576 5105 3657 5157 fa-

2091 5179 2257 5245 (fl'l‘el,
2290 5179 2606 5253 exponenda
2636 5193 2791 5235 erant
2838 5184 2953 5234 loca
2987 5195 3154 5253 sacrae
3180 5179 3493 5253 Scriptum,
3535 5190 3656 5245 quin

2092 5250 2537 5323 philosophorum
2560 5253 2794 5307 decretis
2818 5252 3090 5305 contraria
3126 5250 3466 5302 videbantur.

1862 5362 2241 5419 VARIOBUM.

496 5471 522 5510 γ
555 5462 1034 5531 Αὐχὴνάπαγής.
1073 5463 1240 5516 Aliter
1287 5462 1504 5532 quidem
1535 5460 1779 5532 depingit
1806 5460 1980 5515 Julia-

426 5548 556 5585 ntnn
610 5536 863 5603 egregius
925 5535 1068 5603 illius
1126 5531 1316 5585 l‘autor'
1361 5534 1542 5585 Amm.
1599 5531 1981 5597 Marcellinus,

428 5603 518 5654 lib.
571 5602 694 5662 xxv,
719 5619 840 5671 cap.
895 5604 949 5657 lt:
996 5602 1194 5672 Figura
1232 5604 1353 5655 talis
1387 5604 1568 5672 utique
1614 5602 1981 5654 membrorum.

429 5672 709 5725 Mediocris
769 5682 880 5725 erat
925 5683 1163 5735 slttlltl‘w,
1236 5671 1439 5740 capillis
1480 5683 1729 5740 tanquam
1762 5674 1985 5738 perisset

428 5744 691 5801 mollibus,
724 5744 927 5795 hirsuta
958 5744 1115 5795 barba
1142 5745 1195 5796 in
1228 5753 1435 5795 acutum
1471 5742 1733 5795 (lesmeute
1755 5744 1985 5807 vestitus,

428 5823 693 5865 venustate
718 5813 987 5875 oculorum
1025 5815 1329 5866 niiraulium
1372 5814 1626 5881 ﬂagrans,
1678 5813 1765 5880 qui
1800 5814 1985 5864 mentis

426 5882 538 5942 eius
600 5884 868 5945 anqustias
929 5883 1253 5947 iudicabunt,
1312 5884 1605 5947 superciliis
1665 5884 1885 5943 (feraris.
1938 5893 1985 5935 et

2091 5478 2221 5513 naso
2256 5459 2564 5518 rectissimo,
2597 5474 2684 5510 ore
2731 5456 2888 5523 paulo
2942 5456 3161 5523 majore,
3215 5453 3362 5506 labro
3411 5451 3649 5514 inferiore

2090 5530 2335 5591 demisso,
2370 5531 2541 5593 opima
2565 5539 2612 5580 et
2661 5529 2877 5579 incurva
2914 5527 3122 5589 cervice,
3156 5524 3388 5575 humeris
3417 5525 3576 5573 vastis
3606 5532 3650 5572 et

2092 5600 2235 5660 latis,
2257 5600 2319 5650 ab
2347 5600 2458 5665 ipso
2481 5600 2650 5663 capite
2678 5614 2836 5664 usque
2859 5598 3102 5664 unguium
3133 5595 3456 5665 summitates
3491 5594 3652 5665 liuea-

2096 5663 2385 5722 menlorum
2437 5680 2579 5720 recta
2631 5663 2894 5736 (manage,
2932 5663 3087 5717 funde
3122 5665 3315 5736 viribus
3369 5663 3570 5736 valebat
3607 5672 3651 5713 et

2097 5757 2273 5793 cursu.
2309 5739 2773 5791 Antiochensibus
2803 5732 2978 5789 autem
3024 5736 3162 5788 idem
3193 5733 3303 5787 fere
3337 5749 3399 5785 ac
3423 5732 3649 5783 Nazian-

2097 5825 2231 5861 zcnn
2260 5810 2408 5860 visus
2440 5817 2518 5859 est
2547 5807 2835 5871 Julianus;
2861 5807 3000 5875 quod
3032 5806 3192 5875 paulo
3223 5812 3346 5858 ante
3370 5819 3433 5857 ex
3466 5802 3650 5857 eodem

2099 5880 2411 5937 Mat't'i'llttm
2443 5880 2692 5931 \‘ltllllllls.
