4508 6588
788 404 893 469 1.“:

2298 406 2635 462 SOCRA'I‘lS

3905 398 4012 456 ΑΗ

784 539 938 582 vates
974 541 1172 581 essent.
1221 524 1276 578 ld
1322 526 1463 579 enim
1499 526 1673 580 satius
1718 534 1856 585 erat.
1905 538 2067 593 quam
2115 530 2175 577 ut
2213 522 2361 577 orbis
2392 529 2430 583 Α
2463 520 2561 575 ἁνό

2251 522 2361 577 rbis
2392 529 2430 583 Α
2463 520 2731 593 ἀνώτερος
2751 524 2846 585 ὢν,
2890 522 2963 576 τὰ
2995 513 3254 572 δοκοῦντα
3297 518 3579 589 ταράττειν
3611 518 3734 578 τοὺς
3770 518 4027 586 ἐντυγχά-

784 629 1051 674 terrarum
1080 618 1248 671 tantis
1279 618 1581 686 repleretur
1616 617 1793 679 malis,
1824 624 1877 671 et
1910 615 2016 669 tale
2045 623 2349 668 monstrum

789 709 1111 769 exsisteret,
1163 706 1326 775 quale
1383 722 1658 775 nunquam
1714 713 1872 760 auten
1921 705 2097 759 \‘isuut
2142 703 2348 764 fuerat,

787 797 1003 850 tametsi
1037 797 1204 850 tnttlta
1234 797 1440 850 diluvia
1472 806 1843 851 memorentur
1868 805 2032 866 atque
2057 794 2308 850 incendia
2333 811 2349 863 ;

790 888 948 941 multi
981 896 1140 941 terra:
1177 897 1357 942 motus
1387 898 1550 959 atque
1581 889 1792 954 hiatus;
1824 889 1891 943 ad
1926 890 2037 943 haec
2067 887 2350 942 hominum

789 975 1100 1029 inhumana:
1133 976 1344 1045 species
1371 990 1435 1031 ac
1474 976 1756 1040 belluinte;
1800 976 1925 1031 fera:
1957 976 2194 1047 denique
2223 989 2339 1045 pro-

786 1064 1009 1134 digiosae
1058 1072 1220 1135 atque
1283 1078 1345 1118 ex
1399 1063 1632 1120 diversis
1678 1065 1971 1134 generibus
2031 1064 2354 1135 composita:

788 1158 1114 1213 referantur.
1173 1158 1465 1214 Enimvero
1523 1159 1748 1230 dignum
1800 1162 2036 1215 amentia
2060 1176 2160 1216 sua
2190 1160 2351 1216 liuent

787 1248 1017 1303 sortitus
1048 1255 1150 1302 est.
1185 1266 1203 1300 υ
1248 1245 1371 1303 llaec
1412 1245 1705 1319 Gregorius
1738 1249 1804 1303 de
1837 1248 2061 1304 Juliauo
2104 1250 2351 1319 scripsit.

787 1341 1054 1394 Cancrum
1103 1339 1247 1409 quod
1282 1339 1335 1394 in
1376 1340 1533 1395 libris
1572 1339 1691 1396 suis
1719 1356 1858 1411 quos
1894 1339 2162 1396 adversus
2197 1340 2351 1395 Chri-

787 1434 996 1486 stianos
1026 1433 1392 1501 scripserunt,
1429 1432 1715 1486 veritatem
1741 1433 1975 1487 obruere
2006 1433 2188 1489 conati
2214 1434 2350 1496 sint,

788 1522 1048 1575 nonnulla
1090 1537 1118 1575 c
1159 1523 1337 1576 sacris
1391 1520 1610 1576 Litteris
1656 1521 2048 1589 porvcrteudo,
2105 1521 2351 1592 quaedam

789 1609 1107 1671 inserendo,
1159 1621 1353 1664 cuncta
1405 1624 1534 1663 vero
1588 1609 1653 1662 ad
1702 1626 1860 1665 suum
1920 1626 2140 1665 Sensum
2189 1619 2353 1679 atque

789 1701 1105 1753 iustitututtt
1152 1698 1563 1769 interpretando
1593 1716 1605 1752 :
1644 1699 1799 1752 multi
1833 1700 2056 1768 scriptis
2089 1701 2352 1754 adversus

790 1791 909 1844 illos
956 1790 1410 1861 respousionibus
1460 1787 1858 1852 ostenderunt,
1918 1797 1972 1843 et
2017 1790 2351 1859 sophisticas

2454 630 2643 676 νοντας
2675 615 2795 675 ταῖς
2839 614 3013 683 ίεραῖς
3037 607 3249 672 Βίϐλοις
3276 607 3688 677 ἀνθυπενεγκὼν
3710 608 3907 678 ἐαυτῷ,
3934 608 4028 663 καὶ

2454 704 2816 776 ἑρμηνεύσας.
2844 703 2940 767 τὰς
2973 701 3080 756 τῶν
3115 700 3572 772 ἀγνωμονούντων
3598 698 3915 768 σοφιστικὰς
3940 698 4030 750 εύ-

2454 795 2760 868 ρεσιλογίας
2784 795 3126 848 ἀπέκλεισεν.
3176 786 3271 855 Οἷς
3298 793 3347 845 ei
3383 791 3457 861 μὴ
3492 789 3780 863 παρέργως
3818 790 4031 841 ἐντετυ-

2451 887 2682 954 χήκασιν
2732 884 3016 947 Ἰουλιανὸς
3053 882 3146 937 καὶ
3197 880 3524 953 Πορφύριος,
3577 878 3934 948 εὐγνωμόνως
3970 894 4030 930 τε

2450 974 2589 1027 αὐτὰ
2622 971 2890 1039 ἐδέξαντο,
2922 972 3137 1036 πάντως
3172 972 3235 1026 ἂν
3258 972 3337 1034 εἰς
3367 969 3533 1042 ἕτερά
3550 986 3669 1023 τινα
3689 968 3815 1031 τοὺς
3844 966 4033 1036 λόγους

2451 1065 2706 1135 ἔτρεψαν,
2725 1065 2819 1118 καὶ
2848 1065 2948 1118 οὐκ
2979 1065 3043 1119 ἂν
3069 1066 3148 1128 είς
3166 1063 3234 1118 τά
3263 1061 3573 1132 σοφίσματα
3597 1059 3709 1131 (84)
3741 1059 4033 1130 βλάσφημα

2454 1156 2682 1225 γράφειν
2709 1154 3045 1226 ἐτράπησαν.
3083 1154 3205 1206 Ὀτι
3237 1152 3292 1206 δὲ
3323 1153 3352 1205 ό
3400 1150 3653 1222 βασιλεὺς
3683 1148 3897 1219 σκῶψαι
3928 1150 4031 1202 ἐπ-

2453 1247 2709 1317 ετήδευσε
2747 1246 2886 1318 πρὸς
2914 1247 3039 1309 τοὺς
3082 1244 3297 1308 ἰδιώτας
3336 1244 3429 1297 καὶ
3468 1240 3870 1311 ἁπλουστέρους
3909 1239 4034 1302 τοὺς

2453 1337 2642 1405 λόγους
2696 1335 3038 1407 ποιούμενος,
3071 1335 3132 1389 ού
3175 1335 3280 1405 μὴν
3331 1333 3467 1404 πρὸς
3496 1332 3624 1393 τοὺς
3649 1331 3714 1383 ἐκ
3738 1327 3842 1383 τῶν
3877 1327 4037 1399 ιερῶν

2453 1428 2822 1500 Γραμμάτων,
2851 1427 3129 1499 μόρφωσιν
3153 1426 3252 1497 τῆς
3275 1423 3534 1496 ἀληθείας
3562 1422 3808 1494 ἔχοντας,
3829 1419 4037 1475 ἐκεῖθεν

2452 1519 2610 1590 δῆλόν
2637 1521 2780 1573 ἐστι·
2807 1518 2986 1573 λαϐὼν
3010 1516 3116 1590 γὰρ
3142 1517 3209 1571 τὰ
3241 1515 3478 1588 ῥήματα,
3511 1514 3609 1568 ὅσα
3640 1513 3833 1584 χρείας
3853 1511 4038 1565 ἕνεκεν

2451 1610 2810 1680 οἰκονομικῶς
2840 1610 2931 1663 ἐπὶ
2964 1609 3057 1663 τοῦ
3086 1606 3218 1662 Θεοῦ
3241 1605 3731 1679 ἀνθρωπικώτερον
3752 1604 4036 1665 τέτακται,

2455 1700 2547 1752 καὶ
2566 1698 2733 1752 πολλά
2766 1696 2992 1751 τοιαῦτα
3020 1696 3384 1768 ἐπισυνείρας,
3414 1694 3567 1758 τέλος
3608 1691 3866 1762 ἐπιφέρει
3896 1690 4040 1744 κατά

2452 1788 2599 1854 λέξιν
2622 1788 2769 1844 τάδε.
2798 1787 3015 1842 Τούτων
3037 1787 3216 1843 τοίνυν
3244 1787 3496 1852 ἕκαστον,
3519 1786 3569 1839 εί
3600 1786 3676 1856 μὴ
3700 1785 3858 1851 λόγος
3889 1783 4040 1836 ἐστὶν

789 1881 1005 1933 illorum
1030 1881 1275 1950 argutias
1303 1887 1623 1934 everterunt
1655 1894 1721 1933 ac
1752 1882 2078 1935 ret‘utarunt.
2106 1879 2212 1935 Sed
2248 1896 2358 1950 pra:
2390 1855 2429 1910 Β
2463 1881 2569 1935 ἀπό

2256 1896 2358 1950 pra:
2390 1855 2429 1910 Β
2463 1881 2773 1954 ἀπόρρητον
2812 1879 2950 1950 ἔχων
2983 1879 3106 1933 τινὰ
3142 1876 3375 1949 θεωρίαν
3397 1917 3410 1939 ,
3441 1877 3580 1948 ὅπερ
3604 1855 3719 1944 ἐγὼ
3760 1873 4036 1945 νενόμικα,

788 1969 1011 2039 reliquis
1067 1970 1323 2024 (uultibus
1372 1968 1662 2040 Origenes,
1721 1969 1811 2039 qui
1879 1970 2098 2039 quidem
2144 1968 2364 2024 Juliano

790 2063 950 2128 longe
996 2061 1261 2113 vetustior
1290 2058 1413 2125 fuit,
1468 2074 1533 2113 ea
1580 2075 1700 2129 quae
1748 2059 1801 2112 iu
1857 2059 2034 2114 sacris
2065 2057 2366 2130 Scripturis

789 2151 1002 2223 animos
1033 2149 1328 2220 legentium
1369 2151 1703 2205 conturbare
1738 2150 2084 2215 videbantur,
2114 2151 2365 2206 sibimet-

788 2241 905 2309 ipse
929 2240 1197 2306 obiiciens
1227 2248 1393 2309 atque
1424 2256 1727 2308 exponens,
1757 2240 2089 2309 sophisticas
2123 2242 2365 2297 malevo-

791 2335 965 2385 lorum
1003 2332 1283 2385 hominum
1320 2332 1700 2386 cavillationes
1742 2333 1963 2401 repulit.
1994 2332 2125 2399 Quze
2156 2334 2202 2388 si
2246 2333 2367 2387 dlli-

790 2434 982 2494 genter
1025 2424 1388 2494 perlegissent
1416 2422 1670 2480 Julianus
1715 2432 1880 2494 atque
1922 2425 2277 2497 Porphyrius,
2316 2438 2370 2482 et

793 2514 839 2567 si
879 2513 1094 2578 placido
1138 2513 1320 2567 animo
1355 2528 1419 2567 ea
1467 2515 1861 2584 suscepissent,
1904 2530 2133 2584 prorsus
2166 2518 2365 2587 stylum

792 2619 953 2657 suum
990 2605 1055 2657 ad
1102 2604 1248 2659 aliud
1292 2613 1672 2675 argumentum
1707 2607 2134 2674 convertissem,
2170 2623 2268 2663 nec
2298 2609 2368 2664 ad

795 2695 1097 2764 impietatis
1126 2696 1282 2765 plena
1313 2697 1653 2766 sophismata
1676 2699 2097 2763 conscribenda,
2123 2701 2366 2756 animum

791 2802 952 2841 sun-tu
990 2803 1231 2856 unquam
1270 2789 1690 2859 applicuisseat.
1719 2789 1873 2855 Quod
1908 2806 2036 2845 vero
2068 2790 2368 2861 imperator

792 2878 1039 2931 cavillari
1082 2877 1378 2940 studuerit,
1422 2878 1564 2948 apud
1599 2880 1762 2935 rudes
1794 2889 1848 2935 et
1882 2880 2171 2951 imperitos
2204 2885 2367 2939 verba

792 2966 1023 3029 faciens,
1052 2981 1157 3019 non
1183 2968 1323 3035 apud
1356 2982 1451 3021 eos
1481 2967 1574 3037 qui
1609 2982 1674 3021 ex
1705 2967 1880 3022 sacris
1910 2965 2133 3022 Litteris
2153 2984 2371 3039 expres-

791 3073 908 3113 sam
938 3057 1180 3112 veritatis
1217 3068 1413 3129 gertmt
1447 3057 1759 3129 imaginem,
1798 3058 1924 3114 hinc
1951 3059 2076 3113 licet
2099 3061 2370 3129 perspice-

2465 1969 2666 2038 πολλῆς
2695 1969 2955 2039 γέμουσιν
2987 1968 3036 2021 οί
3067 1967 3215 2037 λόγοι
3272 1967 3402 2039 περὶ
3446 1965 3610 2020 αὑτοῦ
3667 1965 4038 2036 βλασφημίας.

2466 2060 2650 2113 Ταῦτα
2679 2059 2778 2128 μὲν
2816 2060 2874 2113 ἐν
2907 2058 2983 2129 τῷ
3017 2059 3185 2130 τρίτῳ
3217 2057 3380 2112 αὐτοῦ
3415 2057 3556 2111 κατὰ
3584 2055 3928 2127 Χριστιανῶν
3959 2054 4043 2125 βι·

2466 2152 2596 2222 ϐλίῳ
2621 2152 2811 2214 αὐταῖς
2842 2151 3049 2215 λέξεσιν
3081 2150 3290 2219 εἴρηκε.
3325 2151 3433 2203 Καὶ
3472 2152 3529 2202 ἐν
3561 2148 3640 2219 τῷ
3681 2148 3825 2218 λόγῳ
3856 2148 3913 2201 δὲ
3944 2147 4045 2200 αύ-

2466 2244 2559 2298 τοῦ
2586 2244 2643 2310 ὃν
2667 2245 2795 2315 περ).
2823 2242 3102 2313 Κυνισμοῦ
3132 2242 3242 2312 (85)
3276 2241 3578 2313 ἐπέγραψε,
3604 2240 3870 2294 διδάσκων
3895 2240 4043 2302 ὅπως

2467 2336 2548 2389 δεῖ
2571 2337 2695 2398 τοὺς
2723 2337 2898 2406 ἱεροὺς
2930 2335 3184 2389 πλάττειν
3208 2334 3442 2405 μύθους,
3475 2334 3608 2404 φησὶ¹
3636 2333 3744 2387 δεῖν
3776 2331 4045 2403 κρύπτειν

2466 2427 2564 2498 τὴν
2600 2428 2728 2497 περὶ
2779 2426 2887 2479 τῶν
2935 2425 3192 2480 τοιούτων
3232 2426 3492 2496 ῥημάτων
3542 2424 3837 2496 ἀλήθειαν,
3875 2422 4045 2488 λέγων

2467 2518 2649 2579 αὐτοῖς
2681 2518 2886 2587 ῥήμασι
2918 2516 3070 2567 τάδε·
3092 2515 3242 2568 Φιλεῖ
3266 2517 3374 2586 γὰρ
3405 2516 3437 2585 ἡ
3470 2514 3629 2584 φύσις
3664 2511 4002 2586 κρύπτεσθαι
4026 2527 4041 2541 ⁸

2469 2608 2563 2660 καὶ
2625 2606 2683 2660 τὸ
2729 2605 3108 2678 κεκρυμμένον
3156 2608 3254 2677 τῆς
3307 2606 3416 2661 τῶν
3484 2607 3622 2662 θεῶν
3680 2606 3869 2669 οὐσίας
3946 2605 4047 2657 οὐκ

2470 2700 2724 2770 ἀνέχεται
2762 2701 2986 2769 γυμνοῖς
3039 2700 3119 2761 εἰς
3172 2697 3517 2769 ἀκαθάρτους
3548 2697 3718 2760 ἀκοάς
3759 2695 4047 2768 ῥίπτεσθαι

2472 2791 2698 2861 ῥήμασι.
2731 2790 2984 2842 Φαίνεται
3016 2789 3081 2858 δὴ
3114 2789 3202 2842 διὰ
3260 2789 3466 2842 τούτων
3520 2791 3549 2842 ό
3608 2788 3858 2858 βασιλεὺς
3901 2788 4037 2840 ὑπό-

2470 2897 2616 2934 νοιαν
2652 2880 2793 2950 ἔχειν
2823 2881 2950 2950 περὶ
2969 2878 3078 2933 τῶν
3112 2879 3269 2933 θείων
3289 2879 3539 2950 Γραφῶν,
3572 2879 3647 2941 ὡς
3673 2880 3860 2949 εἴησαν
3903 2877 4049 2945 λόγοι

2475 2972 2728 3042 μυστικοὶ
2751 3010 2765 3033 ,
2796 2972 3106 3042 ἀπόρρητόν
3147 2989 3269 3025 τινα
3323 2971 3553 3042 θεωρίαν
3586 2969 3798 3041 ἔχοντες
3830 2983 3845 3008 ε
3868 2970 4046 3038 ἀγαν-

2471 3066 2626 3117 ακτεῖ
2681 3064 2763 3125 δὲ,
2805 3064 2890 3132 ἐφ’
2935 3057 3017 3127 οἷς
3058 3062 3131 3135 μὴ
3178 3063 3269 3117 καὶ
3311 3062 3513 3125 πάντες
3557 3060 3654 3132 τὴν
3703 3061 3873 3130 αὐτὴν
3922 3060 4049 3131 περὶ

792 3166 850 3205 re
884 3169 897 3205 :
934 3166 1057 3204 nam
1097 3165 1219 3204 cum
1274 3152 1443 3204 multa
1479 3166 1600 3222 qua:
1640 3162 1859 3222 propter
1905 3150 2370 3221 dispensationem
2401 3173 2441 3229 ο
2475 3156 2572 3208 τού

2269 3169 2370 3209 tem
2401 3173 2441 3229 ο
2475 3156 2677 3209 τούτων
2726 3153 2980 3207 ὑπόνοιαν
3020 3154 3199 3225 ἔχουσι
3225 3193 3240 3218 ,
3298 3154 3393 3209 καὶ
3452 3152 3770 3224 κατατρέχει
3831 3150 3938 3204 τῶν
3992 3151 4049 3203 ἐν

790 3241 1137 3295 necessitatis
1179 3254 1345 3295 causa
1381 3242 1621 3295 humano
1653 3256 1804 3296 more
1836 3241 1904 3296 de
1940 3240 2050 3296 Deo
2089 3242 2248 3314 203
2287 3244 2373 3298 di-

791 3338 1003 3388 cuntur
1025 3334 1397 3403 excerpsisset
1423 3342 1586 3404 atque
1610 3334 1663 3388 in
1694 3349 1861 3388 unum
1888 3334 2224 3404 collegisset,
2257 3343 2370 3390 tan-

790 3426 912 3480 dem
939 3426 1052 3479 hzec
1086 3425 1367 3496 suhjnugit
1395 3426 1458 3480 ad
1487 3426 1733 3480 verbum.
1762 3425 1968 3481 [lorum
2001 3426 2240 3496 singula,
2262 3427 2366 3483 nisi

792 3532 972 3571 sermo
1012 3518 1129 3586 ipse
1175 3531 1436 3571 arcanam
1476 3516 1767 3588 quamdam
1833 3517 2031 3574 habeat
2062 3518 2367 3589 intelligen-

794 3608 945 3673 tiam,
978 3608 1123 3678 quod
1153 3608 1372 3679 quidem
1400 3608 1559 3665 facile
1597 3610 1877 3676 existimo,
1911 3610 2080 3664 multa
2111 3610 2164 3664 in
2201 3611 2364 3666 Deum

795 3695 1075 3765 impietate
1131 3694 1333 3751 referta
1389 3706 1539 3752 sunt.
1582 3696 1706 3753 Haec
1754 3698 1846 3754 ille
1895 3699 1949 3753 in
1988 3700 2149 3755 tertio
2177 3708 2367 3755 contra

793 3785 1141 3842 Christianos
1168 3787 1310 3841 libro
1336 3787 1563 3844 totidem
1599 3788 1782 3844 verbis
1812 3788 2050 3860 scripsit.
2088 3788 2145 3844 In
2178 3806 2242 3845 eo
2270 3806 2368 3845 au-

796 3888 901 3931 tem
941 3878 1082 3931 libro
1111 3894 1272 3948 quem
1307 3879 1375 3934 de
1411 3880 1605 3950 rynica
1657 3879 2005 3950 philosophia
2060 3880 2365 3952 inscripsit,

793 3967 1000 4022 docens
1038 3985 1143 4037 qua
1187 3970 1400 4024 ratione
1432 3983 1621 4024 sacras
1671 3968 1884 4024 fabulas
1913 3969 2116 4041 ﬁngere
2153 3971 2364 4037 deceat,

795 4058 1108 4130 hujusmodi
1164 4060 1218 4114 iit
1264 4061 1429 4117 rebus
1482 4060 1868 4117 occultandam
1905 4062 1981 4117 ait
2015 4078 2136 4119 esse
2172 4067 2365 4119 verita-

2479 3245 2825 3314 Χριστιανοῖς
2867 3243 3251 3314 ἁπλουστέρων
3280 3242 3583 3314 δεχομένων
3621 3244 3690 3295 τὰ
3731 3241 3887 3310 λόγια
3917 3239 4048 3312 (86).

2472 3337 2585 3389 Οὐκ
2639 3334 2744 3389 ἔδει
2786 3334 2842 3388 δὲ
2890 3334 3146 3389 τοσοῦτον
3206 3336 3580 3406 καταδραμεῖν
3623 3333 3722 3404 τῆς
3753 3332 4050 3402 ἁπλότητος

2479 3425 2589 3479 τῶν
2624 3424 2832 3479 πολλῶν
2857 3464 2871 3489 ,
2917 3425 3038 3479 οὐδὲ
3063 3423 3375 3495 τυφωθῆναι
3406 3423 3473 3477 δι’
3499 3422 3739 3486 ἐκείνους
3768 3420 3908 3475 κατά
3942 3420 4051 3472 τῶν

2473 3517 2632 3589 ἱερῶν
2664 3517 3007 3589 γραμμάτων
3032 3534 3045 3547 ’
3077 3516 3199 3570 οὐδὲ
3243 3515 3471 3587 μισῆσαι
3500 3515 3592 3569 καὶ
3632 3512 4053 3586 ἀποστραφῆναι

2470 3610 2538 3664 τά
2567 3610 2747 3675 καλῶς
2780 3610 2930 3680 αὺτῷ
2976 3609 3241 3679 νοούμενα
3269 3608 3379 3679 (87)
3408 3648 3423 3669 ,
3455 3608 3536 3661 ὅτι
3584 3605 3659 3678 μὴ
3692 3604 3890 3667 πάντες
3915 3602 4054 3657 αύτά

2477 3704 2658 3757 ἐνόουν
2680 3741 2694 3766 ,
2726 3703 2803 3765 ὼς
2855 3701 3019 3765 αὐτὸς
3062 3700 3328 3754 ἐϐούλετο.
3363 3698 3476 3752 Νῦν
3523 3699 3576 3753 δὲ
3603 3737 3619 3762 ,
3667 3696 3741 3761 ὡς
3773 3696 3916 3750 ἔοικε
3940 3734 3955 3758 ,
3986 3694 4055 3748 τὰ

2469 3796 2612 3849 αύτά
2641 3794 2936 3865 Πορφυρίῳ
2964 3804 2987 3831 ³
3027 3792 3318 3847 πέπονθεν.
3357 3792 3594 3854 Ἐκεῖνος
3635 3790 3732 3860 μὲν
3764 3787 3872 3859 γὰρ
3915 3786 4054 3855 πλη-

2462 3888 2564 3957 γάς
2618 3891 2674 3942 ἐν
2707 3886 3017 3961 Καισαρείᾳ
3049 3887 3150 3957 τῆς
3190 3884 3553 3954 Παλαιστίνης
3586 3881 3691 3936 ύπό
3723 3898 3882 3934 τινων
3920 3880 4056 3951 Χρι-

2463 3980 2692 4048 στιανῶν
2721 3978 2988 4050 εἰληφὼς,
3018 3980 3111 4031 καὶ
3139 3976 3212 4049 μὴ
3240 3974 3477 4044 ἐνεγκὼν
3496 3973 3593 4045 τὴν
3621 3972 3812 4044 ὀργὴν,
3840 3971 3905 4024 ἐκ
3936 3986 4034 4040 με·

2468 4070 2796 4141 λαγχολίας,
2841 4070 2932 4125 τὸν
2972 4070 3070 4142 μὲν
3117 4066 3545 4141 Χριστιανισμὸν
3581 4064 3853 4123 ἀπέλειπε
3899 4058 4016 4131 (88)

1980 4242 2251 4300 VALESII
2285 4246 2847 4306 ANNOTATIONES.

864 4354 976 4428 (84)
1003 4357 1123 4411 Οὐκ
1161 4353 1241 4428 ἂν
1275 4357 1363 4423 εὶς
1394 4356 1464 4411 τὰ
1489 4359 1853 4428 σοφίσματα.
1896 4358 2254 4416 Scrihendutn
2285 4376 2365 4421 est

792 4427 873 4490 εἰς
898 4427 979 4489 τὸ,
1004 4426 1464 4496 quemadmodum
1505 4426 1688 4483 etiam
1711 4427 1948 4485 Savilius
1990 4431 2054 4485 ad
2085 4447 2238 4487 oram
2274 4436 2359 4490 sui

794 4496 1002 4551 codicis
1039 4496 1342 4551 adnotavit.
2122 4503 2127 4506 '

2479 4367 2628 4437 tiauo
2658 4367 2860 4437 legitur
2908 4365 2980 4437 τά
3038 4365 3218 4437 καλῶς
3261 4362 3417 4437 aer:in
3437 4362 3722 4437 νοούμενα.
3753 4380 3868 4437 non
3892 4364 4053 4437 male.

2470 4436 2642 4507 Magis
2668 4434 2847 4492 tainen
2884 4436 3061 4507 placet
3094 4436 3146 4507 id
3170 4434 3331 4507 quod
3350 4435 3478 4507 olim
3512 4434 3897 4507 conﬁciebant,
3918 4435 4059 4487 scri-

2471 4503 2705 4562 bendum
2765 4503 2898 4561 esse
2940 4506 3008 4559 τά
3052 4503 3234 4569 καλῶς
3284 4503 3462 4575 ἄλλοις
3519 4504 3809 4575 νοούμενα.
3858 4503 4057 4575 Posset

867 4566 976 4646 (83$)
1016 4563 1223 4646 difﬁc?)
1258 4568 1419 4646 λόγῳ
1454 4566 1522 4620 δὲ
1563 4567 1746 4646 αρτοῦ
1774 4566 1846 4646 όν
1886 4571 2016 4646 περὶ
2047 4574 2367 4646 κυνισμοῦ.
2407 4582 2449 4638 D
2475 4577 2637 4632 etiam

2277 4574 2367 4646 οῦ.
2407 4582 2449 4638 D
2475 4577 2637 4632 etiam
2663 4577 2990 4646 simpliciter
3016 4576 3119 4646 legi
3154 4563 3227 4628 τά
3243 4572 3422 4638 καλῶς
3444 4563 3733 4646 νοούμενα.
3772 4572 3880 4646 Vos
3910 4573 4055 4628 enim

795 4636 1056 4715 intelligit
1084 4636 1281 4715 librupt
1310 4638 1577 4715 adversus
1609 4638 1922 4715 lleraclium
1957 4636 2247 4715 Cynicum,
2273 4645 2368 4715 qui

795 4708 1137 4785 inscribitur,
1174 4707 1291 4771 πῶς
1313 4709 1632 4785 ﬂown-emt.
1659 4710 1717 4764 In
1740 4723 1806 4764 eo
1828 4709 1973 4765 enim
2004 4707 2146 4769 libro
2178 4707 2372 4785 legitur

793 4777 885 4832 hic
926 4779 1102 4838 locus.
1135 4792 1255 4847 pag.
1300 4777 1426 4834 405.

871 4848 982 4922 (86)
1037 4848 1487 4922 ’Δπλουστέρων
1519 4848 1961 4922 δεχομένων-»γτὰ
2003 4852 2194 4922 λόγια.
2223 4852 2371 4908 Scri-

796 4916 1179 5013 lie-udumiest,
1200 4916 1566 4991 ἁπλούστερον
1586 4916 2005 5013 ⁷ξμὶνοι·ι›ῑιι1ὶῑοιν,
2036 4916 2096 4977 ut
2124 4924 2371 4996 legerunt

798 4992 1144 5055 interpretes.

869 5060 981 5129 (87)
1017 5058 1093 5115 Τὰ
1122 5059 1321 5126 καλῶς
1344 5061 1497 5117 αὐτὰ
1554 5062 1870 5133 νοούμενα.
1910 5061 1968 5117 lu
2002 5062 2191 5119 codice
2224 5062 2370 5119 Sl‘or-

2475 4648 2701 4719 αὑτάοι
2733 4644 2980 4719 sequenti
3014 4644 3155 4719 linea
3185 4659 3466 4719 perperam
3502 4644 3877 4719 hucirrrpsit.

2549 4718 2661 4785 (88)
2698 4710 2824 4771 Τόν’
2834 4715 2951 4785 μὲν
2987 4710 3456 4783 Χριστίανισμὸν
3485 4710 3789 4785 ἀπέλειπε.
3831 4716 3885 4768 In
3931 4710 4058 4766 Flo-

2475 4783 2694 4842 rentino
2734 4783 2921 4841 codice
2952 4786 3219 4851 scriptum
3244 4791 3331 4839 est
3367 4783 3673 4840 κατέλειπε.
3712 4783 4057 4851 Nicephorus

2478 4872 2609 4911 vero
2638 4858 2690 4926 in
2731 4857 2912 4926 capite
2940 4855 3009 4911 36
3068 4854 3191 4910 libri
3232 4854 3461 4926 decimi,
3492 4870 3597 4926 pro
3620 4855 3725 4926 hoc
3755 4854 3921 4926 verbo
3954 4867 4057 4926 po-

2478 4928 2590 4981 suit
2641 4923 2949 4997 ὲξόμνυται,
2976 4935 3029 4981 et
3059 4940 3160 4997 pro
3185 4924 3260 4997 μὴ
3285 4923 3524 4995 ἐνεγκὼν
3552 4925 3650 4997 τὴν
3669 4923 3840 4997 ὀργὴν
3867 4923 4058 4979 maluit

2477 4996 2661 5053 dicere
2689 4995 2788 5069 τὴν
2816 4995 2994 5069 ὓϐριν.
3062 4995 3075 4997 ἡ
3188 4995 3258 4997 "
3610 4995 3645 5017 τ

2243 5235 2638 5292 VARIORUM.

875 5340 895 5365 π
929 5328 1258 5397 Ησρφυρίῳ.
1282 5327 1643 5401 Porphyrius,
1667 5341 1843 5401 quem
1876 5327 2377 5401 Socrates‘Tyrium

802 5414 995 5459 senem,
1034 5396 1239 5470 quippe
1268 5396 1569 5471 urbe—7T7er
1598 5396 1918 5471 oritmdum,
1954 5407 2009 5453 et
2052 5396 2255 5471 Juliaiii
2287 5413 2379 5467 pa.

803 5483 965 5530 trem,
988 5469 1185 5541 utpote
1217 5470 1378 5541 cujus
1412 5469 1589 5541 libros
1635 5469 1927 5541 magnoin
1987 5469 2167 5539 pretio
2206 5469 2377 5541 impe-

804 5539 1202 5611 ratorhabuit,
1271 5539 1548 5611 appellat;
1614 5539 1786 5611 patria
1836 5539 2020 5610 lingua
2075 5539 2376 5611 vocabatur

806 5610 1072 5677 Mali-ltus,
1125 5611 1270 5679 quod
1306 5608 1527 5665 'uomen
1587 5608 1807 5679 preprie
1862 5608 2030 5678 regem
2078 5608 2373 5678 signiﬁcat.

803 5679 1017 5733 Claruit
1053 5696 1142 5735 an.
1172 5681 1305 5735 Chr.
1346 5680 1472 5735 270.
1523 5679 1691 5742 Obiit,
1743 5688 1801 5733 ut
1860 5680 2100 5734 videtur.
2153 5681 2378 5733 ineunte

807 5759 1073 5819 sequente
1102 5753 1323 5806 szceulo.
1348 5748 1548 5806 Nescio
1572 5752 1753 5819 plane.
1775 5752 1941 5819 inquit
1961 5749 2373 5813 Cavcusnosler,

815 5834 885 5876 au
916 5820 1076 5881 fidem
1110 5832 1354 5879 uteretur
1393 5823 1534 5894 quod
1593 5822 1660 5876 dc
1699 5836 1763 5875 eo
1823 5822 1989 5876 t'el'ct'l
2019 5819 2377 5890 Nicephorus,

2483 5328 2575 5381 lib.
2610 5343 2663 5389 χ,
2690 5342 2810 5395 cap.
2837 5327 2924 5388 56,
2954 5326 3044 5394 qui
3082 5334 3263 5381 tamen
3324 5325 3623 5382 Eusebium
3660 5326 3838 5381 hacin
3869 5341 3926 5379 re
3977 5337 4055 5382 te—

2483 5406 2623 5454 stem
2661 5399 2814 5458 citat.
2853 5397 3215 5468 Porphyrium
3246 5398 3424 5467 primo
3444 5397 3664 5466 quidem
3694 5396 3865 5451 fuisse
3899 5395 4059 5468 Chri-

2483 5469 2765 5523 stianum:
2827 5482 3013 5521 verum
3044 5467 3198 5522 cum
3266 5483 3297 5522 a
3354 5468 3684 5523 Christianis
3722 5467 4056 5536 quihusdam

2481 5538 2745 5595 Caesareae
2768 5538 3091 5594 verberatus
3113 5545 3281 5600 esset,
3309 5553 3411 5593 nec
3451 5537 3709 5607 injuriam
3743 5538 3889 5607 illam
3914 5537 4059 5607 bene

2483 5625 2830 5679 concoquere
2890 5617 3097 5677 posset,
3155 5618 3271 5662 atra
3319 5608 3447 5679 bile,
3489 5606 3765 5679 percitum
3795 5606 4054 5679 Christia-

2485 5676 2723 5734 nismum
2761 5679 3027 5745 ejorasse,
3055 5686 3219 5748 atque
3278 5677 3346 5731 ad
3392 5676 3671 5748 Christum
3706 5676 4056 5748 Christiano-

2486 5765 2716 5829 rumque
2756 5748 3073 5829 Scriptor-as
3106 5747 3290 5829 impiis
3319 5747 4055 5829 _convicilsproscindc‘nt_las

2487 5815 2730 5876 animum
2784 5815 3081 5891 appulisse.
3144 5815 3455 5890 Nicephoro
3512 5815 3798 5889 prmivisse
3836 5815 4054 5875 videtur
