4508 6588
415 471 522 526 με

1398 478 1725 537 HISTORIA
1765 483 2331 545 ECCLESIASTICA.
2362 519 2432 530 —
2459 488 2587 542 LIB.
2633 484 2715 544 Ill.

3556 482 3661 536 446

419 586 563 654 μίσει
588 586 644 640 δέ
669 587 779 642 τῶν
813 591 1202 661 τυπτησάντων
1242 595 1404 650 αὑτὸν
1424 641 1438 661 ,
1470 602 1551 663 είς
1599 604 1659 655 τὸ
1691 603 1986 676 βλάσφημα
2014 613 2059 670 Α
2090 616 2196 665 tem

1879 622 1986 676 ημα
2014 613 2059 670 Α
2090 616 2196 665 tem
2231 626 2244 665 :
2284 609 2366 665 sic
2398 608 2545 664 enim
2579 606 2840 676 loquitur.
2872 605 3033 659 Amat
3059 602 3202 659 enim
3237 603 3402 658 latere
3431 600 3659 656 natura:

414 677 554 729 κατά
592 679 930 749 Χριστιανῶν
960 682 1194 753 γράφειν
1218 685 1493 752 ἐξέπεσεν,
1517 690 1592 753 ώς
1620 692 1782 746 αὐτὸν
1819 694 1985 748 Εὐσέ-

414 766 528 831 ϐιος
552 770 580 820 6
602 771 884 841 Παμφίλου
906 772 1211 843 ἐξήλεγξεν,
1237 778 1615 846 ἀνασκευάσας
1642 784 1769 845 τοὺς
1796 785 1986 855 λόγους

413 860 597 913 αὐτοῦ.
641 861 701 915 '0
737 862 791 916 δέ
822 862 1073 934 βασιλεὺς
1103 869 1238 939 πρὸς
1280 871 1406 934 τοὺς
1435 871 1651 937 ἰδιώτας
1691 875 1985 947 ὑπεροπτι-

414 951 525 1013 κῶς
575 952 715 1007 κατά
759 954 869 1009 τῶν
894 958 1233 1027 Χριστιανῶν
1262 961 1514 1033 ἐσχηκὼς
1536 1001 1551 1027 ,
1597 966 1663 1018 ἐκ
1696 966 1790 1019 τοῦ
1821 966 1987 1021 αὑτοῦ

413 1042 617 1107 πάθους
670 1048 750 1109 είς
796 1048 897 1119 τὴν
928 1050 1242 1123 Πορφυρίου
1278 1053 1627 1126 βλασφημίαν
1672 1058 1985 1113 ἀπέκλινεν.

426 1134 751 1209 Ἀμφότεροι
777 1134 871 1192 οὖν
898 1140 1163 1207 ἑκουσίως
1206 1144 1638 1216 δυσσεϐήσαντες
1657 1188 1671 1211 ,
1703 1149 1761 1201 ἐν
1790 1133 1986 1217 γνώσει

410 1224 686 1298 ἁμαρτίας
724 1229 784 1283 τὸ
827 1230 1100 1301 ἐπιτίμιον
1155 1232 1393 1305 ἔχουσιν.
1452 1237 1668 1309 Ἐπειδὴ
1714 1239 1771 1293 δὲ
1816 1240 1911 1295 καὶ
1959 1243 1989 1295 6

415 1319 674 1391 σοφιστὴς
699 1320 951 1387 Λιϐάνιος
981 1324 1485 1395 ἐπιχλευάζων,Τὸν
1505 1329 1570 1383 ἐκ
1598 1330 1984 1403 Παλαιστίνης,

412 1410 598 1478 φησὶν,
631 1411 940 1484 ἄνθρωπον,
980 1415 1112 1470 Θεόν
1144 1434 1205 1471 τε
1247 1420 1341 1474 καὶ
1367 1419 1502 1475 Θεοῦ
1528 1424 1696 1477 Παῖδα
1724 1422 1986 1489 ποιοῦσιν,

410 1500 736 1572 ἐκλελῆσθαί
770 1522 858 1574 μοι
896 1506 1061 1573 δοκεῖ,
1092 1509 1240 1574 ὅπως
1270 1512 1434 1577 αὐτὸς
1463 1514 1555 1566 ἐπὶ
1598 1514 1742 1568 τέλει
1770 1514 1865 1569 τοῦ
1894 1518 1990 1569 αὺ-

409 1591 503 1644 τοῦ
536 1591 695 1660 λόγου
728 1596 817 1649 τὸν
833 1597 1114 1654 Ἰουλιανόν
1145 1602 1445 1657 ἀπεθέωσε.
1468 1605 1570 1658 Τδν
1613 1606 1721 1679 γάρ
1767 1606 1988 1677 πρῶτον

411 1685 545 1753 φησι
579 1684 809 1754 ἄγγελον
842 1690 942 1759 τῆς
973 1692 1226 1762 τελευτῆς
1266 1695 1465 1764 μικροῦ
1509 1698 1873 1762 κατέλευσαν,
1912 1699 1989 1763 ώς

409 1773 545 1858 θεοῦ
574 1777 1060 1849 καταψευδόμενον.
1108 1780 1245 1837 Εἶτα
1293 1786 1480 1855 πρόσω
1526 1788 1718 1858 μικρὸν
1752 1789 1982 1857 ὑποϐὰς,

410 1857 481 1915 Ὦ
500 1863 769 1936 δαιμόνων
791 1869 910 1939 μὲν,
934 1874 1087 1943 φησὶ,
1106 1857 1638 1948 τρόφιμε,δαιμόνων
1661 1879 1718 1933 δέ
1748 1880 1984 1951 μαθητὰ,

312 2016 313 2019 η
408 1954 678 2027 δαιμόνων
711 1959 768 2013 δὲ
795 1964 1170 2036 παρεδρευτάε
1203 1968 1266 2020 Εἰ
1291 1968 1386 2021 καὶ
1415 1969 1579 2033 αὐτὸς
1607 1969 1782 2033 ἄλλως
1811 1972 1951 2025 ἐνόει
1969 1991 1981 2004 ·
2016 1957 2058 2011 Β

409 2048 523 2101 ἀλλ’
546 2045 639 2103 οὖν
667 2068 729 2119 γε
747 2053 846 2125 τὴν
866 2057 1185 2127 ὁμωνυμίαν
1214 2059 1308 2112 τοῦ
1334 2060 1572 2132 χείρονος
1607 2061 1680 2133 μὴ
1708 2063 1980 2127 ἐκκλίνας,

409 2140 558 2256 ταῦτ’
581 2142 727 2210 ἔδοξε
772 2146 980 2215 λέγειν,
1008 2148 1043 2202 ά
1075 2151 1168 2203 καὶ
1200 2152 1248 2203 οί
1284 2154 1599 2222 Χριστιανοὶ
1640 2154 1985 2221 ὀνειδίζοντες
2008 2228 2031 2256 Ν

407 2232 673 2302 λέγουσιν.
709 2238 775 2292 Ei
825 2236 921 2293 οὖν
973 2242 1209 2295 ἐπαίνων
1242 2244 1594 2315 ἐφρόντιζεν,
1649 2246 1756 2300 ἔδει
1792 2250 1984 2317 φυγεῖν

406 2325 506 2396 τὴν
527 2327 866 2400 ὁμωνυμίαν,
887 2331 1042 2403 ὥπερ
1074 2333 1241 2403 ἔφυγε
1270 2337 1363 2388 καὶ
1396 2336 1589 2408 ἑτέραν
1614 2337 1778 2403 λέξιν,
1817 2340 1883 2393 δι’
1916 2339 1985 2411 ἢν

408 2414 771 2490 λοιδορηθεὶς,
802 2422 911 2477 τῶν
944 2424 1142 2478 ἐαυτοῦ
1168 2426 1340 2495 λόγων
1362 2427 1637 2497 ἐξέκοψεν.
1670 2430 1859 2494 Ὅπως
1886 2431 1985 2502 μὲν

409 2507 502 2562 οὖν
528 2512 557 2564 6
586 2511 729 2566 κατά
762 2516 996 2585 Χριστὸν
1024 2517 1309 2588 ἄνθρωπος
1340 2520 1689 2589 θεολογεῖται,
1719 2524 1813 2576 καὶ
1838 2525 1986 2589 ὅπως

410 2598 473 2651 τὸ
509 2599 607 2669 μὲν
635 2604 868 2673 φανερὸν
905 2605 1189 2679 ἄνθρωπος
1241 2604 1339 2679 ἦν,
1370 2610 1430 2662 τὸ
1482 2610 1537 2663 δὲ
1585 2613 1788 2681 ἀφανὲς
1830 2613 1983 2677 Θεὸς,

410 2691 558 2755 ὅπως
582 2710 642 2745 τε
668 2694 844 2766 ἀληθῆ
886 2696 1051 2768 άμφω
1085 2700 1200 2752 ἐστὶ
1225 2742 1239 2760 ,
1272 2702 1612 2771 Χριστιανῶν
1655 2704 1751 2772 μὲν
1777 2706 1825 2757 oi
1853 2705 1985 2758 θεῖοι

410 2780 555 2850 λόγοι
593 2785 947 2841 ἐπίστανται·
990 2789 1250 2860 Ἕλληνες
1302 2792 1358 2844 δὲ
1389 2794 1495 2864 πρὸ
1528 2794 1622 2847 τοῦ
1675 2797 1984 2865 πιστεῦσαι,

412 2876 647 2928 συνιέναι
672 2878 732 2929 οὐ
759 2878 1033 2933 δύνανται.
1067 2882 1179 2935 Καὶ
1211 2883 1321 2954 γὰρ
1360 2884 1539 2953 λόγιόν
1568 2888 1684 2939 ἐστι
1712 2888 1773 2941 τὸ
1806 2887 1983 2957 λέγον,

408 2965 488 3018 δτι
510 2979 535 3006 ι
574 2968 713 3022 Ἐὰν
732 2970 819 3039 μὴ
844 2973 1229 3041 πιστεύσητε,
1256 2976 1383 3030 οὐδ⁴
1410 2979 1481 3031 οὐ
1504 2978 1587 3047 μὴ
1618 2979 1868 3049 συνῆτε.
1896 2982 1986 3036 Διὸ

406 3058 507 3111 οὐκ
542 3059 903 3130 αἰσχύνονται,
934 3062 1162 3127 πολλοὺς
1191 3065 1511 3134 ἀνθρώπους
1548 3068 1980 3135 ἀποθεώσαντες,

408 3150 504 3204 καὶ
547 3150 659 3203 εἴθε
710 3168 774 3220 γε
811 3151 915 3207 κᾶν
948 3156 1217 3233 χρηστοὺς
1249 3156 1341 3209 τὸν
1371 3157 1571 3229 τρόπον
1594 3200 1611 3225 ,
1655 3159 1689 3229 ἢ
1721 3159 1980 3225 δικαίους,

407 3240 442 3311 ἢ
476 3240 758 3314 σώφρονας
778 3260 793 3276 ο
840 3244 975 3297 ἀλλὰ
1010 3246 1272 3316 ἀνάγνους
1294 3289 1310 3315 ,
1342 3249 1561 3313 ἀδίκους
1582 3290 1597 3313 ,
1629 3250 1768 3322 μέθῃ
1800 3252 1981 3306 δεδου-

405 3332 719 3403 λωμένους·
768 3335 1071 3407 Ἡρακλέας
1134 3342 1278 3411 φημὶ
1345 3342 1440 3395 καὶ
1502 3344 1788 3408 Διονύσους
1819 3385 1835 3407 ,
1890 3347 1984 3399 καὶ

420 3426 778 3498 ’.ὶσκληπιούς
800 3446 814 3460 ·
850 3430 971 3484 καθ’
998 3426 1075 3484 ὧν
1114 3421 1349 3503 σύνεχῶς
1379 3436 1436 3487 ἐν
1473 3439 1583 3499 τοῖς
1612 3438 1777 3491 αὑτοῦ
1807 3438 1985 3506 λόγοις

406 3517 621 3588 ὀμνύων
634 3520 885 3586 Λιϐάνιος
911 3523 1011 3576 οὐκ
1040 3524 1351 3595 αἰσχύνεται
1370 3542 1385 3556 ⁸
1414 3520 1489 3581 ῶν
1514 3529 1641 3592 τοὺς
1662 3531 1986 3601 ἀρρενικοὺς

406 3611 503 3663 καὶ
552 3610 814 3679 θηλυκοὺς
860 3613 1071 3684 ἔρωτας
1115 3617 1163 3668 εί
1193 3616 1726 3689 ἀπαριθμησαίμην,
1776 3621 1985 3693 μακρὸς

408 3700 539 3771 ἡμῖν
588 3701 741 3757 ἔσται
790 3705 818 3756 6
866 3704 966 3775 τῆς
999 3707 1390 3777 παρεκϐάσεως
1420 3710 1593 3778 λόγος.
1634 3712 1883 3782 Ἀρκέσει
1927 3713 1984 3766 δέ

407 3797 520 3855 τοῖς
562 3794 734 3849 ταῦτα
779 3798 980 3866 γνῶναι
1032 3801 1303 3855 ἐθέλουσιν
1353 3806 1382 3856 ὀ
1424 3805 1824 3875 Ἀριστοτέλους
1878 3807 1983 3860 Πέ-

413 3888 542 3950 πλος
564 3886 705 3956 (89),
735 3890 828 3942 καὶ
851 3891 1101 3945 Διονύσου
1132 3894 1401 3962 Στέφανος
1429 3895 1574 3965 (90),
1606 3897 1701 3950 καὶ
1732 3897 1981 3968 Ῥηγίνου

407 3978 435 4029 6
464 3978 836 4049 Πολυμνήμων
876 3982 1029 4052 (9|),
1075 3986 1169 4038 καὶ
1205 3985 1311 4038 τῶν
1360 3987 1595 4058 ποιητῶν
1635 3989 1695 4042 τὸ
1737 3989 1938 4059 πλῆθος
1966 4008 1980 4020 ·

407 4069 455 4123 οἳ
488 4072 610 4141 περὶ
661 4071 840 4126 αὐτῶν
882 4074 1188 4145 γράψαντες
1212 4117 1227 4143 ,
1262 4076 1475 4146 γέλωτα
1504 4079 1673 4143 ὅντως
1712 4080 1807 4134 καὶ
1851 4080 1988 4153 φλή-

2087 708 2141 755 et
2174 701 2357 756 abdita
2383 700 2609 755 deorum
2639 697 2949 755 substantia
2983 696 3146 751 nudis
3172 704 3226 749 et
3252 694 3455 763 apertis
3484 693 3665 748 verbis

2088 793 2141 846 in
2175 794 2420 862 impuras
2452 806 2614 846 aures
2652 789 2844 860 projici
2881 805 2938 843 se
2970 804 3078 842 non
3129 787 3389 842 sustinet.
3424 785 3499 838 Ex
3539 785 3665 854 qui-

2093 885 2197 940 bus
2229 891 2455 955 apparet
2485 884 2872 953 imperatorem
2915 880 2982 935 de
3019 879 3224 934 divinis
3269 876 3570 945 Scripturis
3591 875 3667 931 ita

2089 976 2380 1031 sensisse:
2428 990 2523 1030 eas
2579 974 2789 1028 scilicet
2836 987 2959 1027 esse
3014 985 3295 1025 sermones
3360 969 3663 1040 mysticos,

2085 1078 2345 1117 arcanam
2396 1062 2687 1132 quamdam
2743 1060 3161 1129 intelligentiam
3210 1057 3661 1126 complectentes.

2087 1155 2236 1220 Quin
2266 1154 2429 1209 etiam
2466 1152 2802 1224 indignatur,
2837 1151 2984 1222 quod
3025 1167 3135 1205 non
3173 1164 3365 1204 omnes
3414 1146 3662 1201 eamdem

2086 1248 2153 1303 de
2170 1248 2280 1303 illis
2309 1247 2543 1302 habeant
2565 1246 2911 1317 Opinionem:
2942 1253 2995 1299 et
3020 1244 3292 1297 invehitur
3315 1244 3369 1295 iu
3392 1239 3663 1293 Christia-

2087 1355 2190 1394 nos
2252 1340 2410 1402 illos,
2458 1339 2551 1408 qui
2598 1337 2781 1391 divina
2832 1336 3057 1390 oracula
3114 1334 3348 1401 simplici
3401 1340 3454 1385 et
3500 1330 3663 1384 obvio

2088 1448 2254 1489 sensu
2286 1434 2740 1501 interpretantur.
2772 1430 2937 1500 Atqui
2978 1444 3088 1483 non
3129 1426 3356 1480 decebat
3389 1421 3659 1492 simplici-

2089 1532 2254 1579 tatem
2308 1523 2454 1593 vulgi
2496 1530 2781 1590 tantopere
2834 1518 3121 1581 insectari,
3160 1531 3260 1570 nec
3314 1514 3465 1569 illius
3494 1528 3665 1568 causa

2087 1614 2355 1670 adversus
2395 1628 2581 1669 sacras
2607 1612 2840 1666 Litteras
2881 1608 3169 1665 insolentia
3220 1606 3401 1661 efferri
3437 1623 3450 1658 :
3487 1618 3665 1673 neque

2086 1705 2274 1761 odisse
2303 1714 2358 1761 et
2390 1706 2632 1760 aversari
2671 1719 2732 1758 ea
2768 1718 2889 1773 quae
2916 1709 3063 1757 recte
3096 1701 3163 1755 ab
3192 1699 3315 1753 aliis
3358 1698 3666 1765 intelligun-

2086 1808 2199 1863 tur,
2238 1809 2523 1868 propterea
2550 1796 2696 1867 quod
2742 1810 2853 1851 non
2891 1809 3105 1855 omnes,
3142 1792 3287 1847 sicut
3320 1791 3422 1859 ipsi
3449 1790 3661 1841 libitqu

2087 1898 2191 1953 est,
2225 1904 2318 1943 eas
2340 1889 2669 1957 intelligant.
2701 1884 2859 1940 Nunc
2892 1898 3023 1938 vero
3060 1880 3203 1935 idem
3241 1878 3320 1932 illi
3364 1875 3664 1945 contigisse

2087 1981 2303 2036 videtur
2331 1980 2477 2049 quod
2510 1978 2831 2049 Porphyrio.
2850 1975 3063 2029 Etenim
3100 1972 3189 2027 ille
3221 1986 3346 2026 cum
3378 1969 3518 2039 apud
3547 1968 3663 2021 Ca2-

2087 2088 2298 2128 saream
2319 2071 2620 2126 Palmstiuaa
2643 2085 2671 2122 a
2696 2066 3023 2139 quibusdam
3047 2063 3379 2119 Christianis
3410 2060 3663 2115 verbera-

2085 2176 2173 2219 tus
2199 2163 2416 2228 fuisset,
2443 2164 2577 2217 iram
2599 2160 2961 2230 comprimere
2991 2173 3099 2211 non
3127 2156 3335 2218 valens,
3362 2169 3472 2223 prie
3494 2152 3664 2205 nimio

2083 2258 2270 2311 furore
2316 2255 2686 2309 Christianam
2730 2250 3049 2321 religionem
3090 2246 3374 2303 deseruit:
3417 2254 3471 2297 et
3522 2243 3650 2296 odio

2084 2350 2306 2403 illorum
2334 2360 2373 2400 'a
2402 2347 2605 2417 quibus
2652 2359 2831 2399 caesus
2883 2342 3085 2407 fuerat,
3140 2339 3433 2409 impulsus,
3490 2335 3663 2389 libros

2085 2438 2642 2496 maledicentissimos
2696 2436 2965 2491 adversus
3025 2446 3228 2488 nomen
3282 2428 3661 2483 Christianum

2084 2532 2423 2603 composuit;
2456 2531 2599 2584 sicut
2630 2544 2753 2584 eum
2786 2526 3038 2594 coarguit
3065 2523 3335 2578 Eusebius
3368 2518 3660 2588 Pamphili,

2084 2624 2178 2695 qui
2215 2624 2387 2678 libros
2434 2622 2556 2691 ejus
2600 2620 2939 2675 validissime
2983 2615 3308 2672 confutavit.
3362 2611 3664 2681 Imperator

2084 2730 2214 2770 vero
2253 2730 2438 2770 coram
2475 2714 2727 2784 imperita
2758 2710 3108 2765 multitudine
3146 2716 3468 2776 arroganter
3500 2720 3557 2759 se
3588 2702 3664 2757 ef-

2085 2807 2270 2862 ferens
2320 2813 2517 2861 contra
2571 2803 2941 2867 Christianos,
2982 2816 3049 2856 ex
3101 2799 3295 2854 eodem
3348 2796 3543 2850 morbo
3594 2796 3663 2849 ad

2086 2898 2374 2969 Porphyrii
2401 2896 2797 2968 blaSpbemiam
2833 2894 3125 2965 prolapsus
3171 2901 3274 2946 est.
3312 2888 3448 2944 Cum
3498 2887 3664 2957 igitur

2085 3005 2115 3044 a
2142 3005 2273 3045 vero
2303 3004 2400 3043 sua
2436 2996 2628 3059 Sponte
2656 2986 2723 3041 ad
2747 2986 3085 3056 impietatem
3129 2979 3503 3053 proruperint,
3543 2977 3662 3047 ipsa

2083 3081 2334 3136 criminis
2362 3079 2448 3133 sui
2486 3078 2677 3133 notitia
2705 3083 2763 3133 et
2801 3073 3144 3131 conscientia
3181 3078 3508 3143 puntuntur.
3541 3067 3662 3122 Jam

2083 3188 2216 3228 vero
2261 3172 2406 3243 quod
2447 3170 2711 3227 Libanius
2741 3169 2986 3240 sophista
3012 3166 3360 3222 Christianos
3425 3162 3663 3217 irridens

2085 3267 2179 3330 ait,
2215 3265 2491 3320 hominem
2522 3263 2813 3334 quemdam
2856 3276 2925 3315 ex
2971 3258 3262 3313 Palarstina
3320 3255 3487 3310 Deum
3533 3252 3660 3309 Dei-

2083 3372 2190 3427 que
2216 3355 2413 3411 Filium
2446 3355 2515 3409 ab
2544 3355 2615 3409 iis
2644 3352 2758 3408 fieri
2787 3369 2803 3419 ;
2851 3352 2906 3405 in
2932 3366 2997 3406 eo
3028 3349 3162 3403 mihi
3193 3347 3409 3402 videtur
3435 3346 3659 3409 oblitus,

2081 3464 2142 3502 se
2187 3448 2243 3501 in
2276 3446 2382 3501 fine
2415 3444 2685 3500 orationis
2719 3444 2869 3499 illius
2893 3441 3174 3496 Iulianum
3207 3440 3350 3493 inter
3394 3436 3527 3492 deos
3572 3452 3662 3491 re-

2082 3540 2295 3594 tulisse.
2324 3538 2416 3592 Sic
2441 3539 2586 3593 enim
2619 3537 2692 3591 ibi
2730 3536 2941 3592 scribit:
2968 3536 3102 3589 Eum
3134 3534 3282 3589 enim
3320 3532 3413 3603 qui
3451 3531 3661 3599 primus

2085 3638 2316 3685 mortem
2355 3629 2477 3699 ejus
2524 3630 2894 3687 nuntiaverat.
2939 3625 3336 3696 propemodum
3384 3621 3661 3693 lapidibus

2084 3723 2422 3785 obruerunt,
2468 3720 2628 3791 quasi
2672 3720 2740 3774 de
2793 3718 2901 3773 Deo
2939 3718 3201 3772 mentitus
3246 3713 3460 3770 fuisset.
3498 3710 3662 3783 204

2084 3812 2290 3868 Deinde
2325 3812 2603 3882 paululum
2658 3824 2984 3881 progressus
3032 3809 3137 3863 ista
3172 3806 3397 3874 subjieit
3422 3822 3437 3858 :
3465 3802 3510 3858 Ο
3537 3806 3663 3857 dae-

2079 3919 2300 3959 monum
2329 3903 2546 3972 quidem
2571 3903 2826 3966 alumne,
2857 3899 3162 3955 daemonum
3189 3895 3491 3966 discipule,
3550 3894 3665 3947 dte-

2080 4009 2303 4049 monum
2358 3995 2643 4049 assessor!
2678 3992 2781 4059 Qui
2813 3992 2944 4046 licet
2982 3990 3087 4045 hoc
3116 3990 3275 4043 aliter
3315 3987 3660 4056 intelligeret.

2093 4095 2272 4141 tamen
2307 4100 2431 4140 cum
2456 4085 2870 4157 ambiguitatem
2902 4083 3154 4139 vocabuli
3198 4081 3344 4153 quod
3379 4081 3434 4136 in
3463 4080 3661 4134 malam

1592 4341 1859 4397 VALESII
1885 4342 2437 4399 ANNOTATIONES.

476 4504 586 4587 (8d)
737 4509 1467 4587 'Apzatozslovcﬂérgoc.
1517 4512 1611 4587 _De
1632 4583 1644 4587 Δ
1669 4513 1979 4587 Aristotelis
2013 4519 2055 4574 ο
2082 4517 2230 4587 τρισὶ

1878 4515 1979 4570 elis
2013 4519 2055 4574 ο
2082 4517 2230 4587 τρισὶ
2256 4516 2497 4587 βιϐλίοις.
2525 4514 2604 4571 Ex
2636 4514 2839 4587 quibus
2871 4520 3109 4587 apparet_
3149 4509 3469 4587 D_ionysi_um
3501 4509 3551 4562 iu
3586 4508 3658 4587 iis

404 4572 721 4651 Eeplovide
757 4572 891 4651 quae
954 4572 1236 4637 adnotavit
1290 4572 1441 4638 olim'
1481 4584 1564 4637 vir
1614 4583 1971 4641 doctissimus
2014 4572 2033 4574 ⁷
2083 4572 2266 4641 libris.
2297 4587 2363 4641 de
2421 4572 2955 4641 deabus'duntaxat'
3003 4572 3313 4651 scripsisse:
3355 4579 3467 4651 Cur
3513 4580 3659 4634 enim

402 4642 725 4701 Guillelmus
745 4642 1033 4703 Cauterus.

476 4717 589 4801 (2,}0)
628 4719 922 4801 Δέογύσρυ
962 4719 1517 4801 ΣτέφανρςἋΜοΙίΠι
1547 4725 1823 4801 scribere“
1852 4728 1961 4778 Διο-

401 4787 605 4865 νυσίου.
641 4787 771 4865 Quis
824 4790 895 4843 sit
944 4787 1271 4865 anteinhic”
1300 4793 1611 4864 Dionysius.
1638 4796 1731 4863 qui
1772 4795 1971 4848 lihrum

405 4855 509 4908 hoc
540 4857 697 4910 titulo
717 4862 1059 4927 composuit,
1094 4861 1309 4915 dillicile
1339 4855 1669 4918 ρει’‹1ι(;οι·οἶ
1708 4865 1974 4919 Existimo

409 4933 591 5003 ianum
623 4929 772 5003 hunc
795 4930 1272 5003 esse_Dionysium
1303 4932 1595 4995 Milesium,
1628 4937 1719 5002 qui
1766 4936 1979 4988 Κύκλον

407 4996 676 5078 isi-509mb;
727 4996 1253 5078 cotiscripsit,:teste
1303 5003 1491 5057 Suida.
1541 4996 1684 5078 Ideni
1716 5007 1860 5078 enim
1892 5013 1979 5059 est

404 5064 616 5146 liuida;
640 5083 703 5119 ac
754 5064 1163 5146 Στέφανοςζιὴς
1209 5076 1309 5146 hoc
1343 5090 1518 5146 onere
1570 5073 1835 5146 Dionysii,
1868 5092 1977 5143 quo

406 5142 515 5213 tota
552 5138 775 5213 deorum
814 5141 1039 5213 historia
1113 5138 1518 5207 continebatur,
1572 5138 1727 5197 idem'
1775 5138 1974 5201 Sitit'las

404 5208 459 5286 in
490 5221 622 5286 v0ce
678 5208 905 5286 Νύμφαι
931 5212 1031 5286 _it:t
1087 5214 1327 5286 loquitur
1359 5233 1372 5269 :
1433 5215 1566 5286 Περὶ
1592 5214 1648 5267 δέ
1675 5215 1783 5268 τῶν
1836 5216 1973 5268 θεῶν

404 5276 660 5348 Διονυσίῳ
683 5276 834 5332 πᾶσα
863 5282 895 5349 ἡ
930 5282 1139 5353 ἱστορία
1173 5283 1435 5354 συνῆκται
1464 5276 1525 5337 ἐν
1550 5286 1843 5355 τριάκοντα
1874 5286 1968 5339 καὶ

2081 4656 2284 4711 Suidas
2315 4656 2383 4711 de
2422 4655 2679 4726 nymphis
2715 4650 3475 4726 loquens,‘istasubjiceret‘i

2153 4673 2284 4711 uaas
2315 4673 2383 4711 oe
2422 4673 2679 4778 nzmpnts
2715 4673 2963 4724 loquens,
2995 4673 3099 4707 lSta
3136 4673 3471 4718 SUUJH'CI'CL:

2153 4728 2264 4794 (9|)
2310 4728 2454 4796 Ῥηγ
2478 4744 2588 4780 νου
2627 4728 2660 4778 ό
2699 4722 3132 4796 Πολυμνήμων.
3173 4720 3432 4796 Reginus
3464 4718 3659 4796 Cram-

2081 4790 2320 4852 maticus
2354 4790 2553 4851 librum
2587 4790 2905 4863 scripserat,
2934 4790 3022 4847 cui
3063 4792 3257 4846 titulus
3293 4799 3444 4863 gerat
3486 4790 3661 4863 ῃολυ-

2086 4869 2343 4937 μνήμων,
2368 4877 2434 4937 ιιι
2475 4866 2640 4921 refert
2678 4858 2900 4937 Suidas.
2938 4863 3035 4916 llic
3062 4872 3164 4927 est,
3199 4864 3249 4915 ni
3286 4859 3462 4937 fallor,
3497 4858 3662 4929 Regi-

2084 4932 2323 4999 ntts','cui
2362 4936 2704 5008 Phrynichus
2743 4936 2991 5008 sophista
3024 4950 3189 4986 unum
3226 4947 3289 4985 ex
3337 4932 3661 5008 lihris_quos

2083 5011 2147 5061 de
2211 5000 2767 5076 oratorio'apparatu
2812 5000 3155 5072 'scripserat,
3200 5000 3557 5076 nuncupavit,
3593 5008 3655 5053 ut

2082 5084 2316 5132 testatur
2349 5070 2589 5131 Photiu's'
2633 5078 2685 5129 in
2744 5070 3104 5136 Bibliotheca,
3169 5087 3291 5141 cap.
3339 5072 3462 5125 l58.
3497 5070 3661 5124 Certe

2080 5146 2422 5219 Phrynichus
2446 5163 2552 5201 nou
2586 5148 2689 5219 nisi
2721 5146 2853 5219 viris
2886 5145 3062 5219 doctis
3113 5143 3283 5196 libros
3318 5157 3463 5219 suos
3508 5156 3647 5219 nun-

2079 5210 2396 5289 cupaverat,
2426 5216 2889 5288 quemadmodqu
2924 5214 3126 5269 ibidem
3150 5220 3384 5268 testatur
3406 5210 3657 5265 Phatius.

1844 5482 2241 5539 VARIOBUM.

406 5640 464 5695 Β.
496 5639 857 5707 Augustinus,
895 5643 970 5695 De
1014 5643 1153 5695 civit.
1188 5642 1300 5707 Dei,
1339 5643 1435 5697 lib.
1466 5660 1519 5703 χ.
1546 5660 1596 5697 c.
1634 5643 1726 5697 28.
1776 5643 1971 5699 Omisit

2077 5644 2235 5715 quasi
2278 5643 2657 5715 fundamento
2687 5640 3017 5715 innixa__est
3046 5636 3382 5715 Christiana
3439 5631 3653 5715 religio.

406 5713 541 5764 hunc
572 5704 807 5766 Socratis
846 5704 1013 5765 nostri
1049 5713 1217 5766 locum
1252 5704 1331 5767 vir
1356 5713 1789 5769 eruditisanter
1816 5715 1968 5769 varia
2076 5704 2428 5769 convelleret.
2466 5714 2681 5781 Scripta
2713 5708 3220 5781 ejusg'l‘heotlosius
3266 5705 3493 5773 Magnus
3538 5704 3655 5772 lege

405 5797 525 5849 qua:
550 5784 788 5854 contt‘ulit
815 5784 1108 5854 volumina,
1128 5783 1298 5838 edidit
1330 5786 1381 5837 in
1397 5782 1584 5838 Sicilia
1614 5792 1741 5854 tunc
1774 5800 1964 5854 agens,

406 5862 586 5925 contra
616 5851 944 5925 Christianos
975 5853 1144 5925 libros
1170 5870 1257 5907 xv.
1297 5854 1350 5907 in
1381 5855 1581 5924 quibus
1605 5853 1658 5907 id
1694 5851 1966 5925 prmeipue

2074 5785 2182 5839 lata
2213 5786 2335 5855 igne
2364 5783 2571 5855 aboleri
2595 5779 2790 5851 ’jussit.
2830 5779 3079 5855 Curatio
3114 5780 3217 5855 line
3241 5792 3364 5830 saec.
3402 5789 3480 5855 tu.

2146 5866 2171 5895 II
2223 5844 2466 5923 ’ἓὰνμὴ
2500 5844 2907 5923 ,πιστευσητε
2968 5849 3101 5904 Vide
3149 5847 3260 5904 lsa.
3313 5844 3650 5913 vn,:ljuxta

409 5924 561 5991 pensi
617 5923 823 5987 habuit,
878 5933 929 5977 ut
970 5923 1027 5977 S.
1064 5924 1360 5995 Striptura:
1402 5921 1813 5991 auctoritatem,
1864 5921 1963 5980 cui
2074 5921 2450 5998 Septuaginta.
2491 5921 2580 5977 W.
2617 5923 2842 5978 Lowru.
