4508 6588
399 441 506 497 449

1382 433 1706 491 HISTORIA
1734 432 2301 489 ECGLESIASTICA.
2332 463 2395 473 —
2438 433 2564 489 LIB.
2601 433 2684 487 Ill.

3546 433 3657 494 ‘50

407 559 528 613 θεὸν
587 555 864 625 magna»;
926 553 1324 626 ἀνηγόρευσαν.
1374 553 1548 617 Αὐτός
1590 571 1652 606 τε
1697 552 1973 624 Ἀδριανὸς
2002 560 2047 617 Α
2074 552 2187 608 deu

1873 552 1973 617 ivb;
2002 560 2047 617 Α
2074 552 2235 608 deum
2268 553 2699 623 appellaverunt.
2746 552 2854 611 Sed
2916 561 2973 609 et
3010 553 3127 625 ipse
3174 552 3451 609 Adrianus
3497 552 3653 608 Anti-

410 648 718 704 ’Δντίνοονδ
742 647 834 700 τὸν
856 646 1055 701 ’ἑαυτοῦ
1079 645 1353 718 ἐρώμενον
1373 645 1785 700 ἀπεθέωσε.Καὶ
1808 644 1979 698 ταῦτα

397 742 612 813 γέλωτα
640 740 733 795 καὶ
762 739 1040 810 φλήναφον
1068 740 1168 792 οὐκ
1193 736 1445 809 ὀνομάζει
1476 737 1731 801 Διϐάνιος
1751 751 1764 767 ·
1798 737 1976 791 καίτοι

399 835 495 889 καὶ
519 835 644 896 τοὺς
676 832 955 902 χρησμοὺς
976 831 1094 885 *καὶ
1119 832 1181 884 τὸ
1230 828 1541 901 μονόὸιόλον
1568 832 1597 883 ὁ
1639 828 1853 900 ’Δδρίας
1898 831 1979 893 είς

397 926 490 979 τὸν
529 925 879 996 Ἀλεξάνδρου
911 922 1022 994 βίον
1061 923 1173 994 (96)
1207 920 1517 993 ἐπέγραψεν
1542 960 1557 984 ,
1592 921 1975 991 ἐπιστάμενος,

398 1020 501 1073 οὐκ
524 1017 925 1085 ἐγκαλύπτεται
952 1015 1063 1088 (97)
1107 1014 1201 1069 καὶ
1238 1014 1401 1067 αὐτὸν
1430 1012 1677 1068 άποθεῶν
1704 1012 1797 1066 τὸν
1834 1014 1977 1084 Πορ-

400 1107 614 1179 φύριον.
646 1107 833 1170 ’Ἰλεως
857 1104 1001 1176 γὰρ,
1032 1106 1216 1177 φησιν,
1246 1106 1275 1157 ὁ
1298 1103 1494 1175 Τύριος
1520 1103 1634 1175 εἴη,
1667 1103 1976 1174 προκρίνων

400 1199 567 1253 αὐτοῦ
600 1197 667 1253 τὰ
712 1197 806 1252 τοῦ
842 1198 1104 1270 βασιλέως
1149 1197 1342 1271 βιϐλία.
1394 1196 1580 1252 Ταῦτα
1625 1197 1723 1269 μὲν
1763 1193 1857 1251 οὖν
1890 1196 1978 1251 διὰ

400 1290 497 1361 τὴν
514 1290 609 1343 τοῦ
637 1288 888 1354 σοφιστοῦ
921 1287 1207 1360 λοιδορίαν,
1236 1288 1295 1340 ὲν
1322 1287 1661 1357 παρεκδάσει
1682 1287 1974 1358 αὐτάρκως

399 1380 641 1452 eloquere
664 1397 676 1410 ·
714 1380 850 1444 ίδίας
870 1396 930 1433 τε
962 1376 1343 1449 πραγματείας
1371 1375 1601 1448 δεόμενα
1651 1376 1977 1449 παραλιπεῖν

396 1488 498 1542 ,μοι
522 1469 682 1525 δοκῶ.
705 1471 787 1525 Τὰ
813 1470 871 1524 δὲ
898 1469 1062 1524 λοιπὰ
1090 1468 1192 1538 τῆς
1224 1468 1469 1540 ίστορίας
1492 1467 1767 1539 ὲπιτεθείη
1795 1468 1944 1538 ἡμῖν.

984 1733 1238 1787 ΚΕΦΔΛ.
1277 1734 1405 1787 KA'.

407 1829 512 1911 Ὦς
549 1830 605 1884 οί
621 1828 1023 1911 ,πανςταζόθεν
1065 1826 1385 1911 ἐπίσκοποι
1418 1822 1980 1911 ,προσέδραμον-’Ἰο-
2013 1856 2053 1911 Β

472 1893 674 1965 ϐων-ᾧ.
700 1893 1041 1961 ἐλπίζοντες
1076 1896 1335 1965 ἕκαστος
1362 1895 1562 1950 αὐτῶν
1593 1897 1680 1960 είς
1707 1894 1823 1961 τὴν
1850 1893 1982 1947 ἐαυ-

472 1968 593 2024 τῶν·
613 1970 824 2023 πίστιν
850 1967 1066 2021 τοῦτον
1095 1964 1573 2021 ἐπισπάσασθαι.

472 2061 579 2117 Τοῦ
613 2062 670 2116 δὲ
700 2060 964 2132 βασιλέως
1006 2055 1265 2113 Ἰοὸιανοῦ
1302 2056 1411 2111 ἀπὸ
1433 2056 1533 2126 τῆς
1568 2054 1830 2124 Περσίδος
1853 2053 1982 2107 ἀνα-

402 2155 785 2224 χωρήσαντος,
818 2144 973 2211 αὖθις
1016 2147 1315 2201 άνεκινεῖτο
1363 2144 1431 2201 τά
1466 2146 1573 2199 τῶν
1624 2143 1978 2215 Ἑκκλησιῶν,

396 2246 461 2299 οἵ
490 2261 551 2297 τε
581 2240 921 2316 προεστῶτες
944 2238 1054 2293 τῶν
1084 2237 1420 2309 Ἐκκλησιῶν
1447 2235 1770 2308 προτρέχειν
1797 2235 1983 2289 ἐσπού-

400 2334 562 2398 δαζον
589 2372 606 2396 ,
657 2327 1062 2403 προσδοκῶντες
1108 2326 1339 2389 ἕκαστος
1404 2328 1472 2397 τῇ
1539 2322 1745 2377 ἑαυτῶν
1804 2323 1982 2377 πίστει

403 2421 805 2494 προσθήσεσθαι
854 2420 945 2473 τὸν
994 2416 1234 2489 βασιλέα.
1252 2416 1394 2469 Ὀδὲ
1442 2414 1503 2479 ἐξ
1548 2414 1723 2485 ἀρχῆς
1775 2413 1873 2485 μὲν
1915 2416 1981 2485 τῇ

400 2516 673 2587 ὁμοουσίῳ
702 2514 881 2569 πίστει
909 2512 1230 2583 προσέκειτο
1247 2525 1263 2540 ο
1288 2508 1446 2562 τοῦτο
1474 2508 1531 2561 δὲ
1554 2509 1718 2561 πᾶσιν
1747 2505 1984 2577 εἰρηκὼς

404 2609 715 2679 προέκρινε.
751 2608 860 2659 Καὶ
909 2603 1282 2677 άναρῤὠννυσι
1315 2602 1414 2673 μὲν
1446 2601 1534 2654 διὰ
1571 2599 1917 2670 γραμμάτων
1956 2608 1979 2637 ο

404 2702 496 2755 τὸν
525 2700 625 2769 τῆς
660 2696 1063 2767 Ἀλεξανδρείας
1095 2695 1393 2749 ἐπίσκοπον
1436 2692 1774 2756 Ἀθανάσιον,
1806 2690 1865 2753 ὃς
1893 2690 1986 2743 εὐ-

404 2791 523 2856 θὺς,
557 2790 695 2862 μετὰ
730 2790 829 2862 τὴν
864 2788 1119 2859 τελευτὴν
1162 2784 1452 2839 Ἰουλιανοῦ
1484 2823 1500 2846 ,
1528 2784 1626 2854 τῆς
1660 2783 1987 2853 Ἑκκλησίας

406 2880 517 2935 τῶν
558 2879 949 2949 Ἀλεξανδρέων
985 2875 1257 2947 ἐγκρατὴς
1304 2874 1552 2943 ἐγένετο·
1580 2874 1698 2925 τότε
1744 2872 1808 2944 δὴ
1840 2874 1985 2944 παρ-

403 2973 748 3043 ρησιαίτερος
781 2972 845 3024 ἐκ
890 2968 997 3023 τῶν
1032 2968 1379 3039 γραμμάτων
1408 2968 1698 3036 γενόμενος
1723 3006 1739 3027 ,
1772 2966 1864 3018 καὶ
1891 2964 1985 3018 τοῦ

403 3064 737 3133 πανταχόθεν
768 3062 920 3124 δέους
950 3059 1285 3131 ἀπήλλακτο.
1332 3058 1607 3112 Ἀνεκάλει
1654 3056 1711 3109 δὲ
1756 3058 1784 3109 ὁ
1831 3056 1987 3126 βασι-

403 3157 529 3220 λεὺς
575 3156 701 3219 τοὺς
756 3154 863 3208 ὑπὸ
895 3153 1273 3207 Κωνσταντίου
1311 3153 1408 3221 μὲν
1460 3149 1834 3220 ὲξορισθὲντας
1876 3151 1988 3202 ἐπι-

406 3250 675 3311 σκόπους,
718 3247 824 3300 ὑπὸ
869 3244 1154 3299 Ἰουλιανοῦ
1202 3244 1259 3297 δὲ
1308 3242 1672 3311 ἀνακληθῆναι
1727 3242 1800 3312 μὴ
1849 3239 1984 3310 φθά-

407 3336 961 3409 σαντας.Τηνικαῦτα
1005 3337 1070 3408 δὴ
1127 3336 1222 3389 καὶ
1272 3334 1340 3387 τά
1398 3333 1517 3405 ἱερὰ
1566 3333 1673 3389 τῶν
1716 3333 1984 3404 Ἑλλήνων

408 3433 585 3486 πάντα
640 3429 962 3484 άπεκλείετο
988 3443 1003 3457 ⁸
1058 3428 1213 3482 αὐτοὶ
1269 3428 1324 3481 δὲ
1370 3426 1544 3489 ἄλλως
1592 3425 1799 3495 ἀλλαχῆ
1854 3442 1985 3478 κατ-

408 3524 641 3578 εδύοντο.
670 3522 736 3575 Οῖ
760 3538 818 3575 τε
844 3520 1235 3591 τριϐωνοφόροι
1258 3520 1382 3582 τοὺς
1408 3518 1675 3588 τρίϐωνας
1704 3515 1985 3581 ἀπέθεντο,

404 3618 499 3670 καὶ
525 3618 603 3678 είς
624 3614 685 3667 τὸ
717 3613 893 3667 κοινὸν
925 3612 1106 3683 σχῆμα
1136 3610 1617 3682 μετημφιέννυντο.
1655 3610 1905 3663 Πέπαυτο
1931 3609 1988 3662 δὲ

406 3706 588 3769 αὐτοῖς
618 3704 713 3759 καὶ
754 3706 783 3758 ὁ
832 3703 898 3757 δι’
928 3702 1158 3772 αἵματος
1208 3700 1441 3772 δημοσίᾳ
1495 3699 1776 3771 γινόμενος
1824 3697 1987 3770 μολυ-

408 3797 540 3868 σμὸς
575 3796 685 3869 (98)
712 3835 728 3863 ,
781 3790 827 3865 ᾧ
876 3793 1195 3866 κατακόρως
1236 3794 1330 3848 ἐπὶ
1386 3792 1672 3847 Ἰουλιανοῦ
1718 3792 1987 3862 κατεχρή-

409 3906 588 3946 σαντο.

2082 658 2273 709 neum,
2301 660 2463 715 quem
2494 646 2549 699 in
2573 645 2789 701 deliciis
2828 646 3085 711 habebat,
3114 647 3258 702 inter
3285 648 3417 703 deos
3448 647 3652 701 retulit.

2083 734 2151 790 Et
2191 736 2297 792 ista
2322 737 2543 807 quidem
2570 736 2834 795 Libanius
2864 754 2974 794 non
3014 738 3151 795 dicit
3184 753 3308 795 esse
3341 739 3572 794 ridicula
3601 746 3655 794 et

2083 843 2267 885 meras
2334 844 2531 900 nugas,
2582 830 2800 886 tametsi
2850 832 3020 903 probe
3064 837 3255 887 nosset
3303 832 3550 896 oracula,
3605 837 3659 885 et

2087 918 2419 988 singularem
2469 919 2671 974 librum
2718 934 2882 991 quem
2928 919 3198 975 Arrianus
3244 920 3312 974 de
3354 919 3659 974 Alexandri

2082 1006 2193 1057 vita
2228 1006 2562 1075 composuit.
2629 1006 2705 1061 Ac
2741 1024 2919 1079 neque
2957 1007 3321 1081 Porphyrium
3347 1009 3523 1076 ipsum
3554 1010 3660 1064 diis

2081 1104 2374 1147 accensere
2403 1093 2705 1148 erubescit.
2750 1093 2841 1148 Sic
2876 1096 3020 1149 enim
3054 1096 3131 1149 ait
3159 1114 3173 1150 :
3206 1095 3484 1166 Propitius
3525 1095 3658 1150 mihi

2083 1177 2157 1230 sit
2198 1176 2416 1249 Tyrius,
2462 1178 2620 1249 cujus
2652 1181 2810 1238 libris
2842 1182 3011 1238 libros
3046 1184 3392 1254 imperatoris
3417 1193 3660 1255 ,ιιιιιορο-

2083 1261 2265 1316 nebat.
2296 1264 2472 1334 Atque.
2497 1266 2611 1321 haec
2631 1267 2702 1322 ob
2737 1269 3001 1340 sophista
3023 1271 3482 1339 maledicentiam,
3503 1274 3660 1341 quasi

2083 1366 2184 1422 per
2236 1368 2523 1411 excessum
2576 1372 2608 1410 a
2668 1360 2827 1415 nobis
2886 1361 3028 1415 dicta
3085 1360 3354 1415 sulliciant
3396 1378 3410 1414 :
3450 1364 3660 1433 reliqua

2086 1433 2215 1499 vero
2236 1460 2359 1515 quae
2377 1448 2712 1517 peculiarem
2738 1452 3120 1506 tractationem
3147 1452 3484 1519 desiderant,
3506 1457 3661 1508 ornit-

2085 1535 2245 1589 tcnda
2288 1552 2410 1592 esse
2457 1539 2610 1597 duxi.
2664 1540 2827 1597 Nunc
2869 1559 3058 1598 earum
3106 1561 3292 1601 rerum
3338 1564 3462 1618 qua:
3498 1549 3661 1606 nobis

2086 1625 2265 1682 adhuc
2300 1638 2536 1695 restant,
2569 1632 2941 1688 narrationem
2970 1636 3347 1706 subjiciamus.

2681 1723 2834 1779 CAP.
2876 1724 3044 1779 XXIV

2086 1807 2463 1889 Quomodaad
2499 1810 2787 1889 Iovianum
2813 1832 2994 1889 omnes
3028 1818 3261 1888 undique
3294 1822 3661 1889 conﬂuxerunt

2150 1881 2402 2004 :32?qu
2436 1895 2706 1951 sperantes
2740 1886 2938 1956 singuli
2962 1903 3017 1940 se
3039 1881 3191 1941 illum
3228 1890 3296 1942 ad
3329 1881 3480 1944 suam
3505 1892 3661 1961 ﬁdem

2315 1968 2341 2003 ο
2408 1970 2515 2004 νος.

2408 1970 2515 2009 νος.

2149 2039 2419 2098 Caeterum
2468 2054 2593 2115 post
2630 2044 2843 2101 Joviani
2874 2047 3109 2103 reditum
3151 2064 3217 2105 ex
3258 2048 3503 2116 Perside,
3556 2051 3660 2108 Ec-

2082 2132 2379 2188 clesiarum
2426 2145 2609 2192 motus
2656 2138 2910 2192 renovari
2956 2154 3195 2210 coepere.
3226 2140 3362 2196 Nam
3415 2146 3508 2213 qui
3556 2143 3661 2199 Ec-

2084 2225 2269 2280 clesiis
2308 2227 2702 2295 praesidebant,
2759 2230 2900 2285 alius
2942 2231 3110 2285 alium
3158 2243 3485 2303 praevertere
3537 2244 3656 2290 stu-

2083 2315 2340 2381 duerunt,
2382 2318 2513 2374 dum
2563 2322 2769 2392 singuli
2819 2322 3205 2394 imperatorem
3240 2328 3357 2382 suis
3407 2330 3658 2398 partibus

2085 2423 2439 2464 assensurum
2500 2421 2807 2482 sperarent.
2854 2415 2923 2469 At
2967 2414 3059 2471 ille
3098 2417 3167 2470 ab
3213 2418 3374 2474 initio
3418 2422 3660 2477 consub-

2086 2503 2362 2557 stantialis
2412 2504 2570 2560 ﬁdem
2614 2508 2900 2576 amplexus
2947 2507 3144 2574 fuerat,
3173 2526 3403 2583 eamque
3434 2530 3493 2569 se
3524 2531 3660 2586 pras-

2088 2593 2233 2649 ferre
2267 2595 2482 2650 cunctis
2523 2598 2700 2665 palam
2724 2599 2887 2671 206
2915 2600 3280 2657 denuntiavit.
3311 2604 3376 2658 Et
3415 2608 3661 2661 Athana-

2088 2686 2231 2742 sium
2248 2686 2467 2757 quidem
2488 2689 2708 2759 scriptis
2726 2694 2791 2745 ad
2810 2707 2933 2745 eum
2955 2693 3148 2750 litteris
3165 2696 3509 2752 conﬁrmavit
3529 2718 3543 2766 ;
3566 2701 3660 2770 qui

2088 2792 2213 2832 cum
2234 2779 2418 2833 statim
2455 2790 2580 2850 post
2612 2778 2814 2837 Juliani
2845 2783 3055 2838 obitum
3092 2785 3396 2843 Ecclesiam
3422 2791 3660 2845 Alexan-

2087 2869 2300 2924 drinam
2355 2879 2760 2941 recuperasset,
2809 2881 2942 2929 tunc
2971 2891 3038 2930 ex
3064 2875 3413 2947 imperatoris
3454 2881 3660 2938 litteris

2089 2962 2351 3031 majorem
2392 2962 2646 3017 ﬁduciam
2683 2965 2936 3036 adeptus,
2974 2969 3235 3039 omnique
3265 2980 3414 3030 metu
3457 2973 3660 3027 libera—

2089 3060 2180 3109 tus
2224 3063 2329 3109 est.
2373 3053 2633 3125 Reliquos
2690 3065 2875 3112 autem
2935 3061 3260 3131 episcopos,
3306 3065 3400 3134 qui
3456 3080 3485 3117 a
3520 3064 3663 3120 Con-

2090 3146 2299 3201 stantio
2346 3146 2568 3215 quidem
2605 3148 2855 3220 relegati,
2909 3166 2939 3204 a
2976 3149 3200 3207 Juliano
3242 3169 3372 3209 vero
3419 3157 3659 3211 nondum

2091 3238 2331 3292 restituti
2362 3238 2602 3303 l‘uerant,
2632 3240 2700 3294 ab
2725 3242 2921 3297 exsilio
2949 3246 3242 3300 revocavit.
3275 3246 3481 3302 Eodem
3523 3258 3661 3303 tem-

2092 3344 2224 3399 pore
2274 3341 2472 3386 cuncta
2526 3332 2827 3389 Gentilium
2886 3338 3087 3407 templa
3146 3338 3349 3409 ubique
3398 3342 3660 3397 occlude~

2093 3424 2339 3479 bantur:
2383 3425 2601 3496 ipsique
2650 3427 2959 3483 daemonum
3009 3431 3324 3486 sacerdotes
3375 3433 3543 3487 variis
3602 3436 3659 3489 in

2092 3513 2254 3579 locis,
2293 3515 2386 3569 ubi
2427 3516 2663 3588 quisque
2687 3526 2923 3588 poterat,
2958 3535 3079 3576 sese
3107 3521 3405 3578 abdebant.
3456 3523 3563 3579 Sed
3605 3536 3661 3582 et

2089 3606 2399 3679 philosOpbi
2432 3608 2657 3679 pallium
2692 3611 3060 3681 deponebant,
3090 3623 3144 3669 et
3178 3614 3456 3685 vulgarem
3506 3617 3662 3670 babi-

2090 3706 2205 3753 tum
2240 3699 2551 3755 sumebant.
2602 3700 2833 3760 Sublata
2870 3703 3000 3758 item
3032 3712 3120 3760 est
3161 3706 3379 3777 publica
3425 3708 3515 3761 illa
3564 3724 3664 3780 per

2088 3790 2439 3845 victimarum
2465 3792 2790 3863 sanguinem
2813 3796 3233 3861 contaminatio,
3262 3813 3427 3868 quam
3456 3796 3661 3855 Juliani

2092 3883 2433 3953 temporibus
2466 3882 2533 3937 ad
2556 3899 2818 3941 nauseam
2852 3902 3027 3958 usque
3064 3888 3498 3947 celebraverant.

1604 4058 1873 4115 VALESII
1914 4057 2467 4117 ANNOTATIONES.

478 4177 588 4248 (96)
617 4178 689 4233 Τὸ
732 4179 1091 4247 μονάσιϐλον
1112 4179 1146 4232 ό
1178 4177 1404 4246 Ἀδρίας
1426 4178 1515 4248 είς
1547 4175 1655 4230 τὸν
1699 4177 1985 4242 Ἀλεξάν-

407 4247 760 4317 δρουβίον.
804 4248 1082 4303 Musculus
1116 4250 1335 4317 quidem
1372 4257 1424 4300 et
1446 4247 1983 4316 Cbristophorsonus

421 4320 636 4391 Ἀδρίας
662 4334 861 4373 nomen
891 4320 1170 4391 prOpriutn
1234 4333 1356 4391 esse
1385 4319 1791 4391 esistimarunt.
1826 4319 1971 4391 Lan-

408 4382 675 4460 gus'vero
722 4391 775 4442 in
816 4382 1263 4460 adnotationibus
1292 4387 1359 4441 ad
1396 4388 1592 4460 librum
1628 4402 1663 4460 ιι
1689 4386 1979 4457 Nicepliori
2014 4382 2059 4436 D

406 4455 644 4523 Callisti,
673 4474 792 4527 cap.
825 4461 918 4522 56,
951 4474 1052 4529 pro
1109 4458 1325 4529 Ἀδρίας
1388 4455 1737 4512 scribendum
1794 4455 1983 4513 censet

419 4530 715 4601 ᾎδριανός.
744 4530 903 4584 Certe
952 4528 1054 4583 vox
1108 4528 1321 4598 Ἀδρίας
1355 4529 1577 4601 tolerari
1637 4543 1745 4581 non
1780 4537 1977 4598 potest.

407 4599 598 4670 Neque
634 4603 780 4657 enim
812 4602 959 4653 ullus
996 4614 1236 4667 unquam
1268 4612 1333 4653 eo
1360 4599 1699 4670 nomineest
1740 4601 1983 4668 appella-

413 4669 522 4724 tus;
552 4670 737 4740 Itaque
763 4670 1108 4740 Nicephorus
1141 4685 1239 4740 pro
1270 4683 1332 4724 ea
1360 4684 1493 4724 voce
1520 4669 1805 4740 substituit
1836 4670 1984 4722 Ἀλε-

410 4738 677 4811 ξανδρεῖς,
727 4738 1005 4811 pessime.
1044 4738 1307 4811 Intelligit
1360 4753 1527 4811 porro
1580 4738 1837 4811 Socrates
1870 4742 1985 4811 line

412 4808 762 4866 loco'librnr'n
783 4810 1034 4875 Luciani,
1070 4810 1164 4879 qui
1191 4808 1757 4880 vulgoi’Alééavopoq,
1786 4808 1818 4880 ἢ
1852 4809 1985 4878 ψευ-

410 4881 662 4952 δόμαντις
686 4882 1027 4935 inscribitur.
1051 4884 1171 4946 ρυο
1201 4880 1254 4952 in
1280 4880 1418 4952 libro
1434 4880 1711 4952 liucianus
1736 4879 1981 4952 fraudem

410 4948 797 5022 et'praastigias
830 4952 1122 5022 Alexandri
1146 4948 1867 5022 cujusdamPaphlagonis,
1884 4950 1980 5022 qui

411 5018 704 5076 oraculum
755 5021 954 5075 callide
1002 5021 1353 5076 machinatus
1423 5018 1635 5086 fuerat,
1680 5018 1979 5075 describit.

413 5090 594 5158 Quare
619 5107 718 5163 pro
746 5091 963 5163 Ἀδρίας
1007 5092 1095 5147 vel
1155 5089 1418 5164 Ἀνδρίας,
1464 5097 1527 5145 ιιι
1570 5091 1627 5145 in
1656 5088 1980 5145 Florentino

2088 4178 2281 4232 codice
2306 4178 2525 4247 legitur,
2553 4178 2912 4234 scribendum
2951 4190 3036 4237 est
3087 4183 3399 4247 Λουκιανός.
3430 4183 3545 4239 Nisi
3577 4186 3661 4241 di-

2085 4262 2276 4322 camus
2328 4246 2641 4322 scet-atem,
2674 4251 2935 4322 memoria
2994 4254 3244 4322 lapsum,
3281 4246 3480 4309 librum
3510 4256 3659 4311 bunc

2091 4318 2332 4391 Adriano
2364 4319 2702 4391 velArriano
2733 4320 2951 4374 cuidam
3000 4318 3346 4391 ascripsisse.

2158 4388 2270 4458 (97)
2306 4391 2427 4442 Οὐκ
2447 4388 2900 4457 ἐγκαλύπτεται.
2960 4393 3102 4447 Ante
3135 4388 3248 4447 [nec
3277 4396 3436 4449 verba
3460 4394 3661 4450 distin-

2088 4459 2329 4529 ctionem
2391 4459 2610 4529 ﬁnalem
2670 4462 2937 4529 apposui,
2986 4472 3210 4518 secutus
3266 4468 3656 4520 auctoritatem

2087 4526 2407 4599 Nicepltori.
2480 4527 2587 4583 Sed
2652 4526 2913 4599 praeterea
2981 4535 3330 4589 scribendum
3399 4546 3483 4590 est
3536 4537 3661 4589 οὐδὲ

2088 4544 2407 4650 ινιεεριιοτι.
2480 4544 2587 4583 bra
2652 4544 2913 4599 praterea
2981 4544 3330 4589 scribendum
3399 4546 3483 4590 est
3536 4544 3661 4589 οὐδὲ

2088 4599 2223 4665 ὲγκα
2262 4598 2510 4674 ύπτεται,
2536 4608 2642 4674 etc.
2675 4597 2767 4674 Sic
2797 4602 2948 4674 enim
2979 4606 3150 4674 malo,
3181 4620 3369 4674 quam,
3411 4616 3471 4659 ut
3499 4604 3662 4662 Nice-

2086 4674 2296 4737 pliorus
2326 4672 2509 4733 habet,
2541 4671 2569 4722 ὁ
2591 4669 2647 4722 δὲ
2670 4672 2770 4724 οὐκ
2791 4669 3211 4739 ὲγκαλύπτεταιξ

2159 4740 2289 4815 (98)-
2344 4740 2422 4815 ’φ-
2461 4740 2539 4793 δι⁹
2568 4741 2841 4815 ,αἵματος
2868 4740 3156 4815 Δδημοσίᾳ
3195 4745 3508 4814 γινόμενος
3548 4764 3657 4815 μο-

2084 4811 2342 4885 λυσμόςλ.
2379 4809 2711 4885 Taurobolia
2772 4820 2827 4866 et
2858 4809 3136 4885 CriObolia
3177 4809 3661 4885 intell'igere’vidc-

2087 4890 2195 4941 tur,
2219 4882 2421 4949 quibus
2438 4881 2715 4949 susceptis
2737 4883 2971 4952 gentiles
2989 4899 3047 4938 se
3068 4885 3121 4938 in
3144 4881 3407 4939 aeternum
3443 4888 3657 4941 renasci

2086 4953 2405 5025 credebant,
2430 4962 2491 5025 ut
2532 4953 2733 5025 dooent
2759 4952 3000 5025 antiqua:
3031 4955 3439 5025 inscriptiones.
3469 4958 3657 5009 llitum

2084 5022 2606 5095 omnemgluculente
2628 5020 2909 5079 describit
2940 5020 3279 5081 Prudentius
3311 5026 3366 5079 in
3400 5029 3659 5095 passione

2086 5089 2321 5146 Romani
2357 5093 2633 5163 martyris.

1848 5266 2237 5326 VARIORUM.

483 5392 513 5433 ιι
554 5392 875 5445 Ἀντίνοον.
907 5390 983 5447 De
1008 5391 1249 5446 Antinoo
1278 5389 1397 5445 vide
1424 5388 1630 5445 Euseb.
1660 5390 1826 5455 Hist,
1853 5389 1981 5451 Liv.

412 5477 533 5530 cap.
568 5461 782 5529 8;Just.
826 5460 896 5517 Μ.
936 5464 1085 5530 Apol.
1115 5463 1129 5514 I
1164 5478 1177 5526 ;
1227 5461 1516 5531 '[atianum
1568 5476 1690 5531 pag.
1748 5463 1838 5526 40,
1871 5462 1934 5516 41
1965 5478 1981 5528 ;

411 5534 677 5603 Athenag.
714 5533 897 5603 Legat.
920 5549 1045 5603 pag.
1073 5533 1167 5586 121
1198 5549 1213 5597 ;
1248 5530 1573 5601 Theopltil.,
1596 5531 1678 5603 Ad
1730 5533 1978 5601 Autolyc.

413 5549 677 5603 Atnenag.
714 5549 897 5601 Legat.
920 5549 1045 5656 ραις.
1073 5549 1167 5586 ηι
1198 5549 1213 5597 ;
1256 5549 1560 5601 ιιιοοριιιι..
1596 5549 1676 5583 aa
1730 5549 1978 5601 AIHOIyC.

413 5605 506 5658 lib.
536 5620 615 5667 ιιι,
642 5619 762 5673 pag.
798 5602 936 5669 122;
1011 5604 1196 5673 ertull.
1248 5604 1403 5669 Apol.
1441 5618 1563 5671 cap.
1602 5602 1707 5666 l3;
1757 5603 1978 5671 Origen.

411 5672 817 5752 i_n__Cel_s_.l.nt,
842 5690 896 5752 α.
931 5672 1369 5752 ρῦὂιιΡιιιιειιιιε.
1410 5673 1461 5725 in
1504 5675 1796 5752 Arcadias,
1854 5688 1978 5743 pag.

412 5746 550 5811 469;
590 5744 887 5813 Spartianf,
930 5744 983 5797 in
1021 5744 1281 5813 Adriano,
1305 5744 1551 5812 aliosque
1573 5744 1858 5811 plurimos.

485 5826 506 5853 ε
545 5812 645 5868 Διὰ
671 5814 1040 5883 γραμμάτων.
1087 5812 1211 5867 llazc
1255 5812 1471 5868 Joviani
1536 5815 1766 5883 epistola
1803 5820 1983 5868 exstat

414 5886 558 5957 apud
610 5888 902 5951 Atbanas.,
948 5885 1057 5941 vol.
1107 5884 1165 5949 ΙΙ,
1202 5900 1254 5955 p.
1286 5884 1407 5952 779,
1439 5899 1561 5955 qua!
1594 5899 1716 5940 cum
1757 5884 1979 5940 brevior

2089 5389 2182 5453 sit,
2215 5388 2304 5442 bic
2326 5394 2718 5459 repraesentare
2740 5403 2848 5443 non
2883 5388 3109 5459 pigebit,
3147 5396 3304 5459 Juxta
3350 5390 3656 5448 versionem

2085 5459 2167 5514 Cl.
2226 5457 2478 5530 nionach.
2538 5457 3014 5530 Benedictinortnn
3061 5479 3075 5515 :
3137 5457 3553 5530 Religiosissimo
3606 5471 3656 5516 et

2086 5530 2197 5583 Deo
2228 5529 2421 5584 dilecto
2460 5529 2775 5595 Athanasio,
2828 5528 3108 5586 Iovianus.
3156 5528 3288 5586 Cum
3344 5547 3658 5602 magnopere

2085 5602 2341 5654 miremur
2368 5602 2792 5654 honestissimam
2824 5602 2984 5655 vitam
3041 5612 3209 5663 tuam,
3254 5602 3659 5657 similitudinem

2084 5682 2231 5744 (nam
2253 5687 2371 5724 cum
2410 5669 2519 5724 Deo
2543 5671 2925 5744 universorum,
2959 5682 3205 5736 tuumque
3234 5690 3359 5744 erga
3386 5672 3657 5727 Christum

2083 5740 2411 5813 salvatorem
2442 5755 2680 5813 nostrum
2724 5743 2991 5813 a/fectum,
3040 5760 3157 5813 quia
3196 5740 3311 5797 tute'
3354 5753 3476 5798 sunt
3520 5760 3659 5812 pra:-

2086 5812 2249 5867 clara:
2275 5813 2526 5876 virtutes;
2560 5822 2606 5865 te
2629 5812 2934 5875 laudamus,
2964 5812 3372 5869 honoratissime
3403 5816 3660 5883 episcopo,

2082 5883 2221 5953 quod
2242 5882 2445 5938 nullum
2469 5882 2722 5953 laborem,
2769 5884 2971 5939 nullum
3005 5895 3395 5954 persecutorum
3428 5882 3658 5956 furorem
