4508 6588
422 476 529 531 453

1376 470 1701 527 HISTORIA
1739 467 2306 528 ECCLESIASTICA.
2361 502 2430 511 -—
2471 472 2596 525 LIB.
2634 473 2720 527 III.

3566 477 3673 531 454

418 593 513 645 καὶ
555 590 653 661 τὴν
686 591 743 643 ἰν
785 590 988 661 Nimia
1036 588 1220 642 πίστιν
1266 587 1616 657 κυρώσαντες
1638 625 1652 647 ,
1683 585 1761 656 τῷ
1792 583 2001 655 βασιλεῖ
2027 591 2074 647 Α
2103 585 2198 640 illu

1891 583 2001 637 ἰλετ
2027 591 2074 647 Α
2103 585 2256 640 illum
2293 587 2362 641 ab
2411 588 2742 657 imperatore
2792 590 2883 658 qui
2915 597 3029 643 tum
3061 590 3113 644 in
3150 607 3219 658 ea.
3253 592 3386 647 urbe
3426 596 3671 647 moraba-

420 681 895 752 προσκομίζουσιν.
927 682 1081 734 Ἐστι
1109 680 1167 734 δὲ
1198 680 1259 733 τὸ
1287 679 1488 750 βιϐλίον
1522 680 1580 731 ὲν
1606 678 1813 731 τοῖσδε’

2104 685 2213 743 tttr,
2246 693 2462 732 summo
2500 681 2556 733 in
2589 681 2764 750 pretio
2816 681 3004 736 haberi
3037 693 3346 739 cernerent.
3378 683 3667 739 Communi

422 789 554 844 ergo
604 775 841 831 consilio
878 774 1377 829 consubstantialis
1407 772 1715 828 doctrinam
1782 771 2039 842 amplexi,
2108 771 2383 828 Nicaeuam
2443 773 2603 829 ﬁdem
2647 776 3067 841 conlirmarunt,
3127 788 3175 832 et
3230 778 3467 833 libellum
3524 793 3554 831 a
3609 778 3668 833 se

422 867 783 934 compositum
812 866 1127 920 obtulerunt
1158 864 1473 935 imperatori
1508 864 1562 917 in
1606 862 1723 917 haec
1751 862 1954 916 verba:

427 958 510 1023 Τῷ
538 960 947 1024 εὐσεϐεστάτῳ
964 959 1061 1013 καί
1089 958 1524 1027 θεοφιλεστάτφ
1538 957 1807 1023 Δεσπότῃ
1836 956 2003 1024 ἡμῶν
2102 952 2207 1027 Pii:

1886 956 2003 1021 μῶν
2102 952 2589 1027 PiissimoDeoque
2622 955 2959 1020 charissima,
2998 954 3214 1011 domino
3246 968 3421 1013 nostro
3442 960 3666 1016 Joviano

503 1030 753 1094 Ἰοϐιανῷ
792 1029 1015 1097 Νικητῇ
1049 1030 1393 1097 Αὐγούστῳ,
1436 1029 1474 1095 ἡ
1510 1027 1628 1081 τῶν
1674 1028 1743 1079 ἐν
1788 1028 2001 1081 Ἀντιο-

489 1100 622 1169 χεζᾳ
648 1101 961 1164 παρόντων
990 1100 1337 1153 ἐπισκόπων
1377 1099 1446 1152 ἐκ
1486 1098 1785 1166 διαφόρων
1816 1098 1999 1165 estap-

494 1168 640 1238 χιῶν
666 1169 947 1235 σύνοδος.

492 1262 603 1332 Τὴν
630 1260 1083 1332 ὲκκλησιαστικὴν
1116 1260 1338 1333 εἰρήνην
1377 1278 1438 1315 τε
1467 1263 1561 1315 καὶ
1596 1263 1845 1333 ὁμόνοιαν
1870 1303 1884 1326 ,
1910 1262 1991 1315 ὃτι

420 1353 513 1406 σοῦ
545 1353 639 1409 καὶ
691 1352 878 1424 πρώτη
930 1353 1252 1425 πρεσϐεύειν
1284 1354 1614 1408 ἐσπούδασεν
1654 1357 1686 1426 ἡ
1715 1354 1987 1420 εὐσέϐεια,

416 1443 475 1499 εὖ
515 1446 672 1514 ίσμεν
709 1446 798 1498 καὶ
829 1446 1017 1509 αὐτοὶ,
1067 1444 1445 1514 θεοφιλέστατε
1496 1444 1739 1515 βασιλεῦ.
1766 1447 1889 1498 Ὀτι
1929 1445 1986 1497 δὲ

415 1539 708 1609 κεφάλαιον
736 1538 831 1608 τῆς
870 1525 1126 1607 τοιαῦτης
1168 1537 1452 1606 ένότητος,
1484 1538 1581 1605 τῆς
1621 1537 1851 1607 ἀληθοῦς
1892 1537 1986 1591 καὶ

413 1630 695 1701 ὁρθοδόξου
724 1628 956 1691 πίστεως
986 1628 1165 1691 καλῶς
1196 1627 1499 1699 ὑπείληφας
1526 1628 1615 1681 τὸν
1640 1629 1983 1699 χαρακτῆρα,

413 1721 533 1775 οὐδὲ
554 1719 714 1773 τοῦτο
739 1719 1057 1789 ἀγνοοῦμεν.
1086 1718 1207 1771 Ἵνα
1250 1719 1323 1788 μὴ
1356 1718 1537 1771 τοίνυν
1571 1719 1707 1788 μετά
1736 1718 1845 1770 τῶν
1880 1734 1985 1769 πα-

417 1812 870 1883 ραχαρασσόντων
898 1810 958 1861 τὸ
998 1809 1173 1879 δόγμα
1202 1810 1301 1879 τῆς
1329 1808 1583 1878 ἀληθείας
1607 1808 1865 1879 τετάχθαι
1896 1825 1983 1861 νο-

2180 1023 2380 1077 Viclori
2417 1026 2687 1094 Augusto,
2730 1028 2962 1095 synodus
3006 1029 3367 1095 episcoporum
3405 1048 3469 1084 ea:
3505 1037 3667 1088 variis

2165 1095 2449 1162 provinciis
2479 1108 2908 1165 congregatarum
2931 1099 3226 1152 Antiochia:

2168 1250 2324 1318 Quod
2382 1253 2807 1309 ecclesiasticam
2856 1268 3042 1323 pacem
3097 1265 3260 1324 atque
3310 1258 3661 1313 concordiam

2097 1352 2187 1398 tua
2218 1344 2453 1414 primum
2481 1346 2653 1415 pietas
2683 1346 2980 1416 praedicare
3003 1346 3302 1413 studuerit,
3334 1350 3494 1405 nobis
3523 1367 3664 1420 quo-

2092 1453 2197 1505 que
2237 1438 2614 1507 exploratum.
2652 1439 2900 1507 piissime
2949 1439 3265 1509 imperator.
3325 1440 3479 1507 Quod
3534 1459 3666 1497 vero

2090 1539 2255 1600 caput
2293 1530 2456 1598 hujus
2494 1530 2717 1586 unitatis
2756 1539 2904 1587 recte
2933 1532 3171 1587 senseris
3212 1548 3319 1587 non
3360 1534 3505 1589 aliud
3539 1551 3664 1591 esse

2089 1636 2252 1689 quam
2300 1620 2533 1676 formam
2572 1638 2716 1677 verae
2750 1630 2914 1693 atque
2945 1623 3260 1678 orthodoxae
3298 1624 3457 1689 ﬁdei,
3484 1642 3663 1697 neque

2087 1710 2222 1764 illud
2244 1711 2485 1780 ignotum
2514 1720 2597 1766 est
2624 1712 2803 1767 nobis.
2836 1713 3104 1778 Quocirca
3139 1730 3207 1769 ne
3243 1713 3381 1769 inter
3409 1715 3532 1771 illos
3564 1718 3660 1786 qui

2085 1802 2391 1855 doctrinam
2419 1803 2668 1859 veritatis
2706 1804 3034 1871 adulterant,
3056 1820 3177 1861 esse
3206 1806 3504 1871 videamur,
3537 1809 3661 1862 reli-

415 1900 720 1972 μιζώμεθα,
744 1898 1088 1969 ἀναφέρομεν
1110 1901 1175 1970 τῇ
1206 1901 1271 1969 σῇ
1296 1898 1566 1969 εὐλαϐείᾳ,
1595 1900 1675 1952 ὅτι
1703 1900 1799 1969 τῆς
1820 1900 1982 1967 ἁγίας
2011 1965 2047 1972 _
2084 1894 2195 1961 giut

1874 1900 1982 1967 τίας
2011 1965 2047 1972 _
2084 1892 2229 1961 gioni
2258 1901 2362 1947 tuae
2395 1909 2756 1964 suggertmus,
2786 1909 2884 1949 nos
2908 1906 3277 1951 sacrosanctae
3305 1897 3498 1967 synodj
3526 1898 3654 1952 olim

416 1965 631 2046 συνόόω
658 1993 754 2061 τῆς
787 1994 843 2044 ἐν
864 1965 1073 2063 -Νικαίᾳ
1100 1965 1270 2043 πάλαι
1297 1965 1557 2061 πρότερον
1593 1965 1981 2062 συγκροτηθεί-
2010 1965 2053 2021 Β
2082 1998 2196 2053 apu'

1878 1990 1981 2043 θεί-
2010 1965 2053 2021 Β
2082 1985 2221 2053 apud
2269 1983 2503 2039 Nicaeam
2551 1995 2895 2056 congregata:
2927 2026 2942 2051 ,
2993 1988 3149 2039 tidem
3192 1996 3243 2041 et
3288 1989 3564 2057 suscipere
3604 1998 3658 2043 et

416 2102 512 2155 σης
561 2085 659 2155 τὴν
695 2084 873 2137 πίστιν
917 2083 1011 2136 καὶ
1065 2082 1438 2152 ἀποδεχόμεθα
1464 2124 1477 2146 ,
1514 2083 1604 2135 καὶ
1657 2083 1976 2153 κατέχομεν.

424 2177 613 2230 Ὁπότε
653 2176 746 2229 καὶ⁴
778 2176 837 2229 τὸ
869 2174 1057 2229 δοκοῦν
1085 2177 1143 2228 ὲν
1171 2175 1307 2246 αὐτῇ
1343 2175 1489 2238 ξένον
1512 2176 1651 2229 τισὶν
1689 2176 1858 2247 ὄνομα
1878 2176 1974 2246 (5),

410 2270 471 2322 τὸ
499 2268 591 2323 τοῦ
631 2269 913 2340 ὁμοουσίου
966 2268 1143 2339 φαμὲν
1170 2309 1184 2332 ,
1233 2268 1503 2337 ἀσφαλοῦς
1534 2269 1795 2340 τετύχηκε
1830 2270 1980 2341 παρά

409 2365 520 2425 τοῖς
558 2362 828 2431 πατράσιν
883 2361 1207 2434 ἑρμηνείας,
1242 2360 1610 2431 σημαινούσης
1654 2361 1734 2413 ὅτι
1773 2362 1836 2413 ἐκ
1881 2364 1979 2432 τῆς

411 2455 598 2517 οὐσίας
622 2454 716 2507 τοῦ
743 2454 955 2525 Πατρὸς
988 2454 1017 2505 ό
1038 2452 1163 2515 Υἱὸς
1210 2452 1473 2523 ⁴ἐγεννήθη
1498 2493 1512 2514 ,
1547 2454 1639 2506 καὶ
1684 2454 1764 2505 ὅτι
1798 2454 1979 2522 ὅμοιος

411 2550 531 2602 κατ’
554 2548 740 2601 οὐσίαν
766 2546 842 2617 τῷ
871 2546 1063 2619 Πατρί.
1097 2544 1233 2600 Οὔτε
1259 2546 1313 2598 δὲ
1348 2545 1423 2608 ὡς
1456 2544 1658 2608 πάθους
1685 2546 1825 2609 τινὸς
1853 2546 1979 2615 περ)⁵

409 2638 505 2708 τὴν
527 2637 761 2709 ἄρρητον
786 2636 1037 2707 γέννησιν
1069 2634 1454 2704 ὶπινοουμένου
1480 2672 1497 2698 ,
1529 2633 1652 2687 οὗτε
1685 2635 1827 2689 κατά
1856 2652 1979 2689 τινα

410 2732 605 2798 χρῆσιν
632 2725 945 2797 Ἑλληνικὴν
968 2725 1300 2796 λαμϐάνεται
1324 2729 1435 2788 τοῖς
1459 2727 1701 2796 Πατράσι
1720 2727 1781 2779 τὸ
1811 2727 1979 2798 ὄνομα

409 2819 508 2888 τῆς
536 2818 722 2880 οὐσίας
746 2834 758 2847 ⁸
786 2819 865 2880 είς
894 2817 1205 2887 ἀνατροπὴν
1233 2816 1287 2870 δὲ
1313 2817 1404 2869 τοῦ
1433 2815 1491 2881 ἐξ
1511 2817 1611 2870 οὐκ
1633 2817 1821 2881 ὄντων,
1852 2819 1979 2890 περὶ

410 2910 503 2965 τοῦ
533 2909 769 2981 Χριστοῦ
802 2908 1013 2972 ἀσεϐῶς
1043 2908 1401 2980 τολμηθέντος
1431 2909 1582 2980 παρά
1611 2910 1703 2963 τοῦ
1744 2910 1974 2981 Ἀρείου,

408 3002 543 3072 ὅπερ
575 3003 667 3053 καὶ
698 3002 747 3053 οἱ
778 2999 871 3053 νῦν
901 3001 1345 3069 ὲπιφοιτήσαντες
1376 2999 1634 3068 ἀνόμοιοι,
1663 2997 1745 3051 ἔτι
1777 2997 1978 3069 θρασύ-

404 3110 560 3163 τερον
595 3093 686 3145 καὶ
719 3091 1114 3162 τολμηρότερον
1143 3090 1234 3143 ἐπὶ
1282 3089 1427 3160 λύμῃ
1463 3090 1561 3157 τῆς
1594 3089 1977 3161 ἐκκλησιαστι-

404 3188 507 3254 κῆς
546 3184 791 3253 ὁμονοίας
819 3182 1187 3252 ἀναισχύντως
1226 3181 1709 3253 παρρησιάζονται.
1737 3182 1826 3235 Διδ
1856 3200 1975 3235 συν-

2079 2086 2396 2131 constantcr
2420 2079 2673 2133 retinere.
2723 2080 2777 2131 Si
2806 2079 3022 2147 quidem
3058 2080 3384 2135 vocabulum
3416 2084 3657 2138 consub-

2080 2169 2353 2222 stantialis
2404 2209 2419 2234 ,
2468 2170 2615 2238 quod
2668 2184 2864 2223 novum
2922 2170 3249 2239 quibusdam
3308 2180 3364 2225 et
3414 2172 3656 2230 insolens

2081 2260 2253 2314 visum
2304 2267 2421 2323 est,
2475 2269 2633 2315 cauta
2686 2262 3132 2330 interpretatione
3184 2277 3214 2315 a
3278 2263 3529 2320 Palribus
3572 2274 3658 2319 est

2078 2354 2467 2421 explanatum;
2501 2353 2575 2406 ita
2604 2361 2662 2406 ut
2689 2353 2958 2424 signiticet
2991 2353 3184 2409 Filium
3219 2371 3285 2409 ex
3318 2354 3494 2411 Patris
3521 2359 3653 2412 sub-

2079 2443 2278 2497 stantia
2309 2444 2549 2513 genitum
2579 2459 2731 2509 esse,
2766 2452 2820 2497 et
2845 2445 3079 2500 similem
3116 2461 3239 2501 esse
3270 2445 3420 2500 Patri
3451 2463 3649 2503 secun-

2078 2535 2205 2589 dum
2247 2536 2633 2591 substantiam.
2672 2534 2858 2607 Neque
2885 2551 3015 2591 vero
3046 2537 3202 2605 quasi
3244 2539 3430 2606 passio
3470 2539 3649 2608 aliqua

2081 2630 2133 2682 in
2169 2629 2519 2698 generatione
2572 2630 2663 2682 illa
2719 2629 3084 2699 inexplicabili
3143 2630 3513 2700 intelligatur,
3558 2640 3651 2685 aut

2075 2721 2230 2791 juxta
2277 2719 2449 2776 Graeci
2501 2722 2770 2777 sermonis
2811 2737 2970 2776 usuin
3005 2766 3019 2789 ,
3078 2724 3399 2778 substantiae
3453 2740 3650 2780 nomen

2081 2813 2390 2882 accipitur:
2436 2812 2532 2868 sed
2578 2813 2644 2865 ad
2682 2814 3096 2869 subversioncm
3140 2816 3261 2884 ejus
3291 2816 3434 2885 quod
3483 2818 3649 2873 Arius

2078 2906 2145 2960 de
2178 2905 2395 2960 Christo
2433 2920 2599 2960 ausus
2628 2915 2708 2960 est
2740 2906 2958 2971 dicere,
2999 2906 3149 2960 illum
3193 2908 3401 2962 scilicet
3441 2924 3506 2963 ex
3540 2925 3649 2963 non

2077 2999 2422 3054 exstantibus
2443 3006 2624 3051 ortum
2666 2996 2823 3053 esse’:
2861 2999 3012 3069 quod
3050 3000 3265 3070 quidem
3304 3004 3465 3056 etiam
3502 3004 3651 3056 Ano-

2077 3090 2204 3143 ιιιωί
2231 3090 2319 3143 isti
2345 3090 2436 3158 qui
2461 3106 2635 3160 nuper
2655 3091 2830 3144 exorti
2850 3099 3000 3156 sunt,
3026 3092 3185 3162 longe
3207 3093 3468 3149 audacius
3486 3102 3649 3163 atque

2077 3180 2447 3250 impudentius
2492 3182 2556 3234 ad
2598 3181 2958 3236 dirimendam
3004 3180 3259 3238 Ecclesize
3296 3186 3646 3239 concordiam

404 3275 672 3345 ετάξαμεν
700 3275 824 3345 τῇδε
852 3276 883 3343 ἡ
894 3272 1007 3342 μῶν
1045 3275 1112 3343 τῇ
1145 3272 1393 3344 ἀναφορᾷ
1421 3272 1514 3326 καὶ
1551 3273 1613 3325 τὸ
1644 3273 1973 3343 ἀντίγραφον
2000 3298 2042 3354 c
2077 3288 2184 3326 assc

1864 3289 2042 3354 ιφονο
2077 3281 2412 3327 asseverant.
2465 3273 2828 3338 Quamobrem
2884 3273 3011 3327 huic
3058 3282 3257 3329 nostra:
3306 3278 3644 3346 suggestioni

403 3366 503 3434 τῆς
531 3365 765 3427 πίστεως
790 3364 889 3432 τῆς
917 3366 973 3416 ἐν
994 3365 1198 3435 Νικαίᾳ
1224 3364 1329 3417 ὐπὸ
1358 3364 1467 3417 τῶν
1495 3364 1969 3435 συγκροτηθέντων

405 3456 715 3509 ἐπισκόπων
745 3455 1057 3525 ἐκτεθείσης
1080 3497 1093 3521 ,
1124 3456 1190 3526 ῆν
1224 3473 1343 3508 τινα
1381 3456 1474 3508 καὶ
1500 3455 1821 3525 ἀγαπῶμεν,
1848 3455 1970 3525 ἥτις

404 3547 582 3600 ἐστίν·
630 3547 965 3617 Πιστεύομεν
997 3549 1076 3609 εἰς
1109 3548 1204 3599 ἕνα
1242 3547 1373 3599 Θεὸν
1408 3546 1627 3618 Πατέρα
1663 3546 1970 3616 παντοκρά-

402 3656 555 3709 τορα,
587 3640 681 3692 καὶ
705 3638 772 3691 τὰ
793 3637 955 3691 λοιπά
979 3638 1072 3691 τοῦ
1098 3637 1416 3709 μαθήματος
1446 3638 1656 3707 πλήρης
1682 3637 1781 3707 (4).
1805 3637 1967 3691 Μελί-

402 3745 514 3791 τιος
567 3728 862 3791 ἐπίσκοπος
912 3728 1237 3798 Ἀντιοχείας
1261 3770 1275 3793 ,
1324 3728 1500 3782 ἔδωκα
1545 3728 1806 3782 συναινῶν
1856 3731 1968 3791 τοῖς

402 3820 931 3891 προγεγραμμένοις.
995 3820 1249 3883 Εὐσέϐιος
1291 3821 1647 3891 Σαμοσάτων,
1701 3821 1967 3893 Εὐάγριος

403 3911 636 3965 Σικελῶν
661 3912 736 3980 (5)
757 3952 772 3973 ,
799 3911 1061 3981 Οὐράνιος
1104 3912 1405 3981 Ἀπαμείας
1428 3951 1443 3975 ,
1468 3910 1664 3973 libi/.0;
1693 3911 1963 3980 Λαρίσων,

415 4005 665 4067 Ἀκάκιος
692 4003 1055 4074 Καισαρείας,
1100 4003 1451 4072 Ἀντίπατρος
1494 4003 1733 4068 Ῥώσου,
1773 4001 1967 4073 Ἀϐρά-

404 4114 523 4166 μιος
552 4097 839 4169 Οὐρίμων,
882 4095 1245 4167 Ἀριστόνικος
1289 4095 1679 4166 Σελευκοϐήλου
1702 4134 1715 4159 ,
1759 4094 1967 4164 Βαρλα-

402 4190 560 4257 μένος
608 4189 897 4257 Περγάμου
941 4188 1038 4258 (6),
1093 4187 1352 4259 Οὐράνιος
1390 4187 1718 4256 Μελιτινῆς,
1744 4188 1965 4255 Μάγνος

398 4279 772 4349 Χαλκηδόνος,
827 4278 1085 4349 Εὐτύχιος
1147 4278 1636 4350 Ἐλευθεροπόλεως
1665 4318 1681 4341 ,
1744 4278 1962 4331 Ἰσακό-

399 4386 483 4434 κις
512 4369 587 4441 (7)
635 4369 922 4441 Ἀρμενίας
955 4367 1227 4439 μεγάλης,
1259 4369 1414 4433 Τῖτος
1446 4367 1717 4439 Βόστρων,
1759 4368 1962 4439 Πέτρος

2076 3364 2426 3433 adiunximus
2454 3365 2762 3434 exemplum
2797 3364 2917 3419 lidei
2950 3366 3079 3419 olim
3115 3366 3184 3419 ab
3204 3367 3480 3437 episcopis
3502 3368 3643 3437 apud

2074 3455 2309 3510 Nicaeam
2372 3456 2715 3525 congregatis
2763 3458 3058 3527 expositae,
3118 3473 3281 3527 quam
3328 3473 3429 3513 nos
3481 3460 3641 3513 etiam

2074 3547 2477 3614 amplectimur.
2523 3546 2616 3600 Est
2650 3555 2833 3601 autem
2885 3549 3222 3618 hujusmodi.
3255 3550 3546 3607 Credimus
3590 3554 3642 3605 iu

2078 3653 2243 3690 uuqu
2272 3637 2438 3692 Deum
2474 3637 2687 3692 Patrem
2716 3640 3143 3708 omnipotentem
3167 3659 3180 3707 ;
3206 3651 3260 3695 et
3285 3643 3493 3713 reliqua
3524 3660 3644 3713 quae

2074 3738 2381 3799 sequuntur
2430 3730 2482 3783 in
2522 3728 2802 3801 Symbolo.
2856 3731 3091 3788 Melitius
3141 3734 3304 3803 208
3344 3736 3644 3791 Antiochia:

2071 3822 2358 3890 episcopus
2387 3822 2592 3885 obtuli,
2633 3825 2982 3879 consentiens
3028 3827 3436 3895 suprascriptis.
3468 3826 3641 3882 Euse-

2071 3913 2193 3968 bius
2240 3913 2663 3970 Samosatensis.
2716 3916 2981 3987 Evagrius
3027 3916 3353 3975 Sicelorum.
3399 3917 3639 3975 Uranius

2064 4006 2335 4075 Apamere.
2384 4005 2570 4063 Zoilus
2604 4007 2857 4064 Larissae.
2898 4010 3133 4066 Aeacius
3165 4010 3446 4067 Caesareae.
3491 4012 3641 4066 Anti-

2067 4104 2218 4162 pater
2248 4092 2443 4149 Rliosi.
2480 4096 2772 4152 Abramius
2802 4098 3139 4153 Urimorum.
3174 4099 3517 4155 Aristonicus
3548 4100 3640 4157 Se-

2066 4182 2253 4236 leucize
2293 4184 2358 4237 ad
2419 4184 2623 4239 Belum.
2673 4186 3025 4242 Barlamenus
3080 4188 3343 4260 Pergami.
3396 4188 3635 4249 Uranius

2068 4272 2338 4329 Melitinaa.
2376 4274 2600 4347 Magnus
2639 4278 3013 4338 Chalcedonis.
3047 4280 3347 4353 Eutychius
3378 4281 3635 4340 Eleuthe-

2064 4367 2289 4435 ropolis.
2340 4366 2589 4426 lsacoccs
2622 4366 2893 4426 Armenia:
2922 4372 3168 4443 majoris.
3213 4372 3369 4430 Titus
3401 4374 3629 4433 Bostrae.

1590 4540 1856 4599 VALESII
1899 4544 2450 4602 ANNOTATIONES.

473 4640 541 4710 (5)
588 4640 924 4713 Td__6oxoﬁr
952 4639 1035 4713 ἐν·
1072 4637 1227 4713 αὐτῇ
1523 4638 1685 4713 τιοῂὶκ
1712 4640 1941 4713 Δόνομα.
2000 4640 2251 4713 Dlegunt

1850 4656 1941 4713 ita,
2000 4644 2042 4699 D
2068 4640 2319 4713 leguntur
2338 4642 2503 4713 .i‘rcic
2527 4641 2689 4695 ἐστίν.
2722 4640 3067 4713 Νἱορνιιοτιιε
3090 4659 3219 4699 vero
3240 4660 3337 4713 pro
3366 4644 3467 4699 hac
3494 4661 3630 4703 voce

400 4712 596 4765 Vocem
646 4710 794 4774 ξένον
836 4726 899 4765 ex
952 4709 1257 4779 Niceplioro
1292 4710 1517 4763 Callisto
1564 4710 1771 4763 addidit
1808 4711 1966 4764 Chri-

396 4782 815 4851 stopltorsonus.
851 4779 983 4833 Nam
1018 4778 1095 4833 in,
1122 4778 1310 4851 codice
1354 4779 1523 4849 Regio
1559 4796 1669 4849 quo
1710 4796 1843 4834 usus
1881 4790 1967 4835 est

398 4848 670 4907 Robertus
702 4851 1035 4918 Stephanus,
1064 4857 1117 4903 et
1149 4850 1201 4905 in
1240 4848 1560 4903 Florentino
1581 4848 1655 4903 ac
1689 4851 1965 4904 Sfortiano

396 4924 511 4977 haec
542 4937 646 4975 vox
672 4920 879 4975 deerat.
908 4920 1014 4974 Sed
1034 4935 1207 4988 neque
1233 4920 1573 4988 Epiphanius
1596 4920 1964 4977 Scliolasticus

396 4993 448 5045 in
484 5008 584 5046 suo
616 4991 809 5044 codice
839 5005 957 5044 eam
994 5003 1180 5060 vocem
1207 4991 1410 5059 legerat
1437 5030 1451 5052 ,
1490 5000 1547 5043 ut
1584 5006 1649 5044 ex
1691 4991 1965 5060 interpre-

396 5063 597 5115 tatione
620 5060 741 5129 ejus
767 5068 1009 5128 apparet.
1046 5059 1137 5114 Sic
1161 5061 1303 5114 enim
1324 5063 1486 5114 vertit
1520 5060 1771 5126 :Quando
1800 5059 1963 5114 etiam

394 5132 968 5186 consubstantiatitatis
990 5146 1198 5192 nomen,
1221 5132 1358 5198 quod
1384 5132 1542 5183 aliter
1570 5145 1623 5184 se
1643 5130 1963 5199 quibusdam

396 5202 580 5255 habere
613 5201 853 5260 videtur,
893 5199 1120 5268 dicimus
1157 5210 1367 5253 cautam
1408 5202 1891 5268 interpretationem
1932 5220 1965 5256 a

395 5271 649 5325 Patribus
694 5271 975 5339 excepisse.
1026 5267 1254 5324 Videtur
1293 5272 1455 5325 etiam
1499 5267 1832 5339 Epiphanius
1875 5288 1963 5326 se-

393 5344 615 5411 quentia
667 5340 1067 5411 aliterilegisse
1113 5356 1176 5394 ac
1218 5341 1581 5402 distinxisse,
1630 5341 1733 5394 hoc
1766 5342 1961 5406 modo,

394 5412 573 5480 φαμὲν
627 5410 897 5480 ἀσφαλοῦς
936 5412 1291 5481 τετυχηκέναι
1344 5411 1494 5483 παρά
1517 5414 1630 5473 τοῖς
1684 5412 1963 5482 Πατράσιν

392 5483 701 5546 ἑρμηνείας.

424 5500 701 5621 ρῗιῧνὲῗιῗ.
721 5554 795 5605 τὰ
834 5550 1017 5605 λοιπὰ
1042 5549 1150 5603 τοῦ
1170 5550 1517 5620 μαθήματος
1553 5552 1809 5618 πλήρης.
1842 5550 1961 5606 Jam

393 5638 560 5690 supra
598 5624 650 5676 in
683 5622 1127 5676 annotationibus
1158 5622 1221 5674 ad
1257 5622 1456 5675 librum
1492 5624 1724 5689 primunt
1768 5624 1961 5676 obser-

390 5694 513 5763 vavi
536 5733 567 5763 ,ί
592 5707 780 5747 vocem
817 5693 1046 5763 μάθημα
1077 5708 1105 5744 a
1135 5690 1339 5763 Grmcis
1372 5692 1773 5763 usurpari_pro
1812 5708 1962 5762 synt-

392 5762 518 5815 bolo
546 5762 691 5824 ﬁdei.
714 5760 858 5824 quod
884 5760 1198 5816 memoriter
1220 5760 1427 5814 addisci
1456 5766 1612 5817 solet.
1636 5760 1752 5816 Vox
1781 5760 1960 5817 autem

394 5832 607 5903 πλήρης
638 5831 851 5890 nullum
887 5833 976 5886 hic
1017 5831 1197 5885 locum
1236 5831 1422 5903 habet.
1457 5831 1649 5887 Melius
1684 5848 1804 5888 meo
1836 5833 1962 5901 qui-

393 5903 514 5959 dem
541 5902 749 5975 judicio
775 5910 1067 5975 poneretur
1098 5910 1217 5973 post
1255 5902 1416 5957 verba
1453 5918 1573 5973 quae
1603 5904 1766 5974 paulo
1794 5919 1959 5975 supra

2068 4710 2483 4787 i§t_a_Sttbstittiit
2518 4728 2528 4764 :
2560 4713 2651 4787 καὶ
2681 4712 2745 4765 τὰ
2780 4710 2941 4787 λοιπά
2971 4710 3420 4787 τοῦ-’μαθήματος
3453 4717 3630 4787 ἀπαρ-

2065 4779 2344 4853 αλλάκτως
2388 4781 2485 4853 ὼς,
2521 4782 2699 4851 χρέων
2743 4784 3025 4853 εἰρημένα.
3064 4779 3142 4838 Ex
3177 4779 3375 4853 quibus
3405 4779 3629 4853 apparet

2064 4851 2426 4923 Nicephorum
2476 4851 2901 4923 legissemﬁpq.
2950 4853 3001 4907 Id
3038 4863 3151 4916 est,
3190 4851 3336 4923 plene
3363 4851 3523 4910 usoue
3557 4858 3626 4910 ad

2064 4922 2219 4991 ﬁnem
2240 4960 2254 4982 ,
2287 4920 2433 4991 nullo
2468 4920 2617 4974 verbo
2646 4920 2973 4987 dempto'aut
3001 4920 3296 4978 immutata.

2136 4990 2524 5071 (52‘E0‘dfpwq
2566 4992 2847 5071 Σικελός..
2878 4992 2934 5046 1η
2965 4996 3157 5071 codice
3184 4994 3469 5071 _S_for_ti_ano
3496 4996 3627 5065 legi-
3660 5023 3665 5028 -

2065 5070 2154 5115 tur
2196 5061 2467 5133 Σικελῶν,
2510 5061 2652 5133 quod
2708 5064 2882 5133 magis
2926 5065 3124 5131 placet.
3184 5065 3275 5119 Est
3324 5066 3374 5118 id
3426 5061 3621 5120 ιιοιιιὶειι

2065 5133 2218 5206 urbis
2261 5132 2547 5206 cujusdam
2581 5132 2645 5206 _in
2694 5132 2914 5206 Oriente
2956 5136 3175 5203 positae,
3229 5136 3295 5190 de
3332 5151 3437 5206 qua
3490 5137 3623 5190 nihil

2066 5200 2244 5275 adhuc
2265 5200 2538 5275 comperi.
2578 5200 2723 5275 Inter
2761 5200 3043 5273 episcopos
3089 5208 3258 5274 partis
3285 5200 3496 5267 Acacii,
3526 5207 3622 5275 qui

2067 5271 2415 5343 Seleuciensi'
2447 5272 2658 5341 synodo
2706 5271 3174 5343 subscripserunt,
3212 5276 3449 5331 refertur
3485 5271 3624 5331 Eva-

2064 5343 2215 5412 grius
2245 5342 2526 5412 Mitylenes
2561 5343 2853 5411 provincias
2879 5341 3201 5401 insularum.

2135 5414 2211 5481 (6)
2270 5412 2655 5484 Βαρλαμένος
2718 5414 3045 5484 Περγάμου.
3115 5414 3320 5470 Nomen
3369 5416 3470 5470 hoc
3520 5433 3622 5472 nec

2064 5480 2309 5557 Griecum
2344 5493 2471 5557 est,_
2496 5498 2595 5557 nec
2637 5480 2919 5538 Latinum.
2947 5485 3003 5539 In
3048 5484 3289 5541 IIistoria
3323 5487 3620 5557 'I‘ripartita

2065 5554 2326 5605 scribitur
2352 5552 2746 5608 Barbabentus.

2134 5623 2210 5692 (7)
2252 5624 2573 5693 Ἰσακόκις.
2625 5620 2958 5693 Epiphanius
2987 5624 3358 5683 Scliolasticus
3389 5624 3618 5680 lsacium

2064 5694 2250 5764 vertit.
2298 5692 2441 5764 Idem
2468 5693 2697 5764 (videtur
2734 5711 2856 5749 esse
2897 5696 2990 5764 qui
3040 5696 3298 5764 Ἰωσάκης
3326 5696 3529 5751 dicitur
3564 5700 3617 5749 in

2062 5763 2291 5838 epistola
2340 5762 2408 5838 6_9
2466 5763 2698 5838 Basilii,
2729 5780 2870 5838 ante
2916 5762 3004 5821 est
3068 5762 3339 5838 Synodica
3400 5768 3617 5822 concilii

2061 5833 2385 5887 Antiocheni
2426 5833 2533 5887 sub
2567 5833 2800 5889 Meletio.
2838 5833 3170 5895 Reccnsetur
3196 5847 3375 5893 autem
3408 5838 3619 5894 medius

2064 5904 2203 5960 inter
2231 5904 2491 5960 Cosroem
2518 5911 2572 5959 ct
2604 5904 2849 5962 Narscm.
