4508 6588
810 451 916 507 $55

2286 437 2629 497 SOCRATIS

3976 437 4083 492 656

811 571 1008 627 Petrus
1065 568 1373 640 Sipporum.
1419 565 1676 639 Pelagius
1735 563 2034 621 Laodiceae.
2081 559 2400 615 Arabianus
2427 565 2473 621 Α
2503 559 2591 612 Σίν

2302 573 2400 613 nus
2427 565 2473 621 Α
2503 559 2726 612 Σίππων
2757 557 2836 628 (8)
2860 598 2877 624 ,
2901 545 3175 618 Πελάγιος
3207 548 3518 626 Λαοδικείας
3537 595 3552 620 ,
3606 553 3918 626 Ἀραϐιανδς
3952 557 4082 611 ’Av-

809 663 987 719 Antri.
1037 661 1164 717 Piso
1195 660 1512 716 Adanorum
1559 674 1658 730 per
1703 655 2122 726 Lamydrionem
2171 651 2395 722 presby-

809 763 1010 810 termn.
1039 753 1374 808 Sabinianus
1420 750 1757 822 Zeugmatis.
1799 747 2132 802 Athanasius
2166 746 2397 816 Ancyra:

811 861 909 916 per
941 843 1174 898 Orfitum
1223 851 1277 897 et
1321 842 1538 897 Aetiutn
1577 841 1942 910 presbyteros.
1985 837 2165 891 Irenio
2214 833 2392 890 Gazae.

810 935 940 990 Piso
989 937 1275 1004 Augusta}.
1334 931 1614 987 Patricius
1667 930 1808 984 Palti
1864 944 1961 1000 per
2012 927 2394 998 Lamyrionem

809 1024 1218 1095 presbyterum.
1269 1020 1565 1075 Anatolius
1615 1017 1840 1073 Beroeaa.
1885 1014 2203 1071 Theotimus
2257 1013 2396 1067 Ara-

812 1116 963 1169 bum.
999 1114 1277 1168 Lucianus
1307 1113 1580 1165 Arcentis.
1624 1109 1780 1164 Hunc
1813 1108 2056 1163 libellum
2108 1106 2162 1160 in
2205 1103 2394 1159 Sabini

810 1209 954 1261 libro
987 1207 1078 1276 qui
1112 1205 1381 1260 Collectio
1415 1213 1692 1274 gestorum
1739 1199 2085 1272 synodalium
2125 1198 2392 1253 inscribi-

813 1311 939 1364 tur,
983 1300 1219 1353 relalum
1266 1297 1598 1352 invenimus.
1663 1293 1936 1348 Caeterum
1987 1294 2289 1360 imperator
2337 1289 2393 1344 id

815 1390 921 1445 sibi
952 1396 1320 1458 proposuerat
1342 1427 1357 1450 ,
1396 1395 1454 1440 ut
1493 1384 1876 1440 dissidentium
1905 1382 2083 1453 jurgia
2113 1380 2394 1436 blanditiis

814 1489 870 1536 et
903 1481 1010 1535 leni
1042 1478 1331 1533 verborum
1367 1476 1734 1547 persuasione
1758 1473 2157 1541 exstingueret:
2190 1468 2395 1524 aiebat-

824 1587 933 1642 que
986 1586 1044 1627 se
1089 1569 1293 1625 nemini
1339 1568 1562 1622 omnino
1599 1566 1999 1636 qualiscunque
2043 1562 2166 1617 lidei
2204 1569 2392 1627 esset,

823 1661 1130 1717 molestiam
1167 1659 1538 1715 exhibiturum
1577 1676 1591 1712 :
1647 1671 1742 1711 eos
1792 1665 1969 1707 tamen
2018 1667 2132 1722 prae
2178 1652 2394 1706 cazteris

816 1765 1134 1806 amaturum
1178 1759 1342 1819 atque
1397 1749 1450 1802 in
1505 1747 1679 1818 pretio
1719 1745 2062 1808 habiturum,
2109 1744 2200 1813 qui
2235 1757 2396 1812 repa-

817 1840 1002 1896 randa:
1032 1841 1088 1895 in
1121 1837 1366 1893 Ecclesia
1397 1837 1551 1907 pacis
1581 1843 1841 1889 auctores
1870 1848 1934 1888 ac
1967 1833 2137 1887 duces
2171 1847 2230 1886 se
2260 1845 2397 1900 prae-

2499 667 2633 720 τρου
2657 649 2766 722 (9),
2799 649 2985 702 Πίσων
3026 641 3259 698 Ἀδάνων
3287 645 3374 701 διὰ
3403 647 3788 720 Λαμυδρίωνος
3810 649 3921 718 (10)
3946 664 4081 720 πρε-

2501 741 2767 814 σϐυτέρου
2794 780 2810 805 ,
2863 736 3178 803 Σαόινιανὸς
3210 739 3520 812 Ζεύγματος
3543 780 3560 803 ,
3603 739 3919 804 Ἀθανάσιος
3955 741 4081 809 ’Λγο

2500 832 2684 905 κύρων
2748 833 2836 888 διὰ
2903 833 3154 904 Ὀρφίτου
3227 833 3322 887 καί⁵
3377 833 3590 887 Ἀετίου
3667 833 4078 905 πρεσϐυτέρων,

2503 925 2772 997 Εἰρηνίων
2807 926 2846 977 Γ
2850 924 2988 993 ἀζης
3009 927 3026 994 (
3037 924 3123 995 Η)
3150 963 3164 988 ,
3199 925 3380 978 Πίσων
3401 924 3716 995 Αὐγούστης
3735 963 3751 989 ,
3784 925 4080 996 Πατρίκιος

2502 1017 2716 1072 Πάλτου
2767 1015 2852 1069 διὰ
2903 1015 3263 1087 Λαμυρίωνος
3318 1015 3693 1086 πρεσϐυτέρου
3720 1055 3735 1077 ,
3776 1017 4077 1082 Ἀνατόλιος

2500 1109 2776 1180 Βεροίων,
2829 1107 3090 1177 Θεότιμος
3155 1107 3432 1177 ’Δράϐων,
3485 1107 3782 1172 Λουκιανός
3832 1109 4074 1177 Ἄρχων.

2501 1200 2674 1254 Τοῦτο
2704 1198 2804 1270 μὲν
2831 1197 2896 1268 δὴ
2915 1198 2975 1251 τὸ
2997 1197 3200 1267 βιϐλίον
3220 1201 3286 1268 τῇ
3317 1201 3605 1268 συναγωγῇ
3643 1197 3753 1250 τῶν
3783 1197 4077 1253 συνοδικῶν

2501 1291 2728 1344 Σαϐίνου
2755 1290 3138 1361 γεγραμμένον
3166 1289 3496 1360 εὑρήκαμεν.
3533 1289 3590 1341 Ὀ
3617 1289 3798 1359 μέντοι
3823 1288 4079 1358 βασιλεὺς

2501 1383 2757 1456 πρόθεσιν
2797 1379 2945 1452 εἶχε,
2980 1382 3239 1453 κολακείᾳ
3286 1383 3377 1435 καὶ
3419 1382 3595 1435 πειθοῖ
3621 1382 3730 1434 τῶν
3777 1381 4078 1435 διεστώτων

2499 1475 2604 1547 τὴν
2644 1475 2972 1545 φιλονεικίαν
3000 1473 3250 1544 ἐκκόψαι,
3281 1476 3460 1544 φήσας
3496 1473 3683 1544 μηδενὶ
3700 1473 3930 1545 όχληρδς
3966 1472 4074 1526 τῶν

2501 1563 2746 1622 ὁπωσοῦν
2798 1566 3156 1620 πιστευόντων
3209 1565 3459 1622 ἔσεσθαιο
3517 1567 3823 1638 ἀγαπήσειν
3872 1566 3928 1620 δὲ
3982 1566 4076 1619 καὶ

2502 1658 2896 1730 ὐπερτιμήσειν
2940 1659 3065 1720 τοὺς
3086 1657 3258 1728 ἀρχὴν
3284 1661 3348 1728 τῇ
3377 1655 3566 1710 ἑνώσει
3611 1657 3710 1726 τῆς
3751 1654 4075 1727 Ἐκκλησίας

2501 1748 2853 1820 παρέξοντας.
2888 1747 3074 1802 Ταῦτα
3105 1749 3162 1802 δὲ
3212 1749 3384 1813 οὓτως
3411 1748 3572 1804 αὐτὸν
3611 1748 3815 1819 πρᾶξαι
3847 1748 3942 1802 καὶ
3971 1747 4075 1801 Θε-

2505 1839 2715 1909 μίστιός
2763 1849 2786 1877 ε
2821 1855 2984 1908 φησιν
3033 1839 3062 1891 ὁ
3099 1838 3405 1908 φιλόσοφος.
3440 1839 3736 1893 ’Υπατικὸν
3780 1840 3888 1911 γὰρ
3919 1839 4077 1909 λόγον

815 1934 1030 1988 herent.
1073 1933 1252 2000 Atque
1289 1930 1405 1984 haec
1446 1932 1521 1983 ita
1561 1929 1629 1981 ab
1673 1927 1767 1981 illo
1807 1932 1960 1996 gesta
2002 1939 2125 1980 esse
2169 1932 2402 1979 testatur
2433 1921 2475 1980 Β
2503 1933 2583 1995 εἰς

2294 1935 2402 1978 itur
2433 1921 2475 1980 Β
2503 1933 2583 1995 εἰς
2609 1931 2770 1984 αὑτὸν
2817 1929 3040 1984 διελθὼν
3064 1969 3079 1995 ,
3137 1930 3406 2002 θαυμάζει
3452 1931 3543 1985 τὸν
3592 1931 3814 2002 βασιλέα
3838 1973 3854 1999 ,
3900 1932 3976 1996 ὼς
4014 1933 4074 1986 τὸ

815 2025 981 2079 etiam
1048 2021 1383 2077 Themistius
1428 2019 1809 2091 philosophus.
1869 2015 2003 2070 Nam
2047 2017 2100 2070 in
2153 2016 2400 2072 oratione

815 2129 980 2185 quam
1027 2111 1096 2169 de
1151 2114 1298 2169 illius
1353 2114 1640 2169 consulatu
1697 2113 1951 2182 scripsit.
2011 2112 2398 2181 imperatorem

816 2207 1032 2275 magnis
1059 2205 1216 2260 effert
1243 2204 1524 2270 laudibus,
1551 2204 1623 2258 ob
1650 2203 1702 2257 id
1735 2203 1878 2274 quod
1905 2218 2166 2258 concessa
2196 2203 2396 2272 cuique

817 2297 991 2352 libera
1033 2298 1290 2353 facultate
1323 2297 1536 2352 colendi
1576 2295 1820 2350 numinis
1852 2305 2014 2366 prout
2044 2295 2226 2357 vellet,
2261 2294 2398 2348 adu-

817 2389 1055 2444 latorum
1094 2405 1275 2445 mores
1316 2391 1720 2460 compresserit.
1771 2389 1920 2455 Quos
1961 2388 2183 2458 quidem
2223 2387 2397 2443 facete

818 2482 1230 2550 perstringens,
1260 2484 1338 2536 ait
1365 2481 1741 2551 experimento
1771 2481 2051 2552 cognitum
2085 2496 2238 2546 esse,
2273 2481 2398 2535 illos

819 2588 928 2627 non
964 2573 1129 2628 Deum
1163 2573 1255 2629 sed
1291 2589 1586 2644 purpuram
1614 2573 1795 2629 colere
1827 2590 1839 2627 :
1880 2574 2147 2644 planeque
2181 2573 2388 2628 similes
2424 2588 2549 2630 esse
2587 2575 2794 2648 Euripo
2824 2616 2840 2642 ,
2883 2577 2975 2647 qui
3014 2579 3176 2635 modo
3221 2579 3278 2634 in
3321 2579 3461 2635 hanc
3489 2619 3505 2644 ,

821 2679 1032 2741 partem
1074 2667 1269 2723 fertur.

1321 2757 1486 2827 209
1521 2756 1672 2812 CAP.
1713 2756 1905 2812 xxvr.

1166 2850 1244 2905 De
1274 2850 1493 2904 Joviani
1527 2851 1864 2920 imperatoris
1897 2849 2064 2906 obitu.

893 2946 973 3000 Ad
1008 2945 1156 3000 hunc
1192 2944 1409 2998 modum
1457 2944 1755 3013 imperator
1787 2945 2046 3013 impetum
2081 2957 2269 2998 eorum
2303 2942 2396 3013 qui

821 3039 1274 3095 contentionibus
1333 3037 1666 3101 studebant,
1728 3047 1857 3092 tunc
1921 3037 2182 3108 temporis
2246 3051 2399 3092 com-

821 3131 1057 3203 pcscuit.
1095 3130 1407 3199 Statimque
1433 3128 1724 3184 Antiochia
1766 3127 2069 3198 digressus,
2101 3143 2224 3182 cum
2257 3127 2392 3182 Tar-

821 3240 944 3281 sum
1000 3223 1209 3278 Cilicia:
1263 3221 1525 3286 venisset,
1582 3235 1784 3292 corpus
1836 3219 2040 3275 Juliani
2099 3221 2394 3292 sepulturae

2500 2021 2710 2090 ἐφεῖναι
2741 2021 2852 2091 (12)
2878 2019 3201 2093 θρησκεύειν
3230 2022 3305 2083 ὡς
3329 2021 3548 2076 ἕκαστοι
3580 2022 3878 2094 βούλονται,
3917 2024 4074 2094 νικήο

2501 2131 2668 2168 σαντα
2699 2115 2806 2168 τῶν
2833 2116 3077 2169 κολάκων
3106 2118 3232 2181 τοὺς
3253 2117 3489 2188 τρόπους
3508 2134 3524 2150 ο
3563 2118 3658 2183 οὓς
3681 2119 3774 2173 καὶ
3799 2119 4075 2191 διασύρων

2498 2206 2640 2260 πάνυ
2663 2206 2885 2276 γελοίως
2914 2206 3016 2279 ἔφη
3043 2253 3059 2276 ,
3091 2208 3408 2280 ἐλέγχεσθαι
3432 2210 3628 2272 αὐτοὺς
3655 2209 3944 2282 ἁλουργίδα
3970 2249 3984 2272 .
4011 2211 4073 2263 οὑ

2497 2299 2630 2352 Θεὸν
2696 2299 3098 2370 θεραπεύοντας
3130 2319 3146 2334 ο
3205 2302 3368 2373 μηδέν
3435 2319 3495 2356 τε
3548 2303 3824 2374 διαφέρειν
3876 2304 4074 2366 αὐτοὺς

2506 2391 2771 2454 Εὐρίπου,
2798 2390 2892 2444 νῦν
2927 2393 3024 2462 μὲν
3050 2393 3144 2447 ἐπὶ
3182 2394 3340 2459 τάδε,
3369 2395 3464 2449 νῦν
3491 2394 3546 2448 δὲ
3575 2396 3654 2459 είς
3679 2394 3985 2449 τούναντίον
4004 2393 4075 2446 τὰ

2502 2482 2748 2554 ῥεύματα
2784 2484 3226 2554 μεταϐάλλοντος.

3583 2580 3747 2636 modo
3822 2580 3876 2636 in
3927 2581 4073 2636 illam

3058 2757 3308 2813 ΚΕΦΑΛ.
3348 2758 3473 2826 xq'

2579 2847 2718 2916 Περὶ
2743 2846 2854 2916 τῆς
2889 2847 3176 2916 τελευτῆς
3215 2851 3492 2905 Ἰοϐιανοῦ
3524 2851 3631 2906 τοῦ
3656 2852 3984 2922 βασιλέως.

2564 2939 2720 2993 Οὕτω
2763 2941 2859 3011 μὲν
2879 2936 2972 2994 οὖν
3022 2941 3274 3011 βασιλεὺς
3310 2942 3430 2996 τότε
3471 2943 3571 3014 τὴν
3594 2945 3772 3016 ὁρμὴν
3803 2946 3912 2998 τῶν
3951 2949 4073 3018 ἐρε-

2494 3031 2706 3102 σχελεῖν
2757 3032 3205 3103 προαιρουμένων
3244 3034 3495 3104 ἐπέσχεν.
3548 3031 3625 3106 ’Π
3668 3038 3832 3106 τάχος
3869 3037 3926 3090 δὲ
3973 3039 4072 3110 τῆς

2508 3125 2838 3196 Ἀντιοχείας
2866 3127 3244 3197 ἀναχωρήσας,
3275 3127 3374 3198 τὴν
3417 3128 3628 3199 Ταρσόν
3661 3146 3717 3182 τε
3749 3131 4072 3185 καταλαϐὼν

2499 3220 2599 3292 τῆς
2641 3219 2919 3285 Κιλικίας,
2967 3221 3085 3274 ἐκεῖ
3120 3220 3182 3275 τδ
3216 3220 3500 3276 Ἰουλιανοῦ
3550 3223 3708 3276 σῶιια
3745 3223 3942 3296 ἔθαψε*
3978 3229 4069 3281 καὶ

2009 3397 2278 3456 VALESII
2314 3397 2874 3457 ANNOTATIONES.

894 3500 971 3567 (8)
1022 3499 1242 3567 Πέτρος
1302 3501 1549 3553 Σίππων
1582 3539 1598 3554 .

821 3566 1024 3642 Πέτρος
1077 3566 1306 3642 Ἵππων,
1352 3569 1474 3623 Fuit
1511 3570 1610 3642 hic
1654 3567 1848 3642 Petrus
1891 3566 2184 3642 episcopus
2216 3566 2390 3642 _Hi_ppi

823 3637 1119 3713 provinciae
1148 3640 1470 3713 Palaestinae.
1508 3637 2184 3713 subscripseratconcilio
2213 3637 2394 3693 Seleu-

822 3709 992 3768 ciensi
1017 3727 1120 3765 una
1149 3726 1272 3764 cum
1301 3711 1422 3764 aliis
1453 3710 1623 3778 partis
1652 3711 1830 3762 Acacii
1863 3709 1954 3778 qui
1991 3709 2078 3761 hic
2100 3722 2393 3763 recensen-

823 3792 934 3844 tur,
961 3783 1109 3836 verbi
1133 3781 1339 3851 gratia,
1373 3779 1819 3853 ZoiIoLarisspa,
1859 3779 2198 3853 EutychiarLo
2233 3778 2393 3853 Eleu-

823 3848 1171 3923 tlieropoleos
1193 3853 1472 3923 episcopo,
1497 3851 1639 3904 sicut
1665 3848 1839 3920 leg'erc
1861 3851 2113 3923 estapud
2149 3848 2390 3919 Epipha-

823 3919 1061 3976 nium'in
1096 3919 1288 3976 ltzeresi
1313 3919 1802 3982 Seiniarianoruin,
1836 3921 1925 3974 tibi
1956 3919 2071 3990 [nec
2101 3920 2390 3990 leguntur:

823 3995 1029 4064 Πέτρος
1059 3994 1353 4064 ἐπίσκοπος
1378 3993 1576 4064 Ἵππου
1602 3991 1984 4064 Παλαιστίνης.
2025 3989 2392 4064 HippbsL_iip-

824 4059 1009 4132 pidum
1047 4062 1382 4132 Palmstinze,
1428 4062 1650 4126 triginta
1694 4062 1885 4132 stadiis
1923 4059 2140 4116 distans
2182 4075 2212 4113 a
2239 4059 2396 4116 Tibe-

824 4130 980 4188 i‘iadc
1002 4176 1015 4198 ,
1053 4145 1317 4187 tnemorat
1344 4131 1614 4201 Iosephus
1650 4134 1703 4185 in
1731 4130 1850 4185 Vita
1882 4146 2002 4186 sua.

899 4205 976 4269 (9)
1053 4203 1388 4272 ’Λραόιανὸς
1453 4199 1737 4270 Ἂντρου.
1797 4202 1953 4271 Apud
2026 4199 2392 4271 Epiphanium

827 4273 1223 4328 Scholasticum
1279 4285 1364 4330 est
1414 4272 1713 4326 Arubianus
1762 4272 2047 4333 Adrensis,
2086 4281 2232 4326 recte
2275 4288 2394 4325 om—

825 4348 979 4400 nino.
1009 4343 1106 4397 llic
1141 4343 1286 4397 enim
1319 4352 1404 4399 est
1434 4343 1743 4397 Arabianus
1784 4358 1880 4396 seu
1911 4342 2148 4397 Arabion
2175 4343 2390 4412 episeoo

824 4431 928 4486 pus
951 4415 1276 4475 Adraorum,
1304 4414 1396 4483 qui
1423 4414 1754 4486 Seleuriensi
1780 4413 2388 4486 conciliosuhscripsit,

824 4483 967 4539 inter
997 4488 1283 4554 episcopos
1318 4486 1486 4553 partis
1520 4485 1836 4548 Acaeianm,
1871 4493 1929 4536 ut
1956 4485 2123 4554 refert
2153 4483 2388 4552 Epipha-

825 4557 950 4609 nius
977 4552 1246 4609 in'hzeresi
1270 4552 1758 4617 Sémiarianorttm,
1795 4553 1885 4608 ubi
1918 4563 2041 4623 post
2070 4552 2388 4607 Exeresium

823 4626 1153 4682 Gerasorum
1187 4625 1541 4695 episcopum,
1575 4634 1630 4679 et
1655 4625 1900 4695 proxime
1930 4635 2055 4678 ante
2079 4623 2390 4679 Charistum

1674 3497 1868 3554 Scribe
1951 3512 2074 3552 meo
2146 3498 2390 3569 periculo
2421 3503 2466 3562 (Ξ
2498 3497 2656 3553 Azoti
2687 3499 3005 3569 episc0pum
3041 3497 3362 3569 collocatur.
3389 3496 3532 3569 A_dra
3561 3512 3657 3552 seu
3685 3497 3907 3569 Adraon
3938 3500 4069 3557 urbs

2497 3578 2579 3622 est
2627 3567 2841 3622 Arabiae
2881 3567 2999 3622 ‘sub
3046 3568 3366 3637 episcopatu
3418 3567 3695 3622 Bostrensi
3724 3607 3739 3630 ,
3796 3579 3854 3621 ut
3910 3570 4073 3624 docet

2497 3637 2821 3694 Guillelmus
2850 3637 3070 3710 Tyrius.
3111 3638 3270 3693 Certe
3303 3637 3538 3710 Uranius
3579 3637 3916 3710 Adranensis
3956 3643 4072 3709 epi-

2498 3725 2700 3778 scopus
2746 3707 3067 3763 numeratur
3109 3710 3162 3762 in
3209 3709 3417 3779 synodo
3464 3710 3636 3778 prima
3684 3707 4074 3764 Constantino-

2497 3781 2736 3849 politana
2772 3781 2913 3834 inter
2941 3779 3227 3850 episcopos
3265 3780 3562 3848 provincia:
3591 3779 3827 3833 Arabiae.
3850 3779 3906 3833 In
3939 3797 4071 3851 syn-

2495 3851 2601 3904 odo
2646 3859 2825 3904 autem
2870 3853 3065 3908 quinta
3115 3850 3752 3908 Constantinonolitana,
3819 3850 4071 3908 Dorvme—

2498 3867 2601 3904 ouo
2646 3867 2825 3904 autem
2870 3867 3065 3920 quinta
3115 3867 3752 3918 uonswnunopontana,
3819 3867 3955 3922 νοτε

2498 3922 2622 3975 nius
2656 3920 2879 3989 quidam
2913 3929 3227 3973 recensetur
3256 3922 3549 3989 episcopus
3579 3920 3908 3974 Adraorum.

2569 3990 2681 4061 (10)
2731 3991 2834 4044 Διὰ
2875 3989 3306 4061 Λαμυδριωνος.
3359 3990 3824 4061 Malimiscribere
3875 3992 4069 4060 Δαμυ-

2500 4059 2696 4130 ρίωνος
2725 4077 2790 4116 ex
2815 4061 3120 4130 Epiphanio
3149 4059 3512 4115 Scholastico.
3553 4060 3645 4116 Est
3685 4061 3831 4115 enim
3866 4059 4068 4117 nomen

2495 4129 2945 4217 l'qrmtitttttt_dr:§
2987 4129 3080 4217 τοῦ
3126 4129 3392 4217 λαμρρου.
3451 4130 3575 4185 Mox
3631 4146 3732 4217 ι)ςο
3769 4131 4068 4217 "Age-trioa,

2497 4201 2637 4254 idem
2670 4200 3007 4271 Epiphanius
3041 4202 3169 4273 legit
3206 4200 3432 4273 Ἀετίου,
3460 4200 3737 4273 ιιυοωυιίο
3766 4201 3820 4255 iu
3851 4201 4071 4257 Floren-

2497 4273 2613 4326 tino
2644 4273 2834 4325 codice
2865 4272 3363 4340 scriptnminveni.

2566 4341 2677 4410 (Η)
2723 4339 3014 4410 Ειρηνίωιν⁵
3041 4339 3252 4407 Γάζης.
3296 4341 3472 4411 Hujus
3504 4341 3712 4396 mentio
3739 4340 3799 4396 fit
3825 4356 3857 4395 a
3887 4340 4070 4398 Marco

2495 4411 2730 4484 diacono
2761 4416 2815 4466 in
2834 4411 2965 4484 Vita
2991 4411 3274 4484 Porphyrii
3303 4412 3567 4468 Gazensis
3596 4413 3870 4484 episcopi,
3904 4429 4069 4484 quam

2497 4483 2669 4537 babes
2704 4483 2847 4552 apud
2889 4481 3134 4552 Surium.

2567 4553 2680 4620 (η)
2726 4551 2820 4619 Ὧς
2873 4553 2938 4606 τὸ
2998 4551 3244 4621 ἐφεῖναι.
3302 4551 3662 4610 Scribendum
3728 4561 3814 4610 est
3875 4552 3964 4607 διὰ
4008 4551 4070 4607 τὸ

2497 4625 2707 4694 ἐφεῖναι
2733 4622 3074 4694 θρησκεύειν.

2255 4803 2641 4862 VARIORUM.

905 4902 970 4974 (e)
1011 4899 1714 4974 Septunce.Themistins
1756 4899 2388 4974 pliilosoplius._cogno-
2417 4901 2461 4956 D
2491 4916 2520 4954 τι
2557 4899 2758 4971 quibus
2803 4901 2858 4974 in
2899 4901 3238 4974 senatorium
3285 4901 3532 4974 ordinem
3561 4908 3881 4974 cooptatus,
3924 4917 4068 4971 prae-

824 4969 1008 5028 mento
1032 4969 1333 5043 Εύφραδὴς,
1357 4973 1592 5043 Ιιοοᾼεει,
1615 4970 1908 5043 Eloquens,
1941 4970 1993 5024 in
2023 4969 2389 5043 Paphlagonia

826 5054 1035 5114 patrem
1075 5039 1582 5113 habuit'Engenium
1611 5042 1970 5114 philosogbite
1997 5039 2387 5114 professorem,

826 5110 886 5168 iit
915 5118 1026 5182 ipse
1056 5123 1285 5166 testatur
1316 5110 1461 5166 or'at.
1494 5126 1537 5182 l_l
1583 5110 1638 5166 et
1681 5128 1790 5165 τιν.
1822 5110 1958 5165 Cum
1992 5111 2263 5179 prmcipua
2297 5126 2387 5182 sa:

828 5179 1042 5254 pientis:
1067 5184 1223 5237 laude
1252 5182 1469 5238 floreret
1493 5179 1862 5254 Themistius,
1891 5182 2258 5254 certatimque
2285 5180 2390 5254 sibi

827 5251 948 5308 eum
982 5254 1146 5307 urbes
1183 5267 1246 5306 ac
1304 5254 1597 5323 provincia:
1639 5251 2350 5323 asciscerent,Antiochize
2375 5292 2389 5314 ,

825 5324 1176 5385 Nicomediae,
1203 5322 1676 5392 Constantinopoli
1703 5333 1757 5378 et
1782 5322 1962 5376 Roma:
1990 5322 2388 5392 philosophiam

826 5397 1108 5465 professus
1149 5403 1253 5448 est.
1291 5396 1475 5447 Romae
1510 5394 1726 5459 quidem
1780 5402 1930 5465 tanto
1970 5393 2248 5465 hominum
2289 5406 2386 5460 ap-

831 5463 1042 5534 plausu.
1072 5475 1129 5517 ut
1163 5480 1282 5517 eum
1317 5465 1733 5534 honestissimis
1758 5463 2161 5517 conditionibus
2198 5477 2390 5534 propo-

828 5532 948 5589 Sitis
986 5550 1110 5588 eum
1152 5534 1292 5603 apud
1337 5552 1394 5589 se
1441 5537 1674 5588 retinere
1719 5533 1917 5587 frustra
1959 5543 2146 5587 essent
2181 5532 2384 5603 conati,

829 5602 1211 5674 imperatorem
1237 5605 1412 5674 ipsum
1439 5605 1891 5674 interpellandum
1917 5604 2248 5674 putaverint.
2281 5602 2387 5656 Sed

825 5692 948 5728 enm
998 5677 1128 5728 nihil
1182 5692 1246 5728 ne
1296 5677 1376 5731 sic
1411 5677 1627 5744 quidem
1673 5684 2087 5744 promovercnt,
2118 5687 2387 5744 reversus

825 5746 1384 5814 Constantinopolim,
1425 5743 1489 5799 ad
1524 5743 1783 5799 usitatum
1827 5759 1885 5799 se
1923 5743 2150 5798 docendi
2187 5759 2386 5798 munus

825 5818 1076 5870 contulit.
1137 5815 1368 5870 Uxorem
1428 5816 1616 5878 duxit,
1674 5816 1981 5884 liberosque
2023 5815 2376 5884 procreavit:

827 5886 1245 5957 imperatoribus
1275 5899 1397 5942 cum
1421 5886 1610 5957 primis
1630 5881 1905 5958 gratiosus
1923 5881 2089 5942 fuisse
2107 5885 2376 5941 traditur:

2487 4975 2754 5029 fecturam
2782 4972 2943 5025 etiam
2972 4972 3128 5026 urbis
3155 4973 3580 5027 administravit.
3613 4972 3767 5042 Apud
3788 4971 4067 5028 Valentem

2487 5058 2682 5113 magna
2703 5043 2875 5097 valuit
2893 5042 3222 5096 auctoritate
3243 5060 3257 5107 ;
3282 5044 3440 5112 cujus
3465 5044 3776 5097 saevientem
3802 5044 3854 5096 in
3879 5045 4066 5096 ortho-

2488 5117 2661 5170 doxos
2708 5115 2911 5166 rabiem
2955 5115 3246 5182 aliquoties
3293 5115 3538 5168 oratione
3577 5114 3956 5182 compescuit:
3998 5113 4068 5169 de

2487 5200 2592 5256 qua
2638 5184 2761 5256 vide
2812 5182 3030 5256 Sozom.
3085 5185 3120 5236 Ι.
3153 5199 3202 5236 vt
3228 5225 3242 5247 ,
3278 5200 3414 5256 cap.
3452 5183 3540 5237 56.
3573 5183 3804 5256 Gentilis
3846 5198 4068 5253 semper

2489 5254 2693 5309 mansit
2714 5292 2729 5315 ,
2769 5254 2917 5322 quod
2949 5269 3015 5308 ex
3051 5255 3399 5309 orationibus
3432 5258 3554 5318 eius
3579 5255 3863 5310 evidenter
3897 5269 4066 5322 appa-

2488 5333 2568 5379 ret
2593 5325 2820 5396 :ﬂfuisse
2857 5335 3038 5396 tamen
3083 5340 3206 5377 cum
3242 5323 3505 5396 Gregorio
3541 5324 3669 5379 Νη.
3717 5325 3957 5396 amicitia
3999 5340 4064 5396 ac

2489 5395 2863 5449 familiaritate
2916 5394 3306 5463 conjun‘ctum,
3357 5393 3647 5466 ipsiusmet
3691 5410 3758 5448 ex
3810 5393 4060 5466 Gregorii

2487 5467 2706 5534 scriptis
2741 5467 2805 5519 ad
2830 5482 2954 5520 eum
2985 5466 3235 5534 epistolis
3275 5463 3457 5521 159’et
3497 5465 3599 5520 NO
3644 5471 3882 5519 constat.
3919 5463 4063 5517 The-

2487 5537 2654 5608 mistii
2688 5537 2850 5590 etiam
2891 5539 3256 5608 meminerunt
3291 5537 3633 5608 Augustinus
3683 5535 3761 5589 De
3785 5535 4063 5608 categorit's

2488 5607 2685 5669 decent,
2728 5623 2851 5674 cap.
2894 5606 2963 5670 3;
3013 5606 3238 5675 Niceph.
3284 5605 3428 5661 Hist.
3464 5607 3587 5660 εδει.
3626 5607 3660 5660 1.
3705 5623 3771 5668 x,
3808 5620 3928 5673 cap.
3954 5605 4062 5669 4%,

2485 5675 2710 5731 Phorius
2759 5676 3036 5741 Bibliotli.,
3092 5676 3312 5742 Suidas,
3351 5677 3710 5732 Constantius
3768 5675 3944 5744 Epist.
3990 5675 4062 5728 ad

2484 5758 2743 5808 senatum,
2787 5748 2838 5800 in
2865 5749 2988 5800 cod.
3015 5746 3222 5801 Theod.
3261 5748 3354 5804 lib.
3379 5764 3452 5813 vt,
3487 5749 3570 5803 tit.
3593 5747 3649 5802 4.
3673 5745 3807 5801 Vide
3826 5745 4054 5814 Dionys.

2483 5815 2763 5890 Petavium
2796 5818 2849 5890 in
2884 5815 3000 5870 Vita
3031 5815 3318 5890 Thcmistii
3353 5818 3697 5876 orationibus
3731 5816 4015 5890 pramissa
4037 5854 4056 5884 ,

2483 5890 2627 5944 unde
2659 5889 2770 5944 haec
2795 5889 3224 5959 desumpsimus.
3734 5889 3743 5890 ί
3883 5927 3888 5933 -
