  <div class='ocr_page' id='page_1' title='image "/cluster/home/n/w/nwhite01/storage/ocr_20150623/67/pst.000009865921/261.png"; bbox 0 0 4508 6588; ppageno 0'>
   <div class='ocr_carea' id='block_1_1' title="bbox 813 418 913 479">
    <p class='ocr_par' dir='ltr' id='par_1_1' title="bbox 813 418 913 479">
     <span class='ocr_line' id='line_1_1' title="bbox 813 418 913 479; baseline -0.06 0"><span class='ocrx_word' id='word_1_1' title='bbox 813 418 913 479; x_wconf 56' lang='grc'><strong>1511</strong></span> 
     </span>
    </p>
   </div>
   <div class='ocr_carea' id='block_1_2' title="bbox 895 1093 976 1144">
    <p class='ocr_par' dir='ltr' id='par_1_2' title="bbox 895 1093 976 1144">
     <span class='ocr_line' id='line_1_2' title="bbox 895 1093 976 1144; baseline 0 0"><span class='ocrx_word' id='word_1_2' title='bbox 895 1093 976 1144; x_wconf 60' lang='grc' dir='ltr'><strong><em>τι.</em></strong></span> 
     </span>
    </p>
   </div>
   <div class='ocr_carea' id='block_1_3' title="bbox 883 1369 991 1424">
    <p class='ocr_par' dir='ltr' id='par_1_3' title="bbox 883 1369 991 1424">
     <span class='ocr_line' id='line_1_3' title="bbox 883 1369 991 1424; baseline -0.009 0"><span class='ocrx_word' id='word_1_3' title='bbox 883 1369 991 1424; x_wconf 78' lang='lat' dir='ltr'><strong>VII.</strong></span> 
     </span>
    </p>
   </div>
   <div class='ocr_carea' id='block_1_4' title="bbox 885 1719 1018 1772">
    <p class='ocr_par' dir='ltr' id='par_1_4' title="bbox 885 1719 1018 1772">
     <span class='ocr_line' id='line_1_4' title="bbox 885 1719 1018 1772; baseline 0 0"><span class='ocrx_word' id='word_1_4' title='bbox 885 1719 1018 1772; x_wconf 70' lang='lat' dir='ltr'><strong>VIII.</strong></span> 
     </span>
    </p>
   </div>
   <div class='ocr_carea' id='block_1_5' title="bbox 877 1998 969 2054">
    <p class='ocr_par' dir='ltr' id='par_1_5' title="bbox 877 1998 969 2054">
     <span class='ocr_line' id='line_1_5' title="bbox 877 1998 969 2054; baseline 0 -1"><span class='ocrx_word' id='word_1_5' title='bbox 877 1998 969 2054; x_wconf 74' lang='lat' dir='ltr'><strong>IX.</strong></span> 
     </span>
    </p>
   </div>
   <div class='ocr_carea' id='block_1_6' title="bbox 878 2559 966 2614">
    <p class='ocr_par' dir='ltr' id='par_1_6' title="bbox 878 2559 966 2614">
     <span class='ocr_line' id='line_1_6' title="bbox 878 2559 966 2614; baseline 0.011 -1"><span class='ocrx_word' id='word_1_6' title='bbox 878 2559 966 2614; x_wconf 67' lang='lat' dir='ltr'><strong>XI.</strong></span> 
     </span>
    </p>
   </div>
   <div class='ocr_carea' id='block_1_7' title="bbox 834 2752 990 2828">
    <p class='ocr_par' dir='ltr' id='par_1_7' title="bbox 834 2752 990 2828">
     <span class='ocr_line' id='line_1_7' title="bbox 834 2752 990 2828; baseline 0.013 -2"><span class='ocrx_word' id='word_1_7' title='bbox 834 2752 838 2758; x_wconf 84' lang='grc'><em>’</em></span> <span class='ocrx_word' id='word_1_8' title='bbox 873 2769 990 2828; x_wconf 84' lang='lat' dir='ltr'><strong><em>xu.</em></strong></span> 
     </span>
    </p>
   </div>
   <div class='ocr_carea' id='block_1_8' title="bbox 871 3122 1007 3178">
    <p class='ocr_par' dir='ltr' id='par_1_8' title="bbox 871 3122 1007 3178">
     <span class='ocr_line' id='line_1_8' title="bbox 871 3122 1007 3178; baseline -0.015 0"><span class='ocrx_word' id='word_1_9' title='bbox 871 3122 1007 3178; x_wconf 78' lang='lat' dir='ltr'><strong>XIII.</strong></span> 
     </span>
    </p>
   </div>
   <div class='ocr_carea' id='block_1_9' title="bbox 873 3755 1014 3811">
    <p class='ocr_par' dir='ltr' id='par_1_9' title="bbox 873 3755 1014 3811">
     <span class='ocr_line' id='line_1_9' title="bbox 873 3755 1014 3811; baseline 0.007 -1"><span class='ocrx_word' id='word_1_10' title='bbox 873 3755 1014 3811; x_wconf 70' lang='lat' dir='ltr'><strong>XIV.</strong></span> 
     </span>
    </p>
   </div>
   <div class='ocr_carea' id='block_1_10' title="bbox 880 4037 994 4094">
    <p class='ocr_par' dir='ltr' id='par_1_10' title="bbox 880 4037 994 4094">
     <span class='ocr_line' id='line_1_10' title="bbox 880 4037 994 4094; baseline 0.018 -3"><span class='ocrx_word' id='word_1_11' title='bbox 880 4037 994 4094; x_wconf 72' lang='lat' dir='ltr'><strong><em>XV.</em></strong></span> 
     </span>
    </p>
   </div>
   <div class='ocr_carea' id='block_1_11' title="bbox 875 4317 1015 4374">
    <p class='ocr_par' dir='ltr' id='par_1_11' title="bbox 875 4317 1015 4374">
     <span class='ocr_line' id='line_1_11' title="bbox 875 4317 1015 4374; baseline 0 0"><span class='ocrx_word' id='word_1_12' title='bbox 875 4317 1015 4374; x_wconf 79' lang='lat' dir='ltr'><strong><em>XVI.</em></strong></span> 
     </span>
    </p>
   </div>
   <div class='ocr_carea' id='block_1_12' title="bbox 877 4597 1042 4654">
    <p class='ocr_par' dir='ltr' id='par_1_12' title="bbox 877 4597 1042 4654">
     <span class='ocr_line' id='line_1_12' title="bbox 877 4597 1042 4654; baseline -0.012 0"><span class='ocrx_word' id='word_1_13' title='bbox 877 4597 1042 4654; x_wconf 75' lang='lat' dir='ltr'><strong>XVII.</strong></span> 
     </span>
    </p>
   </div>
   <div class='ocr_carea' id='block_1_13' title="bbox 876 4809 1059 4866">
    <p class='ocr_par' dir='ltr' id='par_1_13' title="bbox 876 4809 1059 4866">
     <span class='ocr_line' id='line_1_13' title="bbox 876 4809 1059 4866; baseline -0.005 -2"><span class='ocrx_word' id='word_1_14' title='bbox 876 4809 1059 4866; x_wconf 74' lang='lat' dir='ltr'><strong>XVIII.</strong></span> 
     </span>
    </p>
   </div>
   <div class='ocr_carea' id='block_1_14' title="bbox 875 5092 1012 5146">
    <p class='ocr_par' dir='ltr' id='par_1_14' title="bbox 875 5092 1012 5146">
     <span class='ocr_line' id='line_1_14' title="bbox 875 5092 1012 5146; baseline 0.007 -1"><span class='ocrx_word' id='word_1_15' title='bbox 875 5092 1012 5146; x_wconf 78' lang='lat'><strong><em>.\|\&#39;.</em></strong></span> 
     </span>
    </p>
   </div>
   <div class='ocr_carea' id='block_1_15' title="bbox 873 5442 988 5497">
    <p class='ocr_par' dir='ltr' id='par_1_15' title="bbox 873 5442 988 5497">
     <span class='ocr_line' id='line_1_15' title="bbox 873 5442 988 5497; baseline 0.009 -2"><span class='ocrx_word' id='word_1_16' title='bbox 873 5442 988 5497; x_wconf 69' lang='lat' dir='ltr'><strong><em>XX.</em></strong></span> 
     </span>
    </p>
   </div>
   <div class='ocr_carea' id='block_1_16' title="bbox 870 5583 1007 5636">
    <p class='ocr_par' dir='ltr' id='par_1_16' title="bbox 870 5583 1007 5636">
     <span class='ocr_line' id='line_1_16' title="bbox 870 5583 1007 5636; baseline 0 0"><span class='ocrx_word' id='word_1_17' title='bbox 870 5583 1007 5636; x_wconf 72' lang='lat' dir='ltr'><strong><em>X.\l.</em></strong></span> 
     </span>
    </p>
   </div>
   <div class='ocr_carea' id='block_1_17' title="bbox 2255 418 4062 475">
    <p class='ocr_par' dir='ltr' id='par_1_17' title="bbox 2255 418 4062 475">
     <span class='ocr_line' id='line_1_17' title="bbox 2255 418 4062 475; baseline -0.001 -1"><span class='ocrx_word' id='word_1_18' title='bbox 2255 418 2593 474; x_wconf 72' lang='lat' dir='ltr'><strong><em>SOCRA&#39;I‘IS</em></strong></span> <span class='ocrx_word' id='word_1_19' title='bbox 3953 427 4062 475; x_wconf 60' lang='grc' dir='ltr'><strong><em>ιω)</em></strong></span> 
     </span>
    </p>
   </div>
   <div class='ocr_carea' id='block_1_18' title="bbox 1269 535 2379 589">
    <p class='ocr_par' dir='ltr' id='par_1_18' title="bbox 1269 535 2379 589">
     <span class='ocr_line' id='line_1_18' title="bbox 1269 535 2379 589; baseline -0.003 0"><span class='ocrx_word' id='word_1_20' title='bbox 1269 551 1476 589; x_wconf 85' lang='lat' dir='ltr'><strong><em>nensem</em></strong></span> <span class='ocrx_word' id='word_1_21' title='bbox 1507 552 1621 589; x_wconf 84' lang='lat' dir='ltr'><strong><em>vere</em></strong></span> <span class='ocrx_word' id='word_1_22' title='bbox 1647 536 1980 588; x_wconf 88' lang='lat' dir='ltr'><strong><em>anathemate</em></strong></span> <span class='ocrx_word' id='word_1_23' title='bbox 2008 535 2335 588; x_wconf 87' lang='lat' dir='ltr'><strong><em>damnarunt</em></strong></span> <span class='ocrx_word' id='word_1_24' title='bbox 2361 549 2379 587; x_wconf 88' lang='lat'><strong><em>:</em></strong></span> 
     </span>
    </p>
   </div>
   <div class='ocr_carea' id='block_1_19' title="bbox 1267 604 2379 676">
    <p class='ocr_par' dir='ltr' id='par_1_19' title="bbox 1267 604 2379 676">
     <span class='ocr_line' id='line_1_19' title="bbox 1267 604 2379 676; baseline -0.002 -18"><span class='ocrx_word' id='word_1_25' title='bbox 1267 616 1315 658; x_wconf 89' lang='lat' dir='ltr'><strong><em>et</em></strong></span> <span class='ocrx_word' id='word_1_26' title='bbox 1351 607 1728 674; x_wconf 83' lang='lat' dir='ltr'><strong><em>depositionem</em></strong></span> <span class='ocrx_word' id='word_1_27' title='bbox 1755 604 1936 658; x_wconf 79' lang='lat' dir='ltr'><strong><em>Acacii</em></strong></span> <span class='ocrx_word' id='word_1_28' title='bbox 1961 617 2117 676; x_wconf 88' lang='lat' dir='ltr'><strong><em>atque</em></strong></span> <span class='ocrx_word' id='word_1_29' title='bbox 2147 604 2379 658; x_wconf 73' lang='lat' dir='ltr'><strong><em>Eudoxii</em></strong></span> 
     </span>
    </p>
   </div>
   <div class='ocr_carea' id='block_1_20' title="bbox 1267 677 1812 730">
    <p class='ocr_par' dir='ltr' id='par_1_20' title="bbox 1267 677 1812 730">
     <span class='ocr_line' id='line_1_20' title="bbox 1267 677 1812 730; baseline 0.007 -4"><span class='ocrx_word' id='word_1_30' title='bbox 1267 678 1438 729; x_wconf 90' lang='lat' dir='ltr'><strong><em>denuo</em></strong></span> <span class='ocrx_word' id='word_1_31' title='bbox 1473 677 1812 730; x_wconf 82' lang='lat' dir='ltr'><strong><em>roborarimt.</em></strong></span> 
     </span>
    </p>
   </div>
   <div class='ocr_carea' id='block_1_21' title="bbox 1200 743 2560 814">
    <p class='ocr_par' dir='ltr' id='par_1_21' title="bbox 1200 743 2560 814">
     <span class='ocr_line' id='line_1_21' title="bbox 1200 743 2560 814; baseline 0.004 -19"><span class='ocrx_word' id='word_1_32' title='bbox 1200 746 1495 810; x_wconf 89' lang='lat' dir='ltr'><strong><em>Quomodo,</em></strong></span> <span class='ocrx_word' id='word_1_33' title='bbox 1533 758 1771 800; x_wconf 87' lang='lat' dir='ltr'><strong><em>conserto</em></strong></span> <span class='ocrx_word' id='word_1_34' title='bbox 1799 746 1986 814; x_wconf 72' lang='lat' dir='ltr'><strong><em>pra-lio</em></strong></span> <span class='ocrx_word' id='word_1_35' title='bbox 2026 747 2171 798; x_wconf 69' lang='lat' dir='ltr'><strong><em>circa</em></strong></span> <span class='ocrx_word' id='word_1_36' title='bbox 2199 743 2381 798; x_wconf 97' lang='lat' dir='ltr'><strong><em>urbem</em></strong></span> <span class='ocrx_word' id='word_1_37' title='bbox 2482 745 2560 801; x_wconf 82' lang='lat' dir='ltr'><strong><em>E&#39;.</em></strong></span> 
     </span>
    </p>
   </div>
   <div class='ocr_carea' id='block_1_22' title="bbox 1274 815 2379 885">
    <p class='ocr_par' dir='ltr' id='par_1_22' title="bbox 1274 815 2379 885">
     <span class='ocr_line' id='line_1_22' title="bbox 1274 815 2379 885; baseline -0.002 -18"><span class='ocrx_word' id='word_1_38' title='bbox 1274 815 1538 885; x_wconf 64' lang='lat' dir='ltr'><strong><em>Phrygia}.</em></strong></span> <span class='ocrx_word' id='word_1_39' title='bbox 1588 815 1775 869; x_wconf 79' lang='lat' dir='ltr'><strong><em>Valens</em></strong></span> <span class='ocrx_word' id='word_1_40' title='bbox 1820 817 2136 884; x_wconf 74' lang='lat' dir='ltr'><strong><em>Procopium</em></strong></span> <span class='ocrx_word' id='word_1_41' title='bbox 2193 825 2379 883; x_wconf 84' lang='lat' dir='ltr'><strong><em>tyran-</em></strong></span> 
     </span>
    </p>
   </div>
   <div class='ocr_carea' id='block_1_23' title="bbox 1269 886 2380 953">
    <p class='ocr_par' dir='ltr' id='par_1_23' title="bbox 1269 886 2380 953">
     <span class='ocr_line' id='line_1_23' title="bbox 1269 886 2380 953; baseline -0.002 -16"><span class='ocrx_word' id='word_1_42' title='bbox 1269 903 1414 948; x_wconf 97' lang='lat' dir='ltr'><strong><em>num,</em></strong></span> <span class='ocrx_word' id='word_1_43' title='bbox 1449 886 1748 953; x_wconf 72' lang='lat' dir='ltr'><strong><em>proditione</em></strong></span> <span class='ocrx_word' id='word_1_44' title='bbox 1773 887 1964 940; x_wconf 86' lang='lat' dir='ltr'><strong><em>ducum</em></strong></span> <span class='ocrx_word' id='word_1_45' title='bbox 2001 897 2235 952; x_wconf 86' lang='lat' dir='ltr'><strong><em>captum,</em></strong></span> <span class='ocrx_word' id='word_1_46' title='bbox 2273 901 2380 935; x_wconf 86' lang='lat' dir='ltr'><strong><em>una</em></strong></span> 
     </span>
    </p>
   </div>
   <div class='ocr_carea' id='block_1_24' title="bbox 1267 953 2380 1022">
    <p class='ocr_par' dir='ltr' id='par_1_24' title="bbox 1267 953 2380 1022">
     <span class='ocr_line' id='line_1_24' title="bbox 1267 953 2380 1022; baseline -0.001 -15"><span class='ocrx_word' id='word_1_47' title='bbox 1267 971 1383 1007; x_wconf 83' lang='lat' dir='ltr'><strong><em>cum</em></strong></span> <span class='ocrx_word' id='word_1_48' title='bbox 1426 958 1552 1018; x_wconf 81' lang='lat' dir='ltr'><strong><em>ipsis</em></strong></span> <span class='ocrx_word' id='word_1_49' title='bbox 1599 956 1816 1012; x_wconf 80' lang='lat' dir='ltr'><strong><em>ducibus</em></strong></span> <span class='ocrx_word' id='word_1_50' title='bbox 1865 956 2136 1011; x_wconf 86' lang='lat' dir='ltr'><strong><em>inusitatis</em></strong></span> <span class='ocrx_word' id='word_1_51' title='bbox 2176 953 2380 1022; x_wconf 88' lang='lat' dir='ltr'><strong><em>suppli-</em></strong></span> 
     </span>
    </p>
   </div>
   <div class='ocr_carea' id='block_1_25' title="bbox 1269 1027 1672 1078">
    <p class='ocr_par' dir='ltr' id='par_1_25' title="bbox 1269 1027 1672 1078">
     <span class='ocr_line' id='line_1_25' title="bbox 1269 1027 1672 1078; baseline 0.005 -2"><span class='ocrx_word' id='word_1_52' title='bbox 1269 1029 1363 1077; x_wconf 77' lang='lat' dir='ltr'><strong><em>eiis</em></strong></span> <span class='ocrx_word' id='word_1_53' title='bbox 1393 1027 1672 1078; x_wconf 72' lang='lat' dir='ltr'><strong><em>interemit.</em></strong></span> 
     </span>
    </p>
   </div>
   <div class='ocr_carea' id='block_1_26' title="bbox 1201 1095 2378 1166">
    <p class='ocr_par' dir='ltr' id='par_1_26' title="bbox 1201 1095 2378 1166">
     <span class='ocr_line' id='line_1_26' title="bbox 1201 1095 2378 1166; baseline 0.001 -21"><span class='ocrx_word' id='word_1_54' title='bbox 1201 1095 1475 1160; x_wconf 79' lang='lat' dir='ltr'><strong><em>Quomodo</em></strong></span> <span class='ocrx_word' id='word_1_55' title='bbox 1497 1098 1805 1166; x_wconf 86' lang='lat' dir='ltr'><strong><em>imperator,</em></strong></span> <span class='ocrx_word' id='word_1_56' title='bbox 1828 1095 2102 1163; x_wconf 74' lang='lat' dir='ltr'><strong><em>interfecto</em></strong></span> <span class='ocrx_word' id='word_1_57' title='bbox 2129 1106 2378 1166; x_wconf 82' lang='lat' dir='ltr'><strong><em>tyranno,</em></strong></span> 
     </span>
    </p>
   </div>
   <div class='ocr_carea' id='block_1_27' title="bbox 1271 1165 2382 1235">
    <p class='ocr_par' dir='ltr' id='par_1_27' title="bbox 1271 1165 2382 1235">
     <span class='ocr_line' id='line_1_27' title="bbox 1271 1165 2382 1235; baseline -0.001 -19"><span class='ocrx_word' id='word_1_58' title='bbox 1271 1184 1357 1217; x_wconf 81' lang='lat' dir='ltr'><strong><em>eos</em></strong></span> <span class='ocrx_word' id='word_1_59' title='bbox 1383 1166 1472 1234; x_wconf 90' lang='lat' dir='ltr'><strong><em>qui</em></strong></span> <span class='ocrx_word' id='word_1_60' title='bbox 1504 1165 1701 1235; x_wconf 82' lang='lat' dir='ltr'><strong><em>synodo</em></strong></span> <span class='ocrx_word' id='word_1_61' title='bbox 1732 1169 2104 1235; x_wconf 71' lang='lat' dir='ltr'><strong><em>interfuerant.</em></strong></span> <span class='ocrx_word' id='word_1_62' title='bbox 2138 1165 2382 1218; x_wconf 85' lang='lat' dir='ltr'><strong><em>cunctos-</em></strong></span> 
     </span>
    </p>
   </div>
   <div class='ocr_carea' id='block_1_28' title="bbox 1267 1233 2377 1304">
    <p class='ocr_par' dir='ltr' id='par_1_28' title="bbox 1267 1233 2377 1304">
     <span class='ocr_line' id='line_1_28' title="bbox 1267 1233 2377 1304; baseline -0.003 -17"><span class='ocrx_word' id='word_1_63' title='bbox 1267 1251 1362 1302; x_wconf 96' lang='lat' dir='ltr'><strong><em>que</em></strong></span> <span class='ocrx_word' id='word_1_64' title='bbox 1376 1233 1577 1302; x_wconf 77' lang='lat' dir='ltr'><strong><em>pariter</em></strong></span> <span class='ocrx_word' id='word_1_65' title='bbox 1593 1233 1926 1292; x_wconf 78' lang='lat' dir='ltr'><strong><em>Christianos</em></strong></span> <span class='ocrx_word' id='word_1_66' title='bbox 1944 1238 1982 1290; x_wconf 77' lang='grc' dir='ltr'><strong><em>Α</em></strong></span> <span class='ocrx_word' id='word_1_67' title='bbox 1993 1239 2062 1290; x_wconf 89' lang='lat' dir='ltr'><strong><em>rii</em></strong></span> <span class='ocrx_word' id='word_1_68' title='bbox 2081 1237 2377 1304; x_wconf 75' lang='lat' dir='ltr'><strong><em>opinionem</em></strong></span> 
     </span>
    </p>
   </div>
   <div class='ocr_carea' id='block_1_29' title="bbox 1268 1305 1782 1376">
    <p class='ocr_par' dir='ltr' id='par_1_29' title="bbox 1268 1305 1782 1376">
     <span class='ocr_line' id='line_1_29' title="bbox 1268 1305 1782 1376; baseline 0.01 -21"><span class='ocrx_word' id='word_1_69' title='bbox 1268 1305 1511 1374; x_wconf 83' lang='lat' dir='ltr'><strong><em>amplecti</em></strong></span> <span class='ocrx_word' id='word_1_70' title='bbox 1538 1309 1782 1376; x_wconf 81' lang='lat' dir='ltr'><strong><em>coegerit.</em></strong></span> 
     </span>
    </p>
   </div>
   <div class='ocr_carea' id='block_1_30' title="bbox 1201 1372 2376 1443">
    <p class='ocr_par' dir='ltr' id='par_1_30' title="bbox 1201 1372 2376 1443">
     <span class='ocr_line' id='line_1_30' title="bbox 1201 1372 2376 1443; baseline 0.005 -18"><span class='ocrx_word' id='word_1_71' title='bbox 1201 1372 1500 1438; x_wconf 85' lang='lat' dir='ltr'><strong><em>Quomodo,</em></strong></span> <span class='ocrx_word' id='word_1_72' title='bbox 1541 1372 1693 1443; x_wconf 81' lang='lat' dir='ltr'><strong><em>pulso</em></strong></span> <span class='ocrx_word' id='word_1_73' title='bbox 1731 1375 1942 1430; x_wconf 84' lang='lat' dir='ltr'><strong><em>Eleusio</em></strong></span> <span class='ocrx_word' id='word_1_74' title='bbox 1970 1375 2376 1440; x_wconf 79' lang='lat' dir='ltr'><strong><em>Macedoniano,</em></strong></span> 
     </span>
    </p>
   </div>
   <div class='ocr_carea' id='block_1_31' title="bbox 1269 1444 2379 1517">
    <p class='ocr_par' dir='ltr' id='par_1_31' title="bbox 1269 1444 2379 1517">
     <span class='ocr_line' id='line_1_31' title="bbox 1269 1444 2379 1517; baseline 0.005 -21"><span class='ocrx_word' id='word_1_75' title='bbox 1269 1444 1559 1500; x_wconf 72' lang='lat' dir='ltr'><strong><em>Eunomius</em></strong></span> <span class='ocrx_word' id='word_1_76' title='bbox 1605 1446 1786 1517; x_wconf 80' lang='lat' dir='ltr'><strong><em>Cyzici</em></strong></span> <span class='ocrx_word' id='word_1_77' title='bbox 1833 1449 2187 1516; x_wconf 82' lang='lat' dir='ltr'><strong><em>episcopatum</em></strong></span> <span class='ocrx_word' id='word_1_78' title='bbox 2252 1454 2379 1502; x_wconf 88' lang='lat' dir='ltr'><strong><em>ade-</em></strong></span> 
     </span>
    </p>
   </div>
   <div class='ocr_carea' id='block_1_32' title="bbox 1266 1517 2376 1585">
    <p class='ocr_par' dir='ltr' id='par_1_32' title="bbox 1266 1517 2376 1585">
     <span class='ocr_line' id='line_1_32' title="bbox 1266 1517 2376 1585; baseline 0.008 -23"><span class='ocrx_word' id='word_1_79' title='bbox 1266 1527 1382 1582; x_wconf 79' lang='lat' dir='ltr'><strong><em>ptus</em></strong></span> <span class='ocrx_word' id='word_1_80' title='bbox 1428 1527 1547 1580; x_wconf 81' lang='lat' dir='ltr'><strong><em>est,</em></strong></span> <span class='ocrx_word' id='word_1_81' title='bbox 1596 1527 1644 1570; x_wconf 91' lang='lat' dir='ltr'><strong><em>et</em></strong></span> <span class='ocrx_word' id='word_1_82' title='bbox 1687 1517 1823 1570; x_wconf 86' lang='lat' dir='ltr'><strong><em>unde</em></strong></span> <span class='ocrx_word' id='word_1_83' title='bbox 1865 1527 2012 1569; x_wconf 89' lang='lat' dir='ltr'><strong><em>ortus</em></strong></span> <span class='ocrx_word' id='word_1_84' title='bbox 2066 1517 2226 1585; x_wconf 75' lang='lat' dir='ltr'><strong><em>fuerit</em></strong></span> <span class='ocrx_word' id='word_1_85' title='bbox 2265 1536 2277 1569; x_wconf 93' lang='lat'><strong>:</strong></span> <span class='ocrx_word' id='word_1_86' title='bbox 2327 1527 2376 1571; x_wconf 89' lang='lat' dir='ltr'><strong><em>et</em></strong></span> 
     </span>
    </p>
   </div>
   <div class='ocr_carea' id='block_1_33' title="bbox 1265 1587 2374 1655">
    <p class='ocr_par' dir='ltr' id='par_1_33' title="bbox 1265 1587 2374 1655">
     <span class='ocr_line' id='line_1_33' title="bbox 1265 1587 2374 1655; baseline 0.005 -19"><span class='ocrx_word' id='word_1_87' title='bbox 1265 1587 1402 1651; x_wconf 83' lang='lat' dir='ltr'><strong><em>quod</em></strong></span> <span class='ocrx_word' id='word_1_88' title='bbox 1433 1604 1548 1639; x_wconf 87' lang='lat' dir='ltr'><strong><em>cum</em></strong></span> <span class='ocrx_word' id='word_1_89' title='bbox 1584 1590 1825 1640; x_wconf 75' lang='lat' dir='ltr'><strong><em>notarius</em></strong></span> <span class='ocrx_word' id='word_1_90' title='bbox 1868 1598 1998 1640; x_wconf 82' lang='lat' dir='ltr'><strong><em>esset</em></strong></span> <span class='ocrx_word' id='word_1_91' title='bbox 2037 1588 2173 1639; x_wconf 81' lang='lat' dir='ltr'><strong><em>Aetii</em></strong></span> <span class='ocrx_word' id='word_1_92' title='bbox 2202 1589 2374 1655; x_wconf 84' lang='lat' dir='ltr'><strong><em>impii,</em></strong></span> 
     </span>
    </p>
   </div>
   <div class='ocr_carea' id='block_1_34' title="bbox 1269 1656 2216 1724">
    <p class='ocr_par' dir='ltr' id='par_1_34' title="bbox 1269 1656 2216 1724">
     <span class='ocr_line' id='line_1_34' title="bbox 1269 1656 2216 1724; baseline 0.004 -18"><span class='ocrx_word' id='word_1_93' title='bbox 1269 1656 1418 1707; x_wconf 76' lang='lat' dir='ltr'><strong><em>illuni</em></strong></span> <span class='ocrx_word' id='word_1_94' title='bbox 1450 1659 1549 1708; x_wconf 78' lang='lat' dir='ltr'><strong><em>sibi</em></strong></span> <span class='ocrx_word' id='word_1_95' title='bbox 1579 1657 1888 1709; x_wconf 86' lang='lat' dir='ltr'><strong><em>imitandum</em></strong></span> <span class='ocrx_word' id='word_1_96' title='bbox 1925 1659 2216 1724; x_wconf 84' lang='lat' dir='ltr'><strong><em>proposuit.</em></strong></span> 
     </span>
    </p>
   </div>
   <div class='ocr_carea' id='block_1_35' title="bbox 1200 1724 2375 1795">
    <p class='ocr_par' dir='ltr' id='par_1_35' title="bbox 1200 1724 2375 1795">
     <span class='ocr_line' id='line_1_35' title="bbox 1200 1724 2375 1795; baseline 0.003 -17"><span class='ocrx_word' id='word_1_97' title='bbox 1200 1724 1276 1778; x_wconf 87' lang='lat' dir='ltr'><strong><em>De</em></strong></span> <span class='ocrx_word' id='word_1_98' title='bbox 1299 1728 1512 1778; x_wconf 74' lang='lat' dir='ltr'><strong><em>orarnlo</em></strong></span> <span class='ocrx_word' id='word_1_99' title='bbox 1535 1727 1672 1795; x_wconf 90' lang='lat' dir='ltr'><strong><em>quod</em></strong></span> <span class='ocrx_word' id='word_1_100' title='bbox 1699 1729 1752 1778; x_wconf 90' lang='lat' dir='ltr'><strong><em>in</em></strong></span> <span class='ocrx_word' id='word_1_101' title='bbox 1789 1728 1962 1792; x_wconf 89' lang='lat' dir='ltr'><strong><em>lapide</em></strong></span> <span class='ocrx_word' id='word_1_102' title='bbox 1999 1729 2167 1780; x_wconf 90' lang='lat' dir='ltr'><strong><em>inciso</em></strong></span> <span class='ocrx_word' id='word_1_103' title='bbox 2199 1730 2375 1781; x_wconf 81' lang='lat' dir='ltr'><strong><em>inven-</em></strong></span> 
     </span>
    </p>
   </div>
   <div class='ocr_carea' id='block_1_36' title="bbox 1267 1795 2376 1858">
    <p class='ocr_par' dir='ltr' id='par_1_36' title="bbox 1267 1795 2376 1858">
     <span class='ocr_line' id='line_1_36' title="bbox 1267 1795 2376 1858; baseline 0.001 -9"><span class='ocrx_word' id='word_1_104' title='bbox 1267 1808 1374 1849; x_wconf 88' lang='lat' dir='ltr'><strong><em>tunt</em></strong></span> <span class='ocrx_word' id='word_1_105' title='bbox 1407 1806 1505 1858; x_wconf 88' lang='lat' dir='ltr'><strong><em>est,</em></strong></span> <span class='ocrx_word' id='word_1_106' title='bbox 1537 1807 1657 1849; x_wconf 89' lang='lat' dir='ltr'><strong><em>tunc</em></strong></span> <span class='ocrx_word' id='word_1_107' title='bbox 1693 1813 1808 1849; x_wconf 89' lang='lat' dir='ltr'><strong><em>cum</em></strong></span> <span class='ocrx_word' id='word_1_108' title='bbox 1845 1795 2206 1850; x_wconf 84' lang='lat' dir='ltr'><strong><em>Chalcedonos</em></strong></span> <span class='ocrx_word' id='word_1_109' title='bbox 2238 1800 2376 1850; x_wconf 88' lang='lat' dir='ltr'><strong><em>muri</em></strong></span> 
     </span>
    </p>
   </div>
   <div class='ocr_carea' id='block_1_37' title="bbox 1267 1865 2374 1936">
    <p class='ocr_par' dir='ltr' id='par_1_37' title="bbox 1267 1865 2374 1936">
     <span class='ocr_line' id='line_1_37' title="bbox 1267 1865 2374 1936; baseline 0.002 -18"><span class='ocrx_word' id='word_1_110' title='bbox 1267 1869 1328 1918; x_wconf 91' lang='lat' dir='ltr'><strong><em>ob</em></strong></span> <span class='ocrx_word' id='word_1_111' title='bbox 1385 1867 1524 1918; x_wconf 89' lang='lat' dir='ltr'><strong><em>iram</em></strong></span> <span class='ocrx_word' id='word_1_112' title='bbox 1577 1865 1808 1919; x_wconf 76' lang='lat' dir='ltr'><strong><em>Valentis</em></strong></span> <span class='ocrx_word' id='word_1_113' title='bbox 1867 1869 2089 1936; x_wconf 80' lang='lat' dir='ltr'><strong><em>Augusti</em></strong></span> <span class='ocrx_word' id='word_1_114' title='bbox 2133 1867 2374 1920; x_wconf 84' lang='lat' dir='ltr'><strong><em>destrue-</em></strong></span> 
     </span>
    </p>
   </div>
   <div class='ocr_carea' id='block_1_38' title="bbox 1268 1947 1469 1988">
    <p class='ocr_par' dir='ltr' id='par_1_38' title="bbox 1268 1947 1469 1988">
     <span class='ocr_line' id='line_1_38' title="bbox 1268 1947 1469 1988; baseline 0 -1"><span class='ocrx_word' id='word_1_115' title='bbox 1268 1947 1469 1988; x_wconf 85' lang='lat' dir='ltr'><strong><em>rentur.</em></strong></span> 
     </span>
    </p>
   </div>
   <div class='ocr_carea' id='block_1_39' title="bbox 1195 2002 2375 2072">
    <p class='ocr_par' dir='ltr' id='par_1_39' title="bbox 1195 2002 2375 2072">
     <span class='ocr_line' id='line_1_39' title="bbox 1195 2002 2375 2072; baseline 0 -15"><span class='ocrx_word' id='word_1_116' title='bbox 1195 2005 1468 2071; x_wconf 83' lang='lat' dir='ltr'><strong><em>Quomodo</em></strong></span> <span class='ocrx_word' id='word_1_117' title='bbox 1523 2005 1810 2072; x_wconf 89' lang='lat' dir='ltr'><strong><em>intperator</em></strong></span> <span class='ocrx_word' id='word_1_118' title='bbox 1872 2004 2062 2057; x_wconf 80' lang='lat' dir='ltr'><strong><em>Valens</em></strong></span> <span class='ocrx_word' id='word_1_119' title='bbox 2114 2002 2375 2058; x_wconf 81' lang='lat' dir='ltr'><strong><em>Novatia—</em></strong></span> 
     </span>
    </p>
   </div>
   <div class='ocr_carea' id='block_1_40' title="bbox 1263 2073 2370 2141">
    <p class='ocr_par' dir='ltr' id='par_1_40' title="bbox 1263 2073 2370 2141">
     <span class='ocr_line' id='line_1_40' title="bbox 1263 2073 2370 2141; baseline 0 -15"><span class='ocrx_word' id='word_1_120' title='bbox 1263 2093 1376 2133; x_wconf 82' lang='lat' dir='ltr'><strong><em>nos.</em></strong></span> <span class='ocrx_word' id='word_1_121' title='bbox 1421 2077 1509 2141; x_wconf 89' lang='lat' dir='ltr'><strong><em>qui</em></strong></span> <span class='ocrx_word' id='word_1_122' title='bbox 1555 2075 2026 2127; x_wconf 75' lang='lat' dir='ltr'><strong><em>consubstantialis</em></strong></span> <span class='ocrx_word' id='word_1_123' title='bbox 2071 2073 2370 2128; x_wconf 84' lang='lat' dir='ltr'><strong><em>doctrinam</em></strong></span> 
     </span>
    </p>
   </div>
   <div class='ocr_carea' id='block_1_41' title="bbox 1262 2145 2372 2211">
    <p class='ocr_par' dir='ltr' id='par_1_41' title="bbox 1262 2145 2372 2211">
     <span class='ocr_line' id='line_1_41' title="bbox 1262 2145 2372 2211; baseline 0.001 -16"><span class='ocrx_word' id='word_1_124' title='bbox 1262 2147 1474 2211; x_wconf 86' lang='lat' dir='ltr'><strong><em>perinde</em></strong></span> <span class='ocrx_word' id='word_1_125' title='bbox 1513 2161 1574 2197; x_wconf 91' lang='lat' dir='ltr'><strong><em>ac</em></strong></span> <span class='ocrx_word' id='word_1_126' title='bbox 1612 2145 1874 2198; x_wconf 81' lang='lat' dir='ltr'><strong><em>Catholici</em></strong></span> <span class='ocrx_word' id='word_1_127' title='bbox 1912 2145 2217 2211; x_wconf 84' lang='lat' dir='ltr'><strong><em>tuebantur,</em></strong></span> <span class='ocrx_word' id='word_1_128' title='bbox 2254 2162 2372 2211; x_wconf 88' lang='lat' dir='ltr'><strong><em>per-</em></strong></span> 
     </span>
    </p>
   </div>
   <div class='ocr_carea' id='block_1_42' title="bbox 1264 2220 1591 2268">
    <p class='ocr_par' dir='ltr' id='par_1_42' title="bbox 1264 2220 1591 2268">
     <span class='ocr_line' id='line_1_42' title="bbox 1264 2220 1591 2268; baseline 0.015 -6"><span class='ocrx_word' id='word_1_129' title='bbox 1264 2225 1470 2268; x_wconf 66' lang='lat' dir='ltr'><strong><em>secutus</em></strong></span> <span class='ocrx_word' id='word_1_130' title='bbox 1502 2220 1591 2268; x_wconf 85' lang='lat' dir='ltr'><strong><em>sit.</em></strong></span> 
     </span>
    </p>
   </div>
   <div class='ocr_carea' id='block_1_43' title="bbox 1192 2283 2372 2366">
    <p class='ocr_par' dir='ltr' id='par_1_43' title="bbox 1192 2283 2372 2366">
     <span class='ocr_line' id='line_1_43' title="bbox 1192 2283 2372 2366; baseline 0.003 -30"><span class='ocrx_word' id='word_1_131' title='bbox 1192 2287 1341 2351; x_wconf 89' lang='lat' dir='ltr'><strong><em>Quod</em></strong></span> <span class='ocrx_word' id='word_1_132' title='bbox 1366 2287 1648 2366; x_wconf 58' lang='lat' dir='ltr'><strong><em>imperator</em></strong></span> <span class='ocrx_word' id='word_1_133' title='bbox 1677 2283 2260 2366; x_wconf 71' lang='lat' dir='ltr'><strong><em>Valentinianus/ilium</em></strong></span> <span class='ocrx_word' id='word_1_134' title='bbox 2285 2303 2372 2354; x_wconf 83' lang='lat' dir='ltr'><strong><em>ge—</em></strong></span> 
     </span>
    </p>
   </div>
   <div class='ocr_carea' id='block_1_44' title="bbox 1263 2355 2367 2416">
    <p class='ocr_par' dir='ltr' id='par_1_44' title="bbox 1263 2355 2367 2416">
     <span class='ocr_line' id='line_1_44' title="bbox 1263 2355 2367 2416; baseline 0.001 -9"><span class='ocrx_word' id='word_1_135' title='bbox 1263 2360 1374 2408; x_wconf 85' lang='lat' dir='ltr'><strong><em>nuit</em></strong></span> <span class='ocrx_word' id='word_1_136' title='bbox 1423 2355 1874 2416; x_wconf 76' lang='lat' dir='ltr'><strong><em>Valentinianum,</em></strong></span> <span class='ocrx_word' id='word_1_137' title='bbox 1902 2371 2015 2406; x_wconf 77' lang='lat' dir='ltr'><strong><em>rum</em></strong></span> <span class='ocrx_word' id='word_1_138' title='bbox 2053 2355 2367 2408; x_wconf 77' lang='lat' dir='ltr'><strong><em>Gratianum</em></strong></span> 
     </span>
    </p>
   </div>
   <div class='ocr_carea' id='block_1_45' title="bbox 1261 2426 2367 2492">
    <p class='ocr_par' dir='ltr' id='par_1_45' title="bbox 1261 2426 2367 2492">
     <span class='ocr_line' id='line_1_45' title="bbox 1261 2426 2367 2492; baseline 0.004 -16"><span class='ocrx_word' id='word_1_139' title='bbox 1261 2427 1431 2491; x_wconf 81' lang='lat' dir='ltr'><strong><em>[ilium</em></strong></span> <span class='ocrx_word' id='word_1_140' title='bbox 1477 2436 1596 2478; x_wconf 87' lang='lat' dir='ltr'><strong><em>ante</em></strong></span> <span class='ocrx_word' id='word_1_141' title='bbox 1647 2426 1917 2492; x_wconf 88' lang='lat' dir='ltr'><strong><em>imperium</em></strong></span> <span class='ocrx_word' id='word_1_142' title='bbox 1967 2441 2121 2477; x_wconf 87' lang='lat' dir='ltr'><strong><em>suum</em></strong></span> <span class='ocrx_word' id='word_1_143' title='bbox 2186 2443 2367 2480; x_wconf 78' lang='lat' dir='ltr'><strong><em>susce-</em></strong></span> 
     </span>
    </p>
   </div>
   <div class='ocr_carea' id='block_1_46' title="bbox 1261 2499 1443 2563">
    <p class='ocr_par' dir='ltr' id='par_1_46' title="bbox 1261 2499 1443 2563">
     <span class='ocr_line' id='line_1_46' title="bbox 1261 2499 1443 2563; baseline 0.016 -17"><span class='ocrx_word' id='word_1_144' title='bbox 1261 2499 1443 2563; x_wconf 77' lang='lat' dir='ltr'><strong><em>pisset.</em></strong></span> 
     </span>
    </p>
   </div>
   <div class='ocr_carea' id='block_1_47' title="bbox 1192 2563 2370 2634">
    <p class='ocr_par' dir='ltr' id='par_1_47' title="bbox 1192 2563 2370 2634">
     <span class='ocr_line' id='line_1_47' title="bbox 1192 2563 2370 2634; baseline -0.004 -15"><span class='ocrx_word' id='word_1_145' title='bbox 1192 2565 1265 2619; x_wconf 86' lang='lat' dir='ltr'><strong><em>De</em></strong></span> <span class='ocrx_word' id='word_1_146' title='bbox 1287 2568 1552 2619; x_wconf 75' lang='lat' dir='ltr'><strong><em>inusitattc</em></strong></span> <span class='ocrx_word' id='word_1_147' title='bbox 1577 2563 1954 2634; x_wconf 83' lang='lat' dir='ltr'><strong><em>magnitudinis</em></strong></span> <span class='ocrx_word' id='word_1_148' title='bbox 1982 2564 2235 2632; x_wconf 82' lang='lat' dir='ltr'><strong><em>grandine</em></strong></span> <span class='ocrx_word' id='word_1_149' title='bbox 2255 2582 2370 2633; x_wconf 80' lang='lat' dir='ltr'><strong><em>qum</em></strong></span> 
     </span>
    </p>
   </div>
   <div class='ocr_carea' id='block_1_48' title="bbox 1259 2635 2368 2699">
    <p class='ocr_par' dir='ltr' id='par_1_48' title="bbox 1259 2635 2368 2699">
     <span class='ocr_line' id='line_1_48' title="bbox 1259 2635 2368 2699; baseline 0 -11"><span class='ocrx_word' id='word_1_150' title='bbox 1259 2638 1442 2688; x_wconf 82' lang='lat' dir='ltr'><strong><em>cecidit</em></strong></span> <span class='ocrx_word' id='word_1_151' title='bbox 1489 2654 1517 2690; x_wconf 91' lang='lat' dir='ltr'><strong><em>e</em></strong></span> <span class='ocrx_word' id='word_1_152' title='bbox 1575 2639 1722 2699; x_wconf 74' lang='grc' dir='ltr'><em>τωιυ,</em></span> <span class='ocrx_word' id='word_1_153' title='bbox 1752 2645 1799 2688; x_wconf 90' lang='lat' dir='ltr'><strong><em>et</em></strong></span> <span class='ocrx_word' id='word_1_154' title='bbox 1849 2635 1910 2687; x_wconf 88' lang='lat' dir='ltr'><strong><em>de</em></strong></span> <span class='ocrx_word' id='word_1_155' title='bbox 1949 2647 2098 2687; x_wconf 68' lang='lat' dir='ltr'><strong><em>terra’</em></strong></span> <span class='ocrx_word' id='word_1_156' title='bbox 2144 2637 2368 2688; x_wconf 86' lang='lat' dir='ltr'><strong><em>motibus</em></strong></span> 
     </span>
    </p>
   </div>
   <div class='ocr_carea' id='block_1_49' title="bbox 1259 2705 2233 2774">
    <p class='ocr_par' dir='ltr' id='par_1_49' title="bbox 1259 2705 2233 2774">
     <span class='ocr_line' id='line_1_49' title="bbox 1259 2705 2233 2774; baseline -0.003 -14"><span class='ocrx_word' id='word_1_157' title='bbox 1259 2723 1349 2774; x_wconf 82' lang='lat' dir='ltr'><strong><em>per</em></strong></span> <span class='ocrx_word' id='word_1_158' title='bbox 1393 2707 1785 2773; x_wconf 81' lang='lat' dir='ltr'><strong><em>Hellespontum</em></strong></span> <span class='ocrx_word' id='word_1_159' title='bbox 1815 2722 1876 2757; x_wconf 91' lang='lat' dir='ltr'><strong><em>ac</em></strong></span> <span class='ocrx_word' id='word_1_160' title='bbox 1911 2705 2233 2772; x_wconf 78' lang='lat' dir='ltr'><strong><em>Bithyniam.</em></strong></span> 
     </span>
    </p>
   </div>
   <div class='ocr_carea' id='block_1_50' title="bbox 1191 2775 2369 2842">
    <p class='ocr_par' dir='ltr' id='par_1_50' title="bbox 1191 2775 2369 2842">
     <span class='ocr_line' id='line_1_50' title="bbox 1191 2775 2369 2842; baseline 0.003 -14"><span class='ocrx_word' id='word_1_161' title='bbox 1191 2775 1462 2842; x_wconf 79' lang='lat' dir='ltr'><strong><em>Quomodo</em></strong></span> <span class='ocrx_word' id='word_1_162' title='bbox 1493 2775 1862 2829; x_wconf 84' lang='lat' dir='ltr'><strong><em>Macedoniaui</em></strong></span> <span class='ocrx_word' id='word_1_163' title='bbox 1897 2786 2104 2839; x_wconf 86' lang='lat' dir='ltr'><strong><em>propter</em></strong></span> <span class='ocrx_word' id='word_1_164' title='bbox 2145 2779 2369 2842; x_wconf 84' lang='lat' dir='ltr'><strong><em>impera-</em></strong></span> 
     </span>
    </p>
   </div>
   <div class='ocr_carea' id='block_1_51' title="bbox 1261 2847 2369 2914">
    <p class='ocr_par' dir='ltr' id='par_1_51' title="bbox 1261 2847 2369 2914">
     <span class='ocr_line' id='line_1_51' title="bbox 1261 2847 2369 2914; baseline -0.001 -16"><span class='ocrx_word' id='word_1_165' title='bbox 1261 2852 1389 2899; x_wconf 85' lang='lat' dir='ltr'><strong><em>toris</em></strong></span> <span class='ocrx_word' id='word_1_166' title='bbox 1421 2855 1668 2901; x_wconf 71' lang='lat' dir='ltr'><strong><em>attversus</em></strong></span> <span class='ocrx_word' id='word_1_167' title='bbox 1700 2850 1840 2914; x_wconf 77' lang='lat' dir='ltr'><strong><em>ipsos</em></strong></span> <span class='ocrx_word' id='word_1_168' title='bbox 1875 2847 2176 2898; x_wconf 84' lang='lat' dir='ltr'><strong><em>violentiam</em></strong></span> <span class='ocrx_word' id='word_1_169' title='bbox 2201 2849 2252 2897; x_wconf 91' lang='lat' dir='ltr'><strong><em>in</em></strong></span> <span class='ocrx_word' id='word_1_170' title='bbox 2281 2867 2369 2900; x_wconf 78' lang='lat' dir='ltr'><strong><em>(It:-</em></strong></span> 
     </span>
    </p>
   </div>
   <div class='ocr_carea' id='block_1_52' title="bbox 1261 2915 2366 2984">
    <p class='ocr_par' dir='ltr' id='par_1_52' title="bbox 1261 2915 2366 2984">
     <span class='ocr_line' id='line_1_52' title="bbox 1261 2915 2366 2984; baseline 0.002 -16"><span class='ocrx_word' id='word_1_171' title='bbox 1261 2921 1466 2984; x_wconf 68' lang='lat' dir='ltr'><strong><em>gustias</em></strong></span> <span class='ocrx_word' id='word_1_172' title='bbox 1509 2919 1726 2979; x_wconf 85' lang='lat' dir='ltr'><strong><em>redacti,</em></strong></span> <span class='ocrx_word' id='word_1_173' title='bbox 1771 2916 1932 2968; x_wconf 82' lang='lat' dir='ltr'><strong><em>missa</em></strong></span> <span class='ocrx_word' id='word_1_174' title='bbox 1979 2915 2047 2968; x_wconf 88' lang='lat' dir='ltr'><strong><em>ad</em></strong></span> <span class='ocrx_word' id='word_1_175' title='bbox 2096 2915 2366 2970; x_wconf 85' lang='lat' dir='ltr'><strong><em>Liberium</em></strong></span> 
     </span>
    </p>
   </div>
   <div class='ocr_carea' id='block_1_53' title="bbox 1265 2986 2370 3056">
    <p class='ocr_par' dir='ltr' id='par_1_53' title="bbox 1265 2986 2370 3056">
     <span class='ocr_line' id='line_1_53' title="bbox 1265 2986 2370 3056; baseline 0.004 -18"><span class='ocrx_word' id='word_1_176' title='bbox 1265 2988 1552 3040; x_wconf 73' lang='lat' dir='ltr'><strong><em>Romanum</em></strong></span> <span class='ocrx_word' id='word_1_177' title='bbox 1583 2991 1877 3056; x_wconf 87' lang='lat' dir='ltr'><strong><em>episcopum</em></strong></span> <span class='ocrx_word' id='word_1_178' title='bbox 1933 2986 2210 3054; x_wconf 79' lang='lat' dir='ltr'><strong><em>legatione,</em></strong></span> <span class='ocrx_word' id='word_1_179' title='bbox 2243 2991 2370 3056; x_wconf 74' lang='lat' dir='ltr'><strong><em>fidei</em></strong></span> 
     </span>
    </p>
   </div>
   <div class='ocr_carea' id='block_1_54' title="bbox 1260 3056 2190 3121">
    <p class='ocr_par' dir='ltr' id='par_1_54' title="bbox 1260 3056 2190 3121">
     <span class='ocr_line' id='line_1_54' title="bbox 1260 3056 2190 3121; baseline -0.001 -11"><span class='ocrx_word' id='word_1_180' title='bbox 1260 3058 1724 3110; x_wconf 77' lang='lat' dir='ltr'><strong><em>consu’2stantialis</em></strong></span> <span class='ocrx_word' id='word_1_181' title='bbox 1754 3056 2190 3121; x_wconf 66' lang='lat' dir='ltr'><strong><em>subscripserunt.</em></strong></span> 
     </span>
    </p>
   </div>
   <div class='ocr_carea' id='block_1_55' title="bbox 1191 3125 2365 3194">
    <p class='ocr_par' dir='ltr' id='par_1_55' title="bbox 1191 3125 2365 3194">
     <span class='ocr_line' id='line_1_55' title="bbox 1191 3125 2365 3194; baseline 0.001 -14"><span class='ocrx_word' id='word_1_182' title='bbox 1191 3129 1461 3194; x_wconf 80' lang='lat' dir='ltr'><strong><em>Quomodo</em></strong></span> <span class='ocrx_word' id='word_1_183' title='bbox 1498 3127 1790 3180; x_wconf 73' lang='lat' dir='ltr'><strong><em>Eunomius</em></strong></span> <span class='ocrx_word' id='word_1_184' title='bbox 1823 3141 1876 3178; x_wconf 91' lang='lat' dir='ltr'><strong><em>se</em></strong></span> <span class='ocrx_word' id='word_1_185' title='bbox 1920 3126 1982 3178; x_wconf 90' lang='lat' dir='ltr'><strong><em>ab</em></strong></span> <span class='ocrx_word' id='word_1_186' title='bbox 2009 3125 2251 3179; x_wconf 74' lang='lat' dir='ltr'><strong><em>Eudoxio</em></strong></span> <span class='ocrx_word' id='word_1_187' title='bbox 2283 3145 2365 3181; x_wconf 87' lang='lat' dir='ltr'><strong><em>se-</em></strong></span> 
     </span>
    </p>
   </div>
   <div class='ocr_carea' id='block_1_56' title="bbox 1249 3196 2364 3266">
    <p class='ocr_par' dir='ltr' id='par_1_56' title="bbox 1249 3196 2364 3266">
     <span class='ocr_line' id='line_1_56' title="bbox 1249 3196 2364 3266; baseline 0.001 -16"><span class='ocrx_word' id='word_1_188' title='bbox 1249 3200 1454 3266; x_wconf 88' lang='lat' dir='ltr'><strong><em>jun.rit.</em></strong></span> <span class='ocrx_word' id='word_1_189' title='bbox 1489 3215 1548 3250; x_wconf 88' lang='lat' dir='ltr'><strong><em>eo</em></strong></span> <span class='ocrx_word' id='word_1_190' title='bbox 1582 3198 1718 3266; x_wconf 90' lang='lat' dir='ltr'><strong><em>quod</em></strong></span> <span class='ocrx_word' id='word_1_191' title='bbox 1758 3197 1908 3248; x_wconf 77' lang='lat' dir='ltr'><strong><em>Aetio</em></strong></span> <span class='ocrx_word' id='word_1_192' title='bbox 1955 3196 2199 3249; x_wconf 87' lang='lat' dir='ltr'><strong><em>addictus</em></strong></span> <span class='ocrx_word' id='word_1_193' title='bbox 2240 3211 2364 3251; x_wconf 86' lang='lat' dir='ltr'><strong><em>est:</em></strong></span> 
     </span>
    </p>
   </div>
   <div class='ocr_carea' id='block_1_57' title="bbox 1255 3266 2367 3336">
    <p class='ocr_par' dir='ltr' id='par_1_57' title="bbox 1255 3266 2367 3336">
     <span class='ocr_line' id='line_1_57' title="bbox 1255 3266 2367 3336; baseline -0.002 -15"><span class='ocrx_word' id='word_1_194' title='bbox 1255 3279 1303 3321; x_wconf 93' lang='lat' dir='ltr'><strong><em>et</em></strong></span> <span class='ocrx_word' id='word_1_195' title='bbox 1330 3269 1586 3335; x_wconf 89' lang='lat' dir='ltr'><strong><em>quomodo</em></strong></span> <span class='ocrx_word' id='word_1_196' title='bbox 1629 3267 1857 3321; x_wconf 87' lang='lat' dir='ltr'><strong><em>tumultu</em></strong></span> <span class='ocrx_word' id='word_1_197' title='bbox 1902 3266 2234 3319; x_wconf 76' lang='lat' dir='ltr'><strong><em>Alexandriw</em></strong></span> <span class='ocrx_word' id='word_1_198' title='bbox 2275 3285 2367 3336; x_wconf 90' lang='lat' dir='ltr'><strong><em>per</em></strong></span> 
     </span>
    </p>
   </div>
   <div class='ocr_carea' id='block_1_58' title="bbox 1260 3336 2366 3405">
    <p class='ocr_par' dir='ltr' id='par_1_58' title="bbox 1260 3336 2366 3405">
     <span class='ocr_line' id='line_1_58' title="bbox 1260 3336 2366 3405; baseline 0.001 -15"><span class='ocrx_word' id='word_1_199' title='bbox 1260 3338 1560 3390; x_wconf 74' lang='lat' dir='ltr'><strong><em>Eudoxrum</em></strong></span> <span class='ocrx_word' id='word_1_200' title='bbox 1627 3338 1859 3392; x_wconf 76' lang='lat' dir='ltr'><strong><em>excitato</em></strong></span> <span class='ocrx_word' id='word_1_201' title='bbox 1894 3375 1908 3395; x_wconf 88' lang='lat'><strong><em>,</em></strong></span> <span class='ocrx_word' id='word_1_202' title='bbox 1964 3338 2152 3388; x_wconf 87' lang='lat' dir='ltr'><strong><em>iterum</em></strong></span> <span class='ocrx_word' id='word_1_203' title='bbox 2229 3336 2366 3405; x_wconf 78' lang='lat' dir='ltr'><strong><em>fugit</em></strong></span> 
     </span>
    </p>
   </div>
   <div class='ocr_carea' id='block_1_59' title="bbox 1260 3405 2364 3476">
    <p class='ocr_par' dir='ltr' id='par_1_59' title="bbox 1260 3405 2364 3476">
     <span class='ocr_line' id='line_1_59' title="bbox 1260 3405 2364 3476; baseline -0.001 -14"><span class='ocrx_word' id='word_1_204' title='bbox 1260 3409 1579 3462; x_wconf 75' lang='lat' dir='ltr'><strong><em>Athanasius</em></strong></span> <span class='ocrx_word' id='word_1_205' title='bbox 1607 3425 1626 3454; x_wconf 83' lang='lat'><strong><em>.°</em></strong></span> <span class='ocrx_word' id='word_1_206' title='bbox 1663 3423 1882 3476; x_wconf 88' lang='lat' dir='ltr'><strong><em>cumque</em></strong></span> <span class='ocrx_word' id='word_1_207' title='bbox 1928 3405 1988 3458; x_wconf 85' lang='lat' dir='ltr'><strong><em>ob</em></strong></span> <span class='ocrx_word' id='word_1_208' title='bbox 2048 3407 2101 3458; x_wconf 91' lang='lat' dir='ltr'><strong><em>id</em></strong></span> <span class='ocrx_word' id='word_1_209' title='bbox 2143 3410 2364 3474; x_wconf 84' lang='lat' dir='ltr'><strong><em>populus</em></strong></span> 
     </span>
    </p>
   </div>
   <div class='ocr_carea' id='block_1_60' title="bbox 1256 3477 2366 3540">
    <p class='ocr_par' dir='ltr' id='par_1_60' title="bbox 1256 3477 2366 3540">
     <span class='ocr_line' id='line_1_60' title="bbox 1256 3477 2366 3540; baseline -0.002 -8"><span class='ocrx_word' id='word_1_210' title='bbox 1256 3479 1562 3532; x_wconf 80' lang='lat' dir='ltr'><strong><em>seditionem</em></strong></span> <span class='ocrx_word' id='word_1_211' title='bbox 1609 3479 1869 3536; x_wconf 75' lang='lat' dir='ltr'><strong><em>movisset,</em></strong></span> <span class='ocrx_word' id='word_1_212' title='bbox 1905 3477 2093 3528; x_wconf 88' lang='lat' dir='ltr'><strong><em>timens</em></strong></span> <span class='ocrx_word' id='word_1_213' title='bbox 2137 3478 2366 3540; x_wconf 84' lang='lat' dir='ltr'><strong><em>impera—</em></strong></span> 
     </span>
    </p>
   </div>
   <div class='ocr_carea' id='block_1_61' title="bbox 1258 3545 2363 3616">
    <p class='ocr_par' dir='ltr' id='par_1_61' title="bbox 1258 3545 2363 3616">
     <span class='ocr_line' id='line_1_61' title="bbox 1258 3545 2363 3616; baseline 0 -16"><span class='ocrx_word' id='word_1_214' title='bbox 1258 3560 1358 3606; x_wconf 82' lang='lat' dir='ltr'><strong><em>tor.</em></strong></span> <span class='ocrx_word' id='word_1_215' title='bbox 1396 3549 1574 3601; x_wconf 86' lang='lat' dir='ltr'><strong><em>lenitis</em></strong></span> <span class='ocrx_word' id='word_1_216' title='bbox 1609 3565 1700 3616; x_wconf 90' lang='lat' dir='ltr'><strong><em>per</em></strong></span> <span class='ocrx_word' id='word_1_217' title='bbox 1727 3547 1930 3616; x_wconf 76' lang='lat' dir='ltr'><strong><em>litteras</em></strong></span> <span class='ocrx_word' id='word_1_218' title='bbox 1964 3545 2363 3611; x_wconf 75' lang='lat' dir='ltr'><strong><em>Alexandrinis,</em></strong></span> 
     </span>
    </p>
   </div>
   <div class='ocr_carea' id='block_1_62' title="bbox 1256 3615 2365 3671">
    <p class='ocr_par' dir='ltr' id='par_1_62' title="bbox 1256 3615 2365 3671">
     <span class='ocr_line' id='line_1_62' title="bbox 1256 3615 2365 3671; baseline -0.002 0"><span class='ocrx_word' id='word_1_219' title='bbox 1256 3615 1615 3671; x_wconf 77' lang='lat' dir='ltr'><strong><em>Athanasium</em></strong></span> <span class='ocrx_word' id='word_1_220' title='bbox 1659 3620 1828 3671; x_wconf 89' lang='lat' dir='ltr'><strong><em>denuo</em></strong></span> <span class='ocrx_word' id='word_1_221' title='bbox 1868 3615 2161 3668; x_wconf 77' lang='lat' dir='ltr'><strong><em>Ecclesium</em></strong></span> <span class='ocrx_word' id='word_1_222' title='bbox 2211 3634 2365 3669; x_wconf 90' lang='lat' dir='ltr'><strong><em>suam</em></strong></span> 
     </span>
    </p>
   </div>
   <div class='ocr_carea' id='block_1_63' title="bbox 1257 3689 1705 3755">
    <p class='ocr_par' dir='ltr' id='par_1_63' title="bbox 1257 3689 1705 3755">
     <span class='ocr_line' id='line_1_63' title="bbox 1257 3689 1705 3755; baseline 0.002 -17"><span class='ocrx_word' id='word_1_223' title='bbox 1257 3689 1491 3741; x_wconf 88' lang='lat' dir='ltr'><strong><em>obtinere</em></strong></span> <span class='ocrx_word' id='word_1_224' title='bbox 1520 3690 1705 3755; x_wconf 87' lang='lat' dir='ltr'><strong><em>jussit.</em></strong></span> 
     </span>
    </p>
   </div>
   <div class='ocr_carea' id='block_1_64' title="bbox 1192 3754 2365 3824">
    <p class='ocr_par' dir='ltr' id='par_1_64' title="bbox 1192 3754 2365 3824">
     <span class='ocr_line' id='line_1_64' title="bbox 1192 3754 2365 3824; baseline -0.002 -14"><span class='ocrx_word' id='word_1_225' title='bbox 1192 3759 1487 3824; x_wconf 89' lang='lat' dir='ltr'><strong><em>Quomodo,</em></strong></span> <span class='ocrx_word' id='word_1_226' title='bbox 1517 3754 1723 3810; x_wconf 86' lang='lat' dir='ltr'><strong><em>mortuo</em></strong></span> <span class='ocrx_word' id='word_1_227' title='bbox 1750 3754 2218 3823; x_wconf 88' lang='lat' dir='ltr'><strong><em>Constantinopoli</em></strong></span> <span class='ocrx_word' id='word_1_228' title='bbox 2251 3755 2365 3809; x_wconf 86' lang='lat' dir='ltr'><strong><em>Eu-</em></strong></span> 
     </span>
    </p>
   </div>
   <div class='ocr_carea' id='block_1_65' title="bbox 1257 3825 2364 3896">
    <p class='ocr_par' dir='ltr' id='par_1_65' title="bbox 1257 3825 2364 3896">
     <span class='ocr_line' id='line_1_65' title="bbox 1257 3825 2364 3896; baseline -0.002 -16"><span class='ocrx_word' id='word_1_229' title='bbox 1257 3829 1436 3893; x_wconf 48' lang='lat' dir='ltr'><strong><em>doxio,</em></strong></span> <span class='ocrx_word' id='word_1_230' title='bbox 1491 3829 1680 3880; x_wconf 80' lang='lat' dir='ltr'><strong><em>Ariani</em></strong></span> <span class='ocrx_word' id='word_1_231' title='bbox 1728 3826 1939 3896; x_wconf 85' lang='lat' dir='ltr'><strong><em>quidem</em></strong></span> <span class='ocrx_word' id='word_1_232' title='bbox 1977 3825 2364 3894; x_wconf 84' lang='lat' dir='ltr'><strong><em>Demoplnlum,</em></strong></span> 
     </span>
    </p>
   </div>
   <div class='ocr_carea' id='block_1_66' title="bbox 1265 3896 2368 3966">
    <p class='ocr_par' dir='ltr' id='par_1_66' title="bbox 1265 3896 2368 3966">
     <span class='ocr_line' id='line_1_66' title="bbox 1265 3896 2368 3966; baseline -0.002 -14"><span class='ocrx_word' id='word_1_233' title='bbox 1265 3898 1557 3952; x_wconf 76' lang='lat' dir='ltr'><strong><em>Orthodoxi</em></strong></span> <span class='ocrx_word' id='word_1_234' title='bbox 1585 3915 1701 3951; x_wconf 81' lang='lat' dir='ltr'><strong><em>vero</em></strong></span> <span class='ocrx_word' id='word_1_235' title='bbox 1744 3896 2062 3966; x_wconf 82' lang='lat' dir='ltr'><strong><em>Evagrium,</em></strong></span> <span class='ocrx_word' id='word_1_236' title='bbox 2103 3898 2368 3950; x_wconf 86' lang='lat' dir='ltr'><strong><em>annitente</em></strong></span> 
     </span>
    </p>
   </div>
   <div class='ocr_carea' id='block_1_67' title="bbox 1265 3965 2362 4028">
    <p class='ocr_par' dir='ltr' id='par_1_67' title="bbox 1265 3965 2362 4028">
     <span class='ocr_line' id='line_1_67' title="bbox 1265 3965 2362 4028; baseline -0.001 -7"><span class='ocrx_word' id='word_1_237' title='bbox 1265 3969 1542 4021; x_wconf 80' lang='lat' dir='ltr'><strong><em>Eustathio</em></strong></span> <span class='ocrx_word' id='word_1_238' title='bbox 1582 3965 1928 4028; x_wconf 80' lang='lat' dir='ltr'><strong><em>Antiocheno,</em></strong></span> <span class='ocrx_word' id='word_1_239' title='bbox 1969 3965 2362 4020; x_wconf 84' lang='lat' dir='ltr'><strong><em>ordinaverunt.</em></strong></span> 
     </span>
    </p>
   </div>
   <div class='ocr_carea' id='block_1_68' title="bbox 1193 4036 2369 4106">
    <p class='ocr_par' dir='ltr' id='par_1_68' title="bbox 1193 4036 2369 4106">
     <span class='ocr_line' id='line_1_68' title="bbox 1193 4036 2369 4106; baseline 0 -16"><span class='ocrx_word' id='word_1_240' title='bbox 1193 4040 1488 4106; x_wconf 85' lang='lat' dir='ltr'><strong><em>Quomodo,</em></strong></span> <span class='ocrx_word' id='word_1_241' title='bbox 1522 4037 1747 4105; x_wconf 70' lang='lat' dir='ltr'><strong><em>Evagrio</em></strong></span> <span class='ocrx_word' id='word_1_242' title='bbox 1770 4050 1818 4089; x_wconf 81' lang='lat' dir='ltr'><strong><em>et</em></strong></span> <span class='ocrx_word' id='word_1_243' title='bbox 1847 4036 2126 4088; x_wconf 73' lang='lat' dir='ltr'><strong><em>Eustathio</em></strong></span> <span class='ocrx_word' id='word_1_244' title='bbox 2152 4039 2204 4088; x_wconf 89' lang='lat' dir='ltr'><strong><em>in</em></strong></span> <span class='ocrx_word' id='word_1_245' title='bbox 2227 4040 2369 4090; x_wconf 70' lang='lat' dir='ltr'><strong><em>exsi-</em></strong></span> 
     </span>
    </p>
   </div>
   <div class='ocr_carea' id='block_1_69' title="bbox 1263 4108 2367 4174">
    <p class='ocr_par' dir='ltr' id='par_1_69' title="bbox 1263 4108 2367 4174">
     <span class='ocr_line' id='line_1_69' title="bbox 1263 4108 2367 4174; baseline -0.003 -12"><span class='ocrx_word' id='word_1_246' title='bbox 1263 4113 1391 4162; x_wconf 87' lang='lat' dir='ltr'><strong><em>lium</em></strong></span> <span class='ocrx_word' id='word_1_247' title='bbox 1439 4109 1503 4160; x_wconf 90' lang='lat' dir='ltr'><strong><em>ab</em></strong></span> <span class='ocrx_word' id='word_1_248' title='bbox 1556 4111 1870 4174; x_wconf 85' lang='lat' dir='ltr'><strong><em>imperatore</em></strong></span> <span class='ocrx_word' id='word_1_249' title='bbox 1921 4108 2112 4174; x_wconf 77' lang='lat' dir='ltr'><strong><em>puisis,</em></strong></span> <span class='ocrx_word' id='word_1_250' title='bbox 2175 4110 2367 4160; x_wconf 81' lang='lat' dir='ltr'><strong><em>Ariani</em></strong></span> 
     </span>
    </p>
   </div>
   <div class='ocr_carea' id='block_1_70' title="bbox 1263 4180 2362 4247">
    <p class='ocr_par' dir='ltr' id='par_1_70' title="bbox 1263 4180 2362 4247">
     <span class='ocr_line' id='line_1_70' title="bbox 1263 4180 2362 4247; baseline 0 -16"><span class='ocrx_word' id='word_1_251' title='bbox 1263 4180 1650 4231; x_wconf 85' lang='lat' dir='ltr'><strong><em>llomousianos</em></strong></span> <span class='ocrx_word' id='word_1_252' title='bbox 1719 4180 2025 4247; x_wconf 75' lang='lat' dir='ltr'><strong><em>gravissime</em></strong></span> <span class='ocrx_word' id='word_1_253' title='bbox 2094 4193 2362 4245; x_wconf 59' lang='lat' dir='ltr'><strong><em>oppresse.</em></strong></span> 
     </span>
    </p>
   </div>
   <div class='ocr_carea' id='block_1_71' title="bbox 1258 4259 1401 4302">
    <p class='ocr_par' dir='ltr' id='par_1_71' title="bbox 1258 4259 1401 4302">
     <span class='ocr_line' id='line_1_71' title="bbox 1258 4259 1401 4302; baseline 0.007 -1"><span class='ocrx_word' id='word_1_254' title='bbox 1258 4259 1401 4302; x_wconf 82' lang='lat' dir='ltr'><strong><em>runt.</em></strong></span> 
     </span>
    </p>
   </div>
   <div class='ocr_carea' id='block_1_72' title="bbox 1193 4315 2361 4386">
    <p class='ocr_par' dir='ltr' id='par_1_72' title="bbox 1193 4315 2361 4386">
     <span class='ocr_line' id='line_1_72' title="bbox 1193 4315 2361 4386; baseline 0.001 -16"><span class='ocrx_word' id='word_1_255' title='bbox 1193 4318 1266 4372; x_wconf 82' lang='lat' dir='ltr'><strong><em>De</em></strong></span> <span class='ocrx_word' id='word_1_256' title='bbox 1315 4321 1512 4373; x_wconf 87' lang='lat' dir='ltr'><strong><em>sanctis</em></strong></span> <span class='ocrx_word' id='word_1_257' title='bbox 1567 4317 1884 4386; x_wconf 83' lang='lat' dir='ltr'><strong><em>presbyteris</em></strong></span> <span class='ocrx_word' id='word_1_258' title='bbox 1927 4317 2084 4384; x_wconf 87' lang='lat' dir='ltr'><strong><em>jussu</em></strong></span> <span class='ocrx_word' id='word_1_259' title='bbox 2126 4315 2361 4371; x_wconf 85' lang='lat' dir='ltr'><strong><em>Valentis</em></strong></span> 
     </span>
    </p>
   </div>
   <div class='ocr_carea' id='block_1_73' title="bbox 1259 4386 2360 4457">
    <p class='ocr_par' dir='ltr' id='par_1_73' title="bbox 1259 4386 2360 4457">
     <span class='ocr_line' id='line_1_73' title="bbox 1259 4386 2360 4457; baseline -0.002 -16"><span class='ocrx_word' id='word_1_260' title='bbox 1259 4393 1310 4442; x_wconf 86' lang='lat' dir='ltr'><strong><em>in</em></strong></span> <span class='ocrx_word' id='word_1_261' title='bbox 1348 4392 1554 4457; x_wconf 83' lang='lat' dir='ltr'><strong><em>navigio</em></strong></span> <span class='ocrx_word' id='word_1_262' title='bbox 1595 4398 1865 4450; x_wconf 67' lang='lat' dir='ltr'><strong><em>crematis,</em></strong></span> <span class='ocrx_word' id='word_1_263' title='bbox 1895 4399 1943 4440; x_wconf 85' lang='lat' dir='ltr'><strong><em>et</em></strong></span> <span class='ocrx_word' id='word_1_264' title='bbox 1983 4388 2047 4440; x_wconf 89' lang='lat' dir='ltr'><strong><em>de</em></strong></span> <span class='ocrx_word' id='word_1_265' title='bbox 2075 4386 2216 4453; x_wconf 78' lang='lat' dir='ltr'><strong><em>fame</em></strong></span> <span class='ocrx_word' id='word_1_266' title='bbox 2246 4404 2360 4456; x_wconf 72' lang='lat' dir='ltr'><strong><em>qua:</em></strong></span> 
     </span>
    </p>
   </div>
   <div class='ocr_carea' id='block_1_74' title="bbox 1260 4457 2362 4530">
    <p class='ocr_par' dir='ltr' id='par_1_74' title="bbox 1260 4457 2362 4530">
     <span class='ocr_line' id='line_1_74' title="bbox 1260 4457 2362 4530; baseline -0.002 -18"><span class='ocrx_word' id='word_1_267' title='bbox 1260 4459 1356 4530; x_wconf 68' lang='lat' dir='ltr'><strong><em>Dei</em></strong></span> <span class='ocrx_word' id='word_1_268' title='bbox 1415 4460 1778 4530; x_wconf 83' lang='lat' dir='ltr'><strong><em>indignatione</em></strong></span> <span class='ocrx_word' id='word_1_269' title='bbox 1837 4457 1898 4509; x_wconf 88' lang='lat' dir='ltr'><strong><em>ob</em></strong></span> <span class='ocrx_word' id='word_1_270' title='bbox 1954 4457 2008 4508; x_wconf 90' lang='lat' dir='ltr'><strong><em>id</em></strong></span> <span class='ocrx_word' id='word_1_271' title='bbox 2059 4457 2252 4508; x_wconf 86' lang='lat' dir='ltr'><strong><em>accidit</em></strong></span> <span class='ocrx_word' id='word_1_272' title='bbox 2309 4459 2362 4510; x_wconf 90' lang='lat' dir='ltr'><strong><em>in</em></strong></span> 
     </span>
    </p>
   </div>
   <div class='ocr_carea' id='block_1_75' title="bbox 1261 4528 1489 4599">
    <p class='ocr_par' dir='ltr' id='par_1_75' title="bbox 1261 4528 1489 4599">
     <span class='ocr_line' id='line_1_75' title="bbox 1261 4528 1489 4599; baseline -0.009 -17"><span class='ocrx_word' id='word_1_273' title='bbox 1261 4528 1489 4599; x_wconf 79' lang='lat' dir='ltr'><strong><em>Phrygia</em></strong></span> 
     </span>
    </p>
   </div>
   <div class='ocr_carea' id='block_1_76' title="bbox 1187 4596 2364 4666">
    <p class='ocr_par' dir='ltr' id='par_1_76' title="bbox 1187 4596 2364 4666">
     <span class='ocr_line' id='line_1_76' title="bbox 1187 4596 2364 4666; baseline -0.003 -14"><span class='ocrx_word' id='word_1_274' title='bbox 1187 4596 1460 4666; x_wconf 81' lang='lat' dir='ltr'><strong><em>Quomodo</em></strong></span> <span class='ocrx_word' id='word_1_275' title='bbox 1524 4601 1807 4664; x_wconf 87' lang='lat' dir='ltr'><strong><em>imperator</em></strong></span> <span class='ocrx_word' id='word_1_276' title='bbox 1873 4597 1997 4649; x_wconf 91' lang='lat' dir='ltr'><strong><em>dum</em></strong></span> <span class='ocrx_word' id='word_1_277' title='bbox 2073 4596 2364 4649; x_wconf 73' lang='lat' dir='ltr'><strong><em>Antiochia:</em></strong></span> 
     </span>
    </p>
   </div>
   <div class='ocr_carea' id='block_1_77' title="bbox 1257 4669 2363 4734">
    <p class='ocr_par' dir='ltr' id='par_1_77' title="bbox 1257 4669 2363 4734">
     <span class='ocr_line' id='line_1_77' title="bbox 1257 4669 2363 4734; baseline -0.005 -11"><span class='ocrx_word' id='word_1_278' title='bbox 1257 4680 1570 4731; x_wconf 79' lang='lat' dir='ltr'><strong><em>versaretur,</em></strong></span> <span class='ocrx_word' id='word_1_279' title='bbox 1631 4669 2023 4721; x_wconf 81' lang='lat' dir='ltr'><strong><em>Ilomonsiauos</em></strong></span> <span class='ocrx_word' id='word_1_280' title='bbox 2060 4680 2363 4734; x_wconf 74' lang='lat' dir='ltr'><strong><em>persecutus</em></strong></span> 
     </span>
    </p>
   </div>
   <div class='ocr_carea' id='block_1_78' title="bbox 1255 4743 1435 4809">
    <p class='ocr_par' dir='ltr' id='par_1_78' title="bbox 1255 4743 1435 4809">
     <span class='ocr_line' id='line_1_78' title="bbox 1255 4743 1435 4809; baseline 0.011 -17"><span class='ocrx_word' id='word_1_281' title='bbox 1255 4743 1435 4809; x_wconf 78' lang='lat' dir='ltr'><strong><em>fuerit.</em></strong></span> 
     </span>
    </p>
   </div>
   <div class='ocr_carea' id='block_1_79' title="bbox 1193 4805 2366 4882">
    <p class='ocr_par' dir='ltr' id='par_1_79' title="bbox 1193 4805 2366 4882">
     <span class='ocr_line' id='line_1_79' title="bbox 1193 4805 2366 4882; baseline -0.004 -20"><span class='ocrx_word' id='word_1_282' title='bbox 1193 4805 1265 4864; x_wconf 78' lang='lat' dir='ltr'><strong><em>De</em></strong></span> <span class='ocrx_word' id='word_1_283' title='bbox 1305 4811 1386 4865; x_wconf 88' lang='lat' dir='ltr'><strong><em>his</em></strong></span> <span class='ocrx_word' id='word_1_284' title='bbox 1426 4826 1540 4882; x_wconf 75' lang='lat' dir='ltr'><strong><em>qum</em></strong></span> <span class='ocrx_word' id='word_1_285' title='bbox 1581 4807 1988 4882; x_wconf 67' lang='lat' dir='ltr'><strong><em>Edessmfactd</em></strong></span> <span class='ocrx_word' id='word_1_286' title='bbox 2020 4816 2163 4882; x_wconf 82' lang='lat' dir='ltr'><strong><em>sunt,</em></strong></span> <span class='ocrx_word' id='word_1_287' title='bbox 2203 4805 2366 4882; x_wconf 80' lang='lat' dir='ltr'><strong><em>deque</em></strong></span> 
     </span>
    </p>
   </div>
   <div class='ocr_carea' id='block_1_80' title="bbox 1255 4877 2365 4948">
    <p class='ocr_par' dir='ltr' id='par_1_80' title="bbox 1255 4877 2365 4948">
     <span class='ocr_line' id='line_1_80' title="bbox 1255 4877 2365 4948; baseline -0.005 -15"><span class='ocrx_word' id='word_1_288' title='bbox 1255 4877 1493 4948; x_wconf 70' lang='lat' dir='ltr'><strong><em>prtel&#39;eeti</em></strong></span> <span class='ocrx_word' id='word_1_289' title='bbox 1535 4878 1869 4942; x_wconf 77' lang='lat' dir='ltr'><strong><em>contumelia,</em></strong></span> <span class='ocrx_word' id='word_1_290' title='bbox 1886 4887 1929 4932; x_wconf 85' lang='lat' dir='ltr'><strong><em>et</em></strong></span> <span class='ocrx_word' id='word_1_291' title='bbox 1955 4877 2018 4930; x_wconf 90' lang='lat' dir='ltr'><strong><em>de</em></strong></span> <span class='ocrx_word' id='word_1_292' title='bbox 2043 4879 2231 4948; x_wconf 85' lang='lat' dir='ltr'><strong><em>civium</em></strong></span> <span class='ocrx_word' id='word_1_293' title='bbox 2260 4878 2365 4944; x_wconf 83' lang='lat' dir='ltr'><strong><em>[ide</em></strong></span> 
     </span>
    </p>
   </div>
   <div class='ocr_carea' id='block_1_81' title="bbox 1254 4947 2362 5016">
    <p class='ocr_par' dir='ltr' id='par_1_81' title="bbox 1254 4947 2362 5016">
     <span class='ocr_line' id='line_1_81' title="bbox 1254 4947 2362 5016; baseline -0.005 -13"><span class='ocrx_word' id='word_1_294' title='bbox 1254 4947 1302 5004; x_wconf 84' lang='lat' dir='ltr'><strong><em>et</em></strong></span> <span class='ocrx_word' id='word_1_295' title='bbox 1333 4951 1654 5013; x_wconf 88' lang='lat' dir='ltr'><strong><em>constantia,</em></strong></span> <span class='ocrx_word' id='word_1_296' title='bbox 1677 4963 1722 5004; x_wconf 91' lang='lat' dir='ltr'><strong><em>et</em></strong></span> <span class='ocrx_word' id='word_1_297' title='bbox 1756 4949 1819 5002; x_wconf 92' lang='lat' dir='ltr'><strong><em>de</em></strong></span> <span class='ocrx_word' id='word_1_298' title='bbox 1849 4951 1940 5016; x_wconf 88' lang='lat' dir='ltr'><strong><em>pia</em></strong></span> <span class='ocrx_word' id='word_1_299' title='bbox 1975 4947 2204 5016; x_wconf 89' lang='lat' dir='ltr'><strong><em>quadam</em></strong></span> <span class='ocrx_word' id='word_1_300' title='bbox 2242 4963 2362 4998; x_wconf 83' lang='lat' dir='ltr'><strong><em>mu-</em></strong></span> 
     </span>
    </p>
   </div>
   <div class='ocr_carea' id='block_1_82' title="bbox 1257 5021 1401 5074">
    <p class='ocr_par' dir='ltr' id='par_1_82' title="bbox 1257 5021 1401 5074">
     <span class='ocr_line' id='line_1_82' title="bbox 1257 5021 1401 5074; baseline 0.007 -1"><span class='ocrx_word' id='word_1_301' title='bbox 1257 5021 1401 5074; x_wconf 88' lang='lat' dir='ltr'><strong><em>liere.</em></strong></span> 
     </span>
    </p>
   </div>
   <div class='ocr_carea' id='block_1_83' title="bbox 1187 5087 2365 5158">
    <p class='ocr_par' dir='ltr' id='par_1_83' title="bbox 1187 5087 2365 5158">
     <span class='ocr_line' id='line_1_83' title="bbox 1187 5087 2365 5158; baseline -0.001 -17"><span class='ocrx_word' id='word_1_302' title='bbox 1187 5092 1456 5154; x_wconf 84' lang='lat' dir='ltr'><strong><em>Quomodo</em></strong></span> <span class='ocrx_word' id='word_1_303' title='bbox 1491 5093 1776 5158; x_wconf 89' lang='lat' dir='ltr'><strong><em>imperator</em></strong></span> <span class='ocrx_word' id='word_1_304' title='bbox 1811 5089 2001 5143; x_wconf 79' lang='lat' dir='ltr'><strong><em>Valens</em></strong></span> <span class='ocrx_word' id='word_1_305' title='bbox 2048 5088 2243 5141; x_wconf 88' lang='lat' dir='ltr'><strong><em>multos</em></strong></span> <span class='ocrx_word' id='word_1_306' title='bbox 2275 5087 2365 5156; x_wconf 88' lang='lat' dir='ltr'><strong><em>qui</em></strong></span> 
     </span>
    </p>
   </div>
   <div class='ocr_carea' id='block_1_84' title="bbox 1255 5157 2364 5229">
    <p class='ocr_par' dir='ltr' id='par_1_84' title="bbox 1255 5157 2364 5229">
     <span class='ocr_line' id='line_1_84' title="bbox 1255 5157 2364 5229; baseline -0.004 -15"><span class='ocrx_word' id='word_1_307' title='bbox 1255 5165 1480 5229; x_wconf 81' lang='lat' dir='ltr'><strong><em>primam</em></strong></span> <span class='ocrx_word' id='word_1_308' title='bbox 1523 5157 1608 5214; x_wconf 81' lang='lat' dir='ltr'><strong><em>sui</em></strong></span> <span class='ocrx_word' id='word_1_309' title='bbox 1659 5161 1887 5213; x_wconf 85' lang='lat' dir='ltr'><strong><em>nominis</em></strong></span> <span class='ocrx_word' id='word_1_310' title='bbox 1941 5160 2172 5229; x_wconf 84' lang='lat' dir='ltr'><strong><em>litteram</em></strong></span> <span class='ocrx_word' id='word_1_311' title='bbox 2205 5157 2364 5210; x_wconf 84' lang='lat' dir='ltr'><strong><em>liabe-</em></strong></span> 
     </span>
    </p>
   </div>
   <div class='ocr_carea' id='block_1_85' title="bbox 1256 5228 2365 5296">
    <p class='ocr_par' dir='ltr' id='par_1_85' title="bbox 1256 5228 2365 5296">
     <span class='ocr_line' id='line_1_85' title="bbox 1256 5228 2365 5296; baseline -0.006 -11"><span class='ocrx_word' id='word_1_312' title='bbox 1256 5228 1369 5286; x_wconf 82' lang='lat' dir='ltr'><strong><em>rent</em></strong></span> <span class='ocrx_word' id='word_1_313' title='bbox 1433 5233 1624 5289; x_wconf 88' lang='lat' dir='ltr'><strong><em>Theta.</em></strong></span> <span class='ocrx_word' id='word_1_314' title='bbox 1685 5231 1930 5283; x_wconf 77' lang='lat' dir='ltr'><strong><em>occiderit</em></strong></span> <span class='ocrx_word' id='word_1_315' title='bbox 1960 5269 1974 5289; x_wconf 90' lang='lat'><strong><em>,</em></strong></span> <span class='ocrx_word' id='word_1_316' title='bbox 2033 5228 2094 5280; x_wconf 89' lang='lat' dir='ltr'><strong><em>ob</em></strong></span> <span class='ocrx_word' id='word_1_317' title='bbox 2177 5244 2365 5296; x_wconf 79' lang='lat' dir='ltr'><strong><em>quam-</em></strong></span> 
     </span>
    </p>
   </div>
   <div class='ocr_carea' id='block_1_86' title="bbox 1254 5297 2363 5369">
    <p class='ocr_par' dir='ltr' id='par_1_86' title="bbox 1254 5297 2363 5369">
     <span class='ocr_line' id='line_1_86' title="bbox 1254 5297 2363 5369; baseline -0.004 -15"><span class='ocrx_word' id='word_1_318' title='bbox 1254 5307 1377 5357; x_wconf 87' lang='lat' dir='ltr'><strong><em>dam</em></strong></span> <span class='ocrx_word' id='word_1_319' title='bbox 1405 5302 1773 5355; x_wconf 85' lang='lat' dir='ltr'><strong><em>divinationem</em></strong></span> <span class='ocrx_word' id='word_1_320' title='bbox 1805 5318 1907 5369; x_wconf 87' lang='lat' dir='ltr'><strong><em>qua</em></strong></span> <span class='ocrx_word' id='word_1_321' title='bbox 1956 5299 2010 5351; x_wconf 87' lang='lat' dir='ltr'><strong><em>id</em></strong></span> <span class='ocrx_word' id='word_1_322' title='bbox 2053 5297 2363 5368; x_wconf 75' lang='lat' dir='ltr'><strong><em>prtedictum</em></strong></span> 
     </span>
    </p>
   </div>
   <div class='ocr_carea' id='block_1_87' title="bbox 1273 5377 1448 5428">
    <p class='ocr_par' dir='ltr' id='par_1_87' title="bbox 1273 5377 1448 5428">
     <span class='ocr_line' id='line_1_87' title="bbox 1273 5377 1448 5428; baseline 0.006 -3"><span class='ocrx_word' id='word_1_323' title='bbox 1273 5377 1306 5425; x_wconf 85' lang='grc' dir='ltr'><strong><em>ἰι</em></strong></span> <span class='ocrx_word' id='word_1_324' title='bbox 1313 5383 1448 5428; x_wconf 87' lang='lat' dir='ltr'><strong><em>erat.</em></strong></span> 
     </span>
    </p>
   </div>
   <div class='ocr_carea' id='block_1_88' title="bbox 1188 5379 2365 5508">
    <p class='ocr_par' dir='ltr' id='par_1_88' title="bbox 1188 5379 2365 5508">
     <span class='ocr_line' id='line_1_88' title="bbox 1188 5379 2365 5508; baseline -0.002 -14"><span class='ocrx_word' id='word_1_325' title='bbox 1188 5379 1450 5496; x_wconf 47' lang='lat' dir='ltr'><strong><em>Delutfbi‘t‘u</em></strong></span> <span class='ocrx_word' id='word_1_326' title='bbox 1490 5441 1790 5507; x_wconf 83' lang='lat' dir='ltr'><strong><em>Athanasii,</em></strong></span> <span class='ocrx_word' id='word_1_327' title='bbox 1829 5449 1878 5494; x_wconf 91' lang='lat' dir='ltr'><strong><em>et</em></strong></span> <span class='ocrx_word' id='word_1_328' title='bbox 1927 5439 1992 5494; x_wconf 88' lang='lat' dir='ltr'><strong><em>de</em></strong></span> <span class='ocrx_word' id='word_1_329' title='bbox 2036 5440 2365 5508; x_wconf 88' lang='lat' dir='ltr'><strong><em>promotione</em></strong></span> 
     </span>
    </p>
   </div>
   <div class='ocr_carea' id='block_1_89' title="bbox 1259 5516 1424 5568">
    <p class='ocr_par' dir='ltr' id='par_1_89' title="bbox 1259 5516 1424 5568">
     <span class='ocr_line' id='line_1_89' title="bbox 1259 5516 1424 5568; baseline 0.012 -2"><span class='ocrx_word' id='word_1_330' title='bbox 1259 5516 1424 5568; x_wconf 84' lang='lat' dir='ltr'><strong><em>i’etri.</em></strong></span> 
     </span>
    </p>
   </div>
   <div class='ocr_carea' id='block_1_90' title="bbox 1187 5580 2356 5648">
    <p class='ocr_par' dir='ltr' id='par_1_90' title="bbox 1187 5580 2356 5648">
     <span class='ocr_line' id='line_1_90' title="bbox 1187 5580 2356 5648; baseline -0.003 -13"><span class='ocrx_word' id='word_1_331' title='bbox 1187 5583 1458 5647; x_wconf 88' lang='lat' dir='ltr'><strong><em>Quomodo</em></strong></span> <span class='ocrx_word' id='word_1_332' title='bbox 1485 5591 1600 5648; x_wconf 78' lang='lat' dir='ltr'><strong><em>Post</em></strong></span> <span class='ocrx_word' id='word_1_333' title='bbox 1627 5592 1843 5636; x_wconf 88' lang='lat' dir='ltr'><strong><em>mortem</em></strong></span> <span class='ocrx_word' id='word_1_334' title='bbox 1879 5581 2182 5641; x_wconf 77' lang='lat' dir='ltr'><strong><em>Athanasii,</em></strong></span> <span class='ocrx_word' id='word_1_335' title='bbox 2207 5580 2356 5633; x_wconf 78' lang='lat' dir='ltr'><strong><em>Aria-</em></strong></span> 
     </span>
    </p>
   </div>
   <div class='ocr_carea' id='block_1_91' title="bbox 1253 5651 2363 5723">
    <p class='ocr_par' dir='ltr' id='par_1_91' title="bbox 1253 5651 2363 5723">
     <span class='ocr_line' id='line_1_91' title="bbox 1253 5651 2363 5723; baseline -0.004 -17"><span class='ocrx_word' id='word_1_336' title='bbox 1253 5657 1306 5708; x_wconf 92' lang='lat' dir='ltr'><strong><em>ni</em></strong></span> <span class='ocrx_word' id='word_1_337' title='bbox 1347 5655 1505 5723; x_wconf 87' lang='lat' dir='ltr'><strong><em>jussu</em></strong></span> <span class='ocrx_word' id='word_1_338' title='bbox 1535 5651 1782 5705; x_wconf 78' lang='lat' dir='ltr'><strong><em>‘Valentis</em></strong></span> <span class='ocrx_word' id='word_1_339' title='bbox 1828 5654 1951 5721; x_wconf 90' lang='lat' dir='ltr'><strong><em>imp.</em></strong></span> <span class='ocrx_word' id='word_1_340' title='bbox 2000 5651 2184 5713; x_wconf 82' lang='lat' dir='ltr'><strong><em>Lucio,</em></strong></span> <span class='ocrx_word' id='word_1_341' title='bbox 2212 5667 2363 5719; x_wconf 88' lang='lat' dir='ltr'><strong><em>quem</em></strong></span> 
     </span>
    </p>
   </div>
   <div class='ocr_carea' id='block_1_92' title="bbox 1252 5723 2363 5792">
    <p class='ocr_par' dir='ltr' id='par_1_92' title="bbox 1252 5723 2363 5792">
     <span class='ocr_line' id='line_1_92' title="bbox 1252 5723 2363 5792; baseline -0.005 -15"><span class='ocrx_word' id='word_1_342' title='bbox 1252 5729 1399 5792; x_wconf 87' lang='lat' dir='ltr'><strong><em>prius</em></strong></span> <span class='ocrx_word' id='word_1_343' title='bbox 1450 5723 1860 5784; x_wconf 80' lang='lat' dir='ltr'><strong><em>ordinaverunt,</em></strong></span> <span class='ocrx_word' id='word_1_344' title='bbox 1898 5724 2142 5776; x_wconf 78' lang='lat' dir='ltr'><strong><em>ecclesias</em></strong></span> <span class='ocrx_word' id='word_1_345' title='bbox 2191 5723 2363 5773; x_wconf 84' lang='lat' dir='ltr'><strong><em>tradi-</em></strong></span> 
     </span>
    </p>
   </div>
   <div class='ocr_carea' id='block_1_93' title="bbox 1248 5793 2362 5860">
    <p class='ocr_par' dir='ltr' id='par_1_93' title="bbox 1248 5793 2362 5860">
     <span class='ocr_line' id='line_1_93' title="bbox 1248 5793 2362 5860; baseline -0.001 -15"><span class='ocrx_word' id='word_1_346' title='bbox 1248 5797 1458 5856; x_wconf 88' lang='lat' dir='ltr'><strong><em>derunt,</em></strong></span> <span class='ocrx_word' id='word_1_347' title='bbox 1483 5805 1529 5848; x_wconf 88' lang='lat' dir='ltr'><strong><em>et</em></strong></span> <span class='ocrx_word' id='word_1_348' title='bbox 1556 5793 1773 5848; x_wconf 85' lang='lat' dir='ltr'><strong><em>Petrum</em></strong></span> <span class='ocrx_word' id='word_1_349' title='bbox 1802 5793 2054 5847; x_wconf 71' lang='lat' dir='ltr'><strong><em>custodite</em></strong></span> <span class='ocrx_word' id='word_1_350' title='bbox 2090 5794 2362 5860; x_wconf 84' lang='lat' dir='ltr'><strong><em>mancipa-</em></strong></span> 
     </span>
    </p>
   </div>
   <div class='ocr_carea' id='block_1_94' title="bbox 1248 5877 1447 5920">
    <p class='ocr_par' dir='ltr' id='par_1_94' title="bbox 1248 5877 1447 5920">
     <span class='ocr_line' id='line_1_94' title="bbox 1248 5877 1447 5920; baseline 0.015 -3"><span class='ocrx_word' id='word_1_351' title='bbox 1248 5877 1447 5920; x_wconf 81' lang='lat' dir='ltr'><strong><em>rerum.</em></strong></span> 
     </span>
    </p>
   </div>
   <div class='ocr_carea' id='block_1_95' title="bbox 2737 532 4060 607">
    <p class='ocr_par' dir='ltr' id='par_1_95' title="bbox 2737 532 4060 607">
     <span class='ocr_line' id='line_1_95' title="bbox 2737 532 4060 607; baseline 0.001 -18"><span class='ocrx_word' id='word_1_352' title='bbox 2737 532 3314 607; x_wconf 39' lang='grc' dir='ltr'><em>κρατύναντεςιτὴι·</em></span> <span class='ocrx_word' id='word_1_353' title='bbox 3343 539 3411 590; x_wconf 85' lang='grc' dir='ltr'><em>ἐν</em></span> <span class='ocrx_word' id='word_1_354' title='bbox 3451 536 3740 606; x_wconf 76' lang='grc' dir='ltr'><em>Ἀριμήνῳ</em></span> <span class='ocrx_word' id='word_1_355' title='bbox 3776 537 4060 607; x_wconf 78' lang='grc' dir='ltr'><em>ἀνεθεμὰ-</em></span> 
     </span>
    </p>
   </div>
   <div class='ocr_carea' id='block_1_96' title="bbox 2733 598 4059 674">
    <p class='ocr_par' dir='ltr' id='par_1_96' title="bbox 2733 598 4059 674">
     <span class='ocr_line' id='line_1_96' title="bbox 2733 598 4059 674; baseline 0.003 -17"><span class='ocrx_word' id='word_1_356' title='bbox 2733 598 2910 662; x_wconf 68' lang='grc' dir='ltr'><em>τῖσαν</em></span> <span class='ocrx_word' id='word_1_357' title='bbox 2933 626 2947 640; x_wconf 88' lang='grc'><strong>·</strong></span> <span class='ocrx_word' id='word_1_358' title='bbox 2983 603 3084 660; x_wconf 76' lang='grc' dir='ltr'><strong><em>καὶ</em></strong></span> <span class='ocrx_word' id='word_1_359' title='bbox 3118 598 3288 672; x_wconf 75' lang='grc' dir='ltr'><em>αὖθις</em></span> <span class='ocrx_word' id='word_1_360' title='bbox 3309 608 3422 674; x_wconf 81' lang='grc' dir='ltr'><em>τὴν</em></span> <span class='ocrx_word' id='word_1_361' title='bbox 3461 598 3734 662; x_wconf 69' lang='grc' dir='ltr'><em>’Ᾰκὲικιόυ</em></span> <span class='ocrx_word' id='word_1_362' title='bbox 3757 607 3853 660; x_wconf 75' lang='grc' dir='ltr'><em>καὶ</em></span> <span class='ocrx_word' id='word_1_363' title='bbox 3875 598 4059 661; x_wconf 68' lang='grc' dir='ltr'><em>Εὔδο-</em></span> 
     </span>
    </p>
   </div>
   <div class='ocr_carea' id='block_1_97' title="bbox 2731 677 3635 743">
    <p class='ocr_par' dir='ltr' id='par_1_97' title="bbox 2731 677 3635 743">
     <span class='ocr_line' id='line_1_97' title="bbox 2731 677 3635 743; baseline 0.003 -14"><span class='ocrx_word' id='word_1_364' title='bbox 2731 677 2865 740; x_wconf 82' lang='grc' dir='ltr'><em>ξίου</em></span> <span class='ocrx_word' id='word_1_365' title='bbox 2888 678 3236 743; x_wconf 81' lang='grc' dir='ltr'><em>καθαίρεσιν</em></span> <span class='ocrx_word' id='word_1_366' title='bbox 3260 679 3635 741; x_wconf 77' lang='grc' dir='ltr'><em>βεϐαιοῦσιν.</em></span> 
     </span>
    </p>
   </div>
   <div class='ocr_carea' id='block_1_98' title="bbox 2664 745 4058 820">
    <p class='ocr_par' dir='ltr' id='par_1_98' title="bbox 2664 745 4058 820">
     <span class='ocr_line' id='line_1_98' title="bbox 2664 745 4058 820; baseline 0.007 -21"><span class='ocrx_word' id='word_1_367' title='bbox 2664 745 2791 802; x_wconf 66' lang='lat' dir='ltr'><strong><em>&quot;Ott</em></strong></span> <span class='ocrx_word' id='word_1_368' title='bbox 2821 748 3138 820; x_wconf 75' lang='grc' dir='ltr'><em>συμϐολῆς</em></span> <span class='ocrx_word' id='word_1_369' title='bbox 3193 748 3517 820; x_wconf 73' lang='grc' dir='ltr'><strong><em>γενομένης</em></strong></span> <span class='ocrx_word' id='word_1_370' title='bbox 3554 747 3690 820; x_wconf 60' lang='grc' dir='ltr'><em>περὶ</em></span> <span class='ocrx_word' id='word_1_371' title='bbox 3731 747 3914 820; x_wconf 58' lang='lat' dir='ltr'><strong><em>inf-1&quot;&quot;</em></strong></span> <span class='ocrx_word' id='word_1_372' title='bbox 3950 746 4058 820; x_wconf 54' lang='grc' dir='ltr'><strong><em>(ἧς</em></strong></span> 
     </span>
    </p>
   </div>
   <div class='ocr_carea' id='block_1_99' title="bbox 2727 817 4055 887">
    <p class='ocr_par' dir='ltr' id='par_1_99' title="bbox 2727 817 4055 887">
     <span class='ocr_line' id='line_1_99' title="bbox 2727 817 4055 887; baseline -0.014 0"><span class='ocrx_word' id='word_1_373' title='bbox 2727 817 3008 887; x_wconf 71' lang='grc' dir='ltr'><strong><em>Φρυγίης.</em></strong></span> <span class='ocrx_word' id='word_1_374' title='bbox 3037 821 3144 874; x_wconf 87' lang='grc' dir='ltr'><strong><em>τοῦ</em></strong></span> <span class='ocrx_word' id='word_1_375' title='bbox 3175 836 3238 872; x_wconf 87' lang='grc' dir='ltr'><strong><em>τε</em></strong></span> <span class='ocrx_word' id='word_1_376' title='bbox 3253 817 3561 884; x_wconf 86' lang='grc' dir='ltr'><em>,βασιλέως</em></span> <span class='ocrx_word' id='word_1_377' title='bbox 3588 818 3686 870; x_wconf 80' lang='grc' dir='ltr'><em>καὶ</em></span> <span class='ocrx_word' id='word_1_378' title='bbox 3713 817 3817 870; x_wconf 78' lang='grc' dir='ltr'><em>τοῦ</em></span> <span class='ocrx_word' id='word_1_379' title='bbox 3840 817 4055 883; x_wconf 74' lang='grc' dir='ltr'><em>τυράν-</em></span> 
     </span>
    </p>
   </div>
   <div class='ocr_carea' id='block_1_100' title="bbox 2726 887 4058 958">
    <p class='ocr_par' dir='ltr' id='par_1_100' title="bbox 2726 887 4058 958">
     <span class='ocr_line' id='line_1_100' title="bbox 2726 887 4058 958; baseline -0.002 -17"><span class='ocrx_word' id='word_1_380' title='bbox 2726 906 2837 942; x_wconf 86' lang='grc' dir='ltr'><em>νου</em></span> <span class='ocrx_word' id='word_1_381' title='bbox 2858 892 3212 958; x_wconf 86' lang='grc' dir='ltr'><em>ΙΙροκυπίου,</em></span> <span class='ocrx_word' id='word_1_382' title='bbox 3241 888 3532 958; x_wconf 77' lang='grc' dir='ltr'><em>προδοσίᾳ</em></span> <span class='ocrx_word' id='word_1_383' title='bbox 3566 887 3685 940; x_wconf 86' lang='grc' dir='ltr'><em>τῶν</em></span> <span class='ocrx_word' id='word_1_384' title='bbox 3707 887 4058 958; x_wconf 70' lang='grc' dir='ltr'><em>στρατηγῶν</em></span> 
     </span>
    </p>
   </div>
   <div class='ocr_carea' id='block_1_101' title="bbox 2724 957 4057 1028">
    <p class='ocr_par' dir='ltr' id='par_1_101' title="bbox 2724 957 4057 1028">
     <span class='ocr_line' id='line_1_101' title="bbox 2724 957 4057 1028; baseline -0.002 -17"><span class='ocrx_word' id='word_1_385' title='bbox 2724 959 2882 1012; x_wconf 88' lang='grc' dir='ltr'><em>έλὼν</em></span> <span class='ocrx_word' id='word_1_386' title='bbox 2904 957 3016 1014; x_wconf 80' lang='grc' dir='ltr'><em>τὸν</em></span> <span class='ocrx_word' id='word_1_387' title='bbox 3040 957 3356 1028; x_wconf 83' lang='grc' dir='ltr'><em>τύραννον,</em></span> <span class='ocrx_word' id='word_1_388' title='bbox 3402 960 3590 1012; x_wconf 80' lang='grc' dir='ltr'><em>αὐτόν</em></span> <span class='ocrx_word' id='word_1_389' title='bbox 3614 975 3677 1010; x_wconf 90' lang='grc' dir='ltr'><strong><em>τε</em></strong></span> <span class='ocrx_word' id='word_1_390' title='bbox 3706 961 3800 1010; x_wconf 80' lang='grc' dir='ltr'><em>καὶ</em></span> <span class='ocrx_word' id='word_1_391' title='bbox 3835 957 4057 1022; x_wconf 75' lang='grc' dir='ltr'><em>αὐτοὺς</em></span> 
     </span>
    </p>
   </div>
   <div class='ocr_carea' id='block_1_102' title="bbox 2725 1028 3890 1100">
    <p class='ocr_par' dir='ltr' id='par_1_102' title="bbox 2725 1028 3890 1100">
     <span class='ocr_line' id='line_1_102' title="bbox 2725 1028 3890 1100; baseline -0.003 -18"><span class='ocrx_word' id='word_1_392' title='bbox 2725 1031 2927 1096; x_wconf 78' lang='grc' dir='ltr'><em>ξέναις</em></span> <span class='ocrx_word' id='word_1_393' title='bbox 2961 1033 3256 1100; x_wconf 81' lang='grc' dir='ltr'><strong><em>τιμωρίαις</em></strong></span> <span class='ocrx_word' id='word_1_394' title='bbox 3278 1028 3600 1100; x_wconf 77' lang='grc' dir='ltr'><em>ὑποϐαλὼν</em></span> <span class='ocrx_word' id='word_1_395' title='bbox 3629 1028 3890 1100; x_wconf 83' lang='grc' dir='ltr'><em>ἀνεῖλεν.</em></span> 
     </span>
    </p>
   </div>
   <div class='ocr_carea' id='block_1_103' title="bbox 2480 1094 4053 1167">
    <p class='ocr_par' dir='ltr' id='par_1_103' title="bbox 2480 1094 4053 1167">
     <span class='ocr_line' id='line_1_103' title="bbox 2480 1094 4053 1167; baseline -0.002 -16"><span class='ocrx_word' id='word_1_396' title='bbox 2480 1094 2574 1162; x_wconf 73' lang='grc' dir='ltr'><strong><em>ς’.</em></strong></span> <span class='ocrx_word' id='word_1_397' title='bbox 2656 1098 2783 1151; x_wconf 80' lang='grc' dir='ltr'><strong><em>Ὀτι</em></strong></span> <span class='ocrx_word' id='word_1_398' title='bbox 2830 1094 2980 1167; x_wconf 80' lang='grc' dir='ltr'><em>μετὰ</em></span> <span class='ocrx_word' id='word_1_399' title='bbox 3011 1094 3139 1167; x_wconf 55' lang='grc' dir='ltr'><em>τὴν</em></span> <span class='ocrx_word' id='word_1_400' title='bbox 3204 1094 3310 1153; x_wconf 87' lang='grc' dir='ltr'><strong><em>τοῦ</em></strong></span> <span class='ocrx_word' id='word_1_401' title='bbox 3365 1099 3666 1166; x_wconf 88' lang='grc' dir='ltr'><em>τυράννου</em></span> <span class='ocrx_word' id='word_1_402' title='bbox 3720 1099 4053 1164; x_wconf 63' lang='grc' dir='ltr'><em>ἀναιρεσιν,</em></span> 
     </span>
    </p>
   </div>
   <div class='ocr_carea' id='block_1_104' title="bbox 2727 1167 4052 1238">
    <p class='ocr_par' dir='ltr' id='par_1_104' title="bbox 2727 1167 4052 1238">
     <span class='ocr_line' id='line_1_104' title="bbox 2727 1167 4052 1238; baseline -0.002 -17"><span class='ocrx_word' id='word_1_403' title='bbox 2727 1168 2912 1223; x_wconf 88' lang='grc' dir='ltr'><em>πάλιν</em></span> <span class='ocrx_word' id='word_1_404' title='bbox 2933 1173 2965 1224; x_wconf 87' lang='grc' dir='ltr'><strong><em>ό</em></strong></span> <span class='ocrx_word' id='word_1_405' title='bbox 2981 1170 3286 1236; x_wconf 71' lang='grc' dir='ltr'><em>,βασιλεὺς</em></span> <span class='ocrx_word' id='word_1_406' title='bbox 3304 1167 3596 1238; x_wconf 75' lang='grc' dir='ltr'><em>ἠνάγκαζε</em></span> <span class='ocrx_word' id='word_1_407' title='bbox 3615 1167 3755 1234; x_wconf 89' lang='grc' dir='ltr'><strong><em>τούς</em></strong></span> <span class='ocrx_word' id='word_1_408' title='bbox 3774 1167 3884 1234; x_wconf 78' lang='grc' dir='ltr'><em>τῆς</em></span> <span class='ocrx_word' id='word_1_409' title='bbox 3905 1184 4052 1220; x_wconf 73' lang='lat' dir='ltr'><strong><em>cvr-</em></strong></span> 
     </span>
    </p>
   </div>
   <div class='ocr_carea' id='block_1_105' title="bbox 2725 1240 4053 1310">
    <p class='ocr_par' dir='ltr' id='par_1_105' title="bbox 2725 1240 4053 1310">
     <span class='ocr_line' id='line_1_105' title="bbox 2725 1240 4053 1310; baseline -0.002 -20"><span class='ocrx_word' id='word_1_410' title='bbox 2725 1240 2870 1293; x_wconf 73' lang='grc' dir='ltr'><em>ιέδου</em></span> <span class='ocrx_word' id='word_1_411' title='bbox 2885 1241 3239 1310; x_wconf 81' lang='grc' dir='ltr'><em>ἀρειανίσαι,</em></span> <span class='ocrx_word' id='word_1_412' title='bbox 3262 1242 3359 1294; x_wconf 78' lang='grc' dir='ltr'><em>καὶ</em></span> <span class='ocrx_word' id='word_1_413' title='bbox 3378 1240 3609 1304; x_wconf 80' lang='grc' dir='ltr'><em>πάντας</em></span> <span class='ocrx_word' id='word_1_414' title='bbox 3627 1240 3766 1304; x_wconf 88' lang='grc' dir='ltr'><em>τοὺς</em></span> <span class='ocrx_word' id='word_1_415' title='bbox 3782 1240 4053 1307; x_wconf 82' lang='grc' dir='ltr'><em>Χριστια-</em></span> 
     </span>
    </p>
   </div>
   <div class='ocr_carea' id='block_1_106' title="bbox 2722 1327 2888 1374">
    <p class='ocr_par' dir='ltr' id='par_1_106' title="bbox 2722 1327 2888 1374">
     <span class='ocr_line' id='line_1_106' title="bbox 2722 1327 2888 1374; baseline 0.012 -12"><span class='ocrx_word' id='word_1_416' title='bbox 2722 1327 2888 1374; x_wconf 81' lang='grc' dir='ltr'><em>νους.</em></span> 
     </span>
    </p>
   </div>
   <div class='ocr_carea' id='block_1_107' title="bbox 2477 1379 4048 1451">
    <p class='ocr_par' dir='ltr' id='par_1_107' title="bbox 2477 1379 4048 1451">
     <span class='ocr_line' id='line_1_107' title="bbox 2477 1379 4048 1451; baseline 0 -20"><span class='ocrx_word' id='word_1_417' title='bbox 2477 1381 2551 1432; x_wconf 91' lang='lat' dir='ltr'><strong><em>Z&#39;.</em></strong></span> <span class='ocrx_word' id='word_1_418' title='bbox 2649 1381 2777 1433; x_wconf 89' lang='grc' dir='ltr'><em>Ὄτι</em></span> <span class='ocrx_word' id='word_1_419' title='bbox 2805 1383 3095 1451; x_wconf 81' lang='grc' dir='ltr'><em>Εὐνόμιος</em></span> <span class='ocrx_word' id='word_1_420' title='bbox 3124 1379 3374 1451; x_wconf 74' lang='grc' dir='ltr'><em>Κυζῗκου</em></span> <span class='ocrx_word' id='word_1_421' title='bbox 3402 1381 3650 1449; x_wconf 57' lang='grc' dir='ltr'><em>γέγονεν</em></span> <span class='ocrx_word' id='word_1_422' title='bbox 3681 1379 4048 1451; x_wconf 73' lang='grc' dir='ltr'><em>ἐπίσκοπος,</em></span> 
     </span>
    </p>
   </div>
   <div class='ocr_carea' id='block_1_108' title="bbox 2726 1448 4051 1510">
    <p class='ocr_par' dir='ltr' id='par_1_108' title="bbox 2726 1448 4051 1510">
     <span class='ocr_line' id='line_1_108' title="bbox 2726 1448 4051 1510; baseline -0.003 -6"><span class='ocrx_word' id='word_1_423' title='bbox 2726 1448 3036 1507; x_wconf 80' lang='grc' dir='ltr'><em>Ἐλεύσιον</em></span> <span class='ocrx_word' id='word_1_424' title='bbox 3051 1454 3158 1505; x_wconf 86' lang='grc' dir='ltr'><em>τὸν</em></span> <span class='ocrx_word' id='word_1_425' title='bbox 3176 1448 3622 1506; x_wconf 81' lang='grc' dir='ltr'><em>Μακεδονιανὸν</em></span> <span class='ocrx_word' id='word_1_426' title='bbox 3638 1448 3929 1510; x_wconf 78' lang='grc' dir='ltr'><em>ἐκϐαλὼν,</em></span> <span class='ocrx_word' id='word_1_427' title='bbox 3953 1449 4051 1501; x_wconf 75' lang='grc' dir='ltr'><em>καὶ</em></span> 
     </span>
    </p>
   </div>
   <div class='ocr_carea' id='block_1_109' title="bbox 2725 1519 4052 1589">
    <p class='ocr_par' dir='ltr' id='par_1_109' title="bbox 2725 1519 4052 1589">
     <span class='ocr_line' id='line_1_109' title="bbox 2725 1519 4052 1589; baseline -0.004 -16"><span class='ocrx_word' id='word_1_428' title='bbox 2725 1522 2856 1588; x_wconf 79' lang='grc' dir='ltr'><em>περὶ</em></span> <span class='ocrx_word' id='word_1_429' title='bbox 2899 1524 3004 1576; x_wconf 89' lang='grc' dir='ltr'><em>τοῦ</em></span> <span class='ocrx_word' id='word_1_430' title='bbox 3047 1522 3230 1575; x_wconf 85' lang='grc' dir='ltr'><em>πόθεν</em></span> <span class='ocrx_word' id='word_1_431' title='bbox 3268 1521 3498 1589; x_wconf 79' lang='grc' dir='ltr'><strong><em>ὥρμητο</em></strong></span> <span class='ocrx_word' id='word_1_432' title='bbox 3538 1537 3552 1552; x_wconf 76' lang='grc' dir='ltr'><strong>ο</strong></span> <span class='ocrx_word' id='word_1_433' title='bbox 3585 1521 3677 1573; x_wconf 75' lang='grc' dir='ltr'><em>καὶ</em></span> <span class='ocrx_word' id='word_1_434' title='bbox 3715 1519 3804 1572; x_wconf 80' lang='grc' dir='ltr'><em>ὅτι</em></span> <span class='ocrx_word' id='word_1_435' title='bbox 3837 1520 4052 1572; x_wconf 78' lang='grc' dir='ltr'><em>Ἀετίου</em></span> 
     </span>
    </p>
   </div>
   <div class='ocr_carea' id='block_1_110' title="bbox 2721 1589 4050 1661">
    <p class='ocr_par' dir='ltr' id='par_1_110' title="bbox 2721 1589 4050 1661">
     <span class='ocr_line' id='line_1_110' title="bbox 2721 1589 4050 1661; baseline -0.002 -18"><span class='ocrx_word' id='word_1_436' title='bbox 2721 1591 2827 1644; x_wconf 89' lang='grc' dir='ltr'><em>τοῦ</em></span> <span class='ocrx_word' id='word_1_437' title='bbox 2852 1593 3031 1647; x_wconf 84' lang='grc' dir='ltr'><strong><em>ἀθέου</em></strong></span> <span class='ocrx_word' id='word_1_438' title='bbox 3053 1593 3433 1661; x_wconf 64' lang='grc' dir='ltr'><em>ὑπογραφεὺς</em></span> <span class='ocrx_word' id='word_1_439' title='bbox 3455 1592 3559 1653; x_wconf 84' lang='grc' dir='ltr'><em>ῶν,</em></span> <span class='ocrx_word' id='word_1_440' title='bbox 3581 1591 3652 1643; x_wconf 86' lang='grc' dir='ltr'><strong><em>τὰ</em></strong></span> <span class='ocrx_word' id='word_1_441' title='bbox 3669 1591 3903 1643; x_wconf 80' lang='grc' dir='ltr'><em>ἐκείνου</em></span> <span class='ocrx_word' id='word_1_442' title='bbox 3922 1589 4050 1655; x_wconf 70' lang='grc' dir='ltr'><strong><em>ἐζή-</em></strong></span> 
     </span>
    </p>
   </div>
   <div class='ocr_carea' id='block_1_111' title="bbox 2720 1664 2941 1717">
    <p class='ocr_par' dir='ltr' id='par_1_111' title="bbox 2720 1664 2941 1717">
     <span class='ocr_line' id='line_1_111' title="bbox 2720 1664 2941 1717; baseline 0.018 -4"><span class='ocrx_word' id='word_1_443' title='bbox 2720 1664 2941 1717; x_wconf 84' lang='grc' dir='ltr'><em>λωσεν.</em></span> 
     </span>
    </p>
   </div>
   <div class='ocr_carea' id='block_1_112' title="bbox 2480 1729 4048 1801">
    <p class='ocr_par' dir='ltr' id='par_1_112' title="bbox 2480 1729 4048 1801">
     <span class='ocr_line' id='line_1_112' title="bbox 2480 1729 4048 1801; baseline -0.004 -15"><span class='ocrx_word' id='word_1_444' title='bbox 2480 1737 2557 1787; x_wconf 88' lang='lat' dir='ltr'><strong>II’.</strong></span> <span class='ocrx_word' id='word_1_445' title='bbox 2648 1733 2786 1798; x_wconf 80' lang='grc' dir='ltr'><em>Περὶ</em></span> <span class='ocrx_word' id='word_1_446' title='bbox 2817 1733 2923 1786; x_wconf 90' lang='grc' dir='ltr'><em>τοῦ</em></span> <span class='ocrx_word' id='word_1_447' title='bbox 2963 1732 3309 1801; x_wconf 76' lang='grc' dir='ltr'><strong><em>εὑρεθέντος</em></strong></span> <span class='ocrx_word' id='word_1_448' title='bbox 3342 1731 3620 1799; x_wconf 72' lang='grc' dir='ltr'><em>χρησμοῦ</em></span> <span class='ocrx_word' id='word_1_449' title='bbox 3661 1729 3914 1801; x_wconf 27' lang='grc' dir='ltr'><em>ὲνᾴλίθῳ</em></span> <span class='ocrx_word' id='word_1_450' title='bbox 3956 1747 4048 1799; x_wconf 78' lang='grc' dir='ltr'><strong><em>γε·</em></strong></span> 
     </span>
    </p>
   </div>
   <div class='ocr_carea' id='block_1_113' title="bbox 2716 1797 4054 1872">
    <p class='ocr_par' dir='ltr' id='par_1_113' title="bbox 2716 1797 4054 1872">
     <span class='ocr_line' id='line_1_113' title="bbox 2716 1797 4054 1872; baseline -0.003 -16"><span class='ocrx_word' id='word_1_451' title='bbox 2716 1797 3054 1872; x_wconf 63' lang='grc' dir='ltr'><em>Ῠλυμμένῴ,</em></span> <span class='ocrx_word' id='word_1_452' title='bbox 3073 1802 3171 1856; x_wconf 90' lang='grc' dir='ltr'><em>ὅτε</em></span> <span class='ocrx_word' id='word_1_453' title='bbox 3190 1803 3252 1855; x_wconf 85' lang='grc' dir='ltr'><em>τὸ</em></span> <span class='ocrx_word' id='word_1_454' title='bbox 3267 1797 3654 1872; x_wconf 67' lang='grc' dir='ltr'><strong><em>Χαλκηδόνος</em></strong></span> <span class='ocrx_word' id='word_1_455' title='bbox 3672 1797 3861 1872; x_wconf 82' lang='grc' dir='ltr'><em>τεῖχος</em></span> <span class='ocrx_word' id='word_1_456' title='bbox 3887 1797 4054 1853; x_wconf 68' lang='grc' dir='ltr'><em>ἐλύε-</em></span> 
     </span>
    </p>
   </div>
   <div class='ocr_carea' id='block_1_114' title="bbox 2719 1870 4046 1942">
    <p class='ocr_par' dir='ltr' id='par_1_114' title="bbox 2719 1870 4046 1942">
     <span class='ocr_line' id='line_1_114' title="bbox 2719 1870 4046 1942; baseline 0 -19"><span class='ocrx_word' id='word_1_457' title='bbox 2719 1887 2804 1937; x_wconf 89' lang='grc' dir='ltr'><strong><em>το,</em></strong></span> <span class='ocrx_word' id='word_1_458' title='bbox 2833 1870 2970 1926; x_wconf 72' lang='grc' dir='ltr'><em>κατ’</em></span> <span class='ocrx_word' id='word_1_459' title='bbox 2999 1873 3186 1942; x_wconf 73' lang='grc' dir='ltr'><em>ὀργὴν</em></span> <span class='ocrx_word' id='word_1_460' title='bbox 3221 1871 3327 1925; x_wconf 84' lang='grc' dir='ltr'><em>τοῦ</em></span> <span class='ocrx_word' id='word_1_461' title='bbox 3357 1873 3664 1936; x_wconf 73' lang='grc' dir='ltr'><em>,βασιλέως</em></span> <span class='ocrx_word' id='word_1_462' title='bbox 3691 1870 4046 1936; x_wconf 72' lang='grc' dir='ltr'><em>Οὐάλεντος.</em></span> 
     </span>
    </p>
   </div>
   <div class='ocr_carea' id='block_1_115' title="bbox 2472 2005 4052 2073">
    <p class='ocr_par' dir='ltr' id='par_1_115' title="bbox 2472 2005 4052 2073">
     <span class='ocr_line' id='line_1_115' title="bbox 2472 2005 4052 2073; baseline 0.004 -18"><span class='ocrx_word' id='word_1_463' title='bbox 2472 2005 2547 2056; x_wconf 68' lang='grc' dir='ltr'><em>ω’.</em></span> <span class='ocrx_word' id='word_1_464' title='bbox 2656 2005 2748 2072; x_wconf 81' lang='grc' dir='ltr'><em>Ὠς</em></span> <span class='ocrx_word' id='word_1_465' title='bbox 2785 2007 3137 2073; x_wconf 78' lang='grc' dir='ltr'><em>όβασιλεύς</em></span> <span class='ocrx_word' id='word_1_466' title='bbox 3173 2006 3435 2073; x_wconf 88' lang='grc' dir='ltr'><em>Οὐάλης,</em></span> <span class='ocrx_word' id='word_1_467' title='bbox 3480 2006 3581 2061; x_wconf 74' lang='grc' dir='ltr'><em>καὶ</em></span> <span class='ocrx_word' id='word_1_468' title='bbox 3636 2007 4052 2073; x_wconf 83' lang='grc' dir='ltr'><em>Ναυατιανοὺς</em></span> 
     </span>
    </p>
   </div>
   <div class='ocr_carea' id='block_1_116' title="bbox 2721 2077 4051 2150">
    <p class='ocr_par' dir='ltr' id='par_1_116' title="bbox 2721 2077 4051 2150">
     <span class='ocr_line' id='line_1_116' title="bbox 2721 2077 4051 2150; baseline -0.001 -19"><span class='ocrx_word' id='word_1_469' title='bbox 2721 2079 2934 2150; x_wconf 80' lang='grc' dir='ltr'><em>ὁμοίως</em></span> <span class='ocrx_word' id='word_1_470' title='bbox 2964 2079 3086 2150; x_wconf 68' lang='grc' dir='ltr'><em>τοῖς</em></span> <span class='ocrx_word' id='word_1_471' title='bbox 3115 2077 3454 2146; x_wconf 79' lang='grc' dir='ltr'><em>ὀρθοδόξοις</em></span> <span class='ocrx_word' id='word_1_472' title='bbox 3476 2078 3541 2131; x_wconf 88' lang='grc' dir='ltr'><em>τὸ</em></span> <span class='ocrx_word' id='word_1_473' title='bbox 3566 2080 3889 2147; x_wconf 83' lang='grc' dir='ltr'><em>όμοούσιον</em></span> <span class='ocrx_word' id='word_1_474' title='bbox 3908 2096 4051 2150; x_wconf 73' lang='grc' dir='ltr'><em>φροο</em></span> 
     </span>
    </p>
   </div>
   <div class='ocr_carea' id='block_1_117' title="bbox 2725 2148 3299 2216">
    <p class='ocr_par' dir='ltr' id='par_1_117' title="bbox 2725 2148 3299 2216">
     <span class='ocr_line' id='line_1_117' title="bbox 2725 2148 3299 2216; baseline 0.003 -17"><span class='ocrx_word' id='word_1_475' title='bbox 2725 2149 2983 2215; x_wconf 80' lang='grc' dir='ltr'><em>νοῦντας</em></span> <span class='ocrx_word' id='word_1_476' title='bbox 3009 2148 3299 2216; x_wconf 77' lang='grc' dir='ltr'><em>ἤλαυνεν.</em></span> 
     </span>
    </p>
   </div>
   <div class='ocr_carea' id='block_1_118' title="bbox 2473 2281 4051 2352">
    <p class='ocr_par' dir='ltr' id='par_1_118' title="bbox 2473 2281 4051 2352">
     <span class='ocr_line' id='line_1_118' title="bbox 2473 2281 4051 2352; baseline 0.001 -19"><span class='ocrx_word' id='word_1_477' title='bbox 2473 2282 2528 2334; x_wconf 69' lang='grc' dir='ltr'><em>ι’.</em></span> <span class='ocrx_word' id='word_1_478' title='bbox 2660 2282 2753 2347; x_wconf 73' lang='grc' dir='ltr'><strong><em>Ὡς</em></strong></span> <span class='ocrx_word' id='word_1_479' title='bbox 2790 2285 2824 2335; x_wconf 87' lang='grc' dir='ltr'><strong><em>ό</em></strong></span> <span class='ocrx_word' id='word_1_480' title='bbox 2861 2281 3161 2346; x_wconf 75' lang='grc' dir='ltr'><em>,βασιλεὺς</em></span> <span class='ocrx_word' id='word_1_481' title='bbox 3189 2282 3685 2348; x_wconf 84' lang='grc' dir='ltr'><em>Οὐαλεντινιανὸς</em></span> <span class='ocrx_word' id='word_1_482' title='bbox 3734 2281 4051 2352; x_wconf 76' lang='grc' dir='ltr'><em>ὁμώνυμον</em></span> 
     </span>
    </p>
   </div>
   <div class='ocr_carea' id='block_1_119' title="bbox 2718 2353 4046 2422">
    <p class='ocr_par' dir='ltr' id='par_1_119' title="bbox 2718 2353 4046 2422">
     <span class='ocr_line' id='line_1_119' title="bbox 2718 2353 4046 2422; baseline 0.001 -18"><span class='ocrx_word' id='word_1_483' title='bbox 2718 2353 2877 2418; x_wconf 88' lang='grc' dir='ltr'><em>αὐτῴ</em></span> <span class='ocrx_word' id='word_1_484' title='bbox 2907 2353 3088 2406; x_wconf 82' lang='grc' dir='ltr'><em>παῖδα</em></span> <span class='ocrx_word' id='word_1_485' title='bbox 3106 2354 3445 2422; x_wconf 73' lang='grc' dir='ltr'><strong><em>γεγέννηκε,</em></strong></span> <span class='ocrx_word' id='word_1_486' title='bbox 3472 2355 3802 2421; x_wconf 86' lang='grc' dir='ltr'><em>Γρατιανοῦ</em></span> <span class='ocrx_word' id='word_1_487' title='bbox 3835 2355 4046 2421; x_wconf 85' lang='grc' dir='ltr'><em>πρότε-</em></span> 
     </span>
    </p>
   </div>
   <div class='ocr_carea' id='block_1_120' title="bbox 2707 2421 4048 2545">
    <p class='ocr_par' dir='ltr' id='par_1_120' title="bbox 2707 2421 4048 2545">
     <span class='ocr_line' id='line_1_120' title="bbox 2707 2421 4048 2545; baseline 0.003 -69"><span class='ocrx_word' id='word_1_488' title='bbox 2707 2441 2821 2545; x_wconf 47' lang='lat' dir='ltr'><strong><em>p21-</em></strong></span> <span class='ocrx_word' id='word_1_489' title='bbox 2859 2421 2968 2490; x_wconf 79' lang='grc' dir='ltr'><em>τῆς</em></span> <span class='ocrx_word' id='word_1_490' title='bbox 2999 2421 3324 2490; x_wconf 80' lang='grc' dir='ltr'><em>,ϐασιλείας</em></span> <span class='ocrx_word' id='word_1_491' title='bbox 3374 2426 3562 2479; x_wconf 85' lang='grc' dir='ltr'><em>αὐτοῦ</em></span> <span class='ocrx_word' id='word_1_492' title='bbox 3607 2425 3724 2494; x_wconf 76' lang='grc' dir='ltr'><strong><em>ἤδη</em></strong></span> <span class='ocrx_word' id='word_1_493' title='bbox 3767 2441 4048 2495; x_wconf 71' lang='grc' dir='ltr'><em>γεγεννη-</em></span> 
     </span>
     <span class='ocr_line' id='line_1_121' title="bbox 2717 2511 2918 2545; baseline 0 0"><span class='ocrx_word' id='word_1_494' title='bbox 2717 2513 2754 2545; x_wconf 80' lang='grc' dir='ltr'><strong><em>ιι</em></strong></span> <span class='ocrx_word' id='word_1_495' title='bbox 2791 2511 2918 2545; x_wconf 84' lang='grc' dir='ltr'><em>νου.</em></span> 
     </span>
    </p>
   </div>
   <div class='ocr_carea' id='block_1_121' title="bbox 2791 2511 2918 2547">
    <p class='ocr_par' dir='ltr' id='par_1_121' title="bbox 2791 2511 2918 2547">
     <span class='ocr_line' id='line_1_122' title="bbox 2791 2511 2918 2547; baseline 0.016 -2"><span class='ocrx_word' id='word_1_496' title='bbox 2791 2511 2898 2546; x_wconf 84' lang='grc' dir='ltr'><strong><em>νου</em></strong></span> <span class='ocrx_word' id='word_1_497' title='bbox 2905 2534 2918 2547; x_wconf 85' lang='grc'><strong><em>.</em></strong></span> 
     </span>
    </p>
   </div>
   <div class='ocr_carea' id='block_1_122' title="bbox 2473 2513 4050 2634">
    <p class='ocr_par' dir='ltr' id='par_1_122' title="bbox 2473 2513 4050 2634">
     <span class='ocr_line' id='line_1_123' title="bbox 2473 2513 4050 2634; baseline 0.001 -18"><span class='ocrx_word' id='word_1_498' title='bbox 2473 2563 2571 2616; x_wconf 81' lang='lat' dir='ltr'><strong><em>IA&#39;.</em></strong></span> <span class='ocrx_word' id='word_1_499' title='bbox 2943 2565 3404 2634; x_wconf 77' lang='grc' dir='ltr'><em>κατενεχθείσης</em></span> <span class='ocrx_word' id='word_1_500' title='bbox 3426 2565 3760 2634; x_wconf 76' lang='grc' dir='ltr'><em>οὐρανόθεν</em></span> <span class='ocrx_word' id='word_1_501' title='bbox 3773 2565 4050 2628; x_wconf 75' lang='grc' dir='ltr'><em>ἐξαισίου</em></span> 
     </span>
    </p>
   </div>
   <div class='ocr_carea' id='block_1_123' title="bbox 2713 2633 4044 2703">
    <p class='ocr_par' dir='ltr' id='par_1_123' title="bbox 2713 2633 4044 2703">
     <span class='ocr_line' id='line_1_124' title="bbox 2713 2633 4044 2703; baseline 0.003 -17"><span class='ocrx_word' id='word_1_502' title='bbox 2713 2635 2989 2700; x_wconf 76' lang='grc' dir='ltr'><em>χαλάζης.</em></span> <span class='ocrx_word' id='word_1_503' title='bbox 3043 2633 3317 2703; x_wconf 75' lang='grc' dir='ltr'><em>καὶπερὶ</em></span> <span class='ocrx_word' id='word_1_504' title='bbox 3369 2633 3489 2687; x_wconf 87' lang='grc' dir='ltr'><em>τῶν</em></span> <span class='ocrx_word' id='word_1_505' title='bbox 3539 2637 3608 2688; x_wconf 86' lang='grc' dir='ltr'><em>ὲν</em></span> <span class='ocrx_word' id='word_1_506' title='bbox 3652 2638 3900 2703; x_wconf 79' lang='grc' dir='ltr'><em>Βιθυνίᾳ</em></span> <span class='ocrx_word' id='word_1_507' title='bbox 3947 2638 4044 2690; x_wconf 72' lang='grc' dir='ltr'><em>καὶ</em></span> 
     </span>
    </p>
   </div>
   <div class='ocr_carea' id='block_1_124' title="bbox 2725 2704 3840 2774">
    <p class='ocr_par' dir='ltr' id='par_1_124' title="bbox 2725 2704 3840 2774">
     <span class='ocr_line' id='line_1_125' title="bbox 2725 2704 3840 2774; baseline 0.004 -17"><span class='ocrx_word' id='word_1_508' title='bbox 2725 2706 3154 2771; x_wconf 74' lang='grc' dir='ltr'><em>Ἑλλησπόντῳ</em></span> <span class='ocrx_word' id='word_1_509' title='bbox 3186 2704 3524 2773; x_wconf 77' lang='grc' dir='ltr'><em>γενομένων</em></span> <span class='ocrx_word' id='word_1_510' title='bbox 3552 2705 3840 2774; x_wconf 73' lang='grc' dir='ltr'><em>σεισμῶν.</em></span> 
     </span>
    </p>
   </div>
   <div class='ocr_carea' id='block_1_125' title="bbox 2472 2773 4052 2844">
    <p class='ocr_par' dir='ltr' id='par_1_125' title="bbox 2472 2773 4052 2844">
     <span class='ocr_line' id='line_1_126' title="bbox 2472 2773 4052 2844; baseline 0.003 -20"><span class='ocrx_word' id='word_1_511' title='bbox 2472 2773 2570 2828; x_wconf 83' lang='grc' dir='ltr'><strong><em>ΙΒ¹.</em></strong></span> <span class='ocrx_word' id='word_1_512' title='bbox 2660 2775 2752 2840; x_wconf 78' lang='grc' dir='ltr'><em>Ὠς</em></span> <span class='ocrx_word' id='word_1_513' title='bbox 2789 2779 2842 2827; x_wconf 88' lang='lat' dir='ltr'><strong><em>ol</em></strong></span> <span class='ocrx_word' id='word_1_514' title='bbox 2880 2777 2953 2827; x_wconf 80' lang='grc' dir='ltr'><em>τὰ</em></span> <span class='ocrx_word' id='word_1_515' title='bbox 2995 2774 3366 2828; x_wconf 82' lang='grc' dir='ltr'><em>Μακεδονίου</em></span> <span class='ocrx_word' id='word_1_516' title='bbox 3422 2773 3786 2844; x_wconf 61' lang='grc' dir='ltr'><em>φρονοῦντες</em></span> <span class='ocrx_word' id='word_1_517' title='bbox 3818 2777 3916 2830; x_wconf 83' lang='grc' dir='ltr'><strong><em>διὰ</em></strong></span> <span class='ocrx_word' id='word_1_518' title='bbox 3937 2777 4052 2843; x_wconf 78' lang='grc' dir='ltr'><em>τὴν</em></span> 
     </span>
    </p>
   </div>
   <div class='ocr_carea' id='block_1_126' title="bbox 2713 2844 4049 2915">
    <p class='ocr_par' dir='ltr' id='par_1_126' title="bbox 2713 2844 4049 2915">
     <span class='ocr_line' id='line_1_127' title="bbox 2713 2844 4049 2915; baseline 0.003 -19"><span class='ocrx_word' id='word_1_519' title='bbox 2713 2846 2820 2898; x_wconf 87' lang='grc' dir='ltr'><strong><em>τοῦ</em></strong></span> <span class='ocrx_word' id='word_1_520' title='bbox 2845 2844 3151 2910; x_wconf 82' lang='grc' dir='ltr'><em>,βασιλέως</em></span> <span class='ocrx_word' id='word_1_521' title='bbox 3181 2847 3312 2912; x_wconf 81' lang='grc' dir='ltr'><em>περὶ</em></span> <span class='ocrx_word' id='word_1_522' title='bbox 3334 2847 3556 2911; x_wconf 84' lang='grc' dir='ltr'><em>αὐτοὺς</em></span> <span class='ocrx_word' id='word_1_523' title='bbox 3575 2850 3726 2909; x_wconf 76' lang='grc' dir='ltr'><em>βίαν</em></span> <span class='ocrx_word' id='word_1_524' title='bbox 3751 2863 4049 2915; x_wconf 84' lang='grc' dir='ltr'><em>στενοχω-</em></span> 
     </span>
    </p>
   </div>
   <div class='ocr_carea' id='block_1_127' title="bbox 2710 2916 4045 2986">
    <p class='ocr_par' dir='ltr' id='par_1_127' title="bbox 2710 2916 4045 2986">
     <span class='ocr_line' id='line_1_128' title="bbox 2710 2916 4045 2986; baseline 0.001 -18"><span class='ocrx_word' id='word_1_525' title='bbox 2710 2917 3008 2984; x_wconf 83' lang='grc' dir='ltr'><em>ρούμενοι,</em></span> <span class='ocrx_word' id='word_1_526' title='bbox 3045 2917 3194 2983; x_wconf 83' lang='grc' dir='ltr'><em>πρὸς</em></span> <span class='ocrx_word' id='word_1_527' title='bbox 3219 2916 3486 2982; x_wconf 79' lang='grc' dir='ltr'><em>Λιϐέριον</em></span> <span class='ocrx_word' id='word_1_528' title='bbox 3516 2918 3622 2971; x_wconf 87' lang='grc' dir='ltr'><em>τὸν</em></span> <span class='ocrx_word' id='word_1_529' title='bbox 3665 2918 3891 2986; x_wconf 82' lang='grc' dir='ltr'><em>Ῥώμης</em></span> <span class='ocrx_word' id='word_1_530' title='bbox 3917 2917 4045 2970; x_wconf 78' lang='grc' dir='ltr'><em>δια-</em></span> 
     </span>
    </p>
   </div>
   <div class='ocr_carea' id='block_1_128' title="bbox 2714 2986 4049 3058">
    <p class='ocr_par' dir='ltr' id='par_1_128' title="bbox 2714 2986 4049 3058">
     <span class='ocr_line' id='line_1_129' title="bbox 2714 2986 4049 3058; baseline 0.002 -21"><span class='ocrx_word' id='word_1_531' title='bbox 2714 2986 3226 3058; x_wconf 68' lang='grc' dir='ltr'><em>πρεσϐευσάμενοι</em></span> <span class='ocrx_word' id='word_1_532' title='bbox 3252 3027 3268 3051; x_wconf 94' lang='grc'><strong><em>,</em></strong></span> <span class='ocrx_word' id='word_1_533' title='bbox 3303 2987 3383 3051; x_wconf 86' lang='grc' dir='ltr'><em>τῷ</em></span> <span class='ocrx_word' id='word_1_534' title='bbox 3413 2988 3719 3056; x_wconf 78' lang='grc' dir='ltr'><em>όμοουσίφ</em></span> <span class='ocrx_word' id='word_1_535' title='bbox 3740 2989 4049 3058; x_wconf 53' lang='grc' dir='ltr'><em>ἐγγράφως</em></span> 
     </span>
    </p>
   </div>
   <div class='ocr_carea' id='block_1_129' title="bbox 2714 3057 3093 3125">
    <p class='ocr_par' dir='ltr' id='par_1_129' title="bbox 2714 3057 3093 3125">
     <span class='ocr_line' id='line_1_130' title="bbox 2714 3057 3093 3125; baseline 0.005 -17"><span class='ocrx_word' id='word_1_536' title='bbox 2714 3057 3093 3125; x_wconf 79' lang='grc' dir='ltr'><em>προσέθεντο.</em></span> 
     </span>
    </p>
   </div>
   <div class='ocr_carea' id='block_1_130' title="bbox 2469 3127 4047 3199">
    <p class='ocr_par' dir='ltr' id='par_1_130' title="bbox 2469 3127 4047 3199">
     <span class='ocr_line' id='line_1_131' title="bbox 2469 3127 4047 3199; baseline 0.003 -22"><span class='ocrx_word' id='word_1_537' title='bbox 2469 3127 2565 3177; x_wconf 81' lang='lat' dir='ltr'><strong>II&quot;.</strong></span> <span class='ocrx_word' id='word_1_538' title='bbox 2637 3127 2834 3192; x_wconf 77' lang='grc' dir='ltr'><em>Ὅπως</em></span> <span class='ocrx_word' id='word_1_539' title='bbox 2857 3128 3148 3199; x_wconf 79' lang='grc' dir='ltr'><em>Εὐνόμιος</em></span> <span class='ocrx_word' id='word_1_540' title='bbox 3172 3127 3466 3193; x_wconf 77' lang='grc' dir='ltr'><em>Εὐδοξιου</em></span> <span class='ocrx_word' id='word_1_541' title='bbox 3487 3128 3832 3199; x_wconf 83' lang='grc' dir='ltr'><em>κεχώριστο.</em></span> <span class='ocrx_word' id='word_1_542' title='bbox 3859 3128 3957 3183; x_wconf 83' lang='grc' dir='ltr'><strong><em>διὰ</em></strong></span> <span class='ocrx_word' id='word_1_543' title='bbox 3978 3130 4047 3182; x_wconf 86' lang='grc' dir='ltr'><em>τὸ</em></span> 
     </span>
    </p>
   </div>
   <div class='ocr_carea' id='block_1_131' title="bbox 2712 3197 4046 3267">
    <p class='ocr_par' dir='ltr' id='par_1_131' title="bbox 2712 3197 4046 3267">
     <span class='ocr_line' id='line_1_132' title="bbox 2712 3197 4046 3267; baseline 0.002 -19"><span class='ocrx_word' id='word_1_544' title='bbox 2712 3197 3100 3262; x_wconf 80' lang='grc' dir='ltr'><em>προσκεῖσθαι</em></span> <span class='ocrx_word' id='word_1_545' title='bbox 3121 3200 3309 3252; x_wconf 78' lang='grc' dir='ltr'><em>αὑτὸν</em></span> <span class='ocrx_word' id='word_1_546' title='bbox 3337 3201 3542 3267; x_wconf 82' lang='grc' dir='ltr'><em>Ἀετίῳ,</em></span> <span class='ocrx_word' id='word_1_547' title='bbox 3558 3197 3665 3253; x_wconf 59' lang='grc' dir='ltr'><em>’καὶ</em></span> <span class='ocrx_word' id='word_1_548' title='bbox 3691 3200 3780 3252; x_wconf 85' lang='grc' dir='ltr'><em>ὅτι</em></span> <span class='ocrx_word' id='word_1_549' title='bbox 3803 3199 4046 3266; x_wconf 68' lang='grc' dir='ltr'><em>σπουδῇ</em></span> 
     </span>
    </p>
   </div>
   <div class='ocr_carea' id='block_1_132' title="bbox 2710 3267 4046 3340">
    <p class='ocr_par' dir='ltr' id='par_1_132' title="bbox 2710 3267 4046 3340">
     <span class='ocr_line' id='line_1_133' title="bbox 2710 3267 4046 3340; baseline 0.001 -20"><span class='ocrx_word' id='word_1_550' title='bbox 2710 3267 3003 3340; x_wconf 76' lang='grc' dir='ltr'><em>Εὐδοξιόυ</em></span> <span class='ocrx_word' id='word_1_551' title='bbox 3021 3268 3287 3340; x_wconf 82' lang='grc' dir='ltr'><em>ταραχῆς</em></span> <span class='ocrx_word' id='word_1_552' title='bbox 3301 3270 3372 3324; x_wconf 86' lang='grc' dir='ltr'><em>ἐν</em></span> <span class='ocrx_word' id='word_1_553' title='bbox 3386 3270 3794 3338; x_wconf 77' lang='grc' dir='ltr'><em>Ἀλεξανδρείᾳ</em></span> <span class='ocrx_word' id='word_1_554' title='bbox 3808 3271 4046 3340; x_wconf 75' lang='grc' dir='ltr'><em>γενομέ-</em></span> 
     </span>
    </p>
   </div>
   <div class='ocr_carea' id='block_1_133' title="bbox 2710 3338 4048 3410">
    <p class='ocr_par' dir='ltr' id='par_1_133' title="bbox 2710 3338 4048 3410">
     <span class='ocr_line' id='line_1_134' title="bbox 2710 3338 4048 3410; baseline 0.001 -20"><span class='ocrx_word' id='word_1_555' title='bbox 2710 3338 3212 3410; x_wconf 15' lang='grc' dir='ltr'><em>νης-,ξ’ᾼθανάσιος</em></span> <span class='ocrx_word' id='word_1_556' title='bbox 3233 3340 3422 3394; x_wconf 89' lang='grc' dir='ltr'><em>πάλιν</em></span> <span class='ocrx_word' id='word_1_557' title='bbox 3442 3342 3664 3410; x_wconf 72' lang='grc' dir='ltr'><em>φεύγετ’</em></span> <span class='ocrx_word' id='word_1_558' title='bbox 3691 3342 3789 3394; x_wconf 78' lang='grc' dir='ltr'><em>καὶ</em></span> <span class='ocrx_word' id='word_1_559' title='bbox 3817 3338 3908 3393; x_wconf 65' lang='grc' dir='ltr'><strong><em>ὅτι</em></strong></span> <span class='ocrx_word' id='word_1_560' title='bbox 3940 3341 4048 3393; x_wconf 80' lang='grc' dir='ltr'><strong><em>τοῦ</em></strong></span> 
     </span>
    </p>
   </div>
   <div class='ocr_carea' id='block_1_134' title="bbox 2710 3407 4047 3477">
    <p class='ocr_par' dir='ltr' id='par_1_134' title="bbox 2710 3407 4047 3477">
     <span class='ocr_line' id='line_1_135' title="bbox 2710 3407 4047 3477; baseline 0.001 -16"><span class='ocrx_word' id='word_1_561' title='bbox 2710 3408 2864 3462; x_wconf 86' lang='grc' dir='ltr'><em>λαοῦ</em></span> <span class='ocrx_word' id='word_1_562' title='bbox 2885 3407 2981 3460; x_wconf 77' lang='grc' dir='ltr'><strong><em>διὰ</em></strong></span> <span class='ocrx_word' id='word_1_563' title='bbox 3013 3407 3190 3464; x_wconf 84' lang='grc' dir='ltr'><em>τοῦτο</em></span> <span class='ocrx_word' id='word_1_564' title='bbox 3212 3407 3660 3477; x_wconf 74' lang='grc' dir='ltr'><em>στασιάσαντος</em></span> <span class='ocrx_word' id='word_1_565' title='bbox 3690 3414 3724 3465; x_wconf 84' lang='grc' dir='ltr'><strong><em>ό</em></strong></span> <span class='ocrx_word' id='word_1_566' title='bbox 3745 3411 4047 3475; x_wconf 77' lang='grc' dir='ltr'><em>βασιλεὺς</em></span> 
     </span>
    </p>
   </div>
   <div class='ocr_carea' id='block_1_135' title="bbox 2711 3477 4044 3548">
    <p class='ocr_par' dir='ltr' id='par_1_135' title="bbox 2711 3477 4044 3548">
     <span class='ocr_line' id='line_1_136' title="bbox 2711 3477 4044 3548; baseline 0 -16"><span class='ocrx_word' id='word_1_567' title='bbox 2711 3477 2938 3543; x_wconf 82' lang='grc' dir='ltr'><em>δείσας.</em></span> <span class='ocrx_word' id='word_1_568' title='bbox 2955 3477 3053 3532; x_wconf 78' lang='grc' dir='ltr'><strong><em>διὰ</em></strong></span> <span class='ocrx_word' id='word_1_569' title='bbox 3071 3480 3422 3548; x_wconf 70' lang='grc' dir='ltr'><em>γραμμάτων</em></span> <span class='ocrx_word' id='word_1_570' title='bbox 3442 3498 3505 3534; x_wconf 85' lang='grc' dir='ltr'><strong><em>τε</em></strong></span> <span class='ocrx_word' id='word_1_571' title='bbox 3519 3482 3661 3546; x_wconf 86' lang='grc' dir='ltr'><em>τοὺς</em></span> <span class='ocrx_word' id='word_1_572' title='bbox 3678 3482 3747 3534; x_wconf 85' lang='grc' dir='ltr'><em>ἐν</em></span> <span class='ocrx_word' id='word_1_573' title='bbox 3771 3481 4044 3544; x_wconf 71' lang='grc' dir='ltr'><em>Ἀλεξαν-</em></span> 
     </span>
    </p>
   </div>
   <div class='ocr_carea' id='block_1_136' title="bbox 2713 3548 4049 3617">
    <p class='ocr_par' dir='ltr' id='par_1_136' title="bbox 2713 3548 4049 3617">
     <span class='ocr_line' id='line_1_137' title="bbox 2713 3548 4049 3617; baseline 0.001 -17"><span class='ocrx_word' id='word_1_574' title='bbox 2713 3549 2877 3617; x_wconf 78' lang='grc' dir='ltr'><em>δρείᾳ</em></span> <span class='ocrx_word' id='word_1_575' title='bbox 2898 3549 3348 3617; x_wconf 81' lang='grc' dir='ltr'><em>παρακαλέσας,</em></span> <span class='ocrx_word' id='word_1_576' title='bbox 3369 3548 3544 3616; x_wconf 87' lang='grc' dir='ltr'><em>αὖθις</em></span> <span class='ocrx_word' id='word_1_577' title='bbox 3566 3553 3672 3605; x_wconf 83' lang='grc' dir='ltr'><strong><em>τὸν</em></strong></span> <span class='ocrx_word' id='word_1_578' title='bbox 3701 3551 4049 3606; x_wconf 79' lang='grc' dir='ltr'><em>Ἅθανάσιον</em></span> 
     </span>
    </p>
   </div>
   <div class='ocr_carea' id='block_1_137' title="bbox 2714 3619 4042 3690">
    <p class='ocr_par' dir='ltr' id='par_1_137' title="bbox 2714 3619 4042 3690">
     <span class='ocr_line' id='line_1_138' title="bbox 2714 3619 4042 3690; baseline 0.001 -19"><span class='ocrx_word' id='word_1_579' title='bbox 2714 3620 2952 3688; x_wconf 84' lang='grc' dir='ltr'><em>κρατεῖν</em></span> <span class='ocrx_word' id='word_1_580' title='bbox 2972 3619 3157 3688; x_wconf 81' lang='grc' dir='ltr'><em>ἀδεῶς</em></span> <span class='ocrx_word' id='word_1_581' title='bbox 3186 3621 3298 3689; x_wconf 76' lang='grc' dir='ltr'><em>τὴν</em></span> <span class='ocrx_word' id='word_1_582' title='bbox 3315 3623 3680 3690; x_wconf 80' lang='grc' dir='ltr'><em>Ἐκκλησίαν</em></span> <span class='ocrx_word' id='word_1_583' title='bbox 3693 3623 4042 3677; x_wconf 85' lang='grc' dir='ltr'><em>ἐκέλευσεν.</em></span> 
     </span>
    </p>
   </div>
   <div class='ocr_carea' id='block_1_138' title="bbox 2466 3751 4047 3819">
    <p class='ocr_par' dir='ltr' id='par_1_138' title="bbox 2466 3751 4047 3819">
     <span class='ocr_line' id='line_1_139' title="bbox 2466 3751 4047 3819; baseline 0.001 -15"><span class='ocrx_word' id='word_1_584' title='bbox 2466 3753 2562 3804; x_wconf 91' lang='grc' dir='ltr'><strong><em>1Δ’.</em></strong></span> <span class='ocrx_word' id='word_1_585' title='bbox 2642 3751 2931 3816; x_wconf 76' lang='grc' dir='ltr'><em>Εὐδοξίου</em></span> <span class='ocrx_word' id='word_1_586' title='bbox 2967 3753 3037 3806; x_wconf 89' lang='grc' dir='ltr'><strong><em>έν</em></strong></span> <span class='ocrx_word' id='word_1_587' title='bbox 3088 3755 3723 3809; x_wconf 85' lang='grc' dir='ltr'><em>Κωνσταντινουπόλει</em></span> <span class='ocrx_word' id='word_1_588' title='bbox 3769 3755 4047 3819; x_wconf 80' lang='grc' dir='ltr'><em>τελευτή-</em></span> 
     </span>
    </p>
   </div>
   <div class='ocr_carea' id='block_1_139' title="bbox 2711 3824 4045 3893">
    <p class='ocr_par' dir='ltr' id='par_1_139' title="bbox 2711 3824 4045 3893">
     <span class='ocr_line' id='line_1_140' title="bbox 2711 3824 4045 3893; baseline 0.003 -19"><span class='ocrx_word' id='word_1_589' title='bbox 2711 3838 2956 3893; x_wconf 86' lang='grc' dir='ltr'><em>σαντος,</em></span> <span class='ocrx_word' id='word_1_590' title='bbox 2997 3826 3052 3876; x_wconf 85' lang='lat' dir='ltr'><strong><em>ol</em></strong></span> <span class='ocrx_word' id='word_1_591' title='bbox 3094 3824 3210 3892; x_wconf 79' lang='grc' dir='ltr'><em>μέν</em></span> <span class='ocrx_word' id='word_1_592' title='bbox 3255 3826 3528 3891; x_wconf 77' lang='grc' dir='ltr'><em>Ἆρειανοὶ</em></span> <span class='ocrx_word' id='word_1_593' title='bbox 3572 3825 3945 3893; x_wconf 62' lang='grc' dir='ltr'><em>Δημόφιλον,</em></span> <span class='ocrx_word' id='word_1_594' title='bbox 3991 3829 4045 3878; x_wconf 87' lang='grc' dir='ltr'><em>οι</em></span> 
     </span>
    </p>
   </div>
   <div class='ocr_carea' id='block_1_140' title="bbox 2713 3892 4046 3962">
    <p class='ocr_par' dir='ltr' id='par_1_140' title="bbox 2713 3892 4046 3962">
     <span class='ocr_line' id='line_1_141' title="bbox 2713 3892 4046 3962; baseline 0.004 -19"><span class='ocrx_word' id='word_1_595' title='bbox 2713 3892 3015 3959; x_wconf 76' lang='grc' dir='ltr'><em>όρθόδοξυι</em></span> <span class='ocrx_word' id='word_1_596' title='bbox 3041 3893 3109 3946; x_wconf 80' lang='grc' dir='ltr'><em>δέ</em></span> <span class='ocrx_word' id='word_1_597' title='bbox 3135 3893 3451 3962; x_wconf 69' lang='grc' dir='ltr'><em>Εὐάγριον,</em></span> <span class='ocrx_word' id='word_1_598' title='bbox 3481 3892 3909 3950; x_wconf 79' lang='grc' dir='ltr'><em>ὄιἘύσταθίου</em></span> <span class='ocrx_word' id='word_1_599' title='bbox 3938 3896 4046 3948; x_wconf 84' lang='grc' dir='ltr'><em>τοῦ</em></span> 
     </span>
    </p>
   </div>
   <div class='ocr_carea' id='block_1_141' title="bbox 2721 3964 3602 4032">
    <p class='ocr_par' dir='ltr' id='par_1_141' title="bbox 2721 3964 3602 4032">
     <span class='ocr_line' id='line_1_142' title="bbox 2721 3964 3602 4032; baseline 0.003 -16"><span class='ocrx_word' id='word_1_600' title='bbox 2721 3965 3092 4032; x_wconf 81' lang='grc' dir='ltr'><em>Ἀντιοχείας,</em></span> <span class='ocrx_word' id='word_1_601' title='bbox 3119 3964 3602 4032; x_wconf 83' lang='grc' dir='ltr'><em>ἐχειροτόνησαν.</em></span> 
     </span>
    </p>
   </div>
   <div class='ocr_carea' id='block_1_142' title="bbox 2467 4033 4046 4102">
    <p class='ocr_par' dir='ltr' id='par_1_142' title="bbox 2467 4033 4046 4102">
     <span class='ocr_line' id='line_1_143' title="bbox 2467 4033 4046 4102; baseline 0.001 -18"><span class='ocrx_word' id='word_1_602' title='bbox 2467 4033 2565 4085; x_wconf 80' lang='lat' dir='ltr'><strong><em>IE&#39;.</em></strong></span> <span class='ocrx_word' id='word_1_603' title='bbox 2651 4033 2747 4097; x_wconf 85' lang='grc' dir='ltr'><em>Ὠς</em></span> <span class='ocrx_word' id='word_1_604' title='bbox 2776 4035 2880 4086; x_wconf 86' lang='grc' dir='ltr'><em>τοῦ</em></span> <span class='ocrx_word' id='word_1_605' title='bbox 2906 4034 3213 4098; x_wconf 83' lang='grc' dir='ltr'><em>βασιλέως</em></span> <span class='ocrx_word' id='word_1_606' title='bbox 3241 4034 3534 4102; x_wconf 57' lang='grc' dir='ltr'><em>Εὐάῖριον</em></span> <span class='ocrx_word' id='word_1_607' title='bbox 3563 4036 3660 4088; x_wconf 79' lang='grc' dir='ltr'><em>καὶ</em></span> <span class='ocrx_word' id='word_1_608' title='bbox 3703 4033 4046 4090; x_wconf 79' lang='grc' dir='ltr'><em>Εὐστάθιον</em></span> 
     </span>
    </p>
   </div>
   <div class='ocr_carea' id='block_1_143' title="bbox 2711 4104 4042 4174">
    <p class='ocr_par' dir='ltr' id='par_1_143' title="bbox 2711 4104 4042 4174">
     <span class='ocr_line' id='line_1_144' title="bbox 2711 4104 4042 4174; baseline 0.004 -19"><span class='ocrx_word' id='word_1_609' title='bbox 2711 4104 3129 4170; x_wconf 76' lang='grc' dir='ltr'><em>ἑξορίσαντος,</em></span> <span class='ocrx_word' id='word_1_610' title='bbox 3163 4108 3216 4157; x_wconf 87' lang='lat' dir='ltr'><strong><em>ol</em></strong></span> <span class='ocrx_word' id='word_1_611' title='bbox 3259 4106 3332 4158; x_wconf 85' lang='grc' dir='ltr'><strong><em>τὰ</em></strong></span> <span class='ocrx_word' id='word_1_612' title='bbox 3365 4106 3592 4174; x_wconf 84' lang='grc' dir='ltr'><em>Ἀρείου</em></span> <span class='ocrx_word' id='word_1_613' title='bbox 3639 4107 4005 4174; x_wconf 71' lang='grc' dir='ltr'><em>φρονοῦντες</em></span> <span class='ocrx_word' id='word_1_614' title='bbox 4025 4145 4042 4168; x_wconf 92' lang='grc'><strong><em>,</em></strong></span> 
     </span>
    </p>
   </div>
   <div class='ocr_carea' id='block_1_144' title="bbox 2709 4174 4044 4296">
    <p class='ocr_par' dir='ltr' id='par_1_144' title="bbox 2709 4174 4044 4296">
     <span class='ocr_line' id='line_1_145' title="bbox 2709 4174 4044 4296; baseline 0.004 -72"><span class='ocrx_word' id='word_1_615' title='bbox 2709 4174 2944 4296; x_wconf 56' lang='grc' dir='ltr'><em>ἵξοόδρα</em></span> <span class='ocrx_word' id='word_1_616' title='bbox 2989 4175 3131 4241; x_wconf 85' lang='grc' dir='ltr'><em>τοὺς</em></span> <span class='ocrx_word' id='word_1_617' title='bbox 3174 4177 3238 4228; x_wconf 91' lang='grc' dir='ltr'><em>τὸ</em></span> <span class='ocrx_word' id='word_1_618' title='bbox 3297 4178 3620 4244; x_wconf 80' lang='grc' dir='ltr'><em>όμοούσιον</em></span> <span class='ocrx_word' id='word_1_619' title='bbox 3673 4177 4044 4244; x_wconf 82' lang='grc' dir='ltr'><em>κρατοῦντας</em></span> 
     </span>
     <span class='ocr_line' id='line_1_146' title="bbox 2743 4262 2991 4296; baseline 0 0"><span class='ocrx_word' id='word_1_620' title='bbox 2743 4262 2991 4296; x_wconf 81' lang='grc' dir='ltr'><em>κακουν.</em></span> 
     </span>
    </p>
   </div>
   <div class='ocr_carea' id='block_1_145' title="bbox 2743 4262 2991 4298">
    <p class='ocr_par' dir='ltr' id='par_1_145' title="bbox 2743 4262 2991 4298">
     <span class='ocr_line' id='line_1_147' title="bbox 2743 4262 2991 4298; baseline 0 0"><span class='ocrx_word' id='word_1_621' title='bbox 2743 4262 2991 4298; x_wconf 78' lang='grc' dir='ltr'><em>κακουν.</em></span> 
     </span>
    </p>
   </div>
   <div class='ocr_carea' id='block_1_146' title="bbox 2469 4315 4045 4385">
    <p class='ocr_par' dir='ltr' id='par_1_146' title="bbox 2469 4315 4045 4385">
     <span class='ocr_line' id='line_1_148' title="bbox 2469 4315 4045 4385; baseline 0.001 -17"><span class='ocrx_word' id='word_1_622' title='bbox 2469 4317 2551 4382; x_wconf 72' lang='lat' dir='ltr'><strong><em>1c:</em></strong></span> <span class='ocrx_word' id='word_1_623' title='bbox 2554 4322 2586 4366; x_wconf 92' lang='lat'><strong><em>&#39;.</em></strong></span> <span class='ocrx_word' id='word_1_624' title='bbox 2648 4315 2785 4382; x_wconf 76' lang='grc' dir='ltr'><em>Περὶ</em></span> <span class='ocrx_word' id='word_1_625' title='bbox 2817 4315 2934 4368; x_wconf 85' lang='grc' dir='ltr'><em>τῶν</em></span> <span class='ocrx_word' id='word_1_626' title='bbox 2964 4315 3035 4368; x_wconf 87' lang='grc' dir='ltr'><strong><em>έν</em></strong></span> <span class='ocrx_word' id='word_1_627' title='bbox 3057 4315 3138 4381; x_wconf 82' lang='grc' dir='ltr'><em>τῷ</em></span> <span class='ocrx_word' id='word_1_628' title='bbox 3166 4318 3356 4383; x_wconf 84' lang='grc' dir='ltr'><em>πλοίῳ</em></span> <span class='ocrx_word' id='word_1_629' title='bbox 3395 4315 3814 4370; x_wconf 84' lang='grc' dir='ltr'><em>κατακαέντων</em></span> <span class='ocrx_word' id='word_1_630' title='bbox 3856 4317 4045 4385; x_wconf 79' lang='grc' dir='ltr'><em>άγίων</em></span> 
     </span>
    </p>
   </div>
   <div class='ocr_carea' id='block_1_147' title="bbox 2708 4385 4044 4456">
    <p class='ocr_par' dir='ltr' id='par_1_147' title="bbox 2708 4385 4044 4456">
     <span class='ocr_line' id='line_1_149' title="bbox 2708 4385 4044 4456; baseline 0.003 -18"><span class='ocrx_word' id='word_1_631' title='bbox 2708 4385 3125 4455; x_wconf 80' lang='grc' dir='ltr'><em>πρεσϐυτέρων</em></span> <span class='ocrx_word' id='word_1_632' title='bbox 3145 4390 3260 4441; x_wconf 78' lang='grc' dir='ltr'><strong><em>ὑπὸ</em></strong></span> <span class='ocrx_word' id='word_1_633' title='bbox 3284 4387 3619 4454; x_wconf 85' lang='grc' dir='ltr'><em>Οὐάλεντος</em></span> <span class='ocrx_word' id='word_1_634' title='bbox 3634 4406 3644 4417; x_wconf 74' lang='grc'><strong><em>⁸</em></strong></span> <span class='ocrx_word' id='word_1_635' title='bbox 3661 4389 3756 4441; x_wconf 76' lang='grc' dir='ltr'><em>καὶ</em></span> <span class='ocrx_word' id='word_1_636' title='bbox 3779 4389 3912 4456; x_wconf 77' lang='grc' dir='ltr'><em>περὶ</em></span> <span class='ocrx_word' id='word_1_637' title='bbox 3933 4387 4044 4442; x_wconf 81' lang='grc' dir='ltr'><em>τοῦ</em></span> 
     </span>
    </p>
   </div>
   <div class='ocr_carea' id='block_1_148' title="bbox 2709 4457 4042 4536">
    <p class='ocr_par' dir='ltr' id='par_1_148' title="bbox 2709 4457 4042 4536">
     <span class='ocr_line' id='line_1_150' title="bbox 2709 4457 4042 4536; baseline 0 -27"><span class='ocrx_word' id='word_1_638' title='bbox 2709 4459 3021 4536; x_wconf 53' lang='grc' dir='ltr'><em>γεγονότος</em></span> <span class='ocrx_word' id='word_1_639' title='bbox 3044 4461 3193 4510; x_wconf 85' lang='grc' dir='ltr'><em>κατὰ</em></span> <span class='ocrx_word' id='word_1_640' title='bbox 3213 4458 3403 4527; x_wconf 78' lang='grc' dir='ltr'><em>μῆνιν</em></span> <span class='ocrx_word' id='word_1_641' title='bbox 3435 4460 3582 4512; x_wconf 87' lang='grc' dir='ltr'><em>Θεοῦ</em></span> <span class='ocrx_word' id='word_1_642' title='bbox 3609 4460 3678 4512; x_wconf 85' lang='grc' dir='ltr'><em>ὲν</em></span> <span class='ocrx_word' id='word_1_643' title='bbox 3714 4457 3786 4527; x_wconf 79' lang='grc' dir='ltr'><em>τῇ</em></span> <span class='ocrx_word' id='word_1_644' title='bbox 3818 4463 4042 4528; x_wconf 75' lang='grc' dir='ltr'><em>Φρυγίᾳ</em></span> 
     </span>
    </p>
   </div>
   <div class='ocr_carea' id='block_1_149' title="bbox 2709 4533 2909 4595">
    <p class='ocr_par' dir='ltr' id='par_1_149' title="bbox 2709 4533 2909 4595">
     <span class='ocr_line' id='line_1_151' title="bbox 2709 4533 2909 4595; baseline 0.005 -15"><span class='ocrx_word' id='word_1_645' title='bbox 2709 4533 2909 4595; x_wconf 80' lang='grc' dir='ltr'><em>λιμοῦ.</em></span> 
     </span>
    </p>
   </div>
   <div class='ocr_carea' id='block_1_150' title="bbox 2466 4596 4042 4670">
    <p class='ocr_par' dir='ltr' id='par_1_150' title="bbox 2466 4596 4042 4670">
     <span class='ocr_line' id='line_1_152' title="bbox 2466 4596 4042 4670; baseline 0.003 -20"><span class='ocrx_word' id='word_1_646' title='bbox 2466 4596 2560 4650; x_wconf 87' lang='grc' dir='ltr'><strong><em>1Ζ’.</em></strong></span> <span class='ocrx_word' id='word_1_647' title='bbox 2643 4598 2734 4663; x_wconf 83' lang='grc' dir='ltr'><strong><em>Ὡς</em></strong></span> <span class='ocrx_word' id='word_1_648' title='bbox 2751 4601 2782 4670; x_wconf 80' lang='grc' dir='ltr'><strong><em>ό</em></strong></span> <span class='ocrx_word' id='word_1_649' title='bbox 2793 4597 3091 4664; x_wconf 80' lang='grc' dir='ltr'><em>βασιλεὺς</em></span> <span class='ocrx_word' id='word_1_650' title='bbox 3111 4599 3179 4651; x_wconf 87' lang='grc' dir='ltr'><em>ὲν</em></span> <span class='ocrx_word' id='word_1_651' title='bbox 3205 4598 3522 4670; x_wconf 77' lang='grc' dir='ltr'><em>Ἀντιοχείᾳ</em></span> <span class='ocrx_word' id='word_1_652' title='bbox 3538 4601 3875 4670; x_wconf 74' lang='grc' dir='ltr'><em>γενόμενος.</em></span> <span class='ocrx_word' id='word_1_653' title='bbox 3899 4601 4042 4667; x_wconf 86' lang='grc' dir='ltr'><em>τοὺς</em></span> 
     </span>
    </p>
   </div>
   <div class='ocr_carea' id='block_1_151' title="bbox 2710 4667 3842 4738">
    <p class='ocr_par' dir='ltr' id='par_1_151' title="bbox 2710 4667 3842 4738">
     <span class='ocr_line' id='line_1_153' title="bbox 2710 4667 3842 4738; baseline 0.004 -19"><span class='ocrx_word' id='word_1_654' title='bbox 2710 4667 2777 4719; x_wconf 87' lang='grc' dir='ltr'><em>τὸ</em></span> <span class='ocrx_word' id='word_1_655' title='bbox 2814 4670 3137 4737; x_wconf 81' lang='grc' dir='ltr'><em>όμοούσιον</em></span> <span class='ocrx_word' id='word_1_656' title='bbox 3174 4667 3553 4738; x_wconf 67' lang='grc' dir='ltr'><em>φρονοῦντας</em></span> <span class='ocrx_word' id='word_1_657' title='bbox 3581 4667 3842 4724; x_wconf 83' lang='grc' dir='ltr'><em>ἐδίωκεν.</em></span> 
     </span>
    </p>
   </div>
   <div class='ocr_carea' id='block_1_152' title="bbox 2468 4802 4041 4874">
    <p class='ocr_par' dir='ltr' id='par_1_152' title="bbox 2468 4802 4041 4874">
     <span class='ocr_line' id='line_1_154' title="bbox 2468 4802 4041 4874; baseline 0.004 -20"><span class='ocrx_word' id='word_1_658' title='bbox 2468 4802 2573 4856; x_wconf 85' lang='lat' dir='ltr'><strong>Ill&#39;.</strong></span> <span class='ocrx_word' id='word_1_659' title='bbox 2642 4803 2779 4870; x_wconf 78' lang='grc' dir='ltr'><em>Περὶ</em></span> <span class='ocrx_word' id='word_1_660' title='bbox 2801 4803 2918 4874; x_wconf 78' lang='grc' dir='ltr'><em>τῶν</em></span> <span class='ocrx_word' id='word_1_661' title='bbox 2944 4804 3014 4857; x_wconf 88' lang='grc' dir='ltr'><em>ὲν</em></span> <span class='ocrx_word' id='word_1_662' title='bbox 3043 4803 3258 4873; x_wconf 83' lang='grc' dir='ltr'><em>Ἐδέσῃ</em></span> <span class='ocrx_word' id='word_1_663' title='bbox 3293 4805 3630 4874; x_wconf 72' lang='grc' dir='ltr'><em>γενομένων</em></span> <span class='ocrx_word' id='word_1_664' title='bbox 3681 4803 3789 4873; x_wconf 84' lang='grc' dir='ltr'><em>τῆς</em></span> <span class='ocrx_word' id='word_1_665' title='bbox 3840 4822 3904 4859; x_wconf 86' lang='grc' dir='ltr'><strong><em>τε</em></strong></span> <span class='ocrx_word' id='word_1_666' title='bbox 3931 4806 4041 4860; x_wconf 85' lang='grc' dir='ltr'><em>τοῦ</em></span> 
     </span>
    </p>
   </div>
   <div class='ocr_carea' id='block_1_153' title="bbox 2707 4873 4043 4944">
    <p class='ocr_par' dir='ltr' id='par_1_153' title="bbox 2707 4873 4043 4944">
     <span class='ocr_line' id='line_1_155' title="bbox 2707 4873 4043 4944; baseline 0.002 -17"><span class='ocrx_word' id='word_1_667' title='bbox 2707 4873 2982 4943; x_wconf 84' lang='grc' dir='ltr'><em>ὑπάρχου</em></span> <span class='ocrx_word' id='word_1_668' title='bbox 3001 4874 3239 4943; x_wconf 74' lang='grc' dir='ltr'><em>ὕϐρεως,</em></span> <span class='ocrx_word' id='word_1_669' title='bbox 3258 4873 3354 4928; x_wconf 79' lang='grc' dir='ltr'><em>καὶ</em></span> <span class='ocrx_word' id='word_1_670' title='bbox 3372 4879 3502 4942; x_wconf 81' lang='grc' dir='ltr'><em>περὶ</em></span> <span class='ocrx_word' id='word_1_671' title='bbox 3520 4875 3628 4944; x_wconf 85' lang='grc' dir='ltr'><em>τῆς</em></span> <span class='ocrx_word' id='word_1_672' title='bbox 3643 4875 3761 4929; x_wconf 85' lang='grc' dir='ltr'><strong><em>τῶν</em></strong></span> <span class='ocrx_word' id='word_1_673' title='bbox 3779 4875 4043 4930; x_wconf 84' lang='grc' dir='ltr'><em>πολιτῶν</em></span> 
     </span>
    </p>
   </div>
   <div class='ocr_carea' id='block_1_154' title="bbox 2711 4945 4041 5017">
    <p class='ocr_par' dir='ltr' id='par_1_154' title="bbox 2711 4945 4041 5017">
     <span class='ocr_line' id='line_1_156' title="bbox 2711 4945 4041 5017; baseline 0.004 -21"><span class='ocrx_word' id='word_1_674' title='bbox 2711 4945 2968 5017; x_wconf 82' lang='grc' dir='ltr'><em>πίστεώς</em></span> <span class='ocrx_word' id='word_1_675' title='bbox 2993 4961 3057 4998; x_wconf 91' lang='grc' dir='ltr'><strong><em>τε</em></strong></span> <span class='ocrx_word' id='word_1_676' title='bbox 3095 4946 3190 5017; x_wconf 77' lang='grc' dir='ltr'><em>καὶ</em></span> <span class='ocrx_word' id='word_1_677' title='bbox 3215 4947 3571 5014; x_wconf 79' lang='grc' dir='ltr'><em>παρρησίας.</em></span> <span class='ocrx_word' id='word_1_678' title='bbox 3593 4949 3691 5000; x_wconf 78' lang='grc' dir='ltr'><em>καὶ</em></span> <span class='ocrx_word' id='word_1_679' title='bbox 3717 4946 3824 5016; x_wconf 79' lang='grc' dir='ltr'><em>τῆς</em></span> <span class='ocrx_word' id='word_1_680' title='bbox 3845 4950 4041 5017; x_wconf 55' lang='grc' dir='ltr'><strong><em>θεοφι-⁸</em></strong></span> 
     </span>
    </p>
   </div>
   <div class='ocr_carea' id='block_1_155' title="bbox 2706 5015 3191 5084">
    <p class='ocr_par' dir='ltr' id='par_1_155' title="bbox 2706 5015 3191 5084">
     <span class='ocr_line' id='line_1_157' title="bbox 2706 5015 3191 5084; baseline 0.002 -18"><span class='ocrx_word' id='word_1_681' title='bbox 2706 5015 2856 5081; x_wconf 83' lang='grc' dir='ltr'><em>λοῦς</em></span> <span class='ocrx_word' id='word_1_682' title='bbox 2893 5016 3191 5084; x_wconf 75' lang='grc' dir='ltr'><em>γυναικός.</em></span> 
     </span>
    </p>
   </div>
   <div class='ocr_carea' id='block_1_156' title="bbox 2469 5083 4042 5154">
    <p class='ocr_par' dir='ltr' id='par_1_156' title="bbox 2469 5083 4042 5154">
     <span class='ocr_line' id='line_1_158' title="bbox 2469 5083 4042 5154; baseline 0.004 -18"><span class='ocrx_word' id='word_1_683' title='bbox 2469 5085 2565 5138; x_wconf 80' lang='grc' dir='ltr'><strong><em>Ιθ’.</em></strong></span> <span class='ocrx_word' id='word_1_684' title='bbox 2651 5083 2743 5151; x_wconf 83' lang='grc' dir='ltr'><em>Ὠς</em></span> <span class='ocrx_word' id='word_1_685' title='bbox 2765 5083 3065 5151; x_wconf 85' lang='grc' dir='ltr'><em>βασιλεὺς</em></span> <span class='ocrx_word' id='word_1_686' title='bbox 3082 5085 3322 5153; x_wconf 87' lang='grc' dir='ltr'><em>Οὐάλης</em></span> <span class='ocrx_word' id='word_1_687' title='bbox 3345 5085 3614 5154; x_wconf 85' lang='grc' dir='ltr'><em>πολλοὺς</em></span> <span class='ocrx_word' id='word_1_688' title='bbox 3635 5087 3857 5148; x_wconf 83' lang='grc' dir='ltr'><em>ἀνεῖλε,</em></span> <span class='ocrx_word' id='word_1_689' title='bbox 3880 5103 4042 5142; x_wconf 84' lang='grc' dir='ltr'><em>στοι-</em></span> 
     </span>
    </p>
   </div>
   <div class='ocr_carea' id='block_1_157' title="bbox 2713 5155 4044 5248">
    <p class='ocr_par' dir='ltr' id='par_1_157' title="bbox 2713 5155 4044 5248">
     <span class='ocr_line' id='line_1_159' title="bbox 2713 5155 4044 5248; baseline 0.004 -40"><span class='ocrx_word' id='word_1_690' title='bbox 2713 5155 2898 5248; x_wconf 38' lang='lat' dir='ltr'><strong><em>gelar-</em></strong></span> <span class='ocrx_word' id='word_1_691' title='bbox 2916 5155 3370 5248; x_wconf 46' lang='grc' dir='ltr'><em>Οῆταιέχρντας</em></span> <span class='ocrx_word' id='word_1_692' title='bbox 3405 5159 3473 5210; x_wconf 80' lang='grc' dir='ltr'><em>ἐν</em></span> <span class='ocrx_word' id='word_1_693' title='bbox 3504 5157 3576 5226; x_wconf 80' lang='grc' dir='ltr'><em>τῇ</em></span> <span class='ocrx_word' id='word_1_694' title='bbox 3619 5157 3888 5248; x_wconf 57' lang='grc' dir='ltr'><em>καταρχῇ</em></span> <span class='ocrx_word' id='word_1_695' title='bbox 3931 5160 4044 5241; x_wconf 62' lang='grc' dir='ltr'><em>τοῦ</em></span> 
     </span>
    </p>
   </div>
   <div class='ocr_carea' id='block_1_158' title="bbox 2711 5226 4042 5298">
    <p class='ocr_par' dir='ltr' id='par_1_158' title="bbox 2711 5226 4042 5298">
     <span class='ocr_line' id='line_1_160' title="bbox 2711 5226 4042 5298; baseline 0.005 -20"><span class='ocrx_word' id='word_1_696' title='bbox 2711 5227 3000 5298; x_wconf 82' lang='grc' dir='ltr'><em>ὀνόματος</em></span> <span class='ocrx_word' id='word_1_697' title='bbox 3021 5267 3036 5291; x_wconf 96' lang='grc'><strong><em>,</em></strong></span> <span class='ocrx_word' id='word_1_698' title='bbox 3065 5226 3134 5280; x_wconf 70' lang='grc' dir='ltr'><em>ἐκ</em></span> <span class='ocrx_word' id='word_1_699' title='bbox 3176 5243 3338 5293; x_wconf 90' lang='grc' dir='ltr'><em>τινος</em></span> <span class='ocrx_word' id='word_1_700' title='bbox 3377 5226 3839 5298; x_wconf 63' lang='grc' dir='ltr'><em>νεκυομαντείιιὶέ</em></span> <span class='ocrx_word' id='word_1_701' title='bbox 3866 5230 4042 5284; x_wconf 86' lang='grc' dir='ltr'><em>τοῦτο</em></span> 
     </span>
    </p>
   </div>
   <div class='ocr_carea' id='block_1_159' title="bbox 2708 5296 3128 5366">
    <p class='ocr_par' dir='ltr' id='par_1_159' title="bbox 2708 5296 3128 5366">
     <span class='ocr_line' id='line_1_161' title="bbox 2708 5296 3128 5366; baseline -0.002 -15"><span class='ocrx_word' id='word_1_702' title='bbox 2708 5296 3128 5366; x_wconf 75' lang='grc' dir='ltr'><em>φημισθείσης.</em></span> 
     </span>
    </p>
   </div>
   <div class='ocr_carea' id='block_1_160' title="bbox 2466 5425 4044 5513">
    <p class='ocr_par' dir='ltr' id='par_1_160' title="bbox 2466 5425 4044 5513">
     <span class='ocr_line' id='line_1_162' title="bbox 2466 5425 4044 5513; baseline 0.003 -29"><span class='ocrx_word' id='word_1_703' title='bbox 2466 5432 2548 5484; x_wconf 83' lang='lat' dir='ltr'><strong><em>K&#39;.</em></strong></span> <span class='ocrx_word' id='word_1_704' title='bbox 2637 5433 2774 5500; x_wconf 73' lang='grc' dir='ltr'><em>Περὶ</em></span> <span class='ocrx_word' id='word_1_705' title='bbox 2798 5431 2907 5500; x_wconf 79' lang='grc' dir='ltr'><em>τῆς</em></span> <span class='ocrx_word' id='word_1_706' title='bbox 2942 5425 3300 5513; x_wconf 69' lang='grc' dir='ltr'><em>Ἀθανασίου</em></span> <span class='ocrx_word' id='word_1_707' title='bbox 3331 5433 3644 5503; x_wconf 68' lang='grc' dir='ltr'><em>τελευτῆς,</em></span> <span class='ocrx_word' id='word_1_708' title='bbox 3684 5433 3783 5488; x_wconf 72' lang='grc' dir='ltr'><strong><em>καὶ</em></strong></span> <span class='ocrx_word' id='word_1_709' title='bbox 3815 5434 4044 5503; x_wconf 84' lang='grc' dir='ltr'><em>Πέτρου</em></span> 
     </span>
    </p>
   </div>
   <div class='ocr_carea' id='block_1_161' title="bbox 2715 5520 3087 5573">
    <p class='ocr_par' dir='ltr' id='par_1_161' title="bbox 2715 5520 3087 5573">
     <span class='ocr_line' id='line_1_163' title="bbox 2715 5520 3087 5573; baseline -0.008 -1"><span class='ocrx_word' id='word_1_710' title='bbox 2715 5520 3087 5573; x_wconf 64' lang='grc' dir='ltr'><em>προαγωγῆς.</em></span> 
     </span>
    </p>
   </div>
   <div class='ocr_carea' id='block_1_162' title="bbox 2469 5574 4043 5644">
    <p class='ocr_par' dir='ltr' id='par_1_162' title="bbox 2469 5574 4043 5644">
     <span class='ocr_line' id='line_1_164' title="bbox 2469 5574 4043 5644; baseline -0.002 -15"><span class='ocrx_word' id='word_1_711' title='bbox 2469 5577 2596 5629; x_wconf 81' lang='lat' dir='ltr'><strong><em>KA&#39;.</em></strong></span> <span class='ocrx_word' id='word_1_712' title='bbox 2669 5575 2766 5639; x_wconf 85' lang='grc' dir='ltr'><strong><em>Ὠς</em></strong></span> <span class='ocrx_word' id='word_1_713' title='bbox 2791 5575 3141 5627; x_wconf 83' lang='grc' dir='ltr'><em>Ἀθανασιου</em></span> <span class='ocrx_word' id='word_1_714' title='bbox 3159 5574 3656 5643; x_wconf 82' lang='grc' dir='ltr'><em>τελευτήσαντος,</em></span> <span class='ocrx_word' id='word_1_715' title='bbox 3674 5578 3729 5630; x_wconf 85' lang='lat' dir='ltr'><strong><em>ol</em></strong></span> <span class='ocrx_word' id='word_1_716' title='bbox 3753 5574 4043 5644; x_wconf 78' lang='lat' dir='ltr'><strong><em>’Apetaroi</em></strong></span> 
     </span>
    </p>
   </div>
   <div class='ocr_carea' id='block_1_163' title="bbox 2716 5644 4043 5712">
    <p class='ocr_par' dir='ltr' id='par_1_163' title="bbox 2716 5644 4043 5712">
     <span class='ocr_line' id='line_1_165' title="bbox 2716 5644 4043 5712; baseline 0 -14"><span class='ocrx_word' id='word_1_717' title='bbox 2716 5644 3040 5712; x_wconf 82' lang='grc' dir='ltr'><em>προστάξει</em></span> <span class='ocrx_word' id='word_1_718' title='bbox 3063 5645 3168 5696; x_wconf 85' lang='grc' dir='ltr'><em>τοῦ</em></span> <span class='ocrx_word' id='word_1_719' title='bbox 3179 5646 3486 5712; x_wconf 72' lang='grc' dir='ltr'><em>,βασιλέως</em></span> <span class='ocrx_word' id='word_1_720' title='bbox 3507 5646 3865 5712; x_wconf 86' lang='grc' dir='ltr'><em>Οὐάλεντος,</em></span> <span class='ocrx_word' id='word_1_721' title='bbox 3891 5651 4043 5700; x_wconf 81' lang='grc' dir='ltr'><em>Λου-</em></span> 
     </span>
    </p>
   </div>
   <div class='ocr_carea' id='block_1_164' title="bbox 2715 5712 4039 5785">
    <p class='ocr_par' dir='ltr' id='par_1_164' title="bbox 2715 5712 4039 5785">
     <span class='ocr_line' id='line_1_166' title="bbox 2715 5712 4039 5785; baseline 0.001 -17"><span class='ocrx_word' id='word_1_722' title='bbox 2715 5718 2824 5780; x_wconf 88' lang='grc' dir='ltr'><em>κίῳ</em></span> <span class='ocrx_word' id='word_1_723' title='bbox 2840 5712 2918 5778; x_wconf 84' lang='grc' dir='ltr'><em>τῷ</em></span> <span class='ocrx_word' id='word_1_724' title='bbox 2937 5715 3045 5785; x_wconf 2' lang='grc' dir='ltr'><em>,ὐπ’</em></span> <span class='ocrx_word' id='word_1_725' title='bbox 3072 5715 3270 5767; x_wconf 83' lang='grc' dir='ltr'><em>αὐτῶν</em></span> <span class='ocrx_word' id='word_1_726' title='bbox 3289 5719 3575 5785; x_wconf 84' lang='grc' dir='ltr'><em>πρότερον</em></span> <span class='ocrx_word' id='word_1_727' title='bbox 3604 5718 4039 5785; x_wconf 76' lang='grc' dir='ltr'><em>χειροτονηθέν-</em></span> 
     </span>
    </p>
   </div>
   <div class='ocr_carea' id='block_1_165' title="bbox 2710 5737 4041 5854">
    <p class='ocr_par' dir='ltr' id='par_1_165' title="bbox 2710 5737 4041 5854">
     <span class='ocr_line' id='line_1_167' title="bbox 2715 5737 4039 5840; baseline 0.001 -72"><span class='ocrx_word' id='word_1_728' title='bbox 2715 5737 2824 5780; x_wconf 84' lang='grc' dir='ltr'><em>κιῳ</em></span> <span class='ocrx_word' id='word_1_729' title='bbox 2840 5737 2918 5778; x_wconf 87' lang='grc' dir='ltr'><em>τῳ</em></span> <span class='ocrx_word' id='word_1_730' title='bbox 2946 5737 3026 5766; x_wconf 72' lang='lat' dir='ltr'><strong><em>vn</em></strong></span> <span class='ocrx_word' id='word_1_731' title='bbox 3072 5737 3270 5767; x_wconf 74' lang='grc' dir='ltr'><em>αὐτων</em></span> <span class='ocrx_word' id='word_1_732' title='bbox 3289 5737 3575 5785; x_wconf 83' lang='grc' dir='ltr'><em>προτερον</em></span> <span class='ocrx_word' id='word_1_733' title='bbox 3593 5737 4039 5840; x_wconf 63' lang='grc' dir='ltr'><em>ἔειροτονησεν-</em></span> 
     </span>
     <span class='ocr_line' id='line_1_168' title="bbox 2710 5784 4041 5854; baseline 0 -13"><span class='ocrx_word' id='word_1_734' title='bbox 2710 5805 2785 5851; x_wconf 86' lang='grc' dir='ltr'><strong><em>τι,</em></strong></span> <span class='ocrx_word' id='word_1_735' title='bbox 2801 5788 2906 5848; x_wconf 84' lang='grc' dir='ltr'><strong><em>τὰς</em></strong></span> <span class='ocrx_word' id='word_1_736' title='bbox 2920 5784 2990 5838; x_wconf 79' lang='grc' dir='ltr'><em>ἐν</em></span> <span class='ocrx_word' id='word_1_737' title='bbox 3014 5785 3418 5853; x_wconf 77' lang='grc' dir='ltr'><em>Ἀλεξανδρείᾳ</em></span> <span class='ocrx_word' id='word_1_738' title='bbox 3435 5804 3592 5854; x_wconf 85' lang='grc' dir='ltr'><em>παρα</em></span> <span class='ocrx_word' id='word_1_739' title='bbox 3634 5791 3802 5852; x_wconf 82' lang='grc' dir='ltr'><em>ὀντες</em></span> <span class='ocrx_word' id='word_1_740' title='bbox 3821 5787 4041 5854; x_wconf 77' lang='grc' dir='ltr'><em>ἐκκλη-</em></span> 
     </span>
    </p>
   </div>
   <div class='ocr_carea' id='block_1_166' title="bbox 2713 5853 3908 5923">
    <p class='ocr_par' dir='ltr' id='par_1_166' title="bbox 2713 5853 3908 5923">
     <span class='ocr_line' id='line_1_169' title="bbox 2713 5853 3908 5923; baseline 0.001 -11"><span class='ocrx_word' id='word_1_741' title='bbox 2713 5860 2872 5922; x_wconf 86' lang='grc' dir='ltr'><em>σίας,</em></span> <span class='ocrx_word' id='word_1_742' title='bbox 2900 5857 3004 5910; x_wconf 83' lang='grc' dir='ltr'><em>τὸν</em></span> <span class='ocrx_word' id='word_1_743' title='bbox 3035 5853 3259 5923; x_wconf 83' lang='grc' dir='ltr'><em>Πέτρον</em></span> <span class='ocrx_word' id='word_1_744' title='bbox 3279 5853 3525 5923; x_wconf 73' lang='grc' dir='ltr'><em>φυλακῇ</em></span> <span class='ocrx_word' id='word_1_745' title='bbox 3545 5855 3908 5922; x_wconf 80' lang='grc' dir='ltr'><em>παρέδοσαν.</em></span> 
     </span>
    </p>
   </div>
  </div>
