4508 6588
412 443 517 501 465

1410 443 1742 502 HISTORIA
1764 444 2325 506 ECCLESIASTICA.
2370 477 2437 491 —-
2478 450 2606 505 LIB.
2650 451 2738 505 IV.

3549 458 3653 515 466

413 563 688 636 δημοσίων
736 564 1011 637 πρόνοιαν.
1041 566 1101 620 ἐν
1138 565 1280 638 ἀρχῇ
1325 568 1694 640 παραπλήσιοι
1732 570 1982 642 ἀλλήλοις
2012 578 2057 635 Α
2086 572 2193 628 sicu

1871 571 1982 637 λοις
2012 578 2057 635 Α
2086 572 2229 628 sicut
2257 588 2437 644 neque
2465 573 2753 630 Jovianum
2777 576 2873 646 qui
2906 575 3089 647 ipsigin
3111 576 3340 648 imperio
3361 582 3649 636 successit.

417 657 569 720 δντες
589 655 882 727 ἐτύγχανον
905 673 919 689 ο
948 656 1143 728 περὶδὲ
1161 658 1251 713 τὸν
1273 659 1715 731 Χριστιανισμδν,
1737 661 1981 733 ὡςέφην,

420 745 833 815 διαφωνοῦντες,
882 747 1063 801 οὐκέθ’
1090 748 1260 819 ὁμοίῳ
1304 750 1489 821 τρόπῳ
1533 753 1671 806 κατὰ
1711 754 1818 807 τῶν
1852 756 1985 827 Χρι-

417 838 795 903 στιανιζόντων
839 839 1149 910 ἐκέχρηντο.
1219 842 1654 907 Οὐαλεντινιανὸς
1709 846 1806 915 μὲν
1849 846 1981 917 γὰρ,

416 931 546 994 τοὺς
579 930 677 1000 μὲν
709 931 939 995 οίκείους
981 935 1328 1006 συνεκρότει·
1360 938 1469 999 τοῖς
1495 936 1550 989 δὲ
1592 939 1984 1009 άρειανίζουσιν

414 1012 666 1093 οὐδαμῶς
687 1018 755 1094 ἦν
774 1023 1021 1094 ὀχληρός.
1062 1026 1276 1097 Οὐάλης
1306 1027 1365 1080 δέ
1396 1028 1705 1097 Ἀρειανούς
1755 1028 1984 1097 αὐξῆσαι

417 1113 868 1186 προαιρούμενος,
900 1116 1045 1170 δεινὰ
1070 1116 1212 1170 κατὰ
1230 1117 1338 1169 τῶν
1367 1117 1441 1189 μὴ
1476 1119 1697 1171 τοιαῦτα
1726 1118 1984 1189 φρονούν-

416 1224 525 1260 των
569 1208 881 1279 εἰργάσατο,
934 1208 1007 1270 ὡς
1038 1209 1242 1281 προῖὼν
1284 1212 1311 1263 ὁ
1352 1210 1450 1280 τῆς
1473 1210 1711 1280 ἱστορίας
1758 1209 1984 1279 δηλώσει

417 1299 596 1369 λόγος.
620 1300 779 1353 Κατὰ
827 1300 891 1370 δὴ
917 1302 1009 1355 τὸν
1038 1302 1227 1373 χρόνον
1256 1302 1425 1366 τόνδε,
1460 1301 1560 1372 τῆς
1589 1303 1685 1372 μὲν
1716 1303 1775 1355 ἐν
1800 1300 1984 1374 Ῥώμῃ

430 1387 755 1459 Ἐκκλησίας
789 1392 1118 1462 προεστήκει
1146 1391 1395 1461 Λιϐέριος
1416 1408 1429 1422 °
1465 1393 1524 1447 ἐν
1550 1393 1605 1446 δὲ
1629 1396 1693 1463 τῇ
1738 1393 1985 1460 Ἀλεξαν-

418 1478 608 1550 δρείᾳ,
644 1481 743 1551 τῆς
790 1481 888 1551 μὲν
912 1484 1196 1554 ὀμοουσίου
1226 1484 1460 1548 πίστεως
1502 1483 1814 1548 Ἀθανάσιος
1834 1525 1848 1549 ,
1885 1489 1985 1557 τῆς

418 1570 475 1624 δὲ
519 1571 953 1645 Ἀρειανιζούσης
995 1575 1241 1640 Λούκιος,
1288 1577 1347 1630 δν
1392 1576 1527 1646 μετὰ
1561 1575 1830 1646 Γεώργιον
1860 1594 1989 1631 κατ-

420 1664 655 1735 έστησαν
692 1666 740 1718 oi
778 1665 1193 1737 άρειανίζοντες.
1226 1669 1346 1721 Τῶν
1390 1667 1446 1722 δέ
1480 1667 1620 1723 κατὰ
1653 1667 1748 1738 τὴν
1784 1669 1985 1721 Ἀντιό-

424 1772 577 1826 χειαν
615 1757 906 1828 ’Δρειανῶν
933 1761 1114 1829 ἠγεῖτο
1146 1758 1400 1823 Εὐζώῖος.
1429 1760 1690 1831 Διῄρηντο
1730 1760 1787 1813 δὲ
1821 1761 1911 1812 καὶ
1937 1761 1987 1813 οἱ

419 1846 513 1901 τοῦ
541 1850 823 1919 ὁμοουσὶου
842 1865 857 1883 ο
879 1850 988 1904 τῶν
1020 1851 1117 1921 μὲν
1147 1850 1254 1921 γὰρ
1282 1852 1562 1915 Παυλῖνος,
1599 1852 1708 1905 τῶν
1742 1853 1799 1905 δέ
1824 1851 1989 1905 Μελί-

2090 663 2219 719 Post
2251 666 2365 720 haec
2412 681 2540 721 vero
2586 668 2652 719 ad
2686 668 2973 737 imperium
3015 672 3209 734 evecti,
3242 672 3299 725 in
3340 672 3652 742 reipublicae

2090 752 2308 821 quidem
2341 770 2469 809 cura
2521 770 2676 823 pares
2722 757 2862 810 inter
2894 772 2953 812 se
2994 758 3150 813 initio
3191 761 3521 817 exstiterunt
3553 782 3564 816 :
3598 763 3653 816 in

2092 842 2401 895 Christiana
2447 853 2624 897 autem
2672 845 2932 914 religione
2980 846 3376 917 discrepantes,
3415 859 3473 904 ut
3517 850 3651 913 dixi,

2091 932 2291 1003 dispari
2326 935 2487 988 modo
2514 935 2778 992 adversus
2807 938 3151 995 Christianos
3182 956 3239 995 se
3260 957 3500 1011 gessere.
3522 942 3653 996 Nam

2093 1023 2506 1083 Valentinianus
2554 1043 2666 1083 suae
2711 1031 2929 1097 quidem
2974 1042 3136 1088 sectae
3175 1041 3337 1104 atque
3379 1035 3656 1105 opinionis

2090 1114 2341 1170 homines
2390 1116 2600 1170 fovebat
2637 1136 2648 1170 :
2681 1120 2910 1174 Arianos
2963 1130 3141 1177 tamen
3192 1123 3341 1177 nulla
3390 1123 3656 1177 alliciebat

2092 1206 2360 1259 molestia.
2393 1206 2591 1262 Valens
2635 1225 2760 1262 vero
2791 1211 3026 1265 Arianos
3050 1227 3371 1281 promovere
3404 1214 3655 1283 cupiens,

2092 1312 2186 1353 eos
2241 1301 2331 1367 qui
2383 1299 2595 1355 diversa
2639 1301 2710 1355 ab
2762 1303 2868 1358 illis
2917 1304 3258 1371 sentiebant,
3304 1306 3659 1362 acerbissimo

2094 1391 2323 1457 vexavit,
2360 1392 2501 1446 sicut
2544 1392 2599 1446 in
2647 1408 2939 1465 progressu
2981 1396 3226 1451 historiae
3268 1396 3654 1453 declarabitur.

2092 1478 2197 1535 Per
2222 1481 2361 1537 idem
2394 1491 2607 1553 tempus
2636 1483 2894 1540 Romanae
2924 1485 3181 1542 Ecclesia
3228 1497 3458 1557 praeerat
3498 1489 3658 1544 Libe-

2095 1571 2241 1639 rius;
2273 1573 2609 1629 Alexandriae
2638 1590 2766 1630 vero
2806 1575 3186 1634 Ilomousianis
3242 1579 3463 1647 quidem
3495 1579 3661 1633 Atha-

2092 1664 2311 1730 nasius,
2371 1664 2590 1721 Arianis
2644 1682 2771 1721 vero
2825 1665 3027 1721 Lucius
3084 1668 3440 1737 praesidebat,
3495 1684 3657 1739 quem

2092 1755 2283 1809 Ariani
2332 1763 2455 1824 post
2508 1757 2750 1827 Gregorii
2804 1774 2995 1813 necem
3054 1759 3462 1813 ordinaverant.
3500 1760 3656 1829 Apud

2092 1845 2435 1900 Antiochiam
2472 1848 2687 1902 Arianae
2745 1846 2996 1903 factionis
3053 1850 3345 1920 episcopus
3387 1859 3503 1904 erat
3553 1849 3661 1903 Eu-

419 1957 533 2003 τιος
582 1942 1048 2012 προειστήκεισαν.
1089 1942 1209 1995 Τῶν
1248 1942 1303 1995 δὲ
1350 1943 1477 2013 περὶ
1508 1946 1575 1996 τὰ
1623 1944 1987 2015 Ἱεροσόλυμα,
2022 1942 2063 1997 Β
2091 1937 2199 1991 zoit

1879 1962 1987 2013 ιμα,
2022 1942 2063 1997 Β
2091 1937 2265 1992 zoius.
2287 1939 2391 2003 Qui
2420 1954 2550 1993 vero
2578 1940 3069 1994 consubstantialis
3099 1940 3257 1995 fidem
3286 1940 3397 1994 illic
3428 1942 3659 1995 tueban-

420 2031 688 2102 Κύριλλος
715 2028 871 2098 αὖθις
891 2035 1132 2104 ἐκράτει.
1167 2036 1255 2088 Ἐν
1286 2036 1341 2088 δὲ
1377 2038 1788 2091 Κωνσταντίνου
1812 2039 1984 2103 πόλει,

421 2121 672 2186 Εὐδόξιος
711 2124 809 2193 μὲν
837 2121 945 2176 τῶν
992 2125 1298 2195 ἐκκλησιῶν
1347 2126 1586 2197 ἐκράτει,
1631 2128 1731 2197 τὴν
1778 2127 1986 2198 Ἀρείου

421 2212 578 2277 δόξαν
602 2214 869 2269 διδάσκων
889 2232 904 2248 ο
927 2217 973 2269 oi
1006 2217 1062 2271 δέ
1079 2217 1172 2269 τοῦ
1201 2218 1486 2288 όμοουσίου
1518 2220 1882 2290 φρονήματος,
1930 2221 1987 2272 ἐν

426 2301 607 2372 μικρῷ
632 2303 858 2375 οἰκίσκῳ
893 2303 994 2367 τὰς
1037 2305 1357 2373 συναγωγὰς
1411 2306 1688 2360 ἐποιοῦντο
1724 2307 1868 2361 ἐνδον
1889 2308 1988 2378 τῆς

432 2392 657 2454 πόλεως.
696 2394 806 2463 Τῆς
860 2392 917 2446 δὲ
954 2393 1355 2463 Μακεδονιανῆς
1381 2393 1697 2465 θρησκείας,
1732 2398 1811 2449 ἔτι
1848 2396 1989 2449 κατά

428 2484 527 2545 τὰς
576 2485 758 2548 πόλεις
809 2487 1074 2555 ἐκράτουν
1123 2486 1232 2539 τῶν
1291 2488 1592 2558 εὐκτηρίων
1642 2488 1802 2540 οἴκων
1850 2490 1898 2540 οἱ
1931 2490 1988 2541 ἐν

425 2573 715 2645 Σελευκείᾳ
755 2574 1089 2645 διδαχθέντες
1128 2576 1239 2644 (16)
1263 2578 1385 2639 τοὺς
1422 2577 1550 2647 περὶ
1590 2577 1859 2634 Ἀκὰκιον.
1900 2579 1988 2631 Ἐν

422 2667 646 2737 τοιαύτῃ
680 2667 777 2737 μὲν
804 2667 866 2738 δὴ
889 2668 1238 2731 καταστάσει,
1258 2668 1326 2720 τὰ
1350 2667 1455 2720 τῶν
1490 2668 1822 2739 Ἐκκλησιῶν
1846 2665 1934 2741 ἦν.

2096 2039 2201 2090 tur,
2246 2031 2381 2085 duas
2426 2031 2481 2084 in
2530 2039 2716 2098 partes
2763 2030 2923 2086 divisi
2978 2038 3137 2087 erant
3166 2049 3180 2086 :
3214 2046 3446 2101 quarum
3503 2032 3661 2086 alteri

2092 2121 2372 2186 Paulinus,
2410 2124 2566 2178 alteri
2606 2134 2831 2193 praeerat
2869 2124 3127 2179 Melitius.
3161 2123 3661 2192 Hierosolymorum

2094 2211 2396 2267 Ecclesiam
2435 2214 2671 2284 Cyrillus
2710 2217 2892 2269 denuo
2938 2217 3238 2269 obtinebat.
3271 2214 3661 2269 Constantino-

2094 2309 2200 2378 poli
2263 2309 2541 2365 Eudoxius
2611 2310 2860 2365 ecclesiis
2928 2310 3271 2379 potiebatur,
3331 2308 3661 2361 Arianorum

2095 2401 2289 2471 dogma
2326 2404 2498 2470 palam
2533 2402 2870 2471 praedicans;
2923 2398 3274 2455 llomousiani
3306 2412 3437 2452 vero
3462 2399 3515 2452 in
3542 2397 3662 2452 exi-

2094 2508 2199 2563 gua
2222 2494 2453 2562 quadam
2482 2494 2707 2548 aedicula
2736 2494 2879 2548 intra
2905 2494 3092 2548 urbem
3123 2492 3379 2545 collectas
3410 2490 3659 2559 agebant.

2094 2583 2265 2639 Porro
2297 2601 2361 2638 ex
2392 2584 2903 2641 Maccdonianorum
2941 2593 3087 2640 secta
3117 2584 3151 2638 ii
3177 2585 3270 2654 qui
3302 2573 3564 2637 Seleucia:
3594 2581 3661 2635 ab

2096 2677 2295 2730 Acacio
2321 2677 2713 2738 dissenserant,
2736 2678 2997 2733 ecclesias
3021 2692 3150 2732 suas
3172 2677 3227 2729 in
3247 2674 3479 2744 singulis
3512 2672 3663 2726 urbi-

426 2761 529 2816 bus
553 2761 722 2814 etiam
753 2766 867 2813 tuin
899 2759 1221 2814 retinebant.
1250 2758 1576 2828 Huiusmodi
1603 2761 1657 2815 in
1691 2769 1834 2817 statu
1867 2770 1995 2819 tunc
2024 2768 2285 2836 temporis
2314 2785 2401 2825 res
2429 2769 2683 2825 Ecclesiae
2712 2780 2887 2826 erant.

1030 2854 1278 2908 ΚΕΦΛΛ.
1312 2854 1383 2908 B’.

428 2947 565 3019 ὍτιΔ
593 2944 1091 3019 Οὐαλεντινιακοῦ
1144 2946 1241 2998 ἐπὶ
1274 2948 1346 2999 τὰ
1373 2946 1620 3019 ἑσπέρια
1651 2949 1800 3017 μέρη
1831 2967 1995 3019 γενο-

488 3016 701 3087 μένου,
736 3016 1062 3088 Οὐάληςέν
1099 3016 1555 3088 Κωιςσταντίνοῡ
1598 3016 1771 3073 πόλει
1803 3016 1985 3088 προσ-

493 3085 793 3146 ἐλθόντων
822 3085 1300 3148 Μακεδονιανῶν,
1340 3085 1437 3140 καὶ
1477 3089 1801 3142 αἰτούντων
1842 3085 1993 3143 οὐν-

493 3156 979 3225 οδον-γενέσθαι,
1016 3155 1344 3210 ἐπένευσε’
1399 3156 1497 3210 καὶ
1544 3158 1632 3213 ὅτι
1682 3159 1823 3225 τοὺς
1885 3162 1991 3214 τοῦ

494 3227 818 3296 ὀμοουσίου
844 3225 1135 3295 ἐπολέμει.

495 3318 618 3371 Τῶν
637 3318 693 3371 δὲ
719 3318 1000 3389 βασιλέων,
1045 3317 1483 3381 Οὐαλεντινιανδς
1537 3319 1632 3389 μὲν
1661 3318 1727 3372 τὰ
1765 3320 1994 3390 ἑσπέρια

432 3407 571 3478 μέρη
608 3404 621 3455 i
669 3404 878 3475 ταχέως
935 3405 1250 3461 κατέλαϐεν.
1304 3401 1467 3458 Εἷλκε
1517 3409 1621 3476 γάρ
1647 3408 1805 3462 αὐτὸν
1834 3409 1997 3477 ἡτῶν

426 3499 542 3549 ἐκεῖ
555 3495 891 3566 πραγμάτων
920 3496 1152 3565 φροντίς.
1176 3497 1432 3549 Οὐάλεντι
1461 3497 1515 3550 δὲ
1544 3499 1735 3568 μικρὸν
1751 3498 1997 3570 κατὰτὴν

426 3588 833 3643 Κωνσταντίνου
856 3588 1004 3641 πόλιν
1028 3590 1384 3658 ἐπιμείναντι,
1433 3592 1823 3662 προσέρχονται
1850 3591 1998 3644 πλεῖ-

430 3701 544 3738 στοι
594 3682 703 3735 τῶν
745 3682 1053 3735 ἐπισκόπων
1092 3682 1187 3749 τῆς
1238 3681 1651 3735 Μακεδονιανῶν
1680 3682 1994 3753 θρησκείας,

428 3775 731 3842 ἐξαιτοῦσίν
764 3791 823 3828 τε
846 3775 1009 3845 άλλην
1061 3772 1310 3841 γενέσθαι
1342 3771 1555 3826 σύνοδον
1598 3774 1689 3825 ἐπὶ
1715 3774 1996 3846 διορθώσει

426 3869 523 3939 τῆς
563 3869 816 3932 πίστεως.
866 3868 924 3921 '0
983 3868 1037 3920 δὲ
1091 3866 1374 3936 βασιλεὺς,
1418 3866 1643 3937 νομίσας
1690 3867 1996 3921 συναινέσαι

425 3960 623 4021 αὐτοὺς
660 3961 770 4022 τοῖς
811 3959 937 4026 περὶ
989 3956 1238 4010 Ἀκάκιον
1296 3958 1388 4010 καὶ
1424 3954 1690 4021 Εὐδόξιον,
1747 3957 1996 4025 γενέσθαι

428 4050 717 4119 ἐπέτρεψε.
779 4050 888 4101 Καὶ
935 4044 1079 4102 οὗτοι
1111 4050 1206 4119 μὲν
1247 4050 1565 4117 συγκροτεῖν
1597 4046 1813 4100 σύνοδον
1841 4050 1897 4100 ἐν
1925 4052 1990 4119 τῇ

426 4141 710 4211 Λαμψάκῳ
736 4139 1010 4192 ἔσπευδον.
1043 4137 1251 4205 Οὐάλης
1291 4138 1344 4190 δὲ
1429 4138 1609 4207 τάχος,
1644 4138 1736 4189 ἐπὶ
1775 4137 1871 4207 τὴν
1897 4138 1996 4189 Συ-

431 4234 553 4306 ρίας
589 4232 915 4301 Ἀντιόχειαν
941 4229 1216 4300 ὥρμησεν,
1235 4227 1583 4298 ὑφορώμενος
1620 4227 1694 4298 μὴ
1718 4229 1766 4279 οἱ
1790 4226 1994 4297 Πέρσαι

426 4327 526 4390 τὰς
554 4324 845 4394 γενομένας
875 4322 966 4375 ἐπὶ
1006 4320 1261 4375 Ἰοϐιανοῦ
1292 4318 1725 4391 τριακοντούτεις
1766 4320 1995 4383 σπονδὰς

425 4418 858 4489 παραλύσαντες,
891 4416 1001 4477 τοῖς
1026 4413 1314 4482 Ῥωμαίων
1344 4413 1487 4482 ὅροις
1514 4410 1805 4464 ἐπέλθοιεν.
1837 4408 1997 4462 Ἀλλά

426 4512 494 4566 τὰ
523 4511 621 4582 μὲν
647 4508 891 4581 Περσικά
912 4506 1202 4578 ἡσύχασεν.
1241 4506 1411 4569 Αὐτὸς
1430 4505 1483 4557 δὲ
1510 4508 1576 4575 τῇ
1607 4506 1806 4575 ἠσυχίᾳ
1828 4520 1995 4557 κατα-

2751 2863 2902 2920 CAP.
2934 2863 2997 2916 II.

2098 2951 2391 3019 Quomodo,
2420 2955 2791 3009 Valentiniano
2826 2957 2881 3009 in
2906 2956 3234 3012 Occidentem
3270 2954 3522 3023 profecto,
3560 2953 3665 3006 Va-

2167 3024 2274 3077 lens
2320 3027 2779 3093 Constantinopoli
2816 3026 3023 3095 degens.
3057 3025 3453 3079 Macedonianis
3495 3025 3663 3091 ipsum

2167 3096 2475 3148 adeuntibus
2519 3110 2569 3149 et
2598 3096 2853 3164 synodum
2899 3098 3015 3164 [teri
3059 3098 3411 3165 poscentibus,
3444 3095 3495 3147 id
3543 3110 3663 3161 per-

2168 3168 2346 3229 misit;
2381 3175 2429 3218 et
2477 3166 2736 3237 quomodo
2783 3166 3175 3222 Homousianas
3217 3176 3519 3235 persecutus
3564 3176 3661 3236 est.

2170 3317 2705 3388 Imperatorumgvero
2723 3318 2881 3380 alter,
2904 3317 3321 3372 Valentinianus
3345 3316 3574 3377 scilicet,
3597 3313 3663 3366 ad

2099 3407 2412 3464 Occidentis
2458 3418 2641 3478 partes
2687 3410 2946 3479 perrexit.
2980 3409 3113 3463 Illuc
3163 3409 3304 3463 enim
3355 3407 3665 3475 reipublica:

2099 3515 2225 3553 cura
2242 3514 2364 3554 eum
2385 3501 2665 3555 evocabat.
2680 3500 3042 3570 215Valens
3064 3516 3188 3555 vero
3206 3515 3331 3554 cum
3350 3500 3661 3569 aliquandiu

2098 3590 2433 3645 substitisset
2489 3590 3004 3663 ConstantinOpoli,
3060 3591 3443 3659 interpellatus
3499 3597 3583 3643 est
3634 3607 3660 3639 ει

2096 3682 2343 3751 plurimis
2398 3681 2798 3736 Macedonians:
2850 3691 3009 3737 sectae
3050 3683 3351 3751 episcopis,
3381 3689 3438 3735 ut
3464 3695 3659 3735 novam

2098 3773 2364 3844 synodum
2406 3773 2471 3826 ad
2518 3774 2675 3828 fidem
2722 3774 3099 3843 corrige-udam
3143 3773 3258 3827 fieri
3304 3773 3658 3842 permitteret.

2096 3865 2163 3917 At
2189 3865 2296 3929 ille,
2321 3878 2443 3918 cum
2477 3865 2816 3919 existimaret
2841 3879 2935 3919 eos
2959 3881 3083 3933 cum
3115 3864 3314 3919 Acacio
3340 3872 3392 3918 et
3420 3863 3663 3917 Eudoxio

2097 3954 2427 4017 consentire,
2458 3954 2513 4007 id
2544 3954 2658 4008 ﬁeri
2689 3955 2958 4023 permisit.
2990 3954 3053 4008 Et
3076 3944 3185 4009 iisti
3227 3953 3445 4024 quidem
3476 3957 3663 4008 conci-

2095 4050 2227 4102 lium
2253 4051 2306 4103 in
2327 4050 2462 4104 urbe
2487 4049 2783 4119 Lampsaco
2799 4051 3076 4105 celebrare
3099 4051 3438 4121 satagebant.
3464 4049 3664 4103 Valens

2095 4154 2227 4191 vero
2250 4140 2397 4191 omni
2417 4139 2764 4194 festinatione
2787 4140 3130 4194 Antiochiam
3155 4139 3325 4208 Syria:
3345 4140 3659 4204 contendit,

2094 4233 2299 4285 veritus
2350 4232 2557 4286 scilicet
2586 4248 2653 4286 ne
2689 4231 2868 4286 Persa:
2908 4233 3083 4301 ruptis
3131 4232 3352 4302 triginta
3395 4246 3660 4286 annorum

2097 4323 2330 4378 induciis
2368 4338 2525 4393 quas,
2562 4330 2821 4392 regnante
2862 4322 3112 4388 Joviano,
3143 4325 3289 4393 pacti
3323 4323 3573 4389 fuerant,
3608 4326 3662 4377 iu

2096 4415 2465 4470 Romanorum
2496 4418 2630 4470 fines
2660 4416 2995 4469 invaderent.
3024 4413 3219 4469 Verum
3247 4414 3422 4469 Persae
3444 4413 3661 4484 quidem

2097 4507 2368 4577 quievere.
2407 4507 2526 4576 Ipse
2560 4522 2708 4569 vero,
2744 4508 2851 4561 hac
2879 4522 3061 4561 rerum
3105 4507 3496 4575 tranquillitate
3524 4507 3665 4559 male

427 4603 725 4675 χρώμενος,
755 4601 897 4656 κατὰ
920 4600 1029 4654 τῶν
1045 4601 1105 4653 τὸ
1130 4598 1413 4669 όμοούσιον
1440 4596 1776 4668 φρονούντων
1798 4596 1997 4649 ἄσπον-
2030 4592 2074 4647 D
2101 4614 2199 4652 usu

1882 4612 1997 4648 πον·
2030 4592 2074 4647 D
2101 4614 2252 4660 usus,
2288 4599 2486 4653 bellum
2537 4598 2867 4667 inexpiabile
2900 4605 3095 4653 contra
3128 4596 3527 4652 Homousianos
3566 4613 3662 4651 ex-

425 4696 514 4749 δον
555 4691 740 4767 ἤγειρε
779 4694 1030 4764 πόλεμον.
1075 4694 1181 4744 Καὶ
1224 4693 1483 4743 Παυλῖνον
1519 4690 1617 4761 μὲν
1659 4689 1749 4742 τὸν
1775 4689 1994 4740 ἐπίσκο-

427 4805 547 4850 πον,
577 4786 643 4839 δι’
688 4785 1131 4856 ὑπερϐάλλουσαν
1171 4784 1263 4836 τοῦ
1306 4784 1497 4853 ἀνδρὸς
1534 4781 1818 4835 εὐλάϐειαν
1844 4781 1992 4832 οὐδὲν

428 4876 596 4929 κακὸν
626 4876 900 4946 ἐποίησεν.
943 4874 1194 4929 Μελίτιον
1232 4874 1288 4926 δέ
1316 4872 1497 4944 ἐξορίᾳ
1526 4872 1817 4942 ἐζημίωσε.
1856 4871 1993 4931 Τοὺς

428 4966 485 5021 δὲ
507 4966 693 5030 ἄλλους
714 4968 826 5020 ὅσοι
859 4967 933 5038 μὴ
985 4965 1265 5018 ἐϐούλοντο
1313 4962 1536 5034 Ενῦζωῖῳ
1566 4964 1857 5027 κοινωνεῖν,
1885 4962 1993 5013 τῶν

2098 4689 2305 4742 citavit.
2328 4690 2402 4742 Ac
2425 4690 2706 4743 Paulinum
2738 4690 2954 4759 quidem
2984 4691 3298 4759 episcopum
3323 4689 3391 4743 ob
3410 4688 3663 4743 eximiam

2097 4781 2216 4849 ejus
2249 4780 2352 4835 viri
2393 4782 2727 4850 religionem,
2762 4782 2912 4835 nullo
2942 4780 3121 4835 affecit
3156 4778 3520 4835 incommodo.
3555 4777 3664 4832 Me-

2097 4873 2273 4926 litium
2309 4881 2487 4927 autem
2526 4874 2719 4927 exsilio
2752 4874 3020 4926 multavit.
3061 4872 3298 4929 Czeteros
3347 4886 3539 4927 omnes
3567 4873 3661 4940 qui

2099 4978 2223 5017 cum
2247 4963 2448 5018 Euzoio
2464 4964 2868 5019 communicare
2890 4964 3220 5029 renuissent,
3240 4964 3489 5020 ecclesiis
3512 4966 3663 5020 urbis

1618 5100 1887 5156 VALESII
1914 5100 2475 5157 ANNOTATIONES.

499 5198 610 5267 (16)
655 5202 718 5253 Ol
776 5199 845 5251 ἐν
897 5197 1217 5261 Σελευκείᾳ
1258 5196 1652 5265 διδαχθέντες.
1707 5196 1994 5267 Assentior

427 5266 945 5338 Christophnrsono,
977 5268 1068 5336 qui
1113 5282 1211 5336 pro
1249 5267 1583 5336 διδαχθέντες
1624 5267 1751 5335 legit
1788 5266 1989 5336 διενεχ-

429 5342 611 5403 θέντες
647 5340 783 5408 πρὸς
802 5340 929 5401 τοὺς
964 5338 1092 5408 περὶ
1135 5338 1615 5408 ’Axdtxtov._Quain
1659 5338 1988 5406 scripturam

428 5413 483 5466 in
518 5405 772 5466 versione
805 5424 923 5464 mea
954 5405 1178 5463 secutus
1227 5424 1370 5463 sum.
1403 5405 1595 5461 Posset
1657 5405 1823 5461 etiam
1884 5408 1985 5475 legi

2098 5196 2489 5268 διακριθέντες,
2517 5210 2581 5250 ac
2616 5195 2851 5251 fortasse
2884 5197 3120 5268 rectius.
3151 5194 3496 5268 Nicephorus
3527 5211 3663 5268 vero

2096 5265 2246 5320 hunc
2283 5266 2524 5320 Socratis
2558 5268 2734 5321 locum
2772 5269 2844 5320 ita
2892 5267 3242 5332 interpolavit
3274 5285 3287 5320 :
3325 5265 3661 5335 διδαχθέντες

2097 5337 2133 5390 δι
2166 5339 2369 5413 οἱπερὶ
2431 5338 2727 5413 ξᾼκάκιονε
2778 5336 2831 5390 id
2880 5346 2987 5403 est,
3033 5336 3235 5391 Eadem
3270 5352 3386 5407 qua:
3434 5338 3661 5391 Aeacius
3768 5409 3772 5413 ε

2100 5410 2399 5461 sentientes.
2433 5406 2695 5462 Pessime.

1830 5524 1916 5579 VA
1928 5524 2218 5581 IIIORUM.

500 5618 1027 5686 ἱοὺαλεγτινιανὸς
1045 5620 1117 5673 τὰ
1137 5618 1383 5686 ἑσπέρια
1406 5619 1576 5688 μέρη.
1604 5618 1747 5672 Inter
1764 5617 2002 5673 Valenti-

428 5690 1003 5748 nianumetValentein
1023 5691 1259 5745 divisum
1277 5691 1559 5756 imperium
1579 5691 1631 5742 in
1648 5689 2000 5745 Occidentalc

428 5772 484 5818 et
532 5763 828 5818 Orientale.
881 5762 1296 5816 Valentinianus
1336 5760 1685 5830 occidentem
1726 5760 1999 5830 integrum

429 5834 533 5889 sibi
562 5833 818 5897 servavit,
852 5833 945 5902 qui
970 5830 1336 5891 Constantino
1370 5829 1580 5883 Juniori
1616 5838 1667 5883 et
1709 5830 1993 5902 Constanti

429 5911 712 5967 cesserat,
770 5901 899 5969 puta
945 5911 1119 5959 totum
1164 5902 1440 5969 Illyricum
1466 5916 1528 5957 ex
1588 5904 1699 5967 lege
1733 5902 1759 5954 7
1787 5901 1991 5957 codicis

2105 5618 2310 5673 Theod.
2336 5617 2567 5682 Italiam,
2594 5615 2854 5679 Africam,
2877 5618 3098 5677 Gallias,
3124 5617 3431 5688 Hispanias.
3452 5616 3659 5671 Valenti

2104 5704 2234 5743 vero
2270 5689 2421 5741 fratri
2446 5690 2663 5758 reliquit
2695 5704 2908 5742 onmem
2936 5688 3234 5749 Orientem,
3265 5688 3407 5758 quod
3452 5689 3659 5741 laudata

2107 5760 2191 5830 lex
2223 5767 2473 5830 testatur,
2510 5757 2801 5830 [Egyptum
2852 5774 3026 5830 usque
3070 5769 3124 5811 ct
3179 5757 3491 5830 Thraciam,
3527 5768 3661 5830 test:

2100 5829 2320 5956 Zos‘in)m
2368 5829 2460 5886 lib.
2496 5846 2568 5896 iv,
2610 5829 2663 5901 p.
2708 5830 2827 5885 733.
2865 5829 3023 5900 (Ant.
3071 5830 3219 5900 Pagi,
3256 5829 3323 5883 ad
3370 5845 3497 5883 ann.
3539 5829 3656 5895 Biir'i,

2100 5918 2152 5956 n.
2218 5942 2231 5955 .

2100 5903 2272 5965 11.4.)
