4508 6588
827 420 935 509 479

2273 453 2611 511 SOCRATIS

3983 450 4091 507 480

831 572 974 644 cipis
1003 571 1142 626 iram
1177 555 1446 628 adversus
1479 570 1814 629 Novatianos
1853 571 2121 642 repressit
2173 571 2256 626 vir
2283 573 2403 642 qui-
2429 583 2476 638 Α
2503 577 2561 627 ὲν
2606 594 2611 608 ι

2309 573 2403 642 [ui-
2429 583 2476 638 Α
2503 577 2561 627 ὲν
2606 572 2789 643 ταὺτῷ
2836 571 2930 626 καὶ
2986 561 3293 643 ἐλλόγιμος,
3343 569 3658 644 Μαρκιανὸς
3695 567 3969 640 τοῦνομα·
4027 569 4089 631 ὃς

831 663 982 730 dam,
1035 659 1330 732 religiosus
1381 661 1543 717 simul
1599 674 1665 716 ac
1743 661 2008 726 disertus,
2097 659 2408 718 Marcianus

831 753 1057 809 nomine
1087 771 1102 820 ;
1139 754 1231 823 qui
1259 754 1412 822 prius
1436 752 1660 821 quidem
1690 751 1743 806 in
1779 751 1984 821 palatio
2034 751 2362 807 militaverat
2392 792 2408 819 ,

834 851 970 898 tunc
997 858 1126 898 vero
1155 843 1410 898 ecclesias
1436 841 1869 896 Novatianorum
1897 841 2184 912 presbyter
2206 842 2409 908 factus,

843 936 1220 1006 grammaticae
1259 935 1396 989 artis
1432 942 1703 1004 praecepta
1731 934 1984 988 tradebat
2021 934 2330 990 Anastasiaa
2359 941 2414 989 et

837 1028 1059 1081 Carosa:
1093 1023 1340 1080 Valentis
1374 1023 1594 1079 ﬁliabus
1631 1042 1646 1078 :
1681 1038 1912 1093 quarum
1958 1024 2182 1080 nomine
2205 1024 2415 1080 balneae

835 1115 1076 1186 publicae
1101 1131 1130 1168 a
1150 1113 1381 1169 Valente
1411 1122 1708 1169 exstructas
1727 1112 2200 1182 Constantinopoli
2223 1115 2414 1168 etiam-

837 1221 969 1260 num
1005 1216 1330 1261 cernuntur.
1377 1204 1554 1276 Hujus
1583 1205 1752 1276 igitur
1799 1205 1902 1259 viri
1961 1205 2290 1259 auctoritate
2346 1219 2413 1260 ac

835 1296 1166 1359 reverentia,
1201 1293 1634 1350 Novatianorum
1659 1294 1908 1351 ecclesiae
1931 1309 2054 1349 cum
2083 1293 2411 1364 aliquandiu

837 1389 1039 1444 clausa:
1069 1388 1327 1455 fuissent,
1363 1388 1546 1444 denuo
1586 1398 1847 1443 reseratae
1884 1396 2032 1443 sunt.
2065 1385 2176 1443 Nec
2226 1396 2411 1443 tamen

836 1478 907 1534 ab
960 1480 1428 1536 insectationibus
1480 1479 1810 1534 Arianorum
1851 1480 2073 1549 penitus
2135 1481 2410 1535 immunes

837 1575 1159 1624 manserunt
1190 1566 1506 1623 Novatiani.
1565 1567 1807 1623 Oderant
1843 1569 1990 1623 enim
2042 1568 2169 1623 illos
2197 1567 2410 1634 Ariani,

839 1665 1126 1729 prapterea
1178 1657 1326 1728 quod
1373 1658 1804 1726 Homousianos,
1856 1666 2043 1728 utpote
2091 1658 2234 1714 idem
2285 1672 2412 1714 cum

2507 663 2676 718 πάλαι
2715 663 2813 735 μὲν
2845 661 2986 716 κατὰ
3026 660 3096 714 τὰ
3135 660 3382 732 βασίλεια
3420 658 3779 732 ἐστρατεύετο
3803 673 3818 688 ·
3862 657 3983 711 τότε
4029 657 4090 709 δὲ

2507 757 2598 812 καὶ
2628 755 2997 828 πρεσϐύτερος
3023 754 3125 826 τῆς
3167 754 3526 810 Ναυατιανῶν
3544 751 3864 822 κὲκκλησίας
3889 749 4093 819 τυγχά-

2508 866 2635 914 νων,
2664 850 3089 921 γραμματικοὺς
3137 848 3326 918 λόγους
3371 847 3733 903 Ἀναστασίαν
3762 845 3856 899 καὶ
3886 845 4094 914 Ῑίάρω⁶

2513 957 2614 994 σαν
2636 939 2734 1004 τὰς
2759 939 2851 994 τοῦ
2889 938 3154 1010 βασιλέως
3200 939 3504 1009 θυγατέρας
3539 937 3815 991 ἐδίδασκεν
3837 974 3853 1000 ,
3901 928 3976 989 ὧν
4002 935 4090 988 ἐπ’

2515 1031 2739 1103 ὀνόματι
2775 1032 2870 1086 καὶ
2899 1033 3135 1104 δημόσια
3158 1031 3359 1104 λουτρὰ
3397 1031 3510 1095 (51)
3549 1032 3607 1084 ὲν
3639 1030 3705 1099 τῇ
3743 1026 4096 1081 Κωνσταντί-

2516 1139 2606 1176 νου
2637 1123 2785 1176 πόλει
2819 1123 3302 1195 κατεσκευασμένα
3329 1121 3434 1174 ὑπὸ
3472 1121 3768 1184 Οὐάλεντος
3793 1119 4089 1172 δείκνυται.

2516 1213 2667 1268 Αίδοῖ
2697 1209 2788 1270 οὖν
2807 1218 2874 1288 τῇ
2904 1217 3038 1288 πρὸς
3055 1216 3146 1269 τὸν
3178 1216 3363 1286 ἄνδρα,
3393 1215 3530 1286 πρὸς
3557 1213 3735 1282 ὀλίγον
3761 1211 4094 1266 κλεισθείσαι

2514 1307 2572 1359 αί
2603 1307 2712 1361 τῶν
2737 1307 3090 1362 Ναυατιανῶν
3135 1307 3443 1378 ἐκκλησίαι,
3484 1301 3638 1368 αὖθις
3686 1302 3981 1374 ἠνοίγοντο.
4013 1302 4092 1355 Οὐ

2519 1397 2701 1466 μέντοι
2741 1399 2983 1470 ταραχῆς
3015 1398 3114 1466 τῆς
3144 1398 3294 1468 παρὰ
3323 1395 3616 1468 Ἀρειανῶν
3669 1393 4092 1464 ἐπιφερομένης.

2513 1485 2709 1550 τελέως
2733 1483 2872 1559 ἦσαν
2913 1487 3207 1560 ἐλεύθεροι.
3251 1487 3568 1558 Ἐμισοῦντο
3607 1484 3718 1556 γὰρ
3756 1485 3848 1538 ὑπ’
3887 1483 4090 1546 αὐτῶν,

2515 1579 2596 1632 ὅτι
2615 1579 2740 1643 τοὺς
2770 1580 3077 1651 ὁμόφρονας
3130 1580 3358 1650 ἠγάπων
3397 1578 3494 1632 καὶ
3540 1577 3817 1648 ἑστεργον.
3865 1575 3946 1628 Τὰ
3992 1574 4094 1646 μὲν

2515 1662 2608 1721 οὖν
2634 1670 2760 1742 περὶ
2789 1669 2939 1723 τόνδε
2969 1669 3060 1724 τὸν
3095 1670 3285 1740 χρόνον
3312 1667 3455 1723 οὕτω
3487 1667 3735 1721 διέκειτο.
3778 1665 3974 1719 Ἰστέον
4011 1665 4092 1729 δὲ,

840 1750 976 1819 ipsis
1016 1750 1339 1816 sentientes,
1373 1764 1559 1804 amore
1589 1757 1646 1804 et
1683 1750 2062 1804 benevolentia
2108 1765 2409 1820 proseque-
2445 1783 2489 1839 Β
2515 1760 2595 1813 ὅτι

2316 1767 2409 1807 ue-
2445 1783 2489 1839 Β
2515 1760 2595 1813 ὅτι
2628 1761 2656 1812 ὁ
2703 1759 2801 1832 μὲν
2856 1761 2994 1832 πρὸς
3043 1760 3134 1814 τὸν
3181 1760 3440 1832 τύραννον
3499 1757 3807 1831 Προκόπιον
3856 1755 4096 1826 πόλεμος

840 1847 1051 1895 rentur.
1097 1838 1198 1895 Hic
1232 1855 1328 1909 per
1359 1841 1448 1894 illa
1492 1848 1744 1909 tempora
1799 1855 1985 1894 rerum
2053 1847 2231 1896 status
2289 1840 2415 1898 fuit.

841 1930 1134 1986 Sciendum
1193 1946 1359 2001 porro
1408 1941 1493 1987 est
1535 1931 1739 1987 bellum
1786 1931 2052 1987 adversus
2089 1933 2420 2003 Procopium

843 2029 1137 2092 tyrannum
1160 2021 1455 2076 consulatu
1495 2018 1748 2075 Gratiani
1771 2027 1826 2076 et
1851 2020 2109 2092 Dagalaiﬁ
2131 2021 2235 2077 sub
2257 2021 2418 2079 linem

844 2112 1053 2168 mensis
1088 2111 1214 2166 Maii
1240 2113 1553 2168 confectum
1577 2112 1775 2166 fuisse.

1407 2228 1567 2297 222
1602 2226 1753 2282 CAP.
1788 2226 1859 2280 Χ.

845 2321 998 2387 Quod
1045 2321 1334 2390 imperator
1389 2317 1791 2390 Valentinianus
1847 2319 2020 2390 ﬁlium
2079 2318 2256 2389 genuit
2308 2317 2420 2373 Va-

920 2386 1291 2474 lentinianum,
1321 2405 1440 2442 cum
1493 2386 1810 2444 Gratianum
1849 2386 2030 2458 ﬁlium
2081 2386 2212 2444 ante
2260 2390 2423 2459 impe-

916 2469 1057 2514 rium
1086 2469 1419 2529 suscepisset.

915 2550 1022 2606 Sed
1058 2553 1219 2621 paulo
1251 2561 1370 2621 post
1405 2551 1508 2605 hoc
1557 2550 1782 2614 bellum,
1819 2549 2011 2606 iisdem
2073 2551 2420 2616 consulibus,
2510 2546 2512 2548 ’

851 2640 1232 2698 Valentiniano
1273 2642 1521 2713 Augusto
1560 2641 1617 2696 in
1645 2640 1962 2698 Occidentis
1993 2642 2243 2712 partibus
2265 2643 2423 2697 natus

2522 1852 2580 1904 ἐν
2598 1851 2832 1923 ὑπατείᾳ
2846 1851 3143 1922 Γρατιανοῦ
3167 1852 3261 1905 καὶ⁸
3275 1850 3620 1920 Δαγαλαίφου
3645 1858 3674 1899 ιι
3709 1847 3944 1917 ἐγένετο,
3967 1847 4098 1916 περὶ

2521 1943 2590 1996 τὰ
2621 1943 2905 1997 τελευταῖα
2927 1943 3021 1998 τοῦ
3050 1943 3224 1998 Μαΐου
3253 1943 3449 2015 μηνός.

3139 2225 3390 2279 ΚΕΦΑΛ.
3415 2222 3475 2279 1’.

2535 2315 2634 2382 Ὠς
2667 2319 2700 2371 ὁ
2719 2317 3021 2382 ,βασιλεὺς
3045 2317 3543 2382 Οὐαλεντινιανὸς
3571 2314 3887 2385 ὁμώνυμον
3917 2315 4100 2368 παῖδα

2591 2387 2970 2456 γεγέννηκεν,
2987 2386 3317 2457 Γρατιανοῦ
3333 2387 3447 2457 πρὸ
3463 2386 3902 2456 τῆς-,βασιλείας
3911 2386 4099 2441 αὐτοῦ

2593 2458 3050 2526 γεγεννημένου.

2606 2551 2815 2619 Ὀλίγον
2833 2551 2889 2604 δὲ
2938 2550 3161 2622 ὕστερον
3191 2549 3346 2604 τοῦδε
3396 2549 3489 2603 τοῦ
3538 2549 3796 2619 πολέμου,
3827 2547 3969 2602 κατὰ
4001 2547 4101 2618 τὴν

2525 2641 2692 2713 αὐτὴν
2721 2642 3006 2707 ὑπατείαν,
3057 2641 3486 2712 Οὑαλεντινιανῷ
3525 2640 3606 2712 τῷ
3651 2640 3860 2712 βασιλεῖ
3900 2641 4012 2712 (32)
4043 2642 4100 2694 ὲν

2011 2795 2280 2851 VALESII
2315 2796 2760 2853 ΑΝΝΟΤΑΤΙΟΝ
2767 2797 2869 2852 ES.

920 2934 1032 3006 (51)
1059 2925 1173 2989 Ὧν
1199 2931 1290 3006 ἐπ’
1318 2932 1561 3006 ὀνόματι
1587 2929 1701 3000 καί,
1721 2929 1986 3006 δημοσίᾳ
2003 2929 2276 3006 λουτρά..
2296 2929 2423 2984 Fal-

852 3000 974 3062 sum
1009 3000 1091 3058 est
1121 3003 1266 3072 quod
1317 3003 1395 3056 ait
1447 3001 1724 3072 Socrates,
1755 3001 2158 3072 Anastasianas
2192 3000 2424 3072 balneas

896 3088 977 3128 ua:
1025 3069 1183 3128 erant
1224 3071 1733 3140 Constantinopoli,
1790 3071 1881 3140 ita
1915 3069 2093 3125 dictas
2134 3069 2305 3140 fuisse
2355 3071 2426 3126 ab

896 3091 977 3128 υω
1025 3091 1183 3128 erant
1224 3091 1733 3140 LonStautmopou,
1791 3091 1865 3123 ιυι
1915 3091 2093 3125 (110ιό8
2134 3091 2305 3124 1111588
2355 3091 2422 3126 au

853 3091 1150 3200 gnastasia
1199 3140 1440 3195 Valentis
1489 3141 1620 3206 tilia,
1669 3149 1722 3194 et
1770 3154 1800 3192 a
1835 3137 2066 3194 Valente
2103 3139 2422 3194 aediﬁcatae.

857 3214 973 3268 lmo
1003 3229 1033 3268 a
1067 3211 1431 3268 Constantino
1461 3209 1697 3264 Maximo
1743 3208 2027 3264 aediﬁcata:
2077 3219 2225 3273 sunt,
2262 3217 2316 3264 et
2355 3225 2420 3264 ex

858 3284 1067 3339 sororis
1095 3283 1267 3346 ipsius
1314 3281 1537 3334 nomine
1575 3280 1955 3334 Anastasianas
1979 3281 2280 3348 appellatae.
2313 3277 2420 3333 Do-

856 3360 944 3408 cet
975 3353 1028 3407 id
1059 3351 1383 3405 Ammianus
1415 3349 1764 3404 Marcellinus
1813 3350 1867 3402 in
1898 3349 1994 3402 lib.
2031 3365 2178 3415 xxvr,
2207 3349 2301 3403 ubi
2340 3357 2426 3415 ty.

858 3423 1142 3478 rannidetn
1182 3421 1431 3488 Procopii
1475 3419 1770 3474 describit:
1813 3418 1968 3472 'ldem
2017 3419 2300 3487 Procopius
2341 3418 2429 3472 di-

857 3493 1045 3545 ductus
1080 3494 1134 3544 in
1179 3492 1517 3559 cogitationes
1558 3491 1760 3554 varias,
1790 3489 2174 3543 Anastasianas
2204 3488 2430 3543 balneas

859 3563 1008 3632 petit,
1041 3580 1072 3615 a
1102 3577 1281 3615 sorore
1310 3559 1646 3632 Constantini
1685 3561 2120 3632 cognominatas:
2155 3559 2235 3612 Ad
2267 3574 2430 3632 quem

861 3629 1043 3686 locum
1070 3633 1182 3696 jam
1214 3632 1423 3699 pridem
1459 3631 1642 3686 notavi
1703 3630 2050 3699 Anastasiam
2083 3629 2431 3699 Constantini

862 3716 1107 3758 sororem
1137 3697 1360 3770 nuptam
1401 3698 1571 3755 fuisse
1618 3699 1884 3754 Bassiano
1932 3697 2159 3753 Caesari.
2211 3697 2434 3754 Exstitit

861 3779 1050 3844 postea
1083 3771 1149 3844 in,
1171 3769 1452 3844 Britannia
1492 3769 1576 3824 vir
1603 3770 2061 3844 quidamnobilis
2108 3779 2271 3844 atque
2310 3784 2436 3844 eru-

862 3840 1032 3904 ditus,
1060 3841 1154 3909 qui
1189 3842 1329 3894 hanc
1377 3855 1550 3909 meam
1597 3841 2010 3894 annotationem
2056 3840 2429 3909 reprehendit,

863 3920 918 3966 et
951 3903 1270 3966 Bassianum
1292 3903 1562 3964 Cazs’arem
1598 3909 1770 3964 fuisse
1804 3903 2154 3978 pertinaciter
2190 3911 2430 3978 negavit.

864 3981 1112 4048 Quanam
1167 3982 1335 4050 igitur
1384 3981 1596 4035 ratione
1657 3991 1840 4033 motus
1895 3980 1945 4034 id
2004 3980 2432 4040 allirmaverim,

863 4054 1056 4121 paucis
1106 4052 1208 4105 hoc
1250 4051 1370 4121 loco
1420 4050 1622 4121 dicam.
1667 4050 1803 4104 Cum
1838 4051 2135 4119 imperator
2168 4050 2438 4103 Constan-

865 4119 1036 4181 tinus.
1066 4125 1210 4176 victo
1242 4119 1534 4182 Maxentio,
1571 4120 1951 4174 Constantiam
2000 4135 2243 4174 sororem
2280 4134 2436 4173 suam

867 4194 1060 4263 nuptui
1119 4190 1434 4263 tradidisset
1465 4189 1694 4263 Licinio,
1734 4191 1896 4260 paulo
1939 4198 2062 4258 post
2101 4204 2358 4263 reversus
2383 4189 2436 4241 in

867 4259 1092 4323 Gallias.
1141 4261 1520 4314 Constantium
1559 4259 1780 4313 fratrem
1832 4275 1991 4323 suum
2047 4261 2112 4311 ad
2165 4259 2436 4312 Licinium

866 4335 1038 4397 misit,
1073 4332 1310 4387 suadens
1340 4339 1398 4383 nt
1427 4330 1720 4384 Bassianus
1754 4329 1935 4383 Caesar
1975 4331 2165 4392 tier-et;
2219 4330 2306 4382 eui
2339 4344 2439 4381 nu—

866 4413 957 4471 pta
992 4411 1113 4458 erat
1163 4402 1330 4471 altera
1379 4399 1730 4454 Constantini
1767 4415 1922 4454 soror
1961 4400 2280 4471 Anastasia.
2333 4397 2439 4471 Sed

867 4469 1069 4527 Licinio
1122 4473 1254 4525 talia
1301 4469 1610 4538 frustrante,
1671 4486 1762 4538 per
1808 4471 2136 4525 Senicionem
2191 4469 2440 4522 Bassiani

868 4546 1110 4614 fratrem,
1146 4543 1233 4611 qui
1255 4541 1353 4606 ipsi
1405 4543 1543 4614 [idus
1582 4552 1719 4602 erat,
1752 4544 1804 4614 in
1851 4540 2256 4614 Constantinum
2303 4538 2440 4591 Bus-

867 4609 1051 4669 sianus
1085 4609 1345 4667 armatur.
1390 4611 1492 4676 Qui
1535 4621 1707 4664 tamen
1749 4612 1804 4662 in
1842 4620 2035 4664 conatu
2066 4609 2436 4676 deprehensus,

869 4685 1216 4740 Constantino
1256 4682 1472 4749 jubente
1511 4682 1776 4733 convictus
1823 4690 1872 4733 et
1919 4691 2119 4733 stratus
2167 4692 2264 4733 est.
2305 4677 2438 4732 Cum

869 4755 1104 4810 Sinicius
1144 4763 1330 4805 auctor
1373 4750 1692 4804 insidiarum
1737 4762 2037 4818 posceretur
2102 4749 2169 4801 ad
2211 4764 2436 4816 pinnam,

869 4835 1088 4894 negante
1122 4821 1328 4894 Licinio
1362 4822 1534 4894 fracta
1581 4821 1866 4894 concordia
1908 4830 2006 4873 est.
2044 4818 2117 4894 ita
2153 4820 2349 4894 legitur
2384 4821 2438 4894 in

869 4889 1144 4964 excerplis
1173 4893 1241 4945 de
1274 4889 1396 4964 Vita
1424 4889 1965 4964 Const:mtini._qtnn
2007 4891 2134 4964 olim
2183 4891 2326 4964 edidi
2375 4890 2438 4940 ad

871 4960 1074 5020 calcem
1128 4963 1401 5015 Ammiaui
1443 4961 1768 5015 Marcellini.
1816 4960 1890 5012 Ex
1933 4961 2134 5030 quibus
2185 4960 2257 5012 ita
2305 4975 2442 5030 con-

873 5036 1058 5096 cludo,
1101 5035 1333 5101 primum
1383 5031 1604 5102 quidem
1658 5028 2078 5085 Constantinum
2119 5030 2275 5102 apud»
2301 5028 2443 5102 Lici-

873 5107 1024 5157 nium
1085 5100 1262 5172 egisse
1313 5110 1372 5172 ut
1402 5100 1725 5156 'Bassianus
1772 5103 1956 5155 Caesar
2008 5102 2192 5164 ﬁeret;
2248 5100 2444 5152 deinde

874 5171 1198 5228 Bassianum
1236 5187 1263 5223 a
1315 5171 1528 5225 Licinio
1562 5173 1936 5234 sollicitatum,
1976 5186 2080 5224 non
2115 5175 2290 5222 Sulum
2322 5186 2444 5222 cott-

875 5247 1121 5314 spirasse
1147 5243 1409 5314 advc_rsus
1435 5243 1883 5314 constantinum,
1917 5243 2011 5314 sed
2044 5244 2207 5294 etiam
2243 5241 2441 5314 bellum

873 5308 924 5367 ei
962 5315 1234 5366 intulzssc.
1268 5309 1637 5382 Tyranuidcm
1667 5326 1797 5382 ergo
1823 5309 2124 5365 Bassianus
2151 5308 2445 5382 arripuerit

876 5399 1101 5445 necesse
1145 5391 1252 5448 est,
1290 5380 1353 5436 ac
1402 5383 1634 5451 proinde
1671 5380 1906 5437 Caesaris
1955 5397 2157 5436 nomen
2208 5397 2304 5450 per
2333 5380 2442 5432 vim

2537 2934 2922 3015 assumpserit,
2954 2932 3100 3004 quod
3136 2932 3612 3015 constantinusnei
3641 2934 3774 3015 dare
3803 2934 4103 3015 cogitabat,

2534 3005 2581 3059 si
2637 3003 3321 3060 consensus'accessisset
3374 3003 3592 3059 Licinii.
3647 3003 3746 3060 His
3796 3003 4106 3060 rationibus

2531 3075 2824 3156 impulsus,
2879 3073 3203 3155 Bassianum
3242 3072 3523 3156 Caesarem
3568 3075 3881 3156 appellavi“,
3939 3090 4106 3144 quem

2531 3151 2715 3198 tamen
2747 3152 3041 3215 tyrannum
3063 3146 3286 3215 potius.
3322 3158 3444 3215 Anec
3479 3144 3780 3214 legitimum
3830 3144 4108 3199 Caesarem

2450 3219 2493 3278 α
2528 3211 2786 3282 υηίιυιιηί
2825 3213 2996 3268 fuisse
3057 3211 3254 3268 fateor.
3321 3211 3490 3267 Porro
3538 3211 3674 3267 'cum
3727 3216 4108 3269 Anastasianas

2529 3283 2740 3336 balneas
2805 3282 3009 3337 fuerint
3074 3282 3557 3351 Constantinopoli
3617 3292 3748 3340 ante
3805 3286 4108 3339 tumultum

2529 3351 2808 3422 Procopii,
2861 3354 3006 3406 sicut
3045 3367 3111 3407 ex
3160 3354 3450 3406 Ammiano
3496 3352 3814 3408 Marcellino
3863 3353 4109 3409 ostendi-

2530 3437 2676 3486 mus,
2709 3424 2844 3477 satis
2878 3423 3005 3476 inde
3033 3422 3314 3492 colligitur
3343 3436 3438 3477 eas
3467 3437 3494 3475 a
3531 3422 3762 3478 Valente
3792 3433 4110 3479 exstructas

2529 3507 2640 3573 non
2691 3508 2835 3572 esse,
2886 3493 3106 3573 quippe
3139 3493 3356 3573 quieo
3389 3500 3638 3573 tempore
3681 3509 3892 3573 recens
3928 3494 4110 3573 adhuc

2533 3561 2823 3630 imperium
2853 3561 3289 3617 administraret.
3317 3561 3586 3616 Caeterum
3626 3564 3680 3617 in
3727 3565 3830 3618 hoc
3861 3563 4111 3620 Socratis

2533 3632 2655 3686 loco
2679 3632 3039 3703 scribendum
3075 3640 3162 3687 est
3199 3631 3433 3703 δημόσια
3463 3631 3686 3703 λουτρά.

2603 3701 2716 3772 (5‘2)
2750 3702 2910 3754 Κατὰ
2933 3701 3048 3772 eju-
3072 3701 3268 3769 αὐτὴν
3293 3701 3606 3772 ὑπατείαν,
3632 3703 4112 3769 Οὐαλεντινιανῷ

2532 3771 2614 3837 τῷ
2640 3770 2908 3836 βασιλεῖ.
2950 3770 3112 3824 Errat
3140 3771 3228 3825 hic
3275 3770 3516 3841 graviter
3542 3770 3823 3829 Socrates.
3861 3772 4112 3828 Valenti-

2534 3844 2739 3902 nianus
2773 3844 2920 3896 enim
2962 3842 3149 3909 junior
3182 3842 3272 3910 qui
3309 3850 3474 3910 natus
3505 3852 3588 3896 est
3620 3842 3884 3898 Gratiano
3918 3853 3971 3898 et
4008 3843 4113 3897 Da-

2533 3912 3116 4034 galail'oconsulibus.
3152 3909 3260 3965 nun
3296 3909 3834 3996 Valetttiniatri.‘sed_
3860 3913 4114 3996 Valentis

2586 3994 2766 4034 uaustt
2801 3983 2942 4034 ﬁlius
2969 3982 3090 4034 fult.
3121 3981 3171 4034 Id
3197 3982 3353 4034 docet
3376 3989 3562 4034 auerte
3590 3981 3793 4034 ldatrus
3825 4001 3878 4034 In
3905 3983 4113 4034 Fastis:

2586 3985 2766 4051 ugusti
2801 3983 2942 4051 (ilius
2969 3982 3090 4036 fuit.
3121 3981 3171 4035 Id
3197 3982 3353 4035 docet
3376 3989 3562 4049 aperte
3590 3981 3793 4038 ldatius
3825 3986 3878 4036 in
3905 3983 4113 4037 Fastis:

2538 4050 2795 4105 Gratiano
2831 4050 2970 4107 Nob.
3014 4062 3062 4104 et
3107 4051 3393 4120 Dagalaifo
3434 4053 3756 4106 consulibus.
3802 4054 3898 4108 His
3930 4071 4114 4107 consu-

2535 4124 2674 4194 libus
2726 4131 2880 4194 natus
2913 4121 3436 4194 estr_Vt_r_lentinian_us
3462 4121 3667 4190 junior,
3701 4125 3844 4192 ﬁlius
3884 4125 4115 4194 Augusti

2557 4191 2812 4250 Valentis.
2847 4192 3028 4263 die_l5
3075 4190 3304 4263 Kalend.
3343 4190 3708 4263 Februarium
3733 4194 3858 4246 Scio
3893 4190 4115 4263 quidem

2541 4263 2597 4314 in
2636 4263 2876 4334 editione
2919 4261 3104 4334 Jacobi
3150 4262 3425 4334 _S_irmondi
3463 4263 3622 4331 vulgo
3662 4265 3785 4334 legi,
3819 4261 3963 4332 ﬁlius
4006 4266 4114 4316 Au-

2539 4333 2681 4401 gusti
2735 4329 3114 4386 Valentiniani.
3149 4331 3351 4385 Verum
3402 4333 3472 4385 in-
3506 4329 3878 4388 vetustissimo
3928 4335 4115 4388 codice

2547 4404 2926 4472 manuscripto
2963 4401 3635 4472 collegii_Claromontani.
3657 4420 3723 4457 cx
3746 4420 3856 4472 quo
3876 4403 4110 4458 Jacobu:

2545 4469 2869 4526 Sirmondns
2893 4473 3021 4526 olim
3040 4469 3154 4542 hos
3182 4470 3378 4542 Fas_t_os
3405 4473 3595 4532 edidit.
3623 4469 3824 4528 diser—te
3845 4476 4113 4542 scriptum

2471 4565 2516 4623 ο
2544 4541 2761 4622 inveni,
2819 4542 2964 4623 [ilius
3013 4541 3236 4623 Augusti
3276 4539 3912 4623 Valentis..Sed_praeter
3957 4539 4120 4623 testi-

2547 4613 2789 4685 monium
2827 4611 3363 4685 lict-un1_Fastorum.
3394 4613 3582 4685 multis
3611 4611 3733 4668 aliis
3775 4619 4114 4685 argumentis

2548 4682 2720 4734 evinci
2764 4691 2961 4752 potest.
3000 4681 3441 4752 Valentinianum
3496 4683 3641 4736 hunc
3688 4681 3990 4752 juniorem,
4021 4686 4113 4752 qui

2545 4762 2706 4805 natus
2723 4765 2803 4806 est
2826 4751 3087 4805 Gratiano
3111 4761 3164 4805 et
3187 4751 3464 4821 Dagalaifo
3491 4751 3809 4810 consulibus
3831 4770 3976 4808 anno
4006 4751 4119 4808 tre-

2549 4823 2857 4876 centesimo
2906 4823 3247 4888 sexagesimo
3283 4829 3438 4875 sexto
3482 4824 3676 4877 natalis
3723 4824 4014 4887 Dominici,
4054 4823 4112 4876 ﬁ-

2548 4890 2678 4962 lium
2711 4894 2880 4946 fuisse
2902 4890 3145 4946 Valentis
3173 4892 3424 4960 Augusti.
3461 4891 3561 4946 Hic
3588 4895 3730 4946 enim
3765 4897 3880 4962 ipse
3911 4903 4018 4958 est,
4056 4902 4112 4947 ut

2549 4961 2690 5030 inter
2721 4978 2912 5016 omnes
2951 4971 3188 5018 constat.
3238 4963 3331 5028 qui
3383 4972 3567 5030 postea
3609 4961 3800 5017 consul
3853 4965 3956 5017 fuit
3989 4979 4113 5018 cum

2549 5029 2789 5097 Victore,
2819 5047 2965 5085 anno
3002 5031 3207 5086 Christi
3241 5031 3344 5085 569
3365 5029 3395 5096 ,ί
3412 5041 3467 5086 et
3506 5034 3592 5086 cui
3621 5032 3956 5088 'l‘hemistins
3986 5049 4111 5087 ora-

2548 5101 2752 5171 tionem
2792 5103 3136 5156 cunsularem
3171 5101 3331 5164 dixit,
3359 5117 3480 5169 quas
3509 5102 3777 5171 hodieque
3805 5112 3983 5158 exstat
4013 5105 4112 5158 sub

2547 5170 2874 5242 bocitilulo:
2908 5172 3308 5242 Προτρεπτικὸς
3337 5170 3760 5242 Οὐαλεντινιανῷ
3791 5175 3914 5241 νέῳ.
3942 5173 4112 5226 Porro

2548 5241 2603 5310 in
2654 5241 2754 5293 hac
2787 5225 3410 5298 oratidne'Themis'tius
3451 5245 3652 5310 passim
3702 5225 4110 5297 V'alen‘teutiVai-

2547 5309 2831 5364 lentiniani
2863 5315 3027 5380 hujus
3060 5321 3287 5380 patrem,
3323 5319 3376 5382 et
3406 5309 3726 5366 Gratianum
3779 5313 4019 5382 ἀνεψιόν.
4058 5312 4110 5366 id

2545 5388 2631 5435 est
2676 5385 2974 5450 patruelem
3023 5383 3277 5452 appellat.
3331 5381 3575 5452 Exempli
3608 5383 3804 5454 gratia,
3837 5381 3960 5454 pag.
3985 5383 4112 5445 253,

2302 5558 2691 5617 VARIORUM.

949 5720 979 5762 (ι
1025 5712 1125 5765 Ἐν
1180 5713 1433 5779 ὑπατείᾳ
1494 5711 1825 5782 Γρατιανοῦ
1890 5711 1987 5765 καί
2043 5713 2442 5782 Δαγηλαίφου.

880 5782 1184 5854 Procppius
1216 5794 1480 5854 tyrannus
1507 5785 1594 5838 his
1629 5783 1951 5854 consulibus
1977 5785 2156 5838 victus
2183 5785 2236 5836 in
2269 5782 2444 5852 Phry-

2543 5725 2777 5780 ronymo
2809 5710 2861 5764 in
2887 5710 3158 5765 Chronico
3181 5711 3442 5765 testibus.
3494 5709 3674 5780 datius
3701 5710 3755 5762 in
3783 5707 3967 5762 Fastis
3987 5722 4110 5761 eum

2542 5779 2867 5850 Oppressum
2901 5781 3098 5836 scribit
3136 5791 3290 5836 sexto
3327 5780 3601 5835 Kalendas
3639 5779 3873 5850 lunias:
3909 5780 4110 5850 in_qn_o

882 5853 971 5925 gia
1008 5848 1254 5907 salutari
1275 5853 1342 5908 ad
1368 5848 2442 5925 Nacoliam,interfectusque,Annniano
2541 5848 2666 5925 cuin
2695 5851 2949 5925 _Socrate
2993 5854 3288 5910 consentit.
3323 5851 3493 5925 (Ant.
3517 5851 3668 5922 Pagi,
3695 5849 3764 5906 ad
3803 5865 3932 5906 ann.
3981 5848 4109 5913 366,

885 5921 983 5980 lib.
1017 5938 1166 5985 xxvt.
1206 5939 1328 5987 cat).
1360 5925 1428 5986 9:
1477 5924 1719 5986 Zosimo.
1768 5925 1862 5982 lib.
1893 5942 1964 5985 tv.
1993 5921 2047 5984 υξ
2078 5925 2201 5984 759.
2235 5933 2286 5982 ct
2313 5924 2441 5981 Πιε-
2537 5939 2592 5979 u.
2632 5921 2712 5979 2M
