4508 6588
854 457 960 508 «ιδῦ

2275 442 2613 499 δυωὶΛῊδ

3978 449 4080 502 436

855 582 980 625 esse
1028 561 1350 618 videbantur
1400 555 1830 630 perturbationis
1889 557 2277 615 Ecclesiarum.
2333 557 2415 613 Ac
2441 563 2490 622 Α
2514 557 2606 611 τὸν

2333 557 2415 613 Ac
2441 563 2490 622 Α
2514 557 2606 611 τὸν
2639 555 2858 627 βασιλέα
2879 554 3170 612 Οὐάλεντα
3193 575 3209 590 ο
3250 559 3336 617 τοῦ
3377 561 3482 633 γὰρ
3514 560 3726 617 διώκειν
3753 563 3879 629 τοὺς
3913 565 3989 636 μὴ
4015 569 4087 624 τὰ

863 655 1022 712 multi
1060 650 1277 723 quidem
1327 647 1640 703 sacerdotes
1668 663 1724 702 Ill
1773 647 2028 703 exsilium
2074 647 2237 718 ejecti
2264 654 2415 711 sunt,

861 747 1007 801 sicut
1029 752 1187 797 antea
1216 739 1348 794 dixi.
1394 737 1507 794 Soli
1548 746 1731 793 tamen
1785 738 1967 792 divina
2019 737 2254 808 quadam
2289 753 2418 808 pro-

859 835 1123 898 videntia,
1175 838 1400 902 propter
1447 827 1702 883 eximiam
1760 829 1847 885 sui
1877 829 2229 884 reverentiam
2271 829 2418 884 exsi-

861 928 994 982 lium
1044 923 1186 994 passi
1221 935 1332 976 non
1380 927 1514 976 sunt
1566 919 1804 975 Basilius
1853 927 2017 988 atque
2065 916 2412 989 Gregorius:

862 1029 1095 1087 quorum
1121 1012 1212 1067 ille
1239 1009 1500 1065 Caesarea:
1549 1011 1904 1082 Cappadocia:
1945 1011 2414 1084 eratepiscopus:

863 1108 952 1162 hic
985 1101 1426 1168 Nasianzi,urbis
1458 1103 1668 1174 exiguae
1698 1119 1819 1175 qua:
1843 1104 1898 1158 in
1929 1102 2129 1159 vicinia
2153 1103 2418 1158 Caesarea:

860 1203 964 1256 sita
996 1205 1099 1253 est.
1137 1193 1245 1250 Sed
1270 1193 1337 1250 de
1361 1191 1570 1252 Basilio
1601 1206 1652 1253 et
1679 1195 1945 1270 Gregorio
1979 1195 2200 1252 uberius
2227 1201 2416 1266 postea

859 1294 1125 1350 dicemus.

1477 1549 1628 1606 CAP.
1667 1547 1786 1604 XII.

860 1646 1132 1722 Quomodo
1147 1642 1529 1722 _bfacedoniuni
1552 1652 1764 1722 propter
1801 1638 2131 1722 imperatoris
2169 1635 2414 1722 adversus

930 1718 1066 1786 ipsos
1110 1715 1413 1770 violentiam
1448 1713 1503 1765 in
1546 1706 1820 1792 angustias
1871 1706 2103 1791 redacti,
2133 1709 2295 1760 missa
2347 1706 2417 1788 αις

930 1787 1191 1840 Liberium
1253 1782 1550 1842 Romanum
1603 1795 1898 1846 episcopum
1949 1779 2241 1846 legatione,
2292 1777 2416 1846 ﬁdet

928 1782 1191 1840 Liberium
1253 1782 1550 1842 Romanum
1603 1782 1898 1847 episcopum
1949 1782 2241 1849 legatione,

929 1852 1397 1910 consubstantialis
1423 1851 1864 1917 subscripserunt.

928 1948 1196 2004 Caeterum
1249 1959 1372 2000 cum
1421 1940 1775 1996 Homousiani
1818 1947 1948 1994 tunc
1999 1939 2255 2009 temporis
2287 1952 2416 2010 gra-

859 2039 1082 2096 vissime
1123 2037 1300 2093 vexati
1346 2034 1628 2106 fugatique
1678 2039 1891 2095 essent,
1937 2029 2120 2085 denuo
2159 2044 2420 2100 persecu-

860 2141 1010 2186 tores
1044 2129 1310 2184 adversus
1332 2125 1750 2180 Macedonianos
1783 2123 2023 2194 grassari
2053 2136 2288 2192 erepere.
2314 2120 2419 2187 Qui

861 2228 1009 2275 metu
1040 2218 1212 2288 magis
1242 2231 1406 2286 quam
1435 2215 1688 2269 violentia
1721 2211 2025 2276 constricti.
2049 2226 2146 2282 per
2176 2212 2418 2282 singulas

860 2310 1109 2365 civitates
1145 2308 1290 2362 ultro
1326 2310 1575 2374 citroque
1620 2304 1824 2374 legatos
1859 2304 2002 2359 inter
2036 2303 2380 2358 semiserunt
2405 2344 2422 2370 ,

860 2402 1242 2471 signiﬁcantes
1271 2397 1588 2454 necessario
1615 2393 2039 2466 confugiendum
2064 2409 2187 2451 esse
2221 2404 2334 2449 tum
2359 2394 2426 2450 ad

863 2493 1090 2550 fratrem
1138 2489 1512 2562 imperatoris.
1553 2494 1670 2541 tum
1724 2487 1789 2540 ad
1837 2486 2115 2542 Liberium
2167 2485 2429 2542 Romana:

860 2586 1014 2642 urbis
1053 2585 1390 2656 episcopum.
1443 2593 1742 2646 eorumque
1794 2579 1955 2634 fidem
1996 2579 2427 2649 amplectendam

861 2677 1049 2748 potius
1098 2689 1265 2744 quam
1336 2679 1397 2726 ut
1454 2684 1582 2727 cum
1634 2667 1880 2726 Eudoxio
1927 2671 2415 2726 communicarent.

2519 647 2700 702 αὐτῶν
2720 647 3056 719 φρονοῦντας
3092 642 3194 704 οὐκ
3219 651 3497 708 ἐπαύοντο.
3529 653 3812 726 Τεκμήρια
3831 655 3892 709 δὲ
3911 655 4084 710 ἐδόκει

2519 734 2658 792 εἶναι
2683 739 2750 793 τὰ
2775 738 2882 792 τῶν
2911 735 3167 810 σεισμῶν,
3199 745 3296 813 τῆς
3314 741 3422 796 τῶν
3454 740 3786 814 Ἐκκλησιῶν
3818 746 4079 817 ταραχῆς.

2531 829 2798 896 Ἐγίνοντο
2825 825 2938 896 οὖν,
2972 830 3048 894 ὡς
3077 830 3231 904 ἔφην,
3272 833 3534 904 ἑξόριστοι
3556 834 3740 889 πολλοὶ
3775 836 3886 889 τῶν
3927 837 4062 908 lapte

2523 921 2700 993 μένων
2725 922 2934 993 ἀνδρῶν
2959 939 2974 954 ο
3007 922 3155 994 μόνοι
3183 923 3239 977 δὲ
3262 924 3326 978 εκ
3359 941 3505 990 τινος
3535 924 3669 979 Θεοῦ
3707 927 3982 996 προνοίας,
4011 926 4082 982 δι’

2519 1013 2954 1086 ὑπερϐάλλουσαν
2982 1015 3266 1071 εὐλάϐειαν
3294 1017 3392 1070 οὐκ
3422 1018 3800 1091 ὑπεϐλήθησαν
3823 1020 4076 1092 ἑξορίαις,

2516 1105 2793 1168 Βασίλειος
2820 1107 2913 1158 καὶ
2941 1106 3258 1178 Γρηγόριος.
3285 1100 3384 1162 Ὧν
3415 1110 3444 1163 ὁ
3469 1108 3923 1182 μὲνΚαισαρείας
3967 1112 4078 1184 (33)

2514 1197 2616 1268 τῆς
2671 1198 2729 1250 ὲν
2773 1197 3135 1270 Καππαδοκίᾳ
3185 1199 3482 1265 ἐπίσκοπος
3525 1197 3630 1274 ἦν’
3683 1202 3978 1274 Γρηγόριος
4021 1203 4078 1258 δὲ

2516 1286 2820 1352 Ναζιανζοῦ
2841 1287 3046 1354 πόλεως
3085 1288 3336 1354 εὐτελοῦς
3379 1291 3786 1364 γειτνιαζούσης
3837 1296 3904 1366 τῇ
3947 1295 4079 1349 Kar-

2517 1378 2729 1449 σαρεῑᾳ.
2757 1378 2892 1450 Περὶ
2911 1379 3009 1450 μὲν
3040 1375 3132 1435 οὖν
3150 1381 3428 1436 Βασιλείου
3451 1385 3546 1439 καὶ
3592 1385 3916 1458 Γρηγορῑου,
3949 1403 4077 1458 προ-

2514 1466 2690 1530 ϊόντες
2713 1468 2964 1538 ἐροῦμεν.

3105 1561 3358 1620 ΚΕΦΑΛ.
3382 1561 3484 1621 lB'.

2528 1648 2625 1722 Ὦς
2673 1652 2727 1703 ot
2768 1647 2838 1722 τὰ
2889 1650 3260 1722 Μακεδονίου
3301 1655 3683 1722 φρονοῦντες,
3709 1653 3807 1708 διὰ
3835 1655 3948 1722 τὴν
3973 1655 4078 1711 τοῦ

2581 1719 3037 1793 ,ϐασιλέωςμπερὶ
3069 1719 3474 1793 αὐτσὺςᾟίαν
3517 1719 4077 1793 στενοχωρούμενοι,

2585 1787 2736 1864 πρὸς
2770 1787 3038 1864 Λιϐἐροογ
3056 1791 3177 1864 τὸν-
3198 1787 3415 1861 Ῥώμης
3449 1787 4078 1864 διαπρεσϐεὖσάᾷιενοι,

2449 1890 2492 1946 Β
2587 1855 2667 1922 τῷ
2688 1855 2984 1925 όμοουσίῳ
3002 1855 3311 1930 ἐγγράφως(
3324 1855 3705 1931 προσέθεᾶτο.

2592 1949 2712 2002 Τῶν
2753 1949 2810 2002 δὲ
2859 1950 3199 2022 φρονούντων
3235 1952 3297 2006 τὸ
3341 1954 3626 2024 ὀμοούσιον
3671 1955 3916 2028 σφοδρῶς
3956 1956 4080 2011 τότε

2524 2037 2942 2100 συνελαθέντων,
2979 2036 3136 2104 αὖθις
3159 2043 3209 2096 of
3245 2041 3530 2107 διώκοντες
3547 2045 3686 2101 κατὰ
3707 2047 3816 2101 τῶν
3839 2047 4079 2100 Μακεδο-

2522 2127 2717 2182 νιανῶν
2746 2129 3016 2202 ἐχώρουν·
3049 2131 3100 2184 οἱ
3121 2132 3197 2197 δὲ,
3235 2133 3381 2204 φόϐῳ
3425 2134 3622 2205 μᾶλλον
3654 2135 3748 2190 καὶ
3778 2136 3869 2207 βίᾳ
3903 2153 4080 2190 στενο-

2525 2217 2877 2289 χωρούμενοι,
2926 2221 3065 2275 κατὰ
3093 2221 3273 2286 πόλεις
3295 2223 3733 2294 διεπρεσϐεύοντο
3755 2225 3888 2296 πρὸς
3919 2226 4079 2297 ἀλλή-

2521 2307 2649 2373 λους
2673 2308 3004 2378 ’δηλοῦντες
3047 2311 3156 2365 δεῖν
3205 2313 3262 2379 ἐξ
3303 2314 3545 2385 ἀνάγκης
3581 2313 3962 2384 καταφεύγειν,
3988 2317 4080 2369 ἐπί

2520 2415 2578 2452 τε
2604 2398 2694 2452 τὸν
2730 2399 2954 2468 ἀδελφὸν
3005 2400 3097 2454 τοῦ
3133 2401 3411 2472 βασιλέως,
3454 2405 3546 2456 καὶ
3579 2405 3670 2457 ἐπὶ
3710 2404 3962 2474 Λιϐἐριον
3990 2404 4079 2456 τὸν

2533 2490 2748 2560 Ῥώμης
2817 2492 3134 2545 ἐπίσκοπον.
3207 2493 3570 2557 ’.ἀσπάζεσθαί
3623 2512 3681 2549 τε
3718 2496 3816 2565 τὴν
3862 2496 4080 2550 ἐκείνων

2525 2581 2706 2635 πίστιν
2732 2581 2951 2652 μᾶλλον,
2975 2582 3008 2653 ἢ
3039 2585 3312 2637 κοινωνεῖν
3337 2587 3449 2646 τοῖς
3474 2587 3602 2657 περὶ
3639 2585 3903 2651 Εὐδόξιον.
3933 2588 4080 2657 Πέμ-

2527 2689 2719 2726 πουσιν
2737 2667 2832 2727 οὗν
2856 2673 3151 2728 Εὐστάθιον
3169 2673 3280 2744 (δι)
3297 2675 3389 2731 τὸν
3414 2677 3478 2730 ὲκ
3503 2677 3844 2742 Σεϐαστείας,
3871 2677 3931 2742 ὃς
3955 2678 4079 2731 πολ-

2018 2846 2284 2904 VALESII
2325 2847 2872 2911 ANNOTATIONES.

933 2945 1045 3015 ('55)
1080 2937 1192 3022 *Ωιτ
1218 2945 1252 2996 δ
1279 2943 1397 3022 μὲν
1435 2945 1809 3022 Καισαρείας.
1855 2942 2090 3022 Basilius
2134 2943 2426 3022 episcopus

864 3010 1128 3073 Caesareae
1179 3015 1233 3066 in
1273 3010 1636 3082 Cappadocia
1676 3014 1853 3069 factus
1900 3021 1982 3066 est
2036 3026 2180 3082 anno
2220 3010 2428 3065 Christi

867 3084 1252 3152 trecentesimo
1281 3081 1620 3152 sexagesimo
1650 3098 1817 3149 nono,
1853 3091 1912 3136 ut
1937 3091 2087 3152 recte
2119 3081 2430 3152 observavit

864 3156 1153 3210 Baronius.
1185 3149 1440 3223 Socrates
1465 3163 1643 3223 tamen
1667 3155 2035 3223 episcopatum
2059 3149 2244 3223 Basilii
2269 3150 2428 3218 paulo

863 3227 1220 3280 vetustiorem
1259 3221 1439 3276 facere
1467 3220 1716 3277 videtur.’
1736 3220 1869 3276 Cum
1897 3221 2042 3274 enim
2089 3223 2188 3272 hoc
2218 3220 2338 3273 loco
2363 3234 2427 3273 ea

2525 2944 2590 2996 ad
2645 2943 2957 3012 Damasum.
3001 2943 3250 2998 Liberius
3275 2943 3417 2999 enim
3453 2958 3516 3012 ex
3550 2943 3652 2999 hac
3691 2945 3799 2999 vita
3830 2945 4081 3012 migravit

2495 3027 2669 3068 ,anno
2711 3011 2910 3069 Christi
2941 3013 3078 3083 367.
3099 3012 3364 3083 Lupicino
3397 3022 3451 3067 et
3484 3011 3680 3068 Jovino
3712 3011 4034 3070 consulibus
4063 3035 4076 3070 :

2522 3083 2822 3152 eodemque
2865 3097 3009 3136 anno
3057 3082 3321 3152 Damasus
3364 3083 3552 3138 sedere
3596 3084 3781 3151 cmpit.
3813 3083 3971 3152 Atqui
4007 3085 4079 3140 lc-

2522 3153 2632 3220 gati
2671 3151 3203 3213 Macedonianorum.
3254 3151 3375 3207 fidei
3427 3167 3538 3206 suae
3584 3153 3825 3206 libellum
3869 3151 4080 3209 obtule-

2525 3219 2654 3275 runt
2687 3220 2920 3285 Liberio,
2945 3231 2999 3276 et
3028 3222 3097 3276 ab
3133 3221 3318 3276 eodem
3355 3219 3569 3276 Liherio
3604 3223 3811 3277 litteras
3839 3223 3904 3274 ad
3952 3237 4080 3278 suos

864 3296 1068 3350 referat
1119 3306 1242 3361 quae
1298 3299 1451 3360 gesta
1508 3301 1638 3346 sunt
1687 3290 2073 3361 Valentiniano
2121 3290 2343 3361 iterum
2370 3297 2426 3361 et
2453 3337 2492 3361 η
2527 3300 2877 3359 acceperunt,
2927 3300 2986 3344 ut
3018 3291 3184 3345 refert
3220 3292 3473 3346 Socrates
3517 3292 3618 3361 hoc
3647 3292 3782 3361 loco.
3821 3291 3939 3345 Non
3981 3293 4080 3361 igi-

870 3337 1102 3418 Valente
1122 3337 1328 3416 iterum,
1369 3361 1714 3425 consulibus.
1748 3361 1842 3430 qui
1875 3359 1978 3412 fuit
2007 3372 2186 3430 annus
2214 3357 2422 3430 Christi
2451 3337 2494 3395 ο
2526 3337 2912 3430 ιυτῖηνιίο
2931 3337 3622 3430 ’ὧεὲέὲῐὲὲιηῖἒὲἱὲῖςεῖίὸῖ
3647 3337 4081 3430 'Eéé'véiFhA‘iic

864 3432 1286 3488 trecentesimus
1320 3433 1696 3498 sexagesimus
1741 3426 1984 3490 octavus.
2024 3427 2283 3498 Basilium
2311 3426 2422 3496 jam

865 3515 981 3556 tum
1022 3501 1336 3570 episcopum
1380 3497 1642 3554 Caesareae
1686 3499 1948 3570 agnoscit.
2001 3506 2054 3570 et
2101 3497 2423 3565 Gregorium

865 3567 1146 3627 Nazianai.
1189 3567 1456 3638 Caeterum
1497 3573 1640 3638 quod
1697 3567 1762 3624 ad
1811 3567 2143 3638 Gregorium
2179 3574 2421 3638 spectat,

867 3642 1150 3696 manifeste
1176 3640 1378 3692 fallitur
1406 3634 1684 3694 Socrates.
1712 3640 1829 3693 Non
1851 3634 1992 3692 enim
2021 3636 2296 3699 Nazianzi,
2330 3634 2425 3690 scd

869 3711 1209 3765 Sasilnoruut
1252 3709 1544 3777 episcopus
1573 3725 1639 3763 eo
1666 3719 1910 3778 tempore
1941 3723 1970 3760 a
2019 3707 2215 3760 Basilio
2248 3705 2426 3759 factus

866 3793 948 3836 est
976 3778 1314 3850 Gregorius;
1349 3794 1506 3845 quem
1537 3778 2424 3850 tamenepiscopatummu'uquatn

868 3850 1060 3919 gessit,
1086 3843 1160 3902 ἰιι
1190 3843 1420 3919 ipsemet
1447 3855 1676 3902 testatur
1717 3843 1795 3900 in_
1820 3843 2088 3919 epistolis.
2121 3844 2180 3919 ln
2204 3843 2424 3919 Carini-

867 3913 1190 3974 nibusvero
1214 3913 1287 3970 de
1322 3913 1441 3968 Vita
1476 3933 1571 3972 sua
1605 3925 1789 3986 aperte
1827 3913 2072 3986 queritur
2107 3913 2174 3986 de
2204 3913 2424 3977 Basilio,

868 3993 959 4058 qui
1017 4003 1140 4043 cum
1186 3988 1491 4058 sexaginta
1527 3985 1656 4058 sub:
1677 4002 1736 4058 se
1775 3985 1994 4039 haberet
2033 3985 2422 4058 episcopatus,

867 4054 994 4114 vilis
1036 4055 1588 4126 oppiduliEcclesiam
1631 4055 1735 4126 ipsi
1767 4054 2430 4126 commendavisset,tam-

868 4131 974 4185 etsi
1007 4123 1125 4196 ipse
1153 4126 1324 4180 nihilo
1357 4123 1580 4196 inferior
1611 4123 1757 4180 esset
1789 4123 2011 4196 Basilio.
2042 4157 2051 4196 ς

941 4190 1050 4268 (34)
1093 4196 1437 4268 litigat)ng
1485 4191 1984 4268 οὖνλεὺοζτᾴθιον.
2042 4192 2305 4268 Baronius
2359 4190 2426 4245 ad

869 4262 1286 4336 annumChi-isti
1320 4264 1423 4319 365
1450 4263 1796 4336 reprehendit
1811 4263 2114 4336 Socratem,
2127 4262 2270 4330 quod
2288 4262 2428 4336 hanc

869 4335 1381 4391 Macedonianorum
1429 4332 1746 4402 legationem
1794 4332 2165 4402 ad_Liberium
2211 4332 2424 4402 papam,

868 4408 1026 4474 cujus
1064 4409 1344 4474 princeps;
1358 4403 1455 4457 fuit
1482 4398 1812 4474 Eustathius
1850 4398 2428 4474 Sebastetius.:cottfe-

869 4469 955 4529 rat
998 4469 1286 4528 in'aunum
1309 4472 1514 4527 Christi
1544 4472 1668 4533 568,
1702 4487 1810 4540 quo
1837 4486 1979 4526 anno
2013 4469 2427 4525 Valentinianus

868 4555 924 4600 et
953 4542 1154 4598 Valens
1188 4545 1383 4596 iterum
1427 4543 1680 4598 consules
1723 4544 1890 4595 fuere.
1929 4540 2049 4610 Ipse
2089 4540 2303 4594 duobus
2329 4553 2426 4607 po-

869 4615 1145 4668 tissimutn
1174 4613 1513 4680 argumentis
1545 4612 1783 4674 innixus,
1821 4610 2042 4664 missam
2077 4625 2197 4680 esse
2236 4614 2424 4663 censet

869 4697 1014 4737 anno
1046 4678 1259 4736 Christi
1296 4680 1419 4736 365.
1449 4683 1690 4734 Primum
1737 4680 1881 4735 enim
1930 4678 2246 4733 Eustathius
2295 4691 2420 4731 cum

869 4753 1094 4821 collegis
1135 4752 1337 4805 missus
1366 4759 1454 4821 est
1485 4751 1693 4820 legatus
1718 4765 1749 4802 a
1783 4749 1991 4819 synodo
2029 4747 2420 4816 Lampsacena.

868 4818 1034 4892 Atqui
1083 4821 1324 4892 synodus
1365 4818 1733 4892 Lampsacena
1781 4818 2135 4892 c0ngre_gata_
2151 4823 2236 4892 est
2275 4829 2420 4892 anno

869 4885 1074 4946 Christi
1103 4885 1226 4953 365,
1257 4897 1462 4958 septem
1488 4885 1646 4943 annis
1668 4897 1788 4959 post
1816 4885 2082 4956 synodum
2103 4885 2421 4959 _Seleucien-

871 4977 1005 5024 seut,
1057 4968 1116 5014 ut
1156 4955 1390 5014 testatur
1424 4955 1694 5013 Socrates.
1746 4955 1903 5013 Certe
1958 4957 2118 5026 legati
2157 4956 2211 5010 in
2242 4955 2423 5010 libello

870 5031 992 5086 fidei
1026 5043 1186 5099 quem
1232 5028 1553 5083 obtulerunt
1595 5027 1832 5099 Liberio.
1859 5026 2060 5081 diserte
2099 5026 2424 5099 profitentur

869 5115 929 5155 se
977 5095 1183 5168 legatos
1237 5113 1362 5154 esse
1394 5112 1453 5168 7a
1487 5096 1693 5168 synodo
1739 5097 2167 5168 Lampsacena.
2195 5095 2423 5168 ejusque

869 5165 1064 5239 synodi
1103 5169 1312 5239 litteras
1342 5167 1408 5222 ad
1436 5165 1710 5221 Liberium
1737 5165 1961 5239 _afler’re.
2005 5165 2204 5218 Deinde
2233 5165 2424 5239 si_hae_c

869 5233 1066 5306 legatio
1116 5233 1623 5306 Macedonianurum
1678 5236 1845 5290 missa
1901 5243 2046 5306 esset
2083 5248 2242 5306 anno
2265 5233 2423 5287 Chri-

869 5299 1085 5371 sti368.
1119 5299 1228 5361 rion
1259 5307 1327 5360 ad
1349 5305 1621 5362 Liberium
1650 5319 1843 5376 papam
1880 5305 2050 5360 missa
2076 5303 2289 5369 fuisset,
2325 5308 2422 5358 sed

2527 3429 2848 3504 legatiunem
2903 3431 3161 3504 libentius
3213 3429 3535 3504 contulerim
3583 3430 3636 3504 in
3669 3429 3872 3504 annum
3917 3430 4080 3485 Curi»

2527 3507 2593 3551 stt
2625 3499 2761 3563 367,"
2784 3499 2945 3566 idque
2974 3501 3234 3553 adversus
3266 3500 3556 3552 Baronium
3588 3500 3688 3552 hac
3715 3500 3924 3553 ratione
3949 3516 4082 3555 con-

2525 3568 2760 3640 cludam.
2813 3568 3037 3623 Fatetur
3072 3567 3338 3640 Baronius
3391 3567 3662 3637 Elpidium
3704 3573 4079 3640 presbyterum

2523 3637 2675 3708 urbis
2713 3637 2898 3692 Romae
2949 3654 3060 3708 uua
3096 3653 3216 3708 cum
3270 3637 3552 3693 Eustathio
3595 3651 3649 3692 et
3701 3637 3922 3707 collegis
3959 3641 4080 3708 ejus

2525 3707 2750 3779 missum
2792 3723 2914 3779 esse
2947 3707 3405 3779 ad_lllyricianam
3435 3707 3723 3779 synodum.
3755 3708 3912 3776 cujus
3955 3707 4082 3779 syn-

2527 3775 2742 3829 odicam
2805 3777 2969 3832 refert
3020 3775 3389 3830 Theodoritus
3438 3775 3491 3830 in
3545 3777 3681 3830 libro
3730 3793 3780 3829 tv
3826 3775 4080 3832 Historia:

2523 3847 2909 3918 ecclesiastica.
2948 3847 3131 3918 Atqui
3162 3846 3483 3918 ulllyriciana
3523 3846 3764 3918 synodus
3806 3849 3892 3918 cui
3937 3849 4081 3918 Elpi-

2525 3915 2650 3970 dius
2670 3926 2725 3970 et
2751 3914 3067 3970 Eustathius
3090 3914 3422 3970 Sebasteuus
3448 3914 3715 3979 interfuit,
3751 3917 3976 3971 collecta
3998 3914 4081 3973 est

2531 3999 2676 4038 anno
2703 3985 2904 4040 Christi
2933 3986 3060 4056 561.
3085 3993 3176 4038 aut
3204 3985 3333 4049 568,
3361 3993 3418 4037 ut
3444 3992 3590 4054 patet
3633 4001 3696 4038 ex
3726 3986 4082 4056 inscriptione

2524 4056 2767 4122 epistolae
2793 4071 2954 4124 quam
2999 4053 3409 4124 Valentinianus
3445 4053 3738 4122 imperator
3765 4053 3983 4124 scripsit
4012 4059 4079 4111 ad

2524 4123 2823 4194 episcopos
2867 4125 3028 4183 Asiae.
3092 4134 3149 4178 ut
3193 4123 3456 4194 synodum
3509 4126 3656 4194 illam
3707 4123 4076 4194 confirmaret.

2527 4192 2682 4247 lluuc
2704 4192 2846 4248 enim
2877 4197 3091 4247 titulum
3134 4192 3296 4248 habet
3342 4192 3642 4262 imperialis
3673 4193 3898 4261 epistola
3927 4214 3939 4248 :
3979 4196 4076 4250 Va-

2527 4264 2872 4326 lentinianus.
2924 4263 3134 4325 Valens,
3191 4272 3240 4316 et
3277 4261 3563 4334 Gratignus
3596 4261 3833 4334 _Augusti
3882 4267 4083 4334 episco-

2561 4335 2627 4392 is.
2661 4343 2790 4395 etc.,
2824 4342 2882 4386 ut
2912 4334 3089 4403 legere
3120 4341 3205 4386 est
3239 4335 3378 4402 apud
3425 4331 3812 4386 Theodoritum
3841 4331 4082 4390 indicto

2549 4403 2686 4456 ibro.
2716 4403 3202 4476 AtquiCratianus
3238 4417 3267 4476 a
3299 4412 3454 4470 patre
3487 4404 3765 4476 Augustus
3795 4419 4082 4476 nuncupa-

2525 4479 2616 4542 t_us
2640 4479 2743 4536 est,
2768 4469 3034 4542 Lupicino
3060 4481 3112 4525 et
3142 4469 3336 4525 Jovino
3362 4471 3702 4530 consulibus.
3730 4487 3788 4542 Ix,
3813 4469 4084 4531 Kalendas

2528 4539 2884 4610 Septetttbris.
2927 4551 2983 4595 ut
3025 4552 3221 4610 praeter
3265 4542 3543 4594 Socratem
3585 4543 3742 4595 docet
3777 4541 3980 4600 ldatius
4026 4548 4082 4599 in

2528 4609 2724 4672 Fastis.
2769 4623 2820 4666 et
2857 4609 3046 4664 auctor
3077 4609 3330 4663 Chronici
3365 4611 3742 4665 Alexandrini.
3781 4612 4010 4669 Proinde
4037 4616 4082 4668 si

2526 4678 3137 4752 _lllyriciana__synodus
3190 4679 3380 4735 eodem
3448 4694 3592 4734 anno
3647 4683 3911 4752 contigit,
3975 4699 4084 4752 quo

2525 4748 2724 4818 legatio
2747 4750 2834 4803 illa
2860 4748 3397 4812 Illacedonianorum,
3419 4752 3642 4804 omnino
3663 4748 4084 4807 Macedoniaita-

2525 4833 2646 4872 rum
2670 4819 2865 4888 legatio
2885 4819 3212 4873 conferenda
3243 4820 3349 4873 erit
3368 4820 3422 4874 in
3446 4835 3645 4874 annum
3669 4821 3869 4888 Christi
3890 4822 3992 4877 567
4013 4830 4082 4888 ν,

2569 4904 2635 4941 uo
2695 4887 2838 4942 anno
2892 4889 3139 4944 Liberius
3188 4889 3240 4941 in
3299 4891 3433 4944 vivis
3480 4906 3603 4944 esse
3652 4887 4086 4948 desiit'ineunte

2569 4959 2850 5028 eptembri.
2915 4957 3100 5012 Potuit
3170 4959 3334 5028 igitur
3389 4959 3706 5014 Eustathius
3755 4975 3878 5014 eum
3934 4963 4085 5016 adire

2523 5043 2710 5082 mense
2735 5027 2918 5090 Juuio.
2952 5037 3006 5082 et
3044 5029 3112 5082 ab
3141 5027 3331 5082 eodem
3371 5030 3584 5084 litteras
3616 5029 3865 5098 accipere
3895 5045 4084 5087 mense

2524 5099 2788 5170 Augusto_.
2820 5099 3177 5170 Illyriciauam
3218 5107 3396 5170 autem
3428 5099 3694 5170 synodum
3715 5099 3908 5153 eodem
3936 5115 4084 5155 anno

2524 5165 2711 5238 mense
2750 5165 3055 5236 Septembri
3097 5165 3607 5238 celebratam"esse
3657 5169 3870 5238 opinor,
3917 5185 4080 5238 quam

2524 5235 2862 5310 confirmavit
2894 5239 3187 5310 imperator
3217 5235 3650 5301 Valentinianus.
3678 5235 4081 5310 Gratiandjatn

2523 5305 2590 5359 ad
2619 5306 2921 5376 Augustum
2955 5307 3168 5361 culmen
3205 5315 3411 5362 evecto.

2291 5457 2674 5514 VARIORUM.

939 5559 988 5593 ι’
1028 5552 1280 5608 Valesius
1329 5553 1381 5607 in
1429 5554 1573 5608 notis
1629 5551 1695 5606 ad
1757 5551 2118 5606 Sozomenum
2178 5549 2274 5604 lib.
2324 5565 2411 5616 vt,

833 5682 835 5684 .
875 5641 989 5696 cap.
1041 5624 1442 5696 ll,_existimat
1473 5638 1594 5677 cum
1640 5619 2226 5696 Baro_nio_.__Socratem
2271 5620 2415 5696 lega-

875 5687 1070 5750 tio'nem
1142 5693 1648 5747 Macedonianorum
1729 5692 1794 5744 ad
1863 5691 2136 5745 Liberium
2211 5687 2414 5744 referre

876 5779 994 5818 cum
1035 5764 1326 5816 consulatu
1375 5767 1614 5816 secundo
1656 5759 2018 5816 Valentiniani
2061 5767 2116 5813 et
2155 5756 2419 5822 Valentis,

878 5847 1017 5888 anno
1061 5833 1165 5888 368
1199 5840 1383 5905 gesto;
1415 5833 1503 5887 hic
1563 5841 1742 5889 autem
1795 5845 1914 5888 eam
1965 5829 2020 5883 in
2069 5843 2273 5884 annum
2321 5829 2423 5883 567

2517 5551 2903 5628 conferendam
2953 5568 3094 5628 esse.
3143 5553 3246 5609 Sed
3278 5555 3577 5628 utrobique
3624 5572 3931 5628 perperam.
3988 5557 4084 5612 So-

2519 5629 2697 5676 crates
2731 5624 2876 5676 enitn
2906 5622 3072 5677 refert
3101 5626 3446 5680 consulatum
3488 5622 3641 5680 illuni
3684 5622 3985 5682 secundum
4014 5632 4083 5682 ad

2519 5705 2581 5743 ea
2613 5706 2747 5772 quae
2775 5706 2894 5760 cap.
2937 5693 2998 5748 ll
3050 5702 3263 5772 narrat,
3303 5711 3412 5772 quo
3461 5696 3705 5772 ejusdem
3733 5699 4085 5772 _co_nsulatus

2527 5763 2796 5824 meminit,
2826 5777 2932 5835 non
2955 5777 3084 5816 vero
3113 5763 3177 5835 ad
3214 5763 3534 5835 legationem
3563 5765 4081 5822 Macedonianorum

2531 5844 2692 5898 quam
2727 5833 2903 5901 capite
2933 5834 3184 5904 prasenti
3209 5833 3417 5892 narrat.
3445 5835 3628 5902 Quare
3666 5851 3789 5891 cum
3829 5835 4087 5908 Lampsa-
