4508 6588
381 442 488 498 485

1268 438 1596 495 HISTORIA
1638 440 2198 497 ECCLESIASTICA.
2241 472 2310 483 —
2360 441 2492 501 [ΑΒ.
2536 443 2617 503 ιν.

3546 458 3650 511 486

375 561 534 622 λάκις
562 557 863 629 καθῄρητο·
899 559 1154 612 Σιλϐανδιν
1188 560 1404 631 Ταρσοῦ
1428 562 1527 630 τῆς
1554 563 1827 625 Κιλικίας,
1864 564 1958 615 καὶ
1990 572 2030 624 Α
2064 560 2149 615 Μίι

1865 564 1958 615 καὶ
1990 572 2030 624 Α
2064 560 2285 616 Mittunt
2317 562 2485 634 igitur
2514 564 2863 621 Eustatltiutn
2894 567 3161 625 Sebastim
3186 572 3526 641 episcopum,
3553 575 3645 645 qui

376 651 638 721 Θεόφιλον
661 652 1033 708 Κασταϐάλων
1069 672 1079 682 ·
1109 654 1363 717 Κιλικίας
1415 654 1472 707 δὲ
1510 656 1604 708 καὶ
1646 656 1737 725 ἥδε
1769 655 1921 717 πόλις
1944 672 1957 685 ·

376 744 745 815 ἐντειλάμενοι
801 745 876 816 μὴ
932 744 1276 815 διακριθῆναι
1344 744 1481 816 πρὸς
1531 746 1781 814 Λιϐέριον
1833 747 1961 817 περὶ

376 838 633 901 πίστεως,
664 838 800 891 ἀλλὰ
832 837 1162 906 κοινωνῆσαι
1194 840 1260 907 τῇ
1299 836 1585 908 Ῥωμαίων
1630 837 1959 909 Ἐκκλησία,

375 931 474 985 καὶ
499 931 746 1002 κυρῶσαι
780 932 880 1002 τὴν
909 930 1003 984 τοῦ
1023 931 1309 1000 ὀμοουσίου
1350 930 1552 983 πίστιν.
1594 925 1752 985 Οὗτοι
1778 932 1956 1002 γράμ-

379 1041 525 1094 ματα
556 1024 663 1078 τῶν
685 1026 742 1077 ἐν
768 1023 1059 1094 Σελευκείᾳ
1081 1023 1463 1095 διακριθέντων
1491 1025 1957 1095 ἐπικομιζόμενοι,

376 1119 476 1186 τὴν
513 1116 748 1168 παλαιὰν
786 1114 1008 1186 Ῥώμην
1038 1116 1336 1170 κατέλαϐον
1356 1135 1371 1148 ·
1407 1117 1600 1188 καὶτῷ
1635 1120 1844 1189 βασιλεί
1861 1121 1958 1191 μὲν

377 1210 479 1262 οὐκ
504 1208 891 1279 ἐντυγχάνουσι
918 1226 931 1240 ο
971 1210 1101 1280 περὶ
1128 1209 1226 1274 τὰς
1268 1209 1495 1275 Γαλλίας
1518 1213 1629 1283 γὰρ
1658 1213 1955 1284 ἠσχολεῖτο,

378 1300 739 1373 Σαυρομάτας
796 1301 914 1353 ἐκεῖ
950 1300 1201 1373 πολεμῶν
1259 1303 1408 1370 (55)·
1468 1304 1705 1377 Λιϐερίῳ
1754 1307 1810 1359 δὲ
1858 1307 1959 1371 τὰς

377 1392 669 1456 ἐπιστολὰς
700 1392 1094 1463 ἐγχειρίζουσιν
1128 1411 1141 1423 ·
1179 1394 1207 1446 ὁ
1229 1393 1286 1447 δὲ
1331 1393 1530 1459 αὐτοὺς
1561 1396 1957 1468 προσδέξασθαι

377 1485 631 1556 οὐδαμῶς
656 1484 928 1539 ἐϐούλετο.
957 1485 1068 1555 Τῆς
1093 1484 1202 1556 γὰρ
1236 1486 1531 1556 ’Λρειανῶν
1570 1490 1764 1559 μοίρας
1793 1485 1955 1555 εἶναι,

378 1579 473 1632 καὶ
494 1578 569 1649 μὴ
596 1578 856 1633 δύνασθαι
876 1578 1130 1649 δεχθῆναι
1159 1578 1379 1651 ὑπὸτῆς
1395 1580 1722 1650 Ἐκκλησίας
1746 1581 1954 1650 ἔλεγεν,

379 1671 453 1735 ὡς
483 1670 582 1741 τὴν
602 1672 661 1723 ἐν
685 1670 891 1739 Νικαίᾳ
917 1669 1100 1723 πίστιν
1136 1669 1528 1741 ἀθετήσαντας.
1560 1674 1622 1725 Oi
1646 1673 1703 1725 δὲ
1733 1673 1959 1744 ἀπεκρί-

379 1780 556 1823 ναντο.
599 1764 663 1815 ἐκ
717 1762 1077 1832 μεταμελείας
1128 1763 1496 1831 ἐπεγνωκέναι
1535 1763 1633 1835 τὴν
1674 1765 1953 1835 ἀλήθειαν,

378 1855 475 1906 καὶ
507 1854 773 1925 ἡρνῆσθαι
819 1854 917 1924 μὲν
950 1853 1049 1923 ἤδη
1094 1854 1358 1924 πρότερον
1395 1852 1495 1924 τὴν
1533 1854 1642 1907 τῶν
1687 1856 1955 1926 ἀνομοίων

378 1950 583 2014 πίστιν,
617 1949 802 2018 ὅμοιόν
829 1965 888 2001 τε
913 1947 1327 2017 ὡμολογηκέναι
1359 1948 1502 2002 κατὰ
1523 1948 1701 2003 πάντα
1726 1950 1817 2002 τὸν
1833 1948 1961 2001 Υἱὸν

377 2040 455 2109 τῷ
480 2041 651 2110 Πατρί
671 2057 684 2072 ·
717 2040 883 2110 μηδέν
916 2057 975 2093 τε
1002 2040 1279 2110 διαφέρειν
1313 2040 1427 2109 (36)
1460 2041 1552 2093 τοῦ
1584 2042 1869 2110 δμοουσῐου
1893 2041 1962 2095 τὰ

376 2132 577 2202 ὅμοιον.
609 2130 794 2184 Ταῦτα
812 2129 1089 2198 λέγοντας,
1121 2129 1371 2199 Λιϐέριος
1406 2129 1679 2199 ἔγγραφον
1709 2130 1808 2200 τὴν
1828 2131 1960 2198 ὀμο-

376 2220 562 2287 λογὶαν
609 2221 710 2290 τῆς
764 2220 989 2290 γνώμης
1045 2220 1348 2290 ἀπῄτησεν.
1392 2221 1454 2273 Οἱ
1479 2220 1534 2273 δὲ
1568 2220 1716 2291 αὐτῷ
1758 2221 1961 2290 βιϐλίον

377 2314 610 2382 ὤρεξαν,
640 2315 698 2366 ὲν
716 2307 761 2379 ᾧ
782 2313 875 2365 καὶ⁹
902 2311 969 2364 τὰ
994 2314 1215 2382 ῥήματα
1244 2310 1346 2380 τῆς
1367 2311 1510 2365 κατά
1544 2312 1779 2366 Νίκαιαν
1809 2312 1961 2365 ἐκδο-

380 2402 572 2467 θείσης
606 2404 846 2465 πίστεως
875 2402 1347 2473 προσεγέγραπτο.
1367 2401 1479 2465 Τὰς
1499 2400 1601 2471 μὲν
1634 2397 1727 2455 οὖν
1747 2403 1962 2456 ἐπιστο-

376 2493 493 2558 λάς,
519 2494 584 2557 ἃς
609 2494 715 2547 ἀπὸ
735 2493 988 2564 Σμύρνης
1002 2493 1101 2563 τῆς
1119 2494 1176 2544 ἐν
1218 2491 1394 2562 Ἀσίᾳ,
1428 2492 1526 2545 καὶ
1560 2491 1669 2545 ἀπὸ
1692 2492 1959 2556 Πισιδίας,

390 2586 663 2658 Ἰσαυρίας
713 2602 772 2640 τε
828 2585 922 2638 καὶ
960 2584 1284 2655 Παμφυλίας
1309 2584 1402 2637 καὶ
1434 2584 1660 2650 Λυκίας,
1716 2585 1961 2648 συνόδους

378 2677 738 2749 ποιησάμενοι
808 2675 1071 2747 ἔγραψαν,
1131 2675 1367 2728 ἐνταῦθα
1414 2674 1503 2730 διὰ
1556 2676 1618 2729 τὸ
1678 2676 1852 2747 μῆκος
1898 2676 1959 2728 οὐ

379 2768 759 2842 προσέγραψα.
788 2768 862 2821 Τὸ
893 2769 1075 2840 μέντοι
1128 2767 1347 2837 βιϐλίον.
1376 2767 1405 2819 ὃ
1428 2767 1477 2820 οἱ
1504 2767 1635 2839 περὶ
1666 2768 1961 2822 Εὑστάθιον

380 2862 638 2933 πρέσϐεις
664 2861 902 2934 Λιϐερίῳ
941 2862 1221 2925 ἐπέδοσαν,
1253 2862 1367 2914 ἐστι
1390 2860 1507 2914 τόδε
1529 2876 1543 2891 ·

379 3128 574 3197 Κυρίῳ
601 3126 841 3196 ἀδελφῷ
868 3127 962 3181 καὶ
990 3126 1437 3195 συλλειτουργῷ
1466 3129 1709 3195 Λιϐερίῳ
1733 3128 1961 3182 Bitoni-

476 3202 624 3264 θιος.
654 3199 966 3265 Θεόφιλος,
990 3199 1282 3263 Σιλϐανὸς
1308 3199 1378 3250 ἐν
1398 3200 1589 3266 Κυρίῳ
1614 3200 1861 3268 χαίρειν.

2064 654 2359 726 22413ω
2388 657 2590 726 saepius
2620 658 2905 728 depositus
2937 663 3134 728 fuerat,
3170 662 3453 718 Silvanum
3489 665 3644 722 Tarsi

2066 748 2302 812 Ciliciae,
2345 757 2400 803 et
2440 749 2808 820 Theophilum
2845 751 3285 821 Castabalorum,
3332 771 3452 825 qua:
3482 758 3646 810 etiam

2066 838 2276 893 Ciliciae
2301 841 2433 896 urbs
2459 851 2543 897 est
2577 861 2589 897 :
2616 844 2990 915 mandantque
3014 862 3082 901 ne
3110 847 3163 901 in
3194 846 3300 902 ﬁde
3321 847 3645 903 dissentiant

2066 945 2095 983 a
2144 929 2385 997 Liberio,
2423 934 2519 988 sed
2568 950 2693 987 cum
2727 933 2975 991 Ecclesia
3013 936 3261 992 Romana
3301 943 3620 994 communio

2064 1038 2187 1076 nem
2234 1024 2449 1090 ineant,
2497 1026 2773 1096 ﬁdemque
2822 1031 3317 1088 consubstantialis
3371 1049 3644 1089 consensu

2061 1126 2163 1166 suo
2215 1116 2565 1170 conﬁrment.
2621 1115 2686 1170 lli
2730 1132 2862 1186 ergo
2907 1136 3031 1173 cum
3078 1121 3275 1177 litteris
3307 1138 3495 1177 eorum
3547 1126 3641 1194 qui

2060 1205 2325 1261 Seleucia:
2370 1208 2438 1261 ab
2493 1209 2696 1262 Acacio
2753 1209 3154 1273 dissenserant,
3199 1212 3425 1268 Romam
3482 1232 3645 1271 vene-

2060 1306 2209 1352 runt.
2237 1298 2302 1353 Et
2341 1299 2728 1369 imperatorem
2762 1301 2981 1370 quidem
3018 1303 3196 1372 ipsum
3234 1305 3383 1361 adire
3420 1309 3499 1363 eis
3530 1326 3640 1364 non

2059 1390 2240 1455 licuit,
2281 1392 2483 1463 quippe
2515 1392 2608 1462 qui
2641 1392 2785 1450 bello
2808 1404 2998 1448 contra
3030 1394 3317 1453 Sarmatas
3357 1401 3643 1458 districtus

2057 1483 2114 1537 in
2159 1482 2354 1539 Galliis
2413 1492 2713 1540 teneretur.
2774 1485 2995 1543 Libet-io
3067 1505 3198 1544 vero
3250 1490 3461 1545 litteras
3515 1508 3642 1548 suas

2058 1583 2447 1647 porrexerunt.
2494 1575 2589 1630 llle
2619 1577 2777 1630 initio
2810 1577 3028 1645 quidem
3076 1593 3171 1634 eos
3219 1579 3510 1636 admittere
3558 1597 3620 1637 re

2057 1666 2293 1722 cusabat
2329 1709 2343 1733 ,
2406 1667 2731 1720 Arianarum
2785 1669 3017 1737 partium
3071 1670 3191 1724 illos
3249 1688 3371 1725 esse
3418 1674 3642 1740 dicens,

2062 1774 2167 1812 nec
2194 1758 2264 1813 ab
2289 1757 2536 1812 Ecclesia
2560 1760 2768 1827 suscipi
2810 1775 2992 1827 posse,
3025 1770 3213 1831 utpote
3239 1763 3330 1832 qui
3366 1762 3642 1819 Nicmnam

2062 1852 2221 1903 litletn
2260 1850 2641 1917 abrogasseut.
2681 1852 2751 1902 At
2782 1850 2855 1902 illi
2899 1866 2956 1904 se
2997 1852 3200 1904 dudum
3236 1857 3559 1921 resipuisse,
3589 1864 3641 1910 et

2065 1939 2352 1993 veritatem
2376 1941 2666 2008 agnovisse
2692 1942 3094 2009 responderunt
3125 1963 3136 1997 :
3171 1952 3225 1997 et
3250 1945 3641 2000 Anomteorutn

2064 2030 2280 2098 quidem
2306 2030 2611 2084 doctrinam
2636 2032 2883 2099 ejurasse
2904 2033 3229 2103 jampridem
3252 2053 3265 2095 :
3291 2035 3486 2090 Filium
3512 2054 3641 2092 vero

2066 2119 2209 2173 Patri
2248 2136 2343 2190 pt'r
2390 2123 2572 2173 omnia
2602 2121 2833 2175 similem
2871 2122 3156 2181 confessos
3194 2142 3338 2191 esse,
3374 2143 3472 2182 nec
3506 2130 3642 2182 ulla-

2061 2222 2219 2266 tenus
2248 2210 2470 2267 diﬂcrre
2506 2213 3030 2269 consubstantialem
3074 2231 3103 2268 a
3134 2216 3319 2271 simili.
3352 2219 3484 2284 Qua:
3512 2236 3638 2274 cum

2028 2326 2035 2386 η,
2058 2303 2344 2361 dixissent.
2368 2304 2655 2357 sententia:
2680 2320 2793 2357 sure
2814 2304 3214 2373 professionem
3243 2313 3450 2379 scripto
3476 2329 3630 2366 com-

2018 2446 2023 2449 ,
2061 2396 2390 2466 prebensam
2439 2394 2692 2452 Liberius
2736 2397 2805 2451 ab
2844 2398 2911 2453 iis
2944 2401 3146 2468 exegit.
3202 2398 3281 2453 llli
3315 2418 3445 2468 ergo
3478 2404 3638 2458 libel-

2063 2489 2173 2542 lum
2222 2488 2270 2541 ei
2309 2489 2649 2553 obtulerunt,
2704 2488 2757 2542 in
2808 2506 2918 2560 quo
2948 2492 3115 2545 verba
3166 2495 3330 2547 etiam
3368 2495 3491 2549 ﬁdei
3547 2496 3640 2551 Ni-

2063 2594 2226 2634 caeum
2252 2587 2411 2634 erant
2440 2583 2703 2650 ascripta.
2751 2580 2811 2633 Et
2839 2582 3103 2651 epistolas
3138 2584 3358 2654 quidem
3397 2589 3638 2658 scriptas

2066 2681 2180 2723 tuan
2218 2672 2286 2724 ab
2327 2671 2460 2725 urbe
2503 2671 2739 2744 Smyrna
2786 2674 2839 2727 in
2872 2673 3020 2738 Asia,
3055 2684 3170 2729 tttnt
3199 2696 3264 2731 ex
3296 2678 3636 2752 Pamphylia,

2062 2759 2294 2823 Isauria,
2337 2777 2398 2814 ac
2442 2760 2623 2831 Lycia,
2667 2762 2759 2815 ubi
2809 2764 3043 2818 concilia
3086 2766 3512 2831 celrbraverant,
3549 2772 3639 2823 hic

2062 2867 2335 2921 apponere
2355 2854 2641 2909 brevitatis
2664 2854 2843 2909 studio
2868 2859 3212 2926 prtetermisi.
3239 2858 3481 2914 Libellus
3507 2878 3638 2917 vero

2060 2960 2221 3012 quem
2264 2947 2425 3018 legati
2464 2962 2569 2998 una
2612 2961 2737 3001 cum
2769 2948 3059 3003 Eustathio
3088 2951 3241 3006 missi
3278 2952 3495 3009 Libet-io
3523 2965 3637 3009 tra-

2057 3036 2333 3093 etderuut.
2366 3039 2436 3090 ita
2468 3055 2527 3093 se
2551 3039 2748 3094 habet:

2062 3126 2284 3179 Domino
2330 3127 2491 3194 fratri
2530 3139 2579 3181 et
2615 3130 2982 3182 commimsl'o.
3022 3130 3247 3186 Liberio.
3284 3132 3596 3187 Eustathius
3620 3174 3633 3193 .

2296 3198 2611 3266 Theophilus
2646 3211 2695 3253 et
2720 3200 2968 3254 Silvanus
3004 3202 3057 3255 in
3078 3200 3306 3254 Domtuo
3334 3200 3394 3255 δ.

451 3290 549 3343 Διὰ
577 3289 677 3352 τὰς
704 3291 813 3343 τῶν
851 3289 1143 3359 αἱρετικῶν
1190 3288 1476 3360 μανιώδεις
1509 3290 1778 3354 ὑπονοίας,
1816 3294 1865 3346 οἳ
1895 3294 1955 3346 οὐ
1984 3315 2025 3371 c
2130 3283 2231 3339 Pro

1857 3294 1865 3346 Ξ
1895 3294 1955 3346 οὐ
1984 3315 2025 3371 c
2130 3283 2359 3357 Propter
2388 3292 2612 3344 insanas
2641 3288 3024 3343 hazreticorum
3053 3290 3364 3357 opiniones,
3404 3288 3498 3356 qui
3533 3287 3637 3340 Ee-

381 3381 642 3434 παύονται
660 3383 779 3443 ταῖς
798 3380 1476 3450 ΚαθολικαῖςἘκκλησίαις
1500 3382 1768 3437 σκάνδαλα
1785 3387 1971 3456 ἐπιφέ-

382 3489 586 3544 ροντες,
625 3471 817 3525 τούτου
864 3472 1023 3543 χάριν
1070 3473 1249 3524 πᾶσαν
1305 3472 1562 3543 ἀφορμὴν
1588 3474 1767 3527 αὐτῶν
1809 3478 1965 3530 ἀναι-

2067 3378 2245 3433 t-lesia:
2281 3380 2562 3434 catltoiica:
2603 3379 2921 3435 offensionis
2974 3394 3201 3431 causam
3252 3377 3494 3446 praebere
3527 3390 3640 3429 non

2063 3479 2304 3526 cessant.
2368 3486 2470 3525 nos
2532 3486 2750 3526 omnem
2817 3471 2930 3526 illis
2998 3471 3343 3525 occasionem
3402 3470 3642 3523 adimere

381 3563 625 3634 ροῦντες,
647 3565 1018 3635 ὁμολογοῦμεν
1068 3565 1166 3635 τὴν
1201 3565 1415 3618 σύνοδον
1452 3565 1550 3636 τὴν
1589 3568 1884 3637 γενομένην
1908 3571 1965 3624 ὲν
2064 3581 2161 3636 cup

1858 3571 1965 3624 νὲν
2064 3567 2389 3636 cupientes,
2441 3566 2765 3638 proﬁtemur
2827 3575 2881 3622 et
2928 3580 3309 3621 asseveramus
3369 3563 3638 3634 synodum

380 3657 668 3729 Λαμψάκῳ
699 3659 793 3711 καὶ
838 3660 894 3711 ἐν
938 3659 1180 3731 Σμύρνῃ,
1234 3657 1328 3712 καὶ
1357 3658 1415 3711 ὲν
1457 3659 1662 3731 ἑτέροις
1686 3660 1965 3733 διαφόροις
2061 3659 2160 3712 ortl

1861 3678 1965 3728 οοις
2061 3658 2492 3715 ortltodoxorum
2567 3661 2953 3731 episcoporum
3039 3673 3161 3727 qua:
3232 3654 3516 3727 Lamysaci
3588 3663 3641 3709 et

376 3749 562 3813 τόποις
594 3749 702 3803 τῶν
735 3749 1029 3820 ὁρθοδόξων
1058 3750 1373 3804 ἐπισκόπων
1398 3769 1412 3781 ·
1465 3747 1533 3824 ἧς
1569 3751 1784 3807 συνόδου
1821 3772 1954 3826 πρε-

380 3839 565 3894 σϐείαν
588 3840 902 3912 ποιούμενοι
926 3842 1056 3913 (37),
1090 3841 1224 3914 πρὸς
1256 3843 1354 3910 τὴν
1384 3844 1726 3916 χρηστότητά
1743 3863 1837 3900 σου
1862 3847 1957 3902 καὶ

2063 3750 2348 3823 Smyrnae,
2416 3751 2653 3822 aliisque
2714 3752 2771 3806 in
2842 3752 2977 3805 locis
3029 3749 3217 3803 habita
3283 3757 3417 3812 est;
3478 3747 3640 3816 cujus

2063 3843 2259 3914 synodi
2307 3844 2630 3913 legationem
2664 3843 2951 3908 obeuntes,
3004 3850 3118 3896 tum
3158 3840 3227 3895 ad
3281 3848 3431 3895 tuam
3485 3839 3640 3894 beni-

1546 3974 1820 4031 VALESII
1892 3976 2338 4035 ANNOTATION
2347 3978 2450 4035 ES.

448 4071 561 4141 ('55)
602 4074 987 4139 Σαυροματας
1008 4070 1139 4123 ἐκεῖ
1160 4069 1459 4141 πολεμῶν.
1513 4072 1846 4130 Alamannos
1873 4074 1955 4128 di-

378 4158 505 4198 cere
543 4140 940 4222 dehuitpotius
981 4156 1140 4222 quam
1173 4140 1475 4222 Sarmatas.
1512 4143 1793 4222 Hoc‘eujm
1820 4154 1957 4198 tem-

380 4228 511 4281 pore
543 4209 975 4284 _Val_entiniattus
1003 4218 1207 4284 ⁸(ξοιιιι-ιι
1232 4212 1586 4284 _Al_amannos
1625 4214 1822 4268 bellttm
1862 4230 1956 4284 ge-

380 4280 506 4338 rens
542 4281 594 4335 in
611 4280 821 4353 ‘Galliis
846 4280 1183 4353 morabatur.
1227 4280 1342 4353 Sub
1373 4281 1531 4338 ﬁnem
1564 4291 1744 4337 autem
1782 4280 1953 4353 impe-

503 4360 563 4434 ιιι
604 4351 876 4407 Sarmatis
925 4351 1125 4407 bellum
1170 4352 1418 4417 inferret,
1447 4353 1733 4423 profectus
1772 4351 1952 4410 est'in

443 4438 674 4477 vrtcutn.

423 4424 674 4477 lvricum.

442 4440 807 4564 {gguwfrjdér
832 4509 897 4546 τε
939 4490 1261 4564 διαφέρειν.
1305 4490 1460 4564 Lego
1484 4493 1652 4563 μηδὲν
1688 4492 1745 4546 δὲ
1774 4492 1952 4563 διαφέ-

414 4559 513 4623 etv,
544 4559 697 4634 'etc..
734 4571 795 4634 ut
848 4563 1178 4632 respondeat
1224 4564 1271 4617 ei
1318 4559 1812 4634 quod'praacessit,
1856 4559 1951 4618 καὶ

415 4631 796 4708 evigilata“.
832 4645 935 4708 919.-

450 4699 561 4775 (57)
604 4699 710 4769 'H};
746 4701 1014 4775 συνόδου
1042 4702 1366 4775 πρεσϐείαν
1388 4704 1748 4772 ποιούμενοι.
1789 4702 1951 4759 Notet

378 4773 485 4830 hoc
520 4773 642 4831 leco
692 4774 975 4828 studiosus
1018 4778 1210 4839 lector,
1248 4773 1618 4836 Eustatbituu,
1668 4776 1947 4829 Silvanum

378 4861 443 4901 ac
468 4843 851 4914 Theophilum,
889 4850 1175 4913 postquam
1219 4844 1287 4898 de
1324 4843 1568 4911 pluribus
1603 4844 1829 4914 synodis
1871 4846 1951 4898 lo-

2059 4093 2210 4147 μενοι
2240 4075 2476 4147 γράμμα
2503 4073 3045 4147 κομίζομενεϐηιιειι
3090 4088 3190 4128 cur
3231 4072 3304 4128 ita
3342 4072 3639 4147 loquantur

2059 4144 2172 4217 haec
2204 4144 2310 4209 est,
2346 4144 2492 4216 quod
2527 4144 2770 4217 synodos
2820 4145 3178 4217 Srnyrnensis
3210 4152 3265 4198 et
3293 4144 3517 4217 reliqua:
3543 4160 3641 4214 per

2054 4214 2322 4271 Pisidiam
2367 4213 2422 4271 et
2475 4213 2764 4279 Isauriam,
2818 4213 3192 4286 Pamphyliam
3241 4222 3295 4269 et
3332 4213 3557 4286 Lyciam
3606 4230 3637 4268 a

2058 4286 2469 4342 Macedoniauis
2505 4287 2814 4348 celebratae,
2844 4286 2912 4338 ad
2945 4285 3252 4355 exemplum
3282 4299 3347 4338 ac
3375 4285 3638 4355 similitu-

2056 4358 2238 4411 dinem
2294 4358 2484 4427 synodi
2544 4356 2933 4422 Lampsacente
2987 4353 3305 4425 compositae
3364 4353 3633 4427 fuerant,

2058 4428 2289 4498 ejusque
2327 4425 2494 4481 ﬁdem
2527 4442 2589 4480 ac
2621 4429 2952 4498 doctrinam,
2990 4438 3250 4498 tanquam
3290 4425 3636 4498 primitivum

2057 4494 2338 4568 exeniplar
2395 4506 2801 4566 expresserant.
2851 4494 3236 4568 Quamobrem
3270 4510 3474 4568 omnes
3514 4495 3639 4549 ista:

2056 4564 2249 4639 synodi
2287 4584 2383 4637 pro
2414 4564 2521 4621 una
2559 4569 2770 4639 synodo
2816 4577 3115 4620 sumuntur
3146 4581 3191 4639 _a
3225 4564 3637 4639 legatisMace-

2056 4635 2420 4692 donlano‘rum
2453 4657 2466 4692 :
2495 4648 2549 4693 et
2591 4635 2943 4708 'singularutn
2985 4636 3321 4708 synodorum
3364 4635 3633 4708 epistola),

2057 4723 2194 4776 quas
2231 4710 2300 4778 ab
2342 4709 2534 4763 iisdem
2574 4706 2765 4778 legatis
2809 4706 3045 4776 perlatas
3087 4721 3212 4761 esse
3271 4706 3435 4775 paulo
3473 4714 3633 4778 antea

2056 4779 2245 4833 retulit
2279 4776 2555 4840 Socrates,
2585 4776 2685 4847 pro
2723 4792 2828 4832 una
2854 4778 3153 4846 eademque
3188 4783 3480 4847 sumuntur
3514 4776 3632 4845 epi-

2056 4849 2219 4911 stola,
2249 4864 2315 4903 eo
2345 4849 2488 4917 quod
2526 4846 2771 4902 eamdem
2814 4848 2936 4901 lidei
2969 4847 3274 4901 doctrinam
3303 4846 3633 4917 complecto-

377 4917 489 4971 cuti
525 4909 674 4986 suu't,
709 4913 777 4986 de
818 4909 1474 4986 La'utpsacenavidelicet
1497 4930 1558 4967 ac
1604 4909 1946 4986 Smyrnensi,
1980 4909 2028 4967 D
2056 4909 2263 4973 rentur.
2311 4909 2437 4973 Haec
2466 4919 2609 4973 ideo
2651 4918 2856 4979 notavi,
2889 4918 3032 4986 quod
3072 4919 3125 4970 in
3173 4909 3448 4971 versione'
3472 4916 3633 4968 Chri-

375 4986 609 5056 aliisque
640 4985 694 5037 iu
725 4982 909 5054 Lycia,

376 5055 692 5116 celebratis,
747 5067 893 5108 nunc
937 5060 1119 5107 tamen
1163 5055 1356 5124 dicere
1384 5070 1443 5109 se
1476 5057 1545 5108 ab
1594 5072 1699 5110 una
1737 5059 1947 5124 synodo

375 5126 586 5197 legatos
612 5124 853 5197 venisse,
885 5131 941 5177 et
970 5124 1135 5197 uni_us
1168 5123 1364 5197 synodi
1394 5126 1681 5197 epistolam
1708 5123 1944 5197 deferre.

377 5188 472 5252 Sic
502 5197 648 5253 enim
688 5196 1009 5265 loquuntur,
1053 5188 1122 5266 ἦς
1172 5188 1390 5248 συνόδου
1428 5188 1733 5265 πρεσϐείαν
1762 5195 1946 5248 ποιοῦ·

985 4984 1281 5053 ampltylia,
1313 4982 1517 5038 Pisidia
1546 4982 1716 5054 atque
1741 4984 1945 5040 Isauria

2053 4989 2406 5057 stopborsoni
2436 4998 2635 5043 cuncta
2665 4988 2892 5043 confusa
2925 4996 3055 5042 sunt
3088 4995 3252 5056 atque
3276 4986 3629 5055 interpolata.

2056 5056 2243 5139 Longe
2274 5061 2471 5114 melius
2500 5059 2842 5131 Epiphanius
2873 5056 3255 5113 Scltolasticns
3282 5058 3426 5111 hunc
3448 5057 3632 5111 locum

2055 5138 2451 5200 interpretatus
2484 5139 2588 5185 est.

1791 5307 2180 5367 VARIORUM.

375 5422 510 5462 cena
544 5405 800 5477 synodus
857 5420 1002 5459 anno
1056 5402 1163 5459 564
1211 5403 1484 5477 celebrata
1537 5403 1729 5477 fuerit,
1778 5406 1941 5477 legati

376 5474 892 5532 Macedonianorum
918 5476 1059 5529 ultra
1087 5490 1292 5529 annum
1316 5474 1422 5529 565
1460 5476 1567 5531 iter
1587 5476 1810 5531 differre
1833 5474 1943 5531 non

2054 5409 2278 5463 nianum
2314 5408 2417 5462 hoc
2449 5422 2596 5462 anno
2633 5423 2697 5463 ex
2738 5405 2891 5461 Italia
2918 5421 3075 5475 prope
3108 5402 3382 5458 Kalendas
3406 5402 3634 5458 Novem-

2055 5477 2172 5533 bres
2228 5477 2472 5532 Parisios
2527 5478 2765 5541 venisse,
2813 5493 2922 5548 quo
2976 5492 3168 5548 auno,_
3207 5484 3274 5548 ut
3320 5476 3633 5548 etaluobus

374 5557 705 5619 potuerunt,
728 5547 976 5619 ideoque
1016 5545 1458 5619 existima_ndum_
1493 5561 1591 5601 eos
1635 5547 1740 5602 sub
1776 5548 1943 5615 hujus
2051 5551 2540 5619 consequentibus,
2576 5544 2853 5603 exercitus
2897 5562 3129 5617 magnus
3158 5546 3209 5599 itt
3228 5544 3429 5619 Galliis
3460 5560 3605 5615 oppo

374 5614 500 5672 anni
532 5617 690 5672 ﬁnem
724 5618 779 5672 in
813 5614 1019 5670 Ita—liam
1056 5616 1390 5686 peryenisse.
1426 5614 1764 5686 Sozomenus
1795 5614 1940 5672 enim
2052 5620 2191 5673 situs
2238 5614 2360 5675 erat
2412 5620 2680 5674 adversus
2737 5614 3068 5672 Alamannos
3132 5616 3473 5686 potissimum
3499 5655 3514 5677 ,
3540 5614 3545 5615 “
3574 5623 3634 5667 ιιι

373 5690 468 5743 lli.
507 5704 585 5753 νι,
618 5702 737 5757 cap.
783 5690 865 5751 l0,
910 5684 1084 5754 inquit
1112 5701 1126 5739 :
1154 5684 1331 5757 (ἐθρηιὶ
1370 5702 1488 5739 cum
1522 5688 1575 5739 in
1611 5685 1829 5740 Italiam
1864 5704 1942 5743 re-

373 5761 595 5819 nissent,
636 5754 1006 5826 imperatorem
1049 5758 1103 5810 in
1153 5754 1343 5810 Galliis
1388 5758 1587 5811 morari
1630 5758 1950 5824 didicerunt,

2050 5699 2237 5743 narrat
2271 5690 2430 5744 initio
2457 5690 2581 5744 libri
2614 5705 2784 5744 nm.

2816 5688 3000 5753 Quare
3031 5688 3301 5742 adventus
3330 5686 3630 5754 legatorum

2054 5760 2571 5815 Macedonianorum
2603 5761 2670 5813 ab
2699 5775 2845 5813 anno
2872 5754 2978 5813 565
3001 5757 3365 5813 removendus
3394 5771 3504 5811 non
3522 5763 3629 5812 est.

373 5830 565 5904 bellum
590 5840 846 5904 gerentem
868 5845 986 5904 eain
1010 5828 1251 5881 barbaris
1274 5844 1364 5904 ea!
1386 5828 1760 5904 accolentibus.
1792 5828 1951 5904 Parte
2053 5834 2202 5903 (Aut.
2234 5830 2387 5904 Pagi,
2426 5832 2493 5887 ad
2521 5846 2642 5888 eum
2677 5844 2902 5897 annum,
2934 5846 2990 5883 ιι.
3023 5828 3100 5896 5.)

376 5902 481 5956 alia
512 5897 857 5969 Ammianus,
883 5898 975 5954 lib.
1014 5913 1163 5964 xx",
1186 5913 1305 5969 cap.
1334 5897 1388 5965 5,
1419 5898 1680 5965 al‘lirutat,
1711 5899 1954 5955 Valenti-
