4508 6588
818 472 920 523 48ῖ

2281 461 2619 518 SOCRATIS

3954 457 4062 513 488

815 592 1114 658 gnitatem,
1171 595 1285 640 tum
1338 585 1403 639 ad
1453 584 1743 639 universos
1795 581 1963 636 Italiae
2010 593 2064 636 ct
2111 580 2381 636 Occiden-
2415 594 2456 647 Α
2487 583 2593 634 πάν

2283 598 2381 636 cn-
2415 594 2456 647 Α
2487 583 2693 642 πάντας
2735 583 2860 642 τοὺς
2905 568 3146 641 Ἰταλούς
3193 597 3244 632 τε
3297 580 3387 631 καί⁹
3421 580 3682 641 Δυτικούς
3733 581 4061 642 ἐπισκόπους

825 678 897 731 tis
930 676 1093 744 225
1127 675 1418 745 episcopos
1463 674 1676 727 litteras
1710 670 2015 736 allerimus,
2059 671 2385 724 catholicam

819 766 981 820 tidem
1010 775 1197 821 tenere
1227 773 1282 820 et
1306 765 1613 829 custodire,
1646 778 1770 833 quae
1801 764 1858 817 in
1885 770 2239 818 sacrosancta
2262 777 2386 833 syn-

814 858 922 912 odo
977 856 1242 920 Nicena,
1297 856 1642 926 temporibus
1693 856 1867 910 beatae
1916 854 2195 908 memoria:
2246 853 2387 906 (lon-

816 950 1086 1015 stantini,
1122 966 1151 1003 a
1187 949 1455 1004 trecentis
1484 949 1673 1002 decem
1707 955 1759 1000 et
1781 955 1906 1001 octo
1937 947 2210 1016 episcopis
2237 960 2387 998 com-

818 1042 1046 1111 probata
1068 1083 1083 1103 ,
1121 1041 1394 1095 hactenus
1429 1040 1642 1109 integra
1672 1047 1727 1092 et
1757 1039 2085 1092 inconcussa
2126 1044 2388 1105 perpetuo

818 1133 1157 1203 permansit:
1191 1133 1243 1186 in
1275 1146 1381 1201 qua
1411 1130 1903 1186 consubstantialis
1935 1129 2257 1183 vocabulum
2292 1129 2386 1182 ad-

817 1239 1014 1278 versus
1047 1239 1270 1293 pravam
1304 1223 1415 1276 Arii
1447 1222 1757 1276 doctrinam
1796 1220 1882 1290 pie
1912 1227 2208 1288 sancteque
2242 1218 2385 1288 posi-

820 1323 934 1367 tum
986 1323 1111 1380 est;
1160 1314 1412 1367 similiter
1461 1319 1516 1366 et
1565 1327 1664 1366 nos
1715 1325 1820 1364 una
1868 1325 1994 1364 cum
2051 1309 2385 1379 supradictis

818 1405 1064 1458 eamdem
1123 1405 1280 1458 ﬁdem
1332 1404 1580 1456 tenuisse
1621 1417 1685 1455 ac
1732 1411 1952 1465 tenere,
2001 1411 2056 1457 et
2101 1417 2276 1471 usque
2318 1402 2384 1454 ad

817 1501 1122 1548 extremum
1171 1494 1427 1562 spiritum
1479 1501 1799 1547 servaturos
1845 1507 2006 1556 esse,
2062 1492 2170 1561 ipsi
2219 1506 2385 1545 manu

822 1593 1012 1638 nostra
1045 1585 1404 1652 proﬁtemur;
1442 1584 1631 1636 Arium
1662 1591 1717 1636 et
1754 1581 1976 1650 impiam
2016 1581 2139 1650 ejus
2177 1581 2386 1635 doctri-

819 1690 944 1727 nam
991 1691 1095 1728 una
1135 1690 1256 1728 cum
1298 1675 1590 1742 discipulis
1625 1673 1775 1728 illius
1807 1681 1862 1726 et
1897 1673 2089 1728 eadem
2131 1688 2256 1726 cum
2290 1673 2386 1726 illo

818 1766 1186 1820 sentientibus
1210 1766 1673 1832 condemnantcs;
1695 1779 1912 1818 omnem
1937 1773 2196 1832 praeterea
2218 1765 2386 1818 luere-

819 1859 921 1910 sim
961 1853 1181 1910 Sabellii
1206 1896 1220 1917 ,
1256 1855 1718 1926 Patropassianos
1740 1895 1756 1921 ,
1790 1854 2202 1916 Marcionistas,
2243 1852 2384 1907 Pho-

2494 673 2728 743 γράμμα
2787 668 3108 741 κομίζομεν,
3151 673 3247 740 τὴν
3280 670 3583 739 Καθολικὴν
3625 669 3804 723 πίστιν
3841 672 4061 740 κρατεῖν

2494 763 2588 814 καὶ
2623 762 2928 829 φυλάττειν,
2953 761 3075 829 ἥτις
3119 763 3174 812 ἐν
3220 764 3284 830 τῇ
3315 761 3444 830 ἁγία
3470 760 3718 814 Νικαέων
3744 763 3947 833 συνόδῳ
3972 764 4062 814 ἐπὶ

2493 853 2586 904 τοῦ
2633 852 2903 921 μακαρίου
2944 853 3386 912 Κωνσταντίνου,
3434 853 3537 905 ὐπὸ
3570 855 3896 922 τριακοσίων
3933 854 4064 907 δέκα

2494 945 2588 996 καὶ
2613 942 2754 995 ὀκτὼ
2776 943 3087 995 ἐπισκόπων
3128 943 3502 1012 βεϐαιωθεῖσα,
3549 945 3646 996 ἀκε
3658 945 3783 1015 ραίᾳ
3810 947 3903 998 καὶ
3925 948 4062 999 ἀσα-

2491 1034 2663 1104 λεύτῳ
2707 1036 3037 1089 καταστάσει
3085 1034 3191 1098 ἕως
3228 1035 3323 1088 νῦν
3352 1036 3444 1088 καὶ
3471 1037 3732 1106 διηνεκῶς
3782 1037 4059 1108 διαμένει·

2492 1129 2549 1178 ἐν
2633 1126 2692 1177 τὸ
2716 1127 2998 1196 ὁμοούσιον
3027 1127 3203 1194 ἁγίως
3227 1126 3318 1180 καὶ
3351 1127 3591 1192 εὐσεϐῶς
3623 1133 3796 1182 κεῖται
3829 1131 4062 1184 ὑπεναν-

2490 1219 2619 1279 τίως
2648 1220 2745 1287 τῆς
2781 1219 2988 1289 ’Λρείου
3019 1219 3380 1288 διαστροφῆς·
3410 1221 3609 1290 ὁμοίως
3637 1223 3730 1275 καὶ
3774 1225 3920 1292 ἡμᾶς
3972 1225 4067 1278 καὶ

2489 1308 2557 1359 τὰ
2585 1307 2691 1360 τῶν
2719 1309 3127 1379 προειρημένων
3163 1308 3272 1377 (58)
3320 1309 3417 1379 τὴν
3448 1310 3613 1380 αὐτὴν
3655 1312 3835 1363 πίστιν
3865 1329 4066 1381 κεκρα-

2489 1399 2736 1468 τηκέναι,
2763 1401 2855 1452 καὶ
2884 1403 3124 1470 κρατεῖν,
3158 1402 3251 1453 καὶ
3273 1401 3398 1473 ἄχρι
3421 1403 3604 1466 τέλους
3623 1404 3936 1471 φυλάσσειν,
3962 1406 4067 1475 ἰδία

2491 1491 2635 1558 χειρὶ
2666 1489 3053 1560 ὁμολογοῦμεν.
3098 1494 3514 1563 κατακρίνοντες
3549 1495 3783 1563 Ἄρειον,
3818 1499 3908 1547 καὶ
3966 1498 4068 1566 τὴν

2491 1577 2660 1645 ἀσεϐῆ
2697 1577 2912 1648 διδαχὴν
2953 1579 3141 1641 αὐτοῦ,
3185 1583 3280 1634 σὺν
3328 1583 3438 1643 τοῖς
3472 1583 3736 1653 μαθηταῖς
3770 1584 3953 1644 αὐτοῦ,
3975 1588 4068 1639 καὶ

2491 1667 2614 1728 τοὺς
2644 1669 2946 1736 ὁμόφρονας
2985 1670 3170 1730 αὐτοῦ,
3201 1671 3292 1723 καὶ
3315 1672 3493 1724 πᾶσαν
3524 1674 3733 1741 αἳρεσιν
3755 1675 4062 1736 Σα6ε>.).ίου,

2491 1758 3004 1824 Πατροπασσιανοὺς
3044 1763 3188 1827 (59),
3239 1763 3692 1832 Μαρκιωνιστάς,
3739 1767 4063 1829 ιῐνωτιανοὶις,

2491 1849 2952 1917 Ηαρκελλιανοὺς,
2970 1855 3063 1905 καὶ
3083 1853 3291 1906 Παύλου
3310 1854 3402 1907 τοῦ
3425 1856 3802 1925 Σαμοτατέως,
3829 1859 3922 1912 καὶ
3941 1859 4066 1912 τού·

819 1947 1058 2001 tinianos
1078 1987 1093 2011 ,
1119 1947 1499 2002 Marcellianos
1521 1987 1535 2010 ,
1565 1946 1718 2001 Pauli
1745 1947 1982 2016 denique
2007 1944 2350 2000 Samosateni
2371 1989 2384 2009 ,
2423 1957 2460 2008 Β
2489 1956 2595 1992 των

2287 1946 2350 1997 mi
2371 1989 2384 2009 ,
2423 1957 2460 2008 Β
2489 1956 2595 1992 των
2615 1941 2712 2011 τὴν
2725 1940 2942 2012 διδαχὴν
2959 1945 3051 1997 καὶ
3073 1944 3278 2008 πάντας
3293 1945 3418 2009 τοὺς
3433 1947 3735 2017 ὁμόφρονας
3754 1950 3953 2010 αὐτῶν,
3974 1951 4067 2003 καὶ

820 2040 1012 2092 horum
1053 2041 1299 2092 omnium
1339 2040 1689 2106 doctrinam,
1727 2047 1783 2093 et
1824 2047 2055 2093 cunctos
2093 2038 2186 2108 qui
2242 2038 2382 2092 idem

821 2147 942 2184 cum
973 2132 1082 2185 illis
1113 2133 1395 2196 sentiunt,
1429 2146 1624 2186 omnes
1655 2130 1892 2200 denique
1922 2130 2161 2184 haereses
2193 2129 2385 2183 adver-

821 2225 1008 2271 santes
1035 2227 1242 2272 sancta:
1275 2218 1400 2272 ﬁdei
1435 2219 1796 2288 supradictae,
1834 2235 1956 2290 qua:
1987 2220 2076 2289 pie
2102 2228 2156 2274 et
2192 2220 2379 2273 catho-

823 2309 923 2362 lice
963 2323 992 2360 a
1031 2312 1241 2363 sanctis
1293 2311 1548 2364 l’atribus
1591 2309 1783 2365 Nicaeae
1829 2313 2079 2381 exposita
2120 2319 2222 2366 est.
2282 2309 2385 2364 Sed

823 2401 1098 2469 pratcipne
1136 2401 1486 2455 anathemate
1524 2403 1852 2456 danmautcs
1893 2402 2050 2455 iidem
2091 2403 2238 2456 illam
2269 2419 2389 2472 quie

824 2492 879 2544 in
917 2491 1254 2546 Ariminensi
1287 2493 1499 2562 synodo
1533 2492 1762 2545 recitata
1793 2500 1874 2547 est
1895 2535 1910 2557 ,
1949 2500 2144 2562 utpote
2173 2501 2392 2546 eontra-

825 2583 962 2636 riam
1008 2583 1340 2652 supradictae
1378 2583 1503 2637 lidei
1547 2585 1722 2639 sancti
1763 2585 1986 2637 concilii
2029 2585 2081 2636 in
2129 2585 2263 2638 urbe
2299 2582 2392 2636 Ni-

825 2689 974 2728 ezena
1008 2675 1308 2729 celebrati:
1345 2675 1438 2729 cui
1475 2689 1542 2729 ex
1586 2676 1788 2745 oppido
1838 2674 2086 2730 Thracia:
2127 2674 2258 2730 Nico
2313 2677 2392 2728 al-

827 2769 986 2831 lata:,
1021 2767 1149 2822 dolo
1184 2782 1246 2820 ac
1280 2766 1526 2836 perjurio
1561 2767 1923 2820 circumventi
1962 2766 2207 2836 episcopi
2247 2766 2393 2820 Con-

827 2859 1181 2929 stantinopoli
1225 2859 1627 2927 subscripsere.
1673 2857 1833 2913 Fides
1863 2866 2046 2912 atttem
2080 2867 2268 2914 nostra
2297 2897 2311 2921 ,
2338 2867 2393 2913 et

827 2967 1017 3004 eorum
1045 2967 1186 3019 quos
1217 2965 1382 3020 supra
1432 2951 1708 3015 diximus,
1756 2958 1810 3004 et
1848 2965 2082 3020 quorum
2123 2951 2394 3019 legatione

832 3041 1131 3108 fungimur,
1168 3047 1252 3092 est
1283 3040 1397 3091 hzec
1424 3057 1436 3091 :
1470 3038 1756 3093 Credimus
1789 3039 1845 3092 in
1874 3054 2040 3092 unum
2066 3038 2267 3106 Deum,
2300 3042 2398 3094 Pa-

831 3140 970 3184 trem
1001 3131 1467 3198 omnipotentem,
1501 3131 1742 3183 omnium
1777 3131 2080 3184 visibilium
2113 3139 2167 3185 et
2202 3131 2397 3188 invisi-

832 3223 1021 3276 bilium
1059 3219 1321 3275 latiorem
1349 3238 1362 3288 ;
1394 3228 1450 3275 et
1489 3221 1544 3275 in
1585 3237 1758 3275 unum
1804 3221 2144 3291 unigenitum
2192 3220 2395 3287 Deum,

836 3314 1120 3368 Dominum
1163 3311 1349 3367 Jesum
1387 3312 1702 3376 Christum,
1733 3290 1928 3367 Filium
1981 3311 2111 3375 Dei,
2155 3316 2393 3382 genitmn
2426 3290 2467 3346 ο

834 3421 899 3458 ex
936 3403 1133 3470 Patre,
1166 3403 1217 3458 id
1273 3412 1357 3460 est
1403 3420 1470 3458 ex
1502 3403 1680 3459 Patris
1726 3404 2036 3459 substantia
2062 3446 2077 3470 ,
2123 3403 2289 3460 Deum
2329 3421 2398 3460 ex

834 3495 944 3550 Deo
964 3536 978 3560 ,
1009 3494 1189 3548 lumen
1217 3509 1282 3549 ex
1311 3495 1537 3560 lumine,
1571 3494 1738 3548 Deum
1767 3509 1955 3549 verum
1983 3508 2050 3548 ex
2087 3493 2196 3549 Deo
2228 3511 2355 3550 vero
2379 3511 2394 3560 ;

834 3587 1110 3657 genitum,
1163 3600 1271 3639 non
1327 3587 1576 3650 factum,
1625 3586 2164 3640 consubstantialem
2209 3587 2397 3649 Patri,

839 3694 932 3748 per
967 3693 1127 3747 quem
1160 3679 1346 3731 omnia
1381 3677 1522 3731 facta
1552 3685 1679 3730 sunt
1708 3692 1832 3746 quae
1862 3678 1915 3730 in
1942 3678 2084 3732 coelo
2113 3686 2166 3732 et
2194 3693 2314 3747 qua:
2346 3679 2400 3733 in

837 3780 1008 3824 terra.
1035 3769 1137 3836 Qui
1167 3777 1391 3839 propter
1418 3785 1519 3824 nos
1549 3770 1798 3823 homines
1828 3777 1883 3822 et
1913 3779 2138 3838 propter
2163 3778 2408 3825 nostram

840 3859 1076 3914 salutem
1110 3857 1396 3913 descendit
1428 3873 1458 3913 e
1491 3859 1660 3923 ccelo,
1697 3866 1750 3913 et
1782 3859 2102 3914 incarnatus
2137 3860 2412 3930 homoque

845 3949 1025 4003 factus
1068 3957 1190 4003 est:
1238 3962 1438 4018 passus
1484 3957 1571 4003 est
1603 3951 1769 4002 etiam
1802 3957 1857 4003 et
1898 3951 2200 4005 resurrexit
2246 3951 2411 4005 tertia

844 4042 968 4106 die,
1003 4049 1057 4096 et
1108 4039 1358 4096 ascendit
1404 4041 1460 4094 in
1508 4041 1744 4105 ccelum,
1795 4049 2173 4112 venturusque
2216 4051 2301 4097 est
2351 4051 2411 4098 ut

839 4130 1050 4201 judicet
1077 4131 1227 4185 vivos
1255 4141 1310 4184 et
1340 4139 1609 4186 mortuos.
1645 4129 1710 4183 Et
1743 4131 1796 4184 in
1833 4128 2098 4202 Spiritum
2129 4141 2403 4186 sanctum.

842 4222 951 4278 Eos
975 4231 1156 4277 autem
1187 4223 1280 4294 qui
1305 4221 1498 4276 dicunt
1525 4239 1538 4275 :
1570 4222 1695 4276 Fuit
1720 4231 1934 4292 tempus
1958 4238 2081 4277 cum
2108 4238 2215 4277 non
2239 4235 2404 4288 esset,

843 4323 919 4381 et,
937 4314 1241 4384 Antequam
1259 4315 1572 4385 gigneretur
1590 4329 1697 4368 non
1713 4323 1852 4381 erat;
1871 4323 1946 4378 et,
1966 4312 2040 4368 De
2057 4330 2163 4368 non
2185 4322 2408 4370 exstan-

848 4407 996 4460 tibus
1028 4405 1208 4460 factus
1241 4413 1326 4460 est
1355 4424 1368 4459 :
1401 4415 1490 4459 aut
1526 4405 1618 4475 qui
1652 4406 1846 4458 dicunt
1877 4421 1942 4460 ex
1974 4406 2080 4458 alia
2125 4407 2407 4476 hypostasi

846 4497 930 4552 vel
961 4496 1270 4552 substantia
1309 4497 1586 4552 exstitisse
1609 4495 1805 4549 Filium
1840 4495 1952 4563 Dei,
1992 4503 2085 4550 aut
2118 4496 2411 4551 mutationi

2489 2033 2664 2095 πάσας
2679 2033 2777 2097 τὰς
2795 2035 3034 2104 αἱρέσεις
3048 2035 3145 2098 τὰς
3167 2037 3581 2108 ὲναντιονμένας
3604 2042 3669 2110 τῇ
3694 2045 4064 2114 προειρημένῃ

2487 2123 2617 2192 ἁγία
2651 2125 2831 2176 πίστει
2857 2164 2870 2187 ,
2902 2126 3023 2196 ἥτις
3055 2128 3294 2192 εὐσεϐῶς
3336 2131 3429 2182 καὶ
3470 2132 3770 2195 καθολικῶς
3804 2135 3907 2186 ὐπὸ
3955 2137 4064 2187 τῶν

2488 2213 2657 2280 ἁγίων
2687 2213 2905 2285 ἐξετέθη
2928 2216 3187 2287 Πατέρων
3228 2220 3286 2271 ἐν
3313 2220 3534 2290 Νικαία.
3555 2222 4064 2292 Ἀναθεματίζοντες

2488 2305 2774 2376 ἐξαιρέτως
2792 2308 2882 2359 καὶ
2898 2307 2992 2378 τὴν
3010 2310 3064 2360 ἐν
3080 2309 3354 2380 Ἀριμήνῳ
3372 2312 3572 2377 συνόδῳ
3593 2315 3699 2383 (40)
3715 2315 4068 2382 ἀναγνωσθεῖ⁴

2491 2415 2586 2450 σαν
2611 2399 2841 2460 ἔκθεσιν,
2866 2400 2940 2463 ὡς
2961 2401 3290 2466 ὑπεναντίως
3307 2404 3402 2474 τῆς
3434 2407 3834 2477 προειρημένης
3865 2409 4066 2477 ταύτης

2489 2489 2721 2552 πίστεως
2740 2491 2837 2558 τῆς
2856 2492 3014 2560 ἁγίας
3037 2493 3253 2546 συνόδου
3277 2494 3376 2564 τῆς
3397 2497 3454 2548 ὲν
3477 2496 3680 2568 Νικαίᾳ
3706 2499 4062 2568 πραχθεῖσανο

2489 2579 2566 2644 οἷς
2585 2582 2721 2651 δόλῳ
2745 2584 2837 2635 καὶ
2862 2585 3115 2656 ἐπιορκία
3136 2585 3558 2650 ὐποπεισθέντες
3579 2589 3636 2640 ἐν
3656 2590 4064 2643 Κωνσταντίνου

2492 2676 2642 2728 πόλει
2671 2679 2688 2711 ⁸
2721 2676 3071 2746 κομισθεῖσαν
3093 2677 3198 2730 ἀπὸ
3216 2679 3388 2750 Νίκης
3412 2691 3439 2717 υ
3462 2679 3561 2749 τῆς
3586 2680 3805 2752 Θρᾴκης
3825 2682 4066 2754 ὑπέγρα-

2491 2771 2620 2838 ψαν.
2656 2772 2810 2822 Ἐστι
2862 2771 2918 2824 δὲ
2959 2773 2992 2842 ἡ
3024 2771 3206 2836 πίστις
3234 2773 3410 2843 ἡμῶν,
3448 2775 3543 2825 καὶ
3577 2775 3754 2827 αὐτῶν
3783 2770 3856 2828 ὧν
3892 2777 4069 2847 προεί-

2498 2877 2677 2931 ρηται,
2705 2853 2778 2914 ῶν
2817 2862 2908 2914 καὶ
2943 2861 3039 2932 τὴν
3071 2863 3363 2932 πρεσϐείαν
3406 2865 3728 2935 ποιούμεθα,
3776 2868 3934 2938 αὐτη·
3980 2869 4072 2921 Πι-

2497 2947 2755 3016 στεύομεν
2776 2949 2854 3010 είς
2875 2947 2968 3000 ἕνα
2989 2948 3141 3013 Θεὸν,
3160 2951 3377 3021 Πατέρα
3392 2954 3826 3027 παντοκράτορα,
3852 2956 4068 3009 πάντων

2495 3039 2704 3109 ὁρατῶν
2735 3042 2828 3092 καὶ
2860 3041 3104 3111 ἀοράτων
3137 3046 3364 3114 ποιητήν
3384 3059 3397 3074 °
3422 3046 3518 3098 καὶ
3561 3049 3639 3110 εἰς
3680 3048 3773 3100 ἕνα
3809 3050 4070 3120 μονογενῆ

2495 3131 2645 3194 Θεὸν,
2697 3131 2898 3201 Κύριον
2953 3133 3159 3204 Ἰησοῦν
3188 3135 3441 3206 Χριστὸν,
3489 3136 3581 3190 τὸν
3614 3139 3741 3192 Υίὸν
3765 3139 3859 3192 τοῦ
3889 3139 4023 3192 Θεοῦ
4052 3157 4068 3172 ο

2498 3220 2824 3288 γεννηθέντα
2840 3221 2904 3274 ἐκ
2918 3220 3011 3274 τοῦ
3031 3223 3258 3294 Πατρὸς,
3281 3229 3554 3278 τουτέστιν
3577 3229 3638 3279 ἐκ
3652 3227 3750 3296 τῆς
3767 3229 3956 3291 οὐσίας
3976 3227 4070 3280 τοῦ

2503 3311 2732 3380 Πατρὸς,
2751 3312 2880 3365 Θεὸν
2897 3315 2959 3365 ἐκ
2982 3313 3136 3376 Θεοῦ,
3157 3315 3346 3384 φῶςὲκ
3367 3317 3562 3383 φωτὸς,
3593 3319 3723 3370 Θεὸν
3740 3319 3989 3390 ἀληθινὸν
4007 3322 4074 3373 ἐκ

2502 3401 2634 3452 Θεοῦ
2676 3401 2929 3471 ἀληθινοῦ
2947 3420 2958 3432 ο
2981 3403 3326 3472 γεννηθέντα,
3369 3406 3429 3457 οὐ
3461 3407 3774 3476 ποιηθέντα,
3793 3409 4074 3478 ὁμοούσιον

2502 3493 2578 3561 τῷ
2598 3493 2790 3563 Πατρὶ,
2815 3486 2950 3545 διὀὗ
2967 3493 3031 3546 τὰ
3049 3495 3226 3548 πάντα
3247 3496 3480 3564 ἐγένετο,
3500 3498 3567 3550 τά
3578 3515 3636 3550 τε
3672 3500 3729 3550 ὲν
3745 3499 3822 3568 τῷ
3840 3500 4073 3570 οὐρανῷ,

2504 3585 2596 3635 καί
2621 3584 2687 3634 τὰ
2708 3585 2800 3636 ἐπὶ
2827 3585 2924 3654 τῆς
2953 3585 3072 3655 γῆς.
3107 3586 3209 3638 Τὸν
3258 3587 3323 3640 δι’
3367 3590 3514 3658 ἡμᾶς
3555 3590 3681 3652 τοὺς
3732 3589 4076 3660 ἀνθρώπους,

2507 3677 2600 3727 καὶ
2658 3675 2744 3727 διὰ
2797 3677 2894 3746 τὴν
2951 3679 3222 3748 ἡμετέραν
3248 3681 3522 3750 σωτηρίαν
3583 3683 3938 3736 κατελθόνταο
3982 3686 4079 3737 καὶ

2505 3766 2876 3835 σαρκωθέντα,
2904 3771 2996 3820 καὶ
3028 3769 3523 3842 ἐνανθρωπήσαντα
3547 3791 3560 3804 ·
3584 3775 3677 3826 καὶ
3696 3775 3955 3839 παθόντα,
3986 3778 4079 3829 καὶ

2505 3858 2814 3910 ἀναστάντα
2845 3867 2869 3894 '
2897 3861 2962 3928 τῇ
2990 3859 3142 3929 τρίτη
3187 3862 3400 3933 ἡμέρᾳ·
3455 3862 3748 3917 ἀνελθόντα
3797 3868 3875 3928 εἰς
3918 3867 4080 3937 οὐρα-

2505 3949 2626 4010 νούς
2655 3965 2667 3978 ·
2703 3949 2795 4002 καὶ
2819 3951 3106 4020 ἐρχόμενον
3136 3955 3315 4022 κρῖναι
3341 3953 3548 4018 ζῶντας
3573 3957 3667 4008 καὶ
3689 3959 3934 4026 νεκρούς.
3970 3960 4080 4012 Καὶ

2506 4041 2585 4103 εἰς
2611 4041 2670 4093 τὸ
2705 4041 2925 4111 Πνεῦμα
2969 4043 3027 4095 τὸ
3075 4044 3246 4112 ἆγιον.
3278 4046 3416 4109 Τοὺς
3435 4047 3491 4100 δὲ
3516 4047 3789 4116 λέγοντας,
3816 4043 3924 4103 Ἦν
3950 4068 4080 4104 ποτε

2512 4133 2601 4185 ὅτε
2626 4135 2725 4186 οὐκ
2761 4133 2850 4206 ἦν,
2881 4136 2973 4188 καὶ
3001 4137 3134 4206 Πρὶν
3171 4139 3499 4211 γεννηθῆναι
3536 4142 3636 4194 οὐκ
3667 4138 3755 4213 ἦν,
3792 4145 3885 4197 καὶ
3916 4146 3997 4198 ὃτι
4022 4146 4081 4212 ἐξ

2511 4224 2611 4276 οὐκ
2638 4225 2806 4278 ὄντων
2832 4227 3114 4298 ἐγένετο,ἢ
3143 4229 3230 4293 Ἐξ
3251 4231 3441 4303 ἐτέρας
3470 4233 3869 4308 ὑποστάσεωςῆ
3897 4237 4082 4299 οὐσίας

2515 4317 2820 4384 φάσκοντας
2871 4314 3027 4381 εἶναι,
3083 4321 3115 4390 ἢ
3143 4323 3393 4392 τρεπτὸν,
3442 4323 3475 4392 ἢ
3509 4324 3794 4379 ἀλλοιωτὸν
3828 4327 3920 4380 τὸν
3953 4328 4084 4382 Υίὸν

2514 4408 2608 4459 τοῦ
2631 4408 2787 4472 Θεοῦ,
2815 4410 3032 4473 τούτους
3060 4414 3442 4483 ἀναθεματίζει
3468 4417 3500 4484 ή
3524 4415 3795 4490 Καθολικὴ
3816 4421 3909 4472 καὶ
3946 4420 4083 4473 ἀπο-

2520 4501 2740 4573 στολικὴ
2779 4504 3073 4574 Ἐκκλησία
3096 4507 3186 4560 τοῦ
3216 4508 3369 4563 Θεοῦ.
3417 4511 3557 4580 Ἐγὼ
3588 4513 3644 4566 δὲ
3675 4513 3968 4579 Εὐστάθιος
3993 4516 4083 4569 ἐπί

2033 4673 2303 4730 VALESII
2339 4675 2886 4735 ANNOTATIONES.

924 4767 1032 4837 (58)
1065 4767 1171 4822 Kal
1207 4768 1278 4822 τὰ
1296 4767 1414 4821 τῶν
1443 4768 1905 4837 προειρημένων.
1936 4767 2299 4824 Scribendum
2321 4779 2407 4824 est

852 4838 1117 4912 μετὰτῶν
1149 4838 1584 4910 προειρημένων,
1613 4850 1672 4892 ut
1700 4839 1828 4909 legit
1861 4838 2200 4910 Epiphanius
2233 4839 2406 4895 Scho-

854 4911 1103 4964 lasticus.

922 4979 1036 5049 (39)
1093 4980 1686 5047 Πατροπασσιανούς.
1751 4979 2192 5048 Patripassianos
2245 4980 2411 5034 vertit

852 5051 1188 5121 Epiphanius
1226 5051 1620 5121 Scholasticus,
1651 5049 1951 5121 recte._i)e
1982 5051 2066 5104 his
2105 5051 2229 5105 vide
2291 5066 2412 5120 quae

850 5119 1033 5176 notavi
1063 5134 1228 5188 supra
1261 5120 1327 5172 ad
1352 5122 1549 5174 librum
1586 5137 1620 5172 ιι
1650 5120 1814 5187 hujus
1851 5119 2121 5173 Historiae.

922 5191 1034 5259 (40)
1079 5191 1197 5258 Τὴν
1236 5190 1305 5243 ἐν
1348 5190 1626 5259 Ἄριμήνῳ
1673 5190 1927 5257 συνόδῳ.
1985 5191 2221 5258 Apparet
2277 5189 2417 5243 scri-

847 5261 1090 5317 bendum
1129 5276 1255 5316 esse
1291 5261 1389 5330 τὴν
1430 5263 1486 5313 ἐν
1511 5265 1576 5332 τῇ
1639 5262 1914 5332 Ἀριμήνῳ
1978 5260 2201 5331 συνόδῳ.
2249 5259 2416 5314 Paulo

2446 4886 2492 4942 Ι)

2517 4780 2639 4852 post
2696 4775 3050 4852 scribendum
3095 4790 3228 4852 pulo
3269 4773 3349 4841 οἷς
3397 4796 3453 4832 τε
3488 4779 3623 4852 δόλῳ
3679 4783 3772 4833 καὶ
3828 4781 4084 4852 ἐπιορκία

2516 4834 2936 4920 ὐποπεισθέντες
2999 4848 3054 4920 ἐν
3095 4834 3672 4920 ⁵Κιυνστιπίντινουπόλει
3747 4834 4084 4920 κομισθέῖσιν

2518 4914 2626 4967 ἀπὸ
2646 4914 2839 4985 Νίκης,
2873 4925 2978 4969 etc.
3015 4918 3493 4972 Anathematizant
3545 4923 3691 4974 enim
3740 4914 3846 4974 non
3902 4923 4082 4975 solum

2520 4986 2811 5038 formulam
2857 4985 2980 5040 ﬁdei
3009 5003 3129 5056 quae
3159 4988 3591 5056 recitatafuera:
3618 4991 3671 5043 in
3697 4991 3933 5045 concilio
3958 4993 4083 5044 Ari-

2518 5055 2900 5130 minenrsipsed
2934 5065 2986 5110 et
3010 5054 3129 5130 acta
3163 5060 3306 5130 apud
3362 5054 3530 5113 Nicen
3567 5059 3850 5124 Thraciae,
3881 5062 4084 5130 quibus

2521 5128 2744 5194 perlatis
2773 5128 3330 5200 Constantinopolim,
3353 5131 3596 5200 episcopi
3625 5130 3818 5186 fraude
3850 5128 4082 5198 inducti,

2523 5206 2784 5266 tanquam
2814 5200 2954 5254 actis
2984 5200 3176 5268 synodi
3209 5197 3442 5254 Nicaan'ai
3475 5197 3942 5271 subscripserant.

2216 5437 2600 5494 VARIORUM.

927 5537 946 5570 ι
989 5535 1092 5587 Ἐν
1120 5533 1575 5587 Κωνσταντίνου
1597 5528 1939 5587 πόλεανίιιο
1963 5531 2058 5586 lib.
2091 5546 2149 5594 ll,
2180 5546 2300 5599 cap.
2324 5529 2416 5582 41.

853 5602 940 5656 W.
976 5603 1198 5658 Lowrn.
1601 5660 1606 5665 .

923 5683 949 5708 υ
985 5673 1387 5740 Κοιιισθεῖσαν
1407 5672 1522 5726 ἀπὸ
1559 5673 1765 5739 Νίκης.
1793 5672 1928 5726 Vide
1961 5672 2053 5725 lib.
2092 5687 2151 5733 ll,
2180 5687 2302 5738 cap.
2326 5670 2415 5734 57,

855 5746 919 5798 ad
957 5749 1045 5797 lin.
1075 5744 1234 5798 Prius
1265 5759 1394 5812 ergo
1425 5742 1570 5797 Nicze
1598 5745 1805 5798 editum
1837 5753 1920 5798 est
1943 5744 2247 5812 symbolum
2283 5742 2414 5793 illud

856 5831 1018 5883 quam
1075 5814 1573 5883 Constantinopoli.
1623 5815 1754 5867 Acta
1812 5816 1956 5867 enim
2011 5812 2415 5881 pseudosynodi

857 5886 1085 5940 Nicaeum
1115 5892 1382 5939 testantur
1410 5884 1692 5952 episcooos
1729 5899 1776 5937 vt
1816 5883 1890 5937 ltl.
1922 5884 2113 5936 Octob.
2161 5884 2231 5935 ibi
2282 5897 2415 5935 con-

2560 5537 2800 5600 regatos;
2827 5530 3071 5600 synodus
3091 5538 3272 5583 autem
3297 5530 3910 5600 Constantinopolitana
3938 5531 4089 5585 circa

2571 5598 2640 5653 al.
2673 5598 2794 5653 Jan.
2833 5598 2960 5654 anni
3013 5601 3372 5670 insequentis.
3411 5602 3530 5657 scil.
3585 5598 3707 5665 560,
3754 5611 3945 5654 coacta
3981 5610 4086 5655 est.

2519 5671 2652 5724 Vide
2695 5671 2910 5723 Sozom.
2944 5672 3039 5723 lih.
3077 5686 3151 5734 tv,
3187 5687 3308 5739 cap.
3343 5672 3444 5734 ‘25,
3489 5672 3555 5726 ad
3599 5677 3691 5727 lin.
3729 5671 3815 5726 W.
3862 5671 4090 5726 Lowm.

2589 5750 2616 5778 τ
2656 5742 2927 5794 Παθόντα
2953 5741 3048 5793 καὶ
3070 5741 3433 5796 ἀναστάντα.
3457 5742 3598 5795 Nhil
3623 5745 3709 5796 hic
3731 5746 3799 5796 de
3820 5741 4089 5796 descensu

2519 5812 2585 5864 ad
2625 5813 2868 5882 inferos,
2907 5821 2964 5866 ut
2995 5812 3307 5882 observavit
3339 5815 3568 5867 dor-tiss.
3608 5816 3938 5873 Pearsonus,
3980 5810 4089 5863 Ei:-

2517 5899 2630 5950 pos.
2665 5881 2871 5946 Symb.,
2911 5898 2958 5940 ι).
2993 5881 3117 5933 225.
