4508 6588
803 395 913 451 495

2237 387 2576 444 bOCRATIS

3948 395 4054 452 ινδ

809 509 1081 576 tldemque
1108 504 1326 560 concilii
1365 502 1569 557 Nicaeui
1623 501 2108 573 comprobassent,
2139 504 2381 573 acceptis
2411 512 2452 568 Α
2483 508 2585 560 αὐτ

2273 504 2381 573 ptis
2411 512 2452 568 Α
2483 503 2663 560 αὐτῶν
2684 519 2741 556 τε
2764 502 2862 573 τὴν
2890 495 2986 553 τοῦ
3021 485 3294 559 ὁμοθυσίου
3311 503 3485 556 πίστιν
3505 504 4050 576 ὁμο).ογήσαντες,καὶ

812 604 1031 656 illorum
1087 613 1308 667 quoque
1362 595 1566 650 litteris
1633 597 1689 650 in
1748 593 1996 650 eamdem
2053 595 2379 650 sententiam

809 689 1056 760 scriptis,
1092 687 1161 742 ad
1193 703 1287 742 eos
1333 701 1363 740 a
1396 687 1598 756 quibus
1649 685 1801 740 missi
1845 683 2086 742 fuerant.
2137 693 2380 740 reverte-

810 789 968 835 runt.
1009 779 1137 846 Qui,
1167 787 1424 848 suscepta
1465 776 1670 831 Liberii
1722 775 1992 844 epistola,
2047 776 2253 846 legatos
2287 791 2381 846 per

813 872 1062 942 singulas
1087 869 1336 925 civitates
1364 869 1634 922 misi-runt
1663 865 1730 919 ad
1757 881 1854 921 eos
1889 867 1980 935 qui
2011 868 2379 922 consubstan-

809 965 957 1018 tialis
1001 963 1158 1017 [idem
1197 960 1652 1031 propugnabant:
1718 957 2004 1011 hortantes
2056 965 2114 1008 ιιι
2143 955 2376 1012 Tarsum

809 1054 1018 1110 Cilicia:
1045 1055 1247 1124 pariter
1273 1067 1465 1105 omnes
1489 1051 1873 1112 convenirent,
1898 1064 2004 1118 quo
2024 1056 2077 1103 et
2103 1047 2375 1103 Niczenam

808 1146 1204 1202 continuarent
1251 1143 1438 1205 tidem,
1475 1153 1528 1197 et
1560 1156 1751 1195 omnes
1792 1157 1916 1210 quae
1943 1149 2131 1212 postea
2172 1150 2379 1196 exortae

809 1239 1028 1293 luerent
1061 1235 1447 1291 contentiones
1478 1235 1700 1304 penitus
1748 1233 2054 1289 abolerent.
2094 1234 2274 1304 Atque
2322 1235 2375 1288 id

780 1327 1046 1383 't'ortasse
1075 1325 1378 1397 perfectum
1409 1326 1623 1386 luisset,
1658 1325 1762 1380 nisi
1817 1324 2102 1380 Eudoxius
2162 1327 2377 1380 Ariante

805 1418 1097 1490 religionis
1132 1418 1453 1487 episc0pus,
1485 1416 1577 1486 qui
1623 1424 1736 1468 tum
1789 1415 1931 1483 apud
1989 1415 2373 1485 imperatorem

805 1510 1106 1581 plurimum
1164 1516 1410 1578 poterat,
1443 1507 1770 1562 obstitisset.
1827 1505 1930 1573 Qui
1989 1507 2060 1560 ob
2115 1507 2372 1560 indictam

805 1601 965 1656 Tarsi
1030 1599 1301 1670 synodum
1371 1599 1543 1668 magis
1593 1607 1990 1668 exasperatus,
2030 1597 2375 1668 gravioribus

807 1693 971 1748 malis
1001 1706 1099 1747 eos
1125 1690 1326 1746 alIeeit.
1365 1689 1538 1744 Porro
1578 1689 2009 1744 Macedonianos
2063 1689 2250 1742 missis
2305 1689 2370 1743 ad

806 1772 1080 1839 Liberium
1111 1783 1306 1853 legatis
1332 1796 1456 1836 eum
1491 1797 1559 1836 eo
1599 1781 2064 1840 communicasse.
2097 1790 2152 1834 et
2199 1778 2373 1834 Nicae—

805 1890 932 1929 nam
962 1875 1119 1929 tidem
1151 1846 1562 1943 comprobasse,
1597 1872 1712 1942 ipse
1749 1871 1912 1925 etiam
1951 1868 2193 1926 Sabinus
2231 1871 2370 1926 late-
2403 1846 2443 1900 Β

805 1974 896 2021 tur
927 1965 984 2020 in
1023 1965 1349 2020 collectione
1381 1971 1662 2032 gestorum
1700 1961 2072 2032 synodalium.

1330 2051 1496 2121 229
1535 2049 1690 2106 CAP.
1722 2049 1859 2102 xm.

819 2145 1097 2213 Quomodo
1154 2145 1445 2198 Eunomius
1479 2159 1533 2195 se
1572 2141 1635 2195 ab
1674 2141 1918 2194 Eudoxio
1955 2140 2369 2213 sejunxerat,_eo

872 2217 1012 2286 quod
1042 2216 1194 2286 Aetio
1227 2213 1475 2286 addictus
1500 2222 1688 2286 esset;
1736 2221 1785 2264 et
1829 2211 2095 2286 quomodo
2139 2210 2368 2286 tumultu

873 2280 1217 2339 Alexandria:
1259 2300 1351 2350 per
1389 2281 1690 2336 Eudoa'ium
1725 2281 1977 2340 excitato,
2008 2280 2195 2332 iterum
2235 2280 2368 2346 fugit

873 2356 1238 2417 Athanasius;
1290 2367 1507 2421 cumque
1564 2353 1625 2404 ob
1686 2352 1738 2403 id
1781 2353 2002 2418 populus
2058 2351 2369 2402 seditionem

875 2425 1119 2480 movisset
1147 2465 1160 2484 ,
1217 2424 1402 2476 timens
1440 2423 1747 2489 imperator,
1798 2421 1972 2489 lenitis
2025 2434 2116 2485 per
2162 2422 2368 2472 litteras

875 2493 1274 2553 Alexandrinis,
1310 2488 1665 2545 Athanasium
1687 2491 1862 2544 denuo
1892 2488 2188 2542 Ecclesium
2214 2504 2369 2543 suam

872 2565 1106 2620 obtinere
1123 2564 1308 2632 jussit.

873 2723 990 2780 Sub
1017 2723 1160 2778 idem
1193 2730 1406 2792 tempus
1436 2720 1738 2776 Eunomius
1770 2719 1840 2774 ab
1893 2717 2142 2774 Eudoxio
2179 2718 2366 2786 sejun-

801 2828 946 2878 ctus.
983 2827 1292 2870 conventus
1325 2827 1577 2867 seorsum
1615 2811 1938 2873 celebravit,
1966 2825 2032 2865 eo
2063 2809 2205 2880 quod
2258 2810 2368 2862 Eu-

799 2906 1004 2964 doxius
1031 2919 1411 2975 saepenumero
1476 2903 1545 2956 ab
1607 2902 1726 2972 ipso
1762 2910 1986 2972 rogatus
2042 2909 2102 2956 ut
2155 2899 2367 2955 Aetium

803 3009 1375 3067 lirmccptoremsuum
1406 2995 1700 3063 reciperet,
1751 2993 1804 3047 id
1839 2993 2018 3047 facere
2061 2999 2367 3046 recusarat.

799 3089 910 3146 Nec
944 3098 1126 3143 tamen
1162 3087 1443 3141 Eudoxius
1501 3100 1599 3140 sua
1654 3092 1848 3154 sponte
1909 3083 2014 3137 hoc
2072 3083 2364 3152 prwstitit:

2479 590 2580 658 τὴν
2629 589 2689 640 ἐν
2719 589 2923 662 Νικαίᾳ
2947 583 3132 640 πίστιν
3160 591 3498 662 κυρώσαντες
3518 633 3534 658 ,
3565 595 3823 664 όμόψηφά
3857 614 3915 650 τε
3958 601 4054 652 καὶ

2481 683 2610 751 παρ’
2662 681 2884 736 ἐκείνων
2913 677 3195 749 δεξάμενοι
3225 684 3545 753 γράμματα,
3597 687 3870 758 ἐπανῆκον
3902 688 4054 761 παρᾶ

2482 772 2605 834 τοὺς
2639 771 2984 842 πέμψαντας.
3015 773 3074 826 Ol
3099 771 3154 824 δὲ
3185 773 3282 837 τὰς
3306 774 3556 845 Διδερίου
3579 777 3867 842 ἐπιστολὰς
3893 781 4049 847 δεξά-

2482 879 2653 932 μενοι,
2667 863 2852 932 διεπρε
2861 861 3112 915 σόεύοντο
3133 864 3272 916 κατὰ
3289 864 3468 927 πόλεις
3485 866 3618 934 πρὸς
3633 867 3756 930 τοὺς
3778 871 4050 938 προεστῶ-

2477 971 2575 1016 τας
2603 955 2702 1024 τῆς
2717 954 3004 1022 ὁμοουσίου
3033 956 3289 1018 πίστεως,
3319 957 3750 1026 προτρεπόμενοι
3777 958 4048 1013 συνελθεῖν

2478 1047 2816 1118 ὁμοθυμαδὸν
2859 1050 2940 1111 εἰς
2971 1049 3182 1120 Ταρσὸν
3214 1049 3314 1119 τῆς
3343 1050 3596 1114 Κιλικίας
3617 1090 3632 1113 .
3665 1052 3757 1104 ἐπὶ
3779 1052 3840 1105 τὸ
3869 1055 4050 1124 κυρῶο

2479 1155 2569 1191 σαι
2596 1140 2695 1211 τὴν
2727 1142 2785 1193 ἐν
2829 1140 3035 1212 Νικαίᾳ
3065 1141 3248 1194 πίστιν
3272 1181 3287 1205 ,
3327 1141 3422 1194 καὶ
3472 1140 3631 1195 λῦσαι
3679 1145 3859 1196 πᾶσαν
3911 1147 4050 1214 μετὰ

2476 1231 2649 1285 ταῦτα
2701 1233 3074 1302 γεγενημένην
3129 1233 3465 1304 ἐρεσχελίαν.
3510 1233 3621 1288 Καὶ
3667 1235 3730 1306 δὴ
3800 1237 3930 1300 ἴσως
3981 1237 4050 1291 ἂν

2473 1321 2648 1376 ταῦτα
2685 1323 2970 1391 ἐγεγόνει,
3001 1325 3050 1376 εί
3094 1326 3171 1394 μὴ
3221 1327 3252 1378 ό
3301 1325 3558 1394 μέγιστον
3596 1326 3718 1379 τότε
3751 1327 4048 1398 δυνάμενος

2476 1414 2627 1484 παρὰ
2662 1412 2872 1483 βασιλεῖ
2917 1414 3211 1468 διεκώλυσε
3234 1432 3248 1447 °
3282 1415 3426 1483 λέγω
3473 1416 3536 1487 δὴ
3567 1415 3846 1483 Εὺδόξιος,
3889 1419 3918 1471 ὁ
3950 1421 4048 1490 τῆς

2490 1505 2770 1574 Ἀρειανῆς
2820 1504 3099 1573 προεστὼς
3146 1505 3482 1576 θρησκείας·
3533 1506 3594 1570 ὃς
3645 1507 3737 1561 καὶ
3766 1508 3935 1562 πλείω
3959 1510 4047 1563 διὰ

2474 1597 2973 1667 τὴννκηρυχθεῖσαν
3025 1597 3240 1651 σύνοδον
3281 1598 3530 1668 season;
3556 1637 3572 1663 ,
3631 1600 3850 1670 μείζονα
3900 1603 4049 1654 κακὰ

2474 1689 2694 1752 τούτους
2741 1690 3050 1760 εἰργάσατο.
3087 1689 3210 1741 Ὅτι
3252 1690 3350 1758 μὲν
3406 1685 3499 1742 οὖν
3537 1691 3924 1744 Μακεδονιανοὶ
3973 1692 4040 1745 δι’

2472 1772 2548 1832 ὧν
2603 1771 2853 1848 ἔπεμψαν
2913 1778 3260 1849 πρεσόευτῶν
3313 1780 3738 1851 κοινωνήσαντες
3783 1781 4040 1851 Λιϐερίῳ.

2470 1869 2569 1939 τὴν
2600 1869 2664 1945 ἐν
2702 1868 2906 1939 Νικαίᾳ
2939 1870 3122 1923 πίστιν
3170 1870 3453 1940 ἐκύρωσαν
3477 1910 3492 1936 ,
3537 1871 3698 1936 αὐτὸς
3734 1871 3956 1936 Σαϐῖνος
3983 1873 4044 1925 ἐν

2470 1963 2539 2030 τῇ
2567 1963 2853 2032 συναγωγῇ
2886 1960 2996 2014 τῶν
3023 1962 3315 2014 συνοδι-κῶν
3353 1962 3724 2034 ὡμολόγησεν.

2514 2038 2516 2040 ’
3065 2053 3317 2107 ΚΕΦΑΛ.
3349 2055 3449 2106 ll".

2472 2141 2669 2214 Ὅπως
2689 2143 2980 2214 Εὐνόμιος
2991 2142 3187 2214 Εὐδοξ
3190 2143 3284 2196 [ου
3305 2143 3755 2214 κεχώριστονδιὰ
3769 2144 3835 2198 τὸ
3855 2159 4042 2214 προσ-

2540 2211 2769 2282 κεῖσθαι
2792 2212 2978 2264 αὑτὸν
3005 2212 3222 2282 Ἀετίῳ,
3245 2213 3341 2266 καὶ
3366 2211 3453 2265 ὅτι
3474 2213 3715 2282 σπουδῇ
3748 2211 4044 2278 Εὺδὸῌου

2541 2281 2808 2352 ταραχῆς
2832 2282 2900 2333 ἐν
2923 2281 3320 2350 Ἀλεξανδρείᾳ
3344 2281 3689 2352 γενομένηςέ
3704 2284 4043 2350 Ἄθανάσιος

2540 2349 2726 2404 πάλιν
2772 2353 3006 2419 φεύγει·
3065 2352 3164 2404 καὶ
3223 2352 3313 2405 ὅτι
3352 2349 3489 2405 ’τοῦ
3528 2354 3682 2406 λαοῦ
3718 2354 3815 2406 διὰ
3866 2349 4044 2408 τοῦτο

2540 2419 2985 2492 στασιάσαντος
3007 2463 3022 2484 ,
3057 2424 3090 2474 ό
3131 2422 3428 2487 ,βασιλεὺς
3456 2421 3694 2487 δείσας,
3728 2423 3825 2478 διὰ
3863 2440 4042 2492 γραμ-

2533 2489 2738 2560 μᾴτων
2771 2507 2835 2560 τε
2864 2491 3002 2556 τοὺς
3030 2493 3100 2544 ὲν
3140 2492 3552 2560 Ἀλεξανδρείᾳ
3595 2489 4041 2560 παρακαλέσας,

2537 2555 2727 2632 αὖθιςΔ
2749 2559 2862 2632 nite
2902 2561 3242 2632 ᾉθανὰσιον
3277 2555 3724 2630 κρατεῖν-’ἀδεῶς
3755 2562 3871 2632 τὴν
3920 2555 4041 2616 Ἐκὲ

2541 2630 2808 2696 κλησίσν
2835 2629 3143 2685 ἐκέλευσε.

2540 2720 2675 2790 Περὶ
2723 2720 2778 2774 δὲ
2826 2720 3014 2773 τούσδε
3065 2721 3192 2786 τοὺς
3236 2721 3460 2792 χρόνους
3493 2723 3755 2794 Εὑνόμιος
3790 2723 4040 2788 Εὐδοξίου

2471 2809 2757 2881 χωρισθεὶς
2775 2849 2790 2870 ,
2825 2813 2944 2863 κατ’
2977 2811 3114 2865 ἰδίαν
3141 2811 3240 2874 τὰς
3269 2812 3587 2880 συναγωγὰς
3608 2813 3923 2884 ἐποιήσατο,
3955 2815 4040 2867 ὅτι

2471 2899 2724 2962 πολλάκις
2749 2899 2912 2953 αὐτοῦ
2939 2900 3378 2972 παρακαλοῦντος
3398 2901 3651 2972 δεχθῆναι
3677 2903 3768 2955 τὸν
3796 2902 4042 2973 καθηγη-

2468 2991 2566 3062 τὴν
2596 2991 2789 3044 ἑαυτοῦ
2837 2990 3041 3044 Ἀέτιον
3067 3032 3081 3055 ,
3114 2991 3362 3056 Εὐδόξιος
3400 2993 3498 3061 οὐχ
3545 2993 3837 3061 ὑπήκουσε.
3869 2993 4040 3046 Τοῦτο

2469 3083 2525 3139 δέ
2579 3083 2677 3153 οὐχ
2706 3082 2849 3136 ἐκὼν
2896 3083 3180 3152 ἐποίησεν⁸
3228 3083 3288 3135 οὐ
3324 3081 3430 3152 γὰρ
3482 3083 3582 3152 τὴν
3627 3083 3830 3136 Ἀετίου
3878 3082 4038 3146 δόξαν

800 3182 920 3252 ipse
966 3181 1113 3234 enim
1155 3179 1468 3248 opinionem
1524 3176 1663 3229 Aetii
1742 3174 1965 3228 minime
2041 3173 2362 3242 rejiciebat,
2393 3178 2435 3236 c
2471 3172 2580 3243 ἠθέ-

2256 3180 2323 3226 iat
2347 3213 2362 3238 ,
2393 3178 2435 3236 C
2471 3172 2672 3243 ὴθέτει,
2705 3173 2802 3244 τὴν
2839 3175 3006 3244 αὐτὴν
3031 3169 3196 3227 οὖσαν
3220 3176 3284 3244 τῇ
3319 3173 3512 3227 ἐαυτοῦ
3536 3189 3550 3204 ⁶
3581 3173 3695 3226 ἀλλ’
3723 3175 3805 3227 ὅτι
3837 3173 4036 3236 πάντες

799 3268 999 3337 quippe
1027 3281 1150 3336 qua:
1174 3265 1362 3320 eadem
1413 3277 1648 3334 prorsus
1673 3272 1822 3318 esset
1866 3277 1988 3316 eum
2036 3262 2210 3332 ipsius
2245 3261 2366 3331 opi-
2461 3266 2510 3318 οἱ
2547 3267 2575 3318 ό

2255 3261 2366 3331 opi-
2461 3266 2510 3318 οἱ
2547 3265 2846 3336 ὁμόφρονες
2883 3266 2958 3328 ὡς
3011 3265 3315 3338 ἑτερόδοξον
3347 3267 3693 3334 περιϊσταντο
3721 3266 3868 3334 (51)·
3896 3264 4035 3334 αὕτη

800 3359 1007 3424 nione;
1043 3359 1136 3411 sed
1173 3363 1462 3425 propterea
1490 3354 1637 3424 quod
1676 3368 1865 3410 omnes
1893 3353 1987 3424 qui
2021 3369 2145 3407 cum
2184 3352 2366 3407 Eudo-

799 3448 891 3502 xio
916 3447 1356 3510 consentiebant,
1389 3446 1606 3500 Aetium
1633 3453 1693 3500 ut
1723 3445 2003 3499 contraria
2039 3445 2363 3500 sentientem

801 3536 1218 3592 aversabantur.
1259 3535 1384 3590 llam
1420 3535 1520 3590 fuit
1569 3550 1734 3590 causa
1769 3535 2128 3605 quamobrem
2184 3534 2365 3589 Euno-

799 3628 942 3684 mius
977 3621 1046 3682 ab
1097 3626 1347 3682 Eudoxio
1397 3627 1698 3682 secederet.
1739 3628 1919 3696 Atque
1976 3625 2091 3680 haec
2139 3625 2361 3696 quidem

776 3719 1276 3790 'Goustantiuogioli
1305 3729 1460 3789 gesta
1490 3729 1615 3772 sunt
1651 3719 1703 3772 in
1761 3718 1908 3771 hunc
1945 3717 2190 3771 modum.
2236 3717 2362 3772 Ale-

800 3813 1044 3867 xandriie
1069 3827 1198 3866 vero
1219 3812 1458 3867 edictum
1490 3810 1878 3881 praefectorum
1909 3809 2151 3879 praetorii
2184 3808 2366 3864 studio

799 3913 964 3972 atque
997 3917 1161 3972 opera
1193 3902 1419 3956 Eudoxii
1468 3917 1534 3956 eo
1588 3902 1836 3966 missum,
1893 3899 2190 3965 Ecclesiam
2226 3913 2364 3954 con-

797 3995 1062 4048 turbavit.
1094 3991 1295 4048 Verum
1326 3993 1662 4047 Athanasius
1707 3989 2067 4060 improvidum
2112 3990 2362 4043 multitu-

797 4086 944 4142 dinis
1002 4085 1266 4155 impetum
1333 4093 1597 4145 metuens,
1655 4083 1970 4151 veritusque
2025 4096 2092 4135 ne
2133 4080 2179 4134 si
2229 4078 2361 4150 quid

797 4178 1020 4248 gravius
1061 4177 1232 4240 lieret,
1263 4175 1368 4245 ipsi
1428 4182 1687 4244 tanquam
1742 4173 1951 4228 auctori
2004 4173 2358 4236 tribueretur,

797 4275 1036 4339 quatuor
1066 4268 1310 4338 integros
1361 4280 1577 4322 menses
1625 4265 1680 4320 ln
1728 4272 1958 4336 paterno
2007 4273 2362 4320 monumento

2463 3355 2671 3425 ήαίτία
2715 3355 2808 3408 τοῦ
2862 3353 3109 3418 Εὺδοξίου
3144 3353 3232 3406 τὸν
3275 3355 3536 3422 Εὐνόμιον
3574 3355 3904 3425 χωρισθῆναι
3936 3373 4034 3409 πε-

2464 3447 2678 3515 ποίηκε,
2723 3446 2905 3500 Ταῦτα
2955 3446 3052 3515 μὲν
3099 3446 3612 3518 ἐψιςωνσταντίνου
3648 3446 3800 3498 πόλει
3847 3446 4036 3502 τοῦτον

2461 3537 2554 3590 τὸν
2609 3539 2806 3608 τρόπον
2861 3537 3096 3604 ἐγένετο.
3154 3535 3312 3589 Κατὰ
3358 3536 3414 3588 δέ
3455 3535 3551 3606 τὴν
3609 3537 4034 3608 Ἀλεξάνδρειαν,

2466 3629 2790 3701 πρόσταγμα
2811 3641 2835 3669 ο
2867 3629 3118 3697 ἐπάρχων
3137 3627 3247 3694 L52)
3271 3627 3470 3696 σπουδῇ
3513 3627 3756 3693 Εὑδοξὶου
3785 3629 4034 3698 πεμφθὲν

2466 3719 2565 3792 τὴν
2597 3719 2924 3788 Ἐκκλησίαν
2952 3719 3210 3789 ἐτάραξεν
3233 3733 3246 3746 ³
3290 3715 3604 3782 Ἀθανάάιος
3627 3719 3682 3772 δὲ
3707 3720 3805 3787 τὴν
3847 3723 3910 3772 ἐκ
3938 3721 4032 3774 τοῦ

2467 3812 2702 3880 πλήθους
2730 3811 2920 3878 ἄλογον
2950 3811 3124 3880 ὁρμὴν
3155 3809 3503 3880 ὑφορώμενος
3522 3851 3536 3874 ,
3581 3810 3834 3874 δεδοικώς
3864 3829 3924 3864 τε
3957 3812 4033 3882 μὴ

2465 3901 2574 3954 τῶν
2603 3899 2980 3970 γενησομένων
3031 3901 3246 3953 ἀτόπων
3300 3899 3470 3964 αὐτὸς
3515 3903 3616 3968 τὴν
3657 3901 3834 3956 αἰτίαν
3870 3904 4031 3975 λάϐῃ.

2465 3991 2734 4061 τέσσαρας
2766 3992 2918 4052 ὅλους
2953 3991 3121 4060 μῆνας
3155 3993 3213 4043 ἐν
3249 3993 3496 4063 μνημείῳ
3525 3994 3761 4064 πατρῴῳ
3794 3995 4033 4066 ἀπέκρυο

2470 4098 2601 4134 πτεν
2647 4081 2859 4135 ἐαυτόν.
2899 4081 3116 4152 Ἐπειδὴ
3149 4082 3204 4134 δὲ
3251 4081 3335 4135 διὰ
3367 4083 3464 4152 τὴν
3508 4085 3671 4137 αὑτοῦ
3714 4086 3979 4140 ἀπουσίαν
4003 4087 4033 4138 ὁ

2468 4171 2595 4236 λαὸς
2632 4173 2781 4244 πόθῳ
2815 4174 2894 4242 τῷ
2925 4173 3059 4244 πρὸς
3091 4175 3252 4227 αὑτὸν
3284 4176 3570 4239 ἐστασίαζε
3596 4217 3612 4242 ,
3658 4177 3846 4246 μαθὼν
3875 4179 3906 4230 ό
3937 4177 4033 4247 βα-

2470 4264 2652 4328 σιλεὺς
2707 4266 3022 4333 στυγνάζειν
3064 4265 3307 4319 διατοῦτο
3336 4268 3433 4336 τὴν
3470 4268 3872 4340 Ἀλεξάνδρειαν
3893 4308 3909 4334 ,
3942 4269 4034 4324 διὰ

1983 4439 2256 4498 VALESII
2304 4440 2862 4498 ANNOTATIONES.

870 4582 983 4653 (5|)
1001 4582 1098 4649 Ὠς
1112 4580 1458 4650 ἐτερόδοξον
1477 4581 1874 4653 περιίσταντο.
1901 4580 2015 4636 Hoc
2038 4583 2158 4636 loco
2202 4599 2358 4652 περιο
2388 4564 2433 4619 Ῑ)
2463 4589 2564 4635 ret.
2607 4579 2650 4634 C

2245 4599 2358 4652 spt-
2388 4564 2433 4619 Ῑ)
2463 4589 2564 4635 ret.
2607 4579 2780 4653 Cujus
2829 4581 2903 4653 rei
2938 4583 3249 4653 exemplum
3310 4583 3554 4636 occurrit
3598 4593 3710 4635 tum
3768 4583 3822 4636 in
3859 4584 4025 4651 gestis

798 4650 1063 4713 ίστασθαι.
1099 4653 1241 4706 idem
1280 4659 1363 4706 est
1386 4665 1450 4704 ac
1484 4650 1761 4704 declinare
1792 4660 1846 4704 et
1874 4653 2138 4715 aversari,
2167 4650 2356 4720 quein-

796 4723 1090 4778 admodutn
1138 4720 1415 4775 Lueianus
1462 4731 1690 4789 usurpat
1728 4721 1782 4773 in
1836 4721 2190 4776 llermotimo.
2247 4723 2357 4774 Ab-

798 4794 1026 4846 horrere
1053 4794 1215 4845 vertit
1253 4790 1474 4859 Langus
1518 4800 1572 4842 et
1603 4790 2180 4860 ChristOphorsonus.
2227 4789 2355 4859 Epi-

797 4864 1038 4928 phanius
1066 4877 1195 4916 vero
1221 4877 1344 4916 cum
1368 4862 1507 4913 hanc
1531 4861 1693 4928 hujus
1719 4859 1866 4914 verbi
1895 4859 2351 4928 signiﬁcationem

798 4936 1092 5003 ignoraret,
1131 4933 1204 4985 ita
1243 4933 1403 4986 vertit
1443 4947 1456 4982 :
1498 4929 1605 5003 Sed
1641 4932 1887 5003 quoniam
1927 4946 2104 4984 omnes
2157 4931 2350 4983 unani—

797 5000 902 5056 tncs
933 5003 1098 5065 illius,
1125 5018 1242 5061 eum
1270 5011 1424 5054 sectte
1453 5000 1672 5052 alterius
1706 5000 2024 5067 fatebantur.

867 5072 980 5143 (5‘2)
1030 5073 1386 5143 Πρόσταγμα
1445 5069 1738 5143 ἐπάρχων.
1774 5069 2108 5143 Praeceptum
2160 5068 2348 5138 praefe-

799 5137 1010 5196 ctorum
1053 5137 1314 5209 praetorio
1343 5137 1755 5208 intelligit.Mos
1775 5141 1919 5194 enim
1959 5137 2094 5193 'erat
2131 5137 2189 5191 ut
2212 5154 2346 5206 prae:

799 5215 967 5266 lectus
989 5212 1260 5281 prmtorio.
1279 5210 1504 5281 quoties
1533 5210 1772 5263 edictum
1803 5209 2022 5278 aliquod
2045 5209 2350 5281 emittebat,

797 5279 1126 5353 reliquorum
1155 5280 1532 5353 praefectorum
1570 5281 1826 5349 pmtorio
1869 5294 2066 5333 nomen
2101 5279 2359 5349 adjunge—

2467 4651 2816 4719 purgationis
2850 4649 3160 4720 Czeeiliani,
3194 4668 3316 4720 qua:
3363 4653 3505 4705 edita
3547 4660 3676 4706 sunt
3706 4662 3830 4719 post
3855 4649 4027 4706 colla-

2463 4723 2681 4789 tionem,
2706 4719 3222 4789 Carthaginiensem,
3251 4732 3363 4774 tum
3418 4723 3470 4774 in
3507 4720 3744 4776 Novellis
3775 4721 4026 4777 Theodo-

2459 4791 2526 4844 sii
2559 4799 2616 4845 et
2646 4788 3031 4842 Valentiniani.
3087 4791 3302 4844 Illustre
3359 4801 3442 4845 est
3473 4791 3637 4859 hujus
3670 4791 3745 4844 rei
3785 4794 4026 4844 testimo-

2459 4859 2792 4930 niumrapud
2841 4859 3126 4930 antiquum
3178 4861 3498 4928 scriptorem
3534 4863 3602 4914 de
3622 4862 4021 4930 qumstionibus

2459 4928 2671 4983 Veteris
2700 4929 2920 4999 aenovi
2955 4929 3310 4992 Testamenti,
3339 4933 3515 4999 capite
3547 4931 3612 4985 97
3643 4928 3662 4983 ἐ
3703 4930 3843 4983 Nam
3871 4935 3919 4983 si
3968 4934 4022 4983 in

2458 4999 2612 5051 unius
2645 4998 2876 5065 pra'fecti
2905 4999 3150 5066 prwtorio
3184 4998 3594 5066 programmate,
3626 5001 3786 5052 etiam
3842 5003 4020 5053 ca'teri

2457 5069 2695 5135 prwfecti
2712 5067 2896 5135 jubere
2924 5068 3195 5130 dicuntur,
3225 5079 3434 5136 propter
3463 5071 3830 5123 auctoritatem
3864 5071 4021 5123 unius

2459 5139 2994 5205 potestatis;.quanto
3021 5141 3188 5208 magis
3213 5140 3264 5191 iu
3316 5141 3471 5192 unius
3531 5138 3628 5191 Dei
3683 5141 3921 5208 imperio,
3975 5141 4023 5192 si

2459 5209 2664 5260 locutus
2717 5223 2919 5280 unuse
2944 5208 3112 5262 tribus
3165 5208 3346 5277 fuerit,
3384 5226 3486 5264 non
3526 5209 3810 5280 incongrue
3841 5210 4021 5262 dicen-

2463 5285 2550 5330 tur
2578 5287 2684 5332 tres
2713 5277 2874 5332 locuti
2897 5279 2922 5330 Ρ

2159 5451 2547 5511 VARIORUM.

864 5603 890 5633 ι
932 5593 1305 5662 Πρόσταῃισ.
1357 5592 1605 5648 Edictum
1639 5591 1882 5662 Valentis
1934 5592 2197 5648 adversus
2229 5594 2344 5662 epi-

2449 5592 2600 5662 (Ant.
2635 5589 2803 5662 Pagi,
2825 5592 2888 5645 ad
2923 5607 3065 5662 ann.
3091 5593 3215 5653 370.
3251 5610 3306 5645 n.
3338 5594 3391 5648 3.
3425 5593 3506 5647 CI.
3564 5593 3924 5654 Benedictini,
3955 5594 4023 5645 ad

795 5676 990 5734 seopos
1014 5661 1365 5734 orthodoxos,
1396 5673 1449 5719 et
1473 5663 1596 5734 luga
1629 5661 1687 5718 S.
1722 5663 2006 5718 Athanasii
2031 5664 2113 5734 ad
2141 5661 2344 5716 annum
2453 5661 2582 5734 ann.
2609 5663 2733 5734 βίη.
2761 5661 2898 5716 Vide
2949 5673 3002 5717 et
3032 5661 3330 5734 Solomon.
3393 5666 3484 5718 lib.
3516 5682 3588 5725 vt.
3637 5681 3754 5734 cap.
3808 5664 3894 5725 li,
3932 5665 4020 5716 ubi

792 5731 906 5802 3677
921 5733 1223 5799 pertinent:
1258 5733 1488 5801 ideoque
1508 5733 1750 5789 Valentis
1777 5733 2080 5802 persecutio
2111 5734 2348 5786 triennio

792 5801 1003 5858 tardius
1038 5819 1196 5874 quar‘
1251 5807 1578 5875 Oportuerit,
1639 5819 1665 5858 ιδ
1706 5801 1941 5868 Βοιοιιίο
2004 5804 2351 5875 consignata.

2458 5733 2570 5787 hac
2594 5732 2660 5787 de
2699 5733 3000 5787 Athanasio
3023 5732 3197 5788 fusius
3223 5738 3558 5802 narrantur.)
