4508 6588
411 432 510 489 497

1403 430 1721 487 HISTORIA
1764 432 2334 488 ECCLESIASTICA.
2369 461 2436 470 —
2470 433 2595 489 LlB.
2655 434 2739 488 IV.

3579 434 3682 490 £98

410 548 751 619 γραμμάτων
770 550 1058 618 ἐσήμανεν,
1085 549 1254 613 ἀδεῶς
1283 553 1505 621 κρατεῖν
1525 550 1634 604 τῶν
1666 551 2006 622 Ἐκκλησιῶν
2035 565 2078 620 Α
2106 554 2190 608 del

1901 553 2006 608 ἰῶν
2035 565 2078 620 Α
2106 553 2347 608 delituit.
2385 552 2490 610 Sed
2525 570 2649 608 cum
2680 555 2917 623 populus
2951 554 3258 608 absentiam
3289 552 3408 622 ejus
3443 564 3681 621 gramrr

423 640 758 696 Ἀθανέισιον.
791 643 899 695 Καὶ
929 641 1072 694 τοῦτ’
1098 638 1165 711 ἦν
1204 645 1374 696 αἴτιον
1405 645 1499 697 τοῦ
1544 644 1618 715 μὴ
1659 646 1994 716 ταραχθῆναι

411 732 508 799 τὴν
554 731 943 801 Ἀλεξανδρέων
986 733 1349 802 Ἐκκλησίαν,
1396 735 1500 797 ἕως
1537 735 1635 803 τῆς
1676 735 1996 790 ’ΛΟανασίου

411 824 686 893 τελευτῆς.
727 825 845 876 Ὅτι
875 826 973 894 μὲν
1024 821 1142 886 οὖν,
1183 830 1318 894 μετὰ
1351 827 1448 896 τὴν
1502 828 1757 896 τελευτὴν
1805 829 1994 894 αὑτοῦ,

413 918 574 970 πάλιν
599 919 645 970 οἱ
678 917 770 970 τοῦ
807 919 1083 988 ’Λρειανοῦ
1115 919 1314 989 μέρους
1336 921 1442 974 τῶν
1472 922 1807 992 Ἐκκλησιῶν
1829 923 1994 993 ἐκρά-

412 1021 602 1071 τησαν,
651 1007 831 1077 μικρῷ
859 1007 1084 1076 ὕστερον
1114 1008 1359 1079 λέξομεν.

2105 645 2310 709 ferens,
2347 647 2420 700 oh
2444 661 2686 700 amorem
2719 647 2839 714 ejus
2875 660 2940 698 ac
2977 645 3333 710 desiderium,
3361 644 3682 698 seditionem

2105 736 2423 802 conflasset,
2464 737 2696 790 audiens
2729 738 3031 806 imperator
3061 751 3124 791 ea
3161 737 3229 790 de
3258 750 3426 790 causa
3472 735 3684 788 turbari

2106 829 2522 890 Alexandriam,
2559 830 2746 884 missis
2775 829 2974 884 litteris
3023 828 3282 898 prtecepit
3331 835 3391 880 ut
3441 827 3686 880 Athana-

2106 921 2224 976 sius
2264 936 2460 975 secure
2505 930 2560 973 et
2591 922 2802 990 absque
2853 929 3000 974 metu
3056 917 3332 973 Eeclesias
3390 917 3682 972 obtineret.

2107 1012 2222 1068 Hae
2261 1013 2476 1067 ratione
2517 1013 2719 1066 factum
2751 1021 2835 1067 est.
2874 1020 2931 1064 ut
2959 1009 3456 1064 Alexandrinorum
3498 1008 3685 1060 lict-ie-

414 1096 495 1148 sia
525 1111 699 1164 usque
721 1097 787 1150 ad
822 1098 1031 1151 obitum
1057 1097 1344 1155 Athanasii
1379 1103 1562 1171 quieta
1604 1113 1658 1158 et
1694 1114 1880 1173 pacata
1924 1106 2314 1176 permanserit.
2346 1105 2594 1171 Qualiter
2641 1121 2772 1158 vero
2799 1111 2921 1173 post
2943 1101 3063 1171 ejus
3106 1113 3332 1156 mortem
3367 1101 3552 1153 Ariani
3591 1102 3686 1152 ite-

416 1201 537 1241 rum
585 1187 846 1244 Ecclesiis
905 1192 1061 1259 potiti
1118 1193 1256 1256 sint,
1291 1195 1453 1264 paulo
1509 1205 1636 1264 post
1675 1197 1940 1252 dicemus.

1018 1327 1268 1380 ΚΕΦΛΛ.
1317 1331 1412 1381 Μ’.

424 1436 516 1502 Ὠς
539 1435 832 1499 Εὺδοξίου
854 1437 924 1490 ἐν
944 1441 1578 1495 Κωνσταντινουπόλει
1599 1445 1995 1504 τελευτήσαν-

486 1524 616 1579 ζος,
647 1508 848 1579 οὶ-μὲν
895 1509 1169 1579 Ἄρξῑιζινοὶ
1203 1513 1566 1578 Δημόφιλον,
1608 1517 1660 1566 ol
1691 1514 1996 1579 ὀρθόὸοξοι

486 1575 556 1656 se
604 1575 932 1656 Εὺὰγριον,
978 1578 1052 1632 δι’
1095 1575 1431 1636 Εὐστὰθίου
1454 1583 1560 1637 τοῦ
1610 1575 1988 1652 Ἀντιοχείας,

487 1649 972 1714 ἐχειροτόνησαν.

490 1757 787 1828 Τοιγαροῦν
819 1760 848 1811 ὁ
882 1759 1132 1829 βασιλεὺς
1167 1761 1380 1833 Οὐάλης
1417 1764 1576 1817 πάλιν
1623 1767 1716 1818 ἐπὶ
1743 1766 1840 1836 τὴν
1885 1768 2003 1819 Ἀνη

419 1849 652 1918 τιὸχειαν
684 1849 1055 1920 σπεύδων(ῖί5)
1083 1851 1296 1921 ἀπῇρεν
1326 1853 1434 1905 ἀπὸ
1459 1854 1559 1923 τῆς
1591 1855 2000 1909 Κωνσταντίνου

421 1938 623 2001 πόλεως
656 1955 669 1968 '

717 1939 809 1992 καὶ
866 1939 1154 2009 γενόμενος
1205 1944 1262 1993 ὲν
1319 1941 1658 2012 Νικομηδείᾳ
1715 1945 1866 1998 πόλει
1900 1946 2018 2014 τῆς.

2636 1331 2797 1401 230
2827 1329 2975 1384 car.
3013 1328 3155 1382 xw.

2107 1445 2383 1511 Quomodo
2423 1455 2635 1499 mortuo
2675 1444 3140 1512 Constantinopoli
3195 1443 3459 1504 Eudoxio,
3496 1443 3687 1496 Ariani

2175 1517 2386 1583 quidem
2427 1515 2826 1583 Demophilum,
2868 1516 3164 1568 ()rlltodoari
3205 1531 3322 1566 rero
3381 1513 3684 1582 Eragrimn,

2172 1587 2440 1641 aimitente
2473 1585 2755 1639 Eustathio
2777 1585 3117 1648 Antiocheno,
3143 1585 3524 1638 ordinaverint.

2179 1762 2349 1818 Porro
2372 1763 2682 1832 imperator
2714 1762 2917 1817 Valens
2949 1763 3140 1817 relicta
3178 1762 3687 1833 Constantinopoli,

2108 1853 2303 1908 iterum
2332 1854 2680 1908 Antiochiam
2705 1855 3008 1910 contendit.
3033 1854 3282 1923 Cumque
3305 1854 3676 1910 Nicomediam

2111 1946 2372 2015 Bithyniae
2399 1945 2658 2007 venisset,
2698 1946 2809 2000 illic
2841 1947 3088 2002 substitit
3135 1947 3206 2000 ob
3243 1948 3384 2001 hanc
3444 1963 3686 2003 causam.

423 2029 670 2093 Βιθυνίας
692 2069 706 2092 ,
738 2031 1004 2100 ἐπεςχὲοη
1041 2031 1158 2084 κατ’
1213 2032 1383 2102 αὐτὴν
1415 2033 1481 2085 δι’
1511 2035 1689 2087 αἰτίαν
1721 2037 1997 2106 τοιαύτην.
2036 2039 2072 2090 Β
2104 2035 2203 2091 Eur.

1911 2056 1997 2106 ην.
2036 2039 2072 2090 Β
2104 2035 2413 2100 Eudoxius,
2444 2038 2663 2092 Ariana}
2705 2038 2963 2093 factionis
3013 2039 3328 2108 cpisc0pus,
3358 2050 3476 2107 post
3518 2040 3688 2108 impc-

423 2121 668 2186 Εὑδόξιος
712 2115 862 2184 οὗτος
894 2124 921 2175 ὁ
972 2123 1069 2192 τῆς
1122 2124 1407 2194 Ἀρειανῆς
1461 2125 1756 2196 ἐκκλησίας
1790 2129 2002 2182 ἐπίσκο-

421 2228 555 2276 πος,
593 2211 754 2274 εὐθὺς
782 2212 918 2280 μετὰ
957 2212 1056 2282 τὴν
1095 2213 1186 2266 τοῦ
1221 2213 1485 2282 βασιλέως
1532 2217 1710 2283 ἔξοδον
1743 2219 1884 2271 τέλει
1911 2219 2002 2272 τοῦ

423 2305 540 2374 βίου
584 2307 890 2375 ἐχρήσατο,
932 2307 988 2357 ἐν
1030 2306 1265 2378 ὑπατείᾳ
1297 2309 1741 2363 Οὑαλεντινιανοῦ
1775 2312 1834 2363 τὸ
1885 2311 2001 2379 τρί-

423 2413 511 2448 τον
539 2399 632 2449 καὶ
650 2396 948 2459 Οὐάλεντος
969 2397 1029 2449 τὸ
1059 2398 1260 2467 τρίτον,
1277 2399 1566 2452 δεκαεννέα
1593 2403 1870 2464 amaturo);
1891 2404 1944 2466 (5
1961 2405 2004 2471 ’t)

424 2489 518 2556 τῆς
566 2490 623 2539 ὲν
661 2489 1073 2541 Κωνσταντίνου
1124 2490 1276 2542 πόλει
1306 2492 1630 2562 Ἐκκλησίας
1677 2495 1768 2546 τὸν
1813 2495 2001 2564 Ορὸνον

425 2578 778 2649 κατεσχηκὼς
807 2596 821 2608 '
860 2580 940 2632 διὸ
977 2582 1026 2632 οἱ
1061 2581 1329 2651 ’Λρειανοὶ
1378 2584 1456 2646 είς
1490 2583 1582 2636 τὸν
1634 2585 1798 2638 τόπον
1842 2586 2006 2638 αὐτοῦ

427 2671 724 2724 καθεστῶτι
769 2672 1074 2741 Δημόφιλον
1116 2673 1164 2727 b.
1220 2674 1428 2744 Καιροῦ
1462 2675 1517 2727 δὲ
1559 2676 1875 2746 νομίσαντες
1925 2677 2010 2729 δε-

426 2763 653 2834 δρὰχοαι
685 2765 734 2816 oi.
763 2765 857 2816 τοῦ
885 2764 1168 2833 ὀμοουσίου
1197 2804 1210 2826 ,
1238 2767 1336 2836 τῆς
1363 2767 1569 2820 ἑαυτῶν
1608 2769 1843 2832 πίστεως
1875 2771 2012 2823 Εὐά-

430 2855 584 2922 γριὸν
612 2871 732 2906 τινα
773 2856 1170 2925 προεϐάλλοντο
1195 2873 1209 2887 ·
1237 2859 1330 2909 καὶ
1369 2863 1666 2930 χειροτονεῖ
1695 2862 1882 2914 τοῦτον
1913 2864 2013 2915 Εὑ-

435 2945 684 3007 στᾶΟιος,
717 2947 954 3000 emata:
989 2949 1102 3016 (55)
1147 2950 1278 3001 ποτε
1325 2951 1626 3014 ἐπίσκοπος
1684 2953 2014 3024 Ἀντιοχείας

431 3039 700 3104 γεγονώς·
750 3038 810 3098 ὃς
869 3040 1130 3109 πρότερον
1174 3042 1272 3111 μὲν
1325 3042 1429 3094 ὑπὸ
1477 3043 1733 3096 Ἰοϐιανοῦ
1768 3045 1867 3114 τῆς
1927 3046 2014 3110 ἐξ-

432 3130 587 3197 ορέα;
617 3130 976 3200 ἀνακέκλητο,
1005 3133 1127 3185 τότε
1153 3133 1210 3186 δὲ
1241 3133 1423 3204 παρῆν
1456 3137 1535 3196 εἰς
1551 3135 1650 3206 τὴν
1677 3137 2018 3189 Κωνσταντι-

435 3219 686 3273 νούπολιν
717 3261 731 3285 ,
763 3223 950 3293 σκοπῷ
983 3224 1075 3277 τοῦ
1125 3224 1374 3296 στηρίξαι
1417 3227 1542 3288 τοὺς
1587 3225 1688 3294 τῆς
1737 3229 2017 3296 opaea-sieo

437 3314 669 3376 πίστεως
692 3327 705 3340 ·
734 3315 828 3367 καὶ
860 3319 977 3369 κατ’
1007 3317 1176 3388 αὐτὴν
1200 3318 1476 3371 λανθάνων
1509 3317 1797 3389 διέτριϐεν.

2104 2130 2306 2183 ratoris
2336 2129 2666 2190 discessum,
2692 2130 2876 2182 statim
2907 2138 3211 2183 extremum
3257 2130 3400 2184 diem
3455 2131 3687 2193 obierat,

2112 2217 2505 2274 Valentiniano
2539 2221 2760 2274 tertium
2793 2229 2849 2274 et
2878 2219 3104 2274 Valente
3159 2221 3383 2273 tertium
3442 2222 3690 2274 consuli-

2107 2312 2232 2371 bus.
2261 2328 2384 2364 cum
2415 2312 2791 2366 novemdeeim
2825 2313 2984 2367 annis
3020 2312 3690 2382 Constantinopolitauam

2110 2403 2408 2458 Ecclesiam
2469 2405 2722 2458 rexisset.
2772 2403 3140 2469 Quamobrem
3202 2404 3393 2457 Ariani
3448 2405 3501 2457 in
3551 2404 3674 2468 eius

2111 2495 2288 2549 locum
2317 2495 2694 2566 Demophilum
2730 2496 3152 2551 substituerunt.
3189 2493 3693 2550 llomousianivrro

2111 2594 2486 2656 opportunum
2537 2587 2640 2641 sibi
2703 2595 2921 2655 tempus
2955 2587 3200 2640 oblatum
3233 2587 3362 2650 rati,
3395 2585 3690 2655 quemdam

2115 2679 2235 2733 lidei
2296 2695 2409 2734 suae
2459 2680 2658 2740 virum,
2719 2679 3012 2750 Evagrium
3068 2679 3313 2741 nomine,
3367 2679 3690 2747 elegerunt:

2113 2788 2348 2842 eumque
2374 2772 2650 2826 ordinavit
2684 2771 3030 2832 Eustathius.
3061 2771 3192 2824 olim
3244 2771 3546 2823 Antiochiae
3577 2769 3694 2835 epi-

2117 2880 2348 2932 scopus:
2383 2865 2474 2934 qui
2519 2865 2671 2934 prius
2702 2863 2926 2934 quidem
2961 2861 3182 2917 Joviani
3216 2862 3488 2931 principis
3517 2861 3696 2915 edit-to

2120 2955 2190 3009 ab
2206 2955 2402 3010 exsilio
2433 2955 2610 3009 fuerat
2641 2963 2931 3010 revocatus
2955 2993 2968 3016 ,
2993 2963 3127 3008 tunc
3147 2969 3273 3008 vero
3301 2970 3423 3007 cum
3455 2956 3699 3008 venisset

2124 3047 2653 3116 Constantinopolim
2707 3063 2774 3102 eo
2803 3045 3038 3101 consilio
3088 3055 3147 3099 ut
3203 3046 3697 3100 homousiauorum

2124 3139 2280 3194 fidem
2331 3140 2633 3207 stabiliret,
2685 3138 2941 3194 occultus
2992 3137 3152 3192 inca
3210 3138 3698 3193 urbecommora:

2124 3231 2306 3287 batur.

1645 3471 1914 3526 VALESII
1945 3471 2182 3527 ANNOT
2194 3471 2523 3532 ATIONES.

513 3568 625 3636 (53)
659 3567 853 3621 Πάλιν
873 3567 971 3620 ἐπὶ
994 3565 1111 3632 τὴν
1152 3566 1516 3633 Ἀντιόχειαν
1541 3567 1839 3619 σπεύδων.
1896 3565 2014 3619 Jam
2047 3572 2088 3626 ο
2123 3568 2293 3622 siastii

1930 3581 2014 3618 am
2047 3572 2088 3626 C
2123 3568 2385 3629 siasticis,
2421 3566 3073 3636 Eustathiumimortuum
3110 3580 3238 3618 esse
3272 3564 3492 3636 sc_'rihit
3524 3563 3576 3616 in
3607 3577 3704 3636 ese

443 3651 603 3693 antea
645 3639 945 3706 imperator
999 3637 1199 3691 Valens
1226 3637 1572 3691 Antiochiam
1637 3636 2015 3690 contenderat.

445 3709 648 3763 Verum
681 3709 733 3760 in
766 3708 962 3760 itinere
1004 3707 1190 3760 audita
1241 3707 1546 3760 defectione
1596 3706 1873 3772 Procopii.
1939 3722 2022 3759 re-

445 3779 602 3850 gredi
628 3785 858 3850 coactus
884 3787 990 3850 est,
1017 3786 1077 3831 ut
1109 3784 1341 3850 testatur
1375 3776 1699 3850 Ammianus
1743 3776 2022 3850 _Mareel|i-

447 3845 629 3905 iiusin
663 3849 754 3902 lib.
790 3847 879 3902 26.
917 3846 1195 3900 Immerito
1221 3849 1385 3914 igitur
1427 3845 1696 3899 Baronius
1739 3846 2020 3898 Socratem

446 3919 824 3989 reprehendit.
854 3918 1213 3989 Nequeenim
1241 3916 1531 3989 Socrates
1561 3917 1694 3969 dicit
1744 3915 2022 3970 Valentem

443 3987 558 4060 jam
594 4000 752 4042 antea
789 3991 1008 4042 venisse
1038 3987 1408 4060 Antiochiam,
1441 3987 1535 4041 sed
1569 3995 2026 4060 tantumeomu-

450 4055 716 4120 tendisse,
747 4060 888 4129 quod
928 4067 1076 4111 certe
1105 4059 1451 4129 veriSsimam
1490 4066 1594 4129 est.
1632 4057 1737 4129 Sed
1770 4055 2026 4110 Christo-

449 4131 710 4201 phorsoni
743 4127 925 4201 versit)
977 4129 1277 4201 Baroniuiu
1311 4128 1525 4201 videtur
1573 4127 1854 4201 fefellisse.
1905 4141 2026 4201 qua:

453 4196 534 4256 sic
559 4201 762 4254 habet:
802 4199 1102 4268 Imperator
1140 4196 1326 4251 Valens
1358 4197 1527 4250 denuo
1578 4197 1913 4251 Antiochiam
1953 4196 2028 4248 ire

453 4283 756 4324 ηιαιιιναηε.

527 4341 649 4411 (54)-
680 4338 1014 4411 Aegaei-rea
1051 4339 1378 4411 ἐνιαυτούς.
1410 4335 1639 4392 Rectius
1687 4336 2027 4411 stimuleum

454 4405 712 4464 undecim
759 4410 1024 4463 duntaxat
1069 4409 1425 4477 episcopatus
1461 4424 1636 4463 annos
1693 4406 1886 4462 tribuit
1916 4405 2028 4460 Eu—

456 4481 646 4534 doxio.
674 4478 836 4532 Certe
861 4479 1138 4534 I'Iudoxius
1159 4478 1536 4548 episcOpatum
1564 4478 2019 4546 Constantinopo-

457 4552 576 4605 leos
616 4550 818 4604 invasit
867 4549 1098 4602 Eusebio
1127 4559 1180 4603 et
1238 4549 1467 4618 Hypatio
1526 4550 1873 4618 consulibus,
1934 4548 2026 4616 qui

459 4621 563 4674 fuit
592 4635 769 4673 annus
796 4618 999 4673 Christi
1040 4621 1159 4674 559.
1199 4617 1451 4674 Mortuus
1503 4627 1587 4673 est
1619 4629 1801 4672 autem
1829 4617 2026 4671 Valen-

458 4691 672 4743 tiniano
717 4698 770 4742 et
841 4687 1068 4744 Valente
1141 4690 1364 4741 tertium
1461 4690 1812 4750 consulibus,
1887 4703 2031 4740 anno

459 4760 664 4813 Christi
687 4759 813 4814 570.
850 4758 1030 4824 Quare
1062 4758 1207 4828 apud
1242 4758 1523 4813 Socratem
1565 4757 1914 4814 scribendum
1947 4768 2030 4812 est

458 4830 714 4889 δεκαένα,
740 4833 883 4898 quod
915 4828 1204 4883 confirmat
1249 4829 1588 4899 Epiphanius
1632 4829 2028 4883 Scholastieus.

2127 3638 2270 3699 silio,
2329 3638 2714 3706 sepultumque
2772 3635 3121 3703 Trajanopoli
3180 3637 3234 3688 in
3291 3633 3704 3706 rThraciahuhi

2125 3703 2435 3764 exsulabat.
2473 3706 2628 3771 Quod
2677 3706 2723 3759 si
2758 3707 2829 3758 ita
2864 3717 2971 3769 est,
3015 3705 3323 3758 Constantii
3369 3703 3707 3773 temporibus

2126 3787 2376 3830 mortuus
2411 3777 2575 3830 fuerit
2603 3791 2827 3830 necesse
2864 3785 2968 3840 est;
3007 3775 3262 3828 Julianus
3305 3775 3470 3828 enim.
3505 3783 3558 3826 et
3588 3783 3708 3840 post

2126 3850 2277 3902 illum
2313 3846 2576 3901 Jovianus
2605 3855 2837 3899 cunctos
2887 3848 3176 3915 episcopos
3212 3847 3280 3898 ab
3309 3843 3509 3915 exsilio
3536 3859 3709 3915 retro-

2127 3918 2292 3971 cavit.
2319 3917 2462 3971 Sane
2488 3920 2572 3970 vix
2603 3915 2869 3971 credibile
2893 3913 2999 3972 est.
3032 3913 3372 3968 Eustathiuui
3415 3913 3710 3967 Antioche-

2128 4005 2256 4041 llllm
2287 3988 2354 4039 ad
2413 3988 2526 4041 hate
2559 4003 2734 4055 usque
2790 3995 3037 4056 tempora
3094 3986 3380 4056 pervenire
3433 3985 3706 4056 potuisse.

2128 4059 2262 4112 Cum
2294 4057 2437 4112 enim
2472 4057 2787 4112 interfuerit
2823 4055 3060 4110 concilio
3112 4055 3353 4114 Nicanio,
3385 4055 3530 4123 quod
3563 4069 3709 4106 anno

2126 4128 2330 4183 Christi
2382 4127 2486 4182 525
2530 4129 2861 4182 celebratum
2905 4137 3028 4190 est,
3081 4141 3348 4196 ponamus
3403 4140 3528 4179 eum
3572 4133 3712 4196 tunc

2129 4201 2383 4268 quintum
2436 4207 2492 4252 et.
2529 4198 3010 4268 quadragesimum
3056 4195 3231 4251 aitatis
3267 4211 3472 4268 annum
3501 4195 3707 4268 egisse.

2128 4263 2211 4324 Ab
2252 4269 2354 4322 hoc
2394 4263 2759 4336 anno-usque
2779 4268 2845 4320 ad
2881 4269 3101 4320 tertium
3133 4267 3478 4336 Consulatum
3515 4263 3713 4336 Valen-

2129 4339 2329 4393 tiniani
2359 4346 2413 4390 et
2457 4334 2725 4400 Valentis,
2757 4353 2866 4407 quo
2895 4337 3218 4391 Eustathius
3242 4334 3532 4405 Evagriuni
3559 4334 3712 4407 ordi-

2131 4425 2290 4465 nasse
2320 4409 2522 4462 dicitur
2559 4405 3055 4475 Constantinopoli,
3084 4408 3213 4459 anni
3239 4408 3512 4458 intersunt
3543 4405 3712 4473 quin-

2131 4496 2238 4548 que
2267 4487 2321 4533 et
2355 4477 2732 4548 quadraginta.
2755 4480 2832 4532 Ita
2861 4478 3179 4532 Eustathius
3210 4478 3502 4548 nonaginta
3531 4489 3708 4548 annos

2130 4545 2296 4604 natus
2343 4545 2506 4602 fuerit
2540 4545 2780 4618 oportet,
2813 4549 2859 4602 si
2913 4549 3019 4601 hoc
3050 4563 3196 4601 anno
3239 4546 3531 4618 Eragrium
3568 4545 3716 4618 ordif

2130 4621 2282 4674 navit
2316 4614 2656 4688 episcopum.
2700 4619 2868 4672 Porro
2907 4634 3018 4672 non
3040 4614 3716 4688 omitteiidiim_est,_qriod

2133 4707 2200 4744 ex
2256 4685 2887 4744 Victoris—Tuniinensis
2924 4688 3198 4743 Chronico
3255 4686 3449 4747 didici.
3518 4685 3715 4738 Eusta-

2134 4761 2309 4814 thiuin
2350 4759 2750 4814 Antiochenum
2802 4776 2912 4812 non
2966 4757 3344 4826 Trajanopoti,
3381 4765 3461 4826 _ut
3520 4756 3717 4826 scribit

2135 4830 2521 4901 Hieronymus,
2569 4829 2664 4901 sed
2722 4828 2986 4901 Philippis
3040 4824 3312 4901 sepultum
3370 4824 3566 4901 fuisse.
3611 4824 3718 4901 Sic

467 4903 650 4968 Itaque
679 4894 946 4953 Baronius
981 4899 1068 4953 hic
1097 4894 1314 4969 quoque
1356 4894 1643 4953 immerito
1684 4901 2032 4968 reprehendit
2067 4907 2108 4960 1)
2135 4902 2281 4954 enim
2342 4894 2539 4954 scribit
2570 4918 2583 4954 :
2630 4899 2761 4953 Post
2796 4894 3127 4953 consulatum
3161 4898 3397 4969 Atei-tium
3456 4894 3715 4969 Longini,

466 4969 772 5028 Socratem.
806 4985 930 5022 cum
968 4985 1072 5022 non
1128 4970 1383 5024 Socrates
1436 4970 1572 5038 ipse,
1629 4970 1723 5023 sed
1786 4969 2033 5022 Socratis

464 5040 684 5094 codices
720 5041 805 5094 hic
837 5039 956 5093 falsi
997 5049 1146 5094 sunt.
1179 5040 1446 5094 Czcterum
1510 5039 1575 5092 de
1603 5040 1657 5092 οι
1679 5039 1755 5093 itu
1790 5038 2024 5092 Eudoxii

466 5109 733 5162 videndus
766 5119 848 5164 est
881 5110 1282 5178 Philostorgius
1322 5111 1374 5163 in
1408 5109 1547 5162 libro
1584 5124 1659 5162 Ix.

538 5180 649 5248 (55)
689 5179 1022 5245 Χειροτονεῐ
1079 5179 1294 5233 τοῦτον
1358 5178 1711 5244 Εὐστίὶθιος,
1742 5182 1773 5232 ὀ
1830 5179 2034 5232 πάλαι.

467 5247 612 5303 Idem
638 5266 853 5318 quoque
887 5251 1050 5303 refert
1083 5251 1419 5305 Sozomeaus
1456 5253 1509 5302 in
1547 5251 1684 5303 libro
1717 5265 1790 5314 vn,
1825 5261 2038 5302 utrum-

467 5335 576 5389 que
667 5328 848 5373 tamen
923 5323 1272 5389 reprehendit
1321 5320 1616 5382 Baronius,
1678 5321 1744 5372 ad
1800 5334 2036 5379 annum

467 5387 669 5443 Christi
719 5391 842 5444 570.
898 5387 1240 5444 Eustathium
1285 5392 1429 5444 enim
1486 5390 1885 5442 Antiochenam
1945 5389 2039 5443 diu

469 5467 627 5528 antea
649 5471 922 5514 mortuum
943 5477 1065 5514 esse
1087 5461 1370 5514 contendit
1403 5469 1665 5528 regnante
1691 5460 2035 5514 Constantio.

467 5527 628 5585 Certe
662 5529 1028 5601 Hieronymus
1060 5531 1114 5584 in
1145 5532 1287 5586 libro
1320 5531 1392 5585 De
1447 5527 1813 5600 seriptoribus
1861 5531 2040 5585 eccle—

2139 4969 2394 5026 Calendio
2417 4970 2774 5024 Antiochenus
2800 4970 3070 5038 episcopus
3093 4967 3344 5036 reliquias
3373 4964 3719 5038 prindecesso-

2136 5042 2211 5093 ris
2244 5042 2326 5094 sui
2358 5039 2626 5094 Eustathii
2651 5035 2879 5109 episcopi
2908 5050 2954 5094 et
2976 5035 3312 5107 confessoris
3357 5051 3422 5089 ea:
3457 5035 3722 5103 Philippis

2137 5109 2462 5164 Macedonio:
2513 5110 2762 5180 colligit,
2817 5121 2868 5164 et
2928 5109 3268 5180 Antiochiam
3338 5123 3542 5180 summo
3597 5121 3717 5180 cum

2139 5181 2333 5234 honore
2357 5181 2616 5249 perducit.
2642 5175 2793 5234 idem
2824 5180 2992 5233 tradit
3043 5179 3369 5249 Theodorus
3419 5175 3615 5249 Lector
3663 5176 3716 5227 in

2141 5251 2280 5305 libro
2316 5247 2559 5305 secundo
2585 5260 2966 5319 excerptorum
3033 5247 3286 5302 llistoriw
3324 5247 3745 5319 ecclesiasticis,

2142 5321 2226 5375 his
2251 5322 2430 5376 verbis
2461 5340 2474 5373 :
2515 5314 2828 5374 Καλανδίὼν
2858 5321 2915 5372 δὲ
2959 5321 3188 5388 αἰτήσας
3236 5319 3325 5370 τὸν
3367 5318 3630 5388 Ζήνωναν
3658 5314 3720 5388 το

2141 5391 2391 5458 λείψανον
2447 5390 2744 5444 Εὑσταθίου
2802 5392 2881 5452 εἰς
2953 5386 3283 5458 Ἀντιόχειαν
3329 5389 3558 5458 ἤνεγκεν
3609 5386 3719 5458 ἀπο

2141 5455 2422 5514 Φιλίππων
2477 5463 2577 5530 τῆς
2618 5461 2978 5522 Μακεδονίας,
3020 5455 3271 5512 ἔνθακαὶ
3305 5457 3567 5530 ἐξώριστο
3625 5455 3720 5530 καὶ

2144 5531 2435 5586 ἀπέθανεν.
2475 5525 2612 5587 Male
2674 5531 2942 5585 Baronius
2973 5531 3110 5584 hanc
3152 5525 3568 5582 translatiOnem
3602 5525 3714 5579 reli-

1843 5707 2233 5766 VARIORUM.

541 5799 570 5840 δ
609 5805 710 5875 Εἰς
735 5802 837 5875 τὸν
854 5800 1271 5875 τόπον-ςιὴτοῦ
1327 5802 1650 5856 καθιστῶσι
1707 5806 2067 5875 Δημόφιλον.
2112 5805 2186 5862 De
2219 5805 2321 5861 Eni

1976 5823 2067 5862 ον.
2112 5805 2186 5862 De
2219 5805 2464 5862 Eudoxio
2488 5805 2605 5861 ride
2638 5803 2880 5860 Socratis
2939 5803 3029 5857 lih.
3076 5816 3136 5864 ll,
3177 5814 3296 5870 cap.
3331 5795 3398 5851 42
3436 5813 3448 5860 ;
3510 5793 3577 5850 dc
3623 5791 3753 5850 De»

472 5874 718 5943 mophilo
750 5871 1098 5942 Philostorgii
1129 5872 1221 5928 lib.
1251 5888 1328 5938 ix,
1369 5889 1487 5943 cap.
1534 5875 1596 5930 10
1622 5884 1672 5930 et
1709 5871 1792 5929 Ην.
