4464 6586
416 464 510 520 501
1336 461 1656 519 HISTORIA
1698 457 2272 518 ECCLESIASTICA.
2313 484 2376 498 -—
2414 454 2539 510 LIB.
2585 454 2669 511 IV.

3574 450 3679 507 50‘2

414 579 493 650 τῷ
527 577 746 649 φανερῷ
778 577 1017 647 φονεύων
1048 577 1277 643 αὐτοὺς,
1320 578 1611 633 πλάττεται
1652 579 1732 641 είς
1782 577 1997 646 ἑξορῐαν
2026 579 2072 635 Δ
2100 574 2177 630 ιιοι

1915 577 1997 630 ίαν
2026 579 2072 635 Δ
2100 574 2351 631 homines
2382 574 2507 629 illos
2548 573 2653 629 sub
2677 569 2853 627 oculis
2888 570 3130 626 omnium
3168 564 3518 630 interﬁceret,
3546 567 3678 621 sedi-

417 671 656 741 πέμπειν
690 671 815 733 τοὺς
850 670 1067 741 ἄνδρας.
1103 670 1225 723 Τῶν
1267 670 1323 724 δὲ
1361 670 1595 739 εὐγενῶς
1635 668 2001 739 καταδεξαμέ-

418 780 560 824 νων,
620 764 650 815 ὁ
695 761 939 833 ὕπαρχος
987 762 1231 826 κελεύει,
1282 762 1453 833 πλοίῳ
1506 760 1873 833 ὲμόληθέντας
1923 760 1999 824 ὡς

418 855 511 907 ἐπὶ
538 853 635 920 τὴν
669 854 880 924 ἐξορίαν
910 853 1069 921 δῆθεν
1110 853 1416 920 ἀπάγεσθαι
1440 871 1454 885 θ
1485 853 1860 922 ἐντειλάμενος
1886 855 1999 916 τοῖς

419 943 678 1007 ναύταις,
728 943 944 996 ὲπεδάν
989 944 1128 995 κατὰ
1177 944 1342 1013 μέσου
1390 944 1650 1012 γένωνται
1689 946 1782 999 τοῦ
1829 946 1999 999 πελά·-

421 1052 551 1102 γους
570 1077 583 1099 ,
619 1033 826 1103 ὑφάψαι
864 1035 924 1088 τὸ
945 1036 1125 1088 πλοῖον
1148 1053 1160 1065 ·
1196 1038 1281 1089 ἵνα
1302 1036 1394 1089 τὸν
1425 1036 1621 1107 τρόπον
1653 1038 1840 1092 τοῦτον
1869 1039 2001 1093 ἁπο-

423 1126 675 1190 θανόντες
704 1128 779 1196 μὴ
808 1127 967 1192 ἓξωσι
1018 1128 1141 1189 τοὺς
1167 1127 1512 1197 κηδεύοντας.
1536 1128 1719 1182 Ταῦτα
1741 1130 1995 1198 ἐγίνοντο.

426 1219 532 1270 Καὶ
564 1218 887 1287 ἀναχθέντες
907 1260 921 1284 ,
953 1221 1091 1273 κατὰ
1122 1220 1283 1291 μέσον
1309 1237 1364 1272 τε
1412 1220 1505 1273 τοῦ
1543 1222 1875 1291 ’Λστακηνοῦ
1912 1241 2001 1275 πε-

424 1310 621 1378 λάγους
671 1310 695 1349 ἀ
754 1312 1063 1381 γενόμενοι,
1125 1313 1334 1366 ποιοῦσι
1388 1314 1449 1366 τὸ
1500 1315 1873 1384 προσταχθέν·
1922 1318 2000 1379 εἰς

425 1404 612 1473 ἔτερόν
648 1421 707 1455 τε
746 1404 1124 1475 παρεπόμενον
1164 1407 1384 1458 ἀκάτιον
1422 1407 1751 1476 μεταϐάντες
1786 1408 1999 1478 ἀπεχώ-

429 1511 598 1564 ρησαν
620 1535 631 1555 ,
662 1494 721 1547 τὸ
745 1495 925 1547 πλοῖον
949 1496 1278 1563 ὑφάψαντες.
1312 1498 1381 1549 Συ
1392 1497 1531 1567 μὸὰν
1552 1498 1605 1549 δὲ
1632 1498 1827 1567 ἄνεμον
1852 1502 2002 1551 πνεῖν

425 1585 739 1655 άφηλιὼτην
793 1586 1054 1657 σφοδρὸν,
1096 1585 1374 1651 ἐξωθεῖται
1408 1588 1638 1640 ἐπιπολὺ
1674 1590 1932 1659 καιομένη
1970 1591 2001 1660 ἡ

427 1676 555 1738 ναῦς
578 1693 591 1706 ⁸
627 1675 766 1729 ὥστε
812 1678 996 1746 τάχιον
1032 1679 1130 1748 μὲν
1170 1680 1269 1747 τὴν
1304 1680 1478 1751 ὁρμὴν
1525 1681 1813 1745 ποιεῖσθαι,
1852 1681 2003 1751 διαρ-

428 1771 585 1824 κέσαι
618 1771 673 1823 δὲ
706 1771 833 1840 ἄχρι
884 1770 976 1823 τοῦ
1031 1772 1265 1825 ἐπινείου
1294 1813 1308 1835 ,
1338 1766 1382 1839 ᾧ
1414 1774 1767 1843 προσωνυμία
1792 1773 2005 1826 Δακίδι-

429 1863 521 1925 ξος
549 1864 662 1925 (57)
689 1903 703 1925 ,
733 1864 893 1917 κάκεῖ
936 1864 1133 1927 τελέως
1164 1866 1259 1918 σὺν
1293 1869 1403 1927 τοῖς
1432 1866 1691 1936 ἀνδράσιν
1726 1864 2003 1934 ἀναλωθῆ-

429 1970 537 2005 ναι.
566 1953 736 2006 Τοῦτο
777 1956 877 2007 οὐκ
910 1954 1261 2025 ἀτιμώρητον
1307 1956 1487 2024 ἔλεγον
1528 1956 1853 2025 γεγενῆσθαι
1878 1957 2003 2009 πολ-

430 2042 549 2093 λοί·
596 2042 753 2111 λιμὸν
802 2044 909 2114 γάρ
966 2044 1216 2097 σύντονον
1257 2046 1368 2113 (58)
1410 2047 1703 2115 ἐπισυνέϐη
1751 2048 2002 2114 γενέσθαι

431 2133 557 2203 περὶ
584 2134 651 2186 τὰ
683 2135 907 2204 Φρυγῶν
936 2135 1083 2203 ἔθνη,
1122 2137 1196 2197 ὡς
1217 2137 1461 2207 ἀνάγκην
1493 2132 1634 2208 ἔχειν
1663 2139 1796 2208 πρὸς
1825 2138 2003 2205 ὀλίγον

431 2226 526 2295 τῆς
589 2226 773 2297 χώρας
840 2227 1236 2281 ἀπανίστασθαι
1298 2229 1405 2282 τῶν
1465 2230 1816 2283 ἐνοικούντων
1878 2230 2006 2293 τοὺς

434 2319 683 2381 πλείονας
702 2359 716 2381 ,
748 2320 841 2371 καὶ
868 2319 1231 2388 καταφεύγειν
1261 2322 1352 2377 ἐπί
1389 2340 1447 2375 τε
1492 2322 1996 2376 Κωνσταντινούπο-

434 2409 516 2462 λιν
558 2412 651 2463 καὶ
697 2411 857 2473 ἄλλας
908 2413 1191 2481 ἐπαρχίας.
1238 2413 1350 2465 'As‘t
1404 2415 1511 2483 γὰρ
1559 2414 1622 2484 δὴ
1668 2416 2004 2467 Κωνσταντι-

434 2502 713 2564 νούπολις,
765 2504 859 2556 καὶ
898 2505 1100 2575 ἄπειρα
1149 2506 1423 2575 τρέφουσα
1459 2506 1674 2576 πλήθη,
1722 2505 1791 2559 τὰ
1840 2505 2005 2558 πολλὰ

434 2592 753 2661 εὐθηνεῖται,
778 2594 855 2664 τῷ
877 2612 935 2647 τε
966 2595 1053 2647 διὰ
1081 2594 1357 2667 Θαλάσσης
1377 2596 1519 2666 ἔχειν
1538 2598 1647 2648 τῶν
1674 2596 2006 2666 πανταχόθεν

433 2685 757 2755 ἐπιτηδείων
786 2688 883 2757 τὴν
913 2688 1301 2759 προσκομιδὴν,
1333 2690 1425 2741 καὶ
1447 2690 1528 2741 ὅτι
1561 2689 1588 2739 ὁ
1612 2688 1855 2753 Εὔξεινος
1882 2689 2009 2741 Πόν-

433 2794 523 2840 τος
572 2778 975 2848 παρακείμενος
1022 2778 1251 2849 ἄφθονον
1287 2780 1420 2851 αὐτῇ
1448 2823 1462 2846 ,
1491 2780 1650 2851 ήνίκα
1676 2780 2003 2851 προσδεηθῇ,

433 2869 659 2939 παρέχει
686 2869 776 2921 τὸν
807 2872 968 2924 σῖτον.

432 2976 623 3015 omnes
681 2962 746 3016 ad
788 2963 991 3018 victum
1071 2966 1394 3021 necessaria:
1433 2968 1569 3021 mari
1623 2967 1689 3021 ad
1734 2980 1851 3021 eam
1924 2968 2321 3033 imper-tantur;

2102 666 2307 722 tionem
2334 674 2528 722 contra
2559 682 2618 722 se
2662 664 2927 735 imperita:
2957 661 3319 717 multitudinis
3354 658 3679 719 concitaret,

2104 760 2259 831 tingit
2304 776 2363 817 se
2397 762 2519 815 illos
2560 760 2614 814 in
2648 760 2903 815 exsilium
2958 747 3260 813 missurum
3324 769 3468 811 esse.
3525 751 3682 818 Quod

2104 869 2230 908 eum
2261 854 2337 907 illi
2364 852 2643 908 constanti
2670 852 2854 905 animo
2883 849 3249 919 excepissent,
3274 846 3564 918 praefectus
3589 860 3685 900 eos

2103 947 2160 999 in
2214 942 2488 1012 navigium
2540 940 2744 1009 imponi
2795 939 2974 1007 jubet,
3033 947 3296 1007 tanquam
3333 937 3386 990 in
3426 934 3684 991 exsilium

2102 1034 2457 1089 abducendos
2496 1032 2694 1102 :232
2740 1032 3061 1102 praecipiens
3099 1028 3284 1083 nautis
3332 1038 3411 1091 ιιι,
3466 1034 3682 1096 postea-

2101 1141 2267 1197 quam
2306 1125 2359 1178 in
2421 1125 2656 1179 medium
2690 1124 2914 1193 pelagus
2950 1124 3351 1191 pervenissent,
3408 1119 3683 1189 navigium

2104 1218 2454 1274 incenderent
2494 1236 2505 1271 :
2545 1225 2601 1269 ut
2632 1217 2734 1273 hoc
2792 1231 2988 1284 genere
3032 1215 3223 1268 mortis
3278 1214 3561 1279 exstincti,
3600 1227 3685 1267 sc-

2105 1314 2322 1382 pultura
2374 1311 2537 1364 etiam
2570 1310 2931 1379 privarentur.
2972 1308 3063 1362 Sic
3098 1307 3264 1375 igitur
3318 1307 3521 1360 factum
3577 1314 3684 1360 est.

2104 1402 2291 1457 Nauta‘
2316 1420 2379 1458 ex
2420 1411 2577 1472 portu
2625 1400 2871 1469 profecti,
2908 1415 3026 1453 cum
3063 1398 3126 1453 ad
3161 1398 3395 1451 modunn
3433 1396 3685 1451 Astaceni

2105 1496 2261 1551 sinus
2294 1497 2599 1555 venissent,
2641 1491 2844 1546 iaciunt
2868 1490 2919 1544 id
2940 1492 3083 1559 quod
3111 1491 3441 1560 imperatum
3476 1491 3683 1542 l‘uemt:

2104 1600 2157 1644 et
2188 1603 2452 1645 succensa
2484 1587 2703 1649 nave,in
2742 1586 3000 1653 scapham
3031 1600 3150 1654 qua:
3184 1601 3322 1654 pone
3356 1582 3689 1652 sequebatur

2106 1680 2457 1749 transgressi,
2484 1678 3021 1733 discesserunt.t2um
3055 1685 3236 1731 autem
3274 1687 3470 1731 ventus
3500 1676 3690 1729 subso-

2107 1772 2267 1825 Ianus
2302 1771 2597 1823 vehemens
2640 1769 2955 1838 ingruisset,
3012 1768 3163 1821 navis
3214 1784 3332 1837 qua:
3389 1766 3690 1834 conﬂagra-

2106 1863 2218 1925 bat,
2266 1860 2553 1915 violentius
2601 1860 2804 1929 impelli
2859 1860 3025 1928 cmpit
3069 1878 3089 1913 ι
3141 1859 3276 1913 adeo
3323 1868 3379 1910 ut
3432 1858 3688 1911 velociori

2105 1953 2323 2023 quidem
2359 1967 2519 2006 cursu
2549 1950 2806 2010 ferretur,
2834 1950 3041 2018 integra
3072 1959 3252 2003 autem
3288 1950 3597 2017 pervenerit
3621 1947 3689 2002 ad

2108 2044 2298 2098 navale
2329 2044 2414 2097 cui
2454 2058 2649 2095 nomen
2699 2050 2782 2095 est
2831 2040 3106 2106 Dacidizo,
3164 2042 3346 2111 ibique
3393 2057 3518 2094 cum
3556 2041 3690 2095 vitis

2109 2136 2244 2205 ipsis
2277 2124 2851 2205 penitus‘consmnpta
2888 2133 2979 2187 sit.
3022 2136 3201 2203 Atque
3250 2134 3350 2188 lzoc
3378 2134 3559 2189 scelus
3595 2149 3691 2189 ne-

2106 2242 2382 2298 quaquam
2455 2226 2685 2280 inultum
2756 2225 3025 2281 mansisse
3096 2226 3342 2295 plerique
3424 2226 3685 2281 referunt.

2112 2318 2306 2372 Statim
2339 2318 2483 2371 enim
2510 2326 2695 2371 secula
2726 2324 2809 2370 est
2842 2314 3013 2369 fames
3048 2331 3143 2385 per
3176 2310 3691 2386 nniversam'Phry-

2105 2412 2248 2481 giam
2297 2411 2432 2464 adeo
2481 2409 2687 2479 gravis,
2752 2418 2808 2459 ut
2849 2407 3097 2477 plerique
3148 2407 3446 2461 incolarum
3478 2422 3543 2460 ex
3574 2406 3691 2463 suis

2108 2502 2330 2555 sedibus
2365 2500 2428 2553 ad
2473 2507 2687 2568 tempus
2723 2498 2959 2567 migrare
3016 2514 3244 2553 necesse
3293 2497 3602 2562 habuerint,
3637 2507 3692 2552 et

2108 2596 2306 2665 partim
2340 2593 2901 2663 ConstantinOpolim,
2935 2596 3132 2663 partim
3170 2593 3238 2648 ad
3283 2594 3419 2648 alias
3469 2593 3691 2663 provin-

2109 2687 2223 2742 cias
2266 2702 2325 2741 se
2346 2686 2672 2755 receperint.
2702 2685 2915 2739 Etenim
2949 2685 3461 2755 Constantinopolis
3497 2701 3690 2757 quan:-

2112 2779 2193 2832 vis
2223 2776 2678 2832 innumerabilem
2720 2777 2901 2847 populi
2935 2778 3337 2832 multitudinem
3384 2776 3514 2840 alat,
3550 2792 3693 2833 scm-

2114 2884 2210 2939 per
2240 2880 2421 2923 tamen
2458 2882 2689 2923 annonae
2743 2868 2984 2923 abundat
3023 2871 3204 2939 copia,
3255 2880 3367 2923 tum
3417 2869 3560 2938 quod
3603 2884 3693 2922 res

2395 2974 2505 3018 tum
2560 2964 2702 3035 quod
2749 2964 2951 3020 Pontus
3007 2964 3249 3020 Euxinus
3304 2965 3352 3019 ei
3406 2964 3691 3034 adjacens,

434 3050 693 3106 frumenti
753 3052 989 3123 copiam,
1051 3057 1485 3127 quotiescunque
1540 3074 1677 3128 opus
1727 3056 1911 3117 fuerit,
1954 3059 2001 3111 ei
2045 3057 2374 3126 suppeditat.

1028 3192 1274 3246 ΚΕΦΑΛ.
1313 3195 1405 3248 IZ'.

445 3301 539 3367 Ὠς
572 3304 607 3355 ό
628 3303 949 3374 βασιλεὺς,
971 3304 1040 3356 ἐν
1083 3304 1410 3373 Ἀντιοχείᾳ
1444 3306 1781 3374 γενόμενος,
1820 3308 2006 3361 πάλιν

591 3373 733 3439 τοὺς
772 3374 836 3426 τὸ
869 3375 1191 3441 ὀμοούσιον
1222 3373 1595 3444 φρονοῦντας
1633 3377 1860 3431 ἐδίωκε.

507 3488 719 3557 Οὐάλης
753 3488 811 3541 δὲ
860 3490 887 3541 ὁ
917 3488 1167 3557 βασιλεὺς
1196 3531 1209 3553 ,
1271 3492 1440 3561 μικρά
1468 3491 1576 3543 τῶν
1608 3494 1670 3544 ὲκ
1704 3491 1795 3545 τοῦ
1850 3492 2005 3563 λιμοῦ

436 3579 743 3649 γενομένων
778 3582 1067 3650 φροντίσας
1096 3619 1111 3644 ,
1143 3581 1234 3633 ἐπὶ
1282 3582 1379 3650 τὴν
1427 3582 1624 3651 Συρίας
1683 3583 2009 3654 ’Λντιόχειαν

438 3672 798 3741 παραγίνεται
836 3684 857 3710 ε
884 3692 897 3705 ο
944 3672 1231 3743 διατρίϐων
1287 3689 1344 3725 τε
1378 3674 1497 3726 κατ’
1529 3673 1696 3743 αὐτὴν
1724 3714 1737 3735 ,
1792 3675 2010 3745 ἐπόρθει

438 3764 564 3825 τοὺς
602 3764 674 3832 μὴ
722 3764 1172 3833 Ἀρειανίζοντας.
1210 3763 1403 3815 Τέλεον
1451 3764 1560 3835 γάρ
1600 3764 1857 3827 ἐξελάσας
1886 3767 2010 3828 τοὺς

438 3856 500 3908 τὸ
528 3854 805 3925 ὀμοούσιον
840 3854 1167 3925 φρονοῦντας
1197 3857 1304 3911 τῶν
1338 3855 1674 3925 Ἐκκλησιῶν
1700 3857 1882 3925 σχεδὸν
1904 3858 2010 3909 τῶν

440 3947 769 4001 ἀνατολικῶν
816 3948 1053 4010 πόλεων,
1085 3948 1183 4001 οὐκ
1231 3951 1452 4017 ἠρκεῖτο
1495 3949 1666 4017 τούτῳ
1695 3988 1708 4009 ,
1755 3949 1888 4003 ἀλλά
1920 3951 2009 4001 καὶ

440 4040 713 4108 διαφόροις
776 4039 1149 4109 κολαστηρίοις
1207 4039 1501 4092 ὑπέόαλ).εν
1544 4056 1557 4069 ·
1622 4040 1902 4093 ἀπώλλυεν
1955 4042 2009 4094 δὲ

444 4131 620 4200 πολλῷ
650 4124 868 4194 πλείους
894 4130 1000 4184 τῶν
1040 4132 1335 4203 πρότερον,
1370 4132 1645 4202 διαφόροις
1697 4133 1797 4202 μὲν
1846 4133 2007 4187 θανάο

442 4236 555 4284 τοις
588 4220 937 4291 παραδιδοὺς,
967 4220 1257 4291 ἐξαιρέτως
1295 4220 1351 4273 δὲ
1384 4220 1462 4292 τῷ
1494 4222 1737 4293 ποταμῷ.

2726 3192 2876 3245 αλιι.
2916 3191 3078 3244 xm.
3638 3258 3641 3265 ,

2112 3302 2387 3367 Quomodo
2418 3305 2706 3371 imperator
2730 3303 2853 3354 dum
2890 3303 3183 3355 Antiochia:
3212 3312 3528 3365 versaretur,
3581 3300 3692 3357 110-

2494 3378 2793 3426 mousianos
2824 3385 3121 3439 persecutus
3156 3374 3331 3440 fuerit.

2184 3482 2382 3537 Verum
2449 3484 2749 3553 imperator
2801 3482 3019 3551 Valens,
3068 3486 3210 3539 mala
3270 3501 3391 3556 quae
3437 3501 3502 3542 ex
3551 3485 3693 3541 fame

2112 3576 2433 3631 oriebantur
2458 3576 2885 3646 parvipemlens,
2926 3577 3271 3631 Antiochiam
3308 3579 3574 3647 pervenit.
3616 3577 3691 3633 lbi

2115 3670 2242 3721 dum
2294 3675 2560 3733 moratur,
2599 3684 2695 3723 eos
2728 3669 2821 3737 qui
2871 3670 3129 3723 Arianam
3164 3669 3478 3739 opinionem
3539 3685 3693 3725 aver-

2116 3762 2406 3825 sabantur,
2458 3761 2733 3815 hostiliter
2780 3762 3015 3813 vexavit.
3076 3760 3207 3813 Nam
3270 3771 3392 3815 cmh
3454 3761 3693 3816 llomou.

2122 3853 2311 3907 sianos
2347 3868 2442 3923 per
2488 3855 2773 3908 universas
2810 3853 2917 3907 fere
2945 3854 3185 3908 Orientis
3235 3855 3543 3923 provincias
3595 3854 3694 3907 Er.-

2115 3945 2301 3999 clesiis
2349 3946 2674 4013 expulisset,
2712 3959 2773 3999 ea
2810 3960 2868 3999 re
2909 3929 3483 4010 minime‘contentus,
3529 3949 3692 4001 variis

2120 4038 2407 4107 suppliciis
2443 4054 2540 4093 eos
2579 4038 2761 4093 aﬂeeit
2786 4056 2797 4091 :
2826 4039 3103 4107 nmltoque
3144 4051 3273 4094 tunc
3316 4041 3498 4109 plures
3528 4058 3691 4109 quam

2125 4139 2285 4183 antea
2315 4147 2343 4182 e
2370 4128 2547 4183 medio
2575 4128 2820 4193 sustulit,
2850 4138 2961 4182 tum
3009 4130 3131 4183 aliis
3156 4130 3347 4183 mortis
3378 4131 3691 4200 generibus,

2120 4232 2232 4276 tum
2273 4222 2543 4292 prrecipue
2578 4222 2631 4276 in
2672 4220 2837 4276 Iluvio
2859 4237 2951 4297 eos
2982 4223 3248 4277 necando.

1639 4397 1912 4453 VALESII
1958 4400 2513 4459 ANNUTATIONES.

514 4536 628 4607 (57)
668 4536 984 4604 Δακιδιζος.
1040 4537 1380 4593 Sozomenus
1414 4539 1469 4592 iu
1504 4540 1644 4595 libro
1677 4549 1834 4596 sexto
1866 4556 2016 4596 eam-
2056 4548 2095 4599 υ

444 4609 567 4661 dem
607 4622 719 4661 rem
752 4621 1209 4675 commemorans,
1246 4609 1555 4677 Daeibizant
1618 4621 1777 4663 vocat
1827 4612 2015 4667 urbem

446 4678 782 4749 maritimam
835 4677 1119 4749 Bithynim.
1148 4678 1433 4749 (ἷθιιιιειιιιε
1465 4696 1684 4749 quoque
1732 4691 1890 4735 vocat
1916 4681 2017 4733 Da-

443 4748 655 4823 cibxsa,
692 4747 853 4817 μέχρι
877 4737 1211 4823 Δαὶιιόύ-ζων.
1243 4748 1347 4823 sed
1368 4737 1759 4823 'rnehpnimes,
1792 4752 2016 4823 perinde

448 4832 512 4871 ac
544 4816 804 4873 Socrates
834 4826 1043 4883 noster,
1074 4820 1237 4875 habet
1273 4816 1549 4875 Dacidiza‘.

2196 4542 2309 4609 (58)
2343 4542 2527 4610 Λιμόν
2560 4541 2667 4610 γὰρ
2689 4545 3005 4597 σύντονον.
3042 4543 3115 4597 De
3139 4542 3239 4595 hac
3282 4541 3423 4595 fatue
3456 4542 3527 4595 ita
3558 4544 3694 4596 scri-

2196 4561 2309 4609 ιοδ)
2343 4561 2409 4596 Λι
2435 4561 2527 4595 ιον
2560 4561 2667 4610 γαρ
2689 4561 3005 4597 minor-or.
3042 4561 3115 4597 ue
3141 4561 3239 4595 nac
3282 4561 3423 4595 raine
3456 4561 3527 4595 ua
3558 4561 3694 4596 scri-

2127 4611 2275 4665 hitur
2306 4615 2360 4665 in
2390 4561 2567 4665 F‘astis
2631 4615 2927 4671 veteribus.
2964 4630 3102 4682 quos
3143 4613 3249 4666 sub
3286 4611 3440 4665 ltlatii
3470 4613 3695 4682 nomine

2126 4684 2424 4749 publicant
2475 4682 2846 4738 Sirmondus:
2917 4681 3288 4737 Valentiniano
3320 4698 3400 4743 Ill,
3458 4693 3516 4737 et
3589 4681 3700 4735 Va:

2125 4755 2260 4824 (ante
2286 4769 2377 4812 III,‘
2409 4753 2489 4805 his
2520 4754 2828 4807 consulibus
2875 4772 3064 4824 magna
3099 4754 3266 4822 fontes
3303 4754 3403 4823 fuit
3437 4754 3488 4807 in
3524 4756 3691 4822 parti»

2123 4823 2215 4876 bus
2238 4822 2499 4893 Phrygia’.

1867 4998 2248 5055 VARIOIlUM.

514 5135 543 5175 ἀ
577 5136 684 5190 Τοῦ
718 5138 1103 5209 ξΑοῖτιικην-οῦ
1136 5139 1455 5209 πελάγους.
1501 5140 1807 5196 Astaeenns
1835 5142 2011 5203 sinus,

448 5225 595 5282 nilne
622 5209 668 5261 te
699 5205 855 5282 Golfe
881 5210 950 5282 de
986 5210 1261 5282 Concidia.
1300 5205 1437 5265 teste
1482 5211 1671 5278 Gillio,
1729 5229 1855 5282 pars
1933 5222 2017 5267 est

450 5278 800 5351 Propontidis
878 5280 931 5332 in
990 5280 1301 5351 Bithyniam,
1355 5298 1653 5337 excurrens
1706 5278 1771 5337 ad
1818 5291 2017 5348 ortum,

449 5364 641 5404 versus
695 5348 1238 5405 Nieomediameic
1275 5350 1456 5406 dictus
1506 5354 1574 5407 ab
1625 5353 1825 5407 Astaco
1889 5354 2023 5407 urbe

449 5418 733 5489 Bithynize,
771 5436 891 5488 quae
923 5422 1091 5475 distat
1128 5437 1155 5473 a
1218 5419 1530 5475 Nicomedia
1583 5423 1647 5476 I5
1698 5424 2023 5476 miltianbns

449 5490 502 5542 in
521 5505 775 5563 occasum
798 5492 1066 5554 aestivum,
1096 5500 1148 5546 et
1173 5492 1238 5545 50
1270 5492 1379 5547 lere
1408 5509 1437 5544 a
1472 5492 1943 5563 Constantinopoli
1974 5494 2027 5547 in

447 5570 649 5613 ortum.
673 5562 972 5615 Bxuonxao.
1606 5614 1611 5619 Α

527 5641 552 5669 ο
617 5631 745 5683 Ἔπέ
792 5633 905 5699 τὴν
940 5633 1155 5699 Συρίας
1199 5635 1552 5700 Ἀντιόχειαν
1612 5634 2012 5702 παραγίνεται.

448 5697 1142 5775 Ῡςιιοηδ-ἰιιίιίοοιιιιὶὗῙὲ
1189 5697 1536 5758 Antiochiam
1591 5697 1873 5775 ingressus
1908 5715 2011 5758 est.

448 5771 611 5843 Certe
643 5771 909 5843 Libantus
949 5774 1001 5826 in
1064 5772 1181 5827 Vita
1218 5792 1315 5829 sua
1365 5792 1423 5827 se
1482 5771 2012 5843 quinquagetmrinm

451 5842 623 5895 fuisse
644 5841 876 5915 "Joviano
909 5845 1213 5911 imperante
1252 5841 1511 5905 testatur,
1534 5841 1656 5915 pag.
1708 5846 1789 5899 46.
1822 5845 2013 5900 Postea

452 5926 575 5983 pag.
601 5914 688 5979 48,
710 5929 910 5968 annum
943 5915 1118 5970 aetatis
1142 5925 1389 5970 octavum
1420 5928 1468 5971 et
1499 5914 2009 5987 quinquagesimium

2122 5142 2299 5210 egisse
2330 5157 2387 5193 se
2420 5141 2575 5200 dicit,
2602 5150 2718 5192 tum
2753 5155 2879 5193 cum
2909 5138 3105 5192 Valens
3146 5136 3495 5210 Antiochiam
3523 5137 3688 5210 venit.

2124 5206 2390 5265 Jovianus
2425 5220 2605 5264 autem
2636 5209 2984 5264 Antiochiam
3033 5208 3313 5277 profectus
3346 5206 3569 5277 estsub
3630 5206 3693 5259 Ii-

2129 5298 2251 5335 nem
2287 5282 2413 5335 anni
2448 5282 2571 5339 565,
2610 5291 2747 5335 teste
2776 5276 3082 5338 Ammiano,
3110 5280 3203 5332 lib.
3262 5294 3385 5331 xxv.
3422 5276 3602 5341 Quare
3645 5277 3689 5331 si

2129 5368 2194 5406 eo
2224 5365 2371 5405 anno
2408 5352 2668 5405 Libanius
2694 5351 3197 5421 quinquagenarius
3231 5358 3370 5411 erat,
3411 5363 3556 5421 anno
3590 5346 3692 5399 572

2134 5422 2651 5492 quinquagesimum
2707 5418 2961 5476 octavum
3019 5422 3404 5489 compleverat,
3450 5418 3692 5492 ideoque

2137 5489 2243 5545 non
2278 5489 2556 5547 :ilio'anno
2582 5493 2777 5547 Valens
2805 5492 3146 5544 Antiochiam
3174 5490 3486 5545 adventavit
3536 5489 3687 5552 Quod

2123 5564 2167 5617 si
2199 5563 2309 5631 jam
2368 5574 2525 5617 antea
2568 5565 2632 5617 ad
2666 5563 2909 5617 eamdem
2967 5564 3153 5615 urbem
3208 5563 3253 5615 is
3321 5560 3689 5621 accessisSet,

2127 5636 2326 5703 prioris
2367 5634 2510 5687 Illius
2543 5636 2808 5688 adventus
2872 5634 3203 5703 mentionem
3241 5632 3501 5684 Libanins
3527 5631 3689 5683 fecis-

2127 5702 2229 5757 ὲιει.
2275 5702 2493 5758 Interim
2517 5705 2691 5757 obiter
2712 5703 3139 5765 observandum,
3167 5702 3521 5769 imperatores
3551 5716 3689 5753 non-

2128 5775 2228 5827 nisi
2267 5790 2361 5842 per
2418 5776 2644 5828 hiemem
2676 5776 2726 5826 in
2764 5774 2955 5827 Cilicia
2996 5776 3097 5825 iter
3150 5772 3424 5833 habuisse,
3468 5782 3688 5838 propter

2126 5846 2447 5901 immodicos
2482 5846 2533 5898 in
2558 5848 2749 5897 testivo
2806 5854 3048 5913 tempore
3079 5844 3208 5899 solis
3260 5842 3504 5896 ardores.
3536 5842 3683 5909 (Ant.

2127 5914 2273 5987 Pagi,
2300 5917 2362 5972 ad
2403 5915 2677 5982 ann.37'2,
2718 5932 2768 5971 ιι.
2809 5919 2886 5982 ti.)
