4464 6586
745 426 846 486 503

1204 553 1364 624 233
1425 551 1581 608 cap.
1651 555 1838 612 xvm.

746 642 825 699 De
879 643 960 696 his
1015 660 1134 718 quin
1196 643 1441 718 Edessa},
1474 646 1619 712 facta
1683 659 1828 712 sunt,
1880 651 2042 718 deque
2092 649 2328 717 pmfecti

817 715 1138 786 contumelia
1166 730 1185 769 :
1217 725 1266 770 et
1295 715 1360 769 de
1395 717 1584 770 civium
1616 719 1721 786 fide
1747 729 1796 773 et
1827 715 2151 783 constantia,
2189 715 2240 772 et
2266 720 2332 774 de

815 788 906 848 pia
933 784 1162 854 quadam
1195 785 1426 840 muliere.

821 876 928 931 Sed
960 893 1022 933 ea
1060 893 1182 948 qua:
1210 876 1427 933 Edessa
1467 878 1522 932 in
1565 879 1960 951 McSOpotamia
1994 881 2144 937 facta
2179 891 2328 945 sunt,

749 967 906 1024 nefas
938 967 1178 1022 arbitror
1210 969 1432 1024 silentio
1467 970 1766 1039 praeterire.
1807 971 1866 1026 In
1894 987 1959 1027 ea
2009 975 2146 1028 urbe
2201 974 2330 1028 illu—

751 1061 883 1116 stris
917 1075 980 1115 ac
1017 1060 1306 1131 splendida
1350 1069 1436 1118 est
1461 1063 1689 1119 basilica
1721 1061 1948 1119 Thomae
1979 1067 2239 1136 apostoli,
2273 1069 2331 1123 in

753 1167 861 1223 qua
901 1160 1122 1223 propter
1161 1154 1264 1208 loci
1301 1157 1650 1212 sanctitatem
1705 1159 1950 1214 collectae
2002 1159 2127 1215 sine
2162 1160 2332 1216 inter-

751 1245 1020 1300 missione
1087 1246 1460 1304 celebrantur.
1536 1249 1691 1306 lianc
1763 1251 2060 1322 imperator
2143 1253 2330 1310 videre

751 1336 1006 1406 cupiens,
1067 1352 1192 1392 cum
1266 1340 1434 1395 sciret
1487 1342 1805 1398 universam
1881 1345 2329 1399 convenientium

748 1429 1160 1486 multitudinem
1194 1430 1447 1486 haeresim
1477 1449 1631 1488 suam
1673 1434 1964 1498 detestari,
1995 1435 2112 1505 ipse
2161 1452 2329 1490 manu

750 1536 852 1576 sua
884 1520 1202 1593 prmfectum
1248 1525 1601 1594 percussisse
1635 1525 1832 1591 fertur,
1865 1526 2014 1596 quod
2047 1528 2170 1582 illos
2204 1528 2330 1583 inde

747 1613 916 1668 etiam
963 1615 1316 1685 expellendos
1348 1632 1459 1671 non
1495 1625 1767 1674 curasset.
1805 1618 2110 1675 Praefectus
2145 1628 2328 1675 autem

749 1708 1087 1762 contumelia
1113 1707 1366 1776 allectus,
1400 1725 1525 1764 cum
1555 1711 1910 1781 imperatoris
1941 1714 2036 1767 ira:
2067 1711 2198 1767 licet
2246 1713 2331 1766 in-

749 1801 897 1855 vitus
927 1801 1158 1872 obsequi
1189 1810 1430 1873 pararet,
1460 1819 1560 1858 nec
1584 1811 1765 1858 tamen
1805 1812 2012 1858 tantam
2042 1804 2326 1859 hominum

2190 433 2320 489 SOC
2330 434 2535 490 RATIS

2359 565 2407 618 Α

3915 441 4022 498 504

3039 549 3284 615 ΚΕΦΔΛ.
3321 564 3420 618 lH'.

2439 649 2581 718 Περὶ
2608 650 2728 704 τῶν
2750 651 2819 703 ἐν
2858 648 3075 720 Ἑδέσῃ
3107 653 3460 720 γενομένων,
3485 627 3593 720 ὣς
3617 669 3681 705 τε
3709 651 3814 706 τοῦ
3837 652 4023 714 ivra'p-

2510 737 2623 789 χου
2647 722 2885 788 ὕϐρεως,
2911 719 3011 773 καὶ
3036 719 3167 790 περὶ
3197 719 3304 788 τῆς
3331 721 3448 776 τῶν
3475 722 3736 776 πολιτῶν
3763 722 4022 788 πίστεως

2509 792 2606 843 καὶ
2653 791 3010 859 παρῤησίας,
3061 793 3160 846 καὶ
3210 793 3319 860 τῆς
3354 793 3673 862 θεοφιλοῦς
3713 793 4019 862 γυναικός.

2508 881 2741 934 Λεκτέον
2777 881 2832 934 δὲ
2881 877 2967 934 οἷα
3016 884 3111 935 καὶ
3153 885 3210 936 ὲν
3245 883 3428 956 Ἐδέση
3466 883 3568 952 τῆς
3598 882 4022 952 Μεσοποταμίας

2440 971 2665 1040 ἐγίνετο.
2704 973 2790 1026 Ἐν
2822 973 2879 1027 δὲ
2908 975 3030 1046 τῇδε
3061 978 3126 1046 τῇ
3177 975 3330 1029 πόλει
3375 976 3547 1046 Θωμᾶ
3573 974 3665 1028 τοῦ
3720 975 4020 1028 ἀποστόλου

2441 1063 2738 1137 μαρτύριόν
2765 1067 2880 1119 ἐστι
2906 1066 3156 1139 λαμπρὸν
3205 1068 3298 1120 καὶ
3335 1068 3654 1139 περιφανὲς,
3686 1068 3927 1136 συνεχεῖς
3959 1083 4019 1119 τε

2435 1157 2495 1209 ὲν
2545 1158 2692 1228 αύτῷ
2744 1158 2989 1224 συνάξεις
3034 1160 3425 1222 ἐπιτελοῦνται,
3459 1159 3548 1212 διά
3582 1159 3680 1231 τὴν
3714 1157 3810 1212 τοῦ
3852 1158 4020 1212 τόπου

2435 1249 2720 1320 άγιότητα.
2760 1251 2928 1304 Τοῦτο
2972 1253 3254 1323 ἱστορῆσαι
3287 1253 3314 1305 ὁ
3341 1252 3592 1322 βασιλεὺς
3622 1251 3835 1321 Οὐάλης
3863 1250 3990 1322 θελή
4017 1279 4022 1284 -

2437 1359 2556 1407 σας,
2589 1345 2681 1396 καὶ
2718 1343 2904 1414 μαθὼν
2953 1347 3063 1400 πᾶν
3101 1346 3198 1414 τῆς
3249 1345 3414 1398 αὑτοῦ
3452 1345 3708 1414 ἀπεχθεῖς
3755 1343 4020 1413 αἱρέσεως

2436 1429 2573 1487 εἶναι
2599 1434 2707 1489 τῶν
2735 1437 3143 1508 συνερχομένων
3172 1437 3232 1490 τὸ
3262 1437 3462 1507 πλῆθος
3482 1479 3494 1497 ,
3539 1436 3757 1505 λέγεται
3782 1438 3850 1507 τῇ
3878 1436 4023 1506 χειρὶ

2437 1524 2636 1593 πλῆξαι
2663 1525 2753 1579 τὸν
2780 1525 3042 1596 ὕπαρχον,
3069 1528 3149 1579 ὅτι
3195 1529 3269 1598 μὴ
3299 1527 3603 1599 προύνόησε
3637 1526 3888 1593 ἐξελάσαι
3924 1527 4024 1579 κὰ-

2436 1617 2617 1671 κείθεν
2646 1618 2859 1682 αὐτούς.
2903 1621 2989 1682 Ὠς
3012 1620 3070 1673 δὲ
3103 1623 3130 1674 ὁ
3155 1620 3398 1690 ὕπαρχος
3425 1619 3850 1691 περιυϐρισθεὶς,
3879 1619 4021 1672 ’ἐτοι-

2439 1723 2537 1777 μος
2566 1702 2634 1778 ἦν
2671 1708 2819 1761 ἄκων
2853 1708 3144 1778 ὑπουργεῖν
3189 1711 3256 1778 τῇ
3300 1707 3566 1776 βασιλέως
3613 1707 3776 1777 ὀργῇ,
3817 1705 3878 1758 οὐ
3913 1704 4023 1774 γάρ

2436 1799 2687 1853 ἐϐούλετο
2737 1799 3006 1854 τοσούτων
3055 1801 3268 1872 ἀνδρῶν
3315 1799 3472 1868 φόνον
3526 1797 3875 1871 ἐργάζεσθαι,
3930 1797 4024 1849 λα-

748 1892 1162 1948 multitudinem
1202 1894 1518 1950 interficere
1547 1896 1732 1962 vellet,
1765 1897 1906 1950 clam
1965 1897 2088 1952 illos
2115 1900 2326 1952 monuit
2359 1903 2399 1958 Β
2429 1893 2511 1965 θρι

2265 1900 2326 1952 iit
2359 1903 2399 1958 Β
2429 1893 2635 1965 θραῐως
2661 1893 2830 1964 δηλοῖ,
2861 1895 3010 1957 ὅπως
3039 1893 3106 1947 ἂν
3133 1893 3320 1964 μηδεὶς
3349 1895 3406 1945 ὲν
3430 1890 3507 1962 τῷ
3542 1889 3824 1962 μαρτυρίῳ
3853 1905 4023 1941 κατα-

749 2000 818 2039 ne
851 1985 979 2055 quis
1013 1987 1072 2041 in
1106 1984 1338 2042 basilica
1372 1995 1703 2042 remaneret.
1749 1986 1856 2042 Sed
1898 2003 2062 2043 nemo
2093 1989 2330 2042 consilio

747 2076 871 2146 ejus
901 2085 995 2132 aut
1017 2077 1185 2133 minis
1209 2077 1452 2132 animum
1490 2077 1727 2132 intendit
1757 2096 1770 2132 :
1813 2088 2044 2148 postero
2065 2079 2214 2132 enim
2241 2079 2331 2134 die

751 2170 991 2224 universi
1043 2169 1442 2232 ad'basilicam
1509 2168 1847 2225 conﬂuxere.
1893 2170 2144 2241 Cumque
2187 2187 2330 2241 prae-

750 2260 931 2316 fectus
961 2277 1087 2316 cum
1119 2263 1332 2332 ingenti
1369 2262 1608 2317 militum
1661 2277 1894 2318 numero
1935 2262 2002 2317 ad
2042 2263 2329 2318 basilicam

750 2359 1104 2423 properaret,
1136 2367 1248 2423 quo
1290 2353 1644 2424 imperatoris
1673 2353 1838 2408 bilem
1871 2355 2150 2424 expleret,
2188 2371 2330 2426 pau-

749 2447 975 2517 percula
1016 2443 1269 2517 quaedam
1330 2433 1550 2512 mulier,
1608 2446 1897 2516 parvulum
1941 2446 2116 2500 [ilium
2165 2463 2330 2502 manu

748 2537 998 2602 trahens,
1029 2535 1314 2592 contendit
1341 2537 1408 2592 ad
1451 2537 1769 2602 ecclesiam,
1803 2551 2107 2606 agmenque
2137 2553 2330 2594 eorum

751 2627 848 2696 qui
903 2627 1226 2697 praefectum
1287 2627 1590 2697 stipabant,
1641 2628 1968 2698 perrumpit.
2019 2627 2178 2694 Quod
2214 2645 2332 2684 mo-

753 2722 890 2776 leste
941 2721 1126 2776 ferens
1174 2719 1490 2790 praefectus,
1530 2720 1817 2775 mulierem
1885 2719 1954 2774 ad
2022 2737 2082 2776 se
2132 2721 2330 2776 adduci

748 2815 926 2883 jubet,
955 2829 1187 2884 eamque
1209 2813 1502 2884 compellat
1542 2813 1628 2870 bis
1659 2814 1868 2870 verbis:
1908 2813 1952 2869 Ο
1995 2815 2184 2871 infelix
2214 2832 2333 2870 mu-

752 2907 1006 2972 licrcula,
1031 2921 1141 2977 quo
1163 2915 1272 2960 tam
1292 2906 1554 2962 audacter
1575 2915 1630 2960 et
1651 2906 2019 2962 inverecunde
2040 2908 2334 2978 properas?

753 2997 892 3052 Tum
940 2999 1070 3054 illa:
1113 2999 1255 3066 Quo,
1302 2999 1505 3068 inquit,
1555 2999 1722 3054 etiam
1765 2999 1856 3053 alii
1905 3008 2229 3070 properant.
2261 3001 2334 3056 At

755 3093 1086 3163 praefectus:
1114 3091 1232 3145 Non
1279 3091 1506 3154 audisti,
1553 3092 1755 3161 inquit,
1801 3099 2038 3146 cunctos
2080 3093 2174 3161 qui
2221 3092 2334 3146 illic

753 3187 960 3254 reperti
1023 3185 1252 3251 fuerint,
1317 3201 1347 3237 a
1399 3182 1662 3254 praefecto
1692 3199 1818 3239 esse
1883 3184 2332 3241 interimendos?

753 3277 972 3344 Mulier,
1003 3275 1200 3330 Audivi
1241 3276 1518 3345 equidem,
1563 3277 1662 3340 ait,
1693 3287 1861 3347 atque
1893 3277 2102 3333 idcirco
2133 3279 2336 3334 festino

755 3377 816 3422 nt
859 3371 975 3438 ipsa
1014 3385 1235 3439 quoque
1280 3369 1394 3424 illic
1441 3370 1713 3424 inveniar.
1754 3370 2003 3438 Cumque
2041 3371 2336 3439 praefectus

754 3463 994 3517 dixisset
1024 3480 1037 3515 :
1073 3461 1138 3514 Et
1176 3476 1286 3531 quo
1334 3461 1483 3515 hunc
1520 3461 1812 3530 parvulum
1853 3461 2069 3516 trahis?
2105 3478 2338 3532 respon-

756 3554 837 3606 dit
875 3553 1092 3617 mulier,
1128 3563 1185 3606 ut
1209 3561 1263 3607 et
1298 3553 1403 3606 iste
1434 3552 1762 3622 martyrium
1803 3552 1990 3607 subire
2036 3561 2335 3611 mereatur.

756 3644 858 3700 llis
887 3645 1090 3701 auditis
1118 3645 1412 3716 przefectus
1440 3645 1684 3716 coniecit
1718 3661 1786 3699 ex
1818 3659 1904 3705 eo.
1943 3653 2152 3714 quanta
2184 3654 2335 3700 esset

758 3741 1099 3814 reiiquorum
1137 3741 1231 3809 qui
1266 3754 1332 3794 eo
1356 3738 1766 3792 conveniebant
1783 3737 1951 3791 animi
1977 3738 2333 3792 confidentia.

761 3831 1075 3902 Statimque
1122 3831 1190 3886 ad
1246 3832 1638 3901 imperatorem
1677 3844 1993 3900 regressus,
2037 3831 2228 3884 retulit
2260 3830 2340 3884 illi

760 3933 996 3980 cunctos
1021 3924 1088 3978 ad
1109 3933 1339 3978 mortem
1370 3938 1470 3992 pro
1494 3921 1599 3976 fide
1619 3937 1716 3976 sua
1746 3921 2087 3976 subeundam
2115 3929 2340 3992 paratos

759 4033 916 4086 esse;
967 4017 1128 4074 simul
1171 4015 1472 4072 absurdum
1509 4029 1634 4069 esse
1668 4013 1880 4077 dicens.
1916 4021 2124 4067 tantam
2156 4013 2340 4068 multi-

765 4110 1012 4165 tudinem
1044 4116 1320 4162 momento
1350 4106 1611 4175 temporis
1629 4105 1958 4167 interficere,
1984 4105 2339 4175 imperatoris

761 4202 901 4258 iram
932 4200 1292 4272 compescuit.
1319 4198 1403 4252 Ad
1438 4199 1583 4252 hunc
1605 4198 1825 4252 modum
1862 4195 2146 4261 Edesseni,
2186 4212 2256 4252 ne
2272 4198 2342 4254 ab

764 4295 1100 4366 imperatore
1147 4309 1248 4350 suo
1281 4300 1546 4361 tanquam
1603 4290 1672 4344 ab
1735 4291 1898 4346 hoste
1954 4298 2337 4354 vastarentur,

763 4387 1092 4456 ellugerunt.

1294 4474 1458 4547 23!.
1484 4474 1638 4530 CAP.
1669 4473 1811 4528 XIX.

769 4570 1044 4636 Quomodo
1093 4571 1218 4637 imp.
1267 4567 1458 4622 Valens
1491 4569 1682 4622 multos
1733 4569 1822 4637 qui
1852 4568 2080 4638 primam
2122 4569 2210 4624 sui
2249 4585 2344 4621 no-

836 4643 994 4695 minis
1022 4642 1232 4693 literam
1263 4639 1291 4692 θ
1322 4639 1591 4704 haberent,
1624 4639 1902 4710 occiderit,
1949 4638 2012 4693 ob
2057 4638 2344 4710 quamdam

838 4713 1220 4766 divinationem
1251 4726 1356 4780 qua
1390 4710 1446 4761 id
1485 4708 1796 4776 pra'dictum
1826 4709 2024 4778 fuerat.

835 4804 942 4859 Per
974 4803 1116 4859 idem
1153 4811 1392 4871 tempus.
1421 4801 1699 4871 pessimus
1733 4800 1958 4872 quidam
1999 4801 2214 4857 daemon
2243 4802 2345 4856 im-

2431 1985 2628 2058 ληφθῇ.
2672 1986 2831 2041 Ἀλλὰ
2879 1989 3164 2059 προσεῖχεν
3208 1987 3402 2051 οὐδεὶς,
3451 1985 3573 2038 οὐδὲ
3607 1987 3673 2055 τῇ
3720 1981 4020 2052 συμϐουλῇ,

2431 2079 2554 2132 οὐδὲ
2583 2083 2652 2151 τῇ
2684 2079 2912 2150 ἀπειλῇο
2945 2079 3146 2142 πάντες
3183 2078 3290 2148 γὰρ
3320 2081 3384 2148 τῇ
3415 2077 3539 2146 ἑξῆς
3575 2078 3654 2139 εἰς
3696 2075 3788 2128 τὸν
3826 2074 4024 2142 εὐκτὴ-

2434 2187 2549 2243 ριον
2580 2170 2744 2222 τόπον
2783 2168 3093 2242 συνέρῤεον.
3129 2169 3217 2231 Ὠς
3259 2167 3316 2220 δὲ
3360 2169 3388 2219 ὁ
3437 2165 3683 2236 ὕπαρχος
3729 2165 3825 2216 σὺν
3880 2160 4025 2232 χειρὶ

2431 2261 2642 2316 πολλῶν
2675 2260 3020 2332 στρατιωτῶν
3045 2261 3137 2313 ἐπὶ
3177 2260 3239 2312 τὸ
3280 2258 3580 2332 μαρτύριον
3615 2255 3894 2318 ἔσπευδεν,
3933 2256 4026 2307 ἐκ·

2433 2354 2740 2428 πληρώσων
2777 2355 2876 2426 τὴν
2906 2352 2999 2406 τοῦ
3039 2351 3300 2421 βασιλέως
3335 2341 3524 2421 ὀργὴν,
3559 2349 3698 2418 γυνή
3746 2363 3831 2408 τις
3869 2362 4023 2398 πενι-

2433 2448 2539 2518 χρὰ
2583 2446 2644 2500 τὺ
2686 2447 2884 2516 ἑαυτῆς
2939 2445 3144 2498 παιδίον
3196 2446 3260 2497 ἐκ
3309 2443 3491 2515 χειρὸς
3541 2442 3800 2504 ἕλκουσα,
3833 2437 3928 2492 ἐπὶ
3963 2437 4026 2490 τὸ

2436 2541 2731 2614 μαρτύριον
2765 2541 2972 2611 ἔτρεχε,
3001 2539 3096 2593 καὶ
3124 2538 3402 2592 διακόπτει
3430 2536 3490 2590 τδ
3512 2536 3699 2607 τάγμα
3732 2535 3840 2588 τῶν
3865 2533 4020 2606 δορυο

2435 2633 2742 2706 φορούντων
2798 2632 2909 2703 (59)
2964 2631 3055 2684 τὸν
3107 2630 3374 2703 ὕπαρχον.
3419 2630 3829 2699 Ἀγανακτήσας
3890 2627 3948 2679 δὲ
3994 2627 4026 2680 ὁ

2435 2728 2681 2799 ὕπαρχος
2738 2725 3113 2797 προσάγεσθαι
3158 2723 3305 2795 αὑτῷ
3361 2724 3460 2794 τὴν
3495 2724 3727 2791 γυναῖκα.
3774 2719 4021 2781 κελεύει,

2434 2821 2528 2875 καί
2563 2837 2694 2892 φησι
2727 2819 2863 2890 πρὸς
2910 2819 3112 2888 αὐτὴν·
3148 2813 3219 2869 Ὦ
3261 2816 3606 2886 ταλαίπωρον
3639 2814 3880 2883 γύναιον,
3922 2811 4024 2865 ποῦ

2433 2913 2644 2984 τρέχεις
2676 2911 2848 2975 οὕτως
2877 2910 3135 2980 ἀκόσμως
3171 2909 3224 2974 ¹;
3259 2909 3321 2961 Ἢ
3351 2908 3430 2971 δὲ,
3465 2907 3655 2972 Ἔνθα,
3679 2907 3832 2976 φησι,
3863 2906 3956 2959 καὶ
3976 2905 4025 2956 οἱ

2434 3006 2583 3059 ἄλλοι
2633 3005 3010 3076 συντρέχουσι.
3048 3004 3107 3054 '0
3144 3002 3223 3068 δὲ,
3259 3001 3376 3054 Οὐκ
3407 3002 3672 3070 ἀκήκοας,
3718 2999 3843 3070 ἔφη,
3877 2998 3957 3051 ὅτι
3997 2997 4028 3049 ὁ

2436 3098 2679 3168 ὕπαρχος
2723 3096 2903 3166 μέλλει
2951 3094 3446 3166 πάνταςαάναιρεῖν
3496 3093 3590 3156 οὓς
3639 3094 3706 3145 ἂν
3750 3089 4025 3160 εὐρίσκῃς

2444 3188 2548 3243 Καὶ
2594 3191 2626 3259 ή
2659 3189 2828 3260 γυνὴ,
2862 3188 3127 3248 Ἤκουσα,
3161 3186 3285 3257 ἔφη,
3317 3187 3410 3240 καὶ
3463 3185 3711 3238 διατοῦτο
3767 3181 4016 3241 σπεύδω,

2364 3249 2406 3306 C
2441 3279 2582 3332 ὥστε
2615 3249 2732 3331 ἐκεῖ
2767 3249 3058 3348 εὑρεθῆναι
3089 3249 3222 3346 (60)..
3254 3249 3368 3330 Καὶ
3403 3277 3504 3330 ποῦ
3550 3276 3709 3329 τοῦτο
3739 3275 3800 3328 τὸ
3836 3273 4029 3343 μικρὸν

2442 3371 2618 3432 ἕλκεις
2649 3370 2898 3434 παιδίον;
2933 3371 3201 3440 φήσαντος
3233 3369 3328 3422 τοῦ
3360 3370 3635 3440 ἐπάρχου,
3681 3369 3715 3438 ἡ
3755 3367 3891 3436 γυνή
3925 3383 4028 3434 φη-

2444 3481 2550 3529 σιν,
2583 3463 2725 3516 ὥστε
2755 3464 2850 3516 καὶ
2880 3463 3014 3516 αὐτὸ
3047 3463 3351 3535 μαρτυρίου
3397 3462 3818 3532 καταξιωθῆναι.
3847 3459 4029 3513 Ταῦτα

2443 3556 2518 3618 ὡς
2546 3557 2778 3626 ἤκουσεν
2812 3555 2840 3608 ὀ
2878 3555 3037 3625 ἀνὴρ,
3085 3557 3432 3626 ἐτεκμήρατο
3466 3554 3575 3608 τῶν
3618 3551 4030 3622 συνερχομένων

2440 3649 2539 3717 τὴν
2563 3649 2843 3701 ἀπόνοιαν.
2894 3649 3004 3702 Καὶ
3053 3647 3215 3709 εὐθὺς
3259 3647 3702 3720 παραγενόμενος
3757 3645 3892 3715 πρὸς
3938 3644 4030 3697 τὸν

2444 3738 2688 3809 βασιλέα,
2716 3737 2996 3791 ἐδίδασκεν
3034 3739 3216 3802 αὑτὸν,
3261 3739 3335 3802 ὡς
3359 3738 3548 3808 εἴησαν
3587 3739 3785 3800 πάντες
3823 3737 4029 3806 ἕτοιμοι

2443 3831 2584 3903 ὑπὲρ
2633 3833 2733 3903 τῆς
2783 3830 2962 3886 αὐτῶν
3011 3832 3377 3903 ἀποθνήσκειν
3422 3832 3683 3895 πίστεως
3717 3831 3810 3884 καὶ
3837 3829 4030 3897 άλογον

2444 3919 2583 3979 εἷναι
2615 3923 2782 3978 εἰπὼν
2807 3923 3094 3988 τοσούτους
3123 3927 3181 3979 ὲν
3209 3925 3401 3996 βραχεῖ
3425 3925 3602 3996 χρόνῳ
3629 3923 3860 3990 ἀνελεῖν,
3885 3940 4030 3994 παρ-

2444 4019 2630 4073 έπεισε
2671 4019 2764 4072 τὸν
2808 4017 3033 4088 βασιλέα
3093 4016 3404 4071 παύσασθαι
3450 4016 3553 4086 τῆς
3601 4015 3787 4087 ὀργῆς.
3827 4014 4030 4068 Τοῦτον

2445 4112 2536 4166 τὸν
2585 4111 2785 4182 τρόπον
2826 4110 3096 4181 Ἐδεσηνοὶ
3125 4111 3187 4163 τὸ
3232 4110 3306 4181 μὴ
3352 4108 3866 4180 καταπολεμηθῆναι
3927 4106 4034 4160 ὑπὸ

2445 4203 2539 4259 τοῦ
2567 4205 2767 4258 οἰκείου
2795 4202 3059 4273 βασιλέως
3086 4203 3366 4271 ἐξέφυγον.
3675 4191 3679 4195 ’

3048 4473 3275 4528 ΚΕΦΑΛ
3287 4514 3300 4526 .
3338 4471 3439 4525 ΙΘ’.

2462 4573 2561 4637 Ὠς
2581 4568 2878 4634 βασιλεὺς
2909 4562 3458 4637 Οὑιὶληςέξτολλοὺς
3480 4555 3701 4637 ἀνεῖλε,
3733 4558 4034 4637 στοιχεῖον

2522 4631 2672 4708 θῆτα
2715 4631 2970 4709 ἔχοντας
3009 4637 3078 4689 ἐν
3130 4635 3203 4709 τῇ
3256 4631 3524 4709 κατιιρχῇ
3575 4631 3679 4685 τοῦ
3723 4632 4032 4709 ῥνᾴματος,

2514 4701 2590 4766 ἔχ’
2616 4701 2785 4775 τινοξ
2809 4701 3278 4776 vexemur-telae
3307 4703 3482 4758 τοῦτο
3517 4701 3944 4771 φημισθείσης.

2525 4801 2660 4855 Ὑπὸ
2715 4802 2772 4854 δὲ
2819 4800 2908 4854 τὸν
2959 4800 3122 4853 αὑτὸν
3173 4799 3366 4855 γοὸνον
3409 4797 3524 4869 (61)
3563 4798 3660 4849 καὶ⁸
3700 4795 3908 4866 δαίμων
3949 4811 4034 4859 τις

1971 4917 2240 4975 VALESII
2281 4918 2833 4976 ANNOTA'I‘IONES.

838 5020 949 5090 (59)
981 5019 1178 5088 Τάγμα
1192 5017 1311 5090 τῷν
1326 5017 1840 5090 δορυφορούντων.
1869 5015 2126 5090 Rufinus,
2147 5033 2211 5090 εξ
2239 5032 2350 5085 quo
2384 5019 2425 5072 D
2456 5016 2601 5087 inleg

2277 5032 2350 5070 no
2384 5019 2425 5072 D
2456 5016 2702 5087 integras
2733 5019 2924 5090 lineas.
2954 5031 3096 5090 qua:
3131 5011 3454 5090 in__edi}i_one
3508 5005 4033 5090 Boberti‘§1e_pliani

764 5085 882 5150 haec
914 5085 1221 5160 desumpsit
1252 5085 1528 5160 Socrates,
1574 5088 1627 5140 in
1659 5088 1754 5140 lib.
1788 5104 1822 5140 ιι
1880 5087 2136 5160 Historia;
2166 5085 2346 5140 Eccle-

763 5163 998 5219 siasticw
1034 5157 1278 5213 ita—dicit
1317 5177 1330 5212 :
1376 5157 1643 5227 Infantem
1678 5174 1880 5227 quoque
1941 5157 2219 5226 parvulum
2267 5174 2351 5211 ae-

763 5251 883 5288 rum
924 5233 1237 5294 trahentem,
1273 5245 1532 5297 cursuque
1561 5231 1769 5294 rapido,
1799 5229 2002 5297 irrupto
2029 5231 2186 5281 etiam
2237 5229 2349 5298 offi-

763 5307 834 5358 cii
886 5304 1114 5373 agmine,
1169 5300 1529 5373 festinantem.
1597 5298 1793 5373 Porro
1834 5301 1934 5373 ltOt:
1997 5300 2351 5373 memorabile

767 5369 972 5429 factum
1019 5372 1273 5426 mulieris
1309 5369 1606 5426 Edessena:
1647 5371 1879 5437 contigit
1943 5386 2089 5422 anno
2141 5370 2351 5423 Christi

765 5447 862 5500 '57l
901 5451 994 5496 aut
1021 5443 1146 5506 572,
1200 5453 1258 5493 ιιι
1305 5457 1432 5497 mox
1463 5441 1796 5495 videbimus.
1823 5439 1958 5494 Male
1992 5439 2264 5494 Baronius
2295 5441 2347 5494 id

767 5516 956 5570 retulit
990 5530 1134 5567 anno
1173 5514 1298 5567 570.

837 5586 951 5657 (60)
993 5585 1175 5639 Ὥστε
1206 5583 1328 5638 ἐκεῖ
1355 5581 1686 5652 εὑρεθῆναι.
1710 5580 1837 5637 Post
1876 5581 1992 5635 lucc
2022 5583 2185 5635 verba
2210 5581 2350 5635 duas

2449 5078 2700 5151 deerant,
2716 5087 2966 5158 supplevi
2986 5078 3050 5158 ex
3069 5083 3276 5158 codice
3303 5079 3624 5158 Florentino
3642 5088 3709 5158 _et
3727 5078 4033 5158 Sfurtiano.

2450 5146 3327 5228 l‘lasdem'agi'ioscitEpiphanius
3373 5149 3784 5228 Scholasticns,
3811 5156 3867 5202 et
3917 5146 4034 5202 Ru-

2451 5232 2617 5296 linus,
2643 5246 2707 5283 ex
2740 5221 2848 5299 quo
2871 5221 3131 5299 Socrates
3165 5224 3269 5299 ista
3293 5221 3610 5299 descripsit.
3654 5221 3928 5299 Cancrum
3966 5235 4032 5274 ex

2452 5303 2554 5354 hoc
2576 5292 2769 5355 etiam"
2793 5301 2914 5353 loco
2947 5295 3183 5366 perspici
3209 5301 3435 5366 potest,
3467 5292 4033 5366 (lliristopborsonnm

2451 5375 2634 5426 nullos
2734 5362 3146 5439 manuscriptos
3211 5362 3474 5419 Socratis
3574 5362 3798 5417 codices

2455 5444 2714 5498 suluisse.

2532 5515 2646 5583 ((31)
2693 5511 2841 5565 ’Υπὸ
2877 5511 2944 5564 δὲ
2977 5511 3083 5563 τὸν
3147 5507 3334 5583 αὑτὸν
3380 5504 3625 5583 χρόνον.
3654 5502 3856 5583 Totam
3887 5501 4034 5582 ullane

2462 5572 2687 5638 scona'm
2745 5584 2985 5638 infelicis
3050 5578 3265 5634 oraculi
3310 5572 3458 5645 quod
3519 5576 3753 5646 gentiles
3809 5572 4034 5641 quidam

3901 5376 4035 5414 eon-

2202 5676 2590 5735 νΑιιιοιιυΜ.

907 5776 1108 5841 Οὓτως
1142 5774 1703 5843 ἀκόσμωςᾸῖυῐὶιιυε
1749 5775 1846 5828 lib.
1909 5789 1971 5835 ιι.
2008 5790 2128 5843 cap.
2174 5775 2226 5833 5,
2267 5775 2346 5827 ait

771 5847 1158 5902 mulierculam
1204 5847 1346 5899 hanc
1378 5847 1456 5897 ita
1503 5845 1750 5910 festinari
1800 5855 1848 5898 et
1882 5861 2156 5912 properam
2191 5845 2348 5899 domo

773 5937 869 5974 sua
900 5919 1227 5988 prorupisse,
1265 5927 1317 5970 ut
1369 5933 1458 5970 nec
1509 5916 1776 5972 clauderet
1820 5919 2035 5982 ostium,
2082 5934 2170 5972 nec
2230 5932 2348 5972 one-

2456 5779 2563 5832 rire
2597 5797 2670 5843 se,
2707 5789 2765 5834 ut
2800 5777 3083 5833 mulierum
3119 5774 3360 5829 habitum
3405 5774 3571 5834 decet,
3611 5767 3916 5838 diligentius
3945 5783 4014 5831 po

2460 5861 2667 5906 ιηιδδει.
