4464 6586
405 464 513 527 505

1332 464 1661 522 HISTORIA
1700 462 2272 522 ECCLESIASTICA.
2324 488 2385 500 -
2432 459 2566 517 LIB.
2608 463 2690 518 IV.

3600 462 3707 516 506

407 587 662 658 ἀλάστωρ
726 588 791 656 τῇ
854 584 950 638 τοῦ
1011 581 1274 653 βασιλέως
1330 582 1573 654 ὠμότητι
1626 582 2004 653 ἀπεχρήσατο.
2040 597 2081 643 Α
2113 597 2170 651 pe.

1935 597 2004 635 ιο.
2040 597 2081 643 Α
2113 579 2395 651 peratoris
2448 580 2660 635 abusus
2704 588 2792 634 est
2834 579 3185 635 crudelitate.
3225 576 3505 645 Quosdam
3551 580 3698 632 enim

420 678 697 730 Ἀνὲπεισι
750 677 859 748 γάρ
911 692 1065 738 τινας
1118 672 1670 745 περιεργαζομένους,
1726 674 1812 736 τίς
1866 672 2005 742 μετὰ

407 766 682 820 Οὐάλεντα
722 764 1128 835 βασιλεύσειεν,
1175 764 1600 833 νεκυομαντειαν
1647 763 2002 834 ποιήσασθαι.

408 852 504 921 Οἷς
542 874 654 911 τισι
704 856 913 927 μαγικῇ
943 872 1050 909 τινι
1093 855 1399 926 μαγγανεία
1441 855 1764 926 χρωμένοις,
1799 855 2009 909 ἀνεῖλεν

407 950 437 1002 ὁ
487 949 695 1020 δαίμων
747 948 808 1002 οὑ
849 948 1080 1018 φανερὰ,
1125 946 1261 1001 ἀλλὰ
1313 945 1556 1018 συνήθως
1604 946 1770 1013 λοξὰ,
1828 948 2007 1014 δείξας

408 1042 650 1112 τέσσαρα
693 1042 998 1112 γράμματα
1048 1039 1077 1093 θ
1102 1080 1117 1103 ,
1156 1038 1251 1093 καὶ
1292 1054 1320 1091 ε
1344 1077 1361 1103 ,
1392 1039 1485 1091 καὶ
1511 1055 1575 1100 ο,
1618 1039 1710 1093 καὶ
1736 1038 1765 1091 δ
1789 1055 1801 1068 ·
1838 1037 2007 1091 εἰπὼν

410 1136 475 1187 ἑκ
522 1135 729 1188 τούτων
783 1132 1050 1205 ἄρχεσθαι
1098 1131 1340 1201 τοῦνομα
1396 1132 1491 1184 τοῦ
1549 1132 1684 1202 μετὰ
1731 1132 2010 1186 Οὐάλεντα

413 1222 854 1293 βασιλεύσοντος·
888 1218 1024 1275 εἶναι
1064 1222 1121 1274 δὲ
1160 1222 1307 1292 αὐτῷ
1334 1221 1607 1276 σύνθετον.
1640 1222 1801 1276 Ἢκει
1832 1222 1889 1276 δὲ
1924 1224 2008 1286 εἰς

411 1316 511 1379 τὰς
541 1315 712 1379 ἀκοὰς
740 1316 834 1369 τοῦ
861 1314 1120 1386 βασιλέως
1147 1316 1179 1385 ἡ
1213 1315 1321 1368 τῶν
1350 1314 1658 1384 γενομένων
1688 1316 1760 1386 φή
1771 1333 1865 1386 μη.
1896 1317 2006 1369 Καὶ

413 1409 523 1481 γὰρ
558 1411 619 1462 οὐ
670 1408 978 1479 παρεχώρει
1010 1407 1071 1459 τὸ
1101 1407 1292 1477 μέλλον
1318 1407 1516 1459 εἰδέναι
1551 1406 1691 1476 Θεῷ,
1717 1410 1811 1460 καὶ
1836 1411 2011 1461 ποιεῖν

414 1502 443 1555 ὃ
471 1500 645 1554 ἐδόκει
673 1499 751 1569 τῷ
779 1500 957 1553 πάντα
981 1498 1269 1552 διοικοῦντι
1305 1498 1485 1561 καλῶς
1504 1514 1518 1529 ⁸
1554 1498 1690 1551 ἀλλὰ
1721 1501 1917 1570 παρεὶς
1945 1499 2014 1553 τὰ

415 1592 511 1647 τοῦ
544 1590 972 1663 Χριστιανισμοῦ
1012 1589 1481 1660 παραγγέλματα,
1536 1584 1611 1644 ὧν
1656 1588 1815 1660 ζῆλον
1868 1589 2013 1660 ἔχειν

416 1684 686 1755 ἐνόμιζεν,
731 1680 959 1743 πολλοὺς
1012 1679 1321 1742 ἀπώλλυεν,
1371 1677 1465 1743 οὓς
1502 1685 1859 1750 τυραννήσειν
1914 1681 2016 1733 ὑπ-

418 1776 683 1831 ώπτευεν.
724 1772 1139 1826 Ἀπεκτίννυντο
1169 1768 1261 1825 οὖν
1295 1772 1585 1842 Θεόδωροι,
1621 1774 1715 1825 καὶ
1744 1772 2013 1837 Θεόδοτοι,

419 1868 512 1920 καὶ
541 1867 827 1931 Θεοδόσιοι,
875 1866 972 1919 καὶ
1001 1866 1296 1933 Θεόδουλοι,
1329 1866 1421 1918 καὶ
1466 1866 1581 1918 ὅσοι
1615 1868 1825 1929 τούτοις
1864 1862 2015 1935 εἶχον

2115 674 2369 729 homines
2403 689 2472 728 eo
2504 671 2719 741 impulit
2782 679 2841 724 ut
2874 687 2973 741 per
3013 670 3259 741 magicas
3291 677 3441 723 artes
3481 675 3704 723 scruta-

2111 774 2306 817 rentur
2356 763 2615 833 quisnam
2643 770 2767 833 post
2791 760 3082 815 Valentem
3128 760 3359 829 imperio
3398 767 3545 815 esset
3570 759 3703 827 poti-

2110 862 2293 909 turus.
2329 854 2437 920 Qui
2470 870 2597 909 cum
2629 857 2839 925 magica
2887 854 3132 924 quadam
3180 851 3568 907 incantatione
3617 851 3705 904 nsi

2109 956 2317 1014 essent,
2359 947 2596 1014 daemon,
2643 956 2702 1001 ut
2740 948 2900 1011 solet,
2932 964 3040 1001 non
3086 954 3300 1017 aperta,
3341 945 3437 1000 sed
3478 943 3703 1012 obliqua

2110 1038 2365 1108 qumdam
2389 1054 2659 1109 responsa
2684 1038 2832 1093 dedit
2856 1057 2869 1092 :
2897 1048 3135 1108 quatuor
3166 1038 3438 1092 duntaxat
3459 1037 3704 1091 ostensis

2112 1132 2334 1199 litteris,
2377 1132 2429 1197 0,
2470 1150 2518 1197 ε,
2562 1150 2612 1194 ο,
2635 1132 2684 1195 δ,
2733 1132 2802 1185 ab
2862 1131 2947 1185 his
3002 1130 3246 1200 incipere
3277 1129 3471 1183 dicens
3504 1142 3703 1181 nomen

2115 1225 2266 1279 illius
2288 1226 2384 1296 qui
2413 1234 2541 1296 post
2559 1223 2844 1281 Valentem
2874 1225 3244 1293 imperaturus
3266 1229 3449 1287 esset,
3472 1235 3705 1274 nomen-

2112 1335 2219 1388 que
2245 1320 2292 1373 ei
2330 1319 2706 1388 compositum
2743 1333 2887 1373 esse.
2926 1315 3103 1385 llujus
3140 1315 3219 1370 rei
3257 1314 3403 1368 fama
3440 1314 3507 1367 ad
3544 1312 3702 1382 prin-

2113 1413 2257 1481 cipis
2304 1426 2466 1466 aures
2522 1411 2793 1481 pervenit.
2844 1410 2938 1464 llle
2980 1424 3109 1463 vero
3152 1423 3339 1462 rerum
3388 1409 3701 1460 futurarum

2115 1504 2392 1566 notitiam,
2440 1512 2494 1557 et
2543 1503 2637 1573 jus
2698 1504 3099 1572 arbitriumque
3135 1499 3368 1554 faciendi
3429 1498 3704 1568 quidquid

2115 1594 2379 1659 voluerit,
2436 1594 2547 1649 Deo
2600 1602 2803 1648 cuncta
2878 1595 2981 1647 rite
3047 1592 3462 1646 administranti
3534 1591 3708 1645 neuti-

2116 1702 2284 1757 quam
2327 1690 2626 1742 reservavit
2655 1706 2667 1741 :
2703 1688 2797 1741 sed
2826 1687 3028 1755 spretis
3055 1684 3392 1740 Christianze
3420 1684 3705 1753 religionis

2116 1781 2430 1851 praeceptis,
2454 1796 2691 1850 quorum
2722 1796 2783 1835 se
2802 1780 3281 1834 studiosissimum
3311 1794 3435 1833 esse
3462 1778 3705 1831 arbitra—

2118 1872 2304 1935 batur,
2338 1872 2606 1940 plurimos
2643 1872 2942 1933 interemit,
2964 1886 3103 1939 quos
3132 1871 3419 1938 imperium
3451 1868 3706 1921 affectare

419 1957 659 2027 ὀνόματα
682 1957 1060 2026 παραπλήσια.
1082 1956 1167 2009 Ἐν
1199 1950 1280 2019 οἷς
1294 1957 1388 2009 καὶ
1413 1956 1521 2025 (62)
1554 1956 1893 2020 Θεοδοσὶολός
1908 1974 2012 2021 τις,
2048 1937 2087 1991 Β
2117 1979 2180 2017 su

1936 1975 2012 2021 ἰς’
2048 1937 2087 1991 Β
2117 1937 2527 2031 suspicabatur.
2573 1963 2923 2017 Necabantur
2962 1937 3151 2031 itaque
3183 1937 3493 2022 Theodori,
3524 1958 3699 2011 Theo-

421 2050 563 2120 ἀνὴρ
612 2052 855 2117 γενναῖος
906 2051 971 2101 ἐκ
1028 2049 1136 2101 τῶν
1187 2049 1529 2120 εὐπατριδῶν
1579 2051 1679 2119 τῆς
1741 2048 2016 2113 Ἱσπανίας

422 2142 817 2211 καταγόμενος,
877 2142 1161 2212 (impetro.
1201 2141 1337 2194 Ὑπὸ
1401 2141 1457 2193 δὲ
1514 2140 1607 2193 τοῦ
1662 2142 2013 2211 ἐπικειμένου

420 2234 592 2298 δέους,
624 2234 808 2288 πολλοὶ
835 2234 903 2288 τὰ
932 2234 1140 2288 ἑαυτῶν
1169 2233 1408 2304 ὀνόματα
1438 2232 1811 2303 μετετίοεσαν,
1840 2232 2017 2305 ἀπαρ-

422 2327 673 2398 νούμενοι
716 2327 752 2381 ἃ
784 2330 833 2381 οἱ
866 2331 1043 2396 γονεῖς
1088 2328 1357 2398 τεχϐεῖσιν
1404 2327 1692 2390 ἐπέθεσαν,
1728 2326 1804 2389 ὠς
1837 2326 2018 2380 κίνδυ-

422 2434 514 2472 νον
542 2419 753 2488 ἔχοντα.
788 2419 927 2490 Περὶ
981 2418 1082 2491 μὲν
1113 2419 1177 2490 δὴ
1222 2420 1412 2472 τούτου
1460 2417 1696 2472 τοσαῦτα
1746 2418 2007 2490 εἰρήσθω.

2117 2056 2255 2119 doti,
2297 2055 2599 2110 Theodosii
2648 2071 2712 2109 ac
2763 2054 3057 2118 Tlieodnli,
3097 2063 3149 2109 et
3195 2061 3469 2123 quotquot
3514 2051 3708 2118 hujus-

2117 2148 2263 2201 modi
2294 2147 2569 2203 habebant
2602 2148 2845 2202 nomina.
2892 2149 3036 2201 Inter
3063 2163 3203 2215 quos
3230 2145 3397 2201 etiam
3444 2142 3705 2196 Theodo-

2117 2240 2291 2295 siolus
2346 2241 2571 2311 quidam
2631 2242 2715 2294 vir
2760 2240 3119 2301 fortissimus,
3177 2239 3345 2293 nobili
3396 2252 3595 2308 genere
3653 2236 3709 2287 in

2125 2327 2401 2399 Hispania
2432 2331 2731 2393 oriundus,
2759 2332 2878 2386 neci
2900 2332 3064 2386 datus
3097 2342 3199 2385 est.
3238 2330 3426 2399 Itaque
3444 2329 3513 2381 ob
3536 2328 3713 2379 immi-

2120 2423 2305 2479 nentis
2352 2425 2585 2494 periculi
2636 2432 2864 2487 metum,
2918 2425 3077 2477 multi
3132 2432 3265 2477 tunc
3318 2422 3549 2475 nomina
3611 2433 3712 2474 sua

425 2506 823 2577 immutarunt,
880 2526 944 2565 ea
1004 2526 1126 2582 quae
1184 2528 1216 2566 a
1265 2513 1588 2583 parentibus
1638 2522 1990 2581 acceperant,
2030 2519 2294 2585 tanquam
2332 2517 2584 2588 periculo
2642 2517 2885 2572 obnoxia
2952 2516 3262 2587 ejurantes.
3318 2513 3426 2570 Sed
3503 2515 3571 2568 de
3627 2514 3713 2566 his

425 2604 721 2658 hactenus.

1030 2702 1281 2756 ΚΕΦΑΛ.
1332 2704 1416 2756 ις’.

427 2794 567 2863 Περὶ
600 2794 714 2864 τῆς
756 2795 1107 2848 Ἀθανασίου
1146 2793 1456 2875 τελευτῆς,
1488 2794 1583 2848 καὶ
1622 2794 1853 2865 Πέτρου
1882 2808 2023 2864 προ-

1096 2882 1351 2934 αγωγηςο

513 2956 707 3034 Ἰστέον
735 2958 809 3021 δὲ,
840 2960 922 3012 ὅτι
970 2958 1073 3021 ἓως
1112 2959 1308 3029 περιῆν
1348 2957 1658 3021 ’Λοανάσιος
1686 2960 1713 3010 ὁ
1745 2958 1845 3028 τῆς
1882 2958 2027 3011 Ἀλε-

2758 2697 2912 2754 CAP.
2957 2697 3076 2752 XX.

2264 2793 2341 2848 De
2364 2792 2510 2847 obitu
2543 2792 2827 2846 Athanasi-
2854 2801 2903 2846 et
2936 2790 2999 2845 de
3028 2789 3360 2860 promotione
3398 2786 3573 2841 Petri.

2202 2952 2501 3009 Sciendum
2559 2966 2725 3021 porro
2771 2959 2878 3012 est,
2945 2948 3193 3021 quandiu
3268 2954 3554 3016 superstes
3613 2941 3717 2998 fuit

432 3046 699 3119 ξανδρέων
744 3050 1060 3111 ἐπίσκοπος,
1106 3049 1167 3101 ἔκ
1216 3067 1357 3112 τινος
1395 3049 1531 3102 Θεοῦ
1578 3049 1832 3121 προνοίας
1860 3049 2028 3119 ὑπερ-
2124 3048 2192 3101 Al

1954 3065 2028 3119 ;ρ-
2124 3046 2465 3101 Athanasius
2500 3043 2888 3099 Alexandrina:
2927 3043 3083 3097 urbis
3123 3042 3447 3111 episcopus,
3486 3039 3717 3105 impera-

431 3137 584 3189 ἐθετο
623 3139 852 3209 ταράξαι
889 3140 985 3209 τὴν
1022 3139 1429 3210 Ἀλεξάνδρειαν
1480 3141 1575 3193 καὶ
1621 3140 1717 3211 τὴν
1755 3140 2028 3208 Αἴγυπτον

366 3292 375 3299 1
431 3233 460 3283 ὁ
492 3231 763 3301 βασιλεὺς,
800 3230 1201 3301 πυνθανόμενος
1239 3232 1487 3284 πλεῖστον
1519 3228 1659 3285 εἶναι
1703 3233 1824 3285 κατ’
1859 3230 2026 3303 αὐτὴν

2134 3145 2338 3200 torem,
2364 3136 2552 3191 divina
2581 3136 2633 3189 id
2680 3142 2876 3205 agente
2908 3132 3274 3203 providentia,
3309 3126 3653 3183 abstinuisse
3686 3140 3716 3177 a

2135 3229 2427 3283 vexatione
2470 3225 2690 3298 Egypti
2733 3233 2900 3294 atque
2950 3221 3330 3282 Alexandriae;
3380 3218 3583 3288 quippe
3623 3214 3719 3284 qui

431 3323 492 3375 τὸ
547 3321 748 3393 πλῆθος
806 3323 912 3375 τῶν
964 3324 1373 3393 προτκειμένων
1419 3324 1752 3394 ’ΛΟανασὶῳ,
1811 3324 1905 3376 καὶ
1960 3321 2092 3378 ὲκΟ
2126 3336 2190 3375 co

1960 3321 2489 3390 échomperisset
2535 3319 2829 3372 maximam
2890 3317 3005 3371 illic
3064 3316 3350 3368 hominum
3412 3309 3718 3363 multitudi-

432 3415 622 3468 τούτου
674 3416 1019 3486 ὑφορώμενος
1087 3418 1314 3487 μήποτε,
1380 3417 1675 3487 γενομένης
1736 3418 1877 3470 κατὰ
1928 3417 2027 3488 τὴν

446 3505 855 3574 Ἀλεξάνδρειαν
895 3506 1156 3569 στάσεως,
1207 3507 1365 3576 φύσει
1392 3508 1451 3559 τὸ
1485 3508 1730 3578 δημῶδες
1767 3508 2027 3579 ἔνθερμον

432 3598 493 3652 δν
549 3597 871 3669 προσδλάψῃ
896 3598 963 3650 τὰ
1001 3599 1233 3669 δημόσια
1263 3599 1582 3669 πράγματα.
1627 3600 1683 3652 Ὀ
1709 3598 1764 3651 δὲ
1806 3599 2030 3653 Ἀθανάο

438 3706 575 3754 σιος,
617 3690 675 3741 ὲν
710 3690 943 3761 ὑπατεία
973 3690 1271 3759 Γρατιανοῦ
1310 3694 1333 3730 ε
1375 3692 1433 3742 τὸ
1470 3691 1721 3761 δεύτερον
1758 3692 1851 3744 καὶ
1890 3691 2030 3761 Πρό-

2134 3430 2258 3468 nem
2288 3412 2591 3468 Athanasio
2629 3411 2845 3465 favere:
2877 3420 3044 3478 atque
3082 3408 3295 3461 idcirco
3330 3408 3599 3457 metueret
3628 3415 3718 3461 ne,

2134 3515 2253 3559 orta
2293 3505 2640 3559 Alexandria:
2671 3502 2964 3566 seditione,
3008 3500 3165 3569 plebs
3191 3513 3314 3566 quae
3349 3503 3547 3564 suopte
3578 3493 3703 3560 inge

2137 3598 2228 3651 nio
2256 3596 2553 3651 ferventior
2576 3604 2681 3657 est,
2717 3593 2956 3663 publicis
2985 3591 3152 3646 rebus
3187 3589 3448 3643 damnum
3473 3584 3717 3639 aﬂerret.

2135 3687 2310 3741 Porro
2338 3687 2677 3741 Athanasius
2708 3685 2978 3740 Gratiano
3007 3684 3204 3738 iterum
3249 3687 3306 3736 et
3359 3678 3544 3734 Probo
3588 3692 3718 3733 con-

1652 3863 1927 3919 VALESII
1966 3862 2535 3922 ANNOTATIONES.

438 3960 858 4019 consuluerant.
898 3968 959 4014 ut
982 3960 1235 4030 quisnam
1283 3958 1498 4032 Valenti
1546 3960 1600 4013 in
1629 3960 1867 4032 imperio
1898 3976 2025 4015 suc-

439 4046 707 4086 cessurus
743 4041 891 4088 esset
913 4029 1347 4100 cognoscerent,
1394 4030 1513 4084 fuse
1560 4029 1729 4085 refert
1784 4032 2027 4083 Ammia-

440 4117 548 4157 nus
572 4100 923 4157 Marcellinus
954 4103 1008 4155 in
1075 4101 1166 4153 lib.
1201 4116 1348 4153 xxux.
1414 4102 1519 4155 Sed
1574 4116 1811 4169 quonam
1879 4116 2025 4155 anno

442 4172 496 4225 id
549 4174 844 4241 contigerit
884 4173 1185 4226 obscurum
1244 4179 1347 4223 est.
1384 4171 1652 4225 Baronius
1687 4172 1906 4241 quidem
1967 4172 2021 4225 in

440 4243 770 4307 Annalibus,
813 4258 961 4297 anno
992 4242 1195 4295 Christi
1236 4242 1339 4295 570
1372 4243 1423 4295 id
1447 4245 1715 4307 assignat.
1750 4241 1861 4309 Ego
1901 4258 2029 4296 vero

442 4328 588 4381 anno
630 4312 844 4367 Domini
880 4313 1005 4372 571,
1036 4320 1128 4363 ant
1154 4311 1255 4364 572
1284 4316 1505 4365 ineunte
1538 4314 1589 4364 id
1628 4319 1845 4381 gestum
1872 4322 2023 4379 puto.

2126 3964 2619 4032 conspirationem,
2644 3961 2736 4032 qui
2770 3961 3059 4032 oraculum
3088 3960 3156 4015 de
3196 3960 3382 4015 futuro
3410 3958 3719 4032 imperato-

2128 4047 2187 4086 re
2248 4030 2675 4097 consuluerunt,
2711 4047 2855 4086 anuo
2913 4031 3161 4086 Valentis
3222 4048 3371 4086 nono
3451 4030 3720 4083 adscribit

2127 4103 2269 4159 idem
2300 4102 2682 4173 Theophanes.
2724 4103 2879 4168 Quod
2916 4118 3039 4155 cum
3077 4112 3269 4156 nostra
3314 4100 3586 4155 sententia
3621 4114 3720 4166 op-

2132 4175 2261 4228 time
2288 4175 2567 4243 congruit,
2605 4176 2649 4228 si
2701 4173 2946 4243 Valeiitis
3001 4188 3207 4243 annum
3270 4173 3513 4243 primum
3569 4185 3719 4223 com-

2128 4240 2442 4313 putemns'a
2480 4245 2774 4298 consulatu
2816 4242 3032 4297 Joviani
3069 4253 3123 4297 et
3153 4240 3501 4313 Varroniani.

2203 4314 2313 4383 (62)
2345 4314 2744 4380 Θεοδοσίολός
2776 4331 2886 4379 τις,
2919 4313 3074 4381 ἀνὴρ
3108 4312 3403 4383 γενναῖος.
3450 4310 3719 4383 Quisnam

442 4380 651 4437 Valens
686 4385 829 4437 enim
859 4398 1004 4437 anno
1036 4385 1052 4400 '
1085 4383 1294 4435 Christi
1323 4382 1447 4445 571,
1493 4380 1645 4436 linita
1674 4383 1784 4451 jam
1836 4392 2026 4437 aestate
2059 4398 2102 4451 ι)
2134 4380 2220 4440 sit
2242 4380 2330 4438 hic
2381 4383 2750 4446 Theodosius,
2816 4380 3124 4438 incertum
3153 4392 3259 4451 est.
3318 4382 3505 4450 Neque
3554 4381 3717 4451 enim

442 4452 798 4523 Antiochiam
871 4454 1153 4523 ingressus
1208 4460 1313 4513 est,
1376 4452 1639 4506 Gratiano
1689 4454 1937 4507 secundo
1970 4464 2025 4506 et

442 4522 626 4577 Probo
653 4522 998 4582 consulibus,
1034 4534 1091 4577 ut
1122 4524 1174 4577 in
1214 4525 1668 4577 annotationibus
1711 4524 1776 4577 ad
1830 4538 2024 4592 supra-

443 4595 651 4647 dictum
689 4596 889 4648 librum
941 4593 1239 4646 Marcellini
1301 4593 1697 4654 demonstravi,
1731 4596 1925 4660 partim
1957 4611 2023 4648 ex

444 4664 659 4732 legibus
688 4665 911 4719 Codicis
938 4664 1327 4721 Theodosiani.
1356 4667 1550 4731 partim
1582 4680 1646 4717 ex
1702 4664 1913 4717 Libanii
1960 4665 2022 4717 Ii-

448 4735 555 4788 bro
579 4735 646 4789 de
678 4733 801 4788 Vita
834 4751 957 4790 sna.
988 4734 1279 4804 Tragmdia
1308 4751 1489 4788 autem
1524 4737 1635 4797 illa,
1671 4747 1720 4788 et
1744 4751 2025 4803 conspira-

445 4804 527 4858 tio
558 4804 934 4859 maleficorum
986 4805 1250 4859 adversus
1288 4804 1587 4863 Valentem,
1619 4808 1847 4873 contigit
1902 4815 2024 4873 post

446 4876 567 4944 ejus
599 4875 909 4945 ingressum
940 4877 992 4928 in
1020 4877 1208 4929 urbem
1248 4876 1666 4936 Antimzlicuam,
1710 4885 1767 4929 ut
1803 4886 2024 4931 constat

446 4961 513 4999 ex
549 4944 881 4999 Marcellino.
940 4950 1096 4999 Anno
1134 4948 1296 5011 igitur
1335 4947 1459 5003 571.
1493 4949 1575 4998 vel
1627 4958 1772 4999 certe
1806 4949 2024 5002 ineunte

447 5016 574 5079 572,
595 5016 883 5086 contigerit
908 5032 1130 5069 necesse
1148 5026 1251 5070 est.
1273 5016 1429 5069 Certe
1452 5016 1813 5084 Theophanes
1839 5033 1903 5071 ac
1924 5018 2025 5072 Ce-

449 5087 656 5140 drenns
705 5087 949 5141 Valentis
980 5086 1289 5155 ingressum
1329 5090 1378 5138 in
1410 5089 1599 5140 urbem
1624 5087 2024 5141 Antiochenam

450 5172 599 5211 anno
620 5158 767 5213 illius
784 5165 981 5212 octavo
1007 5158 1313 5228 assignant.
1336 5157 1484 5210 Illam
1519 5168 1701 5211 autem
1732 5159 2024 5228 impiorum

2135 4456 2505 4510 Theodosium
2542 4455 2695 4508 illum
2724 4470 2848 4511 esse
2897 4454 3155 4508 existimo
3200 4450 3500 4507 Theodosii
3550 4450 3720 4520 impe-

2136 4529 2335 4582 ratoris
2363 4536 2595 4596 patrem,
2626 4525 2693 4579 de
2740 4540 2850 4595 quo
2881 4523 3213 4596 Ammianus
3242 4522 3600 4596 Marcellinus
3642 4524 3723 4596 Ioc

2134 4599 2324 4664 quitur
2363 4590 2584 4665 'passim
2625 4596 2680 4649 in
2722 4590 2839 4650 suis
2879 4594 3055 4648 libris.
3095 4593 3194 4647 Hic
3250 4594 3395 4648 enim
3446 4594 3522 4665 ii_t_
3563 4590 3723 4665 Occi-

2134 4660 2301 4723 dente
2336 4660 2589 4722 versatus
2632 4675 2737 4730 est,
2767 4681 2867 4720 nec
2894 4665 3002 4719 nisi
3050 4673 3174 4733 post
3213 4665 3420 4718 obitum
3476 4660 3722 4717 Valenti-

2136 4740 2287 4794 niani
2313 4739 2535 4792 occisus
2569 4737 2693 4800 fuit,
2727 4751 2827 4806 per
2884 4735 3134 4790 fraudem
3186 4742 3240 4790 et
3280 4734 3517 4806 insidias
3546 4735 3723 4787 male-

2134 4811 2409 4863 velorum.
2444 4806 2621 4861 Verba
2678 4803 2860 4861 tamen
2898 4807 2991 4860 illa
3032 4821 3155 4874 qua:
3219 4804 3371 4859 addit
3436 4803 3720 4865 Socrates,

2134 4881 2276 4953 ανὴρ
2308 4881 2555 4953 γενναῖος
2577 4876 2772 4953 ἐκτῶν
2800 4876 3141 4953 ευπατριδῶν
3160 4877 3260 4953 τῇς
3293 4876 3590 4953 Ἱσπανίας,
3613 4889 3722 4953 _op-

2136 4946 2268 5005 tiin'e
2310 4946 2390 5004 illi
2430 4949 2793 5003 conveniunt.
2839 4946 2896 5001 In
2938 4946 3129 5002 cudice
3186 4946 3470 5001 Sfortiano
3525 4946 3722 5013 legitur

2135 5021 2414 5084 Θεοδόσιος
2440 5020 2597 5081 ἄλλος
2620 5037 2722 5083 τις.
2752 5017 3095 5089 Epiphanius
3131 5032 3354 5088 quoque
3414 5013 3722 5071 Scholasti-

2136 5108 2237 5148 cus
2260 5091 2630 5148 Theodosium
2659 5097 2837 5144 vocat.

1880 5333 2274 5392 VARIORUM.

523 5460 543 5479 ‘
577 5455 776 5510 Verum
820 5456 1092 5511 Antonius
1146 5456 1272 5526 Pagi
1332 5473 1441 5510 non
1498 5456 1713 5511 dubitat
1758 5457 1893 5526 quin
1950 5457 2033 5511 hac

494 5529 786 5583 uaastiones
816 5527 882 5581 de
907 5528 975 5581 iis
1003 5528 1092 5595 qui
1138 5543 1328 5595 magos
1371 5529 1791 5591 consuluerant,
1828 5529 2033 5583 habita:

482 5600 665 5653 uerint
696 5614 841 5651 anno
872 5599 995 5652 575.
1030 5597 1111 5651 Ad
1144 5614 1273 5650 ann.
1306 5599 1430 5658 570,
1459 5615 1515 5651 n.
1541 5599 1630 5651 51.

540 5679 565 5717 ti
626 5670 677 5720 Ὁ
737 5668 805 5720 δὲ
848 5668 1198 5732 Ἀθανὰσιος
1251 5668 1320 5721 ἐν
1369 5670 1623 5734 ὑπατείᾳ
1674 5669 2029 5737 Γρατιανοῦ.

455 5739 611 5795 lianc
663 5740 1040 5807 chronologia:
1090 5741 1354 5793 rationem
1386 5756 1507 5808 qua:
1538 5738 1755 5793 confert
1798 5750 2028 5793 mortem

454 5810 743 5865 Athanasii
769 5811 822 5863 in
855 5825 1061 5862 annum
1088 5808 1212 5873 571,
1240 5816 1325 5864 sat
1353 5810 1631 5864 firmitatis
1663 5827 1773 5864 non
1809 5811 2027 5873 habere,

457 5882 695 5937 suadent
720 5889 905 5949 aperta
936 5880 1309 5947 antiquiorum
1333 5881 1664 5948 scriptorum
1696 5882 2029 5935 testimonia.

461 5952 856 6016 Ilieronvums,
893 5950 959 6005 ad
1013 5966 1217 6005 annum
1253 5949 1469 6006 Domini
1514 5950 1642 6011 571.
1686 5952 1761 6005 ait
1816 5951 2031 6007 I'ctt'um

2134 5454 2420 5517 Athanasii
2482 5453 2668 5509 sedem
2711 5450 3017 5520 excepisse,
3060 5448 3156 5520 qui
3212 5464 3391 5503 annus
3450 5455 3534 5503 est
3598 5463 3721 5520 arra:

2136 5535 2345 5581 nostrae
2371 5524 2497 5579 575.
2528 5523 2811 5577 Proterius
2852 5518 3006 5585 vero,
3043 5518 3190 5574 unus
3214 5536 3279 5574 ex
3304 5518 3721 5574 successoribus

2133 5596 2430 5651 Athanasii
2462 5596 2516 5649 in
2551 5593 2685 5650 sede
2710 5589 3101 5653 Alexandrina,
3124 5591 3180 5645 in
3210 5589 3441 5659 epistola
3471 5588 3720 5642 Paschali

2134 5669 2219 5721 sic
2268 5668 2431 5720 habet
2468 5683 2483 5719 :
2519 5664 2586 5720 In
2634 5663 2951 5730 octagesimo
3004 5678 3144 5715 nono
3191 5678 3329 5713 anno
3382 5660 3446 5713 ab
3500 5660 3720 5725 imperio

2134 5737 2476 5798 Diocletiani,
2514 5736 2796 5804 superstite
2818 5742 2971 5804 patre
3000 5743 3185 5804 nostro
3207 5740 3256 5785 et
3280 5730 3525 5804 episcopo
3554 5731 3718 5804 Allia-

2135 5811 2320 5870 nasia,
2366 5824 2487 5859 cum
2532 5801 2621 5859 xiv
2662 5806 2789 5858 luna
2821 5801 3147 5865 Paschalis,
3193 5815 3362 5856 xxvrtt
3407 5802 3490 5854 die
3531 5801 3716 5852 mensi;

2142 5877 2484 5939 l’liaminutlt,
2518 5876 2569 5926 id
2609 5884 2686 5930 est
2734 5891 2869 5928 nono
2915 5871 3279 5927 Kalendarum
3330 5872 3592 5939 Aprilium
3638 5871 3716 5925 die

2142 5958 2482 6005 vrevcmsset.
2525 5948 2609 6003 die
2652 5946 2957 6017 Dominico.
2996 5946 3046 5999 in
3095 5944 3487 6003 sul'scmtenlem
3548 5953 3711 5995 trana-
