4464 6586
477 454 582 509 ἴνίδῦ

1356 452 1678 509 HISTORIA
1725 451 2276 508 ECCLESIASTICA.
2317 481 2380 490 —
2417 451 2546 509 LIB.
2579 455 2660 508 IV.

3619 453 3724 508 5l0

476 593 651 644 νηται,
685 575 716 644 ἧ
751 576 854 628 ὅσα
882 575 1022 628 κατὰ
1048 577 1153 629 τῶν
1179 576 1596 640 ἐξωοισθέντων,
1623 578 1678 630 ἐν
1710 595 1768 632 τε
1799 579 2053 646 δικαστη·
2082 580 2125 634 Α
2153 579 2237 632 sin

1960 595 2053 646 τη·
2082 580 2125 634 Α
2153 579 2286 640 sint,
2319 585 2372 631 et
2415 594 2536 646 qua:
2578 579 2843 631 adversus
2881 577 3001 629 illos
3045 575 3138 645 qui
3172 572 3388 644 expulsi
3426 581 3574 630 sunt,
3612 582 3723 625 tum

477 666 613 732 ρίοις
680 667 772 717 καὶ
805 665 960 729 ἐκτὸς
1001 668 1362 740 δικαστηρίων
1407 669 1675 738 ἐπράχθη,
1721 672 1868 731 ὅπως
1895 688 1953 722 τε
2002 671 2050 720 οἱ

478 756 576 825 μὲν
599 755 853 824 βασάνοις
883 760 1148 822 ποικίλαις
1177 760 1580 832 ὑπεϐλήθησαν,
1608 763 1659 814 οἱ
1689 762 1743 814 δὲ
1796 763 1889 816 καὶ
1918 763 2054 832 μετὰ

471 844 568 911 τὰς
599 849 863 917 βασάνους
886 851 1282 922 ἐξωρίσθησαν·
1319 853 1540 915 Σαϐῖνος
1576 853 1673 923 μὲν
1702 854 1808 905 οὐδ’
1839 855 2053 922 ἡντινα-

471 937 565 990 οῦν
610 942 903 1011 πεποίηται
954 943 1192 1012 μνήμην.
1234 942 1581 1012 Ἀρειανίζων
1628 944 1737 1012 γὰρ
1782 944 1842 997 τὸ
1883 945 2052 1012 ἥμισυ

471 1029 702 1100 κρύπτει
755 1033 823 1084 τὰ
878 1032 988 1085 τῶν
1040 1033 1206 1100 φίλων
1258 1035 1587 1104 ἀδικήματα.
1658 1037 1860 1105 Πέτρος
1887 1036 1942 1087 δέ
1970 1053 2051 1087 τοι

470 1118 792 1187 γράμμασιν
811 1119 1050 1183 οἰκείοις,
1067 1120 1103 1172 ἃ
1128 1121 1265 1190 μετὰ
1290 1121 1387 1190 τὴν
1413 1125 1477 1174 ἐκ
1503 1123 1610 1174 τῶν
1636 1123 1849 1192 δεσμῶν
1876 1123 2052 1194 φυγὴν

470 1213 590 1274 ταῖς
629 1211 901 1281 πανταχοῦ
962 1213 1279 1282 ἐκκλησίαις
1305 1214 1661 1281 διεπέμψατο,
1699 1215 1904 1284 φανερὰ
1940 1220 2050 1278 τοῖς

473 1302 604 1354 πᾶσι
641 1302 991 1365 κατέστησεν.
1033 1298 1201 1368 Οὗτος
1235 1308 1334 1376 μὲν
1363 1305 1476 1375 οὖν,
1503 1311 1778 1379 διαδρᾶσαι
1814 1314 1909 1380 τῆς
1936 1315 2048 1383 εἰρ-

474 1394 608 1463 κτῆς
648 1395 890 1464 ἰσχύσας,
929 1398 1064 1465 πρὸς
1098 1401 1347 1468 Δάμασον
1376 1403 1464 1454 τον
1499 1405 1792 1456 ἐπίσκοπον
1832 1406 2048 1476 Ῥώμης

469 1484 760 1555 ἀνέδραμε.
796 1486 963 1540 Πάλιν
1011 1488 1067 1540 δὲ
1109 1489 1158 1542 οί
1204 1492 1467 1561 Ἀρειανοὶ
1505 1495 1600 1546 καὶ
1639 1495 1807 1562 ὀλίγοι
1850 1499 2048 1567 τυγχά-

469 1592 672 1638 νοντες,
700 1577 806 1630 τῶν
838 1579 976 1632 κατὰ
1003 1579 1099 1650 τὴν
1137 1581 1539 1651 Ἀλεξάνδρειαν
1569 1587 1870 1654 ἐκκλησιῶν
1900 1590 2048 1657 ὅμως

468 1667 793 1736 ἐκράτησαν.
821 1671 894 1721 υύ
927 1671 1090 1734 πολὺς
1114 1673 1167 1723 δὲ
1204 1676 1261 1725 ἐν
1294 1676 1440 1745 μέσῳ
1487 1678 1671 1745 χρόνος
1696 1680 1922 1743 ἐγίνετο,
1956 1683 2047 1733 καὶ

470 1758 731 1826 βασιλέως
761 1762 1011 1815 ἐκέλευσε
1042 1767 1385 1835 πρόσταγμα,
1418 1769 1513 1836 τῆς
1553 1787 1608 1820 τε
1648 1770 2047 1839 Ἀλεξανδρείας

467 1851 561 1903 καὶ
593 1854 924 1922 πανταχόθεν
951 1859 1048 1924 τῆς
1081 1858 1352 1922 Αἰγύπτου
1403 1859 1716 1913 ἐλαύνεσθαι
1747 1865 1872 1925 τοὺς
1910 1881 2040 1934 φρο-

467 1941 685 2006 νοῦντας
725 1945 784 1994 τὸ
823 1947 1126 2022 ὁμοούσιον.
1172 1949 1531 2002 Ἐπετέτακτο
1576 1950 1631 2003 δὲ
1663 1953 1754 2003 καὶ
1781 1955 1808 2004 ὁ
1837 1954 2040 2022 ἄρχων,

467 2036 562 2087 σὺν
591 2035 769 2104 πολλῷ
797 2021 989 2106 πλήθει
1036 2040 1378 2108 στρατιωτῶν
1424 2040 1660 2092 διώκειν’
1686 2045 2037 2112 πανταχόθεν,

462 2126 617 2188 ὅσους
653 2123 867 2178 ἐκέλευε
897 2127 1142 2189 Λούκιος.
1181 2130 1448 2182 Ἔσκυλαν
1494 2133 1549 2183 δὲ
1598 2133 1898 2202 τηνικαῦτα
1947 2138 2040 2187 καὶ

463 2213 766 2283 ἐτάραξαν,
827 2216 915 2267 καὶ
972 2216 1160 2279 δεινῶς
1230 2221 1678 2290 κατεπολέμησαν
1737 2222 1806 2274 τὰ
1859 2227 1915 2276 ἐν
1972 2229 2036 2296 τῇ

463 2301 654 2368 ἐρήμῳ
715 2304 1072 2372 μοναστήρια.
1120 2305 1463 2370 Ἐπελθὸντες
1516 2310 1623 2378 γάρ
1683 2311 1888 2365 ἔνοπλοι
1937 2331 2035 2381 γυ-

466 2394 615 2458 μνοῖς
646 2393 890 2462 ἀνδράσι,
921 2397 1013 2450 καὶ
1065 2397 1184 2450 οὐδὲ
1233 2398 1330 2468 τὴν
1383 2404 1539 2470 χεῖρα
1571 2403 1738 2471 αὐτὴν
1779 2405 2039 2458 ἐκτείνειν

463 2481 598 2549 πρὸς
634 2483 846 2551 πληγὴν
895 2489 1258 2558 αιρουμένοις,
1313 2490 1484 2554 οὕτως
1529 2493 1773 2556 ἐλεεινῶς
1811 2495 2038 2566 ἐξεπόρ-

464 2570 655 2640 θησαν,
707 2575 780 2638 ὼς
838 2573 976 2630 εἶναι
1030 2578 1186 2648 λόγου
1241 2580 1528 2652 κρείσσονα
1581 2583 1648 2637 τὰ
1692 2586 1812 2638 κατ’
1860 2587 2037 2638 αὐτῶν

464 2665 609 2738 πάθη
645 2671 930 2738 γενόμενα.

1048 2849 1294 2902 ΚΕΦΑΛ.
1333 2851 1457 2906 Kl".

465 2935 807 3007 Κατάλογος
867 2938 984 2998 τῶν
1036 2941 1106 2994 ἐν
1150 2941 1223 3010 τῇ
1269 2943 1467 3012 ἐρήμῳ
1510 2946 1692 3015 ἁγίων
1729 2950 2030 3020 μοναχῶν.

541 3116 756 3187 Ἐπειδὴ
788 3117 846 3171 δὲ
878 3119 984 3172 τῶν
1016 3120 1075 3172 ἐν
1119 3120 1378 3192 Αἰγύπτῳ
1410 3127 1781 3194 μοναστηρίων
1814 3129 2031 3199 μνήμην

2154 670 2208 720 in
2229 667 2453 733 iudiciis
2491 676 2606 722 tum
2648 680 2799 721 extra
2827 666 3098 733 judicium
3131 673 3262 718 sunt
3295 672 3483 733 gesta;
3513 670 3565 714 i-t
3589 677 3729 729 quo-

2154 757 2314 811 modo
2346 759 2439 811 alii
2476 759 2694 828 quidem
2746 755 3039 810 tormentis
3087 753 3421 813 exerueiati.
3451 754 3544 804 alii
3595 768 3726 806 vero

2154 857 2277 916 post
2303 851 2584 903 cruciatus
2610 851 2775 902 etiam
2803 848 2998 901 exsilio
3021 847 3260 900 damnati
3292 847 3403 899 sint
3435 863 3447 896 :
3485 842 3725 897 Sabinus

2151 939 2373 1008 quidem
2418 941 2736 1015 nullatenus
2780 937 3252 994 commemoravit.
3280 936 3411 989 Nam
3449 952 3572 988 cum
3607 949 3726 1003 ipse

2153 1032 2532 1086 Semiarianus
2559 1039 2742 1094 esset,
2776 1031 3082 1084 amicorum
3125 1044 3350 1092 suorum
3391 1028 3595 1081 scelera
3625 1026 3725 1078 ob-

2152 1124 2301 1177 texit.
2331 1122 2528 1177 Petrus
2575 1138 2706 1177 vero
2753 1137 2849 1190 per
2884 1123 3095 1176 litteras
3143 1134 3296 1178 suas.
3323 1134 3462 1188 quas
3493 1134 3556 1170 ex
3591 1118 3723 1172 ,ι-ἰιι-

2150 1216 2293 1269 t-ulis
2332 1215 2552 1282 elapsus
2585 1215 2652 1266 ad
2695 1229 2886 1268 omnes
2926 1213 3126 1279 uhiqne
3157 1211 3429 1264 ecclesias
3471 1209 3720 1276 scripsit,

2149 1305 2402 1358 omnibus
2450 1321 2513 1359 ea
2547 1304 2820 1373 patelecit.
2867 1302 2924 1354 Et
2979 1303 3065 1356 hic
3111 1301 3328 1370 quidem
3375 1316 3498 1352 eum
3547 1315 3606 1352 se
3655 1315 3720 1351 ex

2150 1414 2373 1451 t-aiccro
2408 1395 2890 1466 proripuisset.'ad
2929 1396 3218 1447 Damasum
3266 1393 3522 1445 Romanae
3564 1392 3721 1446 urbis

2147 1506 2468 1559 epzscopum
2521 1489 2826 1544 contendit.
2873 1488 3056 1542 Ariani
3109 1502 3260 1548 vero,
3317 1486 3444 1538 licet
3494 1498 3722 1536 numero

2150 1581 2332 1647 μιαί-ἰ,
2382 1579 2744 1631 nihilominus
2797 1576 3196 1631 Alexandrinas
3243 1574 3519 1628 Ecclesias
3570 1572 3721 1626 01ιί-

2149 1679 2405 1724 tim-runt.
2441 1669 2552 1724 Nec
2588 1671 2762 1722 multo
2801 1679 2943 1737 post,
2973 1683 3038 1720 ex
3071 1667 3417 1734 imperatoris
3448 1664 3720 1732 rescripto

2148 1763 2387 1815 universi
2421 1761 2514 1828 qui
2551 1761 2707 1813 iidem
2754 1759 3245 1814 consulistantialis
3295 1756 3718 1826 proﬁtebantur,

2147 1862 2258 1904 tum
2291 1869 2352 1905 ex
2387 1853 2521 1906 urbe
2549 1850 2899 1913 Alexandria,
2936 1862 3047 1902 tum
3085 1865 3148 1901 ex
3180 1847 3433 1901 universa
3477 1840 3736 1914 undiqne'

2078 1920 2113 1972 Β
2147 1945 2378 2013 Aigypto
2432 1944 2555 2012 pelli
2607 1943 2890 2010 jubentur.
2948 1942 3122 1993 Simul
3180 1939 3438 2005 praefecto
3502 1936 3718 2007 rEgypli

2145 2036 2462 2089 mandatum
2497 2045 2578 2087 est
2631 2043 2688 2084 ut
2720 2034 2942 2085 militari
2979 2047 3140 2082 manu
3173 2031 3376 2096 ubique
3417 2044 3716 2098 perseque-

2145 2137 2292 2178 retur
2325 2140 2421 2179 eos
2450 2140 2589 2193 quos
2618 2122 2820 2176 Luctus
2861 2122 2986 2190 pelli
3023 2121 3306 2184 inussisset.
3343 2117 3543 2170 Eodem
3581 2127 3718 2170 tem-

2140 2231 2274 2285 pore
2308 2215 2640 2268 monasteria
2663 2215 2714 2265 in
2749 2213 3046 2264 solitudine
3079 2218 3267 2263 vexata
3294 2213 3359 2260 ah
3391 2211 3521 2268 illis.
3548 2218 3715 2263 atoue

2140 2307 2416 2375 exagitata
2471 2317 2524 2358 et
2580 2305 2878 2357 crudeliter
2929 2308 3246 2370 oppugnata
3302 2308 3452 2352 sunt.
3499 2299 3713 2352 Armati

2138 2399 2283 2453 enim
2333 2398 2604 2450 irruentes
2647 2395 2700 2448 in
2752 2395 2895 2448 viros
2943 2394 3200 2454 inermes,
3233 2393 3328 2460 qni
3384 2407 3451 2444 ne
3488 2407 3708 2455 manum

2139 2486 2355 2554 quidem
2415 2485 2712 2538 extendere
2762 2483 2826 2534 ad
2882 2479 3190 2535 feriendum
3251 2481 3537 2542 volebant,
3574 2479 3712 2534 adeo

2137 2578 2397 2630 atrociter
2442 2591 2539 2631 eos
2582 2575 2962 2636 devaSIarunt,
3012 2585 3069 2627 ut
3113 2590 3233 2640 qua;
3277 2574 3543 2628 adversus
3590 2573 3710 2627 illos

2138 2676 2444 2738 perpetrata
2495 2676 2644 2733 sunt,
2692 2681 2910 2722 onmem
2962 2665 3179 2720 dicendi
3225 2673 3486 2735 superent
3537 2664 3710 2718 facul-

2137 2769 2328 2814 tatem.

2718 2866 2872 2921 CAP.
2909 2865 3093 2922 XXIII.

2136 2957 2427 3030 Calalogus
2460 2971 2770 3014 sanctorum
2808 2961 3186 3039 monachorum
3227 2961 3317 3028 qui
3345 2961 3397 3013 in
3425 2960 3709 3015 solitudine

2793 3046 2969 3082 vixerit
2980 3040 3053 3082 nl.

2205 3121 2310 3176 Sed
2338 3123 2601 3190 quoniam
2634 3122 3094 3174 monasteriorum
3125 3120 3341 3191 Aﬂgypti
3373 3121 3703 3175 mentionem

460 3208 823 3301 ἐποιησάμην,
843 3210 992 3262 οὐδὲν
1019 3211 1218 3265 κωλύει
1243 3214 1373 3284 περὶ
1398 3214 1576 3267 αὐτῶν
1603 3216 1807 3288 βραχέα
1834 3217 2032 3282 διεξελ-
2060 3245 2102 3301 C
2137 3215 2218 3269 I'ec

1938 3221 2102 3301 isk-C
2137 3215 2389 3275 fecimus.
2437 3215 2570 3267 nihil
2622 3224 2768 3267 vetat
2818 3215 3111 3283 quominus
3166 3213 3233 3267 de
3287 3213 3481 3266 iisdem
3534 3228 3701 3282 pauca

459 3300 590 3354 θεῖν.
647 3302 726 3354 τὰ
782 3304 839 3354 ἐν
876 3305 1134 3375 Αἰγύπτῳ
1179 3307 1487 3376 ἀσκητήρια
1530 3309 1666 3376 ,ἴσως
1703 3311 1800 3379 μὲν
1841 3313 1903 3364 ἐκ
1931 3331 2033 3382 μαι

458 3391 605 3462 κρῶν
629 3395 736 3445 τῶν
765 3395 970 3464 χρόνων
997 3397 1153 3449 ἔλαϐε
1181 3397 1279 3466 τὴν
1311 3400 1504 3467 ἀρχήν.
1544 3400 1878 3471 Ἑπλατύνθη
1909 3403 2036 3471 μέν-

455 3500 537 3536 τοι
576 3487 668 3536 xui.
719 3487 809 3538 ἐπὶ
850 3486 1031 3554 μεῖζον
1063 3488 1363 3557 προέκοψεν
1405 3491 1463 3554 ἐξ
1510 3491 1699 3560 ἀνδρὸς
1735 3493 2029 3562 θεοφιλοῦς,

453 3568 500 3641 ᾧ
537 3576 703 3643 ὗνομα
745 3572 813 3646 ἦν
855 3578 1096 3647 Ἀμμοῡν
1145 3590 1189 3630 t.
1245 3575 1410 3641 Οὗτος
1457 3583 1572 3640 νέος
1625 3583 1698 3633 ὢν
1742 3589 2033 3653 παρῃτεῖτο

457 3669 547 3720 τὸν
578 3674 774 3737 γάμον.
817 3671 902 3730 Ὠς
939 3671 995 3722 δέ
1035 3689 1176 3732 τινες
1209 3673 1316 3723 τῶν
1345 3676 1723 3743 προσηκόντων
1758 3677 2030 3746 παρῄνουν

459 3764 534 3835 μὴ
587 3765 933 3834 καθυϐρίζειν
971 3767 1060 3818 τὸν
1097 3768 1295 3831 γάμον,
1333 3767 1469 3820 ἀλλὰ
1513 3771 1742 3835 γυναῖκα
1779 3771 2026 3837 ἄγεσθαι,

456 3859 699 3910 πείθεται
738 3860 855 3926 μὲν.
901 3860 992 3911 καὶ
1031 3859 1249 3930 ἔρχεται
1279 3860 1369 3912 ἐπὶ
1394 3860 1588 3928 γάμον.
1621 3861 1795 3924 Εὐθὺς
1838 3863 1892 3914 δὲ
1922 3864 2030 3916 ἀπὸ

453 3951 549 4018 τῆς
577 3948 846 4010 παστάδος
876 3949 1204 4019 παραλαϐὼν
1236 3952 1332 4019 τὴν
1365 3950 1649 4019 παρθένον,
1685 3951 1775 4003 καὶ
1807 3952 2028 4018 ἀγαγὼν

454 4043 546 4092 ἐπὶ
571 4042 669 4112 τὴν
700 4041 929 4095 κοιτῶνα
970 4043 1105 4112 μετὰ
1148 4044 1248 4113 τῆς
1293 4045 1545 4108 εἰωθυίας
1585 4047 1826 4115 πομπῆς,
1876 4049 2027 4110 τέλος

452 4133 920 4204 ἀναχωρησάντων
963 4135 1068 4186 τῶν
1117 4135 1456 4205 ἐπιτηδείων,
1482 4140 1640 4200 αὐτὸς
1691 4139 1890 4207 βιϐλίον
1935 4139 2027 4192 λα-

455 4222 563 4275 ίὼν
613 4225 984 4287 ἁποστολικὺν,
1028 4222 1130 4291 τὴν
1153 4227 1286 4296 πρὸς
1316 4229 1630 4298 Κορινθίους
1660 4230 1869 4283 Παύλου
1900 4234 2021 4284 ἐπι-

454 4315 644 4384 στολὴν
692 4315 1020 4382 ἀνεγίνωσκε
1045 4355 1059 4379 ,
1109 4319 1199 4370 καὶ
1243 4320 1374 4388 πρὸς
1421 4321 1518 4390 τὴν
1562 4322 1805 4392 γαμετὴν
1837 4324 1903 4375 τά
1933 4324 2024 4376 τοῦ

463 4405 784 4460 Ἀποστόλου
835 4408 970 4476 πρὸς
1015 4410 1138 4470 τοὺς
1187 4413 1567 4480 γεγαμηκότας
1595 4416 2027 4484 παραγγέλματα

451 4499 777 4570 διεξήρχετο.
823 4501 1000 4554 Πολλὰ
1047 4502 1101 4554 δὲ
1140 4504 1233 4555 καὶ
1282 4503 1477 4569 ἔξωθεν
1520 4507 1681 4570 αὐτὸς
1717 4509 2024 4580 προστιθεὶς

2137 3307 2407 3362 dicamus.
2435 3307 2759 3376 Monasteria
2789 3322 2912 3375 quae
2943 3309 2995 3360 in
3030 3305 3262 3376 (Egypto
3295 3318 3448 3372 sunt,
3474 3305 3700 3358 forsitan

2136 3399 2353 3468 qnidetn
2384 3400 2452 3450 ab
2491 3399 2681 3450 ultima
2710 3399 3042 3467 antiquitate
3082 3407 3370 3451 traxerunt
3407 3398 3698 3466 originem.

2136 3496 2305 3548 Aucta
2343 3501 2526 3545 tamen
2559 3502 2612 3545 et
2653 3492 2982 3557 atnpliﬁrala
3008 3501 3137 3545 sunt
3161 3491 3358 3543 mirum
3392 3494 3446 3544 in
3480 3490 3702 3544 modum

2133 3601 2162 3639 a
2205 3587 2320 3639 viro
2372 3585 2744 3646 sanctissimo,
2777 3586 2864 3638 cui
2919 3601 3116 3637 nomen
3152 3592 3271 3636 erat
3307 3584 3558 3637 Ammon.
3593 3581 3696 3647 Qui

2132 3690 2259 3729 cum
2309 3683 2455 3728 esset
2511 3675 2856 3738 adolescens,
2907 3676 3128 3743 nuptias
3158 3675 3559 3729 'aversabatur.
3591 3673 3696 3728 Sed

2141 3779 2266 3819 cum
2304 3764 2547 3817 nonnulli
2601 3782 2666 3818 ex
2702 3767 3020 3834 propinquis
3068 3781 3190 3818 emn
3251 3765 3603 3818 hortarentur
3642 3776 3700 3818 ut

2132 3872 2355 3910 uxorem
2384 3856 2630 3919 duceret,
2659 3872 2758 3909 nec
2791 3857 3108 3924 coniugium
3135 3856 3484 3909 contumeliis
3520 3855 3698 3909 allii-e-

2131 3958 2234 4012 ret,
2284 3949 2462 4016 paruit
2511 3950 2616 4012 illo,
2669 3960 2720 4002 ct
2751 3951 2969 4018 nuptias
3027 3948 3344 4002 colebravit.
3383 3947 3693 4014 Statimque

2128 4059 2250 4095 cum
2280 4043 2543 4104 virginem
2569 4057 2598 4094 e
2619 4042 2860 4093 thalamo
2882 4040 3274 4110 apprcln-nSam
3309 4055 3432 4092 cum
3465 4037 3695 4090 solemni

2128 4151 2322 4204 pompa
2359 4135 2607 4189 duxisset.
2653 4135 2704 4186 in
2751 4134 3333 4194 etiliiettltlnt,tatidcnt
3377 4133 3698 4202 propinquis

2128 4242 2190 4279 ac
2215 4228 2578 4280 familiaribus
2598 4227 2876 4295 digressis.
2904 4226 3017 4293 ipse
3039 4226 3401 4294 apostolicum
3423 4226 3618 4277 librum
3642 4224 3696 4276 in

2127 4334 2320 4373 manus
2341 4335 2583 4379 smuens.
2607 4317 2904 4386 Epislolam
2931 4318 3078 4370 I’auli
3100 4318 3165 4371 ad
3185 4317 3498 4370 Corinthios
3518 4318 3695 4382 legere

2125 4411 2311 4479 cmpit,
2330 4419 2383 4464 et
2404 4424 2524 4478 quae
2543 4409 2638 4463 ille
2662 4410 2968 4476 coniugalis
2992 4409 3327 4477 praeciperet.
3345 4406 3565 4475 conjngi
3584 4419 3696 4459 sua:

2139 4516 2426 4571 exponere.
2451 4499 2617 4554 Multa
2643 4513 2901 4570 praeterea
2920 4500 3036 4568 ipse
3053 4499 3270 4553 aliunde
3301 4497 3584 4566 adjiciens,
3604 4495 3693 4550 do-

451 4588 746 4654 ἐδίδασκεν,
783 4591 881 4644 ὅσα
913 4593 940 4643 ὁ
969 4591 1144 4660 γάμος
1177 4593 1289 4663 ἔχει
1347 4597 1598 4664 φορτικὰ.
1631 4598 1779 4660 ὅπως
1809 4617 1868 4650 τε
1921 4601 2014 4652 ὲπ-
2053 4591 2091 4644 Ι)
2121 4600 2208 4648 cet

1926 4601 2014 4652 ὲπ-
2053 4591 2091 4644 D
2121 4600 2208 4648 cet
2258 4589 2419 4659 237
2461 4600 2664 4660 quanta
2703 4590 3013 4659 conjuginm
3062 4589 3257 4642 habeat
3308 4586 3689 4646 incommoda.

450 4678 653 4742 ὠδυνος
683 4681 716 4750 ἡ
749 4680 951 4749 μεταξὺ
985 4681 1176 4751 ἀνδρὸς
1196 4682 1289 4735 καὶ
1305 4685 1560 4748 γυναικὸς
1590 4686 1907 4754 συμϐίωσις,
1929 4689 2023 4741 καὶ

448 4765 559 4823 οἷαι
585 4771 771 4834 ὠδῖνες
794 4773 894 4842 τὴν
937 4773 1308 4842 κυοφοροῦσαν
1338 4775 1644 4843 ἐκδέχονται
1671 4793 1683 4806 ·
1737 4777 1830 4830 καὶ
1858 4778 1925 4831 τὰ
1957 4781 2019 4832 ἐκ

447 4863 546 4932 τῆς
578 4863 965 4932 παιδοτροφίας
996 4864 1304 4934 προσετίθει
1338 4865 1602 4935 μοχθηρά.
1645 4867 1848 4936 Ἑπῆγε
1874 4869 1930 4921 δὲ
1953 4869 2020 4922 τὰ

449 4955 514 5006 ἐκ
545 4955 644 5020 τῆς
691 4955 908 5022 ἁγνείας
947 4954 1193 5025 χρηστὰ,
1243 4956 1335 5006 καὶ
1371 4957 1517 5017 ὅπως
1557 4958 1585 5008 ὁ
1626 4957 1866 5030 καθαρὸς
1907 4960 2017 5030 βίος

451 5045 598 5096 ἐστὶν
628 5045 930 5115 ἐλεύθερος,
979 5047 1069 5098 καὶ
1112 5047 1430 5116 ἀμόλυντος,
1461 5049 1555 5099 καὶ
1600 5049 1801 5112 παντὸς
1841 5049 2014 5120 ῥύπου

449 5137 606 5199 ἐκτός
632 5153 646 5166 ⁸
691 5137 786 5189 καὶ
825 5139 907 5190 ὅτι
953 5139 984 5206 ἡ
1036 5138 1299 5208 παρθενία
1341 5140 1491 5208 παρὰ
1521 5139 1653 5194 Θεὸν
1683 5138 1820 5196 εἶναι
1852 5146 2011 5196 ποιεῖ.

448 5227 634 5280 Ταῦτα
653 5229 745 5280 καὶ
766 5228 932 5281 πολλὰ
953 5214 1175 5282 τοιαῦτα
1200 5231 1335 5301 πρὸς
1360 5229 1457 5302 τὴν
1482 5232 1722 5303 γαμετὴν
1750 5235 2015 5304 παρθένον

448 5314 613 5371 οὖσαν
644 5318 884 5380 διελθὼν,
914 5321 1090 5372 πείθει
1117 5323 1287 5391 αὐτὴν
1315 5324 1410 5376 σὺν
1438 5325 1606 5394 αὐτῷ,
1639 5325 1748 5394 πρὸ
1772 5327 1864 5380 τοῦ
1895 5347 2013 5381 συν-

448 5408 641 5471 ελθείν,
681 5408 1052 5474 ἀποτάξασθαι
1086 5409 1164 5479 τῷ
1200 5411 1300 5480 βίῳ
1333 5411 1409 5480 τῷ
1441 5415 1705 5483 κοσμικῴ.
1749 5417 1857 5468 Καὶ
1886 5419 2014 5470 ταώ.

448 5515 544 5563 to;
580 5499 746 5567 ἄμφω
785 5500 884 5561 τὰς
929 5499 1196 5568 συνθήκας
1245 5501 1492 5570 θέμενοι,
1542 5508 1633 5558 ἐπὶ
1677 5509 1735 5556 τὸ
1769 5509 1891 5586 ὅρος
1919 5509 2017 5576 τῆς

2122 4687 2446 4752 quantisque
2498 4681 2760 4735 molestiis
2817 4682 3009 4748 plenus
3069 4680 3138 4731 sit
3181 4680 3280 4732 viri
3329 4692 3390 4731 ac
3445 4678 3691 4730 mulieris

2118 4777 2448 4829 convictus:
2495 4791 2656 4841 quam
2693 4774 2873 4826 acerbi
2935 4774 3154 4825 dolores
3203 4772 3481 4824 Imilierem
3513 4775 3689 4836 εηιιιη

2119 4867 2242 4919 dum
2293 4865 2612 4932 excipiant':
2661 4864 2868 4917 addens
2914 4863 3078 4915 etiam
3129 4861 3408 4914 molestias
3455 4875 3574 4927 qua:
3623 4874 3688 4911 ex

2121 4962 2414 5013 liberorum
2454 4959 2774 5011 educatione
2829 4956 2978 5008 nasci
3025 4956 3220 5007 solent.
3257 4951 3410 5004 'l'nne
3448 4951 3687 5006 vicissim

2120 5052 2388 5104 castitatis
2423 5049 2702 5102 commoda
2735 5049 2901 5116 cmpit
2960 5061 3242 5099 recensere
3277 5060 3288 5094 :
3328 5058 3488 5112 quam
3522 5043 3688 5096 libera

2119 5149 2191 5198 sit
2215 5147 2321 5197 vita
2353 5161 2505 5212 pura,
2543 5159 2702 5210 quam
2737 5143 3049 5210 incorrupta
3079 5149 3131 5192 et
3163 5141 3230 5194 ab
3261 5139 3406 5191 onmi
3442 5137 3561 5192 labe
3593 5153 3684 5189 va-

2120 5255 2268 5289 t'na:
2331 5247 2382 5289 et
2440 5235 2581 5303 quod
2623 5235 2906 5304 virginitas
2965 5235 3213 5288 homines
3263 5231 3368 5285 Deo
3412 5232 3687 5300 proximos

2123 5327 2306 5381 faciat.
2351 5328 2473 5381 Ihnc
2503 5336 2556 5382 et
2588 5328 2693 5380 alia
2723 5325 2988 5396 ejusmodi
3023 5325 3255 5395 plurima
3292 5326 3430 5391 apud
3462 5338 3684 5375 uxorem

2124 5437 2275 5473 suam
2344 5420 2610 5489 virginem
2666 5420 2919 5478 locutus,
2972 5415 3243 5484 persuasit
3290 5415 3363 5466 illi
3430 5423 3490 5466 ut
3523 5413 3684 5466 simul

2124 5511 2283 5563 ambo
2329 5521 2617 5576 antequam
2652 5510 3132 5579 congrederentur,
3169 5507 3485 5560 smeularem
3522 5505 3684 5557 vitam

1577 5681 1930 5737 VAIIIORUM
1974 5682 2522 5738 ANNOTATIONI'LS.

522 5817 537 5866 ἱ
590 5823 863 5888 Ἀμμοῦν.
898 5823 1150 5882 Ammon,
1188 5823 1302 5875 sive
1340 5822 1674 5878 Ammonius.
1713 5826 2007 5875 monacho-

449 5901 568 5941 rum
607 5889 954 5947 Ntriensiutn
1004 5891 1180 5954 Pater,
1226 5893 1424 5947 claruit
1469 5894 1570 5948 sub
1619 5895 1982 5949 Conslazulno

2116 5831 2259 5948 rirtlm
2311 5843 2435 5877 ann.
2484 5824 2606 5885 550,
2659 5827 2830 5893 inquit
2874 5823 3018 5877 Gui'.
3068 5827 3230 5880 (inve,
3279 5817 3449 5884 "in,
3480 5817 3589 5872 vol.
3637 5819 3679 5883 Ι,

2118 5917 2164 5948 ιι.
2233 5897 2316 5948 δι’.

2118 5917 2164 5964 ιι.
2206 5897 2316 5950 Ιὸυ.
