4464 6586
430 460 533 516 513

1428 463 1756 523 HISTORIA
1793 466 2357 526 ECCLESIASTICA.
2392 500 2461 514 -
2499 472 2626 532 Lm.
2655 475 2742 534 iv.

3594 497 3701 553 5M

425 581 597 656 ψυχή.
648 581 917 652 Ἰσίδωρος
943 581 1096 653 ἔλεγε
1119 586 1556 655 τεσσαρακοστὸν
1577 586 1698 652 ἔτος
1727 588 1894 661 ἔχειν,
1919 589 2012 661 ἀφ’
2042 602 2085 656 Α
2114 606 2188 647 Slll

1930 589 2012 661 ἀφ’
2042 602 2085 656 Α
2114 592 2384 648 sumebat.
2416 593 2793 671 Interrogatus
2823 610 3005 660 autem
3037 622 3198 676 quam
3241 610 3313 666 ob
3353 627 3575 668 causam
3624 618 3693 669 ita

424 666 489 725 οὗ
541 672 894 728 αίσθάνεσθαι
947 674 1046 745 μὲν
1092 676 1193 746 τῆς
1234 677 1376 731 κατά
1418 677 1657 734 διάνοιαν
1707 681 2001 751 ἁμαρτίας,

429 763 566 833 μηδέ
599 778 728 817 ποτε
754 762 811 817 δέ
841 765 1353 834 συγκατατίθεσθαι,
1386 769 1523 839 μήτε
1552 770 1841 841 ἐπιθυμία.
1867 772 2005 843 μήτε

426 853 606 924 θυμῷ.
651 854 893 926 Παμόὼς
933 857 992 910 δὲ
1036 858 1401 930 ἀγράμματος
1444 860 1543 925 ὢν,
1588 861 1861 932 προσῆλθε
1899 881 2003 918 τινι

424 946 518 999 ἐπὶ
544 946 623 1018 τῷ
653 946 968 1019 διδαχθῆναι
1004 949 1218 1023 ψαλμόν
1242 968 1256 984 ο
1304 953 1543 1017 ἀκούσας
1571 955 1629 1009 δὲ
1657 956 1750 1010 τὸν
1784 956 2001 1027 πρῶτον

425 1037 607 1108 στίχον
636 1038 729 1093 τοῦ
756 1038 837 1111 λη’
862 1040 1080 1112 ψαλμοῦ
1114 1043 1207 1097 τοῦ
1231 1044 1502 1113 λέγοντος·
1535 1065 1553 1098 t
1584 1042 1748 1113 Εἶπα,
1782 1048 2002 1115 Φυλάξω

421 1130 521 1194 τὰς
562 1129 715 1194 ὁδούς
763 1149 863 1202 μου
889 1172 905 1200 ,
951 1134 1046 1188 τοῦ
1080 1135 1156 1206 μὴ
1204 1137 1542 1209 ἁμαρτάνειν
1576 1124 1749 1210 με’ἐν
1781 1140 2000 1214 γλώσσῃ

423 1236 528 1291 μου
553 1236 569 1254 ο
606 1240 628 1274 ο
668 1220 921 1292 δευτέρω
965 1223 1199 1279 ἀκοῦσαι
1239 1228 1313 1297 μὴ
1345 1227 1689 1300 ἀνεχόμενος,
1716 1229 1995 1300 ἀνεχώρη·

421 1330 554 1366 σενο
618 1312 905 1385 ἀρκεῖσθαι
956 1319 1133 1386 φήσας
1183 1320 1358 1391 τούτῳ
1402 1322 1479 1393 τῷ
1527 1323 1609 1375 ἐνὶ
1659 1323 1862 1394 στίχῳ,
1905 1326 1999 1378 ἐὰν

418 1405 632 1476 δυνηθῶ
695 1406 841 1478 ἔργῳ
899 1408 1062 1461 αὐτὸν
1127 1410 1409 1479 ἐκμαθεῖν.
1474 1413 1898 1481 Ἐγκαλέσαντος
1941 1417 1999 1471 δὲ

2111 684 2423 741 comederct
2455 705 2469 743 :
2508 688 2678 756 Nolo,
2726 695 2941 764 inquit,
2979 698 3045 751 ad
3077 701 3297 768 cibum,
3334 712 3593 776 tanquam
3628 710 3697 761 ad

2106 790 2245 841 opus
2273 777 2497 848 aliquod
2526 782 2732 836 serium
2761 823 2774 847 ,
2821 786 2916 841 sed
2948 795 3206 859 tanquam
3239 795 3305 848 ad
3337 811 3450 851 rem
3502 813 3695 866 super-

2106 879 2332 919 vacuam
2371 868 2550 923 obiter
2578 874 2862 930 accedere.
2910 875 3083 932 Alteri
3118 896 3248 936 vero
3288 884 3357 939 de
3409 885 3600 942 eadem
3634 903 3696 943 re

2106 957 2411 1013 sciscitanti
2438 963 2760 1032 respondit:
2809 966 2884 1021 Ne
2917 969 2997 1023 vel
3034 971 3178 1027 inter
3207 976 3537 1032 vescendum
3564 994 3691 1035 cora

2106 1066 2268 1120 porea
2293 1052 2569 1124 voluptate
2594 1056 2813 1113 animus
2841 1059 3129 1118 adiciatur.
3184 1066 3430 1124 Isidorus
3472 1070 3690 1127 dicebat

2102 1143 2579 1215 quadragesimum
2608 1150 2724 1220 jam
2749 1166 2954 1207 annum
3002 1170 3124 1212 esse
3160 1173 3225 1213 ex
3256 1174 3367 1230 quo
3404 1174 3689 1232 peccatum

2102 1235 2158 1289 in
2209 1238 2393 1293 animo
2442 1242 2705 1311 sentiret,
2766 1257 2829 1300 se
2876 1255 3055 1301 tamen
3100 1264 3230 1313 nec,
3260 1253 3545 1322 cupiditati
3588 1271 3691 1312 nec

2102 1328 2415 1391 iracundiae,
2448 1347 2685 1401 unquam
2725 1336 3093 1392 consensisse.
3142 1336 3379 1395 Pambos
3426 1356 3551 1397 cum
3586 1359 3686 1398 ex~

2099 1436 2227 1491 pers
2272 1431 2418 1478 esset
2462 1424 2768 1479 litterarum
2798 1464 2814 1491 ,
2878 1431 3113 1483 accessit
3170 1430 3237 1486 ad
3287 1434 3578 1502 quemdam
3627 1446 3686 1491 ut

416 1498 513 1551 τοῦ
534 1498 976 1570 παραδεδωκότος
1006 1501 1099 1553 τὸν
1130 1501 1310 1572 στίχον
1337 1541 1352 1566 ,
1407 1502 1493 1555 διά
1541 1503 1594 1555 τί
1640 1502 1996 1575 ἐξάμηνιαίου
2100 1526 2179 1581 ps:

1923 1505 1996 1558 [ου
2100 1512 2369 1581 psalmum
2397 1513 2653 1569 disceret.
2686 1513 2789 1569 Sed
2818 1531 2941 1570 cum
2976 1520 3208 1587 primum
3235 1536 3455 1576 versum
3504 1525 3686 1581 audis-

419 1592 872 1663 παραδραμόντος
917 1592 1110 1663 χρόνου
1142 1592 1218 1663 μὴ
1267 1593 1502 1664 ἑωράκει
1530 1594 1715 1659 αὐτὸν,
1762 1595 1996 1667 ἀπεκρί-
2098 1612 2182 1659 se;

1916 1595 1996 1667 ρί-
2098 1612 2183 1659 set
2237 1604 2415 1659 octavi
2468 1622 2533 1661 ac
2580 1607 2845 1662 trieesimi
2901 1610 3136 1678 psalmi,
3200 1614 3292 1682 qui
3352 1612 3434 1669 sic
3476 1615 3679 1673 habet:

416 1700 547 1737 νατο
572 1702 586 1716 ο
630 1683 712 1737 ὅτι
764 1682 870 1737 Τοῦ
921 1682 1143 1771 ψαλμοῦ
1173 1684 1266 1738 τὸν
1302 1686 1485 1755 στίχον
1525 1684 1680 1738 οὔπω
1727 1685 1804 1757 τῷ
1850 1686 1996 1757 ἔργῳ
2102 1711 2121 1745 t
2163 1693 2179 1747 1

1918 1703 1996 1757 γῳ
2102 1711 2121 1745 ι
2163 1693 2305 1759 Dixi,
2341 1698 2646 1751 custodiam
2678 1700 2793 1754 vias
2825 1715 2996 1764 meas,
3040 1718 3107 1757 ne
3140 1703 3452 1775 delinquam
3488 1707 3542 1761 in
3576 1708 3681 1761 lin-

416 1776 701 1846 ἐξέμαθον.
737 1777 1069 1845 Μεταταῦτα
1099 1766 1157 1830 δέ
1200 1776 1427 1840 πολλοὺς
1466 1776 1715 1841 ἐπιϐιοὺς
1748 1778 1992 1849 χρόνους,
2094 1802 2179 1856 gu:

1914 1797 1992 1842 uc.
2094 1802 2198 1856 gua
2244 1802 2406 1842 mea:
2448 1806 2467 1840 ι
2515 1802 2834 1859 sequentem
2884 1793 3078 1848 audire
3131 1795 3322 1850 nolens
3368 1796 3677 1853 abscessit:

416 1872 553 1941 πρός
579 1887 704 1923 τινα
750 1868 858 1922 τῶν
904 1869 1197 1940 γνωρίμων
1238 1869 1591 1939 ἐρωτήσαντα
1618 1870 1663 1922 εί
1692 1869 1783 1922 τὸν
1812 1870 1993 1939 στίχον
2097 1894 2179 1931 um

1917 1888 1993 1939 (ον
2097 1894 2263 1933 unum
2313 1878 2460 1932 hunc
2503 1896 2721 1935 versum
2770 1884 3023 1939 suilicere
3080 1886 3185 1940 sibi
3240 1888 3472 1953 dicens,
3519 1897 3680 1946 modo

415 1961 678 2033 ἐξέμαθεν
702 1980 717 1995 ο
759 1962 846 2015 Ἐν
872 1961 1033 2024 ὅλοις.
1063 1960 1189 2033 ἔφη,
1227 1960 1608 2015 ἐννεακαίδεκα
1636 1960 1782 2014 ἔτεσι
1840 1962 1993 2032 μόλις
2026 1959 2066 2016 Β
2096 1968 2178 2021 illi

1916 1962 1993 2027 λις
2026 1959 2066 2016 Β
2096 1968 2248 2023 illum
2297 1970 2537 2038 perfecte
2586 1973 2831 2029 ediscere
2855 2016 2870 2040 ,
2917 1985 2971 2032 et
3017 1995 3182 2049 opere
3219 1982 3341 2050 ipso
3380 1984 3679 2054 adimplere

415 2055 576 2111 αὑτὸν
602 2054 864 2126 πράττειν
897 2051 1179 2124 ἐξέμαθον.
1211 2053 1271 2107 '0
1301 2052 1487 2119 αὐτὸς,
1516 2053 1808 2116 δεδωκότος
1848 2054 1991 2120 τινὸς

415 2148 637 2221 χρυσίον
678 2147 758 2209 είς
786 2146 1088 2218 διατροφὴν
1127 2145 1237 2200 τῶν
1287 2144 1540 2216 πτωχῶν,
1578 2145 1669 2199 καὶ
1716 2144 1986 2214 εἰπόντος.

426 2239 758 2310 Ἀρίθμησον
785 2239 1059 2301 ὃδέδωκα,
1091 2236 1219 2308 ἔφη,
1246 2237 1483 2309 ἀριθμοῦ
1513 2237 1573 2292 ού
1600 2234 1843 2307 χρῄζειν,
1873 2237 1989 2291 ἀλλ’

414 2331 600 2398 ὑγιοῦς
632 2330 950 2395 διαθέσεως.
986 2324 1209 2402 Οὗτοςῤ
1236 2328 1498 2400 Παμϐὼς,
1545 2329 1863 2382 Ἀθανασίου
1895 2327 1989 2383 τοῦ

414 2422 712 2475 ἐπισκόπου
745 2418 1249 2492 παρακαλέσαντος,
1280 2420 1547 2489 κατῆλθεν
1571 2421 1633 2472 ἐκ
1655 2420 1754 2489 τῆς
1784 2420 1989 2490 ἐρήμου

413 2511 493 2573 είς
524 2510 625 2579 τὴν
669 2507 1091 2578 Ἀλεξάνδρειαν.
1145 2507 1287 2560 Ἰδὼν
1321 2507 1378 2560 δὲ
1429 2508 1545 2558 ἐκεῖ
1590 2508 1823 2574 γυναῖκα
1860 2506 1987 2559 θεα-

412 2599 622 2667 τρικὴν.
657 2596 958 2665 σύνὸακρυς
991 2593 1243 2661 ἐγένετο⁶
1287 2592 1395 2647 τῶν
1428 2593 1485 2645 δὲ
1512 2591 1795 2662 παρόντων
1824 2593 1989 2645 πυθο-

414 2687 590 2756 μένων
618 2685 707 2740 διά
728 2684 781 2738 τί
814 2685 1099 2755 ἐδάκρυσε,
1128 2682 1232 2735 Δύο
1264 2681 1384 2753 μὲν,
1407 2682 1532 2751 ἔφη.
1562 2681 1813 2750 ἐκίνησεν
1836 2681 1946 2751 (65)
1967 2694 1981 2711 °

411 2775 469 2828 ἐν
499 2775 616 2845 μὲν,
658 2775 692 2845 ή
717 2773 931 2843 ἐκείνης
981 2771 1222 2825 ἀπώλεια
1248 2787 1263 2801 ο
1298 2771 1484 2841 ἕτερον
1510 2769 1588 2835 δὲ,
1632 2770 1714 2823 ὅτι
1765 2769 1874 2837 ἐγὼ
1922 2772 1983 2824 οὐ

408 2862 744 2934 τηλικαύτην
790 2861 896 2930 ἔχω
947 2859 1183 2929 σπουδὴν
1218 2858 1352 2931 πρὸς
1394 2858 1454 2911 τὸ
1486 2859 1679 2929 ἀρέσαι
1720 2857 1798 2928 τῷ
1844 2857 1983 2928 Θεῷ,

410 2953 534 3006 ὅσον
572 2952 713 3020 αὕτη
743 2950 831 3003 ἴνα
860 2949 1033 3021 ἀρέσῃ
1069 2948 1374 3019 ἀνθρώποις
1406 2948 1671 3017 αἰσχροῖς.
1710 2946 1897 3008 Ἀλλος
1930 2946 1987 2998 δέ

410 3058 493 3104 τις
522 3024 727 3107 ἔλεγεν,
756 3038 839 3091 ὃτι
864 3039 891 3090 ὁ
923 3035 1152 3107 μοναχὸς
1178 3037 1225 3088 εἱ
1254 3036 1327 3106 μὴ
1358 3031 1663 3105 ἐργάζοιτο,
1699 3032 1890 3103 ἐπίσης
1910 3032 1988 3102 τῷ

412 3127 710 3197 πλεονέκτῃ
767 3126 1034 3195 κρίνεται.
1088 3122 1359 3193 Πητιροῦς
1403 3121 1575 3174 πολλά
1619 3138 1738 3172 τινα
1783 3119 1987 3188 φυσικὰ

412 3217 743 3287 θεωρήματα
760 3210 1023 3283 ἠπίστατο
1046 3229 1058 3241 ·
1092 3212 1185 3264 καὶ
1221 3210 1455 3279 συνεχῶς
1488 3210 1673 3263 ἄλλοτε
1696 3208 1829 3263 ἄλλα
1852 3209 1987 3280 πρὸς

409 3305 534 3367 τοὺς
575 3302 998 3371 ἐντυγχάνοντας
1054 3300 1238 3366 ἔλεγεν
1266 3316 1281 3328 ·
1337 3298 1457 3351 καθ’
1499 3296 1728 3349 ἕκαστον
1773 3295 1830 3350 δὲ
1875 3296 1983 3348 τῶν
2012 3309 2052 3366 C

396 3388 779 3460 θεωρημάτων
826 3386 1043 3457 ηῦχετο.
1097 3384 1371 3452 Ἐγένοντο
1411 3384 1465 3436 δὲ
1501 3384 1557 3435 ὲν
1588 3386 1701 3445 τοῖς
1731 3385 1983 3453 μοναχοῖς

409 3474 530 3529 κατ’
557 3475 761 3526 ἐκεῖνον
786 3471 877 3524 τὸν
901 3469 1111 3540 χρόνον,
1138 3467 1231 3520 δύο
1255 3468 1441 3538 ἄνδρες
1471 3464 1738 3534 θεοφιλεῖς
1766 3465 1980 3534 ὁμώνυ-

409 3582 500 3633 μοι
530 3562 737 3623 ἑαυτοῖς
761 3575 775 3591 ·
828 3557 1072 3627 ἐκατέρῳ
1107 3556 1214 3627 γάρ
1252 3555 1400 3625 αὑτῷ
1428 3554 1536 3624 (66)
1569 3553 1740 3624 ὄνομα
1767 3549 1833 3623 ἦν
1864 3556 1980 3607 Μα-

408 3652 615 3721 κάριος.
643 3644 744 3701 Ὧν
770 3648 796 3698 ὀ
826 3646 922 3716 μὲν
955 3646 1017 3697 ἐκ
1046 3644 1145 3712 τῆς
1177 3643 1288 3697 ἀνω
1317 3641 1591 3710 Αἰγύπτου
1615 3636 1682 3712 ἦν
1704 3656 1719 3671 ⁸
1759 3640 1789 3691 ὁ
1810 3640 1884 3706 δὲ,
1916 3642 1979 3694 ἐκ

404 3740 503 3809 τῆς
553 3734 944 3804 Ἀλεξανδρέων
990 3733 1218 3793 πόλεως.
1283 3730 1608 3800 Ἀμφότεροι
1668 3729 1723 3782 δὲ
1766 3730 1977 3782 πολλῶν

404 3829 590 3881 ἕνεκεν
636 3825 881 3892 ἐγένοντο
923 3821 1259 3891 περιϐόητοι,
1308 3820 1376 3872 δι’
1408 3819 1662 3887 ἄσκησιν,
1708 3817 1797 3871 διὰ
1841 3818 1975 3886 βίον,

402 3914 491 3968 διὰ
531 3913 599 3965 τὰ
638 3914 695 3964 ἐν
738 3902 923 3981 χερσὶν
964 3908 1142 3961 αὐτῶν
1170 3906 1434 3976 γενόμενα
1473 3905 1745 3974 θαύματα.
1790 3906 1849 3959 '0
1879 3907 1979 3977 μὲν

403 4000 495 4058 ὧν
525 4000 819 4070 Αἰγύπτιος
846 4000 1131 4067 Μακάριος
1153 4004 1193 4027 ¹¹¹
1216 3996 1482 4057 τοσαύτας
1507 3995 1802 4062 θεραπείας
1824 4014 1972 4067 ποιη-

406 4094 638 4163 σάμενος
661 4132 677 4156 ,
726 4090 820 4144 καὶ
850 4088 1138 4149 τοσούτους
1180 4086 1287 4139 τῶν
1329 4084 1708 4154 δαιμονῶντων
1745 4086 1972 4154 ἐξήλασε

402 4180 659 4251 δαίμονας
684 4218 699 4242 ,
741 4177 815 4241 ὡς
848 4177 983 4239 ἰδίας
1020 4175 1225 4229 δεῖσθαι
1276 4174 1598 4244 συγγραφῆς
1619 4211 1634 4236 ,
1683 4166 1757 4225 ὧν
1792 4174 1973 4245 χάριτι

403 4268 539 4320 Θεοῦ
587 4267 933 4339 διεπράξατο.
975 4261 1084 4317 Ἦν
1125 4263 1181 4315 δὲ
1232 4264 1367 4332 μετὰ
1405 4261 1495 4313 τοῦ
1538 4260 1798 4323 εὐλαϐοῦς
1837 4262 1972 4330 πρὸς

403 4358 529 4419 τοὺς
573 4356 994 4431 ἐντυγχάνοντας
1043 4351 1331 4421 αὐστηρός.
1392 4351 1450 4401 '0
1486 4350 1543 4402 δὲ
1593 4347 1973 4420 Ἀλεξανδρεὺς

2093 2072 2295 2131 posset.
2335 2062 2581 2134 Cumque
2621 2067 2667 2120 is
2702 2068 2793 2137 qui
2826 2084 3043 2125 versum
3082 2072 3405 2129 discendum
3438 2076 3676 2132 tradideo

2091 2160 2209 2216 rat,
2246 2169 2369 2209 eum
2413 2157 2875 2226 reprehenderet,
2920 2162 3065 2231 quod
3108 2180 3202 2233 per
3249 2180 3344 2220 sex
3385 2169 3676 2225 continuos

2092 2260 2310 2301 menses
2351 2249 2415 2302 ad
2459 2249 2637 2318 ipsum
2681 2266 2789 2305 non
2828 2254 3104 2321 venisset,
3139 2258 3422 2326 respondit
3457 2275 3517 2315 se
3560 2277 3677 2316 ver-

2092 2350 2211 2390 sum
2252 2339 2445 2406 psalmi
2493 2340 2733 2394 nondum
2784 2357 2948 2413 opere
2995 2345 3116 2415 ipso
3159 2348 3437 2405 didicisse.
3488 2350 3673 2408 Multis

2091 2425 2285 2481 deinde
2310 2437 2431 2497 post
2466 2432 2627 2486 annis
2666 2434 3033 2504 interrogatus
3069 2453 3099 2491 a
3133 2439 3371 2508 quodam
3408 2457 3471 2495 ex
3512 2442 3673 2497 fami-

2092 2516 2323 2573 liaribus
2384 2536 2518 2574 num
2576 2538 2794 2577 versum
2836 2524 2990 2579 illum
3034 2528 3365 2586 didicisset:
3409 2532 3667 2604 Integris,

2094 2609 2304 2680 inquit,
2337 2627 2526 2668 novem
2573 2629 2635 2670 ac
2672 2615 2857 2671 decem
2888 2620 3050 2675 annis
3094 2635 3260 2689 Opere
3298 2640 3421 2679 eum
3453 2628 3672 2697 explere

2093 2703 2182 2756 vix
2216 2704 2402 2759 didici.
2426 2704 2600 2775 Idem,
2635 2722 2759 2762 cum
2798 2710 3021 2778 quidam
3059 2713 3123 2766 ad
3156 2730 3454 2785 pauperum
3485 2722 3671 2774 alimo-

2092 2795 2237 2848 niam
2284 2812 2477 2851 aurum
2524 2800 2627 2868 ipsi
2667 2800 2947 2867 dedisset,
2990 2805 3330 2878 dixissetque
3371 2829 3384 2865 :
3432 2808 3670 2867 Numera

2091 2887 2234 2954 quod
2272 2886 2392 2942 dedi
2423 2907 2437 2944 :
2473 2889 2655 2953 Nihil,
2691 2891 2906 2961 inquit,
2953 2910 3093 2965 opus
3138 2906 3221 2953 est
3260 2915 3489 2955 numero
3515 2942 3529 2965 ,
3574 2907 3667 2959 scd

2092 2987 2240 3030 recto
2280 2980 2446 3033 animi
2474 2981 2694 3037 aﬂ‘ectu.
2730 2982 2867 3037 Idem
2905 2984 3161 3054 Pambos,
3183 2992 3666 3059 rOgantcAthana-

2090 3069 2173 3121 sio
2230 3071 2527 3139 episeopo,
2592 3088 2658 3127 ex
2716 3074 3010 3131 solitudine
3064 3079 3211 3133 venit
3256 3081 3664 3139 Alexandriam.

2087 3159 2332 3229 Cumque
2360 3162 2430 3216 ibi
2467 3165 2741 3218 scenicam
2772 3168 3050 3223 mulierem
3080 3171 3434 3240 conspicatus
3471 3187 3618 3231 esset
3648 3217 3663 3240 ,

2090 3250 2459 3322 illacrymatus
2496 3264 2597 3309 est.
2636 3255 2771 3310 Tum
2797 3275 2923 3313 vero
2949 3261 3356 3319 sciScitantibus
3412 3265 3502 3334 qui
3572 3268 3666 3321 ad—

2087 3350 2245 3397 erant
2292 3346 2646 3412 quamobrem
2690 3347 3118 3407 Ilevisset:Dme
3157 3372 3281 3418 res,
3326 3358 3534 3427 inquit,
3579 3376 3665 3412 mc

2087 3445 2522 3492 commoverunt.
2563 3438 2744 3498 Prima
2776 3451 2859 3496 est
2906 3446 3151 3501 mulieris
3190 3449 3353 3516 hujus
3393 3451 3661 3517 exitium;

2089 3525 2293 3587 altera,
2330 3528 2477 3596 quod
2521 3537 2730 3583 tantum
2769 3533 2884 3602 ipse
2919 3536 3083 3589 studii
3121 3552 3184 3592 ac
3221 3539 3515 3611 diligentia:
3554 3560 3660 3598 nou

2085 3614 2320 3670 adhibeo
2346 3625 2402 3670 ut
2422 3618 2530 3674 Deo
2547 3622 2809 3689 placeam,
2832 3635 3095 3695 quantmn
3121 3630 3341 3686 adhibet
3367 3635 3457 3687 illa
3488 3644 3545 3691 ut
3565 3635 3661 3691 0b-

2085 3709 2268 3763 scenis
2292 3709 2602 3768 hominibus
2626 3713 2841 3783 placere
2864 3718 3054 3785 possit.
3078 3720 3231 3773 Alius
3249 3724 3469 3792 quidam
3498 3725 3657 3788 dixit,

2083 3802 2408 3855 monachum
2432 3804 2520 3872 qui
2552 3820 2689 3874 opus
2715 3822 2821 3861 non
2852 3808 3073 3873 faceret,
3106 3828 3214 3866 non
3248 3831 3406 3870 secus
3441 3832 3504 3871 ac
3529 3819 3658 3872 alic-

2082 3892 2136 3945 ni
2174 3894 2432 3962 cupidum
2460 3936 2474 3959 ,
2508 3896 2810 3964 judicatum
2841 3902 2927 3955 iri.
2961 3900 3177 3959 Petirus
3195 3906 3391 3959 eximia
3418 3896 3653 3977 quadam

2085 4001 2265 4041 rerum
2293 3990 2622 4057 naturalium
2652 3993 2958 4063 cognitione
2986 4005 3102 4050 erat
3132 3998 3456 4059 instructus.
3476 4011 3528 4055 et
3558 4018 3655 4058 no-

2081 4093 2144 4130 va
2179 4079 2410 4134 subinde
2440 4084 2706 4139 naturalis
2737 4086 3091 4155 philosophite
3112 4089 3444 4147 theoremata
3472 4092 3650 4162 ipsum

2079 4166 2407 4226 adeuntibus
2435 4174 2760 4243 exponebat.
2790 4177 2845 4230 In
2877 4179 3109 4249 singulis
3134 4193 3314 4237 autem
3351 4185 3651 4254 expositio-

2080 4264 2242 4317 nibus
2271 4264 2435 4319 Deum
2473 4266 2684 4321 orabat.
2721 4267 2892 4322 Porro
2945 4272 3083 4325 inter
3127 4278 3425 4331 monachos
3451 4278 3543 4348 qui
3580 4294 3649 4334 eo

2079 4362 2322 4423 tempore
2344 4356 2619 4421 vixerunt,
2646 4357 2755 4411 duo
2788 4357 2939 4414 fuere
2964 4362 3300 4419 sanctissimi
3328 4366 3523 4422 eodem
3554 4383 3649 4423 no-

1598 4529 1871 4583 VALESII
1907 4528 2456 4586 ANNUTATIONES.

472 4671 585 4739 (ὃὸ)
625 4672 738 4724 Δύο
770 4669 905 4738 μὲν,
946 4669 1081 4741 ἔφη,
1123 4668 1429 4734 ἐκίνησεν.
1480 4668 1840 4721 Scribendum
1892 4668 1974 4720 vi-
2010 4671 2052 4723 D
2078 4669 2204 4721 τῶν.

1892 4668 1974 4720 vi-
2010 4671 2052 4723 D
2078 4669 2204 4721 τῶν.
2242 4668 2295 4721 In
2347 4668 2516 4737 Regio
2556 4673 2747 4726 codice
2779 4688 2887 4741 quo
2924 4690 3059 4727 usus
3102 4689 3181 4731 est
3213 4677 3482 4735 liobertus
3524 4678 3646 4736 Ste-

400 4741 782 4824 deturoﬁpnué,
814 4741 951 4824 ἐφη,
994 4740 1259 4824 ἐκίνησεν.
1338 4808 1370 4824 Π
1444 4809 1474 4824 η
1591 4810 1600 4824 Ι
1805 4817 1818 4824 Δ
1919 4810 1931 4824 .

474 4814 585 4883 (66)
636 4806 924 4879 Ἑκατέρῴ
962 4810 1070 4879 γὰρ
1106 4806 1285 4875 αὐτῷ.
1338 4808 1699 4863 Serihendum
1740 4817 1824 4863 cst
1874 4810 1969 4860 αύ-

2078 4740 2291 4806 phauus
2327 4741 2541 4810 legitur,
2572 4742 2718 4795 αὐτὼ
2743 4740 2867 4797 ω...
2895 4754 3119 4801 accentu
3156 4752 3327 4818 gravi.

1851 4987 2236 5044 VARIORUM.

403 5126 676 5199 quemdam
703 5125 897 5199 efferri,
921 5135 970 5199 ct
994 5140 1237 5199 magnum
1262 5141 1439 5178 eorum
1463 5125 1723 5199 gaudium
1738 5127 1836 5199 qui
1862 5127 1965 5193 ipsi

400 5194 537 5251 irent
566 5197 789 5251 obviam.
816 5194 1123 5248 Admiratus
1148 5195 1258 5260 ille,
1296 5204 1449 5264 atque
1487 5194 1963 5261 ejusmodirwtum

402 5271 609 5321 beatum
654 5266 973 5334 prazdicam,
1008 5265 1228 5335 rogabat
1273 5278 1327 5319 ut
1359 5268 1482 5333 quid
1520 5266 1653 5320 illud
1686 5280 1819 5320 esset
1862 5269 1967 5320 edi-

401 5346 587 5392 sceret.
616 5335 827 5404 Voxque
849 5338 1031 5389 statim
1064 5337 1130 5387 ad
1159 5336 1308 5389 illum
1337 5338 1478 5403 facta
1501 5348 1723 5396 esl,esse
1747 5339 1967 5390 Amum’s

402 5409 455 5461 in
487 5409 664 5461 Nitria
711 5406 951 5459 monachi
994 5407 1246 5460 animant.
1290 5408 1451 5476 Atqui
1496 5425 1527 5460 a
1574 5406 1758 5459 Nitria
1806 5410 1969 5460 distat

404 5495 549 5531 mons
584 5479 637 5531 in
665 5494 766 5547 quo
795 5487 909 5530 erat
933 5477 1211 5540 Antonius,
1250 5477 1496 5531 tredecim
1535 5479 1738 5531 dierum
1767 5480 1967 5533 itineris

398 5549 699 5601 intervallo.
739 5548 842 5613 Qui
882 5564 1002 5600 cum
1036 5548 1264 5601 Antonio
1290 5558 1463 5611 erant,
1492 5559 1759 5602 cernentes
1797 5548 1969 5601 admi-

400 5631 605 5689 rantem
634 5634 829 5679 senem,
856 5622 1113 5689 rogabant
1156 5619 1281 5687 quid
1325 5618 1379 5670 id
1431 5630 1585 5681 esset,
1610 5618 1919 5689 audiereque
1950 5638 1964 5674 :

398 5686 527 5742 Jam
564 5689 692 5741 obiit
729 5686 930 5741 Aman.
958 5686 1175 5743 Fratres
1209 5697 1391 5747 autem
1431 5699 1553 5758 post
1593 5691 1712 5744 dies
1746 5686 1967 5759 triginta

398 5776 464 5814 ex
500 5758 673 5812 Nitria
709 5759 1066 5814 advenientes
1098 5758 1529 5828 interrogarunt,
1558 5771 1719 5828 atque
1751 5758 1970 5828 cumpe-

404 5840 595 5883 rerunt
624 5846 685 5902 ca
721 5831 836 5899 ipsa
872 5829 960 5883 die
988 5841 1042 5884 et
1073 5830 1204 5902 hora
1237 5831 1443 5885 obiisse
1481 5833 1825 5900 Ammunem,
1858 5846 1967 5902 qua

403 5901 523 5970 ejus
556 5898 791 5954 animam
819 5915 1035 5954 sursum
1074 5898 1204 5955 ferri
1239 5917 1407 5957 senex
1439 5902 1668 5957 viderat.

2138 5138 2175 5159 ’τι
2240 5131 2554 5199 Αἰγύπτιος
2609 5132 2929 5201 Μακάριος.
2991 5134 3267 5188 Macarius
3327 5135 3515 5189 senior
3573 5152 3637 5191 ex

2069 5195 2349 5255 Thebaide
2400 5195 2692 5263 oriundus,
2746 5195 3051 5259 monachus
3108 5204 3409 5266 Sceteusis,
3461 5206 3639 5271 Magni

2071 5271 2289 5324 Antonii
2332 5271 2656 5339 discipulus,
2686 5273 2821 5327 clar.
2853 5276 3004 5329 circa
3042 5293 3170 5331 ann.
3214 5277 3336 5330 575.
3367 5275 3500 5332 Vide
3540 5277 3641 5331 So-

2069 5342 2362 5417 ynu.,_lib.
2402 5357 2643 5417 Ill,_‘C:tp_.
2691 5344 2791 5408 I4;
2825 5356 2878 5399 ct
2906 5344 3138 5409 Theod.,
3170 5347 3260 5400 lib.
3294 5362 3365 5410 tv,
3400 5348 3635 5417 cap.2i.

2071 5408 2291 5485 Exactis
2332 5414 2383 5465 in
2427 5408 2721 5485 solitudine
2754 5419 2911 5471 annis
2957 5408 3263 5485 sexaginta,
3300 5408 3436 5470 obiit
3468 5408 3639 5472 itona-

2035 5497 2039 5500 '
2072 5484 2327 5558 genarius
2377 5498 2544 5558 anno,
2582 5484 2644 5538 ut
2684 5487 2912 5558 volunt,
2936 5488 3059 5541 591.
3094 5484 3330 5558 Scripsit
3379 5489 3635 5541 homilias

2070 5553 2386 5627 spirituales
2422 5554 2842 5626 quinquaginta,
2886 5557 2959 5611 De
2992 5553 3291 5627 integritate
3337 5574 3453 5627 qua:
3492 5559 3634 5612 decet

2070 5619 2400 5698 Christianos
2428 5619 2453 5698 _5
2482 5619 2605 5694 qua}
2652 5619 2721 5681 a'b
2772 5629 2958 5694 aliquo
3007 5619 3189 5683 forsan
3224 5619 3497 5698 sequioris
3529 5645 3634 5683 sa:-

2068 5694 2179 5765 culi
2210 5693 2548 5765 interpolata:
2577 5707 2794 5751 exstant
2835 5698 2928 5753 Gr.
2972 5699 3089 5753 Lat.
3131 5693 3490 5761 Parisfib‘ii9,
3540 5700 3631 5765 8°,

2068 5760 2414 5841 Erancciurt,
2453 5768 2732 5841 I594,_8°;
2758 5770 2996 5841 denique
3026 5770 3435 5841 cumOperibus
3467 5760 3630 5841 (lrcg.

2067 5831 3011 5914 Tliautnatunrg_i,'t’aris.1622301.
3047 5831 3227 5914 ((,υίιί
3257 5844 3420 5906 Lavc,
3463 5831 3632 5903 bisti,

2066 5904 2175 5960 voi.
2204 5920 2242 5971 ι,
2272 5921 2327 5975 p.
2358 5907 2508 5979 207.)
