4464 6586
754 440 861 501 515

2207 424 2546 483 SOCRATIS

758 558 906 611 mine
936 553 1273 625 nuncupati:
1304 561 1535 625 uterque
1563 552 1710 609 enim
1731 550 2007 607 Macarius
2034 547 2343 605 dicebatur.
2374 556 2423 615 Α
2450 546 2521 602 Ma

2271 563 2343 603 ιι·.
2374 556 2423 615 Α
2450 546 2733 618 Μακάριος
2759 554 2785 584 ιι
2835 539 2985 598 κατὰ
3014 537 3192 597 πάντα
3232 542 3613 615 παραπλήσιος
3646 540 3721 595 ῶν
3752 540 3831 612 τῷ
3868 542 4034 609 Αιγυ-

758 644 1004 711 Quorutn
1033 644 1171 698 alter
1207 660 1276 699 ex
1307 644 1589 715 superiore
1616 640 1857 713 Egypto
1879 681 1895 706 ,
1932 640 2073 695 alter
2104 655 2171 695 ex
2209 638 2343 693 urbe

757 734 1085 790 Alexandria
1121 745 1238 789 erat
1271 734 1560 789 oriundus.
1591 734 1862 789 Ceterum
1901 732 2062 787 ambo
2092 746 2203 802 pra:
2236 746 2342 786 cae-

757 830 893 883 teris
932 828 1180 883 illustres
1214 826 1474 891 fuerunt,
1511 834 1625 880 tum
1657 832 1883 896 propter
1914 823 2303 879 abstinentiam
2323 863 2339 889 ,

761 928 876 973 tum
919 918 990 972 ob
1039 932 1222 972 mores
1270 926 1324 971 et
1366 915 1840 970 conversationem
1866 953 1882 979 ,
1925 921 2039 967 tum
2067 912 2140 967 ob
2180 912 2345 968 mira-

758 1010 880 1063 cula
897 1024 1017 1080 qua:
1036 1024 1131 1079 per
1145 1024 1332 1064 eorum
1353 1024 1548 1064 manus
1567 1006 2037 1078 perpetrabantur.
2053 1003 2343 1075 Egyptius

759 1099 925 1171 239
961 1100 1181 1170 quidem
1220 1098 1494 1155 Macarius
1538 1106 1620 1153 tot
1650 1097 1869 1153 sanavit
1897 1110 2099 1167 aegros,
2129 1102 2211 1150 tot
2244 1094 2343 1151 ob-

759 1207 953 1247 sessos
984 1206 1014 1245 a
1042 1190 1387 1245 demonihus
1425 1188 1704 1251 liberavit,
1726 1196 1789 1242 ut
1822 1202 1947 1257 quae
1989 1201 2089 1257 per
2106 1186 2341 1257 gratiam

762 1282 857 1338 Dei
893 1282 1088 1354 gessit,
1120 1290 1438 1353 separatum
1460 1295 1606 1351 opus
1644 1278 1984 1334 desiderent.
2022 1276 2153 1330 Erat
2174 1289 2343 1346 porro

762 1371 1101 1428 reverendus
1141 1371 1348 1441 pariter
1387 1385 1452 1425 ac
1478 1386 1710 1426 severus
1733 1384 1863 1440 erga
1890 1368 2013 1423 illos
2033 1368 2127 1439 qui
2162 1369 2342 1438 ipsum

762 1465 1011 1520 adibant.
1052 1464 1326 1521 Macarius
1353 1480 1485 1520 vero
1512 1462 1923 1520 Alexandrinus
1943 1504 1959 1529 ,
1984 1476 2110 1517 cum
2140 1476 2344 1532 usque-

761 1574 982 1631 quaque
1000 1559 1203 1615 similis
1242 1566 1392 1614 esset
1426 1557 1711 1630 IEgyptio,
1765 1557 1822 1612 in
1855 1557 1960 1612 hoc
1989 1571 2099 1612 uno
2128 1556 2344 1611 discre-

763 1651 951 1724 pabat,
993 1650 1139 1722 quod
1178 1650 1372 1706 hilaris
1411 1658 1562 1705 esset
1600 1663 1732 1719 erga
1773 1663 1871 1703 eos
1922 1648 2019 1718 qui
2053 1647 2119 1702 ad
2158 1649 2342 1717 ipsum

764 1753 1141 1806 accesserant,
1168 1751 1225 1797 et
1246 1741 1562 1796 urbanitate
1596 1739 1835 1809 quadam
1863 1739 2118 1805 juniores
2154 1737 2221 1791 ad
2256 1737 2341 1791 die

764 1834 1058 1904 sciplinam
1093 1833 1459 1887 monasticam
1501 1831 1771 1884 alliceret.
1801 1826 2008 1882 llorum
2030 1827 2342 1896 discipulus

2451 641 2614 712 πτίῳ,
2660 643 2719 694 ὲν
2748 639 2924 709 τούτῳ
2952 632 3293 706 διήλλασσεν,
3329 639 3413 691 ὅτι
3449 637 3586 708 πρὸς
3612 637 3739 700 τοὺς
3771 636 4035 705 ἐντυγχά-

2450 748 2641 795 νοντας
2692 730 2875 804 ίλαρὸς
2924 746 2983 784 τε
3027 721 3131 799 ἦν,
3180 728 3386 799 καὶτῷ
3415 727 3854 800 χαριεντίζεσθαι
3906 728 4034 791 τοὺς

2449 820 2603 883 νέους
2621 816 2756 889 ἦγεν
2779 820 2915 890 πρὸς
2935 819 3187 890 ἄσκησιν.
3211 820 3430 873 Τούτων
3452 819 3719 889 Εὑάγριος
3744 818 4035 887 γενόμενος

2452 912 2721 984 μαθητὴς,
2757 912 2855 984 τὴν
2882 912 2949 965 δι’
2976 910 3156 983 ἔργων
3185 911 3507 981 φιλοσοφίαν
3550 911 3853 980 ἐκτήσατο,
3898 910 4034 980 πρό-

2448 1021 2603 1075 τερον
2630 1004 2774 1075 λόγῳ
2804 1004 2948 1075 μόνῳ
2982 1003 3270 1074 φιλόσοφος
3295 1002 3392 1057 ῶν.
3427 1005 3524 1065 Ὃς
3559 1003 3617 1055 ἑν
3641 1004 3709 1073 τῇ
3740 1003 4036 1054 Κωνστανέ

2449 1100 2593 1154 τίνου
2639 1098 2789 1152 πόλει
2822 1097 2927 1151 ὑπὸ
2953 1096 3259 1168 Γρηγορίου
3286 1093 3381 1148 τοῦ
3413 1093 3787 1163 Ναζιανζηνοῦ
3828 1095 3907 1155 είς
3931 1093 4032 1163 τὴν

2447 1193 2540 1247 τοῦ
2570 1194 2815 1247 διακόνου
2846 1191 3247 1263 προχειρισθεὶς
3276 1188 3452 1254 τάξιν,
3481 1184 3599 1242 εἶτα
3629 1188 3746 1258 ἅμα
3774 1187 3924 1257 αύτῷ
3953 1188 4034 1250 είς

2448 1286 2547 1357 τὴν
2580 1285 2856 1352 Αἴγυπτον
2890 1282 3187 1349 κατελθὼν,
3217 1282 3449 1344 καὶτοῖς
3480 1279 3855 1353 προλεχθεῖσιν
3884 1279 4035 1330 ἐντυ-

2449 1376 2560 1449 χὼν
2590 1376 2838 1448 ἀνδράσι,
2864 1376 2955 1429 τὸν
2981 1375 3203 1429 ἐκείνων
3230 1373 3344 1444 βίον
3370 1373 3631 1443 ἐζήλωσε.
3666 1372 3776 1425 Καὶ
3797 1369 4037 1425 τοσαῦτα

2449 1470 2709 1540 τεράστια
2759 1471 2817 1521 ἒν
2850 1471 2970 1531 ταῖς
3019 1466 3207 1541 χερσὶν
3237 1466 3400 1520 αὑτοῦ
3426 1466 3668 1535 γέγονεν,
3707 1465 3808 1517 δσι
3853 1464 3946 1516 καὶ
3975 1464 4036 1515 ἐν

2448 1564 2570 1625 ταῖς
2596 1560 2706 1614 τῶν
2731 1559 2896 1613 αὐτοῦ
2927 1558 3278 1630 καθηγητῶν.
3324 1558 3514 1629 Τούτῳ
3539 1558 3634 1611 καὶ
3679 1556 3860 1627 βιϐλία
3892 1555 4034 1623 ἄγαν

2460 1653 2726 1707 σπουδαῖα
2760 1653 3192 1724 συγγέγραπται.
3225 1646 3325 1704 Ὠν
3355 1652 3416 1704 τδ
3464 1651 3586 1722 μὲν.
3624 1650 3866 1719 Μοναχδς
3894 1650 4032 1719 (67),

2450 1747 2484 1818 ἢ
2518 1746 2646 1817 περὶ
2676 1748 2985 1816 πρακτικῆς
3025 1746 3428 1813 ἐπιγέγραπται
3453 1758 3465 1771 ⁸
3506 1742 3567 1795 τὸ
3592 1742 3669 1805 δὲ,
3707 1741 4032 1802 Γνωστικὸς.

2450 1838 2483 1907 ἢ
2537 1838 2673 1908 πρὸς
2723 1836 2815 1889 τὸν
2864 1835 3266 1901 καταξιωθέντα
3318 1833 3594 1902 γνώσεως.
3643 1831 3931 1900 Κεφάλαια
3976 1832 4035 1883 δὲ

765 1928 1035 1997 Evagrius
1059 1966 1074 1989 ,
1118 1940 1243 1979 cum
1285 1934 1445 1979 antea
1480 1924 1665 1978 verbis
1706 1921 1886 1976 solum
1927 1920 2348 1990 philosophatus
2381 1917 2425 1972 Β
2451 1929 2528 1981 αὺι

2271 1933 2348 1973 lus
2381 1917 2425 1972 Β
2451 1926 2615 1981 αὑτοῦ
2663 1928 3021 1996 πεντήκοντα.
3070 1926 3143 1978 Τὸ
3190 1925 3268 1985 δὲ.
3320 1925 3757 1997 Ἀντιρῤητικὸς,
3795 1924 3903 1977 ἀπὸ
3926 1923 4034 1977 τῶν

763 2028 932 2083 esset,
969 2018 1039 2071 ab
1071 2017 1139 2071 iis
1164 2032 1333 2085 opere
1372 2016 1492 2085 ipso
1527 2012 1915 2084 philosophari
1965 2010 2179 2065 didicit.
2239 2010 2345 2075 Qui

768 2112 1008 2183 primum
1069 2126 1099 2165 a
1139 2108 1412 2179 Gregorio
1465 2106 1816 2161 Nazianzeno
1869 2104 2349 2174 Constantinopoli

766 2205 1037 2257 diaconus
1068 2201 1382 2264 ordinatus,
1425 2198 1781 2269 postmodum
1834 2212 1947 2251 una
1986 2211 2113 2251 cum
2156 2197 2250 2250 illo
2294 2197 2349 2250 in

769 2296 1070 2366 Egyptum
1112 2293 1400 2363 profectus
1448 2300 1583 2347 est:
1644 2292 1830 2361 ibique
1868 2306 1992 2345 cum
2036 2304 2203 2359 supra
2239 2305 2352 2344 me-

771 2387 1002 2441 moratis
1045 2386 1178 2441 viris
1213 2398 1574 2455 congressus,
1638 2397 1830 2438 eorum
1887 2381 2107 2436 vivendi
2173 2396 2349 2451 genus

768 2479 1057 2534 :entulatus
1094 2485 1199 2531 est.
1236 2474 1348 2531 Nec
1375 2475 1635 2544 pauciora
1676 2481 1771 2527 aut
1804 2473 2023 2526 minora
2085 2471 2351 2525 miracula

770 2571 838 2625 ab
866 2570 984 2631 illo,
1021 2583 1185 2638 quam
1227 2568 1297 2622 ab
1348 2567 1472 2636 ejus
1533 2563 1973 2635 praeceptoribus
2018 2570 2150 2617 sunt
2183 2561 2349 2617 edita.

770 2662 873 2716 llic
910 2662 1082 2716 libros
1112 2660 1451 2728 conscripsit
1480 2657 1641 2712 valde
1679 2657 1844 2712 utiles
1882 2674 1896 2712 :
1942 2670 2177 2725 quorum
2206 2670 2352 2710 unus

779 2752 1450 2812 Monachusinscribitur,
1483 2766 1591 2805 seu
1623 2750 1691 2804 de
1711 2749 1915 2804 virtute
1953 2749 2128 2803 activa
2164 2766 2178 2803 :
2215 2747 2354 2802 alter

768 2847 1089 2912 Gnosticus,
1124 2844 1207 2899 vel
1231 2844 1297 2897 ad
1335 2860 1462 2897 eum
1487 2843 1584 2913 qui
1616 2842 1903 2897 scientiam
1943 2840 2212 2910 consequi
2246 2854 2354 2895 me-

771 2938 908 2992 ruit.
950 2935 1050 2989 llic
1083 2936 1222 2989 liber
1261 2935 1314 2987 in
1344 2932 1750 3003 quinquaginta
1783 2930 2118 2986 distributus
2144 2936 2231 2986 est
2270 2946 2355 2985 ca-

773 3029 908 3098 pita.
951 3026 1175 3081 Tertius
1215 3025 1628 3079 Autirrheticus
1668 3023 2017 3085 inscribitur,
2056 3038 2124 3077 ex
2147 3022 2353 3078 divinis

774 3118 1083 3189 Scripturis
1121 3117 1393 3171 collectus
1434 3124 1634 3170 contra
1668 3116 1947 3169 daemones
1990 3124 2300 3171 tentatores
2335 3134 2350 3171 :

772 3222 828 3267 et
864 3213 918 3266 in
973 3221 1100 3265 octo
1144 3220 1330 3281 partes
1386 3209 1626 3273 divisus,
1657 3207 1815 3278 juxta
1864 3223 2152 3263 numerum
2223 3216 2353 3263 octo

772 3304 1200 3374 cogitationum.
1263 3301 1500 3371 Scripsit
1542 3308 1809 3370 praeterea
1842 3300 2094 3371 gnostiea
2132 3300 2351 3371 proble-

773 3410 921 3456 mata
950 3405 1235 3454 sexcenta.
1283 3396 1533 3467 Denique
1555 3398 1697 3453 duos
1750 3398 2067 3451 carminum
2122 3396 2345 3451 libros:

774 3493 1002 3546 alterum
1027 3491 1095 3544 ad
1127 3488 1427 3544 monachos
1456 3489 1549 3558 qui
1590 3490 1647 3544 in
1679 3488 1954 3543 cmnobiis
1976 3502 2077 3543 seu
2117 3501 2352 3559 congre-

776 3581 1095 3653 gationibus
1155 3580 1363 3650 degunt
1413 3598 1426 3633 :
1486 3580 1721 3633 alterum
1772 3577 1838 3631 ad
1906 3578 2193 3649 virginem.
2247 3578 2353 3644 Qui

778 3672 1003 3744 quidem
1063 3686 1227 3741 quam
1261 3670 1446 3724 eximii
1502 3670 1615 3723 sint
1660 3678 1714 3723 et
1757 3668 2124 3723 admiratione
2178 3668 2354 3738 digni,

778 3765 1038 3835 quisquis
1060 3780 1157 3819 eos
1188 3762 1400 3833 legerit,
1428 3759 1592 3815 facile
1620 3768 1941 3831 cognoscet.
1965 3758 2084 3814 Non
2113 3760 2356 3814 alienum

780 3869 962 3915 autem
996 3858 1181 3921 fuerit,
1216 3866 1277 3911 ut
1300 3857 1523 3925 Opinor,
1558 3854 1723 3909 exiis
1758 3868 1881 3924 quae
1925 3852 1996 3909 ab
2021 3854 2114 3908 illo
2143 3852 2211 3909 de
2240 3868 2360 3908 mo-

782 3952 978 4006 nachis
1006 3958 1539 4012 commemorantur,
1596 3960 1772 4017 pauca
1821 3944 2071 4017 quaedam
2109 3947 2351 4018 superio-

783 4046 935 4099 ribus
970 4052 1237 4098 attexere.
1265 4041 1357 4096 Sic
1387 4041 1536 4095 enim
1568 4040 1659 4094 ille
1693 4038 1831 4094 dicit
1861 4039 1926 4094 ad
1963 4040 2188 4094 verbum
2217 4039 2361 4095 :Ne-

784 4135 1089 4191 cessarium
1138 4135 1308 4190 etiam
1338 4142 1425 4189 est
1470 4130 1871 4187 monachorum
1922 4134 2013 4202 qui
2077 4143 2204 4189 ante
2259 4148 2361 4188 nos

784 4238 933 4284 recte
963 4228 1389 4282 ambulaverunt
1441 4226 1560 4282 vias
1614 4225 1916 4296 inquirere,
1977 4232 2032 4279 et
2062 4224 2130 4278 ad
2163 4239 2354 4279 earum

783 4322 1064 4393 exemplar
1098 4336 1199 4377 nos
1222 4321 1523 4391 corrigere.
1559 4317 1729 4374 Multa
1752 4318 1901 4374 enim
1935 4316 2132 4373 abillis
2159 4327 2289 4373 sunt
2308 4326 2365 4373 et

2451 2016 2608 2069 θείων
2645 2016 2873 2088 Γραφῶν
2924 2017 3063 2087 πρὸς
3098 2019 3226 2078 τοὺς
3258 2016 3617 2087 πειράζοντας
3661 2016 3939 2086 δαίμονας,
3976 2018 4036 2067 ἐν

2450 2109 2595 2162 ὀκτὼ
2624 2110 2954 2181 διῃρημένον
2986 2109 3197 2180 μέρεσι,
3229 2110 3370 2162 κατὰ
3392 2109 3481 2161 τὸν
3504 2107 3737 2181 ἀριθμὸν
3765 2108 3871 2161 τῶν
3892 2107 4035 2161 ὀκτὼ

2457 2200 2754 2271 λογισμῶν.
2786 2201 2896 2254 Καὶ
2926 2200 3183 2265 ἑξακόσια
3218 2201 3603 2271 προγνωστικά
3628 2200 3991 2273 προϐλήματα
4017 2216 4031 2231 °

2453 2293 2534 2347 ἔτι
2580 2296 2689 2364 μὴν
2738 2294 2832 2347 καὶ
2883 2295 3119 2365 στιχηρά
3164 2295 3295 2348 δύοο
3356 2295 3415 2348 ἓν
3462 2295 3600 2367 πρὸς
3644 2296 3773 2358 τοὺς
3816 2296 3876 2348 ὲν
3921 2296 4036 2357 τοῖς

2453 2386 2742 2449 κοινοϐίοις
2770 2386 2802 2455 ἧ
2829 2387 2888 2439 ἐν
2923 2386 3189 2449 συνοδίαις
3225 2386 3493 2457 μοναχούς
3519 2403 3533 2416 ³
3577 2386 3670 2439 καὶ
3698 2386 3757 2439 ἓν
3783 2385 3919 2458 πρὸς
3938 2385 4035 2456 τὴν

2455 2476 2742 2547 παρθένον.
2776 2478 2849 2530 "A
2893 2495 3015 2530 τινα
3058 2479 3205 2540 ὅπως
3239 2478 3355 2531 ἐστὶ
3392 2476 3703 2548 θαυμαστὰ,
3753 2479 3803 2530 oi
3845 2478 4037 2543 ὲντυγ-

2452 2570 2705 2641 χάνοντες
2731 2571 2990 2623 εἴσονται.
3037 2569 3307 2640 Εὖκαιρον
3337 2570 3416 2634 δὲ,
3447 2571 3522 2633 ὠς
3563 2570 3822 2641 ἠγοῦμαι,
3867 2570 4039 2641 μικρὰ

2454 2664 2561 2716 τῶν
2595 2662 2745 2734 αὐτῷ
2793 2663 3275 2735 μνημονευθέντων
3310 2665 3437 2733 περὶ
3464 2663 3575 2715 τῶν
3626 2662 3873 2733 μοναχῶν
3911 2661 4039 2715 τού-

2454 2772 2566 2818 τοις
2595 2752 2850 2822 συνάψαι.
2872 2753 3011 2824 Φησὶ
3035 2753 3145 2825 γάρ
3175 2753 3316 2807 κατὰ
3341 2753 3486 2819 λέξιν
3516 2753 3641 2806 τάδε
3664 2769 3678 2782 ⁸
3720 2753 4039 2820 Ἀναγκαῖον

2454 2844 2550 2897 καὶ
2592 2844 2692 2907 τὰς
2736 2844 2887 2908 ὁδοὺς
2937 2843 3046 2897 τῶν
3082 2844 3525 2914 προοδευσάντων
3573 2843 3824 2915 μοναχῶν
3864 2841 4040 2914 ὀρθῶς

2458 2937 2743 3008 διερωτᾷν,
2772 2936 2866 2989 καὶ
2895 2937 3034 3007 πρὸς
3063 2938 3233 3000 αὑτὰς
3265 2936 3685 3007 κατορθοῦσθαι.
3726 2935 3905 2988 Πολλά
3930 2934 4041 3006 γάρ

2455 3029 2603 3082 ἐστιν
2632 3029 2724 3082 ὑπ’
2765 3028 2950 3082 αὐτῶν
2986 3028 3221 3100 ρηθέντα
3264 3045 3324 3081 τε
3368 3030 3462 3082 καὶ
3491 3027 3807 3099 πραχθέντα
3834 3026 4036 3089 καλῶς.

2468 3121 2557 3174 Ἐν
2590 3114 2671 3184 οἷς
2702 3120 2797 3173 καὶ
2825 3119 2985 3173 τοῦτό
3018 3137 3102 3184 τις
3131 3119 3351 3191 ἔφησεν,
3388 3120 3469 3173 ὅτι
3500 3119 3599 3190 τὴν
3626 3118 3921 3190 ξηροτέραν
3948 3120 4044 3173 καὶ

2459 3213 2535 3285 μὴ
2581 3211 2865 3285 ἀνώμαλον
2913 3212 3124 3267 δίαιταν
3170 3212 3359 3284 ἀγάπῃ
3392 3211 3803 3282 συζευχθεῖσαν,
3848 3210 4042 3264 θᾶττον

2455 3308 2664 3375 διάγειν
2693 3306 2786 3360 τὸν
2817 3305 3049 3377 μοναχὸν
3077 3307 3156 3369 είς
3186 3305 3278 3359 τὸν
3305 3307 3404 3377 τῆς
3434 3305 3701 3368 ἀπαθείας
3728 3305 3942 3376 λιμένα.
3984 3305 4043 3358 '0

2456 3398 2516 3453 δὲ
2562 3397 2726 3462 αὐτὸς
2768 3397 3174 3469 ταρασσόμενόν
3217 3414 3342 3452 τινα
3378 3397 3595 3469 νύκτωρ
3629 3396 3743 3450 τῶν
3797 3396 4044 3467 ἀδελφῶν

2458 3489 2569 3543 τῶν
2599 3488 2903 3559 φασμάτων
2936 3487 3263 3560 ἀπήλλαξεν,
3308 3487 3594 3543 ἀσθενοῦσι
3624 3488 3763 3560 μετὰ
3789 3494 4047 3561 νηστείας

2461 3581 2803 3652 ὑπηρετῆσαι
2830 3578 3159 3650 προστάξας.
3193 3577 3380 3630 υύδενὶ
3407 3577 3517 3649 γάρ
3537 3577 3729 3642 οὕτως,
3751 3578 4046 3650 ἐρωτηθεὶς

2462 3671 2686 3740 ἔφησεν,
2712 3671 2786 3735 ὡς
2814 3671 2948 3740 ὲλέῳ
2974 3671 3042 3724 τὰ
3068 3670 3292 3724 τοιαῦτα
3316 3670 3742 3724 κατασϐέννυται
3764 3670 3931 3742 πάθη.
3953 3670 4045 3741 Τῷ

2463 3763 2656 3834 δικαίῳ
2688 3763 2959 3834 Ἀντωνίῳ
2990 3762 3294 3835 προσῆλθέν
3322 3780 3406 3826 τις
3434 3763 3542 3816 τῶν
3575 3764 3695 3816 τότε
3727 3763 3924 3833 σοφῶν,
3950 3764 4046 3816 καὶ

2457 3854 2582 3919 Πῶς
2615 3856 3014 3926 διακαρτερεῖς,
3042 3849 3216 3920 εἶπεν,
3264 3849 3309 3908 ὦ
3342 3854 3549 3926 Πάτερ,
3592 3856 3691 3926 τῆς
3721 3857 3781 3908 ὲκ
3826 3857 3932 3908 τῶν
3964 3855 4045 3926 βι-

2458 3948 2622 4001 ϐλίων
2670 3948 3024 4019 παραμυθίας
3071 3948 3470 4019 ἐστερημένοςς
3526 3948 3599 4001 Τὸ
3642 3948 3771 4018 ἐμὸν
3817 3947 4041 4018 βιϐλίον,

2457 4041 2561 4111 ἔφη
2595 4042 2623 4093 ὁ
2664 4040 2943 4105 Ἀντώνιος
2968 4080 2981 4103 ,
3012 4038 3057 4093 ῶ
3082 4040 3339 4110 φιλόσοφε
3359 4081 3373 4106 ,
3424 4040 3458 4111 ἠ
3504 4040 3663 4111 φύσις
3692 4042 3798 4094 τῶν
3828 4041 4046 4110 γεγονὸ-

2456 4150 2567 4186 των
2619 4132 2755 4197 ἐστὶ,
2804 4132 2901 4185 καὶ
2945 4133 3209 4203 πάρεστιν
3256 4132 3344 4185 ὅτε
3381 4132 3642 4203 βούλομαι
3678 4132 3806 4195 τοὺς
3854 4131 4043 4199 λόγους

2466 4223 2861 4291 ἀναγινώσκειν
2894 4224 3020 4287 τοὺς
3048 4222 3142 4277 τοῦ
3167 4224 3324 4279 Θεοῦ.
3355 4224 3637 4296 Ἦρώτησέ
3668 4242 3735 4295 με
3763 4223 3825 4277 τὸ
3852 4223 4045 4287 σκεῦος

2467 4318 2567 4388 τῆς
2599 4316 2851 4387 ἐκλογῆς,
2902 4317 2932 4370 ὁ
2974 4316 3272 4386 Αἰγύπτιος
3313 4317 3490 4389 γέρων
3529 4318 3850 4389 Μακάριος,
3894 4317 3947 4371 τί
3977 4317 4042 4387 δὴ

1980 4492 2254 4549 VALESII
2280 4492 2835 4550 ANNOTATIONES.

855 4615 979 4685 ((37)
1020 4606 1131 4665 Ὧν
1168 4609 1389 4679 τὸμὲν,
1430 4610 1731 4685 Μοναχός.
1763 4608 2109 4685 Epiphanius
2126 4610 2361 4685 Schola-
2394 4624 2439 4680 ι)
2466 4612 2557 4665 τὸν
2599 4627 2618 4685 _:

2280 4612 2361 4685 la-
2394 4624 2439 4680 D
2466 4612 2557 4665 τὸν
2599 4608 3014 4685 *καταξιωθέντα
3056 4610 3361 4685 γνὼσεωςζ
3385 4624 3549 4685 quam
3606 4613 3938 4685 scriptura!!!
3986 4613 4040 4685 in

786 4680 955 4739 sticus
998 4685 1053 4737 in
1084 4699 1205 4753 suo
1245 4685 1431 4735 codice
1479 4684 1684 4753 legerat
1724 4680 2036 4753 μοναχικὸς.
2082 4683 2173 4738 Sic
2214 4684 2361 4737 enim

786 4759 946 4809 vertit
993 4774 1005 4807 :
1062 4751 1491 4819 Conscripsilque
1533 4751 1915 4805 libros'valde
1968 4754 2292 4807 necessarios
2345 4769 2364 4806 :

784 4842 1007 4895 quarunt
1037 4840 1172 4877 unus
1219 4823 1429 4895 quidem
1459 4822 1803 4895 Μονᾳχικός
1830 4822 2161 4895 inscribitur,
2199 4835 2249 4877 et
2288 4833 2367 4877 est

786 4892 849 4950 ile
902 4895 1102 4949 actuali
1150 4910 1167 4946 :
1230 4893 1368 4945 alius
1424 4892 1836 4963 cognitionalis,
1883 4893 2170 4946 secundum
2226 4896 2367 4963 quod

800 4967 1050 5037 juispiam
1086 4964 1492 5037 cognitiorie_sit
1536 4961 1747 5037 dignus.
1796 4962 2136 5037 Nicephorus
2180 4961 2363 5037 tamen

791 5032 843 5090 ιἰι
881 5032 1021 5090 lihro
1049 5051 1124 5097 ιι,
1152 5032 1343 5102 capite
1388 5032 1477 5093 42,
1524 5036 1799 5102 vulgatam
1840 5033 2127 5087 lectionem
2159 5034 2364 5087 conﬁr-

788 5116 921 5161 tnat.
952 5106 1057 5159 Sed
1090 5103 1236 5173 quod
1265 5105 1501 5173 pertinet
1530 5104 1597 5156 ad
1628 5106 1859 5157 alterum
1885 5102 2096 5174 Evagrii
2135 5104 2357 5167 librum,

787 5178 907 5244 ejus
949 5177 1165 5229 titulum
1211 5176 1285 5228 ita
1330 5174 1573 5244 concith
1612 5191 1623 5225 :
1662 5173 2057 5243 Γνωστικὸς,⁷ἦ
2100 5175 2227 5242 περὶ
2264 5174 2359 5227 τοῦ

789 5237 1216 5313 κάταξιωθέντος
1238 5237 1511 5313 γνώσεως.
1532 5237 1732 5299 'Posset
1755 5244 1920 5299 etiam
1951 5237 2139 5309 scribi,
2222 5244 2362 5315 πρὸς

2467 4682 2723 4736 versione
2756 4688 3130 4751 measecutus
3158 4697 3299 4735 sum.
3333 4680 3418 4737 Dei
3438 4683 3601 4748 hujus
3637 4680 3847 4751 Evagrii
3886 4682 4042 4738 libris

2468 4752 2598 4822 quid
2629 4749 3274 4822 senseritliieronymus,
3306 4752 3430 4807 vide
3468 4752 3521 4806 in
3549 4749 3778 4822 epistola
3806 4752 3888 4822 ad
3915 4752 4041 4806 Cte-

2469 4820 2779 4889 siphontem
2806 4820 3070 4890 adversus
3094 4820 3422 4890 Pelagianos
3454 4839 3469 4876 :
3504 4820 3597 4876 ubi
3634 4837 3757 4875 eum
3791 4820 4042 4886 Origeni-

2471 4901 2612 4947 stam
2639 4892 2810 4946 fuisse
2830 4890 3013 4946 docet.
3036 4889 3314 4949 Palladius
3340 4893 3396 4947 in
3430 4890 3700 4946 Lausiaca
3742 4903 3855 4947 tres
3878 4894 3947 4947 ab
3975 4908 4042 4946 eo

2472 4963 2644 5017 libros
2687 4962 2926 5031 scriptos
2970 4977 3092 5017 esse
3134 4962 3287 5017 dicit.
3337 4962 3542 5018 Horum
3603 4964 3837 5031 primum
3884 4973 4043 5017 vocat

2482 5032 2672 5101 Ἱερόν,
2700 5032 3005 5104 secundum
3047 5032 3312 5103 Μοναχὸν,
3346 5036 3567 5089 tertium
3618 5033 4042 5104 'Avttppqttxéy,

2470 5098 2570 5173 qui
2611 5111 2703 5173 est,
2736 5102 3002 5173 adversus
3048 5098 3272 5157 fraudes
3328 5105 3553 5159 diaboli.
3600 5098 3888 5157 Συντάττέι
3942 5098 4043 5173 οὖν

2470 5174 2598 5296 τρία
2622 5172 2823 5242 βιὸλία,
2860 5172 3043 5243 Ἱερὸν,
3068 5174 3336 5258 Ιιξοναχδν,
3356 5173 3789 5246 Ἀντιρρητικόν,
3805 5183 3912 5229 etc.
3940 5172 4042 5230 Ubi

2530 5246 2653 5296 εοόν
2686 5254 2844 5296 vocat
2875 5259 3039 5296 auem
3082 5247 3337 5296 Socrates
3378 5245 3699 5296 Γνωστικόν.

2486 5244 2653 5315 Ἱερόν
2686 5254 2844 5299 vocat
2875 5259 3039 5315 quem
3082 5244 3337 5301 Socrates
3378 5244 3699 5299 Γνωστικόν.

2197 5419 2592 5480 VARIORUM.

858 5550 886 5578 ³
938 5540 1367 5609 Ἀλεξανδρεὺς
1403 5539 1719 5608 Μακάριος.
1766 5538 2061 5605 Macarius,
2098 5538 2283 5609 junior
2311 5548 2365 5594 et

788 5613 1061 5674 πολιτικός
1109 5614 1313 5676 dictus,
1362 5612 1526 5666 domo
1580 5609 2007 5675 Alexandrinus,
2056 5611 2147 5663 ubi
2202 5619 2364 5664 aetate

791 5685 964 5753 prima
1037 5684 1255 5736 bellaria
1316 5682 1606 5753 frendendo
1672 5688 1940 5753 questum
2017 5683 2359 5753 exercebat;

789 5752 976 5824 postea
1027 5753 1250 5806 Antonii
1280 5752 1603 5824 discipulus
1646 5752 1813 5804 vitant
1851 5752 2207 5824 monasticam
2234 5766 2359 5824 gam-

830 5827 981 5876 lexus
1048 5831 1215 5892 est“:
1262 5822 1389 5876 dein
1453 5823 1738 5892 presbyter
1808 5831 1863 5874 et
1926 5822 2358 5892 archimandrita

826 5894 1105 5947 iitriensis.
1125 5890 1258 5948 Vide
1287 5890 1533 5959 Sozam,
1555 5890 1648 5948 lib.
1679 5906 1760 5959 ιιι,
1790 5905 1912 5961 cap.
1946 5892 2100 5957 M,et
2125 5890 2357 5956 Theod.,

2472 5540 2567 5611 lib.
2602 5557 2673 5603 tv.
2712 5556 2834 5611 cap.
2877 5541 2967 5597 2|.
2998 5542 3144 5598 Obiit
3189 5542 3563 5609 centenarius,
3596 5543 3743 5598 circa
3787 5558 3877 5597 an.
3915 5540 4039 5597 404.

2471 5610 2746 5683 Cave.ubi
2768 5610 2930 5681 supra
2956 5629 2974 5666 :
3006 5614 3098 5683 qui
3127 5614 3256 5668 ibid.
3296 5629 3361 5668 ex
3391 5630 3493 5667 ms.
3538 5615 3705 5667 edidit
3739 5611 4043 5668 Sermonem

2468 5681 2532 5733 de
2590 5685 2740 5757 exitu
2778 5681 3037 5757 statuque
3061 5685 3363 5757 animarum
3398 5698 3514 5752 post
3573 5685 3710 5739 hanc
3746 5687 3905 5739 vitam
3938 5685 4043 5757 sub

2468 5753 2692 5805 nomine
2730 5754 2892 5822 hujus
2924 5755 3145 5808 Macarii
3170 5754 3289 5820 Gr.,
3326 5754 3443 5808 Lat.
3473 5771 3634 5818 (lllelll
3667 5766 3846 5809 tamen
3888 5754 4041 5823 parvi

2468 5823 2688 5889 pendet.
2724 5833 2775 5876 et
2812 5827 3136 5883 recentioris
3167 5827 3455 5897 cujusdam
3486 5824 3719 5882 Grzeculi
3762 5840 4042 5883 commen-

2465 5901 2579 5947 tum
2617 5910 2740 5949 ('SSC
2779 5904 2987 5950 Ct‘llSCl.
