4464 6586
424 479 535 537 817

1421 472 1749 530 1115Τοῐῖιᾶ
1791 467 2361 527 ECCLESIASTICA.
2400 498 2473 510 —
2510 468 2636 524 LIB.
2682 470 2766 526 IV.

3585 473 3694 533 518

426 609 555 646 ποτε
590 588 1057 660 μνησικακοῦντες
1090 588 1188 658 μὲν
1219 590 1334 650 τοῖς
1365 587 1696 657 ἀνθρώποις,
1736 586 1838 656 τὴν
1873 602 2010 656 μνη·
2041 591 2085 647 Α
2122 583 2189 638 dii

1927 602 2010 656 θη·
2041 591 2085 647 Α
2122 583 2274 638 dicta
2305 593 2359 639 et
2395 582 2541 639 facta
2585 584 2870 653 praeclare.
2906 582 3233 654 Cujusmodi
3273 587 3409 643 illud
3437 592 3690 660 estquod

428 681 749 753 μονευτικὴν
776 680 1007 749 δύναμιν
1031 679 1125 748 τῆς
1154 676 1334 746 ψυχῆς
1364 677 1703 746 ἀφανίζομεν
1729 693 1741 706 ⁸
1790 675 2009 746 δαίμοσι

424 774 480 826 δὲ
527 772 992 844 μνησικακοῦντες
1020 813 1034 835 ,

425 865 563 934 πρὸς
594 866 693 933 τὴν
734 864 1028 933 ἀπόκρισιν
1057 862 1460 931 ἀπορήσαντος,
1500 862 1597 915 καὶ
1625 858 2011 930 παρακαλοῦν-

422 974 514 1017 τος
548 956 637 1009 τὸν
667 956 823 1023 λόγον
861 956 1054 1025 μαθεῖν
1082 969 1096 985 ο
1153 952 1319 1018 Διὸτι,
1361 953 1525 1023 φησὶν
1556 954 1782 1016 ἐκεῖνος,
1821 952 1882 1004 τὸ
1913 951 2011 1021 μὲν

423 1049 688 1118 πρότερον
717 1046 887 1111 πάθος
917 1045 1070 1116 παρὰ
1119 1045 1282 1114 φύσιν
1307 1085 1323 1111 ,
1378 1045 1439 1096 τὸ
1482 1044 1539 1096 δὲ
1571 1043 1824 1113 δεύτερον
1869 1041 2012 1095 κατὰ

424 1140 585 1207 φύσιν
621 1140 737 1191 ἐστὶ
764 1138 859 1192 τοῦ
906 1137 1100 1207 θυμοῦ.
1149 1137 1496 1208 Παρέὸαλ).ον
1530 1136 1652 1189 κατ’
1699 1137 1869 1207 αὐτὴν
1911 1137 2010 1205 τὴν

425 1229 703 1297 σταθηρᾶν
737 1228 1087 1299 μεσημϐρίαν
1110 1228 1187 1298 τῷ
1215 1229 1355 1297 ἁγίῳ
1389 1228 1563 1297 Πατρὶ
1589 1228 1885 1299 Μακαρίῳ,
1916 1229 2010 1281 καὶ

422 1319 542 1369 λίαν
570 1318 674 1369 ὑπὸ
700 1317 799 1386 τῆς
846 1317 1004 1387 δίψης
1045 1317 1409 1387 φλεγόμενος,
1458 1317 1620 1388 ᾔτουν
1661 1318 1805 1388 ὕδωρ
1843 1322 2006 1371 πιεῖν.

434 1410 493 1462 ’0
526 1409 581 1461 δέ
612 1426 795 1479 φησιν,
846 1410 1170 1481 Ἀρκέσθητι
1205 1413 1269 1480 τῇ
1300 1411 1429 1480 σκιᾷ
1456 1426 1470 1439 ·
1501 1411 1682 1462 πολλοὶ
1712 1411 1821 1480 γάρ
1868 1411 2009 1463 660'.-

424 1500 718 1571 ποροῦντες
740 1500 836 1553 νῦν
854 1502 887 1570 ἢ
908 1502 1001 1554 καί
1025 1502 1277 1563 πλέοντες
1325 1504 1418 1554 καὶ
1439 1501 1642 1570 ταύτης
1667 1502 2007 1571 ἐστέρηνται.

425 1590 557 1647 Εἶτα
586 1593 777 1657 λόγους
805 1610 907 1663 μου
936 1593 1073 1664 πρὸς
1102 1594 1265 1647 αὐτὸν
1296 1595 1424 1665 περὶ
1450 1595 1775 1663 ἐγκρατείας
1803 1594 2011 1663 γυμνά-

426 1685 634 1747 ζοντος,
670 1683 900 1755 Θάρσει,
929 1684 1115 1753 φησὶν,
1142 1679 1187 1737 ὦ
1225 1684 1414 1738 τέκνον
1442 1702 1455 1715 ·
1506 1686 1563 1737 ὲν
1595 1685 1737 1747 ὅλοις
1781 1684 2007 1751 εἴκοσιν,

426 1775 548 1827 οὔτε
577 1776 764 1844 ἄρτου,
809 1775 932 1827 οὔτε
964 1774 1183 1839 ὓδατος,
1234 1775 1356 1828 οὕτε
1390 1775 1559 1828 ὕπνου
1589 1776 1749 1847 κόρον
1788 1776 2004 1844 εἴληφα.

427 1868 532 1919 Τὸν
566 1868 663 1936 μὲν
693 1867 801 1936 γάρ
832 1868 994 1938 ἄρτον
1026 1884 1127 1936 μου
1170 1868 1355 1937 ἢσθιον
1388 1867 1611 1938 σταθμῷ
1640 1884 1654 1897 ·
1693 1867 1751 1920 τὲ
1780 1868 1836 1920 δὲ
1867 1867 2008 1938 ὕδωρ

427 1959 611 2010 ἔπινον
644 1959 827 2029 μέτρῳ
853 1974 865 1987 ·
902 1962 1015 2021 τοῖς
1038 1960 1238 2028 τοίχοις
1292 1960 1347 2013 δὲ
1401 1961 1637 2030 ἐμαυτὸν
1671 1962 2010 2033 παρανακλι-

427 2066 568 2115 νων,
604 2050 798 2121 μικρόν
846 2068 899 2103 τι
930 2049 1023 2104 τοῦ
1080 2052 1247 2105 ὕπνου
1302 2053 1465 2124 μέρος
1496 2054 1610 2124 (68)
1664 2055 2008 2125 ἀφήρπαζον.

441 2141 717 2210 Ἐμηνύθη
764 2141 871 2194 τινὶ
902 2141 1009 2193 τῶν
1062 2144 1310 2213 μοναχῶν
1359 2143 1586 2207 θάνατος
1633 2145 1730 2197 τοῦ
1784 2147 2007 2216 πατρὸς.

439 2234 498 2285 ὐ
524 2233 579 2285 δὲ
607 2234 742 2303 πρὸς
765 2233 857 2285 τὸν
885 2234 1569 2302 άπαγγείλαντα,Παῦσαι,
1587 2235 1749 2307 φησὶ.
1769 2235 2011 2307 βλασφη-

432 2324 549 2395 μῶν
574 2342 589 2354 ο
640 2328 667 2377 ὁ
695 2324 804 2396 γὰρ
837 2326 964 2394 ἐμὸς
996 2325 1179 2397 πατὴρ
1207 2325 1475 2390 ἀθάνατός
1509 2329 1677 2381 ἐστιν.
1721 2328 2012 2398 Ἐκέκτητό

428 2434 511 2480 τις
540 2416 646 2469 τῶν
670 2416 913 2485 ἀδελφῶν
938 2417 1271 2486 Εὐαγγέλιον
1294 2420 1471 2489 μόνον.
1505 2420 1612 2472 Καὶ
1638 2421 1796 2473 τοῦτο
1828 2420 2012 2491 πωλή-

432 2527 552 2572 σας,
583 2507 780 2560 ἔδωκεν
813 2509 893 2571 εἱς
921 2511 1127 2581 τροφὴν
1152 2514 1263 2572 τοίς
1301 2511 1579 2577 πεινῶσιν,
1612 2512 1760 2577 ἀξιον
1789 2515 2011 2583 μνήμης

430 2601 894 2671 ἐπιφθεγξάμενος
930 2604 1080 2672 ῥῆμα
1106 2618 1118 2632 ·
1166 2604 1337 2657 Αὑτὸν
1366 2606 1496 2677 γὰρ,
1529 2606 1682 2678 φησὶ,
1724 2609 1817 2660 τὸν
1854 2607 2010 2676 λόγον

431 2693 736 2762 πεπώληκα
757 2694 847 2746 τὸν
872 2694 1116 2761 λέγοντα·
1156 2694 1424 2767 Πώλησόν
1457 2716 1551 2751 σου
1579 2699 1647 2752 τὰ
1676 2699 2007 2769 ὑπάρχοντα,

432 2789 528 2841 καὶ
560 2789 646 2852 δὸς
698 2793 951 2859 πτωχοῖς.
1003 2791 1158 2843 Ἐστι
1213 2790 1271 2843 δέ
1319 2806 1402 2852 τις
1450 2790 1574 2861 περὶ
1623 2789 1721 2861 τὴν
1765 2789 2009 2854 Ἀλεξάν-

431 2882 615 2952 δρειαν
638 2883 816 2953 νῆσος,
843 2886 961 2936 κατ’
992 2883 1125 2936 αὐτὸ
1149 2883 1209 2937 τὸ
1240 2882 1469 2954 βόρειον,
1497 2883 1672 2952 πέραν
1698 2882 1796 2953 τῆς
1816 2883 2010 2953 λίμνης

434 2974 658 3045 κειμένη
684 2974 781 3044 τῆς
812 2974 1154 3045 καλουμένης
1188 2975 1425 3043 Μαρίας.
1474 2973 1761 3044 Προσοικεῖ
1784 2973 1839 3025 δὲ
1866 2974 2007 3044 αὐτῇ

437 3066 688 3137 μοναχδς,
735 3069 834 3137 τῆς
886 3065 1243 3138 Παρεμϐολῆς
1291 3066 1401 3118 τῶν
1450 3064 1771 3117 Γνωστικῶν
1821 3065 1934 3133 (69)
1981 3067 2011 3119 ὁ

432 3157 821 3227 δοκιμώτατος,
843 3159 991 3221 ὅστις
1014 3155 1326 3226 ἀπεφήνατο
1357 3155 1534 3209 πάντα
1562 3155 1631 3207 τὰ
1660 3156 2010 3225 πραττόμενα

434 3249 540 3301 ὑπὸ
570 3249 677 3301 τῶν
712 3250 964 3320 μοναχῶν
997 3248 1335 3320 πράττεσθαι
1381 3248 1447 3301 δι’
1480 3247 1658 3310 αἰτίας
1690 3247 1853 3300 πέντε
1878 3263 1891 3276 ⁸
1923 3247 2010 3300 διὰ
2037 3277 2080 3337 c

431 3341 588 3405 Θεὸν,
630 3342 720 3395 διὰ
762 3342 943 3412 φύσιν,
992 3344 1080 3396 διὰ
1124 3342 1263 3406 ἔθος,
1312 3342 1380 3394 δι’
1414 3341 1683 3410 ἀνάγκην,
1726 3339 1816 3393 διὰ
1846 3340 2006 3411 ἔργον

432 3435 651 3506 χειρῶν.
693 3435 751 3488 Ὀ
782 3436 838 3487 δὲ
864 3436 1023 3499 αὐτὸς
1067 3436 1215 3504 ἔλεγε
1260 3435 1441 3499 πάλιν,
1481 3434 1610 3503 μίαν
1645 3433 1742 3503 μὲν
1772 3429 1908 3487 εἶναι
1939 3436 2005 3503 τῇ

434 3527 593 3597 φύσει
625 3526 724 3598 τὴν
774 3529 977 3599 ἀρετήν
1003 3544 1016 3556 ·
1064 3526 1443 3579 εἰδοποιεῖσθαι
1480 3525 1537 3578 δὲ
1587 3524 1756 3596 αὐτὴν
1802 3527 1860 3577 ὲν
1888 3527 2007 3586 ταῖς

432 3616 697 3688 δυνάμεσι
727 3617 826 3687 τῆς
851 3617 1049 3687 ψυχῆς.
1080 3619 1186 3670 Καὶ
1211 3618 1319 3687 γὰρ
1350 3616 1442 3669 καὶ
1465 3617 1524 3669 τὸ
1550 3617 1665 3684 φῶς
1685 3617 1745 3668 τὸ
1765 3615 2003 3687 ἡλιακὸν,

434 3710 838 3779 ἀσχημάτιστον
864 3710 984 3778 μὲν,
1014 3710 1198 3778 φησὶν,
1223 3710 1357 3761 ἐστί’
1387 3712 1502 3770 ταῖς
1526 3708 1581 3760 δὲ
1603 3709 1669 3760 δι’
1695 3701 1769 3760 ὧν
1794 3708 2008 3760 εἰσϐάλ-

434 3799 514 3852 λει
540 3798 720 3872 θυρίσι
751 3800 1177 3869 σχηματίζεσθαι
1205 3800 1463 3866 πέφυκεν.
1491 3798 1682 3861 Ἀλλος
1709 3798 1767 3850 δέ
1791 3816 1874 3860 τις
1895 3796 2005 3849 τῶν

438 3892 707 3962 μοναχῶν,
740 3891 839 3943 Διά
860 3891 1015 3944 τοῦτο
1043 3890 1311 3961 περιαιρῶ
1342 3890 1439 3953 τὰς
1472 3889 1683 3959 ἡδονὰς,
1714 3885 1884 3953 εἶπεν,
1921 3888 2007 3941 ἵνα

433 3985 531 4046 τὰς
557 3983 650 4036 τοῦ
680 3983 851 4054 θυμοῦ
883 3983 1163 4055 περικόψω
1191 3986 1513 4053 προφάσεις.
1548 3978 1677 4035 Οἶδα
1702 3981 1811 4051 γὰρ
1844 3980 2006 4033 αὑτὸν

434 4076 522 4127 ἀεὶ
555 4074 856 4145 μαχόμενον
904 4075 1043 4144 ὑπὲρ
1076 4073 1183 4127 τῶν
1214 4072 1435 4143 ἡδονῶν,
1474 4073 1568 4125 καὶ
1599 4071 2007 4143 ὲκταράσσοντά

439 4185 541 4236 μου
572 4168 660 4219 τὸν
690 4166 834 4230 νοῦν,
874 4168 967 4220 καὶ
999 4167 1098 4239 τὴν
1131 4167 1334 4235 γνῶσιν
1380 4165 1771 4219 ἀποδιώκοντα.
1808 4165 2002 4232 Ἔλεγε

434 4259 490 4309 δέ
521 4276 603 4319 τις
636 4258 745 4309 τῶν
776 4260 1066 4329 γερόντων,
1095 4260 1175 4310 ὅτι
1208 4259 1241 4327 ἡ
1288 4257 1476 4326 ἀγάπη
1511 4256 1838 4326 παραθήκας
1870 4255 2012 4325 βρω-

440 4352 624 4419 μάτων
653 4352 684 4421 ῆ
718 4353 1014 4421 χρημάτων
1041 4354 1228 4421 τηρεῖν
1257 4352 1355 4403 οὐκ
1385 4350 1692 4402 ἐπίσταται.
1744 4349 1801 4402 Ὀ
1827 4348 1882 4400 δὲ
1912 4350 2011 4401 αὺ-

435 4444 545 4508 τὸς,
595 4446 707 4497 Οὐκ
754 4439 905 4510 οἶδα,
951 4446 1135 4515 φησὶν,
1180 4445 1259 4507 είς
1304 4443 1470 4495 ταύτὸ
1493 4442 1573 4505 δὶς
1607 4441 1711 4495 ὑπὸ
1742 4442 2011 4511 δαιμόνων

2110 676 2334 743 quidam
2368 690 2560 729 eorum
2589 675 2775 730 dicere
2809 676 3052 741 solebat,
3091 678 3392 734 aridiorem
3420 690 3475 736 et
3506 696 3693 752 aequa-

1090 769 1349 832 ἀϐλαϐεῖς
1403 769 1751 840 διαμένομεν.
1809 766 2008 836 Κράμοῦ
2102 767 2275 821 bilem
2321 770 2528 821 victum
2561 782 2688 821 cum
2730 767 2853 821 cliai

1929 766 2008 819 ιοῦ
2102 767 2275 821 bilem
2321 770 2528 821 victum
2561 782 2688 821 cum
2730 767 2999 823 cliaritate
3050 768 3435 838 conjunetum,
3500 789 3692 827 mona-

2111 858 2277 911 chum
2308 858 2459 911 brevi
2505 857 2905 928 perducturum
2934 875 3058 915 esse
3082 860 3149 914 ad
3184 869 3405 931 portum
3437 863 3505 917 ab
3538 867 3692 921 omni

2109 950 2527 1020 perturbatione
2567 952 2735 1005 animl
2762 966 3019 1007 vacuum.
3048 952 3193 1007 Idem
3240 970 3366 1008 cum
3397 957 3690 1026 quemdam

2110 1045 2335 1098 fratrem
2358 1044 2649 1099 nocturnis
2681 1044 2815 1100 visis
2850 1046 3162 1115 perturbari
3194 1047 3418 1101 solitum
3454 1049 3689 1116 vlderet,

2110 1148 2236 1187 eum
2272 1133 2551 1197 liberavit,
2591 1135 2919 1204 praecipiens
2951 1145 3008 1189 ut
3033 1138 3431 1206 aegrotantibus
3463 1139 3691 1208 jejunus

2109 1225 2473 1281 ministraret.
2520 1225 2587 1280 Et
2642 1227 3043 1297 interrogatus,
3082 1244 3184 1282 cur
3224 1229 3277 1283 id
3320 1232 3685 1302 praeciperet:

2108 1314 2270 1370 Nulla
2301 1334 2382 1381 re,
2416 1317 2615 1387 inquit,
2646 1318 2967 1388 hujusmodi
2993 1321 3438 1389 perturbationes
3467 1324 3690 1379 facilius

2107 1410 2539 1479 exstinguuntur
2602 1425 2767 1480 quam
2836 1411 3243 1467 misericordia.
3315 1414 3397 1468 Ad
3475 1416 3688 1485 justum

2108 1502 2411 1555 Antonium
2444 1502 2669 1571 quidam
2716 1503 2840 1572 ejus
2906 1503 3174 1573 temporis
3204 1506 3562 1577 philosophus
3596 1523 3688 1563 ac-

2109 1593 2312 1648 cedens
2345 1614 2359 1648 :
2412 1591 2725 1659 Quomodo,
2769 1593 2933 1665 240
2963 1596 3159 1663 inquit,
3195 1604 3370 1665 pater,
3415 1608 3572 1668 potes
3605 1600 3687 1653 vi-

2108 1699 2256 1747 vere,
2286 1684 2558 1739 librorum
2592 1684 2791 1738 solatio
2828 1685 3169 1740 destitutus?
3208 1686 3310 1740 Cui
3358 1686 3451 1741 ille
3489 1705 3504 1742 :
3538 1687 3690 1743 Meus

2110 1776 2210 1839 ait,
2243 1775 2409 1839 liber,
2439 1790 2472 1829 o
2498 1774 2854 1844 philosophe,
2891 1784 2978 1830 est
3010 1785 3208 1831 natura
3262 1792 3447 1831 rerum
3489 1796 3502 1831 :
3566 1794 3690 1848 qua:

2111 1868 2331 1940 quidem
2371 1876 2575 1938 praesto
2609 1877 2714 1933 est,
2749 1869 2968 1938 quoties
3012 1867 3109 1922 Dei
3141 1869 3307 1923 verba
3365 1870 3543 1941 legere
3590 1887 3687 1926 vo-

2042 1940 2082 1993 Β
2111 1960 2287 2015 luero.
2313 1958 2605 2031 IEgyptius
2623 1958 3107 2025 senexMacarius,
3147 1975 3244 2015 vas
3262 1960 3393 2016 illud
3426 1940 3687 2029 electum,

2112 2053 2473 2122 interrogavit
2498 2068 2585 2108 me
2629 2067 2796 2122 quam
2835 2052 2907 2107 ob
2937 2067 3160 2107 causam
3182 2065 3532 2124 acceptarqu
3568 2059 3689 2126 qui-

2112 2142 2237 2198 dem
2270 2143 2337 2197 ab
2364 2143 2683 2197 hominibus
2708 2142 3040 2213 injuriarum
3093 2144 3519 2212 reminiscendo,
3575 2165 3689 2203 me-

2115 2235 2309 2288 moriae
2337 2235 2443 2289 vim
2475 2249 2538 2289 ac
2580 2233 2894 2288 facultatem
2924 2235 2977 2289 in
3006 2236 3188 2290 animo
3222 2253 3643 2309 corrumpamus
3671 2260 3683 2295 :

2112 2337 2369 2398 aeceptas
2449 2344 2582 2384 vero
2634 2344 2663 2382 a
2728 2328 3075 2385 daemonibus
3127 2330 3365 2401 injurias
3412 2334 3690 2389 memoria:

2111 2422 2585 2485 commendantes,
2650 2421 2805 2475 illaesi
2870 2438 3214 2480 maneamus.
3284 2426 3532 2497 Cumque
3589 2443 3691 2497 ego

2112 2513 2396 2569 haesissem
2445 2514 2676 2583 ignarus
2704 2512 2839 2584 quid
2891 2515 3342 2585 respondendum
3394 2525 3565 2583 esset,
3598 2536 3688 2588 pe-

2112 2605 2430 2673 tiissemque
2472 2608 2540 2657 ah
2602 2604 2697 2658 illo
2735 2612 2797 2658 ut
2828 2605 2947 2674 ipse
2999 2606 3135 2659 mihi
3162 2606 3285 2676 ejus
3347 2609 3426 2663 rei
3464 2624 3688 2664 causam

2110 2705 2409 2767 exponeret
2444 2716 2457 2751 :
2483 2698 2645 2763 Quia,
2665 2697 2862 2768 inquit,
2890 2699 3042 2769 prior
3088 2700 3308 2770 quidem
3327 2701 3542 2757 aﬂ‘ectio
3565 2705 3688 2758 ani-

2112 2790 2401 2844 micontra
2442 2800 2694 2844 naturam
2722 2799 2831 2858 est,
2869 2794 3147 2862 posterior
3187 2810 3321 2849 vero
3383 2797 3688 2850 secundum

2113 2892 2390 2936 naturam.
2453 2882 2676 2937 Accessi
2722 2883 3017 2952 aliquando
3043 2885 3109 2938 ad
3144 2887 3559 2942 sanctissimum
3592 2886 3691 2940 Pa-

2111 2986 2249 3032 trem
2281 2976 2604 3037 Macarium,
2628 2992 2753 3031 cum
2797 2977 3035 3033 ferveret
3068 2979 3357 3042 meridies,
3392 2989 3447 3034 et
3481 2982 3571 3036 siti
3599 2998 3690 3037 ve-

2112 3065 2398 3119 hementer
2444 3080 2771 3135 oppressus,
2798 3082 2994 3137 aquam
3045 3068 3179 3137 petii
3246 3072 3312 3123 ad
3367 3070 3688 3125 bibendum.

2110 3157 2182 3210 At
2232 3156 2356 3210 ille:
2417 3154 2646 3217 Umbra,
2725 3155 2927 3226 inquit,
2980 3165 3277 3212 contentus
3328 3166 3469 3213 esto.
3540 3158 3692 3214 Multi

2114 3248 2259 3303 enim
2294 3248 2387 3318 qui
2438 3261 2590 3300 nunc
2618 3248 2722 3302 iter
2774 3246 2987 3301 iaciunt
3023 3257 3119 3301 aut
3173 3249 3460 3319 navigant,
3523 3251 3693 3321 hujus

2112 3346 2301 3392 carent
2322 3338 2543 3391 solatio.
2569 3334 2772 3391 Deinde
2798 3338 3103 3408 disputanti
3136 3339 3270 3393 mihi
3298 3349 3352 3394 et
3386 3340 3693 3397 confereuti

2108 3445 2232 3484 cum
2265 3432 2360 3484 illo
2383 3429 2449 3483 de
2481 3430 2811 3484 abstinentia
2843 3448 2854 3483 :
2891 3430 3137 3493 Conﬁde,
3163 3433 3264 3493 ait,
3300 3446 3333 3484 ο
3359 3431 3453 3487 ﬁli.
3482 3432 3693 3505 Viginti

2109 3531 2253 3579 10108
2278 3537 2451 3576 annos
2481 3537 2580 3575 nec
2612 3537 2751 3589 pane
2777 3537 2877 3575 nec
2903 3538 3045 3591 aqua
3070 3538 3169 3575 111⁵0
3192 3538 3389 3577 80111110
3413 3540 3547 3580 usus
3570 3541 3692 3581 sum

2110 3615 2175 3667 ad
2224 3615 2549 3667 satietatem.
2604 3609 2737 3663 Nam
2790 3628 2983 3680 panem
3031 3614 3253 3681 quidem
3308 3632 3490 3671 meum
3539 3629 3692 3675 certo

2109 3705 2344 3774 pondere
2376 3717 2591 3772 semper
2619 3704 2831 3757 comedi
2860 3722 2874 3758 :
2899 3718 3096 3774 aquam
3123 3722 3251 3761 vero
3273 3724 3397 3763 cum
3424 3726 3691 3769 mensura

2107 3797 2259 3851 bibi:
2312 3795 2491 3850 somni
2532 3794 2770 3863 denique
2815 3795 3070 3866 exiguam
3120 3811 3329 3869 partem
3385 3802 3692 3861 sull‘uratus

2108 3900 2253 3947 sum,
2284 3884 2350 3938 ad
2374 3884 2637 3954 parietem
2672 3899 2759 3939 me
2785 3884 3123 3941 inclinando.
3154 3887 3389 3944 Cuidam
3420 3897 3693 3951 monacho

2108 3991 2259 4031 mors
2287 3976 2458 4045 patris
2485 3976 2569 4030 sui
2598 3975 2849 4030 nuntiata
2875 3985 2980 4032 est.
3000 3979 3068 4031 At
3094 3980 3186 4035 ille
3212 3984 3489 4039 nuntianti
3517 3989 3687 4045 dixit:

2107 4066 2227 4120 Noli
2261 4065 2427 4136 impie
2454 4066 2603 4136 loqui
2637 4084 2650 4121 :
2683 4074 2839 4136 pater
2867 4070 3013 4122 enim
3048 4085 3202 4125 meus
3230 4073 3554 4133 immortalis
3583 4092 3689 4135 est.

2111 4158 2342 4226 Quidam
2368 4172 2431 4211 ex
2468 4156 2733 4213 fratribus
2760 4159 2895 4213 nihil
2929 4171 3127 4230 praeter
3159 4180 3324 4218 unum
3368 4166 3691 4239 Evangelia-

2112 4266 2233 4305 rum
2274 4250 2519 4304 codicem
2568 4250 2910 4319 possidebat.
2946 4251 3102 4308 Hunc
3140 4271 3265 4309 cum
3307 4260 3688 4329 vendidisset,

2113 4344 2403 4413 pecuniam
2448 4342 2516 4396 ad
2557 4344 2790 4398 alendos
2835 4359 3105 4415 pauperes
3147 4352 3432 4419 erogavit,
3481 4354 3689 4413 addens

2111 4439 2277 4492 verba
2307 4448 2614 4493 memoratu
2645 4438 2970 4512 dignissima
3002 4458 3016 4495 :
3053 4440 3188 4497 Eum
3224 4445 3405 4515 ipsum
3428 4489 3442 4513 ,
3473 4447 3688 4519 inquit,

1625 4619 1898 4677 VALESII
1933 4613 2489 4672 ANNOTATIONES.

510 4719 624 4786 (68)
661 4719 889 4786 Μικρόν
936 4735 991 4771 τι
1038 4718 1144 4771 τοῦ
1184 4718 1381 4772 ὕπνου
1428 4717 1669 4787 μέρους.
1724 4717 1780 4771 In
1829 4716 2016 4770 codice
2048 4712 2245 4787 Βξολή

1926 4716 2016 4770 lice
2048 4719 2090 4773 ι)
2116 4712 2245 4787 ξολή
2289 4710 2718 4787 nou_signiticat
2760 4723 2966 4767 sectam
3014 4730 3191 4784 neque
3246 4717 3491 4773 ordinem
3531 4736 3543 4773 :
3590 4737 3689 4777 nec

438 4788 760 4843 Florentino
816 4800 870 4842 et
936 4791 1078 4857 apud
1144 4787 1506 4858 Nicephorum
1576 4790 1775 4859 legitur
1826 4787 2012 4859 μέρος.

2121 4782 2370 4854 Gnostici
2415 4782 2519 4836 hoc
2572 4784 2694 4835 loco
2745 4794 3041 4838 sumuntur
3078 4782 3175 4854 pro
3221 4796 3368 4841 serta
3404 4790 3690 4845 haeretico-

441 4861 628 4913 Somni
671 4860 817 4914 enim
864 4852 988 4928 pars
1037 4860 1217 4928 potius
1265 4852 1383 4912 erat
1433 4872 1596 4928 quam
1631 4852 2017 4917 'somnus.‘ille
2120 4852 3690 4929 I_'um,s_edestgenusquoddammonachorum,dequibus

437 4946 599 5000 quem
632 4930 883 4999 capiebat
919 4930 1214 4994 Macarius,
1248 4931 1428 4998 capite
1455 4929 1522 4982 ad
1554 4931 1815 4996 parietem
1853 4928 2015 5000 incli-

439 4999 589 5054 nato.
620 5000 751 5052 Nam
787 5001 933 5054 brevi
966 5000 1260 5053 admodum
1294 5009 1537 5069 tempore
1578 5000 1649 5051 ita
1687 4999 2011 5051 dormiebat.

438 5072 617 5135 Quare
645 5085 897 5124 somnum
924 5070 1074 5123 illum
1114 5072 1365 5139 rapuisse
1389 5086 1446 5124 se
1477 5070 1659 5138 potius
1688 5070 1822 5123 dicit
1849 5084 2013 5137 quam

439 5157 673 5195 CCDISSC.

508 5159 781 5284 {)iiilgie.1‘-ﬁc
820 5208 1360 5284 Παρεμϐολῆςχτῶν
1395 5207 1773 5284 Γνωστλκῶν.
1815 5206 2011 5284 Turpi-

439 5277 531 5338 ter'
575 5283 678 5335 hoc
734 5277 851 5335 loco
906 5277 1224 5334 hallucinati
1282 5290 1411 5334 sunt
1465 5281 1815 5347 interpretes.
1876 5277 2011 5331 Nam

438 5353 978 5420 Christopliorsonus
1010 5351 1231 5420 quidem
1269 5352 1342 5405 ita
1382 5352 1583 5405 vertit:
1616 5349 1679 5402 In
1714 5366 1775 5402 ea
1821 5365 2011 5420 mona-

440 5426 567 5479 chus
599 5419 677 5475 ex,
698 5431 839 5475 secta
870 5419 1241 5475 Cnosticnrum
1282 5424 1359 5475 vir
1402 5421 1822 5489 spectatissimus
1860 5419 2013 5472 habi-

443 5496 591 5548 tauit.
630 5492 851 5563 Langus
884 5508 1015 5545 vero
1053 5494 1327 5563 interpres
1374 5488 1658 5560 Nicephori
1697 5491 1840 5544 hunc
1874 5488 2014 5563 Eva-

481 5566 543 5618 rii
586 5561 770 5616 locum
800 5565 870 5616 ita
903 5564 1183 5615 transtulit
1224 5577 1237 5614 :
1283 5561 1501 5616 Habitat
1536 5564 1591 5615 in
1628 5579 1690 5615 ea
1723 5561 2011 5614 monachus

481 5582 543 5618 ru
587 5582 764 5616 locum
800 5582 870 5616 ua
903 5582 1183 5615 transulut
1224 5582 1237 5614 :
1283 5582 1501 5616 nauuat
1536 5582 1591 5615 in
1628 5582 1690 5615 ea
1723 5582 2011 5614 monacnus

441 5582 814 5690 ﬁnosticorum
849 5634 1049 5685 ordinis
1091 5632 1476 5687 celeberrimus.
1519 5632 1628 5687 Sed
1667 5632 1840 5700 primo
1887 5631 2012 5699 qui-

442 5707 565 5761 dem
630 5704 895 5773 Evagrius
946 5719 1051 5757 non
1103 5705 1238 5757 dicit
1278 5703 1606 5773 monachum
1653 5704 1804 5773 illum
1854 5701 2010 5773 habit

443 5785 594 5830 tasse
644 5770 811 5827 in'ea
860 5774 1040 5828 insula
1090 5783 1239 5827 trans
1284 5772 1511 5827 Mariam
1560 5772 1809 5842 paludem
1852 5790 1864 5825 :
1913 5770 2009 5825 sed

445 5855 655 5899 tantum
687 5843 819 5898 dicit
861 5844 1020 5913 juxta
1067 5845 1215 5898 illam
1253 5844 1491 5897 insulam
1531 5858 1656 5913 eum
1699 5842 2003 5896 habitasse.

444 5916 501 5972 ld
536 5917 680 5971 enim
732 5912 889 5971 Sonat
938 5915 1161 5971 verbum
1199 5916 1497 5986 προσοικεῖ.
1540 5912 1741 5970 Deinde
1794 5929 1999 5983 παρεμ-

2121 4922 2632 4997 Evagrius_libr_um
2678 4924 2996 4997 scripserat.
3023 4923 3345 4997 Paremhole
3381 4922 3556 4997 igitur
3602 4933 3689 4987 hic

2116 4996 2273 5064 vicus
2296 4992 2548 5064 esthaud
2580 4995 2771 5061 procul
2794 4994 3124 5048 Alexandria
3149 4998 3304 5064 juxta
3333 4992 3688 5056 Mareoticum

2123 5063 2328 5138 lacum.
2371 5061 2546 5138 Hujus
2585 5065 2834 5138 meminit
2873 5061 3209 5121 Athanasius
3248 5070 3299 5121 in
3335 5071 3692 5138 Apologctico

2123 5136 2364 5187 secundo
2404 5134 2670 5188 adversus
2724 5134 2982 5200 Arianos,
3021 5138 3111 5189 ubi
3168 5134 3467 5193 iudieulum
3518 5134 3692 5197 refert

2121 5204 2454 5258 clericorum
2493 5219 2630 5273 quos
2671 5203 2919 5259 Mcletius
2966 5206 3200 5260 hahehat
3246 5210 3299 5261 in
3347 5210 3483 5264 urbe
3535 5222 3590 5266 et
3635 5214 3690 5267 in

2120 5275 2404 5351 territorio
2438 5273 2828 5351 Alexandrino.
2862 5274 2991 5330 Post
3032 5291 3493 5351 commemoratus
3528 5283 3694 5351 igitur

2122 5346 2473 5417 presbyteros
2507 5352 2568 5417 et_
2596 5344 2861 5417 diaconos
2906 5346 3080 5412 partis
3119 5362 3232 5402 suae
3276 5368 3417 5417 quos
3463 5344 3694 5407 habebat

2118 5413 2481 5494 Alexandriae:
2504 5413 2657 5494 addit
2681 5426 2991 5494 postremo:
3017 5419 3126 5494 irai
3152 5413 3437 5494 Μακάριος
3465 5422 3693 5494 πρεσϐύ-

2117 5502 2273 5566 τερος
2298 5487 2396 5567 τῇς
2428 5484 2807 5607 Παρεμόοληξ.
2841 5486 3164 5568 Parembule
3195 5484 3335 5543 itenr
3356 5484 3695 5547 memoratur

2118 5570 2171 5607 tu
2227 5555 2431 5607 Notitta
2479 5570 2689 5607 Iinoeru
2796 5570 3001 5607 omam.
3047 5574 3101 5607 in
3162 5576 3269 5607 nua
3329 5562 3486 5607 sedes
3537 5576 3691 5607 erant

2118 5555 2431 5629 iu’_No_titia
2479 5556 2704 5629 imperii
2745 5555 3101 5629 Romani,in
3162 5576 3270 5629 qua
3329 5562 3486 5618 sedes
3537 5576 3694 5619 erant

2119 5625 2351 5700 legionis
2380 5626 2635 5700 secunda:
2665 5626 2916 5700 '[rajante
2941 5628 3044 5700 sub
3076 5625 3439 5700 dispositione
3472 5636 3694 5691 comitis

2118 5699 2194 5772 rei
2232 5696 2492 5772 militaris
2534 5710 2630 5772 per
2664 5695 2981 5772 Egyptum.
3016 5695 3342 5772 Ptolemaeus
3384 5717 3603 5772 quoque
3639 5707 3692 5757 in

2117 5767 2478 5839 nmmoniaca
2514 5765 2704 5839 juxta
2758 5765 3110 5822 Mareoticum
3182 5771 3335 5839 ponit
3396 5765 3695 5829 Aleiandri

2114 5835 2491 5891 Parembolen.
2512 5834 2612 5888 llic
2638 5837 2805 5907 igitur
2826 5839 3104 5895 habitabat
3125 5834 3427 5897 uibuaclms
3450 5843 3538 5898 ille
3556 5846 3697 5900 inter

2114 5907 2409 5962 Gnosticos
2442 5907 2893 5977 probatissimus.
