4464 6586
782 465 886 519 519

783 763 1005 822 driam,
1069 761 1136 814 ad
1201 764 1482 815 horcaicm
1553 761 1676 828 ejus
1731 767 1939 828 partem
1994 759 2138 812 ultra
2202 760 2377 812 lacum

783 853 1064 906 Mareotim
1111 854 1237 906 sita.
1291 851 1454 906 Juxta
1503 853 1644 906 hanc
1695 852 1910 904 habitat
1953 850 2258 904 monachus
2311 864 2377 903 ex

782 941 1150 1005 Parembole,
1209 943 1352 996 inter
1415 941 1714 996 Gnosticos
1758 941 2229 1010 probatissimus:
2286 938 2379 1008 qui

783 1043 984 1088 cuncta
1035 1050 1156 1102 quae
1201 1049 1228 1085 a
1275 1033 1564 1088 monachis
1613 1040 1976 1102 gererentur,
2030 1031 2100 1084 ob
2136 1032 2380 1099 quinque

784 1139 983 1178 causas
1007 1125 1119 1177 fieri
1147 1123 1324 1176 dixit:
1358 1131 1584 1192 propter
1615 1120 1806 1183 Deum,
1840 1129 2064 1190 propter
2101 1127 2378 1184 naturam,

789 1224 1011 1286 propter
1072 1214 1577 1276 consuetudinem,
1642 1223 1868 1282 propter
1937 1213 2376 1274 necessitatem,

787 1319 1014 1379 propter
1037 1323 1174 1377 Opus
1203 1323 1490 1360 manuum.
1518 1307 1665 1360 Idem
1694 1308 1880 1361 dicere
1912 1308 2148 1368 solebat,
2186 1314 2380 1358 natura

789 1399 1009 1468 quidem
1070 1399 1286 1450 tunicam
1341 1411 1465 1450 esse
1512 1396 1775 1449 virtutem
1816 1433 1830 1456 ,
1891 1395 1988 1448 sed
2047 1409 2146 1464 pro
2211 1393 2379 1446 animi

794 1490 1146 1543 facultatibus
1185 1504 1303 1541 eam
1355 1489 1407 1541 in
1438 1488 1619 1542 varias
1657 1489 1868 1557 species
1905 1487 2098 1540 dividi.
2143 1483 2277 1538 Nam
2327 1492 2382 1537 et

791 1583 975 1636 lumen
1003 1583 1158 1642 solis.
1188 1584 1388 1638 aiebat.
1425 1581 1597 1650 ﬁgura
1633 1590 1780 1632 caret
1807 1597 1822 1645 ;
1851 1595 1878 1632 a
1909 1578 2168 1633 fenestris
2192 1585 2374 1630 tamen

789 1690 885 1743 per
933 1688 1070 1742 quas
1121 1673 1334 1736 intrat,
1402 1672 1630 1741 ﬁguram
1688 1671 1827 1724 solet
1892 1670 2161 1737 accipere.
2225 1668 2381 1721 Alius

788 1766 1011 1834 quidam
1047 1766 1353 1818 monachus
1396 1764 1602 1818 dixisse
1645 1762 1864 1816 fertur:
1911 1759 2034 1814 Ideo
2070 1760 2381 1828 voluptates

790 1858 1056 1910 subtraho
1078 1895 1092 1918 ,
1121 1866 1178 1908 ut
1204 1855 1530 1909 oceasioncs
1562 1852 1860 1906 iracundiae
1881 1849 2190 1920 praecidam.
2218 1847 2375 1918 24],

2269 457 2605 515 SOCRA'I‘IS

786 580 987 636 librum
1024 579 1243 635 vendidi
1277 579 1368 649 qui
1404 579 1576 632 dicit:
1611 576 1797 630 Vende
1828 577 2009 628 omnia
2037 591 2160 643 qua:
2189 575 2381 643 babes,
2412 585 2454 638 Α
2487 580 2549 630 air

1848 577 2009 628 imtiia
2037 591 2160 643 qua:
2189 575 2381 643 habes,
2412 585 2454 638 Α
2487 577 2805 648 ἀπατηθείς.
2843 573 3034 630 Ταῦτα
3081 577 3181 643 μὲν
3211 582 3244 631 6
3265 579 3527 647 Εὲἀγριος
3559 580 3611 628 ἐν

780 684 834 724 et
859 672 924 723 da
962 673 1324 741 pauperibus.
1357 669 1542 723 Insula
1575 669 1825 736 qumdam
1855 675 1940 721 est
1972 668 2118 720 circa
2153 667 2381 720 Alexan-

3953 464 4058 518 δελ)

3650 577 3728 646 τῷ
3756 594 4058 648 επιγραφο-

2485 670 2631 740 μένῳ
2659 669 2822 721 αὑτοῦ
2867 671 3166 740 Πρακτικῷ
3195 671 3336 722 κατά
3378 669 3519 732 λέξιν
3549 670 4054 738 ἀπεμνημόνευσεν.

2494 763 2582 814 Ἐν
2615 763 2670 814 δὲ
2697 762 2775 831 τῷ
2804 759 3095 830 Γνωστικῷ
3125 761 3287 814 αὑτοῦ
3321 761 3546 817 τοιαῦτα
3575 779 3704 830 φησι
3731 779 3745 792 ο
3772 763 4058 832 Τέσσαρας

2480 853 2703 921 ἀρετὰς,
2738 853 2832 905 καὶ
2861 853 2958 914 τὰς
3002 851 3232 922 θεωρίας
3267 853 3467 910 αὐτῶν.
3518 853 3666 921 παρᾶ
3710 851 3804 904 τοῦ
3849 853 4055 904 δικαίου

2482 943 2784 1013 Γρηγορίου
2840 941 3240 1012 μεμαθήκαμεν
3288 938 3424 993 εἶναι
3452 958 3463 969 ·
3513 941 3774 1010 φρόνησιν
3821 942 3914 992 καὶ
3960 942 4054 991 ἀν-

2479 1034 2682 1104 δρείαν,
2714 1033 3066 1104 σωφροσύνην
3093 1035 3184 1087 καὶ
3212 1032 3574 1098 δικαιοσύνην.
3611 1034 3719 1084 Καὶ
3741 1034 4056 1102 (φρονήσεως

2485 1126 2581 1196 μὲν
2615 1126 2772 1196 ἔργον
2804 1125 2988 1192 ἔλεγεν
3033 1121 3170 1177 εἶναι
3191 1165 3205 1185 .
3245 1125 3306 1177 τὸ
3337 1125 3560 1196 θεωρεῖν
3610 1125 3707 1186 τὰς
3740 1123 3930 1191 vespa;
3964 1125 4057 1176 καὶ

2478 1219 2641 1287 ἁγίας
2667 1219 2942 1286 δυνάμεις,
2977 1218 3098 1287 δίχα
3146 1219 3255 1269 τῶν
3298 1217 3489 1283 λόγων.
3543 1217 3774 1279 Τούτους
3814 1217 3922 1285 γὰρ
3953 1216 4058 1266 ύπό

2479 1311 2575 1380 τῆς
2611 1309 2799 1376 σοιρίας
2825 1309 3113 1378 δηλοῦσθαι
3143 1310 3543 1379 παραδέδωκεν.
3585 1309 3856 1377 Ἀνδρείας
3889 1308 3964 1370 δὲ,
3995 1307 4060 1360 τὸ

2482 1401 2833 1468 ἐγκαρτερεῖν
2864 1401 2976 1460 τοῖς
3020 1397 3242 1465 ἀληθέσι
3277 1400 3370 1450 καὶ
3403 1397 3824 1466 πολεμούμενον,
3864 1399 3953 1449 καὶ
3983 1398 4056 1468 μὴ

2481 1490 2806 1560 ἐμϐατεύειν
2850 1490 2928 1551 είς
2957 1489 3025 1540 τὰ
3062 1488 3134 1558 μὴ
3161 1489 3310 1541 ὄντα.
3343 1489 3416 1540 Τὸ
3440 1489 3495 1541 δὲ
3528 1490 3676 1558 παρὰ
3705 1489 3797 1540 τοῦ
3838 1489 4056 1557 πρώτου

2479 1579 2726 1650 γεωργοῦ
2769 1577 3021 1647 δέχεσθαι
3071 1578 3397 1648 σπέρματα,
3450 1580 3542 1630 καὶ
3588 1578 3920 1631 ἀπωθεῖσθαι
3969 1576 4060 1630 τὸν

2481 1672 2806 1741 ἐπισπορέα,
2848 1671 2946 1740 τῆς
2980 1670 3331 1740 σωφροσύνης
3373 1671 3502 1723 ἴδιον
3537 1672 3867 1739 ἀπεκρίνατο
3900 1666 4057 1722 εἷνᾶι.

2481 1763 2836 1831 Δικαιοσύνης
2867 1763 2923 1815 δὲ
2951 1762 3145 1826 πάλιν,
3190 1762 3250 1814 τὸ
3277 1761 3397 1814 κατ’
3445 1762 3599 1825 ἀξίαν
3637 1763 3867 1814 ἑκάστου
3905 1763 4061 1829 λόγον

2482 1857 2809 1917 ἀποδιδόναι,
2836 1855 2904 1907 τὰ
2937 1856 3034 1924 μὲν
3063 1853 3348 1916 σκοτεινῶς
3375 1854 3822 1920 ἀπαγγέλλουσιν
3850 1869 3861 1880 ·
3907 1855 3973 1905 τὰ
4002 1854 4060 1906 δὲ

795 1945 944 1998 I'Ianc
977 1945 1124 1998 enim
1163 1959 1382 2014 semper
1428 1959 1527 2012 pro
1557 1942 1935 2011 voluptatibus
1962 1949 2174 1994 certare
2211 1940 2380 2006 probe
2414 1928 2455 1982 Β
2485 1949 2553 2000 δι’

2294 1940 2380 1992 ibe
2414 1928 2455 1982 Β
2485 1949 2553 2000 δι’
2586 1947 2924 2015 αἰνιγμάτων
2952 1949 3322 2017 σημαίνουσαν
3346 1963 3358 1976 ο
3406 1946 3526 1996 τινὰ
3563 1945 3619 1998 δὲ
3665 1946 3759 1997 καὶ
3795 1944 4057 2012 φανερού-

793 2040 928 2099 scio,
946 2045 1001 2091 et
1019 2037 1219 2090 mentis
1241 2051 1374 2089 mea:
1402 2043 1603 2090 statum
1630 2034 1974 2104 perturbare,
2003 2049 2065 2085 ac
2091 2031 2374 2084 scientiam

799 2127 1090 2195 expellere.
1119 2124 1352 2190 Quidam
1396 2139 1463 2176 ex
1503 2123 1818 2177 senioribus
1879 2123 2016 2174 dixit
2059 2121 2376 2200 charitatcm

793 2233 1013 2272 servare
1041 2232 1148 2270 non
1172 2231 1332 2285 posse
1357 2214 1667 2283 depositum
1699 2215 1954 2268 ciborum
1984 2225 2078 2266 aut
2108 2213 2376 2282 pecuniaa.

794 2309 943 2364 Idem
973 2324 1191 2379 quoque
1235 2307 1415 2362 aiebat
1451 2325 1463 2360 ι
1511 2306 1801 2376 Nunquam
1834 2306 2056 2360 memini
2094 2304 2286 2359 eadem
2324 2305 2379 2358 in

798 2416 856 2454 re
889 2399 974 2453 bis
1005 2415 1089 2454 mc
1117 2399 1402 2468 deceptum
1435 2413 1559 2453 esse
1589 2413 1618 2450 a
1649 2399 1914 2451 daemone.
1948 2395 2072 2450 llaec
2112 2396 2380 2467 Evagrius

797 2493 852 2546 itt
907 2493 1046 2544 libro
1093 2492 1185 2560 qui
1235 2490 1516 2546 Practieus
1565 2490 1926 2552 inscribitur,
1983 2490 2174 2543 iisdem
2221 2491 2380 2556 plane

796 2584 980 2637 verbis
1033 2583 1504 2637 commemoravit.
1548 2580 1604 2635 Ιιι
1672 2598 1737 2635 eo
1791 2590 1971 2635 autem
2029 2583 2166 2636 libro
2218 2599 2379 2651 quem

799 2666 1118 2727 Gnosticum
1141 2673 1441 2742 inscripsit,
1464 2673 1537 2725 ita
1569 2673 1843 2742 loquitur:
1871 2671 2116 2737 Quatuor
2142 2675 2374 2727 virtutes

797 2784 1098 2838 earumque
1131 2767 1623 2836 contemplationes
1662 2782 1785 2821 esse
1808 2807 1821 2829 ,
1868 2782 1897 2819 a
1933 2768 2087 2835 justo
2115 2767 2382 2837 Gregorio

800 2860 1122 2919 didicimus;
1158 2858 1503 2927 prudentiam
1537 2866 1590 2912 et
1621 2857 2037 2924 fortitudinem,
2070 2867 2382 2928 temperan-

803 2953 929 3005 tiam
952 2952 1422 3020 atquejustitiatn.
1447 2951 1519 3003 At:
1544 2950 1848 3020 prudentia:
1869 2950 2088 3018 quidem
2106 2953 2381 3019 propriunt

801 3060 924 3099 esse
946 3044 1184 3108 diccbat,
1201 3052 1422 3098 sanctas
1455 3044 1576 3095 illas
1597 3051 1650 3096 et
1672 3042 2067 3096 iutellectuales
2088 3050 2384 3110 potestates

803 3137 1164 3206 comemplari
1189 3137 1306 3189 sine
1328 3135 1450 3189 ullis
1476 3136 1804 3188 rationibus.
1830 3133 1937 3189 llas
1954 3135 2099 3189 enim
2124 3151 2151 3186 a
2175 3137 2385 3203 sapien-

803 3230 878 3280 tia
914 3227 1255 3282 manifestari
1284 3226 1496 3280 docuit.
1520 3225 1883 3280 Fortitudinis
1906 3235 2084 3279 autem
2107 3229 2384 3296 propriunt

803 3333 926 3372 esse
982 3317 1320 3378 afﬁrmabat,
1365 3325 1610 3386 perstare
1662 3319 1715 3371 in
1768 3318 1952 3380 veris,
1999 3317 2216 3370 tametsi
2263 3319 2385 3385 quis

805 3411 1041 3479 graviter
1072 3420 1448 3479 Oppuguetur,
1487 3426 1586 3464 nec
1626 3425 1865 3480 unquam
1907 3409 1974 3463 ad
2009 3425 2071 3463 ea
2113 3426 2235 3479 quac
2282 3425 2388 3464 non

807 3508 934 3554 sunt
967 3497 1280 3554 deﬂectere.
1309 3499 1427 3553 Jam
1461 3517 1589 3554 vero
1619 3502 1994 3571 temperantia:
2026 3502 2078 3556 id
2111 3503 2388 3571 proprium

806 3607 927 3646 csse
975 3590 1290 3659 respondit,
1340 3600 1398 3643 ttt
1450 3607 1478 3643 ιι
1529 3592 1702 3658 printo
1757 3607 2085 3662 summoque
2144 3598 2389 3664 agricola

809 3690 1107 3736 sementem
1149 3681 1523 3749 accipiamus;
1573 3696 1696 3733 eum
1745 3696 1870 3734 vero
1913 3681 2005 3749 qui
2044 3695 2393 3748 superserere

811 3777 952 3839 vult,
985 3773 1331 3844 repellamus.
1357 3773 1596 3828 Iustitiae
1631 3771 1869 3842 denique
1903 3788 2044 3842 opus
2085 3773 2215 3826 illud
2249 3774 2392 3827 assi-

813 3869 1036 3938 gnabat,
1060 3881 1157 3936 pro
1187 3867 1451 3936 cujusque
1477 3867 1670 3920 merito
1701 3881 1764 3918 ac
1793 3866 2056 3936 dignitate
2085 3881 2391 3919 sern‘tonent

813 3961 976 4015 rebus
1018 3967 1420 4028 attemperare;
1460 3967 1514 4012 et
1549 3958 1650 4011 alia
1681 3958 1900 4026 quidem
1941 3959 2180 4011 obscure
2213 3973 2395 4011 enun-

813 4053 953 4106 tiare
979 4093 995 4117 ,
1031 4053 1136 4106 alia
1172 4069 1266 4121 per
1295 4053 1643 4120 a-nigtnatutn
1681 4051 1884 4118 ﬁguras
1917 4052 2258 4120 signiﬁcare.
2290 4054 2395 4103 alia

815 4157 944 4196 vero
981 4141 1266 4196 manifeste
1304 4156 1578 4208 exponere
1605 4141 1671 4193 ad
1707 4142 1996 4194 utilitatem
2032 4141 2390 4194 audientium.

816 4232 1075 4288 Veritatis
1103 4234 1358 4287 columna
1384 4232 1620 4288 Basilius
1645 4231 1935 4301 Cappadox
1959 4232 2141 4284 aiebat
2165 4251 2177 4286 :
2208 4234 2396 4286 Scit-n-

817 4325 890 4378 tia
921 4326 1142 4394 quidem
1188 4340 1308 4393 qua)
1344 4325 1412 4378 ab
1455 4323 1770 4377 hominibus
1802 4325 2134 4392 percipitur,
2170 4323 2395 4377 assiduo

818 4431 919 4469 usu
943 4425 995 4468 et
1023 4415 1413 4468 exercitatione
1441 4414 1740 4483 perfectior
1771 4415 1971 4468 evadit.
2006 4414 2078 4467 Ba
2111 4430 2240 4468 vero
2275 4431 2396 4484 quae

817 4522 912 4576 per
953 4505 1046 4560 Dei
1078 4506 1308 4576 gratiam
1357 4507 1704 4566 infunditur,
1751 4505 1999 4572 justitia,
2047 4507 2302 4576 patientia
2343 4515 2396 4559 ct

2491 2053 2590 2088 σαν
2625 2037 2759 2106 πρὸς
2782 2036 3047 2103 ὠφέλειαν
3078 2036 3184 2087 τῶν
3220 2034 3618 2105 ἁπλουστέρων.
3667 2035 3708 2085 Τ
3714 2035 3778 2101 ἧς
3807 2034 4061 2103 ἀληθείας

2489 2128 2678 2189 στύλος
2721 2131 2747 2180 6
2783 2127 3155 2195 Καππαδόκης
3193 2125 3492 2187 Βασίλειος,
3536 2127 3646 2193 Τὴν
3701 2127 3797 2192 μὲν
3826 2127 3921 2176 ἀπ’
3964 2125 4060 2177 ἀν·

2495 2219 2750 2290 θρὼπων,
2798 2221 2982 2286 φησὶν,
3035 2218 3534 2286 ἐπισυμϐαίνουσαν
3563 2218 3762 2284 γνῶσιν
3793 2217 4061 2286 προσεχὴς

2491 2312 2686 2380 μελέτη
2733 2313 2825 2363 καὶ
2869 2312 3143 2379 γυμνασία
3182 2309 3474 2378 κρείσσονα
3523 2313 3666 2360 ποιεῖ
3705 2324 3716 2337 ⁸
3755 2309 3854 2378 τὴν
3898 2307 3955 2359 δὲ
3998 2310 4062 2359 ἐκ

2487 2402 2620 2455 Θεοῦ
2654 2406 2871 2472 χάριτος
2906 2402 3290 2471 ἐγγινομένην,
3324 2401 3634 2468 δικαιοσύνη
3665 2402 3758 2452 καὶ
3793 2399 4063 2470 ἀοργησία

2489 2496 2582 2549 καὶ
2609 2496 2774 2557 ἕλεος.
2823 2497 2929 2548 Καὶ
2963 2495 3058 2563 τὴν
3104 2495 3201 2563 μὲν
3235 2495 3506 2563 προτέραν
3541 2494 3762 2545 δυνατὸν
3797 2493 3890 2545 καὶ
3938 2493 4062 2554 τοὺς

2488 2591 2752 2658 ἐμπαθεῖς
2783 2589 3138 2653 ὑποδέξασθαι
3164 2605 3177 2617 ⁶
3220 2588 3319 2656 τῆς
3349 2589 3404 2640 δὲ
3456 2588 3712 2657 δευτέρας
3755 2588 3806 2637 οἱ
3837 2585 4063 2646 ἀπαθεῖς

2493 2684 2639 2753 μόνοι
2690 2683 2794 2732 είσὶ
2843 2682 3116 2741 δεκτικοὶ,
3171 2681 3218 2732 οἳ
3270 2681 3362 2730 καὶ
3409 2681 3557 2748 παρὰ
3605 2682 3693 2729 τον
3739 2679 3926 2746 καιρὸν
3963 2677 4062 2744 τῆς

2491 2775 2796 2844 προσευχῆς
2843 2773 2902 2824 τὸ
2949 2775 3144 2824 οἰκεῖον
3189 2775 3387 2839 φέγγος
3442 2771 3533 2821 τοῦ
3578 2769 3668 2822 νοῦ
3725 2769 4064 2840 περιλάμπον

2489 2864 2684 2925 αὐτοὺς
2733 2862 3012 2931 θεωροῦσι.
3071 2863 3191 2913 Τῶν
3236 2862 3551 2928 Αἰγυπτίων
3587 2862 3614 2912 ὁ
3641 2859 3796 2926 ἅγιος
3844 2858 4064 2928 φωστὴρ

2503 2955 2818 3016 Ἀθανάσιος
2847 2972 2860 2984 ο
2919 2955 3028 3023 Τὴν
3066 2953 3362 3022 τράπεζαν,
3414 2953 3568 3020 φησὶ,
3609 2953 3845 3019 Μωῡσῆς
3887 2953 3966 3012 εἰς
4007 2951 4066 3001 τὸ

2494 3046 2702 3115 βόρειον
2738 3047 2900 3115 μέρος
2945 3047 3142 3114 στῆσαι
3177 3047 3596 3114 προστασσεται.
3648 3043 4067 3094 Γινωσκέτωσαν

2491 3139 2541 3189 οἱ
2590 3137 2914 3197 Γνωστικοὶ,
2967 3138 3048 3199 τίς
3099 3140 3126 3190 ὁ
3179 3137 3355 3188 πνέων
3406 3138 3522 3188 ἐστὶ
3569 3137 3687 3188 κατ’
3731 3135 3930 3195 αὐτῶν,
3975 3135 4068 3185 καὶ

2494 3229 2668 3280 πάντα
2700 3228 3006 3294 πειρασμὸν
3037 3227 3297 3294 γενναίως
3330 3226 3768 3296 ὑπομενέτωσαν,
3804 3226 3894 3277 καὶ
3934 3223 4070 3294 μετὰ

2494 3321 2798 3391 προθυμίας
2826 3324 2948 3382 τους
2980 3322 3300 3389 προσιόντας
3331 3322 3702 3389 τρεφέιωσαν.
3741 3319 3932 3384 Ἔλεγε
3960 3318 4015 3369 δὲ
4041 3317 4071 3367 ό

2491 3415 2590 3482 τῆς
2617 3413 2900 3481 Θμουῖτῶν
2957 3412 3282 3481 Ἐκκλησίας
3329 3413 3557 3479 ἄγγελος
3603 3411 3893 3480 Σαραπίων
3935 3410 4069 3477 (70),

2491 3504 2572 3555 ὃτι
2601 3504 2628 3553 ὁ
2656 3501 2772 3564 νοῦς
2800 3503 2894 3553 αεν
2926 3503 3195 3564 πεπωκὼς
3224 3503 3599 3571 πνευματικὴν
3627 3502 3826 3569 γνῶσιν
3853 3501 4071 3562 τελείως

2493 3594 2810 3663 καθαίρεται
2843 3611 2854 3622 ’
2917 3595 3101 3662 ἀγάπη
3133 3593 3188 3644 δὲ
3234 3594 3299 3645 τὰ
3342 3593 3742 3662 φλεγμαίνοντα
3785 3593 3945 3662 μόρια
3978 3591 4072 3644 τοῦ

2493 3683 2664 3753 θυμοῦ
2697 3685 2986 3753 θεραπεύει
3014 3701 3026 3714 ·
3084 3686 3324 3753 πονηρὰς
3365 3686 3421 3737 δὲ
3457 3685 3755 3754 ἐπιθυμίας
3786 3683 4075 3753 ἐπιρρεού-

2496 3791 2593 3836 σας
2653 3775 2863 3843 ἵστησιν
2919 3775 3236 3844 ἐγκράτεια.
3283 3777 3420 3836 Τοὺς
3476 3778 3603 3846 περὶ
3671 3776 3932 3845 Προνοίας
3980 3775 4074 3828 καὶ

2496 3865 2730 3936 κρίσεως
2804 3866 2943 3916 κατὰ
2989 3866 3182 3917 σαυτὸν
3232 3867 3319 3918 ἀεὶ
3363 3866 3609 3935 γύμναζε
3657 3867 3872 3933 λόγους,
3911 3869 4074 3936 φησὶν

2494 3959 2521 4010 6
2549 3958 2719 4026 μέγας
2750 3959 2843 4009 καὶ
2873 3958 3168 4022 γνωστικδς
3198 3958 3514 4020 διδάσκαλος
3545 3959 3792 4027 Δίδυμος,
3834 3961 3926 4012 καὶ
3952 3960 4074 4012 τού-

2495 4066 2602 4102 των
2637 4049 2734 4110 τὰς
2762 4049 2891 4111 ύλας
2926 4051 3013 4102 δια
3044 4052 3262 4120 μνήμης
3299 4051 3486 4120 φέρειν
3515 4052 3825 4122 πειράθητι.
3866 4054 4075 4106 ’Ἅπαν-

2494 4157 2584 4202 τες
2616 4143 2721 4210 γάρ
2760 4141 2944 4209 σχεδὸν
2989 4144 3047 4194 ἐν
3082 4142 3290 4204 τούτοις
3330 4143 3744 4212 προσπταίουσι.
3797 4145 3906 4196 Καὶ
3947 4147 4073 4209 τοὺς

2499 4229 2598 4299 μὲν
2627 4232 2754 4301 περὶ
2779 4234 3013 4300 κρίσεως
3047 4233 3258 4299 λόγους,
3293 4235 3350 4285 ἐν
3378 4237 3444 4302 τῇ
3484 4234 3716 4304 δεαφορᾷ
3749 4235 3857 4287 τῶν
3890 4237 4076 4306 σωμά-

2495 4337 2601 4372 των
2633 4321 2727 4373 καὶ
2771 4323 2910 4374 κατᾶ
2940 4323 3030 4376 τὸν
3080 4324 3284 4392 κόσμον
3331 4324 3622 4394 εὑρήσεις·
3675 4327 3798 4388 τοὺς
3842 4326 3898 4378 δὲ
3948 4329 4075 4396 περὶ

2497 4413 2802 4482 Προνοίας,
2857 4418 2915 4467 ἐν
2969 4418 3080 4477 τοῖς
3135 4417 3356 4486 τρόποις
3411 4419 3522 4478 τοῖς
3571 4417 3678 4469 ἀπὸ
3733 4418 3929 4478 κακίας
3983 4418 4076 4470 καὶ

2496 4504 2769 4570 ἀγνωσίας
2815 4505 2906 4558 ἐπὶ
2953 4508 3051 4576 τὴν
3100 4507 3360 4578 ἀρετὴνῆ
3410 4509 3500 4559 ἐπὶ
3552 4508 3649 4577 τὴν
3691 4507 3893 4575 γνῶσιν
3930 4508 4074 4577 ἡμᾶς

818 4600 1217 4654 misericordia.
1257 4597 1333 4651 Ac
1370 4598 1606 4668 priorem
1650 4597 1872 4666 quidem
1910 4597 2058 4650 illam
2107 4599 2393 4652 scientiam
2428 4639 2470 4692 Β
2499 4597 2581 4649 ἐπι

2312 4613 2393 4650 am
2428 4639 2470 4692 Β
2499 4597 2850 4664 ἐπανάγουσι.
2883 4599 3133 4651 Τοσαῦτα
3171 4601 3266 4669 μὲν
3297 4602 3362 4653 ἐκ
3394 4601 3500 4652 τῶν
3533 4601 3804 4670 Εὐαγρίου
3842 4600 4075 4654 ἐνταῦθα

820 4692 872 4745 in
914 4706 1009 4744 eos
1056 4691 1216 4745 etiam
1273 4691 1365 4758 qui
1413 4689 1920 4759 perturbationibus
1965 4689 2186 4743 obnoxii
2231 4697 2393 4754 sunt,

819 4782 1012 4836 cadere
1037 4801 1048 4836 :
1085 4781 1406 4852 posterioris
1430 4795 1558 4835 vero
1583 4783 1730 4835 solos
1757 4796 1988 4850 capaces
2009 4796 2131 4836 esse
2154 4782 2275 4833 illos
2301 4781 2395 4850 qui

821 4873 1231 4943 perturbatione
1289 4881 1418 4926 sunt
1472 4873 1624 4926 vacui
1662 4891 1674 4926 :
1717 4872 1809 4942 qui
1855 4873 2074 4940 quidem
2123 4872 2396 4926 orationis

822 4973 1100 5032 tempore,
1143 4963 1417 5032 propriam
1479 4961 1654 5016 lucem
1702 4976 1823 5030 quae
1865 4961 2108 5030 ipsorum
2157 4970 2396 5015 mentem

823 5055 1096 5118 illustrat,
1131 5054 1601 5123 contemplantur.
1626 5052 1919 5108 Luminare
1955 5053 2089 5107 illttd
2111 5051 2397 5124 [Egyptio-

2500 4687 2871 4758 παρεθέμεθα.
2917 4690 3160 4758 Ἐγένετο
3207 4691 3263 4743 δὲ
3302 4691 3395 4744 καὶ
3425 4691 3580 4754 ἄλλος
3612 4691 3752 4762 ἀνὴρ
3777 4691 4075 4760 θαυμάσιος

2497 4781 2556 4831 ἐν
2586 4783 2696 4842 τοῖς
2730 4784 3002 4850 μοναχοῖς,
3035 4776 3079 4850 ᾧ
3110 4783 3282 4854 δνομα
3318 4784 3624 4854 Ἀμμώνιος
3645 4824 3659 4848 ,
3703 4785 3850 4848 ὅστις
3903 4785 4076 4848 οὕτως

2498 4866 2566 4942 ἦν
2599 4873 2947 4944 ἀπερίεργος,
2995 4873 3132 4926 ὥστε
3180 4875 3238 4927 ἐν
3279 4878 3344 4945 τῇ
3391 4875 3577 4945 Ῥώμη
3610 4876 3725 4946 ἅμα
3774 4876 4075 4945 Ἀθανασίῳ

2500 4965 2810 5034 γενόμενος,
2863 4965 3026 5034 μηδὲν
3077 4966 3291 5018 ἑλέσθαι
3325 4967 3602 5035 ἱστορῆσαι
3638 4967 3746 5019 τῶν
3776 4967 3950 5038 ἔργων
3975 4969 4075 5037 τῆς

2504 5055 2708 5120 πόλεως
2734 5073 2747 5086 ο
2805 5056 2962 5125 μόνον
2985 5056 3040 5109 δὲ
3081 5057 3211 5109 ἰδεῖν
3239 5058 3298 5110 τὸ
3334 5059 3538 5127 Πέτρου
3575 5061 3665 5111 καὶ
3693 5059 3904 5112 Παύλου
3937 5077 4074 5129 μαρ-

2039 5228 2312 5286 VALESII
2342 5228 2902 5287 ANNO'I'ATIONES.

895 5388 1004 5457 (70)
1048 5387 1349 5456 Θμουῑτῶν
1384 5387 1637 5457 ἅγγελος
1679 5389 2008 5456 Σαραπίων.
2042 5387 2114 5439 De
2145 5387 2250 5440 hoc
2284 5385 2396 5442 Se—

824 5461 1051 5526 rapione
1087 5461 1534 5528 liieronymusin
1574 5461 1712 5512 libro
1748 5459 1822 5512 De
1856 5457 2202 5528 scriptoribus
2228 5458 2396 5510 eccle-

824 5531 1058 5581 siasltcis
1093 5530 1166 5580 ita
1215 5527 1395 5582 dicit:
1439 5527 1658 5596 Serapio
1698 5529 1953 5582 Tltmueos
1992 5527 2208 5597 zlfgypli
2248 5529 2395 5581 urbis

824 5603 1118 5666 episcopus.
1163 5601 1250 5665 qui
1299 5598 1359 5651 ob
1419 5600 1734 5667 elegantiam
1785 5600 1978 5666 ingenii
2033 5598 2395 5650 Srltolasticus

824 5669 997 5720 dictus
1026 5680 1124 5732 est,
1157 5681 1260 5722 etc.
1304 5669 1550 5724 Decessit
1585 5689 1613 5723 e
1648 5672 1754 5724 vita
1789 5674 1890 5724 sub
1918 5669 2243 5722 Constantio
2269 5679 2398 5721 ante

825 5740 1118 5791 concilium
1153 5740 1521 5802 Seleucieuso,
1557 5741 1606 5792 id
1657 5750 1741 5793 est
1781 5750 1906 5792 ante
1951 5754 2154 5791 annum
2193 5738 2397 5790 Christi

826 5809 927 5861 359
957 5827 969 5860 :
1007 5810 1059 5860 in
1093 5811 1326 5862 concilio
1363 5812 1506 5863 enim
1556 5809 1894 5864 Seleur'tonsi
1930 5810 2072 5862 inter
2101 5809 2392 5876 episc0pos

826 5878 994 5947 partis
1040 5877 1322 5934 Acariaua:
1371 5889 1687 5936 recensctur
1732 5880 2055 5936 Ptolemaeus
2094 5879 2392 5949 episcopus

2500 5385 2778 5441 Tltmueos
2833 5387 3238 5455 Augustonicte.
3289 5386 3413 5440 Fuit
3465 5387 3610 5440 enim
3670 5386 3896 5441 Tltutuis
3941 5389 4074 5442 urbs

2499 5458 2888 5525 Attguslonicac
2942 5474 3035 5511 seu
3093 5457 3496 5526 Augustanica).
3553 5456 3740 5525 Neque
3785 5459 3927 5521 enim
3979 5474 4075 5511 au-

2500 5529 2738 5581 diendus
2791 5536 2875 5581 est
2923 5527 3193 5581 Baronius
3245 5530 3334 5596 qui
3393 5530 3446 5582 in
3499 5528 3954 5582 annotationibus
4007 5529 4075 5582 ad

2502 5597 2949 5666 Martyrologium
2994 5597 3322 5659 Iiomanutu,
3350 5597 3586 5652 Tlttnttin
3646 5599 3698 5651 itt
3730 5598 3896 5656 ,St:eti
3950 5616 4076 5666 pro-

2501 5671 2678 5719 vincia
2728 5669 2898 5722 fuisse
2928 5668 3079 5723 dicit.
3112 5670 3274 5737 Atqui
3314 5668 3532 5723 Scethis
3574 5684 3680 5721 non
3726 5667 3827 5720 fuit
3873 5685 4071 5722 nomen

2504 5739 2820 5808 provinciae,
2859 5739 2953 5793 sed
2993 5740 3107 5808 ipsa
3142 5740 3324 5807 potius
3358 5740 3457 5790 fuit
3492 5741 3544 5792 in
3573 5739 3852 5808 provincia
3890 5741 4074 5807 Augu-

2501 5818 2731 5880 _Sl;llll(‘_:l.
2773 5807 3025 5860 Thutttiu
3058 5820 3238 5862 tamen
3289 5813 3340 5861 in
3390 5808 3623 5880 Aigyplo
3667 5810 3885 5879 proprie
3926 5811 4073 5864 dicta

2502 5877 2643 5932 locat
2675 5878 3044 5945 Marcellinus,
3077 5882 3131 5934 itt
3167 5882 3304 5933 libro
3339 5897 3472 5934 xxii.
