4464 6586
369 452 466 507 se:

1326 444 1649 500 msroma
1689 439 2238 501 ECCLESIASTiCA.
2282 472 2346 479 -.
2388 440 2511 493 rus.
2556 441 2642 494 ιν.

3511 436 3615 497 ΜΞ

369 568 573 638 Αινιῖριον.
602 561 771 628 Οὗτος
805 566 833 619 ὁ
869 562 1177 635 ’Δμμώνιος
1199 564 1277 625 εἰς
1296 560 1603 632 ἐπισκοπὴν
1629 560 1937 638 ἑλκόμενος,
1971 562 2014 619 Α
2043 574 2132 612 l‘tlt

1852 576 1937 622 νος,
1971 562 2014 619 Α
2043 572 2163 612 rum
2204 565 2432 610 sanctus
2470 554 2800 608 Athanasius
2829 572 2839 603 :
2872 552 3237 623 Praeceptum,
3280 550 3456 619 inquit
3480 590 3494 613 ,
3533 560 3615 611 est

370 661 463 713 καὶ
505 656 803 727 διαφυγὼν,
838 656 901 709 τὸ
931 655 1100 720 δεξιὸν
1146 651 1238 718 οὖς
1271 652 1436 708 αὑτοῦ
1480 650 1758 720 ἐξέκοψεν,
1792 652 1939 713 ὅπως

369 751 434 804 ἂν
462 751 537 821 τῷ
566 752 797 821 ἀσχήμῳ
820 746 913 801 τοῦ
941 745 1188 817 σώματος
1215 746 1313 815 τὴν
1341 743 1673 815 χειροτονίαν
1704 740 1937 812 ἐκφύγῃ.

384 839 598 908 Ἐπειδὴ
627 838 683 891 δὲ
714 838 890 909 χρόνῳ
921 823 1155 906 ὕστερον
1176 835 1270 887 καὶ
1317 833 1586 904 Εὑάγριος
1616 832 1720 885 ὑπὸ
1746 832 1941 899 Θεοφί-

372 929 466 980 λου
514 927 607 981 τοῦ
654 928 955 980 ἐπισκόπου
1007 924 1425 995 Ἀλεξανδρείας
1462 924 1599 995 πρὸς
1638 922 1942 993 ἐπισκοπὴν

375 1018 697 1089 συλληφθεὶς
728 1018 1029 1087 ἀπέφυγεν,
1081 1017 1233 1069 οὐδὲν
1258 1014 1681 1086 ἀκρωτηριάσας
1710 1014 1805 1066 τοῦ
1841 1011 1945 1066 σώ-

378 1128 575 1181 ματος,
622 1109 928 1181 περιτυχὼν
982 1107 1061 1179 τῷ
1131 1108 1427 1178 Ἀμμωνίῳ
1474 1105 1946 1176 χαριεντιζόμενος

376 1204 579 1271 ἔλεγεν,
612 1203 689 1265 ὡς
732 1196 916 1265 κακῶς
950 1202 1033 1272 εἴη
1070 1199 1300 1271 πράξας,
1336 1199 1572 1268 ἐκκόψας
1616 1198 1715 1269 τὴν
1755 1196 1945 1266 ἀκοὴν,

378 1294 472 1347 καὶ
505 1293 684 1363 ἔνοχος
714 1287 853 1345 εἶναι
881 1291 1016 1344 Θεοῦ
1058 1290 1217 1343 τοῦτο
1252 1291 1504 1359 ποιήσας.
1546 1289 1603 1341 '0
1635 1288 1692 1343 δὲ
1729 1287 1947 1357 Ἀμμώο

380 1402 488 1447 νιος
534 1384 667 1453 πρὸς
695 1383 858 1436 αὐτόν
885 1398 898 1412 ο
943 1380 1098 1434 Ἀλλὰ
1128 1382 1212 1444 σὺ,
1245 1380 1367 1448 ἔφη,
1417 1379 1674 1449 Εὑάγριε,
1718 1376 1817 1431 οὐκ
1848 1378 1947 1430 οἴει

384 1475 568 1527 δώσειν
594 1474 770 1543 δίκην,
802 1473 901 1542 τὴν
941 1470 1191 1538 γλῶσσαν
1218 1470 1527 1540 ἀποτεμὼν,
1553 1468 1640 1521 διὰ
1665 1468 1949 1537 φιλαυτίαν

382 1575 446 1642 τῇ
491 1571 705 1642 δοθείσῃ
747 1551 932 1639 χάριτι
983 1568 1058 1639 μὴ
1105 1566 1490 1638 χρησάμενος;
1544 1565 1821 1632 Ἐγένοντο
1853 1563 1951 1632 μὲν

382 1658 473 1714 οὖν
509 1662 646 1715 κατά
676 1661 763 1713 τὸν
790 1659 950 1716 αὑτὸν
978 1658 1166 1729 χρόνον
1211 1660 1268 1709 ὲν
1303 1659 1414 1718 τοῖς
1449 1655 1830 1725 μοναστηρίοις
1858 1654 1953 1706 καὶ¹

382 1753 529 1806 ἄλλοι
561 1753 800 1809 πλεῖστοι
829 1751 1018 1821 ἄνδρες
1052 1748 1369 1819 θαυμαστοὶ
1413 1749 1507 1825 καὶ
1548 1746 1829 1814 Θεοφιλεῖς,
1875 1738 1951 1799 ὧν

2044 648 2258 719 Moysi,
2323 656 2379 701 ut
2432 645 2499 699 ad
2552 645 2980 714 septentrionem
3030 658 3277 699 mensam
3329 650 3614 701 statueret.

2040 741 2349 809 lntelligant
2383 740 2553 809 igitur
2579 737 2827 793 Gnostiei
2860 738 3118 809 quisnam
3160 738 3232 792 sit
3268 738 3315 791 is
3348 735 3444 805 qui
3485 749 3620 789 con-

2044 842 2128 887 tra
2177 832 2299 886 illos
2338 833 2549 901 spirat,
2587 844 2915 899 omnemque
2952 828 3313 884 tentationem
3349 840 3622 895 generoso

2044 928 2226 981 animo
2266 926 2614 1000 sustineant,
2669 933 2723 976 et
2762 937 2858 977 eos
2897 922 2990 991 qui
3024 920 3093 975 ad
3141 921 3292 990 ipsos
3325 919 3576 973 venerint
3601 957 3618 982 ,

2045 1018 2212 1071 alacri
2242 1016 2425 1069 animo
2454 1024 2705 1084 pascant.
2734 1013 3121 1073 Thmuitarum
3164 1012 3426 1080 Ecclesia:
3455 1010 3625 1077 Ange-

2049 1109 2132 1162 lus
2198 1106 2426 1176 Serapio
2479 1107 2737 1170 dicehat,
2794 1114 3027 1160 mentem
3085 1105 3304 1173 quidem
3353 1101 3623 1172 spiritalis

2047 1200 2290 1255 scientiae
2333 1200 2530 1252 haustu
2566 1197 2724 1266 plene
2781 1198 3024 1266 purgari,
3053 1200 3238 1265 partes
3271 1202 3450 1246 autem
3503 1191 3622 1245 aui-

2048 1296 2245 1348 mzeira
2272 1292 2688 1348 effervescentes
2711 1290 2980 1343 charitate
3010 1288 3196 1343 sanari
3224 1304 3236 1340 :
3269 1300 3464 1355 pravas
3496 1298 3625 1337 tero

2051 1386 2379 1455 cupiditates
2396 1401 2517 1454 qua:
2554 1386 2608 1439 in
2644 1384 2888 1437 animum
2932 1378 3192 1444 inﬂuunt,
3222 1377 3463 1433 coerceri
3496 1374 3627 1429 abs-

2052 1478 2304 1533 tinentia.
2352 1478 2644 1531 Sermones
2688 1474 2757 1529 de
2794 1473 3139 1543 providentia
3186 1479 3240 1526 et
3299 1470 3366 1524 de
3411 1467 3628 1538 judicio

2022 1571 2145 1625 -Dei
2202 1569 2425 1624 assidua
2476 1568 2833 1622 meditatione
2898 1574 3082 1619 tecum
3132 1566 3248 1632 ipse
3286 1562 3500 1623 recole,
3552 1561 3631 1615 ait

2054 1677 2286 1731 magnus
2325 1662 2415 1716 ille
2444 1661 2637 1714 doctor
2673 1666 2727 1713 et
2760 1658 2997 1729 spiritali
3041 1657 3274 1711 scientia
3320 1654 3628 1708 instructus

2057 1740 2710 1822 Didymtts.geerumque,
2742 1763 3060 1805 sermonum
3108 1745 3372 1799 materias
3433 1742 3519 1798 fac
3573 1744 3631 1800 in

382 1854 441 1905 εν
467 1844 532 1912 τῇ
564 1838 900 1910 προκειμένῃ
928 1840 1215 1907 συγγραφῇ
1256 1835 1613 1906 μνημονεύειν
1644 1834 1849 1906 μακρὸν
1886 1836 1955 1889 ἂν
1987 1860 2142 1912 __m¢

1886 1836 1955 1889 ἂν
1987 1846 2333 1912 __.memoria.
2370 1838 2761 1900 circumferas;
2806 1842 3007 1894 Omnes
3063 1840 3208 1894 enim
3271 1836 3384 1891 fere
3430 1836 3488 1890 in
3546 1835 3631 1892 his

384 1934 469 2000 εἵη
496 1904 710 1992 Γάλλιος
736 1904 794 1981 τε
815 1904 909 1981 καί
934 1904 1314 1980 ἐκϐαίνειν-τοῦ
1336 1904 1693 1995 προκειμένου
1717 1904 1953 1993 ἀίδάγκηί
2048 1904 2145 1990 κίδί)

1864 1935 1953 1993 κη;
1987 1904 2451 1995 Βηιιιί)ιιὴιιιι“.,Ει.Δ
2476 1941 2758 1989 sermones
2796 1932 3016 2001 quidem
3050 1946 3114 1984 ac
3155 1930 3399 1983 rationes
3434 1928 3501 1981 de
3533 1927 3627 1995 jus

383 2022 432 2074 sl
469 2016 792 2088 βουλοίμεθα
840 2015 1173 2069 καθὲκαστον
1216 2014 1325 2067 τῶν
1370 2015 1580 2086 ἀνδρῶν
1623 2016 1751 2078 τοὺς
1778 2013 1949 2084 βίους,

383 2098 476 2163 καὶ
504 2113 602 2163 ὅσα
636 2107 893 2177 ἐποίησαν
920 2106 1171 2176 θαύματα
1203 2106 1288 2175 διὰ
1314 2106 1410 2177 τὴν
1441 2105 1745 2177 προσοῦσαν
1773 2107 1954 2170 αὐτοῖς

386 2203 643 2272 ἁγιότητα
670 2200 869 2269 λέγειν.
920 2200 982 2252 El
1020 2199 1078 2252 δέ
1119 2216 1202 2262 τις
1230 2198 1470 2268 βούλοιτο
1517 2199 1584 2251 τά
1617 2199 1955 2271 περὶαύτῶν

386 2294 697 2363 μανθάνειν,
742 2286 815 2346 ὧν
845 2310 904 2345 τε
937 2291 1216 2361 ἐποίησαν,
1264 2284 1421 2344 ὧντε
1454 2290 1715 2360 ἔπραξαν,
1747 2290 1840 2355 καὶ
1880 2285 1953 2351 ὧν

388 2388 522 2457 πρὸς
551 2386 816 2454 ὠφέλειαν
841 2383 949 2437 τῶν
972 2384 1318 2437 ἀκουσάντων
1344 2381 1694 2451 ἐφθέγξαντο,
1723 2382 1867 2443 ὅπως
1895 2401 1951 2433 τε
1984 2378 1987 2383 ”

386 2481 453 2531 αὖ
472 2481 567 2541 ;οἰς
611 2480 679 2532 τά
712 2478 875 2548 θηρία
905 2478 1199 2545 ὑπήκουον,
1246 2476 1544 2545 πεπόνηται
1574 2475 1853 2545 Παλλαδίῳ
1879 2475 1955 2544 τῷ

391 2569 607 2640 μοναχῷ
647 2570 777 2625 ἴδιον
812 2567 1146 2639 μονόϐιϐλον,
1194 2566 1250 2630 ὃς
1278 2567 1555 2637 Εὑαγρίου
1611 2568 1705 2636 μὲν
1856 2583 1958 2636 μα-

388 2664 556 2733 θητής
581 2681 593 2693 ο
631 2662 808 2715 πάντα
832 2662 885 2714 δὲ
911 2660 1153 2731 ἀκριϐῶς
1182 2661 1309 2729 περὶ
1336 2660 1513 2713 αὐτῶν
1542 2660 1827 2729 διεξῆλθεν.
1871 2661 1957 2713 Ἐν

387 2750 431 2824 ᾇ
481 2754 572 2808 καὶ
615 2753 885 2823 γυναικῶν
930 2752 1225 2823 ἐφάμιλλον
1262 2755 1382 2815 ,τοῖς
1423 2751 1835 2823 προειρημένοις
1863 2752 1955 2805 ἀν·-

388 2846 577 2905 δράσιν
612 2844 1018 2914 ἐπανελομένων
1057 2844 1187 2912 βίον,
1224 2847 1441 2915 μνήμην
1474 2844 1785 2912 πεποίηται.
1815 2844 1955 2899 EM-

390 2954 542 3007 γρτος
583 2944 609 2972 °
658 2939 754 3005 μὲν
815 2930 907 2989 οὖν
952 2938 1048 2989 καὶ
1092 2936 1385 2999 Παλλάδιος
1426 2946 1452 2984 P
1503 2936 1695 3007 μικρὸν
1732 2938 1954 3009 ὕστερον

394 3028 533 3088 μετὰ
565 3029 660 3099 τὴν
696 3029 989 3091 Οὐάλεντος
1023 3028 1275 3099 τελευτὴν
1318 3029 1579 3100 ἤνθησαν.
1620 3030 1956 3084 Ἐπανέλθω-

393 3138 487 3189 μεν
520 3117 577 3172 δὲ
601 3122 721 3173 ὅθεν
754 3119 1037 3189 ἐξέϐημεν.

2059 2029 2209 2083 dicio
2268 2027 2321 2080 in
2347 2024 2654 2079 diﬂe'rentia
2683 2037 2975 2093 corporum
3004 2030 3060 2075 et
3090 2024 3144 2075 in
3171 2020 3416 2089 partibus
3441 2017 3631 2076 mundi

2061 2118 2320 2188 reperies.
2347 2116 2639 2171 Sermones
2665 2123 2846 2168 autem
2874 2113 2942 2168 de
2968 2113 3307 2182 providentia
3345 2112 3398 2164 in
3446 2109 3631 2168 modis

2062 2213 2173 2266 illis
2218 2210 2422 2279 quibus
2470 2225 2500 2264 a
2542 2209 2677 2263 vitio
2718 2219 2772 2263 et
2814 2206 3120 2276 ignorantia
3159 2204 3227 2257 ad
3270 2204 3530 2257 virtutem
3577 2210 3627 2261 et

2054 2286 2421 2372 cognitionem
2455 2302 2745 2364 ducimur,
2779 2297 3177 2368 deprehendes.
3204 2296 3381 2365 Atque
3410 2296 3524 2349 haec
3557 2310 3625 2349 ex

2059 2392 2486 2465 Evagriilihris
2543 2393 2830 2461 desumpta
2886 2390 3064 2462 ⁷242
3129 2390 3220 2443 hic
3267 2390 3629 2449 inseruimus.

2039 2486 2181 2547 Fuit
2209 2485 2549 2541 etiamalius
2572 2484 2788 2554 quidam
2826 2483 2968 2537 inter
3006 2481 3310 2536 monachos
3343 2481 3429 2535 vir
3462 2480 3630 2534 mira-

2058 2576 2182 2630 bilis
2206 2616 2220 2641 ,
2256 2575 2476 2627 nomine
2503 2572 2846 2627 Ammonius.
2874 2571 2979 2637 Qui
3009 2571 3231 2640 quidem
3272 2569 3409 2625 adeo
3439 2585 3629 2637 parum

2046 2654 2322 2722 curiosus
2346 2667 2579 2730 exstitit,
2608 2675 2666 2719 ut
2695 2679 2817 2718 cum
2850 2662 3077 2716 Romam
3105 2663 3348 2717 venisset
3378 2677 3484 2715 una
3508 2678 3629 2719 cum

2064 2759 2400 2823 Athanasio,
2445 2774 2507 2813 ex
2570 2756 2876 2827 magnificis
2922 2756 3077 2810 urbis
3120 2755 3381 2824 operibus
3424 2755 3631 2814 nullum

2062 2850 2253 2907 videre
2271 2832 2688 2907 desideraverit.
2720 2847 2812 2902 sed
2848 2846 2992 2901 solas
3026 2844 3170 2901 Petri
3207 2856 3260 2901 et
3295 2844 3449 2901 Pauli
3487 2845 3632 2903 basi.

2064 2942 2198 2997 llcas
2221 2940 2437 2994 viderit.
2472 2937 2618 2992 Idem
2651 2932 2976 2991 Ammonius
3011 2952 3135 2990 cum
3166 2939 3232 2991 ad
3260 2939 3633 3008 episcopatum

2064 3031 2404 3091 traheretur,
2468 3028 2593 3098 luga
2655 3029 2923 3098 dilapsus,
2980 3028 3227 3083 dextram
3283 3030 3387 3086 sibi
3445 3045 3633 3091 aurem

1984 3118 2022 3173 C
2059 3121 2407 3191 amputavit,
2467 3128 2525 3173 ut
2578 3121 2831 3188 corporis
2878 3121 3222 3175 mutilatione
3266 3123 3634 3178 ordinationis

393 3216 654 3271 honorem
691 3215 970 3287 effugeret.
1014 3215 1210 3270 Postea
1246 3230 1378 3271 vero
1439 3215 1702 3287 Evagrius
1730 3258 1743 3281 ,
1785 3232 1908 3272 cum
1946 3229 1999 3274 et
2040 3220 2155 3287 ipse
2218 3218 2285 3271 ad
2329 3217 2701 3285 episcopatqu
2728 3222 2918 3283 raptus
2962 3230 2991 3267 a
3043 3214 3367 3285 Theophilo,
3404 3217 3635 3276 Alexan-

392 3313 565 3367 drinae
618 3312 771 3368 urbis
818 3314 1099 3382 episcopo,
1161 3310 1471 3380 aufugisset
1522 3312 1673 3367 nulla
1726 3315 1973 3381 corporis
2044 3312 2128 3367 sui
2177 3319 2329 3380 parte
2380 3311 2624 3362 mutilata
2655 3349 2670 3373 ,
2719 3308 3010 3363 Ammonio
3058 3313 3371 3366 oecurrenti
3447 3312 3635 3367 festive

398 3406 724 3469 -iiait,male
748 3406 897 3459 illum
928 3404 1123 3459 fecisse
1146 3404 1447 3473 quiaurem
1508 3403 1611 3455 sibi
1641 3404 2000 3472 prmcidisset,
2044 3413 2205 3472 atque
2257 3404 2327 3457 ob
2366 3403 2416 3454 id
2460 3402 2663 3455 factum
2728 3401 2783 3454 in
2843 3402 3004 3469 culpa
3068 3418 3192 3457 esse
3250 3418 3435 3457 coram
3503 3405 3633 3468 Deo,

390 3495 710 3548 Ammonius
747 3501 938 3548 contra
964 3494 1013 3549 ei
1052 3493 1368 3564 respondit:
1412 3493 1494 3549 Tu
1528 3508 1655 3549 vero
1681 3534 1694 3555 ,
1728 3495 1955 3565 Evagri,
1989 3512 2055 3551 an
2098 3512 2203 3550 non
2250 3504 2407 3564 putas
2457 3504 2509 3549 te
2558 3508 2749 3563 pinnas
2784 3493 3074 3561 daturum,
3131 3498 3224 3564 qui
3266 3498 3511 3567 linguam
3538 3498 3634 3551 tibi

391 3582 738 3644 abscindens,
758 3598 1019 3639 concessa
1056 3584 1154 3638 tibi
1182 3585 1354 3654 gratia
1377 3599 1487 3653 pra:
1525 3586 1694 3638 nimio
1714 3586 1790 3638 tui
1854 3585 2025 3653 ipsius
2071 3602 2255 3639 amore
2283 3585 2357 3638 uti
2387 3585 2662 3638 nolueris?
2680 3582 2783 3638 Per
2807 3584 2947 3639 idem
2978 3584 3192 3655 tempus
3216 3588 3400 3656 plures
3422 3588 3663 3658 quoque"

392 3674 482 3727 ani
527 3674 583 3727 in
630 3675 977 3729 monasteriis
1034 3674 1181 3730 fuere
1247 3676 1346 3729 viri
1396 3676 1751 3732 admirabiles
1799 3686 1853 3732 et
1925 3678 2033 3732 Deo
2072 3680 2257 3741 chari,
2297 3693 2435 3747 quos
2474 3678 2695 3745 quidem
2740 3677 2797 3731 in
2844 3679 2947 3733 hoc
3001 3694 3168 3747 opere
3203 3696 3637 3735 commemorare

392 3766 558 3821 rimis
596 3765 815 3836 longum
849 3772 1018 3821 esset.
1055 3766 1207 3822 Adde
1235 3770 1378 3837 quod
1449 3784 1478 3821 a
1546 3770 1827 3839 proposito
1870 3771 2028 3824 nobis
2056 3785 2224 3841 sc0po
2255 3770 2464 3840 digredi
2506 3773 2730 3826 omnino
2765 3787 2990 3827 necesse
3030 3773 3200 3842 foret,
3242 3774 3287 3828 si
3323 3777 3487 3829 vitam
3525 3778 3639 3829 sin-

392 3858 642 3926 gulorum
701 3865 756 3910 et
792 3857 1056 3919 miracula
1086 3871 1205 3925 quae
1235 3859 1305 3911 oh
1332 3858 1608 3922 eximiam,
1675 3873 1781 3928 qua
1815 3859 2022 3928 praediti
2063 3869 2251 3922 erant,
2298 3862 2647 3916 sanctitatem
2681 3871 3008 3931 gesserunt,
3058 3865 3308 3935 persequi
3350 3868 3633 3922 vellemus.

393 3952 550 4019 Quod
595 3952 641 4007 si
675 3952 798 4021 quis
836 3960 1089 4007 accurate
1116 3953 1242 4007 velit
1277 3968 1606 4022 cognoscere
1671 3969 1733 4007 ea
1774 3970 1893 4023 qua:
1929 3955 1996 4009 ab
2028 3956 2138 4011 illis
2174 3956 2313 4009 facta
2339 3966 2393 4011 et
2415 3956 2481 4010 ad
2520 3958 2858 4012 audientium
2885 3957 3174 4013 utilitatem
3198 3960 3340 4013 dicta
3376 3971 3525 4023 sum,
3584 3970 3636 4014 rt

395 4044 669 4114 quomodo
723 4042 852 4097 fera:
894 4043 1001 4097 illis
1069 4042 1568 4112 obtemperaveriut
1600 4086 1614 4107 ,
1674 4052 1848 4097 exstat
1888 4046 2025 4100 liber
2062 4046 2355 4115 singularis
2404 4063 2432 4099 a
2490 4047 2731 4101 Palladio
2777 4048 3049 4101 monacho
3104 4047 3317 4117 Evagrii
3363 4050 3635 4118 discipulo

390 4140 761 4203 elucubratus,
793 4140 847 4192 in
878 4154 989 4209 quo
1021 4146 1218 4194 cuneta
1274 4154 1399 4209 quae
1422 4140 1488 4193 ad
1530 4138 1656 4194 illos
1682 4142 1996 4209 pertinent,
2039 4143 2456 4199 accuratissime
2490 4151 2859 4211 exponuntur.
2896 4144 2952 4196 lu
2987 4144 3177 4199 eodem
3230 4146 3371 4200 libro
3400 4147 3635 4201 mentio—

394 4246 518 4288 nem
569 4229 733 4284 etiam
808 4228 941 4282 facit
1009 4230 1299 4284 mulierum
1358 4244 1479 4298 quae
1551 4244 1739 4298 parem
1813 4248 1937 4287 cum
1988 4234 2123 4287 viris
2168 4234 2278 4289 illis
2331 4236 2550 4289 vivendi
2606 4236 2869 4289 rationem
2934 4250 2996 4290 ac
3050 4238 3395 4305 disciplinam
3444 4252 3636 4293 consee

394 4334 553 4383 ctatze
591 4332 737 4405 sunt.
780 4324 1244 4394 PorroEvagrius
1271 4333 1325 4380 et
1350 4325 1628 4379 Palladius
1651 4325 1811 4393 paulo
1833 4328 2173 4395 postohitum
2215 4328 2456 4385 Valentis
2479 4330 2704 4401 Augusti
2730 4330 3053 4385 floruerunt.
3099 4330 3201 4386 Sed
3225 4332 3336 4401 jam
3361 4347 3425 4387 eo
3451 4349 3633 4389 rever-

394 4430 572 4477 tamur
609 4420 750 4472 unde
776 4416 1011 4487 digressi
1040 4432 1249 4474 sumus.

970 4532 1218 4586 ΚΕΦΔΛ.
1262 4536 1387 4587 ΚΔ’.

2651 4528 2803 4583 CAP.
2858 4527 3046 4581 XXIV.

397 4624 529 4691 Περὶ
565 4620 680 4675 τῶν
706 4621 1135 4694 ἐξορισᾷἐντων
1171 4625 1353 4694 ἁγίων
1380 4626 1687 4694 μοναχῶν,
1734 4626 1893 4693 ὅπως
1925 4630 1958 4680 ό
1991 4621 2033 4676 D
2062 4624 2140 4678 De

1868 4647 1893 4693 ς
1925 4630 1958 4680 ό
1991 4621 2033 4676 D
2062 4624 2140 4678 De
2171 4628 2369 4676 sanctis
2402 4623 2665 4677 monac/tis
2701 4626 2753 4675 in
2781 4624 3034 4694 exsiliunt
3062 4622 3228 4686 pulsis
3252 4663 3262 4679 .
3290 4631 3337 4675 et
3377 4628 3631 4691 quomodo

465 4692 759 4766 Qedgraic
788 4692 994 4766 αὐτῶν
1030 4692 1514 4762 θαυματοποιίαις
1542 4692 1776 4763 πάντας
1811 4692 1959 4766 πρὸς

462 4762 677 4817 ἑαυτὸν
704 4764 1121 4830 ἐφειλκύσατο.

460 4856 561 4908 Τοῦ
588 4857 767 4908 τοίνυν
812 4854 1068 4923 βασιλέως
1099 4856 1391 4921 Οὐάλεντος
1434 4860 1579 4929 νόμῳ
1614 4858 1962 4921 κελεύσαντος

389 4948 673 5002 διώκεσθαι
699 4948 822 5010 τούς
858 4950 904 5000 τ’
939 4951 997 5002 ὲν
1042 4949 1412 5021 Ἀλεξανδρείᾳ
1443 4954 1537 5004 καὶ
1574 4952 1698 5014 τοὺς
1721 4955 1838 5005 κατ’
1868 4950 1963 5003 Αἴν

390 5060 614 5112 γυπτον,
658 5043 833 5096 πάντα
876 5043 1152 5113 ἐπορθεῖτο
1198 5044 1290 5096 καὶ
1336 5044 1688 5114 ἀνετρὲπετο·
1730 5044 1839 5097 τῶν
1868 5042 1968 5115 μὲν

2133 4694 2278 4748 Deus
2335 4695 2608 4773 miraculis
2664 4710 2753 4762 per
2806 4694 2927 4745 illos
2975 4692 3128 4744 editis
3184 4702 3396 4746 cunctos
3451 4694 3520 4745 ad
3578 4710 3634 4747 se

2136 4776 2436 4817 attraxerit.

2136 4854 2272 4910 Cum
2326 4855 2489 4925 igitur
2533 4855 2830 4921 imperator
2855 4851 3054 4906 Valens
3095 4853 3209 4921 lege
3269 4853 3373 4906 lata
3428 4868 3633 4921 praece-

2069 4949 2239 5017 pisset
2293 4958 2350 5001 ut
2404 4948 2717 5007 orthodoxi,
2770 4956 2878 4998 tum
2933 4946 3027 5014 qui
3068 4945 3434 5009 Alexandriae,
3470 4961 3629 5013 quau.

2072 5044 2166 5110 qui
2196 5043 2250 5094 in
2285 5041 2496 5109 reliqua
2532 5038 2772 5107 Αεὶεγριο
2814 5047 2993 5102 erant,
3040 5038 3384 5106 i'ugarentur,
3422 5046 3633 5090 vastata

1516 5199 1878 5259 VARIORUM
1916 5197 2469 5255 ANNOTATIONES.

465 5299 489 5327 °
530 5292 836 5361 Εὑάγρισς.
871 5292 1158 5361 Evagrius,
1189 5292 1493 5362 presbyteri
1545 5293 1712 5359 lilius,
1741 5308 1807 5347 ex
1840 5294 1957 5347 lbe-

395 5378 579 5417 rorum
615 5368 747 5417 urbe
790 5379 909 5431 qua:
961 5364 1028 5417 ad
1086 5363 1359 5417 Euxinum
1412 5362 1645 5416 Pontum
1696 5364 1803 5418 sita
1845 5372 1951 5425 est,

392 5432 683 5495 oriundus,
718 5448 747 5486 a
781 5433 837 5486 S.
872 5433 1075 5488 Basilio
1110 5433 1368 5488 Ecclesia;
1392 5434 1750 5487 Caesariensis
1787 5435 1956 5489 lector

402 5504 702 5566 ordinatus,
739 5512 867 5573 post
896 5503 1016 5571 ejus
1062 5513 1292 5557 mortem
1338 5518 1367 5556 a
1398 5503 1664 5574 Gregorio
1706 5503 1955 5574 Nysseno

392 5574 658 5644 diaconus
700 5574 899 5637 factus,
938 5575 1135 5627 claruit
1174 5575 1241 5627 ah
1280 5589 1424 5627 anno
1454 5576 1578 5630 580.
1616 5576 1659 5627 Α
1690 5574 1955 5644 Gregorio

392 5642 811 5697 Naz.sacrarum
833 5644 1156 5698 Litterarum
1184 5645 1466 5699 scientiam
1493 5646 1777 5704 hausit.ab
1795 5642 1858 5698 eo
1888 5644 1955 5696 ad

393 5713 1285 5784 Ecclesiae,Constantinopolitanae
1307 5716 1803 5769 architliaconatuan
1825 5732 1876 5783 ρι
1894 5735 1949 5764 ε)-

394 5793 604 5854 vectus.
631 5783 746 5848 Qua
777 5783 1066 5838 occasione
1094 5786 1256 5837 vitam
1283 5787 1635 5839 monasticam
1666 5787 1948 5854 amplexus

390 5865 495 5922 est,
520 5853 677 5909 docet
707 5854 925 5909 Sozom.
948 5855 1039 5908 lib.
1068 5870 1140 5916 vr,
1165 5870 1283 5923 cap.
1316 5857 1399 5909 50.
1427 5854 1586 5927 (Vide
1613 5853 1943 5920 Guilitlave,

717 5954 987 6018 PATROL.
1031 5954 1143 6014 GH.
1201 5954 1446 6022 LXVII,

2063 5292 2228 5355 Ilisr.,
2266 5295 2369 5347 vol.
2410 5310 2444 5354 I,
2478 5309 2529 5361 p.
2567 5291 2698 5358 2‘27,
2747 5300 2801 5347 et
2846 5294 2970 5346 Ant.
3020 5290 3171 5361 Pagi,
3220 5290 3285 5343 ad
3339 5305 3468 5342 ann.
3504 5288 3631 5354 588,

2058 5365 2259 5432 11.16.)

2130 5446 2155 5483 Ρ
2212 5428 2573 5498 Παλλάδιος.
2637 5433 2939 5497 Palladius,
2996 5441 3152 5501 gente
3201 5428 3413 5492 Galata,
3468 5438 3631 5483 natus

2058 5519 2203 5558 anno
2238 5504 2364 5566 568,
2395 5506 2587 5573 Vlglllll
2629 5520 2807 5560 annos
2840 5514 3004 5558 natus
3036 5506 3087 5556 in
3118 5509 3345 5573 exteras
3377 5501 3630 5569 regiones

2058 5576 2397 5644 peregrinari
2448 5571 2636 5644 etrapit.
2671 5578 2828 5629 Anno
2860 5575 2957 5627 591
3009 5575 3062 5626 in
3110 5571 3339 5625 Nitriam
3390 5578 3633 5624 montem

2061 5647 2325 5711 secessit,
2356 5647 2442 5699 ubi
2480 5645 2774 5715 Evagrium
2810 5656 3198 5715 praceptorem
3234 5652 3430 5715 nactus
3467 5650 3632 5715 estus

2061 5731 2168 5783 quo
2195 5709 2523 5786 Origemsnii
2564 5709 3036 5771 ainnretu'liattsit.
3060 5713 3216 5779 (Vide
3235 5711 3379 5786 Cave
3403 5724 3455 5766 et
3472 5709 3631 5778 Pagi,

2061 5787 2149 5839 ubi
2193 5804 2382 5854 suptu;
2434 5786 2644 5841 SOCi'al.
2682 5789 2774 5840 hb.
2818 5802 2915 5852 vn,
2957 5802 3006 5841 c.
3042 5786 3131 5849 26,
3184 5785 3455 5852 praecipue
3506 5797 3631 5834 ven.

2057 5857 2230 5933 ipsius
2260 5858 2490 5911 Pallada
2517 5857 2813 5911 ﬂis'ormm
2842 5859 3206 5923 Lamia-cam.)

3241 5955 3303 6021 17
