  <div class='ocr_page' id='page_1' title='image "/cluster/home/n/w/nwhite01/storage/ocr_20150623/67/pst.000009865921/293.png"; bbox 0 0 4464 6586; ppageno 0'>
   <div class='ocr_carea' id='block_1_1' title="bbox 832 401 940 481">
    <p class='ocr_par' dir='ltr' id='par_1_1' title="bbox 832 401 940 481">
     <span class='ocr_line' id='line_1_1' title="bbox 832 401 940 481; baseline 0 0"><span class='ocrx_word' id='word_1_1' title='bbox 832 401 940 481; x_wconf 70' lang='lat'><strong>523</strong></span> 
     </span>
    </p>
   </div>
   <div class='ocr_carea' id='block_1_2' title="bbox 2281 393 4082 499">
    <p class='ocr_par' dir='ltr' id='par_1_2' title="bbox 2281 393 4082 499">
     <span class='ocr_line' id='line_1_2' title="bbox 2281 393 4082 499; baseline 0.004 -29"><span class='ocrx_word' id='word_1_2' title='bbox 2281 411 2618 472; x_wconf 79' lang='lat' dir='ltr'><strong>SOCRAT‘IS</strong></span> <span class='ocrx_word' id='word_1_3' title='bbox 3028 393 3029 396; x_wconf 8' lang='grc' dir='ltr'>Ἴ</span> <span class='ocrx_word' id='word_1_4' title='bbox 3145 493 3150 497; x_wconf 25' lang='grc' dir='ltr'><strong><em>ν</em></strong></span> <span class='ocrx_word' id='word_1_5' title='bbox 3530 418 3532 420; x_wconf 50' lang='grc'>’</span> <span class='ocrx_word' id='word_1_6' title='bbox 3978 443 4082 499; x_wconf 53' lang='lat'><strong>5.2,;</strong></span> 
     </span>
    </p>
   </div>
   <div class='ocr_carea' id='block_1_3' title="bbox 833 520 2596 621">
    <p class='ocr_par' dir='ltr' id='par_1_3' title="bbox 833 526 2596 612">
     <span class='ocr_line' id='line_1_3' title="bbox 833 526 2596 612; baseline -0.008 -17"><span class='ocrx_word' id='word_1_7' title='bbox 833 541 1082 612; x_wconf 77' lang='lat' dir='ltr'><strong>protinus</strong></span> <span class='ocrx_word' id='word_1_8' title='bbox 1113 553 1174 594; x_wconf 88' lang='lat' dir='ltr'><strong>ac</strong></span> <span class='ocrx_word' id='word_1_9' title='bbox 1196 537 1463 594; x_wconf 82' lang='lat' dir='ltr'><strong>subversa</strong></span> <span class='ocrx_word' id='word_1_10' title='bbox 1489 544 1619 594; x_wconf 82' lang='lat' dir='ltr'><strong>sunt</strong></span> <span class='ocrx_word' id='word_1_11' title='bbox 1652 535 1874 591; x_wconf 87' lang='lat' dir='ltr'><strong>omnia:</strong></span> <span class='ocrx_word' id='word_1_12' title='bbox 1903 533 2033 588; x_wconf 86' lang='lat' dir='ltr'><strong>dum</strong></span> <span class='ocrx_word' id='word_1_13' title='bbox 2069 529 2159 585; x_wconf 85' lang='lat' dir='ltr'><strong>alii</strong></span> <span class='ocrx_word' id='word_1_14' title='bbox 2185 527 2403 599; x_wconf 89' lang='lat' dir='ltr'><strong>quidem</strong></span> <span class='ocrx_word' id='word_1_15' title='bbox 2435 528 2481 587; x_wconf 80' lang='grc' dir='ltr'><strong>Δ</strong></span> <span class='ocrx_word' id='word_1_16' title='bbox 2509 526 2596 581; x_wconf 84' lang='grc' dir='ltr'><strong>έλκ</strong></span> 
     </span>
    </p>
   </div>
   <div class='ocr_carea' id='block_1_4' title="bbox 2312 520 4075 621">
    <p class='ocr_par' dir='ltr' id='par_1_4' title="bbox 2312 520 4075 621">
     <span class='ocr_line' id='line_1_4' title="bbox 2312 520 4075 621; baseline 0.017 -42"><span class='ocrx_word' id='word_1_17' title='bbox 2312 541 2403 583; x_wconf 51' lang='grc' dir='ltr'>ηθιιι</span> <span class='ocrx_word' id='word_1_18' title='bbox 2435 528 2481 587; x_wconf 77' lang='grc' dir='ltr'><strong>Δ</strong></span> <span class='ocrx_word' id='word_1_19' title='bbox 2507 526 2814 621; x_wconf 79' lang='grc' dir='ltr'>έλκομένων</span> <span class='ocrx_word' id='word_1_20' title='bbox 2866 537 2949 596; x_wconf 82' lang='grc' dir='ltr'><strong>εἰς</strong></span> <span class='ocrx_word' id='word_1_21' title='bbox 3001 520 3346 613; x_wconf 73' lang='grc' dir='ltr'>δικαστήρια,</span> <span class='ocrx_word' id='word_1_22' title='bbox 3382 544 3488 598; x_wconf 85' lang='grc' dir='ltr'><strong>τῶν</strong></span> <span class='ocrx_word' id='word_1_23' title='bbox 3527 544 3582 599; x_wconf 88' lang='grc' dir='ltr'><strong>δὲ</strong></span> <span class='ocrx_word' id='word_1_24' title='bbox 3625 547 3964 620; x_wconf 70' lang='grc' dir='ltr'>βαλλομένων</span> <span class='ocrx_word' id='word_1_25' title='bbox 3997 566 4075 621; x_wconf 80' lang='grc' dir='ltr'><strong>εις</strong></span> 
     </span>
    </p>
   </div>
   <div class='ocr_carea' id='block_1_5' title="bbox 829 619 2592 713">
    <p class='ocr_par' dir='ltr' id='par_1_5' title="bbox 829 619 2590 695">
     <span class='ocr_line' id='line_1_5' title="bbox 829 619 2590 695; baseline -0.008 -10"><span class='ocrx_word' id='word_1_26' title='bbox 829 632 898 687; x_wconf 88' lang='lat' dir='ltr'><strong>ad</strong></span> <span class='ocrx_word' id='word_1_27' title='bbox 949 630 1244 686; x_wconf 88' lang='lat' dir='ltr'><strong>tribunalia</strong></span> <span class='ocrx_word' id='word_1_28' title='bbox 1312 630 1682 694; x_wconf 91' lang='lat' dir='ltr'><strong>traherentur,</strong></span> <span class='ocrx_word' id='word_1_29' title='bbox 1733 627 1828 682; x_wconf 85' lang='lat' dir='ltr'><strong>a‘lii</strong></span> <span class='ocrx_word' id='word_1_30' title='bbox 1882 623 2291 695; x_wconf 86' lang='lat' dir='ltr'><strong>conjicerentur</strong></span> <span class='ocrx_word' id='word_1_31' title='bbox 2341 621 2398 676; x_wconf 83' lang='lat' dir='ltr'><strong>in</strong></span> <span class='ocrx_word' id='word_1_32' title='bbox 2498 619 2590 672; x_wconf 84' lang='grc' dir='ltr'><strong>δεσ</strong></span> 
     </span>
    </p>
   </div>
   <div class='ocr_carea' id='block_1_6' title="bbox 2320 619 4083 713">
    <p class='ocr_par' dir='ltr' id='par_1_6' title="bbox 2341 619 4083 713">
     <span class='ocr_line' id='line_1_6' title="bbox 2341 619 4083 713; baseline 0.021 -44"><span class='ocrx_word' id='word_1_33' title='bbox 2341 621 2398 676; x_wconf 78' lang='lat' dir='ltr'><strong>in</strong></span> <span class='ocrx_word' id='word_1_34' title='bbox 2498 619 2867 695; x_wconf 78' lang='grc' dir='ltr'><strong>δεσμωτήρια,</strong></span> <span class='ocrx_word' id='word_1_35' title='bbox 2911 624 3095 681; x_wconf 78' lang='grc' dir='ltr'>ἄλλων</span> <span class='ocrx_word' id='word_1_36' title='bbox 3139 649 3196 686; x_wconf 87' lang='grc' dir='ltr'><strong>τε</strong></span> <span class='ocrx_word' id='word_1_37' title='bbox 3241 634 3414 700; x_wconf 78' lang='grc' dir='ltr'>ἄλλως</span> <span class='ocrx_word' id='word_1_38' title='bbox 3461 619 3920 713; x_wconf 78' lang='grc' dir='ltr'>στρεϐλουμένων.</span> <span class='ocrx_word' id='word_1_39' title='bbox 3956 619 4083 706; x_wconf 57' lang='lat' dir='ltr'><strong>6th-</strong></span> 
     </span>
    </p>
   </div>
   <div class='ocr_carea' id='block_1_7' title="bbox 829 714 2396 789">
    <p class='ocr_par' dir='ltr' id='par_1_7' title="bbox 829 714 2396 789">
     <span class='ocr_line' id='line_1_7' title="bbox 829 714 2396 789; baseline -0.005 -13"><span class='ocrx_word' id='word_1_40' title='bbox 829 722 1069 784; x_wconf 66' lang='lat' dir='ltr'><strong>vincula,</strong></span> <span class='ocrx_word' id='word_1_41' title='bbox 1098 722 1190 776; x_wconf 83' lang='lat' dir='ltr'><strong>alii</strong></span> <span class='ocrx_word' id='word_1_42' title='bbox 1217 721 1342 776; x_wconf 88' lang='lat' dir='ltr'><strong>aliis</strong></span> <span class='ocrx_word' id='word_1_43' title='bbox 1385 720 1575 776; x_wconf 88' lang='lat' dir='ltr'><strong>.modis</strong></span> <span class='ocrx_word' id='word_1_44' title='bbox 1613 726 2028 789; x_wconf 90' lang='lat' dir='ltr'><strong>torquerentur.</strong></span> <span class='ocrx_word' id='word_1_45' title='bbox 2056 714 2216 769; x_wconf 84' lang='lat' dir='ltr'><strong>Varia</strong></span> <span class='ocrx_word' id='word_1_46' title='bbox 2250 714 2396 769; x_wconf 89' lang='lat' dir='ltr'><strong>enim</strong></span> 
     </span>
    </p>
   </div>
   <div class='ocr_carea' id='block_1_8' title="bbox 828 807 2395 884">
    <p class='ocr_par' dir='ltr' id='par_1_8' title="bbox 828 807 2395 884">
     <span class='ocr_line' id='line_1_8' title="bbox 828 807 2395 884; baseline -0.006 -15"><span class='ocrx_word' id='word_1_47' title='bbox 828 815 1224 884; x_wconf 84' lang='lat' dir='ltr'><strong>suppliciorum</strong></span> <span class='ocrx_word' id='word_1_48' title='bbox 1249 829 1449 884; x_wconf 89' lang='lat' dir='ltr'><strong>genera</strong></span> <span class='ocrx_word' id='word_1_49' title='bbox 1476 813 1686 883; x_wconf 86' lang='lat' dir='ltr'><strong>pacatis</strong></span> <span class='ocrx_word' id='word_1_50' title='bbox 1704 811 2021 866; x_wconf 86' lang='lat' dir='ltr'><strong>hominibus</strong></span> <span class='ocrx_word' id='word_1_51' title='bbox 2069 819 2127 865; x_wconf 84' lang='lat' dir='ltr'><strong>et</strong></span> <span class='ocrx_word' id='word_1_52' title='bbox 2152 807 2395 884; x_wconf 83' lang='lat' dir='ltr'><strong>quietem</strong></span> 
     </span>
    </p>
   </div>
   <div class='ocr_carea' id='block_1_9' title="bbox 825 895 2395 974">
    <p class='ocr_par' dir='ltr' id='par_1_9' title="bbox 825 895 2395 974">
     <span class='ocr_line' id='line_1_9' title="bbox 825 895 2395 974; baseline -0.005 -16"><span class='ocrx_word' id='word_1_53' title='bbox 825 904 1144 974; x_wconf 85' lang='lat' dir='ltr'><strong>optantibus</strong></span> <span class='ocrx_word' id='word_1_54' title='bbox 1192 902 1590 959; x_wconf 79' lang='lat' dir='ltr'><strong>inferebantur.</strong></span> <span class='ocrx_word' id='word_1_55' title='bbox 1652 900 1954 971; x_wconf 84' lang='lat' dir='ltr'><strong>Postquam</strong></span> <span class='ocrx_word' id='word_1_56' title='bbox 2003 898 2120 953; x_wconf 68' lang='lat' dir='ltr'><strong>haec</strong></span> <span class='ocrx_word' id='word_1_57' title='bbox 2155 895 2395 952; x_wconf 78' lang='lat' dir='ltr'><strong>Alexan-</strong></span> 
     </span>
    </p>
   </div>
   <div class='ocr_carea' id='block_1_10' title="bbox 824 991 2394 1070">
    <p class='ocr_par' dir='ltr' id='par_1_10' title="bbox 824 991 2394 1070">
     <span class='ocr_line' id='line_1_10' title="bbox 824 991 2394 1070; baseline -0.003 -19"><span class='ocrx_word' id='word_1_58' title='bbox 824 1000 958 1053; x_wconf 60' lang='lat' dir='ltr'><strong>dria:</strong></span> <span class='ocrx_word' id='word_1_59' title='bbox 993 997 1150 1070; x_wconf 66' lang='grc'><strong>243</strong></span> <span class='ocrx_word' id='word_1_60' title='bbox 1195 1012 1294 1067; x_wconf 86' lang='lat' dir='ltr'><strong>pro</strong></span> <span class='ocrx_word' id='word_1_61' title='bbox 1344 997 1575 1052; x_wconf 90' lang='lat' dir='ltr'><strong>arbitrio</strong></span> <span class='ocrx_word' id='word_1_62' title='bbox 1607 994 1762 1050; x_wconf 89' lang='lat' dir='ltr'><strong>Lucii</strong></span> <span class='ocrx_word' id='word_1_63' title='bbox 1823 1001 1975 1065; x_wconf 80' lang='lat' dir='ltr'><strong>gesta</strong></span> <span class='ocrx_word' id='word_1_64' title='bbox 1999 1034 2014 1058; x_wconf 79' lang='lat'><strong>,</strong></span> <span class='ocrx_word' id='word_1_65' title='bbox 2056 999 2114 1048; x_wconf 86' lang='lat' dir='ltr'><strong>et</strong></span> <span class='ocrx_word' id='word_1_66' title='bbox 2153 991 2394 1046; x_wconf 74' lang='lat' dir='ltr'><strong>Euzoius</strong></span> 
     </span>
    </p>
   </div>
   <div class='ocr_carea' id='block_1_11' title="bbox 823 1080 2390 1153">
    <p class='ocr_par' dir='ltr' id='par_1_11' title="bbox 823 1080 2390 1153">
     <span class='ocr_line' id='line_1_11' title="bbox 823 1080 2390 1153; baseline -0.005 -11"><span class='ocrx_word' id='word_1_67' title='bbox 823 1089 1175 1143; x_wconf 82' lang='lat' dir='ltr'><strong>Antiochiam</strong></span> <span class='ocrx_word' id='word_1_68' title='bbox 1213 1103 1465 1142; x_wconf 85' lang='lat' dir='ltr'><strong>reversus</strong></span> <span class='ocrx_word' id='word_1_69' title='bbox 1494 1095 1662 1149; x_wconf 86' lang='lat' dir='ltr'><strong>esset,</strong></span> <span class='ocrx_word' id='word_1_70' title='bbox 1715 1085 1900 1139; x_wconf 85' lang='lat' dir='ltr'><strong>statim</strong></span> <span class='ocrx_word' id='word_1_71' title='bbox 1937 1083 2028 1139; x_wconf 87' lang='lat' dir='ltr'><strong>isti</strong></span> <span class='ocrx_word' id='word_1_72' title='bbox 2072 1082 2142 1137; x_wconf 89' lang='lat' dir='ltr'><strong>ad</strong></span> <span class='ocrx_word' id='word_1_73' title='bbox 2170 1080 2390 1153; x_wconf 60' lang='grc' dir='ltr'>Ευριί</span> 
     </span>
    </p>
   </div>
   <div class='ocr_carea' id='block_1_12' title="bbox 825 1169 2392 1240">
    <p class='ocr_par' dir='ltr' id='par_1_12' title="bbox 825 1169 2392 1240">
     <span class='ocr_line' id='line_1_12' title="bbox 825 1169 2392 1240; baseline -0.008 -6"><span class='ocrx_word' id='word_1_74' title='bbox 825 1179 1162 1235; x_wconf 90' lang='lat' dir='ltr'><strong>monasteria</strong></span> <span class='ocrx_word' id='word_1_75' title='bbox 1189 1175 1552 1238; x_wconf 90' lang='lat' dir='ltr'><strong>contendunt,</strong></span> <span class='ocrx_word' id='word_1_76' title='bbox 1589 1176 1699 1230; x_wconf 84' lang='lat' dir='ltr'><strong>dux</strong></span> <span class='ocrx_word' id='word_1_77' title='bbox 1743 1172 1998 1228; x_wconf 78' lang='lat' dir='ltr'><strong>videlicet</strong></span> <span class='ocrx_word' id='word_1_78' title='bbox 2029 1185 2153 1226; x_wconf 88' lang='lat' dir='ltr'><strong>cum</strong></span> <span class='ocrx_word' id='word_1_79' title='bbox 2184 1169 2392 1240; x_wconf 91' lang='lat' dir='ltr'><strong>ingenti</strong></span> 
     </span>
    </p>
   </div>
   <div class='ocr_carea' id='block_1_13' title="bbox 824 1260 2393 1330">
    <p class='ocr_par' dir='ltr' id='par_1_13' title="bbox 824 1260 2393 1330">
     <span class='ocr_line' id='line_1_13' title="bbox 824 1260 2393 1330; baseline -0.007 -6"><span class='ocrx_word' id='word_1_80' title='bbox 824 1271 1055 1324; x_wconf 80' lang='lat' dir='ltr'><strong>militum</strong></span> <span class='ocrx_word' id='word_1_81' title='bbox 1099 1268 1476 1330; x_wconf 84' lang='lat' dir='ltr'><strong>multitudine,</strong></span> <span class='ocrx_word' id='word_1_82' title='bbox 1520 1276 1576 1322; x_wconf 91' lang='lat' dir='ltr'><strong>et</strong></span> <span class='ocrx_word' id='word_1_83' title='bbox 1618 1264 1825 1320; x_wconf 88' lang='lat' dir='ltr'><strong>Lucius</strong></span> <span class='ocrx_word' id='word_1_84' title='bbox 1857 1264 2120 1318; x_wconf 81' lang='lat' dir='ltr'><strong>Arianus.</strong></span> <span class='ocrx_word' id='word_1_85' title='bbox 2163 1260 2299 1316; x_wconf 77' lang='lat' dir='ltr'><strong>Nam</strong></span> <span class='ocrx_word' id='word_1_86' title='bbox 2336 1266 2393 1324; x_wconf 89' lang='lat' dir='ltr'><strong>et</strong></span> 
     </span>
    </p>
   </div>
   <div class='ocr_carea' id='block_1_14' title="bbox 822 1356 2390 1425">
    <p class='ocr_par' dir='ltr' id='par_1_14' title="bbox 822 1356 2390 1425">
     <span class='ocr_line' id='line_1_14' title="bbox 822 1356 2390 1425; baseline -0.004 -11"><span class='ocrx_word' id='word_1_87' title='bbox 822 1364 925 1417; x_wconf 85' lang='lat' dir='ltr'><strong>iste</strong></span> <span class='ocrx_word' id='word_1_88' title='bbox 953 1371 1083 1416; x_wconf 92' lang='lat' dir='ltr'><strong>tunc</strong></span> <span class='ocrx_word' id='word_1_89' title='bbox 1130 1359 1325 1425; x_wconf 75' lang='lat' dir='ltr'><strong>adluit,</strong></span> <span class='ocrx_word' id='word_1_90' title='bbox 1378 1367 1434 1414; x_wconf 91' lang='lat' dir='ltr'><strong>et</strong></span> <span class='ocrx_word' id='word_1_91' title='bbox 1481 1367 1799 1414; x_wconf 89' lang='lat' dir='ltr'><strong>sanctorum</strong></span> <span class='ocrx_word' id='word_1_92' title='bbox 1851 1356 2136 1410; x_wconf 88' lang='lat' dir='ltr'><strong>hominum</strong></span> <span class='ocrx_word' id='word_1_93' title='bbox 2185 1360 2390 1408; x_wconf 70' lang='lat' dir='ltr'><strong>emtum</strong></span> 
     </span>
    </p>
   </div>
   <div class='ocr_carea' id='block_1_15' title="bbox 822 1444 2390 1520">
    <p class='ocr_par' dir='ltr' id='par_1_15' title="bbox 822 1444 2390 1520">
     <span class='ocr_line' id='line_1_15' title="bbox 822 1444 2390 1520; baseline -0.006 -12"><span class='ocrx_word' id='word_1_94' title='bbox 822 1452 976 1508; x_wconf 90' lang='lat' dir='ltr'><strong>nulla</strong></span> <span class='ocrx_word' id='word_1_95' title='bbox 1011 1450 1370 1509; x_wconf 80' lang='lat' dir='ltr'><strong>miseratione</strong></span> <span class='ocrx_word' id='word_1_96' title='bbox 1422 1459 1770 1520; x_wconf 87' lang='lat' dir='ltr'><strong>prosecutus,</strong></span> <span class='ocrx_word' id='word_1_97' title='bbox 1807 1448 2030 1519; x_wconf 90' lang='lat' dir='ltr'><strong>gravius</strong></span> <span class='ocrx_word' id='word_1_98' title='bbox 2081 1459 2246 1516; x_wconf 88' lang='lat' dir='ltr'><strong>quam</strong></span> <span class='ocrx_word' id='word_1_99' title='bbox 2282 1444 2390 1516; x_wconf 84' lang='lat' dir='ltr'><strong>ipsi</strong></span> 
     </span>
    </p>
   </div>
   <div class='ocr_carea' id='block_1_16' title="bbox 820 1527 2390 1610">
    <p class='ocr_par' dir='ltr' id='par_1_16' title="bbox 820 1527 2390 1610">
     <span class='ocr_line' id='line_1_16' title="bbox 820 1527 2390 1610; baseline -0.004 -11"><span class='ocrx_word' id='word_1_100' title='bbox 820 1546 1024 1600; x_wconf 86' lang='lat' dir='ltr'><strong>milites</strong></span> <span class='ocrx_word' id='word_1_101' title='bbox 1059 1527 1271 1597; x_wconf 57' lang='lat' dir='ltr'><strong>amisit.</strong></span> <span class='ocrx_word' id='word_1_102' title='bbox 1310 1541 1558 1610; x_wconf 85' lang='lat' dir='ltr'><strong>Cumque</strong></span> <span class='ocrx_word' id='word_1_103' title='bbox 1589 1540 1656 1594; x_wconf 88' lang='lat' dir='ltr'><strong>ad</strong></span> <span class='ocrx_word' id='word_1_104' title='bbox 1685 1540 1862 1594; x_wconf 89' lang='lat' dir='ltr'><strong>locum</strong></span> <span class='ocrx_word' id='word_1_105' title='bbox 1898 1541 2074 1609; x_wconf 92' lang='lat' dir='ltr'><strong>ipsum</strong></span> <span class='ocrx_word' id='word_1_106' title='bbox 2109 1537 2390 1608; x_wconf 55' lang='lat' dir='ltr'><strong>pervenisé</strong></span> 
     </span>
    </p>
   </div>
   <div class='ocr_carea' id='block_1_17' title="bbox 818 1625 2387 1700">
    <p class='ocr_par' dir='ltr' id='par_1_17' title="bbox 818 1625 2387 1700">
     <span class='ocr_line' id='line_1_17' title="bbox 818 1625 2387 1700; baseline -0.004 -12"><span class='ocrx_word' id='word_1_107' title='bbox 818 1644 962 1700; x_wconf 85' lang='lat' dir='ltr'><strong>seut,</strong></span> <span class='ocrx_word' id='word_1_108' title='bbox 991 1635 1143 1689; x_wconf 83' lang='lat' dir='ltr'><strong>viros</strong></span> <span class='ocrx_word' id='word_1_109' title='bbox 1173 1633 1352 1687; x_wconf 88' lang='lat' dir='ltr'><strong>solitis</strong></span> <span class='ocrx_word' id='word_1_110' title='bbox 1394 1632 1598 1688; x_wconf 82' lang='lat' dir='ltr'><strong>studiis</strong></span> <span class='ocrx_word' id='word_1_111' title='bbox 1627 1640 1677 1686; x_wconf 89' lang='lat' dir='ltr'><strong>et</strong></span> <span class='ocrx_word' id='word_1_112' title='bbox 1698 1625 2190 1685; x_wconf 80' lang='lat' dir='ltr'><strong>exercitationibus</strong></span> <span class='ocrx_word' id='word_1_113' title='bbox 2219 1643 2387 1682; x_wconf 84' lang='lat' dir='ltr'><strong>eccu-</strong></span> 
     </span>
    </p>
   </div>
   <div class='ocr_carea' id='block_1_18' title="bbox 818 1718 2388 1793">
    <p class='ocr_par' dir='ltr' id='par_1_18' title="bbox 818 1718 2388 1793">
     <span class='ocr_line' id='line_1_18' title="bbox 818 1718 2388 1793; baseline -0.002 -17"><span class='ocrx_word' id='word_1_114' title='bbox 818 1734 976 1793; x_wconf 84' lang='lat' dir='ltr'><strong>patos</strong></span> <span class='ocrx_word' id='word_1_115' title='bbox 1033 1722 1556 1793; x_wconf 85' lang='lat' dir='ltr'><strong>deprehenderunt,</strong></span> <span class='ocrx_word' id='word_1_116' title='bbox 1607 1731 1831 1776; x_wconf 86' lang='lat' dir='ltr'><strong>orantes</strong></span> <span class='ocrx_word' id='word_1_117' title='bbox 1876 1720 2112 1784; x_wconf 83' lang='lat' dir='ltr'><strong>scilicet,</strong></span> <span class='ocrx_word' id='word_1_118' title='bbox 2180 1718 2388 1775; x_wconf 84' lang='lat' dir='ltr'><strong>morbis</strong></span> 
     </span>
    </p>
   </div>
   <div class='ocr_carea' id='block_1_19' title="bbox 817 1800 2386 1882">
    <p class='ocr_par' dir='ltr' id='par_1_19' title="bbox 817 1800 2386 1882">
     <span class='ocr_line' id='line_1_19' title="bbox 817 1800 2386 1882; baseline -0.003 -12"><span class='ocrx_word' id='word_1_119' title='bbox 817 1816 1120 1882; x_wconf 89' lang='lat' dir='ltr'><strong>medentes,</strong></span> <span class='ocrx_word' id='word_1_120' title='bbox 1187 1814 1457 1869; x_wconf 62' lang='lat' dir='ltr'><strong>dietnonia</strong></span> <span class='ocrx_word' id='word_1_121' title='bbox 1509 1800 1814 1882; x_wconf 53' lang='lat' dir='ltr'><strong>eji&#39;cientes.</strong></span> <span class='ocrx_word' id='word_1_122' title='bbox 1878 1810 2083 1867; x_wconf 79' lang='lat' dir='ltr'><strong>Verum</strong></span> <span class='ocrx_word' id='word_1_123' title='bbox 2136 1811 2227 1867; x_wconf 87' lang='lat' dir='ltr'><strong>isti</strong></span> <span class='ocrx_word' id='word_1_124' title='bbox 2291 1814 2386 1882; x_wconf 89' lang='lat' dir='ltr'><strong>qui</strong></span> 
     </span>
    </p>
   </div>
   <div class='ocr_carea' id='block_1_20' title="bbox 2499 717 4080 807">
    <p class='ocr_par' dir='ltr' id='par_1_20' title="bbox 2499 717 4080 807">
     <span class='ocr_line' id='line_1_20' title="bbox 2499 717 4080 807; baseline 0.02 -42"><span class='ocrx_word' id='word_1_125' title='bbox 2499 729 2651 807; x_wconf 80' lang='grc' dir='ltr'>φοροι</span> <span class='ocrx_word' id='word_1_126' title='bbox 2695 717 2800 788; x_wconf 85' lang='grc' dir='ltr'><strong>γὰρ</strong></span> <span class='ocrx_word' id='word_1_127' title='bbox 2849 717 3116 790; x_wconf 81' lang='grc' dir='ltr'><strong>τιμωρίαι</strong></span> <span class='ocrx_word' id='word_1_128' title='bbox 3163 729 3304 780; x_wconf 82' lang='grc' dir='ltr'>κατὰ</span> <span class='ocrx_word' id='word_1_129' title='bbox 3330 730 3439 782; x_wconf 88' lang='grc' dir='ltr'><strong>τῶν</strong></span> <span class='ocrx_word' id='word_1_130' title='bbox 3464 733 3756 804; x_wconf 76' lang='grc' dir='ltr'><strong>ἡσυχάζειν</strong></span> <span class='ocrx_word' id='word_1_131' title='bbox 3788 739 4080 807; x_wconf 83' lang='grc' dir='ltr'><strong>φιλούντων</strong></span> 
     </span>
    </p>
   </div>
   <div class='ocr_carea' id='block_1_21' title="bbox 2497 804 4080 902">
    <p class='ocr_par' dir='ltr' id='par_1_21' title="bbox 2497 804 4080 902">
     <span class='ocr_line' id='line_1_21' title="bbox 2497 804 4080 902; baseline 0.021 -48"><span class='ocrx_word' id='word_1_132' title='bbox 2497 804 2758 902; x_wconf 39' lang='lat' dir='ltr'><strong>{rivos-Ito.-</strong></span> <span class='ocrx_word' id='word_1_133' title='bbox 2775 807 2928 902; x_wconf 76' lang='grc' dir='ltr'>Ἐπεὶ</span> <span class='ocrx_word' id='word_1_134' title='bbox 2950 811 3005 864; x_wconf 86' lang='grc' dir='ltr'><strong>δὲ</strong></span> <span class='ocrx_word' id='word_1_135' title='bbox 3031 814 3204 871; x_wconf 80' lang='grc' dir='ltr'>ταῦτα</span> <span class='ocrx_word' id='word_1_136' title='bbox 3234 819 3291 872; x_wconf 77' lang='grc' dir='ltr'>ἐν</span> <span class='ocrx_word' id='word_1_137' title='bbox 3327 824 3391 891; x_wconf 80' lang='grc' dir='ltr'>τῇ</span> <span class='ocrx_word' id='word_1_138' title='bbox 3438 804 3813 902; x_wconf 70' lang='grc' dir='ltr'>Ἀλεξανδρεία</span> <span class='ocrx_word' id='word_1_139' title='bbox 3905 832 4080 887; x_wconf 78' lang='grc' dir='ltr'>ἐδόκει</span> 
     </span>
    </p>
   </div>
   <div class='ocr_carea' id='block_1_22' title="bbox 2494 888 4078 985">
    <p class='ocr_par' dir='ltr' id='par_1_22' title="bbox 2494 888 4078 985">
     <span class='ocr_line' id='line_1_22' title="bbox 2494 888 4078 985; baseline 0.02 -42"><span class='ocrx_word' id='word_1_140' title='bbox 2494 890 2707 966; x_wconf 87' lang='grc' dir='ltr'>Δουκίῳ</span> <span class='ocrx_word' id='word_1_141' title='bbox 2735 897 3075 985; x_wconf 71' lang='grc' dir='ltr'>έπέπρακτο,</span> <span class='ocrx_word' id='word_1_142' title='bbox 3107 903 3342 971; x_wconf 79' lang='grc' dir='ltr'>Εὐζώῐος</span> <span class='ocrx_word' id='word_1_143' title='bbox 3366 888 3424 962; x_wconf 62' lang='grc' dir='ltr'><strong>δὲ</strong></span> <span class='ocrx_word' id='word_1_144' title='bbox 3456 888 3703 982; x_wconf 30' lang='grc' dir='ltr'><strong>(71)*ὲπὶ.</strong></span> <span class='ocrx_word' id='word_1_145' title='bbox 3730 888 4078 985; x_wconf 49' lang='grc' dir='ltr'>τηει⁶”Αντιὸ-</span> 
     </span>
    </p>
   </div>
   <div class='ocr_carea' id='block_1_23' title="bbox 2495 983 4077 1084">
    <p class='ocr_par' dir='ltr' id='par_1_23' title="bbox 2495 983 4077 1084">
     <span class='ocr_line' id='line_1_23' title="bbox 2495 983 4077 1084; baseline 0.021 -48"><span class='ocrx_word' id='word_1_146' title='bbox 2495 1002 2646 1084; x_wconf 73' lang='grc' dir='ltr'>χειαν</span> <span class='ocrx_word' id='word_1_147' title='bbox 2694 983 2848 1054; x_wconf 84' lang='grc' dir='ltr'>αὖθις</span> <span class='ocrx_word' id='word_1_148' title='bbox 2896 992 3264 1067; x_wconf 81' lang='grc' dir='ltr'>ὑπέστρεψενο</span> <span class='ocrx_word' id='word_1_149' title='bbox 3318 1002 3366 1053; x_wconf 84' lang='grc' dir='ltr'><strong>οἰ</strong></span> <span class='ocrx_word' id='word_1_150' title='bbox 3413 1001 3468 1056; x_wconf 83' lang='grc' dir='ltr'><strong>δὲ</strong></span> <span class='ocrx_word' id='word_1_151' title='bbox 3521 1005 3684 1071; x_wconf 80' lang='grc' dir='ltr'>εὐθὺς</span> <span class='ocrx_word' id='word_1_152' title='bbox 3728 983 3820 1064; x_wconf 73' lang='grc' dir='ltr'><strong>ἐπὶ</strong></span> <span class='ocrx_word' id='word_1_153' title='bbox 3869 1013 3937 1066; x_wconf 86' lang='grc' dir='ltr'>τὰ</span> <span class='ocrx_word' id='word_1_154' title='bbox 3979 1014 4077 1084; x_wconf 79' lang='grc' dir='ltr'>τῆς</span> 
     </span>
    </p>
   </div>
   <div class='ocr_carea' id='block_1_24' title="bbox 2494 1077 4076 1172">
    <p class='ocr_par' dir='ltr' id='par_1_24' title="bbox 2494 1077 4076 1172">
     <span class='ocr_line' id='line_1_24' title="bbox 2494 1077 4076 1172; baseline 0.019 -44"><span class='ocrx_word' id='word_1_155' title='bbox 2494 1077 2767 1146; x_wconf 80' lang='grc' dir='ltr'><strong>Αἰγύπτου</strong></span> <span class='ocrx_word' id='word_1_156' title='bbox 2798 1088 3135 1158; x_wconf 68' lang='grc' dir='ltr'>μοναστήρια</span> <span class='ocrx_word' id='word_1_157' title='bbox 3180 1088 3420 1160; x_wconf 75' lang='grc' dir='ltr'><strong>ἐχώρουν</strong></span> <span class='ocrx_word' id='word_1_158' title='bbox 3439 1113 3453 1127; x_wconf 81' lang='grc' dir='ltr'><strong>ο</strong></span> <span class='ocrx_word' id='word_1_159' title='bbox 3485 1096 3512 1148; x_wconf 87' lang='lat'><strong>6</strong></span> <span class='ocrx_word' id='word_1_160' title='bbox 3548 1095 3604 1149; x_wconf 87' lang='grc' dir='ltr'><strong>δὲ</strong></span> <span class='ocrx_word' id='word_1_161' title='bbox 3635 1101 3938 1170; x_wconf 85' lang='grc' dir='ltr'>στρατηγὸς</span> 
     </span>
    </p>
   </div>
   <div class='ocr_carea' id='block_1_25' title="bbox 2496 1172 4079 1262">
    <p class='ocr_par' dir='ltr' id='par_1_25' title="bbox 2496 1172 4079 1262">
     <span class='ocr_line' id='line_1_25' title="bbox 2496 1172 4079 1262; baseline 0.017 -40"><span class='ocrx_word' id='word_1_162' title='bbox 2496 1172 2590 1224; x_wconf 85' lang='grc' dir='ltr'>σὺν</span> <span class='ocrx_word' id='word_1_163' title='bbox 2620 1173 2812 1243; x_wconf 83' lang='grc' dir='ltr'>πλήθει</span> <span class='ocrx_word' id='word_1_164' title='bbox 2844 1177 3052 1232; x_wconf 84' lang='grc' dir='ltr'>πολλῶν</span> <span class='ocrx_word' id='word_1_165' title='bbox 3079 1183 3445 1253; x_wconf 73' lang='grc' dir='ltr'><strong>στρατιωτῶν,</strong></span> <span class='ocrx_word' id='word_1_166' title='bbox 3469 1189 3560 1240; x_wconf 77' lang='grc' dir='ltr'>καὶ</span> <span class='ocrx_word' id='word_1_167' title='bbox 3585 1189 3613 1241; x_wconf 88' lang='lat'><strong>6</strong></span> <span class='ocrx_word' id='word_1_168' title='bbox 3654 1190 3928 1262; x_wconf 84' lang='grc' dir='ltr'>Ἀρειανὸς</span> <span class='ocrx_word' id='word_1_169' title='bbox 3950 1195 4079 1248; x_wconf 76' lang='lat' dir='ltr'><strong>Auti-</strong></span> 
     </span>
    </p>
   </div>
   <div class='ocr_carea' id='block_1_26' title="bbox 2493 1267 4076 1352">
    <p class='ocr_par' dir='ltr' id='par_1_26' title="bbox 2493 1267 4076 1352">
     <span class='ocr_line' id='line_1_26' title="bbox 2493 1267 4076 1352; baseline 0.014 -36"><span class='ocrx_word' id='word_1_170' title='bbox 2493 1280 2630 1330; x_wconf 84' lang='grc' dir='ltr'>κιος.</span> <span class='ocrx_word' id='word_1_171' title='bbox 2661 1267 2934 1341; x_wconf 75' lang='grc' dir='ltr'>Οὐδὲ.γὰρ</span> <span class='ocrx_word' id='word_1_172' title='bbox 2958 1271 3115 1335; x_wconf 85' lang='grc' dir='ltr'>αὐτὸς</span> <span class='ocrx_word' id='word_1_173' title='bbox 3147 1274 3488 1337; x_wconf 82' lang='grc' dir='ltr'>ἀπελείπετο,</span> <span class='ocrx_word' id='word_1_174' title='bbox 3524 1279 3658 1333; x_wconf 82' lang='grc' dir='ltr'>ἀλλὰ</span> <span class='ocrx_word' id='word_1_175' title='bbox 3691 1282 3876 1352; x_wconf 85' lang='grc' dir='ltr'>στίφος</span> <span class='ocrx_word' id='word_1_176' title='bbox 3907 1285 4076 1346; x_wconf 79' lang='grc' dir='ltr'>ἁγίων</span> 
     </span>
    </p>
   </div>
   <div class='ocr_carea' id='block_1_27' title="bbox 2492 1359 4071 1447">
    <p class='ocr_par' dir='ltr' id='par_1_27' title="bbox 2492 1359 4071 1447">
     <span class='ocr_line' id='line_1_27' title="bbox 2492 1359 4071 1447; baseline 0.012 -36"><span class='ocrx_word' id='word_1_177' title='bbox 2492 1359 2699 1429; x_wconf 84' lang='grc' dir='ltr'>ἀνδρῶν</span> <span class='ocrx_word' id='word_1_178' title='bbox 2730 1361 2978 1432; x_wconf 76' lang='grc' dir='ltr'><strong>οὐδαμῶς</strong></span> <span class='ocrx_word' id='word_1_179' title='bbox 3029 1363 3413 1436; x_wconf 77' lang='grc' dir='ltr'>οἰκτιζομένων</span> <span class='ocrx_word' id='word_1_180' title='bbox 3439 1381 3490 1439; x_wconf 73' lang='grc' dir='ltr'>(ι,</span> <span class='ocrx_word' id='word_1_181' title='bbox 3515 1372 3731 1444; x_wconf 81' lang='grc' dir='ltr'>χείρονα</span> <span class='ocrx_word' id='word_1_182' title='bbox 3769 1375 3878 1428; x_wconf 91' lang='grc' dir='ltr'><strong>τῶν</strong></span> <span class='ocrx_word' id='word_1_183' title='bbox 3906 1393 4071 1447; x_wconf 81' lang='grc' dir='ltr'>στρα-</span> 
     </span>
    </p>
   </div>
   <div class='ocr_carea' id='block_1_28' title="bbox 2490 1451 4070 1544">
    <p class='ocr_par' dir='ltr' id='par_1_28' title="bbox 2490 1451 4070 1544">
     <span class='ocr_line' id='line_1_28' title="bbox 2490 1451 4070 1544; baseline 0.014 -42"><span class='ocrx_word' id='word_1_184' title='bbox 2490 1451 2698 1544; x_wconf 83' lang='grc' dir='ltr'>τιωτῶν</span> <span class='ocrx_word' id='word_1_185' title='bbox 2726 1451 3098 1544; x_wconf 80' lang='grc' dir='ltr'>διεπράττετο.</span> <span class='ocrx_word' id='word_1_186' title='bbox 3141 1458 3227 1521; x_wconf 81' lang='grc' dir='ltr'>Ὠς</span> <span class='ocrx_word' id='word_1_187' title='bbox 3262 1459 3318 1512; x_wconf 77' lang='grc' dir='ltr'><strong>δὲ</strong></span> <span class='ocrx_word' id='word_1_188' title='bbox 3362 1461 3456 1515; x_wconf 75' lang='grc' dir='ltr'><strong>ἐπὶ</strong></span> <span class='ocrx_word' id='word_1_189' title='bbox 3485 1463 3577 1518; x_wconf 87' lang='grc' dir='ltr'>τὸν</span> <span class='ocrx_word' id='word_1_190' title='bbox 3618 1467 3782 1521; x_wconf 89' lang='grc' dir='ltr'>τόπον</span> <span class='ocrx_word' id='word_1_191' title='bbox 3812 1469 4070 1538; x_wconf 74' lang='grc' dir='ltr'>ἐγίνοντο,</span> 
     </span>
    </p>
   </div>
   <div class='ocr_carea' id='block_1_29' title="bbox 2491 1543 4067 1630">
    <p class='ocr_par' dir='ltr' id='par_1_29' title="bbox 2491 1543 4067 1630">
     <span class='ocr_line' id='line_1_29' title="bbox 2491 1543 4067 1630; baseline 0.013 -34"><span class='ocrx_word' id='word_1_192' title='bbox 2491 1543 2898 1615; x_wconf 83' lang='grc' dir='ltr'>κατελάμϐανον</span> <span class='ocrx_word' id='word_1_193' title='bbox 2929 1548 3055 1612; x_wconf 79' lang='grc' dir='ltr'>τοὺς</span> <span class='ocrx_word' id='word_1_194' title='bbox 3088 1549 3286 1622; x_wconf 73' lang='grc' dir='ltr'>ἄνδρας</span> <span class='ocrx_word' id='word_1_195' title='bbox 3328 1552 3398 1607; x_wconf 81' lang='grc' dir='ltr'>τὰ</span> <span class='ocrx_word' id='word_1_196' title='bbox 3443 1557 3648 1627; x_wconf 78' lang='grc' dir='ltr'>συνήθη</span> <span class='ocrx_word' id='word_1_197' title='bbox 3700 1545 4067 1630; x_wconf 75' lang='grc' dir='ltr'>πράττοντας·</span> 
     </span>
    </p>
   </div>
   <div class='ocr_carea' id='block_1_30' title="bbox 2489 1635 4074 1728">
    <p class='ocr_par' dir='ltr' id='par_1_30' title="bbox 2489 1635 4074 1728">
     <span class='ocr_line' id='line_1_30' title="bbox 2489 1635 4074 1728; baseline 0.015 -43"><span class='ocrx_word' id='word_1_198' title='bbox 2489 1635 2848 1724; x_wconf 59' lang='grc' dir='ltr'>εὐχομένους,</span> <span class='ocrx_word' id='word_1_199' title='bbox 2897 1639 3044 1708; x_wconf 85' lang='grc' dir='ltr'>πάθη</span> <span class='ocrx_word' id='word_1_200' title='bbox 3095 1640 3516 1714; x_wconf 86' lang='grc' dir='ltr'>θεραπεύοντας,</span> <span class='ocrx_word' id='word_1_201' title='bbox 3565 1641 3820 1720; x_wconf 69' lang='grc' dir='ltr'>δαίμονας</span> <span class='ocrx_word' id='word_1_202' title='bbox 3853 1653 4074 1728; x_wconf 77' lang='grc' dir='ltr'>ἐξελαύ-</span> 
     </span>
    </p>
   </div>
   <div class='ocr_carea' id='block_1_31' title="bbox 2489 1729 4075 1816">
    <p class='ocr_par' dir='ltr' id='par_1_31' title="bbox 2489 1729 4075 1816">
     <span class='ocr_line' id='line_1_31' title="bbox 2489 1729 4075 1816; baseline 0.015 -39"><span class='ocrx_word' id='word_1_203' title='bbox 2489 1741 2697 1789; x_wconf 89' lang='grc' dir='ltr'>νοντας.</span> <span class='ocrx_word' id='word_1_204' title='bbox 2729 1729 2792 1806; x_wconf 71' lang='grc' dir='ltr'><strong>Οἱ</strong></span> <span class='ocrx_word' id='word_1_205' title='bbox 2817 1729 2893 1794; x_wconf 78' lang='grc' dir='ltr'><strong>δὲ,</strong></span> <span class='ocrx_word' id='word_1_206' title='bbox 2918 1732 3093 1803; x_wconf 85' lang='grc' dir='ltr'>μικρά</span> <span class='ocrx_word' id='word_1_207' title='bbox 3122 1735 3231 1788; x_wconf 88' lang='grc' dir='ltr'><strong>τῶν</strong></span> <span class='ocrx_word' id='word_1_208' title='bbox 3257 1736 3351 1790; x_wconf 88' lang='grc' dir='ltr'><strong>τοῦ</strong></span> <span class='ocrx_word' id='word_1_209' title='bbox 3399 1735 3535 1793; x_wconf 90' lang='grc' dir='ltr'>Θεοῦ</span> <span class='ocrx_word' id='word_1_210' title='bbox 3576 1739 3870 1812; x_wconf 83' lang='grc' dir='ltr'>θαυμάτων</span> <span class='ocrx_word' id='word_1_211' title='bbox 3909 1763 4075 1816; x_wconf 88' lang='grc' dir='ltr'>φρον-</span> 
     </span>
    </p>
   </div>
   <div class='ocr_carea' id='block_1_32' title="bbox 2488 1816 4071 1908">
    <p class='ocr_par' dir='ltr' id='par_1_32' title="bbox 2488 1816 4071 1908">
     <span class='ocr_line' id='line_1_32' title="bbox 2488 1816 4071 1908; baseline 0.016 -41"><span class='ocrx_word' id='word_1_212' title='bbox 2488 1816 2754 1908; x_wconf 74' lang='grc' dir='ltr'>τίσαντες,</span> <span class='ocrx_word' id='word_1_213' title='bbox 2778 1819 2900 1874; x_wconf 84' lang='grc' dir='ltr'>οὐδὲ</span> <span class='ocrx_word' id='word_1_214' title='bbox 2923 1821 3022 1886; x_wconf 83' lang='grc' dir='ltr'><strong>τὰς</strong></span> <span class='ocrx_word' id='word_1_215' title='bbox 3050 1825 3300 1896; x_wconf 81' lang='grc' dir='ltr'><strong>συνήθεις</strong></span> <span class='ocrx_word' id='word_1_216' title='bbox 3335 1829 3501 1899; x_wconf 80' lang='grc' dir='ltr'>εὐχάς</span> <span class='ocrx_word' id='word_1_217' title='bbox 3534 1832 3591 1886; x_wconf 84' lang='grc' dir='ltr'><strong>έν</strong></span> <span class='ocrx_word' id='word_1_218' title='bbox 3615 1837 3727 1898; x_wconf 82' lang='grc' dir='ltr'>τοῖς</span> <span class='ocrx_word' id='word_1_219' title='bbox 3766 1837 4071 1908; x_wconf 84' lang='grc' dir='ltr'>εὐκτηρίοις</span> 
     </span>
    </p>
   </div>
   <div class='ocr_carea' id='block_1_33' title="bbox 818 1903 2581 1991">
    <p class='ocr_par' dir='ltr' id='par_1_33' title="bbox 818 1903 2581 1977">
     <span class='ocr_line' id='line_1_33' title="bbox 818 1903 2581 1977; baseline -0.001 -17"><span class='ocrx_word' id='word_1_220' title='bbox 818 1908 1015 1962; x_wconf 68' lang='lat' dir='ltr'><strong>divina:</strong></span> <span class='ocrx_word' id='word_1_221' title='bbox 1073 1907 1330 1977; x_wconf 70' lang='lat' dir='ltr'><strong>potentia:</strong></span> <span class='ocrx_word' id='word_1_222' title='bbox 1391 1905 1653 1959; x_wconf 87' lang='lat' dir='ltr'><strong>miracula</strong></span> <span class='ocrx_word' id='word_1_223' title='bbox 1701 1903 1854 1974; x_wconf 90' lang='lat' dir='ltr'><strong>parvi</strong></span> <span class='ocrx_word' id='word_1_224' title='bbox 1889 1903 2262 1970; x_wconf 66' lang='lat' dir='ltr'><strong>aestimabant,</strong></span> <span class='ocrx_word' id='word_1_225' title='bbox 2318 1918 2387 1959; x_wconf 91' lang='lat' dir='ltr'><strong>ne</strong></span> <span class='ocrx_word' id='word_1_226' title='bbox 2419 1903 2581 1958; x_wconf 70' lang='grc' dir='ltr'><strong>υτόαιι</strong></span> 
     </span>
    </p>
   </div>
   <div class='ocr_carea' id='block_1_34' title="bbox 2307 1903 4070 1991">
    <p class='ocr_par' dir='ltr' id='par_1_34' title="bbox 2318 1903 4070 1991">
     <span class='ocr_line' id='line_1_34' title="bbox 2318 1903 4070 1991; baseline 0.014 -33"><span class='ocrx_word' id='word_1_227' title='bbox 2318 1918 2387 1959; x_wconf 90' lang='lat' dir='ltr'><strong>ne</strong></span> <span class='ocrx_word' id='word_1_228' title='bbox 2419 1903 2462 1930; x_wconf 85' lang='lat'><strong>&quot;</strong></span> <span class='ocrx_word' id='word_1_229' title='bbox 2487 1905 2671 1970; x_wconf 81' lang='grc' dir='ltr'>τόποις</span> <span class='ocrx_word' id='word_1_230' title='bbox 2714 1910 3050 1984; x_wconf 86' lang='grc' dir='ltr'>συνεχώρουν</span> <span class='ocrx_word' id='word_1_231' title='bbox 3103 1917 3470 1974; x_wconf 75' lang='grc' dir='ltr'>ἐπιτελεῖσθαι</span> <span class='ocrx_word' id='word_1_232' title='bbox 3492 1937 3506 1952; x_wconf 77' lang='grc'><em>’</em></span> <span class='ocrx_word' id='word_1_233' title='bbox 3559 1923 3694 1977; x_wconf 82' lang='grc' dir='ltr'>ἀλλὰ</span> <span class='ocrx_word' id='word_1_234' title='bbox 3732 1903 3952 1991; x_wconf 69' lang='grc' dir='ltr'><strong>αὐτοὺς⁷</strong></span> <span class='ocrx_word' id='word_1_235' title='bbox 3978 1932 4070 1984; x_wconf 78' lang='grc' dir='ltr'>καὶ</span> 
     </span>
    </p>
   </div>
   <div class='ocr_carea' id='block_1_35' title="bbox 816 1993 2386 2067">
    <p class='ocr_par' dir='ltr' id='par_1_35' title="bbox 816 1993 2386 2067">
     <span class='ocr_line' id='line_1_35' title="bbox 816 1993 2386 2067; baseline -0.001 -16"><span class='ocrx_word' id='word_1_236' title='bbox 816 2002 1088 2053; x_wconf 71' lang='lat' dir='ltr'><strong>solemnes</strong></span> <span class='ocrx_word' id='word_1_237' title='bbox 1112 1998 1332 2067; x_wconf 79' lang='lat' dir='ltr'><strong>quidem</strong></span> <span class='ocrx_word' id='word_1_238' title='bbox 1367 2011 1556 2066; x_wconf 87' lang='lat' dir='ltr'><strong>preces</strong></span> <span class='ocrx_word' id='word_1_239' title='bbox 1587 1997 1641 2050; x_wconf 94' lang='lat' dir='ltr'><strong>in</strong></span> <span class='ocrx_word' id='word_1_240' title='bbox 1673 1995 1930 2050; x_wconf 89' lang='lat' dir='ltr'><strong>oratoriis</strong></span> <span class='ocrx_word' id='word_1_241' title='bbox 1956 1993 2074 2050; x_wconf 86' lang='lat' dir='ltr'><strong>Iieri</strong></span> <span class='ocrx_word' id='word_1_242' title='bbox 2121 1995 2386 2065; x_wconf 88' lang='lat' dir='ltr'><strong>permise-</strong></span> 
     </span>
    </p>
   </div>
   <div class='ocr_carea' id='block_1_36' title="bbox 817 2087 2388 2156">
    <p class='ocr_par' dir='ltr' id='par_1_36' title="bbox 817 2087 2388 2156">
     <span class='ocr_line' id='line_1_36' title="bbox 817 2087 2388 2156; baseline -0.003 -11"><span class='ocrx_word' id='word_1_243' title='bbox 817 2101 945 2146; x_wconf 85' lang='lat' dir='ltr'><strong>runt</strong></span> <span class='ocrx_word' id='word_1_244' title='bbox 971 2109 986 2145; x_wconf 88' lang='lat'><strong>:</strong></span> <span class='ocrx_word' id='word_1_245' title='bbox 1027 2091 1120 2147; x_wconf 86' lang='lat' dir='ltr'><strong>sed</strong></span> <span class='ocrx_word' id='word_1_246' title='bbox 1163 2105 1229 2145; x_wconf 81' lang='lat' dir='ltr'><strong>ex</strong></span> <span class='ocrx_word' id='word_1_247' title='bbox 1257 2090 1326 2144; x_wconf 90' lang='lat' dir='ltr'><strong>iis</strong></span> <span class='ocrx_word' id='word_1_248' title='bbox 1353 2090 1518 2143; x_wconf 91' lang='lat' dir='ltr'><strong>etiam</strong></span> <span class='ocrx_word' id='word_1_249' title='bbox 1557 2088 1698 2143; x_wconf 91' lang='lat' dir='ltr'><strong>locis</strong></span> <span class='ocrx_word' id='word_1_250' title='bbox 1723 2097 1948 2142; x_wconf 85' lang='lat' dir='ltr'><strong>sanctos</strong></span> <span class='ocrx_word' id='word_1_251' title='bbox 1977 2087 2128 2142; x_wconf 85' lang='lat' dir='ltr'><strong>viros</strong></span> <span class='ocrx_word' id='word_1_252' title='bbox 2159 2087 2388 2156; x_wconf 81' lang='lat' dir='ltr'><strong>expule-</strong></span> 
     </span>
    </p>
   </div>
   <div class='ocr_carea' id='block_1_37' title="bbox 817 2179 2383 2250">
    <p class='ocr_par' dir='ltr' id='par_1_37' title="bbox 817 2179 2383 2250">
     <span class='ocr_line' id='line_1_37' title="bbox 817 2179 2383 2250; baseline -0.004 -10"><span class='ocrx_word' id='word_1_253' title='bbox 817 2193 965 2240; x_wconf 90' lang='lat' dir='ltr'><strong>runt.</strong></span> <span class='ocrx_word' id='word_1_254' title='bbox 984 2183 1095 2239; x_wconf 82' lang='lat' dir='ltr'><strong>Nec</strong></span> <span class='ocrx_word' id='word_1_255' title='bbox 1123 2184 1208 2238; x_wconf 93' lang='lat' dir='ltr'><strong>his</strong></span> <span class='ocrx_word' id='word_1_256' title='bbox 1237 2183 1502 2245; x_wconf 89' lang='lat' dir='ltr'><strong>contenti,</strong></span> <span class='ocrx_word' id='word_1_257' title='bbox 1525 2181 1756 2236; x_wconf 86' lang='lat' dir='ltr'><strong>ulterius</strong></span> <span class='ocrx_word' id='word_1_258' title='bbox 1768 2181 1932 2236; x_wconf 92' lang='lat' dir='ltr'><strong>etiam</strong></span> <span class='ocrx_word' id='word_1_259' title='bbox 1948 2179 2383 2250; x_wconf 73' lang='lat' dir='ltr'><strong>progredientes,</strong></span> 
     </span>
    </p>
   </div>
   <div class='ocr_carea' id='block_1_38' title="bbox 815 2271 2383 2334">
    <p class='ocr_par' dir='ltr' id='par_1_38' title="bbox 815 2271 2383 2334">
     <span class='ocr_line' id='line_1_38' title="bbox 815 2271 2383 2334; baseline -0.004 -2"><span class='ocrx_word' id='word_1_260' title='bbox 815 2278 986 2334; x_wconf 85' lang='lat' dir='ltr'><strong>anuis</strong></span> <span class='ocrx_word' id='word_1_261' title='bbox 1016 2280 1282 2331; x_wconf 81' lang='lat' dir='ltr'><strong>adversus</strong></span> <span class='ocrx_word' id='word_1_262' title='bbox 1310 2275 1435 2329; x_wconf 91' lang='lat' dir='ltr'><strong>illos</strong></span> <span class='ocrx_word' id='word_1_263' title='bbox 1475 2282 1604 2328; x_wconf 87' lang='lat' dir='ltr'><strong>sunt</strong></span> <span class='ocrx_word' id='word_1_264' title='bbox 1635 2274 1742 2329; x_wconf 88' lang='lat' dir='ltr'><strong>usi.</strong></span> <span class='ocrx_word' id='word_1_265' title='bbox 1793 2272 1919 2329; x_wconf 71' lang='lat' dir='ltr'><strong>Haec</strong></span> <span class='ocrx_word' id='word_1_266' title='bbox 1949 2271 2183 2328; x_wconf 82' lang='lat' dir='ltr'><strong>Ruﬁnus</strong></span> <span class='ocrx_word' id='word_1_267' title='bbox 2215 2279 2271 2328; x_wconf 89' lang='lat' dir='ltr'><strong>et</strong></span> <span class='ocrx_word' id='word_1_268' title='bbox 2299 2272 2383 2326; x_wconf 85' lang='lat' dir='ltr'><strong>vi-</strong></span> 
     </span>
    </p>
   </div>
   <div class='ocr_carea' id='block_1_39' title="bbox 815 2364 2380 2437">
    <p class='ocr_par' dir='ltr' id='par_1_39' title="bbox 815 2364 2380 2437">
     <span class='ocr_line' id='line_1_39' title="bbox 815 2364 2380 2437; baseline -0.005 -12"><span class='ocrx_word' id='word_1_269' title='bbox 815 2371 966 2425; x_wconf 87' lang='lat' dir='ltr'><strong>disse</strong></span> <span class='ocrx_word' id='word_1_270' title='bbox 993 2384 1053 2424; x_wconf 91' lang='lat' dir='ltr'><strong>se</strong></span> <span class='ocrx_word' id='word_1_271' title='bbox 1078 2382 1292 2434; x_wconf 87' lang='lat' dir='ltr'><strong>coram,</strong></span> <span class='ocrx_word' id='word_1_272' title='bbox 1329 2373 1385 2422; x_wconf 90' lang='lat' dir='ltr'><strong>et</strong></span> <span class='ocrx_word' id='word_1_273' title='bbox 1414 2380 1540 2420; x_wconf 87' lang='lat' dir='ltr'><strong>cum</strong></span> <span class='ocrx_word' id='word_1_274' title='bbox 1566 2366 1678 2422; x_wconf 86' lang='lat' dir='ltr'><strong>illis</strong></span> <span class='ocrx_word' id='word_1_275' title='bbox 1711 2380 2030 2437; x_wconf 87' lang='lat' dir='ltr'><strong>perpessum</strong></span> <span class='ocrx_word' id='word_1_276' title='bbox 2060 2379 2184 2421; x_wconf 89' lang='lat' dir='ltr'><strong>esse</strong></span> <span class='ocrx_word' id='word_1_277' title='bbox 2224 2364 2380 2420; x_wconf 89' lang='lat' dir='ltr'><strong>dicit.</strong></span> 
     </span>
    </p>
   </div>
   <div class='ocr_carea' id='block_1_40' title="bbox 818 2458 2384 2528">
    <p class='ocr_par' dir='ltr' id='par_1_40' title="bbox 818 2458 2384 2528">
     <span class='ocr_line' id='line_1_40' title="bbox 818 2458 2384 2528; baseline -0.001 -13"><span class='ocrx_word' id='word_1_278' title='bbox 818 2462 1050 2528; x_wconf 76' lang='lat' dir='ltr'><strong>Proinde</strong></span> <span class='ocrx_word' id='word_1_279' title='bbox 1078 2460 1487 2515; x_wconf 87' lang='lat' dir='ltr'><strong>renovabantur</strong></span> <span class='ocrx_word' id='word_1_280' title='bbox 1514 2459 1569 2513; x_wconf 91' lang='lat' dir='ltr'><strong>in</strong></span> <span class='ocrx_word' id='word_1_281' title='bbox 1622 2458 1732 2514; x_wconf 87' lang='lat' dir='ltr'><strong>illis</strong></span> <span class='ocrx_word' id='word_1_282' title='bbox 1762 2474 1828 2513; x_wconf 90' lang='lat' dir='ltr'><strong>ea</strong></span> <span class='ocrx_word' id='word_1_283' title='bbox 1860 2473 1982 2528; x_wconf 70' lang='lat' dir='ltr'><strong>qua:</strong></span> <span class='ocrx_word' id='word_1_284' title='bbox 2021 2458 2088 2512; x_wconf 90' lang='lat' dir='ltr'><strong>ab</strong></span> <span class='ocrx_word' id='word_1_285' title='bbox 2117 2458 2384 2528; x_wconf 78' lang='lat' dir='ltr'><strong>Apostolo</strong></span> 
     </span>
    </p>
   </div>
   <div class='ocr_carea' id='block_1_41' title="bbox 814 2545 2383 2610">
    <p class='ocr_par' dir='ltr' id='par_1_41' title="bbox 814 2545 2383 2610">
     <span class='ocr_line' id='line_1_41' title="bbox 814 2545 2383 2610; baseline -0.005 -2"><span class='ocrx_word' id='word_1_286' title='bbox 814 2560 947 2610; x_wconf 87' lang='lat' dir='ltr'><strong>sunt</strong></span> <span class='ocrx_word' id='word_1_287' title='bbox 1001 2551 1167 2605; x_wconf 88' lang='lat' dir='ltr'><strong>dicta.</strong></span> <span class='ocrx_word' id='word_1_288' title='bbox 1207 2549 1584 2604; x_wconf 86' lang='lat' dir='ltr'><strong>llludebantur</strong></span> <span class='ocrx_word' id='word_1_289' title='bbox 1633 2548 1779 2604; x_wconf 86' lang='lat' dir='ltr'><strong>enim</strong></span> <span class='ocrx_word' id='word_1_290' title='bbox 1822 2557 1877 2603; x_wconf 88' lang='lat' dir='ltr'><strong>et</strong></span> <span class='ocrx_word' id='word_1_291' title='bbox 1907 2547 2258 2604; x_wconf 66' lang='lat' dir='ltr'><strong>cadebantur</strong></span> <span class='ocrx_word' id='word_1_292' title='bbox 2281 2545 2383 2601; x_wconf 78' lang='lat' dir='ltr'><strong>fla-</strong></span> 
     </span>
    </p>
   </div>
   <div class='ocr_carea' id='block_1_42' title="bbox 813 2629 2379 2717">
    <p class='ocr_par' dir='ltr' id='par_1_42' title="bbox 813 2629 2379 2717">
     <span class='ocr_line' id='line_1_42' title="bbox 813 2629 2379 2717; baseline -0.004 -16"><span class='ocrx_word' id='word_1_293' title='bbox 813 2647 974 2717; x_wconf 78' lang='lat' dir='ltr'><strong>gris:</strong></span> <span class='ocrx_word' id='word_1_294' title='bbox 1048 2641 1441 2705; x_wconf 78' lang='lat' dir='ltr'><strong>nudabantuv,</strong></span> <span class='ocrx_word' id='word_1_295' title='bbox 1495 2629 1913 2705; x_wconf 69' lang='lat' dir='ltr'><strong>vinciebantur,</strong></span> <span class='ocrx_word' id='word_1_296' title='bbox 1971 2639 2379 2710; x_wconf 83' lang='lat' dir='ltr'><strong>lapidabantur,</strong></span> 
     </span>
    </p>
   </div>
   <div class='ocr_carea' id='block_1_43' title="bbox 813 2730 2379 2808">
    <p class='ocr_par' dir='ltr' id='par_1_43' title="bbox 813 2730 2379 2808">
     <span class='ocr_line' id='line_1_43' title="bbox 813 2730 2379 2808; baseline -0.004 -18"><span class='ocrx_word' id='word_1_297' title='bbox 813 2737 992 2808; x_wconf 83' lang='lat' dir='ltr'><strong>gladio</strong></span> <span class='ocrx_word' id='word_1_298' title='bbox 1036 2735 1513 2790; x_wconf 87' lang='lat' dir='ltr'><strong>interﬁciebantur</strong></span> <span class='ocrx_word' id='word_1_299' title='bbox 1554 2731 1656 2788; x_wconf 85' lang='lat' dir='ltr'><strong>viri</strong></span> <span class='ocrx_word' id='word_1_300' title='bbox 1707 2732 2032 2788; x_wconf 77' lang='lat' dir='ltr'><strong>aberrantes</strong></span> <span class='ocrx_word' id='word_1_301' title='bbox 2076 2730 2134 2786; x_wconf 82' lang='lat' dir='ltr'><strong>in</strong></span> <span class='ocrx_word' id='word_1_302' title='bbox 2177 2733 2379 2787; x_wconf 89' lang='lat' dir='ltr'><strong>solitu-</strong></span> 
     </span>
    </p>
   </div>
   <div class='ocr_carea' id='block_1_44' title="bbox 813 2823 2379 2895">
    <p class='ocr_par' dir='ltr' id='par_1_44' title="bbox 813 2823 2379 2895">
     <span class='ocr_line' id='line_1_44' title="bbox 813 2823 2379 2895; baseline -0.004 -13"><span class='ocrx_word' id='word_1_303' title='bbox 813 2829 962 2890; x_wconf 79' lang='lat' dir='ltr'><strong>dine,</strong></span> <span class='ocrx_word' id='word_1_304' title='bbox 1019 2826 1201 2882; x_wconf 84' lang='lat' dir='ltr'><strong>ovillis</strong></span> <span class='ocrx_word' id='word_1_305' title='bbox 1249 2832 1304 2880; x_wconf 92' lang='lat' dir='ltr'><strong>et</strong></span> <span class='ocrx_word' id='word_1_306' title='bbox 1335 2824 1579 2895; x_wconf 85' lang='lat' dir='ltr'><strong>caprinis</strong></span> <span class='ocrx_word' id='word_1_307' title='bbox 1625 2823 1858 2895; x_wconf 87' lang='lat' dir='ltr'><strong>pellibus</strong></span> <span class='ocrx_word' id='word_1_308' title='bbox 1898 2825 2053 2890; x_wconf 90' lang='lat' dir='ltr'><strong>tecti,</strong></span> <span class='ocrx_word' id='word_1_309' title='bbox 2103 2823 2379 2886; x_wconf 87' lang='lat' dir='ltr'><strong>destituti,</strong></span> 
     </span>
    </p>
   </div>
   <div class='ocr_carea' id='block_1_45' title="bbox 812 2913 2380 2989">
    <p class='ocr_par' dir='ltr' id='par_1_45' title="bbox 812 2913 2380 2989">
     <span class='ocr_line' id='line_1_45' title="bbox 812 2913 2380 2989; baseline -0.002 -18"><span class='ocrx_word' id='word_1_310' title='bbox 812 2919 1011 2989; x_wconf 88' lang='lat' dir='ltr'><strong>pressi,</strong></span> <span class='ocrx_word' id='word_1_311' title='bbox 1040 2917 1244 2983; x_wconf 72' lang='lat' dir='ltr'><strong>:iﬁlicti,</strong></span> <span class='ocrx_word' id='word_1_312' title='bbox 1276 2917 1476 2986; x_wconf 88' lang='lat' dir='ltr'><strong>quibus</strong></span> <span class='ocrx_word' id='word_1_313' title='bbox 1495 2913 1697 2985; x_wconf 81' lang='lat' dir='ltr'><strong>dignus</strong></span> <span class='ocrx_word' id='word_1_314' title='bbox 1729 2930 1837 2970; x_wconf 92' lang='lat' dir='ltr'><strong>non</strong></span> <span class='ocrx_word' id='word_1_315' title='bbox 1860 2922 1981 2971; x_wconf 88' lang='lat' dir='ltr'><strong>erat</strong></span> <span class='ocrx_word' id='word_1_316' title='bbox 2002 2914 2242 2970; x_wconf 87' lang='lat' dir='ltr'><strong>mundus</strong></span> <span class='ocrx_word' id='word_1_317' title='bbox 2275 2933 2290 2970; x_wconf 91' lang='lat'><strong>:</strong></span> <span class='ocrx_word' id='word_1_318' title='bbox 2323 2915 2380 2969; x_wconf 88' lang='lat' dir='ltr'><strong>in</strong></span> 
     </span>
    </p>
   </div>
   <div class='ocr_carea' id='block_1_46' title="bbox 811 3005 2381 3079">
    <p class='ocr_par' dir='ltr' id='par_1_46' title="bbox 811 3005 2381 3079">
     <span class='ocr_line' id='line_1_46' title="bbox 811 3005 2381 3079; baseline -0.003 -13"><span class='ocrx_word' id='word_1_319' title='bbox 811 3011 1045 3066; x_wconf 82' lang='lat' dir='ltr'><strong>desertis</strong></span> <span class='ocrx_word' id='word_1_320' title='bbox 1095 3009 1232 3065; x_wconf 87' lang='lat' dir='ltr'><strong>locis</strong></span> <span class='ocrx_word' id='word_1_321' title='bbox 1269 3014 1543 3072; x_wconf 89' lang='lat' dir='ltr'><strong>errantes,</strong></span> <span class='ocrx_word' id='word_1_322' title='bbox 1591 3006 1645 3061; x_wconf 91' lang='lat' dir='ltr'><strong>in</strong></span> <span class='ocrx_word' id='word_1_323' title='bbox 1678 3006 1981 3079; x_wconf 80' lang='lat' dir='ltr'><strong>montibus,</strong></span> <span class='ocrx_word' id='word_1_324' title='bbox 2011 3006 2065 3060; x_wconf 87' lang='lat' dir='ltr'><strong>in</strong></span> <span class='ocrx_word' id='word_1_325' title='bbox 2099 3005 2381 3077; x_wconf 83' lang='lat' dir='ltr'><strong>speluncis</strong></span> 
     </span>
    </p>
   </div>
   <div class='ocr_carea' id='block_1_47' title="bbox 811 3079 2379 3155">
    <p class='ocr_par' dir='ltr' id='par_1_47' title="bbox 811 3079 2379 3155">
     <span class='ocr_line' id='line_1_47' title="bbox 811 3079 2379 3155; baseline -0.003 -1"><span class='ocrx_word' id='word_1_326' title='bbox 811 3108 863 3154; x_wconf 83' lang='lat' dir='ltr'><strong>et</strong></span> <span class='ocrx_word' id='word_1_327' title='bbox 889 3099 1144 3155; x_wconf 89' lang='lat' dir='ltr'><strong>cavernis</strong></span> <span class='ocrx_word' id='word_1_328' title='bbox 1185 3105 1389 3152; x_wconf 83' lang='lat' dir='ltr'><strong>teme:</strong></span> <span class='ocrx_word' id='word_1_329' title='bbox 1445 3095 1666 3151; x_wconf 87' lang='lat' dir='ltr'><strong>tametsi</strong></span> <span class='ocrx_word' id='word_1_330' title='bbox 1710 3095 2083 3151; x_wconf 87' lang='lat' dir='ltr'><strong>testimonium</strong></span> <span class='ocrx_word' id='word_1_331' title='bbox 2114 3079 2379 3152; x_wconf 80' lang='lat' dir='ltr'><strong>haberent</strong></span> 
     </span>
    </p>
   </div>
   <div class='ocr_carea' id='block_1_48' title="bbox 810 3187 2376 3258">
    <p class='ocr_par' dir='ltr' id='par_1_48' title="bbox 810 3187 2376 3258">
     <span class='ocr_line' id='line_1_48' title="bbox 810 3187 2376 3258; baseline -0.001 -15"><span class='ocrx_word' id='word_1_332' title='bbox 810 3203 925 3245; x_wconf 86' lang='lat' dir='ltr'><strong>tum</strong></span> <span class='ocrx_word' id='word_1_333' title='bbox 951 3205 980 3244; x_wconf 94' lang='lat' dir='ltr'><strong>a</strong></span> <span class='ocrx_word' id='word_1_334' title='bbox 1013 3189 1137 3253; x_wconf 82' lang='lat' dir='ltr'><strong>ﬁde,</strong></span> <span class='ocrx_word' id='word_1_335' title='bbox 1177 3199 1290 3244; x_wconf 92' lang='lat' dir='ltr'><strong>tum</strong></span> <span class='ocrx_word' id='word_1_336' title='bbox 1325 3189 1396 3243; x_wconf 87' lang='lat' dir='ltr'><strong>ab</strong></span> <span class='ocrx_word' id='word_1_337' title='bbox 1434 3188 1696 3258; x_wconf 86' lang='lat' dir='ltr'><strong>operibus</strong></span> <span class='ocrx_word' id='word_1_338' title='bbox 1724 3194 1778 3241; x_wconf 88' lang='lat' dir='ltr'><strong>et</strong></span> <span class='ocrx_word' id='word_1_339' title='bbox 1809 3187 2193 3249; x_wconf 83' lang='lat' dir='ltr'><strong>curationibus</strong></span> <span class='ocrx_word' id='word_1_340' title='bbox 2237 3203 2376 3258; x_wconf 90' lang='lat' dir='ltr'><strong>quas</strong></span> 
     </span>
    </p>
   </div>
   <div class='ocr_carea' id='block_1_49' title="bbox 809 3248 2450 3352">
    <p class='ocr_par' dir='ltr' id='par_1_49' title="bbox 809 3248 2450 3352">
     <span class='ocr_line' id='line_1_49' title="bbox 809 3248 2450 3352; baseline -0.001 -16"><span class='ocrx_word' id='word_1_341' title='bbox 809 3297 907 3352; x_wconf 56' lang='lat' dir='ltr'><strong>per</strong></span> <span class='ocrx_word' id='word_1_342' title='bbox 973 3248 1220 3351; x_wconf 80' lang='lat' dir='ltr'><strong>ipsorum</strong></span> <span class='ocrx_word' id='word_1_343' title='bbox 1292 3248 1490 3333; x_wconf 75' lang='lat' dir='ltr'><strong>manus</strong></span> <span class='ocrx_word' id='word_1_344' title='bbox 1551 3277 1740 3332; x_wconf 86' lang='lat' dir='ltr'><strong>divina</strong></span> <span class='ocrx_word' id='word_1_345' title='bbox 1797 3278 1974 3348; x_wconf 83' lang='lat' dir='ltr'><strong>gratia</strong></span> <span class='ocrx_word' id='word_1_346' title='bbox 2035 3248 2450 3348; x_wconf 71' lang='lat' dir='ltr'><strong>perﬁciebat.c</strong></span> 
     </span>
    </p>
   </div>
   <div class='ocr_carea' id='block_1_50' title="bbox 815 3368 2378 3441">
    <p class='ocr_par' dir='ltr' id='par_1_50' title="bbox 815 3368 2378 3441">
     <span class='ocr_line' id='line_1_50' title="bbox 815 3368 2378 3441; baseline 0.004 -19"><span class='ocrx_word' id='word_1_347' title='bbox 815 3369 1012 3426; x_wconf 87' lang='lat' dir='ltr'><strong>Verum</strong></span> <span class='ocrx_word' id='word_1_348' title='bbox 1038 3369 1134 3425; x_wconf 82' lang='lat' dir='ltr'><strong>Dei</strong></span> <span class='ocrx_word' id='word_1_349' title='bbox 1171 3368 1533 3441; x_wconf 80' lang='lat' dir='ltr'><strong>providentia,</strong></span> <span class='ocrx_word' id='word_1_350' title='bbox 1562 3377 1622 3424; x_wconf 91' lang='lat' dir='ltr'><strong>ut</strong></span> <span class='ocrx_word' id='word_1_351' title='bbox 1642 3369 1938 3425; x_wconf 83' lang='lat' dir='ltr'><strong>verisimile</strong></span> <span class='ocrx_word' id='word_1_352' title='bbox 1966 3379 2073 3436; x_wconf 89' lang='lat' dir='ltr'><strong>est,</strong></span> <span class='ocrx_word' id='word_1_353' title='bbox 2118 3369 2233 3425; x_wconf 72' lang='lat' dir='ltr'><strong>haec</strong></span> <span class='ocrx_word' id='word_1_354' title='bbox 2253 3371 2378 3428; x_wconf 76' lang='lat' dir='ltr'><strong>illos</strong></span> 
     </span>
    </p>
   </div>
   <div class='ocr_carea' id='block_1_51' title="bbox 808 3460 2375 3532">
    <p class='ocr_par' dir='ltr' id='par_1_51' title="bbox 808 3460 2375 3532">
     <span class='ocr_line' id='line_1_51' title="bbox 808 3460 2375 3532; baseline -0.001 -16"><span class='ocrx_word' id='word_1_355' title='bbox 808 3463 919 3532; x_wconf 85' lang='lat' dir='ltr'><strong>pati</strong></span> <span class='ocrx_word' id='word_1_356' title='bbox 954 3463 1076 3517; x_wconf 92' lang='lat' dir='ltr'><strong>ideo</strong></span> <span class='ocrx_word' id='word_1_357' title='bbox 1107 3460 1377 3532; x_wconf 82' lang='lat' dir='ltr'><strong>permisit,</strong></span> <span class='ocrx_word' id='word_1_358' title='bbox 1410 3468 1468 3514; x_wconf 93' lang='lat' dir='ltr'><strong>ut</strong></span> <span class='ocrx_word' id='word_1_359' title='bbox 1492 3476 1589 3530; x_wconf 89' lang='lat' dir='ltr'><strong>per</strong></span> <span class='ocrx_word' id='word_1_360' title='bbox 1611 3461 1755 3515; x_wconf 86' lang='lat' dir='ltr'><strong>mala</strong></span> <span class='ocrx_word' id='word_1_361' title='bbox 1783 3475 1905 3531; x_wconf 71' lang='lat' dir='ltr'><strong>qua:</strong></span> <span class='ocrx_word' id='word_1_362' title='bbox 1931 3462 2022 3517; x_wconf 86' lang='lat' dir='ltr'><strong>isti</strong></span> <span class='ocrx_word' id='word_1_363' title='bbox 2047 3461 2375 3532; x_wconf 85' lang='lat' dir='ltr'><strong>tolerabant,</strong></span> 
     </span>
    </p>
   </div>
   <div class='ocr_carea' id='block_1_52' title="bbox 809 3530 2376 3622">
    <p class='ocr_par' dir='ltr' id='par_1_52' title="bbox 809 3530 2376 3622">
     <span class='ocr_line' id='line_1_52' title="bbox 809 3530 2376 3622; baseline 0.001 -17"><span class='ocrx_word' id='word_1_364' title='bbox 809 3530 906 3607; x_wconf 78' lang='lat' dir='ltr'><strong>alii</strong></span> <span class='ocrx_word' id='word_1_365' title='bbox 939 3530 1173 3607; x_wconf 82' lang='lat' dir='ltr'><strong>salutem</strong></span> <span class='ocrx_word' id='word_1_366' title='bbox 1213 3551 1270 3606; x_wconf 83' lang='lat' dir='ltr'><strong>in</strong></span> <span class='ocrx_word' id='word_1_367' title='bbox 1298 3549 1529 3605; x_wconf 87' lang='lat' dir='ltr'><strong>Domino</strong></span> <span class='ocrx_word' id='word_1_368' title='bbox 1555 3530 2046 3621; x_wconf 74' lang='lat' dir='ltr'><strong>consequerentur.</strong></span> <span class='ocrx_word' id='word_1_369' title='bbox 2079 3530 2248 3622; x_wconf 72' lang='lat' dir='ltr'><strong>quue</strong></span> <span class='ocrx_word' id='word_1_370' title='bbox 2301 3554 2376 3606; x_wconf 86' lang='lat' dir='ltr'><strong>ita</strong></span> 
     </span>
    </p>
   </div>
   <div class='ocr_carea' id='block_1_53' title="bbox 808 3643 2376 3722">
    <p class='ocr_par' dir='ltr' id='par_1_53' title="bbox 808 3643 2376 3722">
     <span class='ocr_line' id='line_1_53' title="bbox 808 3643 2376 3722; baseline 0 -24"><span class='ocrx_word' id='word_1_371' title='bbox 808 3659 956 3710; x_wconf 87' lang='lat' dir='ltr'><strong>esse,</strong></span> <span class='ocrx_word' id='word_1_372' title='bbox 988 3643 1169 3722; x_wconf 77' lang='lat' dir='ltr'><strong>exitus</strong></span> <span class='ocrx_word' id='word_1_373' title='bbox 1201 3643 1281 3698; x_wconf 85' lang='lat' dir='ltr'><strong>rei</strong></span> <span class='ocrx_word' id='word_1_374' title='bbox 1338 3652 1528 3714; x_wconf 88' lang='lat' dir='ltr'><strong>postea</strong></span> <span class='ocrx_word' id='word_1_375' title='bbox 1567 3644 1969 3714; x_wconf 87' lang='lat' dir='ltr'><strong>comprobavit.</strong></span> <span class='ocrx_word' id='word_1_376' title='bbox 2015 3645 2152 3700; x_wconf 85' lang='lat' dir='ltr'><strong>Cum</strong></span> <span class='ocrx_word' id='word_1_377' title='bbox 2205 3643 2376 3714; x_wconf 85' lang='lat' dir='ltr'><strong>igitur</strong></span> 
     </span>
    </p>
   </div>
   <div class='ocr_carea' id='block_1_54' title="bbox 807 3734 2378 3808">
    <p class='ocr_par' dir='ltr' id='par_1_54' title="bbox 807 3734 2378 3808">
     <span class='ocr_line' id='line_1_54' title="bbox 807 3734 2378 3808; baseline -0.001 -17"><span class='ocrx_word' id='word_1_378' title='bbox 807 3735 1162 3792; x_wconf 77' lang='lat' dir='ltr'><strong>admirabiles</strong></span> <span class='ocrx_word' id='word_1_379' title='bbox 1191 3734 1271 3788; x_wconf 92' lang='lat' dir='ltr'><strong>illi</strong></span> <span class='ocrx_word' id='word_1_380' title='bbox 1308 3735 1413 3789; x_wconf 85' lang='lat' dir='ltr'><strong>viri</strong></span> <span class='ocrx_word' id='word_1_381' title='bbox 1463 3735 1614 3790; x_wconf 86' lang='lat' dir='ltr'><strong>omni</strong></span> <span class='ocrx_word' id='word_1_382' title='bbox 1651 3737 1909 3791; x_wconf 87' lang='lat' dir='ltr'><strong>violentia</strong></span> <span class='ocrx_word' id='word_1_383' title='bbox 1937 3751 2062 3806; x_wconf 63' lang='lat' dir='ltr'><strong>quae</strong></span> <span class='ocrx_word' id='word_1_384' title='bbox 2103 3735 2242 3808; x_wconf 88' lang='lat' dir='ltr'><strong>ipsis</strong></span> <span class='ocrx_word' id='word_1_385' title='bbox 2291 3737 2378 3790; x_wconf 88' lang='lat' dir='ltr'><strong>in-</strong></span> 
     </span>
    </p>
   </div>
   <div class='ocr_carea' id='block_1_55' title="bbox 808 3827 2376 3897">
    <p class='ocr_par' dir='ltr' id='par_1_55' title="bbox 808 3827 2376 3897">
     <span class='ocr_line' id='line_1_55' title="bbox 808 3827 2376 3897; baseline 0.001 -14"><span class='ocrx_word' id='word_1_386' title='bbox 808 3828 1111 3891; x_wconf 75' lang='lat' dir='ltr'><strong>ferebatur,</strong></span> <span class='ocrx_word' id='word_1_387' title='bbox 1144 3827 1459 3897; x_wconf 88' lang='lat' dir='ltr'><strong>superiores</strong></span> <span class='ocrx_word' id='word_1_388' title='bbox 1489 3827 1842 3890; x_wconf 77' lang='lat' dir='ltr'><strong>exsisterent,</strong></span> <span class='ocrx_word' id='word_1_389' title='bbox 1884 3828 2128 3883; x_wconf 90' lang='lat' dir='ltr'><strong>animum</strong></span> <span class='ocrx_word' id='word_1_390' title='bbox 2157 3827 2376 3884; x_wconf 88' lang='lat' dir='ltr'><strong>tandem</strong></span> 
     </span>
    </p>
   </div>
   <div class='ocr_carea' id='block_1_56' title="bbox 809 3918 2377 3991">
    <p class='ocr_par' dir='ltr' id='par_1_56' title="bbox 809 3918 2377 3991">
     <span class='ocr_line' id='line_1_56' title="bbox 809 3918 2377 3991; baseline 0.003 -18"><span class='ocrx_word' id='word_1_391' title='bbox 809 3920 1159 3991; x_wconf 84' lang='lat' dir='ltr'><strong>despoudctts</strong></span> <span class='ocrx_word' id='word_1_392' title='bbox 1205 3918 1411 3974; x_wconf 88' lang='lat' dir='ltr'><strong>Lucius</strong></span> <span class='ocrx_word' id='word_1_393' title='bbox 1458 3919 1750 3974; x_wconf 87' lang='lat' dir='ltr'><strong>consilium</strong></span> <span class='ocrx_word' id='word_1_394' title='bbox 1782 3919 1876 3974; x_wconf 88' lang='lat' dir='ltr'><strong>dat</strong></span> <span class='ocrx_word' id='word_1_395' title='bbox 1905 3920 2033 3976; x_wconf 88' lang='lat' dir='ltr'><strong>duci</strong></span> <span class='ocrx_word' id='word_1_396' title='bbox 2086 3930 2145 3976; x_wconf 91' lang='lat' dir='ltr'><strong>ut</strong></span> <span class='ocrx_word' id='word_1_397' title='bbox 2181 3919 2377 3978; x_wconf 85' lang='lat' dir='ltr'><strong>Patres</strong></span> 
     </span>
    </p>
   </div>
   <div class='ocr_carea' id='block_1_57' title="bbox 810 4011 2377 4086">
    <p class='ocr_par' dir='ltr' id='par_1_57' title="bbox 810 4011 2377 4086">
     <span class='ocr_line' id='line_1_57' title="bbox 810 4011 2377 4086; baseline 0.003 -20"><span class='ocrx_word' id='word_1_398' title='bbox 810 4015 1204 4068; x_wconf 86' lang='lat' dir='ltr'><strong>monachorum</strong></span> <span class='ocrx_word' id='word_1_399' title='bbox 1240 4012 1295 4066; x_wconf 91' lang='lat' dir='ltr'><strong>in</strong></span> <span class='ocrx_word' id='word_1_400' title='bbox 1324 4011 1579 4068; x_wconf 75' lang='lat' dir='ltr'><strong>exsilium</strong></span> <span class='ocrx_word' id='word_1_401' title='bbox 1609 4011 1814 4070; x_wconf 78' lang='lat' dir='ltr'><strong>mittat.</strong></span> <span class='ocrx_word' id='word_1_402' title='bbox 1848 4011 2018 4086; x_wconf 77' lang='lat' dir='ltr'><strong>Erant</strong></span> <span class='ocrx_word' id='word_1_403' title='bbox 2040 4021 2221 4068; x_wconf 78' lang='lat' dir='ltr'><strong>autem</strong></span> <span class='ocrx_word' id='word_1_404' title='bbox 2246 4022 2377 4070; x_wconf 86' lang='lat' dir='ltr'><strong>tunc</strong></span> 
     </span>
    </p>
   </div>
   <div class='ocr_carea' id='block_1_58' title="bbox 805 4100 2373 4173">
    <p class='ocr_par' dir='ltr' id='par_1_58' title="bbox 805 4100 2373 4173">
     <span class='ocr_line' id='line_1_58' title="bbox 805 4100 2373 4173; baseline 0.004 -18"><span class='ocrx_word' id='word_1_405' title='bbox 805 4101 1000 4158; x_wconf 80' lang='lat' dir='ltr'><strong>Patres</strong></span> <span class='ocrx_word' id='word_1_406' title='bbox 1054 4101 1274 4156; x_wconf 82' lang='lat' dir='ltr'><strong>Macarii</strong></span> <span class='ocrx_word' id='word_1_407' title='bbox 1329 4100 1461 4166; x_wconf 86' lang='lat' dir='ltr'><strong>duo,</strong></span> <span class='ocrx_word' id='word_1_408' title='bbox 1513 4100 1810 4173; x_wconf 71' lang='lat' dir='ltr'><strong>.Egyptius</strong></span> <span class='ocrx_word' id='word_1_409' title='bbox 1860 4111 1911 4158; x_wconf 87' lang='lat' dir='ltr'><strong>et</strong></span> <span class='ocrx_word' id='word_1_410' title='bbox 1941 4102 2373 4161; x_wconf 84' lang='lat' dir='ltr'><strong>Alexandrinus.</strong></span> 
     </span>
    </p>
   </div>
   <div class='ocr_carea' id='block_1_59' title="bbox 809 4192 2376 4265">
    <p class='ocr_par' dir='ltr' id='par_1_59' title="bbox 809 4192 2376 4265">
     <span class='ocr_line' id='line_1_59' title="bbox 809 4192 2376 4265; baseline 0.004 -20"><span class='ocrx_word' id='word_1_411' title='bbox 809 4194 901 4247; x_wconf 76' lang='lat' dir='ltr'><strong>isti</strong></span> <span class='ocrx_word' id='word_1_412' title='bbox 937 4207 1066 4262; x_wconf 81' lang='lat' dir='ltr'><strong>ergo</strong></span> <span class='ocrx_word' id='word_1_413' title='bbox 1105 4192 1380 4262; x_wconf 85' lang='lat' dir='ltr'><strong>deportati</strong></span> <span class='ocrx_word' id='word_1_414' title='bbox 1414 4199 1546 4246; x_wconf 87' lang='lat' dir='ltr'><strong>sunt</strong></span> <span class='ocrx_word' id='word_1_415' title='bbox 1589 4193 1647 4247; x_wconf 87' lang='lat' dir='ltr'><strong>in</strong></span> <span class='ocrx_word' id='word_1_416' title='bbox 1679 4192 1914 4249; x_wconf 86' lang='lat' dir='ltr'><strong>insulam</strong></span> <span class='ocrx_word' id='word_1_417' title='bbox 1969 4193 2160 4265; x_wconf 86' lang='lat' dir='ltr'><strong>inqua</strong></span> <span class='ocrx_word' id='word_1_418' title='bbox 2188 4196 2376 4252; x_wconf 85' lang='lat' dir='ltr'><strong>nullus</strong></span> 
     </span>
    </p>
   </div>
   <div class='ocr_carea' id='block_1_60' title="bbox 806 4281 2373 4354">
    <p class='ocr_par' dir='ltr' id='par_1_60' title="bbox 806 4281 2373 4354">
     <span class='ocr_line' id='line_1_60' title="bbox 806 4281 2373 4354; baseline 0.003 -18"><span class='ocrx_word' id='word_1_419' title='bbox 806 4295 926 4337; x_wconf 77' lang='lat' dir='ltr'><strong>crat</strong></span> <span class='ocrx_word' id='word_1_420' title='bbox 969 4283 1342 4338; x_wconf 81' lang='lat' dir='ltr'><strong>Christianus.</strong></span> <span class='ocrx_word' id='word_1_421' title='bbox 1379 4281 1440 4336; x_wconf 92' lang='lat' dir='ltr'><strong>ln</strong></span> <span class='ocrx_word' id='word_1_422' title='bbox 1466 4281 1653 4340; x_wconf 78' lang='lat' dir='ltr'><strong>eadem</strong></span> <span class='ocrx_word' id='word_1_423' title='bbox 1697 4284 1882 4339; x_wconf 88' lang='lat' dir='ltr'><strong>insula</strong></span> <span class='ocrx_word' id='word_1_424' title='bbox 1915 4285 2179 4354; x_wconf 88' lang='lat' dir='ltr'><strong>templum</strong></span> <span class='ocrx_word' id='word_1_425' title='bbox 2230 4295 2373 4352; x_wconf 81' lang='lat' dir='ltr'><strong>erat,</strong></span> 
     </span>
    </p>
   </div>
   <div class='ocr_carea' id='block_1_61' title="bbox 806 4374 2374 4448">
    <p class='ocr_par' dir='ltr' id='par_1_61' title="bbox 806 4374 2374 4448">
     <span class='ocr_line' id='line_1_61' title="bbox 806 4374 2374 4448; baseline 0.002 -18"><span class='ocrx_word' id='word_1_426' title='bbox 806 4384 860 4430; x_wconf 91' lang='lat' dir='ltr'><strong>ct</strong></span> <span class='ocrx_word' id='word_1_427' title='bbox 884 4376 1146 4430; x_wconf 75' lang='lat' dir='ltr'><strong>sacerdos</strong></span> <span class='ocrx_word' id='word_1_428' title='bbox 1179 4374 1400 4445; x_wconf 88' lang='lat' dir='ltr'><strong>quidam</strong></span> <span class='ocrx_word' id='word_1_429' title='bbox 1434 4389 1594 4447; x_wconf 90' lang='lat' dir='ltr'><strong>quem</strong></span> <span class='ocrx_word' id='word_1_430' title='bbox 1637 4374 1830 4430; x_wconf 64' lang='lat' dir='ltr'><strong>incolae</strong></span> <span class='ocrx_word' id='word_1_431' title='bbox 1869 4378 2049 4432; x_wconf 89' lang='lat' dir='ltr'><strong>instar</strong></span> <span class='ocrx_word' id='word_1_432' title='bbox 2071 4378 2157 4433; x_wconf 88' lang='lat' dir='ltr'><strong>dei</strong></span> <span class='ocrx_word' id='word_1_433' title='bbox 2182 4377 2374 4448; x_wconf 85' lang='lat' dir='ltr'><strong>cujus-</strong></span> 
     </span>
    </p>
   </div>
   <div class='ocr_carea' id='block_1_62' title="bbox 806 4465 2377 4527">
    <p class='ocr_par' dir='ltr' id='par_1_62' title="bbox 806 4465 2377 4527">
     <span class='ocr_line' id='line_1_62' title="bbox 806 4465 2377 4527; baseline 0.004 -7"><span class='ocrx_word' id='word_1_434' title='bbox 806 4469 929 4522; x_wconf 76' lang='lat' dir='ltr'><strong>dam</strong></span> <span class='ocrx_word' id='word_1_435' title='bbox 963 4467 1390 4521; x_wconf 83' lang='lat' dir='ltr'><strong>venerabantur.</strong></span> <span class='ocrx_word' id='word_1_436' title='bbox 1426 4465 1630 4522; x_wconf 83' lang='lat' dir='ltr'><strong>Verum</strong></span> <span class='ocrx_word' id='word_1_437' title='bbox 1676 4467 1771 4523; x_wconf 90' lang='lat' dir='ltr'><strong>ubi</strong></span> <span class='ocrx_word' id='word_1_438' title='bbox 1810 4470 1912 4524; x_wconf 89' lang='lat' dir='ltr'><strong>viri</strong></span> <span class='ocrx_word' id='word_1_439' title='bbox 1941 4471 2118 4526; x_wconf 91' lang='lat' dir='ltr'><strong>sancti</strong></span> <span class='ocrx_word' id='word_1_440' title='bbox 2152 4485 2217 4526; x_wconf 90' lang='lat' dir='ltr'><strong>ac</strong></span> <span class='ocrx_word' id='word_1_441' title='bbox 2265 4472 2377 4527; x_wconf 91' lang='lat' dir='ltr'><strong>Deo</strong></span> 
     </span>
    </p>
   </div>
   <div class='ocr_carea' id='block_1_63' title="bbox 2484 1997 4069 2092">
    <p class='ocr_par' dir='ltr' id='par_1_63' title="bbox 2484 1997 4069 2092">
     <span class='ocr_line' id='line_1_63' title="bbox 2484 1997 4069 2092; baseline 0.016 -42"><span class='ocrx_word' id='word_1_442' title='bbox 2484 1997 2690 2054; x_wconf 86' lang='grc' dir='ltr'>τούτων</span> <span class='ocrx_word' id='word_1_443' title='bbox 2715 2000 3017 2067; x_wconf 77' lang='grc' dir='ltr'>ἐξέϐαλλον.</span> <span class='ocrx_word' id='word_1_444' title='bbox 3053 2008 3162 2062; x_wconf 74' lang='grc' dir='ltr'><strong>Καὶ</strong></span> <span class='ocrx_word' id='word_1_445' title='bbox 3210 2010 3309 2065; x_wconf 83' lang='grc' dir='ltr'><strong>οὐκ</strong></span> <span class='ocrx_word' id='word_1_446' title='bbox 3359 2013 3451 2066; x_wconf 77' lang='grc' dir='ltr'><strong>ἐπὶ</strong></span> <span class='ocrx_word' id='word_1_447' title='bbox 3486 2015 3693 2071; x_wconf 87' lang='grc' dir='ltr'>τούτων</span> <span class='ocrx_word' id='word_1_448' title='bbox 3724 2020 3882 2089; x_wconf 88' lang='grc' dir='ltr'>μόνον</span> <span class='ocrx_word' id='word_1_449' title='bbox 3909 2020 4069 2092; x_wconf 75' lang='grc' dir='ltr'>έστηο</span> 
     </span>
    </p>
   </div>
   <div class='ocr_carea' id='block_1_64' title="bbox 2487 2092 4068 2181">
    <p class='ocr_par' dir='ltr' id='par_1_64' title="bbox 2487 2092 4068 2181">
     <span class='ocr_line' id='line_1_64' title="bbox 2487 2092 4068 2181; baseline 0.016 -40"><span class='ocrx_word' id='word_1_450' title='bbox 2487 2107 2606 2155; x_wconf 87' lang='grc' dir='ltr'>σαν,</span> <span class='ocrx_word' id='word_1_451' title='bbox 2645 2092 2778 2147; x_wconf 83' lang='grc' dir='ltr'>ἀλλὰ</span> <span class='ocrx_word' id='word_1_452' title='bbox 2811 2096 3109 2166; x_wconf 82' lang='grc' dir='ltr'>προϊόντες,</span> <span class='ocrx_word' id='word_1_453' title='bbox 3136 2104 3248 2166; x_wconf 83' lang='grc' dir='ltr'>τοῖς</span> <span class='ocrx_word' id='word_1_454' title='bbox 3272 2103 3449 2174; x_wconf 76' lang='grc' dir='ltr'>ὄχλοις</span> <span class='ocrx_word' id='word_1_455' title='bbox 3473 2107 3770 2180; x_wconf 75' lang='grc' dir='ltr'>ἐκέχρηντο</span> <span class='ocrx_word' id='word_1_456' title='bbox 3804 2110 3916 2181; x_wconf 77' lang='lat'><strong>(73)</strong></span> <span class='ocrx_word' id='word_1_457' title='bbox 3945 2114 4068 2166; x_wconf 86' lang='grc' dir='ltr'>κατ’</span> 
     </span>
    </p>
   </div>
   <div class='ocr_carea' id='block_1_65' title="bbox 2485 2182 4068 2274">
    <p class='ocr_par' dir='ltr' id='par_1_65' title="bbox 2485 2182 4068 2274">
     <span class='ocr_line' id='line_1_65' title="bbox 2485 2182 4068 2274; baseline 0.015 -40"><span class='ocrx_word' id='word_1_458' title='bbox 2485 2182 2683 2240; x_wconf 82' lang='grc' dir='ltr'>αὐτῶν.</span> <span class='ocrx_word' id='word_1_459' title='bbox 2737 2186 2922 2243; x_wconf 88' lang='grc' dir='ltr'>Ταῦτα</span> <span class='ocrx_word' id='word_1_460' title='bbox 2959 2191 3053 2245; x_wconf 69' lang='grc' dir='ltr'>ναὶ</span> <span class='ocrx_word' id='word_1_461' title='bbox 3097 2193 3126 2245; x_wconf 97' lang='lat'><strong>6</strong></span> <span class='ocrx_word' id='word_1_462' title='bbox 3163 2195 3439 2266; x_wconf 84' lang='grc' dir='ltr'>Ῥουφῖνος</span> <span class='ocrx_word' id='word_1_463' title='bbox 3465 2199 3768 2270; x_wconf 78' lang='grc' dir='ltr'>ἑωρακέναι</span> <span class='ocrx_word' id='word_1_464' title='bbox 3817 2203 3949 2274; x_wconf 83' lang='grc' dir='ltr'>παρ’</span> <span class='ocrx_word' id='word_1_465' title='bbox 3992 2198 4068 2257; x_wconf 84' lang='grc' dir='ltr'>ὧν</span> 
     </span>
    </p>
   </div>
   <div class='ocr_carea' id='block_1_66' title="bbox 2485 2275 4067 2354">
    <p class='ocr_par' dir='ltr' id='par_1_66' title="bbox 2485 2275 4067 2354">
     <span class='ocr_line' id='line_1_66' title="bbox 2485 2275 4067 2354; baseline 0.015 -28"><span class='ocrx_word' id='word_1_466' title='bbox 2485 2275 2580 2328; x_wconf 75' lang='grc' dir='ltr'>καὶ</span> <span class='ocrx_word' id='word_1_467' title='bbox 2621 2279 2949 2336; x_wconf 87' lang='grc' dir='ltr'>πεπονθέναι</span> <span class='ocrx_word' id='word_1_468' title='bbox 2986 2291 3169 2354; x_wconf 79' lang='grc' dir='ltr'>φησιν.</span> <span class='ocrx_word' id='word_1_469' title='bbox 3206 2287 3540 2342; x_wconf 86' lang='grc' dir='ltr'>Ἀνενεοῦντό</span> <span class='ocrx_word' id='word_1_470' title='bbox 3561 2307 3619 2344; x_wconf 89' lang='grc' dir='ltr'><strong>τε</strong></span> <span class='ocrx_word' id='word_1_471' title='bbox 3659 2293 3752 2346; x_wconf 79' lang='grc' dir='ltr'>καὶ</span> <span class='ocrx_word' id='word_1_472' title='bbox 3785 2293 3871 2348; x_wconf 76' lang='grc' dir='ltr'><strong>ἐπ’</strong></span> <span class='ocrx_word' id='word_1_473' title='bbox 3891 2295 4067 2351; x_wconf 88' lang='grc' dir='ltr'>αὐτῶν</span> 
     </span>
    </p>
   </div>
   <div class='ocr_carea' id='block_1_67' title="bbox 2482 2365 4068 2459">
    <p class='ocr_par' dir='ltr' id='par_1_67' title="bbox 2482 2365 4068 2459">
     <span class='ocr_line' id='line_1_67' title="bbox 2482 2365 4068 2459; baseline 0.015 -40"><span class='ocrx_word' id='word_1_474' title='bbox 2482 2365 2551 2420; x_wconf 85' lang='grc' dir='ltr'><strong>τὰ</strong></span> <span class='ocrx_word' id='word_1_475' title='bbox 2584 2367 2678 2422; x_wconf 90' lang='grc' dir='ltr'><strong>τοῦ</strong></span> <span class='ocrx_word' id='word_1_476' title='bbox 2724 2371 3045 2459; x_wconf 83' lang='grc' dir='ltr'>Ἀποστόλου</span> <span class='ocrx_word' id='word_1_477' title='bbox 3083 2377 3381 2451; x_wconf 63' lang='grc' dir='ltr'>λεγόμεναι</span> <span class='ocrx_word' id='word_1_478' title='bbox 3421 2382 3765 2448; x_wconf 79' lang='grc' dir='ltr'>ένεπαίζοντο</span> <span class='ocrx_word' id='word_1_479' title='bbox 3804 2387 3934 2459; x_wconf 82' lang='grc' dir='ltr'>γάρ,</span> <span class='ocrx_word' id='word_1_480' title='bbox 3977 2390 4068 2442; x_wconf 74' lang='grc' dir='ltr'>καὶ</span> 
     </span>
    </p>
   </div>
   <div class='ocr_carea' id='block_1_68' title="bbox 2486 2454 4063 2550">
    <p class='ocr_par' dir='ltr' id='par_1_68' title="bbox 2486 2454 4063 2550">
     <span class='ocr_line' id='line_1_68' title="bbox 2486 2454 4063 2550; baseline 0.013 -37"><span class='ocrx_word' id='word_1_481' title='bbox 2486 2461 2766 2532; x_wconf 77' lang='grc' dir='ltr'>μαστίγων</span> <span class='ocrx_word' id='word_1_482' title='bbox 2785 2454 2979 2538; x_wconf 67' lang='grc' dir='ltr'>πεῖραν</span> <span class='ocrx_word' id='word_1_483' title='bbox 3008 2468 3330 2541; x_wconf 79' lang='grc' dir='ltr'>ἐλάμϐανον,</span> <span class='ocrx_word' id='word_1_484' title='bbox 3351 2473 3701 2545; x_wconf 84' lang='grc' dir='ltr'>ὲγυμνοῦντο,</span> <span class='ocrx_word' id='word_1_485' title='bbox 3723 2454 4063 2550; x_wconf 74' lang='grc' dir='ltr'>ἐδεσμοῦντο,</span> 
     </span>
    </p>
   </div>
   <div class='ocr_carea' id='block_1_69' title="bbox 2484 2554 4068 2644">
    <p class='ocr_par' dir='ltr' id='par_1_69' title="bbox 2484 2554 4068 2644">
     <span class='ocr_line' id='line_1_69' title="bbox 2484 2554 4068 2644; baseline 0.013 -38"><span class='ocrx_word' id='word_1_486' title='bbox 2484 2554 2823 2623; x_wconf 71' lang='grc' dir='ltr'>ἑλιθάζοντο,</span> <span class='ocrx_word' id='word_1_487' title='bbox 2872 2560 2930 2612; x_wconf 78' lang='grc' dir='ltr'><strong>έν</strong></span> <span class='ocrx_word' id='word_1_488' title='bbox 2966 2561 3111 2632; x_wconf 85' lang='grc' dir='ltr'>φόνῳ</span> <span class='ocrx_word' id='word_1_489' title='bbox 3158 2564 3429 2637; x_wconf 83' lang='grc' dir='ltr'>μαχαίρας</span> <span class='ocrx_word' id='word_1_490' title='bbox 3473 2567 3836 2640; x_wconf 81' lang='grc' dir='ltr'>ἀπέθνησκον,</span> <span class='ocrx_word' id='word_1_491' title='bbox 3877 2571 4068 2644; x_wconf 78' lang='grc' dir='ltr'>ἄνδρες</span> 
     </span>
    </p>
   </div>
   <div class='ocr_carea' id='block_1_70' title="bbox 2483 2647 4066 2732">
    <p class='ocr_par' dir='ltr' id='par_1_70' title="bbox 2483 2647 4066 2732">
     <span class='ocr_line' id='line_1_70' title="bbox 2483 2647 4066 2732; baseline 0.013 -34"><span class='ocrx_word' id='word_1_492' title='bbox 2483 2647 2860 2720; x_wconf 84' lang='grc' dir='ltr'>περιεχόμενοι</span> <span class='ocrx_word' id='word_1_493' title='bbox 2897 2651 3010 2725; x_wconf 80' lang='grc'><strong>(74)</strong></span> <span class='ocrx_word' id='word_1_494' title='bbox 3041 2655 3180 2710; x_wconf 78' lang='grc' dir='ltr'>κατὰ</span> <span class='ocrx_word' id='word_1_495' title='bbox 3206 2657 3307 2730; x_wconf 80' lang='grc' dir='ltr'>τὴν</span> <span class='ocrx_word' id='word_1_496' title='bbox 3341 2657 3545 2731; x_wconf 75' lang='grc' dir='ltr'>ἔρημον</span> <span class='ocrx_word' id='word_1_497' title='bbox 3582 2661 3643 2714; x_wconf 83' lang='grc' dir='ltr'>ὲν</span> <span class='ocrx_word' id='word_1_498' title='bbox 3685 2662 3980 2732; x_wconf 79' lang='grc' dir='ltr'>μηλωταῖς,</span> <span class='ocrx_word' id='word_1_499' title='bbox 4008 2666 4066 2717; x_wconf 83' lang='grc' dir='ltr'>ὲν</span> 
     </span>
    </p>
   </div>
   <div class='ocr_carea' id='block_1_71' title="bbox 2484 2739 4067 2826">
    <p class='ocr_par' dir='ltr' id='par_1_71' title="bbox 2484 2739 4067 2826">
     <span class='ocr_line' id='line_1_71' title="bbox 2484 2739 4067 2826; baseline 0.013 -35"><span class='ocrx_word' id='word_1_500' title='bbox 2484 2739 2710 2810; x_wconf 87' lang='grc' dir='ltr'>αἰγείοις</span> <span class='ocrx_word' id='word_1_501' title='bbox 2756 2743 3040 2816; x_wconf 84' lang='grc' dir='ltr'>δέρμασιν,</span> <span class='ocrx_word' id='word_1_502' title='bbox 3089 2749 3490 2822; x_wconf 70' lang='grc' dir='ltr'>ὑστερούμενοι,</span> <span class='ocrx_word' id='word_1_503' title='bbox 3538 2753 3862 2826; x_wconf 86' lang='grc' dir='ltr'>θλιϐόμενοι,</span> <span class='ocrx_word' id='word_1_504' title='bbox 3904 2773 4067 2810; x_wconf 82' lang='grc' dir='ltr'>κακο-</span> 
     </span>
    </p>
   </div>
   <div class='ocr_carea' id='block_1_72' title="bbox 2484 2828 4066 2918">
    <p class='ocr_par' dir='ltr' id='par_1_72' title="bbox 2484 2828 4066 2918">
     <span class='ocr_line' id='line_1_72' title="bbox 2484 2828 4066 2918; baseline 0.012 -37"><span class='ocrx_word' id='word_1_505' title='bbox 2484 2828 2754 2901; x_wconf 90' lang='grc' dir='ltr'>χούμενοι,</span> <span class='ocrx_word' id='word_1_506' title='bbox 2801 2828 2876 2887; x_wconf 83' lang='grc' dir='ltr'>ὧν</span> <span class='ocrx_word' id='word_1_507' title='bbox 2911 2837 3012 2890; x_wconf 86' lang='grc' dir='ltr'><strong>οὐκ</strong></span> <span class='ocrx_word' id='word_1_508' title='bbox 3052 2831 3122 2908; x_wconf 74' lang='grc' dir='ltr'>ἦν</span> <span class='ocrx_word' id='word_1_509' title='bbox 3159 2837 3308 2906; x_wconf 76' lang='grc' dir='ltr'>ἄξιος</span> <span class='ocrx_word' id='word_1_510' title='bbox 3351 2842 3380 2894; x_wconf 88' lang='lat'><strong>6</strong></span> <span class='ocrx_word' id='word_1_511' title='bbox 3426 2842 3648 2914; x_wconf 87' lang='grc' dir='ltr'>κόσμος,</span> <span class='ocrx_word' id='word_1_512' title='bbox 3696 2846 3782 2898; x_wconf 71' lang='grc' dir='ltr'><strong>ἐπ’</strong></span> <span class='ocrx_word' id='word_1_513' title='bbox 3813 2846 4066 2918; x_wconf 76' lang='grc' dir='ltr'>ἐρημίαις</span> 
     </span>
    </p>
   </div>
   <div class='ocr_carea' id='block_1_73' title="bbox 2483 2920 4065 3004">
    <p class='ocr_par' dir='ltr' id='par_1_73' title="bbox 2483 2920 4065 3004">
     <span class='ocr_line' id='line_1_73' title="bbox 2483 2920 4065 3004; baseline 0.011 -31"><span class='ocrx_word' id='word_1_514' title='bbox 2483 2920 2843 2994; x_wconf 86' lang='grc' dir='ltr'>πλανώμενοι,</span> <span class='ocrx_word' id='word_1_515' title='bbox 2867 2927 2960 2980; x_wconf 76' lang='grc' dir='ltr'>καὶ</span> <span class='ocrx_word' id='word_1_516' title='bbox 2989 2927 3159 3000; x_wconf 74' lang='grc' dir='ltr'>ὄρεσι,</span> <span class='ocrx_word' id='word_1_517' title='bbox 3181 2930 3275 2984; x_wconf 79' lang='grc' dir='ltr'>καὶ</span> <span class='ocrx_word' id='word_1_518' title='bbox 3305 2932 3612 3004; x_wconf 87' lang='grc' dir='ltr'>σπηλαίοις,</span> <span class='ocrx_word' id='word_1_519' title='bbox 3643 2936 3735 2989; x_wconf 89' lang='grc' dir='ltr'><strong>καί</strong></span> <span class='ocrx_word' id='word_1_520' title='bbox 3762 2940 3882 3000; x_wconf 88' lang='grc' dir='ltr'>ταῖς</span> <span class='ocrx_word' id='word_1_521' title='bbox 3907 2937 4065 3002; x_wconf 80' lang='grc' dir='ltr'>όπαῖς</span> 
     </span>
    </p>
   </div>
   <div class='ocr_carea' id='block_1_74' title="bbox 2480 3013 4066 3100">
    <p class='ocr_par' dir='ltr' id='par_1_74' title="bbox 2480 3013 4066 3100">
     <span class='ocr_line' id='line_1_74' title="bbox 2480 3013 4066 3100; baseline 0.011 -34"><span class='ocrx_word' id='word_1_522' title='bbox 2480 3013 2581 3083; x_wconf 81' lang='grc' dir='ltr'>τῆς</span> <span class='ocrx_word' id='word_1_523' title='bbox 2612 3015 2744 3084; x_wconf 85' lang='grc' dir='ltr'>γῆς·</span> <span class='ocrx_word' id='word_1_524' title='bbox 2780 3018 2873 3069; x_wconf 80' lang='grc' dir='ltr'>καὶ</span> <span class='ocrx_word' id='word_1_525' title='bbox 2903 3017 3074 3072; x_wconf 87' lang='grc' dir='ltr'>ταῦτα</span> <span class='ocrx_word' id='word_1_526' title='bbox 3116 3023 3556 3094; x_wconf 84' lang='grc' dir='ltr'>μαρτυρηθέντες</span> <span class='ocrx_word' id='word_1_527' title='bbox 3583 3026 3687 3079; x_wconf 85' lang='grc' dir='ltr'>ὑπό</span> <span class='ocrx_word' id='word_1_528' title='bbox 3732 3045 3795 3081; x_wconf 85' lang='grc' dir='ltr'><strong>τε</strong></span> <span class='ocrx_word' id='word_1_529' title='bbox 3839 3029 3939 3100; x_wconf 77' lang='grc' dir='ltr'>τῆς</span> <span class='ocrx_word' id='word_1_530' title='bbox 3977 3031 4066 3082; x_wconf 87' lang='grc' dir='ltr'>πί-</span> 
     </span>
    </p>
   </div>
   <div class='ocr_carea' id='block_1_75' title="bbox 2482 3111 4068 3193">
    <p class='ocr_par' dir='ltr' id='par_1_75' title="bbox 2482 3111 4068 3193">
     <span class='ocr_line' id='line_1_75' title="bbox 2482 3111 4068 3193; baseline 0.011 -33"><span class='ocrx_word' id='word_1_531' title='bbox 2482 3123 2653 3172; x_wconf 88' lang='grc' dir='ltr'>στεως</span> <span class='ocrx_word' id='word_1_532' title='bbox 2675 3111 2904 3166; x_wconf 78' lang='grc' dir='ltr'>καὶτῶν</span> <span class='ocrx_word' id='word_1_533' title='bbox 2939 3113 3114 3184; x_wconf 79' lang='grc' dir='ltr'>ἔργων</span> <span class='ocrx_word' id='word_1_534' title='bbox 3154 3116 3247 3170; x_wconf 73' lang='grc' dir='ltr'>καὶ</span> <span class='ocrx_word' id='word_1_535' title='bbox 3280 3117 3387 3193; x_wconf 76' lang='grc' dir='ltr'><strong>τῶν</strong></span> <span class='ocrx_word' id='word_1_536' title='bbox 3415 3119 3678 3191; x_wconf 88' lang='grc' dir='ltr'>ἰαμάτων,</span> <span class='ocrx_word' id='word_1_537' title='bbox 3713 3122 3813 3174; x_wconf 84' lang='grc' dir='ltr'>ὅσα</span> <span class='ocrx_word' id='word_1_538' title='bbox 3849 3126 3906 3176; x_wconf 80' lang='grc' dir='ltr'><strong>έν</strong></span> <span class='ocrx_word' id='word_1_539' title='bbox 3947 3127 4068 3188; x_wconf 74' lang='grc' dir='ltr'>ταῖς</span> 
     </span>
    </p>
   </div>
   <div class='ocr_carea' id='block_1_76' title="bbox 2483 3203 4063 3282">
    <p class='ocr_par' dir='ltr' id='par_1_76' title="bbox 2483 3203 4063 3282">
     <span class='ocr_line' id='line_1_76' title="bbox 2483 3203 4063 3282; baseline 0.008 -27"><span class='ocrx_word' id='word_1_540' title='bbox 2483 3203 2669 3275; x_wconf 76' lang='grc' dir='ltr'>χερσὶν</span> <span class='ocrx_word' id='word_1_541' title='bbox 2697 3204 2933 3277; x_wconf 81' lang='grc' dir='ltr'>αὐτῶνή</span> <span class='ocrx_word' id='word_1_542' title='bbox 2971 3205 3064 3258; x_wconf 92' lang='grc' dir='ltr'><strong>τοῦ</strong></span> <span class='ocrx_word' id='word_1_543' title='bbox 3109 3207 3342 3278; x_wconf 83' lang='grc' dir='ltr'>Χριστοῦ</span> <span class='ocrx_word' id='word_1_544' title='bbox 3391 3211 3549 3279; x_wconf 83' lang='grc' dir='ltr'>χάρις</span> <span class='ocrx_word' id='word_1_545' title='bbox 3581 3212 3887 3282; x_wconf 84' lang='grc' dir='ltr'>εἰργάζετο.</span> <span class='ocrx_word' id='word_1_546' title='bbox 3925 3213 4063 3267; x_wconf 83' lang='grc' dir='ltr'>Ἀλλ’</span> 
     </span>
    </p>
   </div>
   <div class='ocr_carea' id='block_1_77' title="bbox 2481 3294 4066 3370">
    <p class='ocr_par' dir='ltr' id='par_1_77' title="bbox 2481 3294 4066 3370">
     <span class='ocr_line' id='line_1_77' title="bbox 2481 3294 4066 3370; baseline 0.007 -22"><span class='ocrx_word' id='word_1_547' title='bbox 2481 3295 2558 3358; x_wconf 84' lang='grc' dir='ltr'>ὼς</span> <span class='ocrx_word' id='word_1_548' title='bbox 2607 3294 2802 3358; x_wconf 74' lang='grc' dir='ltr'>ἔοικεν,</span> <span class='ocrx_word' id='word_1_549' title='bbox 2845 3300 2878 3367; x_wconf 82' lang='grc' dir='ltr'><strong>ὴ</strong></span> <span class='ocrx_word' id='word_1_550' title='bbox 2911 3296 3004 3350; x_wconf 90' lang='grc' dir='ltr'><strong>τοῦ</strong></span> <span class='ocrx_word' id='word_1_551' title='bbox 3050 3299 3185 3352; x_wconf 87' lang='grc' dir='ltr'>Θεοῦ</span> <span class='ocrx_word' id='word_1_552' title='bbox 3231 3301 3455 3370; x_wconf 80' lang='grc' dir='ltr'>πρόνοια</span> <span class='ocrx_word' id='word_1_553' title='bbox 3493 3302 3665 3355; x_wconf 89' lang='grc' dir='ltr'>ταῦτα</span> <span class='ocrx_word' id='word_1_554' title='bbox 3703 3304 3896 3358; x_wconf 87' lang='grc' dir='ltr'>παθεῖν</span> <span class='ocrx_word' id='word_1_555' title='bbox 3940 3308 4066 3369; x_wconf 77' lang='grc' dir='ltr'>τοὺς</span> 
     </span>
    </p>
   </div>
   <div class='ocr_carea' id='block_1_78' title="bbox 2482 3387 4067 3466">
    <p class='ocr_par' dir='ltr' id='par_1_78' title="bbox 2482 3387 4067 3466">
     <span class='ocr_line' id='line_1_78' title="bbox 2482 3387 4067 3466; baseline 0.004 -24"><span class='ocrx_word' id='word_1_556' title='bbox 2482 3387 2682 3456; x_wconf 65' lang='grc' dir='ltr'>ἄνδρας</span> <span class='ocrx_word' id='word_1_557' title='bbox 2709 3388 3104 3460; x_wconf 85' lang='grc' dir='ltr'>συνεχώρησεν,</span> <span class='ocrx_word' id='word_1_558' title='bbox 3132 3392 3374 3461; x_wconf 78' lang='grc' dir='ltr'>κρεῖττόν</span> <span class='ocrx_word' id='word_1_559' title='bbox 3415 3411 3468 3446; x_wconf 86' lang='grc' dir='ltr'><strong>τι</strong></span> <span class='ocrx_word' id='word_1_560' title='bbox 3513 3393 3956 3466; x_wconf 80' lang='grc' dir='ltr'>προϐλεψαμένη,</span> <span class='ocrx_word' id='word_1_561' title='bbox 3976 3397 4067 3449; x_wconf 69' lang='grc' dir='ltr'>ἵνα</span> 
     </span>
    </p>
   </div>
   <div class='ocr_carea' id='block_1_79' title="bbox 2482 3473 4063 3557">
    <p class='ocr_par' dir='ltr' id='par_1_79' title="bbox 2482 3473 4063 3557">
     <span class='ocr_line' id='line_1_79' title="bbox 2482 3473 4063 3557; baseline 0.006 -25"><span class='ocrx_word' id='word_1_562' title='bbox 2482 3478 2549 3532; x_wconf 86' lang='grc' dir='ltr'>δι’</span> <span class='ocrx_word' id='word_1_563' title='bbox 2577 3473 2652 3533; x_wconf 83' lang='grc' dir='ltr'>ὧν</span> <span class='ocrx_word' id='word_1_564' title='bbox 2684 3479 2835 3532; x_wconf 79' lang='grc' dir='ltr'>αὐτοὶ</span> <span class='ocrx_word' id='word_1_565' title='bbox 2864 3480 3048 3546; x_wconf 86' lang='grc' dir='ltr'>κακῶς</span> <span class='ocrx_word' id='word_1_566' title='bbox 3079 3481 3332 3553; x_wconf 78' lang='grc' dir='ltr'>ἔπασχον,</span> <span class='ocrx_word' id='word_1_567' title='bbox 3365 3484 3542 3554; x_wconf 73' lang='grc' dir='ltr'>ἕτεροι</span> <span class='ocrx_word' id='word_1_568' title='bbox 3568 3484 3666 3556; x_wconf 80' lang='grc' dir='ltr'>τὴν</span> <span class='ocrx_word' id='word_1_569' title='bbox 3693 3487 3752 3540; x_wconf 85' lang='grc' dir='ltr'>ὲν</span> <span class='ocrx_word' id='word_1_570' title='bbox 3797 3486 3917 3557; x_wconf 84' lang='grc' dir='ltr'><strong>Θεῷ</strong></span> <span class='ocrx_word' id='word_1_571' title='bbox 3958 3505 4063 3541; x_wconf 78' lang='grc' dir='ltr'><strong>σωο</strong></span> 
     </span>
    </p>
   </div>
   <div class='ocr_carea' id='block_1_80' title="bbox 2481 3570 4066 3646">
    <p class='ocr_par' dir='ltr' id='par_1_80' title="bbox 2481 3570 4066 3646">
     <span class='ocr_line' id='line_1_80' title="bbox 2481 3570 4066 3646; baseline 0.006 -25"><span class='ocrx_word' id='word_1_572' title='bbox 2481 3570 2676 3640; x_wconf 85' lang='grc' dir='ltr'>τηρίαν</span> <span class='ocrx_word' id='word_1_573' title='bbox 2701 3571 2954 3642; x_wconf 78' lang='grc' dir='ltr'>εὕρωσιν.</span> <span class='ocrx_word' id='word_1_574' title='bbox 3010 3571 3118 3626; x_wconf 79' lang='grc' dir='ltr'><strong>Καὶ</strong></span> <span class='ocrx_word' id='word_1_575' title='bbox 3164 3573 3321 3628; x_wconf 87' lang='grc' dir='ltr'>τοῦτο</span> <span class='ocrx_word' id='word_1_576' title='bbox 3351 3576 3384 3646; x_wconf 82' lang='grc' dir='ltr'><strong>ὴ</strong></span> <span class='ocrx_word' id='word_1_577' title='bbox 3416 3575 3678 3640; x_wconf 86' lang='grc' dir='ltr'>ἀπόϐασις</span> <span class='ocrx_word' id='word_1_578' title='bbox 3718 3576 3936 3644; x_wconf 78' lang='grc' dir='ltr'>ἔδειξεν.</span> <span class='ocrx_word' id='word_1_579' title='bbox 3976 3579 4066 3642; x_wconf 85' lang='grc' dir='ltr'>Ὠς</span> 
     </span>
    </p>
   </div>
   <div class='ocr_carea' id='block_1_81' title="bbox 2480 3659 4065 3738">
    <p class='ocr_par' dir='ltr' id='par_1_81' title="bbox 2480 3659 4065 3738">
     <span class='ocr_line' id='line_1_81' title="bbox 2480 3659 4065 3738; baseline 0.005 -26"><span class='ocrx_word' id='word_1_580' title='bbox 2480 3660 2531 3712; x_wconf 85' lang='grc' dir='ltr'><strong>οἰ</strong></span> <span class='ocrx_word' id='word_1_581' title='bbox 2557 3659 2848 3730; x_wconf 85' lang='grc' dir='ltr'>θαυμάσιοι</span> <span class='ocrx_word' id='word_1_582' title='bbox 2899 3662 3093 3714; x_wconf 79' lang='grc' dir='ltr'>ἐκεῖνοι</span> <span class='ocrx_word' id='word_1_583' title='bbox 3129 3661 3318 3733; x_wconf 75' lang='grc' dir='ltr'>ἄνδρες</span> <span class='ocrx_word' id='word_1_584' title='bbox 3355 3665 3660 3734; x_wconf 80' lang='grc' dir='ltr'>κρείττονες</span> <span class='ocrx_word' id='word_1_585' title='bbox 3683 3665 3784 3735; x_wconf 84' lang='grc' dir='ltr'>τῆς</span> <span class='ocrx_word' id='word_1_586' title='bbox 3810 3667 4065 3738; x_wconf 78' lang='grc' dir='ltr'>ἐπιφερο-</span> 
     </span>
    </p>
   </div>
   <div class='ocr_carea' id='block_1_82' title="bbox 2485 3750 4068 3827">
    <p class='ocr_par' dir='ltr' id='par_1_82' title="bbox 2485 3750 4068 3827">
     <span class='ocr_line' id='line_1_82' title="bbox 2485 3750 4068 3827; baseline 0.006 -24"><span class='ocrx_word' id='word_1_587' title='bbox 2485 3750 2653 3821; x_wconf 87' lang='grc' dir='ltr'>μένης</span> <span class='ocrx_word' id='word_1_588' title='bbox 2685 3753 2928 3822; x_wconf 81' lang='grc' dir='ltr'>ἀνάγκης</span> <span class='ocrx_word' id='word_1_589' title='bbox 2957 3752 3216 3821; x_wconf 80' lang='grc' dir='ltr'>ὲγίνοντο,</span> <span class='ocrx_word' id='word_1_590' title='bbox 3245 3757 3563 3826; x_wconf 84' lang='grc' dir='ltr'>άπσκνήσας</span> <span class='ocrx_word' id='word_1_591' title='bbox 3602 3759 3630 3809; x_wconf 89' lang='lat'><strong>6</strong></span> <span class='ocrx_word' id='word_1_592' title='bbox 3669 3757 3895 3820; x_wconf 83' lang='grc' dir='ltr'>Λούκιος</span> <span class='ocrx_word' id='word_1_593' title='bbox 3927 3757 4068 3827; x_wconf 79' lang='grc' dir='ltr'>γνώ-</span> 
     </span>
    </p>
   </div>
   <div class='ocr_carea' id='block_1_83' title="bbox 2483 3841 4063 3921">
    <p class='ocr_par' dir='ltr' id='par_1_83' title="bbox 2483 3841 4063 3921">
     <span class='ocr_line' id='line_1_83' title="bbox 2483 3841 4063 3921; baseline 0.006 -27"><span class='ocrx_word' id='word_1_594' title='bbox 2483 3859 2591 3913; x_wconf 91' lang='grc' dir='ltr'><strong>μην</strong></span> <span class='ocrx_word' id='word_1_595' title='bbox 2618 3841 2800 3896; x_wconf 88' lang='grc' dir='ltr'>δίδωσι</span> <span class='ocrx_word' id='word_1_596' title='bbox 2823 3842 2900 3913; x_wconf 83' lang='grc' dir='ltr'><strong>τῷ</strong></span> <span class='ocrx_word' id='word_1_597' title='bbox 2925 3844 3207 3915; x_wconf 77' lang='grc' dir='ltr'>ἡγουμένῳ</span> <span class='ocrx_word' id='word_1_598' title='bbox 3230 3845 3323 3900; x_wconf 85' lang='grc' dir='ltr'><strong>τοῦ</strong></span> <span class='ocrx_word' id='word_1_599' title='bbox 3350 3848 3741 3918; x_wconf 87' lang='grc' dir='ltr'>στρατιωτικοῦ</span> <span class='ocrx_word' id='word_1_600' title='bbox 3762 3849 4063 3921; x_wconf 80' lang='grc' dir='ltr'>τάγματος,</span> 
     </span>
    </p>
   </div>
   <div class='ocr_carea' id='block_1_84' title="bbox 2480 3934 4066 4013">
    <p class='ocr_par' dir='ltr' id='par_1_84' title="bbox 2480 3934 4066 4013">
     <span class='ocr_line' id='line_1_84' title="bbox 2480 3934 4066 4013; baseline 0.007 -27"><span class='ocrx_word' id='word_1_601' title='bbox 2480 3934 2799 3989; x_wconf 83' lang='grc' dir='ltr'>ὑποϐάλλειν</span> <span class='ocrx_word' id='word_1_602' title='bbox 2826 3936 3010 4008; x_wconf 78' lang='grc' dir='ltr'>ὲξορίᾳ</span> <span class='ocrx_word' id='word_1_603' title='bbox 3037 3939 3163 4002; x_wconf 84' lang='grc' dir='ltr'>τοὺς</span> <span class='ocrx_word' id='word_1_604' title='bbox 3195 3938 3444 4010; x_wconf 79' lang='grc' dir='ltr'>Πατέρας</span> <span class='ocrx_word' id='word_1_605' title='bbox 3470 3940 3579 3996; x_wconf 88' lang='grc' dir='ltr'><strong>τῶν</strong></span> <span class='ocrx_word' id='word_1_606' title='bbox 3609 3943 3876 4013; x_wconf 86' lang='grc' dir='ltr'>μοναχῶν.</span> <span class='ocrx_word' id='word_1_607' title='bbox 3904 3944 4066 3997; x_wconf 78' lang='grc' dir='ltr'>Αὐτοὶ</span> 
     </span>
    </p>
   </div>
   <div class='ocr_carea' id='block_1_85' title="bbox 2477 4024 4066 4105">
    <p class='ocr_par' dir='ltr' id='par_1_85' title="bbox 2477 4024 4066 4105">
     <span class='ocr_line' id='line_1_85' title="bbox 2477 4024 4066 4105; baseline 0.004 -23"><span class='ocrx_word' id='word_1_608' title='bbox 2477 4027 2536 4082; x_wconf 82' lang='grc' dir='ltr'><strong>δὲ</strong></span> <span class='ocrx_word' id='word_1_609' title='bbox 2562 4024 2724 4099; x_wconf 79' lang='grc' dir='ltr'>ἦσαν,</span> <span class='ocrx_word' id='word_1_610' title='bbox 2744 4030 2772 4081; x_wconf 92' lang='lat'><strong>6</strong></span> <span class='ocrx_word' id='word_1_611' title='bbox 2807 4028 3100 4098; x_wconf 77' lang='grc' dir='ltr'>Αἰγύπτιος</span> <span class='ocrx_word' id='word_1_612' title='bbox 3144 4031 3460 4103; x_wconf 83' lang='grc' dir='ltr'>Μακάριος,“</span> <span class='ocrx_word' id='word_1_613' title='bbox 3480 4033 3573 4086; x_wconf 78' lang='grc' dir='ltr'>καὶ</span> <span class='ocrx_word' id='word_1_614' title='bbox 3599 4036 3628 4087; x_wconf 87' lang='lat'><strong>6</strong></span> <span class='ocrx_word' id='word_1_615' title='bbox 3664 4033 4066 4105; x_wconf 81' lang='grc' dir='ltr'>Ἀλεξανδρεὺς,</span> 
     </span>
    </p>
   </div>
   <div class='ocr_carea' id='block_1_86' title="bbox 2480 4120 4065 4196">
    <p class='ocr_par' dir='ltr' id='par_1_86' title="bbox 2480 4120 4065 4196">
     <span class='ocr_line' id='line_1_86' title="bbox 2480 4120 4065 4196; baseline 0.004 -23"><span class='ocrx_word' id='word_1_616' title='bbox 2480 4121 2510 4174; x_wconf 90' lang='lat'><strong>6</strong></span> <span class='ocrx_word' id='word_1_617' title='bbox 2541 4120 2729 4174; x_wconf 86' lang='grc' dir='ltr'>τούτου</span> <span class='ocrx_word' id='word_1_618' title='bbox 2771 4120 3073 4193; x_wconf 74' lang='grc' dir='ltr'>ἐπώνυμος.</span> <span class='ocrx_word' id='word_1_619' title='bbox 3123 4121 3469 4193; x_wconf 79' lang='grc' dir='ltr'>Ἐξωρίζοντο</span> <span class='ocrx_word' id='word_1_620' title='bbox 3503 4120 3596 4178; x_wconf 78' lang='grc' dir='ltr'>οὖν</span> <span class='ocrx_word' id='word_1_621' title='bbox 3649 4125 3699 4176; x_wconf 88' lang='grc' dir='ltr'>οἱ</span> <span class='ocrx_word' id='word_1_622' title='bbox 3746 4124 3935 4196; x_wconf 77' lang='grc' dir='ltr'>ἄνδρες</span> <span class='ocrx_word' id='word_1_623' title='bbox 3985 4127 4065 4191; x_wconf 86' lang='grc' dir='ltr'><strong>εἰς</strong></span> 
     </span>
    </p>
   </div>
   <div class='ocr_carea' id='block_1_87' title="bbox 2481 4207 4060 4288">
    <p class='ocr_par' dir='ltr' id='par_1_87' title="bbox 2481 4207 4060 4288">
     <span class='ocr_line' id='line_1_87' title="bbox 2481 4207 4060 4288; baseline 0.004 -27"><span class='ocrx_word' id='word_1_624' title='bbox 2481 4207 2644 4279; x_wconf 81' lang='grc' dir='ltr'>νῆσόν</span> <span class='ocrx_word' id='word_1_625' title='bbox 2686 4225 2827 4272; x_wconf 86' lang='grc' dir='ltr'>τινα,</span> <span class='ocrx_word' id='word_1_626' title='bbox 2849 4209 2972 4280; x_wconf 77' lang='grc' dir='ltr'>ἥτις</span> <span class='ocrx_word' id='word_1_627' title='bbox 2995 4210 3183 4264; x_wconf 79' lang='grc' dir='ltr'>οὐδένα</span> <span class='ocrx_word' id='word_1_628' title='bbox 3213 4210 3323 4266; x_wconf 87' lang='grc' dir='ltr'><strong>τῶν</strong></span> <span class='ocrx_word' id='word_1_629' title='bbox 3356 4213 3691 4282; x_wconf 86' lang='grc' dir='ltr'>Χριστιανῶν</span> <span class='ocrx_word' id='word_1_630' title='bbox 3733 4210 3878 4284; x_wconf 72' lang='grc' dir='ltr'>εἶχεν</span> <span class='ocrx_word' id='word_1_631' title='bbox 3912 4214 4060 4288; x_wconf 81' lang='grc' dir='ltr'>οἰκή-</span> 
     </span>
    </p>
   </div>
   <div class='ocr_carea' id='block_1_88' title="bbox 2481 4302 4061 4380">
    <p class='ocr_par' dir='ltr' id='par_1_88' title="bbox 2481 4302 4061 4380">
     <span class='ocr_line' id='line_1_88' title="bbox 2481 4302 4061 4380; baseline 0.004 -26"><span class='ocrx_word' id='word_1_632' title='bbox 2481 4318 2634 4375; x_wconf 86' lang='grc' dir='ltr'>τορα.</span> <span class='ocrx_word' id='word_1_633' title='bbox 2665 4303 2802 4355; x_wconf 81' lang='grc' dir='ltr'>Κατ’</span> <span class='ocrx_word' id='word_1_634' title='bbox 2833 4302 3006 4372; x_wconf 86' lang='grc' dir='ltr'>αὐτήν</span> <span class='ocrx_word' id='word_1_635' title='bbox 3024 4318 3086 4354; x_wconf 81' lang='grc' dir='ltr'><strong>τε</strong></span> <span class='ocrx_word' id='word_1_636' title='bbox 3126 4302 3224 4380; x_wconf 73' lang='grc' dir='ltr'>τὴν</span> <span class='ocrx_word' id='word_1_637' title='bbox 3273 4303 3435 4372; x_wconf 83' lang='grc' dir='ltr'>νῆσον</span> <span class='ocrx_word' id='word_1_638' title='bbox 3480 4303 3773 4374; x_wconf 74' lang='grc' dir='ltr'>ἐτύγχανεν</span> <span class='ocrx_word' id='word_1_639' title='bbox 3802 4305 3862 4358; x_wconf 73' lang='grc' dir='ltr'>ὃν</span> <span class='ocrx_word' id='word_1_640' title='bbox 3899 4306 4061 4377; x_wconf 77' lang='grc' dir='ltr'>ἱερὸν,</span> 
     </span>
    </p>
   </div>
   <div class='ocr_carea' id='block_1_89' title="bbox 2483 4391 4059 4468">
    <p class='ocr_par' dir='ltr' id='par_1_89' title="bbox 2483 4391 4059 4468">
     <span class='ocr_line' id='line_1_89' title="bbox 2483 4391 4059 4468; baseline 0.003 -22"><span class='ocrx_word' id='word_1_641' title='bbox 2483 4393 2577 4446; x_wconf 74' lang='grc' dir='ltr'>καὶ</span> <span class='ocrx_word' id='word_1_642' title='bbox 2598 4393 2774 4463; x_wconf 76' lang='grc' dir='ltr'>ἱερεὺς</span> <span class='ocrx_word' id='word_1_643' title='bbox 2795 4395 2852 4446; x_wconf 84' lang='grc' dir='ltr'>ὲν</span> <span class='ocrx_word' id='word_1_644' title='bbox 2877 4391 3044 4464; x_wconf 84' lang='grc' dir='ltr'>αὐτῷ,</span> <span class='ocrx_word' id='word_1_645' title='bbox 3063 4392 3121 4446; x_wconf 83' lang='grc' dir='ltr'>ὃν</span> <span class='ocrx_word' id='word_1_646' title='bbox 3144 4392 3344 4459; x_wconf 89' lang='grc' dir='ltr'>πάντες</span> <span class='ocrx_word' id='word_1_647' title='bbox 3369 4396 3418 4448; x_wconf 87' lang='grc' dir='ltr'><strong>οἰ</strong></span> <span class='ocrx_word' id='word_1_648' title='bbox 3439 4395 3553 4448; x_wconf 75' lang='grc' dir='ltr'>ἐκεῖ</span> <span class='ocrx_word' id='word_1_649' title='bbox 3581 4393 3673 4449; x_wconf 84' lang='grc' dir='ltr'>ἶσα</span> <span class='ocrx_word' id='word_1_650' title='bbox 3704 4396 3810 4468; x_wconf 82' lang='grc' dir='ltr'>θεῷ</span> <span class='ocrx_word' id='word_1_651' title='bbox 3856 4397 4059 4452; x_wconf 75' lang='grc' dir='ltr'>ἔσεϐον.</span> 
     </span>
    </p>
   </div>
   <div class='ocr_carea' id='block_1_90' title="bbox 2483 4484 4065 4560">
    <p class='ocr_par' dir='ltr' id='par_1_90' title="bbox 2483 4484 4065 4560">
     <span class='ocr_line' id='line_1_90' title="bbox 2483 4484 4065 4560; baseline 0.003 -21"><span class='ocrx_word' id='word_1_652' title='bbox 2483 4485 2796 4558; x_wconf 83' lang='grc' dir='ltr'>Γενομένων</span> <span class='ocrx_word' id='word_1_653' title='bbox 2820 4485 2876 4538; x_wconf 84' lang='grc' dir='ltr'><strong>δὲ</strong></span> <span class='ocrx_word' id='word_1_654' title='bbox 2901 4484 3009 4538; x_wconf 88' lang='grc' dir='ltr'><strong>τῶν</strong></span> <span class='ocrx_word' id='word_1_655' title='bbox 3035 4485 3296 4555; x_wconf 75' lang='grc' dir='ltr'>θεοφιλῶν</span> <span class='ocrx_word' id='word_1_656' title='bbox 3313 4486 3519 4558; x_wconf 84' lang='grc' dir='ltr'>ἀνδρῶν</span> <span class='ocrx_word' id='word_1_657' title='bbox 3538 4489 3595 4541; x_wconf 83' lang='grc' dir='ltr'>ὲν</span> <span class='ocrx_word' id='word_1_658' title='bbox 3615 4491 3679 4558; x_wconf 81' lang='grc' dir='ltr'><strong>τῇ</strong></span> <span class='ocrx_word' id='word_1_659' title='bbox 3698 4489 3760 4560; x_wconf 89' lang='grc' dir='ltr'>νή</span> <span class='ocrx_word' id='word_1_660' title='bbox 3769 4506 3864 4560; x_wconf 92' lang='grc' dir='ltr'><strong>σῳ,</strong></span> <span class='ocrx_word' id='word_1_661' title='bbox 3885 4490 4065 4544; x_wconf 85' lang='grc' dir='ltr'>πάντα</span> 
     </span>
    </p>
   </div>
   <div class='ocr_carea' id='block_1_91' title="bbox 808 4560 2571 4650">
    <p class='ocr_par' dir='ltr' id='par_1_91' title="bbox 808 4560 2571 4648">
     <span class='ocr_line' id='line_1_91' title="bbox 808 4560 2571 4648; baseline 0.003 -36"><span class='ocrx_word' id='word_1_662' title='bbox 808 4563 959 4613; x_wconf 86' lang='lat' dir='ltr'><strong>chari</strong></span> <span class='ocrx_word' id='word_1_663' title='bbox 1017 4561 1082 4614; x_wconf 91' lang='lat' dir='ltr'><strong>ad</strong></span> <span class='ocrx_word' id='word_1_664' title='bbox 1126 4575 1246 4613; x_wconf 82' lang='lat' dir='ltr'><strong>cam</strong></span> <span class='ocrx_word' id='word_1_665' title='bbox 1309 4560 1544 4615; x_wconf 81' lang='lat' dir='ltr'><strong>insulam</strong></span> <span class='ocrx_word' id='word_1_666' title='bbox 1601 4562 1948 4632; x_wconf 89' lang='lat' dir='ltr'><strong>appulerunt,</strong></span> <span class='ocrx_word' id='word_1_667' title='bbox 2005 4572 2184 4621; x_wconf 88' lang='lat' dir='ltr'><strong>metus</strong></span> <span class='ocrx_word' id='word_1_668' title='bbox 2231 4567 2378 4622; x_wconf 91' lang='lat' dir='ltr'><strong>illico</strong></span> <span class='ocrx_word' id='word_1_669' title='bbox 2409 4561 2455 4617; x_wconf 92' lang='lat' dir='ltr'><strong>D</strong></span> <span class='ocrx_word' id='word_1_670' title='bbox 2487 4579 2571 4648; x_wconf 58' lang='grc' dir='ltr'><strong>μὲἸ</strong></span> 
     </span>
    </p>
   </div>
   <div class='ocr_carea' id='block_1_92' title="bbox 2293 4560 4056 4650">
    <p class='ocr_par' dir='ltr' id='par_1_92' title="bbox 2294 4561 4056 4650">
     <span class='ocr_line' id='line_1_92' title="bbox 2294 4561 4056 4650; baseline 0.004 -21"><span class='ocrx_word' id='word_1_671' title='bbox 2294 4568 2378 4622; x_wconf 79' lang='lat' dir='ltr'><strong>iCO</strong></span> <span class='ocrx_word' id='word_1_672' title='bbox 2409 4561 2455 4617; x_wconf 80' lang='lat' dir='ltr'><strong>D</strong></span> <span class='ocrx_word' id='word_1_673' title='bbox 2487 4579 2586 4648; x_wconf 87' lang='grc' dir='ltr'>μὲν</span> <span class='ocrx_word' id='word_1_674' title='bbox 2607 4578 2676 4631; x_wconf 86' lang='grc' dir='ltr'><strong>τὰ</strong></span> <span class='ocrx_word' id='word_1_675' title='bbox 2703 4579 2819 4631; x_wconf 78' lang='grc' dir='ltr'>ἐκεῖ</span> <span class='ocrx_word' id='word_1_676' title='bbox 2861 4577 3112 4648; x_wconf 88' lang='grc' dir='ltr'>δαιμόνια</span> <span class='ocrx_word' id='word_1_677' title='bbox 3149 4580 3206 4633; x_wconf 83' lang='grc' dir='ltr'>ὲν</span> <span class='ocrx_word' id='word_1_678' title='bbox 3243 4578 3454 4650; x_wconf 88' lang='grc' dir='ltr'>θορύϐῳ</span> <span class='ocrx_word' id='word_1_679' title='bbox 3492 4581 3587 4633; x_wconf 69' lang='grc' dir='ltr'>καὶ</span> <span class='ocrx_word' id='word_1_680' title='bbox 3617 4579 3766 4650; x_wconf 87' lang='grc' dir='ltr'>φόϐῳ</span> <span class='ocrx_word' id='word_1_681' title='bbox 3799 4581 4056 4650; x_wconf 78' lang='grc' dir='ltr'>ἐγίνοντο.</span> 
     </span>
    </p>
   </div>
   <div class='ocr_carea' id='block_1_93' title="bbox 809 4652 2375 4723">
    <p class='ocr_par' dir='ltr' id='par_1_93' title="bbox 809 4652 2375 4723">
     <span class='ocr_line' id='line_1_93' title="bbox 809 4652 2375 4723; baseline 0.008 -19"><span class='ocrx_word' id='word_1_682' title='bbox 809 4668 872 4706; x_wconf 75' lang='lat' dir='ltr'><strong>.‘tc</strong></span> <span class='ocrx_word' id='word_1_683' title='bbox 906 4653 1203 4723; x_wconf 74' lang='lat' dir='ltr'><strong>trepidatio</strong></span> <span class='ocrx_word' id='word_1_684' title='bbox 1231 4652 1351 4723; x_wconf 82' lang='lat' dir='ltr'><strong>ejus</strong></span> <span class='ocrx_word' id='word_1_685' title='bbox 1410 4652 1513 4707; x_wconf 89' lang='lat' dir='ltr'><strong>loci</strong></span> <span class='ocrx_word' id='word_1_686' title='bbox 1568 4653 1842 4710; x_wconf 70' lang='lat' dir='ltr'><strong>daemones</strong></span> <span class='ocrx_word' id='word_1_687' title='bbox 1889 4657 2112 4713; x_wconf 88' lang='lat' dir='ltr'><strong>invasit.</strong></span> <span class='ocrx_word' id='word_1_688' title='bbox 2171 4657 2375 4716; x_wconf 87' lang='lat' dir='ltr'><strong>Eodem</strong></span> 
     </span>
    </p>
   </div>
   <div class='ocr_carea' id='block_1_94' title="bbox 810 4747 2377 4822">
    <p class='ocr_par' dir='ltr' id='par_1_94' title="bbox 810 4747 2377 4822">
     <span class='ocr_line' id='line_1_94' title="bbox 810 4747 2377 4822; baseline 0.008 -21"><span class='ocrx_word' id='word_1_689' title='bbox 810 4757 1054 4818; x_wconf 85' lang='lat' dir='ltr'><strong>tempore</strong></span> <span class='ocrx_word' id='word_1_690' title='bbox 1103 4747 1251 4803; x_wconf 87' lang='lat' dir='ltr'><strong>aliud</strong></span> <span class='ocrx_word' id='word_1_691' title='bbox 1301 4747 1582 4820; x_wconf 86' lang='lat' dir='ltr'><strong>quidpiam</strong></span> <span class='ocrx_word' id='word_1_692' title='bbox 1625 4751 1873 4822; x_wconf 84' lang='lat' dir='ltr'><strong>contigit.</strong></span> <span class='ocrx_word' id='word_1_693' title='bbox 1908 4750 2228 4812; x_wconf 89' lang='lat' dir='ltr'><strong>Sacerdotis</strong></span> <span class='ocrx_word' id='word_1_694' title='bbox 2266 4755 2377 4813; x_wconf 85' lang='lat' dir='ltr'><strong>tilia</strong></span> 
     </span>
    </p>
   </div>
   <div class='ocr_carea' id='block_1_95' title="bbox 2484 4666 4062 4743">
    <p class='ocr_par' dir='ltr' id='par_1_95' title="bbox 2484 4666 4062 4743">
     <span class='ocr_line' id='line_1_95' title="bbox 2484 4666 4062 4743; baseline 0.001 -18"><span class='ocrx_word' id='word_1_695' title='bbox 2484 4670 2774 4726; x_wconf 88' lang='grc' dir='ltr'>Συνέϐαινε</span> <span class='ocrx_word' id='word_1_696' title='bbox 2803 4670 2861 4724; x_wconf 85' lang='grc' dir='ltr'><strong>δὲ</strong></span> <span class='ocrx_word' id='word_1_697' title='bbox 2900 4666 3022 4725; x_wconf 67' lang='grc' dir='ltr'>κατ⁴</span> <span class='ocrx_word' id='word_1_698' title='bbox 3047 4669 3197 4736; x_wconf 85' lang='grc' dir='ltr'>αὐτὸ,</span> <span class='ocrx_word' id='word_1_699' title='bbox 3227 4671 3319 4723; x_wconf 75' lang='grc' dir='ltr'>καὶ</span> <span class='ocrx_word' id='word_1_700' title='bbox 3355 4670 3596 4723; x_wconf 83' lang='grc' dir='ltr'>τοιοῦτόν</span> <span class='ocrx_word' id='word_1_701' title='bbox 3626 4689 3678 4724; x_wconf 91' lang='grc' dir='ltr'><strong>τι</strong></span> <span class='ocrx_word' id='word_1_702' title='bbox 3707 4674 3940 4743; x_wconf 75' lang='grc' dir='ltr'>πρᾶγμα</span> <span class='ocrx_word' id='word_1_703' title='bbox 3966 4690 4062 4742; x_wconf 83' lang='grc' dir='ltr'>γε·</span> 
     </span>
    </p>
   </div>
   <div class='ocr_carea' id='block_1_96' title="bbox 2485 4759 4062 4837">
    <p class='ocr_par' dir='ltr' id='par_1_96' title="bbox 2485 4759 4062 4837">
     <span class='ocr_line' id='line_1_96' title="bbox 2485 4759 4062 4837; baseline 0.002 -21"><span class='ocrx_word' id='word_1_704' title='bbox 2485 4762 2691 4818; x_wconf 84' lang='grc' dir='ltr'>νέσθαι.</span> <span class='ocrx_word' id='word_1_705' title='bbox 2732 4761 2794 4816; x_wconf 85' lang='grc' dir='ltr'><strong>Ἠ</strong></span> <span class='ocrx_word' id='word_1_706' title='bbox 2833 4760 2924 4815; x_wconf 89' lang='grc' dir='ltr'><strong>τοῦ</strong></span> <span class='ocrx_word' id='word_1_707' title='bbox 2969 4761 3158 4832; x_wconf 77' lang='grc' dir='ltr'>ἱερέως</span> <span class='ocrx_word' id='word_1_708' title='bbox 3208 4759 3452 4833; x_wconf 85' lang='grc' dir='ltr'>θυγάτηρ</span> <span class='ocrx_word' id='word_1_709' title='bbox 3491 4761 3646 4831; x_wconf 77' lang='grc' dir='ltr'>ἄφνω</span> <span class='ocrx_word' id='word_1_710' title='bbox 3674 4764 3777 4818; x_wconf 79' lang='grc' dir='ltr'><strong>ὑπὸ</strong></span> <span class='ocrx_word' id='word_1_711' title='bbox 3811 4764 4062 4837; x_wconf 83' lang='grc' dir='ltr'>δαίμονος</span> 
     </span>
    </p>
   </div>
   <div class='ocr_carea' id='block_1_97' title="bbox 2007 4933 2872 5001">
    <p class='ocr_par' dir='ltr' id='par_1_97' title="bbox 2007 4933 2872 5001">
     <span class='ocr_line' id='line_1_97' title="bbox 2007 4933 2872 5001; baseline 0.014 -12"><span class='ocrx_word' id='word_1_712' title='bbox 2007 4933 2278 4996; x_wconf 80' lang='lat' dir='ltr'><strong>VALESll</strong></span> <span class='ocrx_word' id='word_1_713' title='bbox 2318 4943 2872 5001; x_wconf 70' lang='lat' dir='ltr'><strong>ANNOTAT‘IONES.</strong></span> 
     </span>
    </p>
   </div>
   <div class='ocr_carea' id='block_1_98' title="bbox 877 5019 2640 5108">
    <p class='ocr_par' dir='ltr' id='par_1_98' title="bbox 877 5019 2640 5108">
     <span class='ocr_line' id='line_1_98' title="bbox 877 5019 2640 5108; baseline 0.014 -40"><span class='ocrx_word' id='word_1_714' title='bbox 877 5019 991 5108; x_wconf 53' lang='lat' dir='ltr'><strong>(lli</strong></span> <span class='ocrx_word' id='word_1_715' title='bbox 1033 5019 1407 5108; x_wconf 41' lang='lat' dir='ltr'><strong>EufZ‘dir‘oc‘dé‘.</strong></span> <span class='ocrx_word' id='word_1_716' title='bbox 1442 5020 1801 5108; x_wconf 56' lang='lat' dir='ltr'><strong>scribendum</strong></span> <span class='ocrx_word' id='word_1_717' title='bbox 1845 5035 1932 5108; x_wconf 50' lang='lat' dir='ltr'><strong>est</strong></span> <span class='ocrx_word' id='word_1_718' title='bbox 1982 5031 2173 5108; x_wconf 72' lang='lat' dir='ltr'><strong>procul</strong></span> <span class='ocrx_word' id='word_1_719' title='bbox 2207 5033 2381 5108; x_wconf 85' lang='lat' dir='ltr'><strong>dubio</strong></span> <span class='ocrx_word' id='word_1_720' title='bbox 2487 5037 2640 5108; x_wconf 86' lang='lat' dir='ltr'><strong>Epipl</strong></span> 
     </span>
    </p>
   </div>
   <div class='ocr_carea' id='block_1_99' title="bbox 1504 5019 3267 5108">
    <p class='ocr_par' dir='ltr' id='par_1_99' title="bbox 1504 5021 3267 5108">
     <span class='ocr_line' id='line_1_99' title="bbox 1504 5021 3267 5108; baseline 0.008 -32"><span class='ocrx_word' id='word_1_721' title='bbox 1504 5021 1801 5108; x_wconf 50' lang='lat' dir='ltr'><strong>Eribepdum</strong></span> <span class='ocrx_word' id='word_1_722' title='bbox 1845 5035 1932 5108; x_wconf 51' lang='lat' dir='ltr'><strong>est</strong></span> <span class='ocrx_word' id='word_1_723' title='bbox 1982 5031 2381 5108; x_wconf 71' lang='lat' dir='ltr'><strong>proculdubio</strong></span> <span class='ocrx_word' id='word_1_724' title='bbox 2487 5037 2831 5108; x_wconf 87' lang='lat' dir='ltr'><strong>Epiphanius</strong></span> <span class='ocrx_word' id='word_1_725' title='bbox 2867 5037 3267 5093; x_wconf 84' lang='lat' dir='ltr'><strong>Scholasticus.</strong></span> 
     </span>
    </p>
   </div>
   <div class='ocr_carea' id='block_1_100' title="bbox 809 5091 2377 5173">
    <p class='ocr_par' dir='ltr' id='par_1_100' title="bbox 809 5091 2377 5173">
     <span class='ocr_line' id='line_1_100' title="bbox 809 5091 2377 5173; baseline 0.01 -30"><span class='ocrx_word' id='word_1_726' title='bbox 809 5091 1046 5173; x_wconf 63' lang='grc' dir='ltr'>Ιεξύζώιος</span> <span class='ocrx_word' id='word_1_727' title='bbox 1072 5092 1178 5173; x_wconf 35' lang='grc' dir='ltr'>’μὲν</span> <span class='ocrx_word' id='word_1_728' title='bbox 1216 5092 1307 5144; x_wconf 66' lang='grc' dir='ltr'><strong>ἐπὶ</strong></span> <span class='ocrx_word' id='word_1_729' title='bbox 1337 5091 1434 5162; x_wconf 81' lang='grc' dir='ltr'>τὴν</span> <span class='ocrx_word' id='word_1_730' title='bbox 1471 5093 1799 5173; x_wconf 74' lang='grc' dir='ltr'>Ἀντιόχειαν</span> <span class='ocrx_word' id='word_1_731' title='bbox 1828 5091 1996 5160; x_wconf 67' lang='grc' dir='ltr'>αὖθις</span> <span class='ocrx_word' id='word_1_732' title='bbox 2018 5100 2377 5173; x_wconf 71' lang='grc' dir='ltr'>ὑπέστρεψεν.</span> 
     </span>
    </p>
   </div>
   <div class='ocr_carea' id='block_1_101' title="bbox 808 5164 2382 5233">
    <p class='ocr_par' dir='ltr' id='par_1_101' title="bbox 808 5164 2382 5233">
     <span class='ocr_line' id='line_1_101' title="bbox 808 5164 2382 5233; baseline 0.013 -25"><span class='ocrx_word' id='word_1_733' title='bbox 808 5164 1344 5231; x_wconf 76' lang='lat' dir='ltr'><strong>tihristophorsouus</strong></span> <span class='ocrx_word' id='word_1_734' title='bbox 1375 5171 1602 5233; x_wconf 85' lang='lat' dir='ltr'><strong>tamen,</strong></span> <span class='ocrx_word' id='word_1_735' title='bbox 1653 5165 2013 5233; x_wconf 78' lang='lat' dir='ltr'><strong>Epiphaniqu</strong></span> <span class='ocrx_word' id='word_1_736' title='bbox 2077 5164 2382 5228; x_wconf 70' lang='lat' dir='ltr'><strong>Scholasti-</strong></span> 
     </span>
    </p>
   </div>
   <div class='ocr_carea' id='block_1_102' title="bbox 2561 5079 4056 5178">
    <p class='ocr_par' dir='ltr' id='par_1_102' title="bbox 2561 5079 4056 5178">
     <span class='ocr_line' id='line_1_102' title="bbox 2561 5079 4056 5178; baseline -0.001 -18"><span class='ocrx_word' id='word_1_737' title='bbox 2868 5079 3466 5177; x_wconf 46' lang='lat' dir='ltr'><strong>&#39;ékézmwo.</strong></span> <span class='ocrx_word' id='word_1_738' title='bbox 3517 5079 3662 5176; x_wconf 78' lang='lat' dir='ltr'><strong>Lego</strong></span> <span class='ocrx_word' id='word_1_739' title='bbox 3705 5109 3817 5178; x_wconf 79' lang='grc' dir='ltr'>τοῖς</span> <span class='ocrx_word' id='word_1_740' title='bbox 3852 5105 4056 5169; x_wconf 77' lang='grc' dir='ltr'>ὅπλοις.</span> 
     </span>
    </p>
   </div>
   <div class='ocr_carea' id='block_1_103' title="bbox 2490 5177 4057 5248">
    <p class='ocr_par' dir='ltr' id='par_1_103' title="bbox 2490 5177 4057 5248">
     <span class='ocr_line' id='line_1_103' title="bbox 2490 5177 4057 5248; baseline -0.002 -16"><span class='ocrx_word' id='word_1_741' title='bbox 2490 5178 2656 5248; x_wconf 75' lang='lat' dir='ltr'><strong>idque</strong></span> <span class='ocrx_word' id='word_1_742' title='bbox 2686 5179 2974 5233; x_wconf 87' lang='lat' dir='ltr'><strong>conﬁrmat</strong></span> <span class='ocrx_word' id='word_1_743' title='bbox 3007 5177 3235 5248; x_wconf 79' lang='lat' dir='ltr'><strong>Ruﬁnus</strong></span> <span class='ocrx_word' id='word_1_744' title='bbox 3279 5180 3332 5232; x_wconf 90' lang='lat' dir='ltr'><strong>in</strong></span> <span class='ocrx_word' id='word_1_745' title='bbox 3378 5179 3483 5248; x_wconf 81' lang='lat' dir='ltr'><strong>lih._</strong></span> <span class='ocrx_word' id='word_1_746' title='bbox 3517 5192 3593 5237; x_wconf 80' lang='lat' dir='ltr'><strong>xi,</strong></span> <span class='ocrx_word' id='word_1_747' title='bbox 3634 5192 3758 5245; x_wconf 86' lang='lat' dir='ltr'><strong>cap.</strong></span> <span class='ocrx_word' id='word_1_748' title='bbox 3791 5177 3842 5231; x_wconf 78' lang='grc'><strong>5,</strong></span> <span class='ocrx_word' id='word_1_749' title='bbox 3886 5178 4057 5242; x_wconf 78' lang='lat' dir='ltr'><strong>Qimm</strong></span> 
     </span>
    </p>
   </div>
   <div class='ocr_carea' id='block_1_104' title="bbox 809 5232 4058 5318">
    <p class='ocr_par' dir='ltr' id='par_1_104' title="bbox 809 5232 4058 5318">
     <span class='ocr_line' id='line_1_104' title="bbox 809 5232 4058 5318; baseline 0.005 -35"><span class='ocrx_word' id='word_1_750' title='bbox 809 5247 932 5318; x_wconf 75' lang='lat' dir='ltr'><strong>cum</strong></span> <span class='ocrx_word' id='word_1_751' title='bbox 992 5242 1255 5318; x_wconf 54' lang='lat' dir='ltr'><strong>secutus,</strong></span> <span class='ocrx_word' id='word_1_752' title='bbox 1298 5232 1571 5318; x_wconf 60' lang='lat' dir='ltr'><strong>vulgatam</strong></span> <span class='ocrx_word' id='word_1_753' title='bbox 1630 5232 1965 5318; x_wconf 63' lang='lat' dir='ltr'><strong>scripturam</strong></span> <span class='ocrx_word' id='word_1_754' title='bbox 2026 5241 2262 5301; x_wconf 84' lang='lat' dir='ltr'><strong>retinet.</strong></span> <span class='ocrx_word' id='word_1_755' title='bbox 2329 5254 2384 5298; x_wconf 89' lang='lat' dir='ltr'><strong>et</strong></span> <span class='ocrx_word' id='word_1_756' title='bbox 2492 5232 2672 5301; x_wconf 59' lang='lat' dir='ltr'><strong>lodum</strong></span> <span class='ocrx_word' id='word_1_757' title='bbox 2715 5232 2968 5318; x_wconf 82' lang='lat' dir='ltr'><strong>designat</strong></span> <span class='ocrx_word' id='word_1_758' title='bbox 2996 5248 3084 5302; x_wconf 89' lang='lat' dir='ltr'><strong>hic</strong></span> <span class='ocrx_word' id='word_1_759' title='bbox 3117 5247 3396 5304; x_wconf 90' lang='lat' dir='ltr'><strong>Socrates.</strong></span> <span class='ocrx_word' id='word_1_760' title='bbox 3435 5246 3556 5301; x_wconf 79' lang='lat' dir='ltr'><strong>Mox</strong></span> <span class='ocrx_word' id='word_1_761' title='bbox 3581 5232 3942 5302; x_wconf 68' lang='lat' dir='ltr'><strong>scribendum</strong></span> <span class='ocrx_word' id='word_1_762' title='bbox 3973 5259 4058 5302; x_wconf 88' lang='lat' dir='ltr'><strong>cst</strong></span> 
     </span>
    </p>
   </div>
   <div class='ocr_carea' id='block_1_105' title="bbox 810 5302 2573 5389">
    <p class='ocr_par' dir='ltr' id='par_1_105' title="bbox 810 5302 2564 5389">
     <span class='ocr_line' id='line_1_105' title="bbox 810 5302 2564 5389; baseline 0.011 -37"><span class='ocrx_word' id='word_1_763' title='bbox 810 5309 933 5369; x_wconf 82' lang='lat' dir='ltr'><strong>post</strong></span> <span class='ocrx_word' id='word_1_764' title='bbox 974 5303 1196 5389; x_wconf 68' lang='lat' dir='ltr'><strong>verbum</strong></span> <span class='ocrx_word' id='word_1_765' title='bbox 1235 5302 1569 5389; x_wconf 42' lang='lat' dir='ltr'><strong>O‘ﬁéotpelqiev</strong></span> <span class='ocrx_word' id='word_1_766' title='bbox 1619 5302 2131 5389; x_wconf 71' lang='lat' dir='ltr'><strong>subdistinctionem</strong></span> <span class='ocrx_word' id='word_1_767' title='bbox 2171 5321 2382 5368; x_wconf 84' lang='lat' dir='ltr'><strong>tantum</strong></span> <span class='ocrx_word' id='word_1_768' title='bbox 2492 5319 2564 5370; x_wconf 88' lang='grc' dir='ltr'>ὲω</span> 
     </span>
    </p>
   </div>
   <div class='ocr_carea' id='block_1_106' title="bbox 1715 5302 3478 5389">
    <p class='ocr_par' dir='ltr' id='par_1_106' title="bbox 1715 5302 3478 5389">
     <span class='ocr_line' id='line_1_106' title="bbox 1715 5302 3478 5389; baseline 0.008 -31"><span class='ocrx_word' id='word_1_769' title='bbox 1715 5302 2131 5362; x_wconf 69' lang='grc' dir='ltr'>νόίειὶυειίοηειη</span> <span class='ocrx_word' id='word_1_770' title='bbox 2171 5321 2382 5368; x_wconf 85' lang='lat' dir='ltr'><strong>tantum</strong></span> <span class='ocrx_word' id='word_1_771' title='bbox 2492 5302 2806 5388; x_wconf 31' lang='grc' dir='ltr'>ἑωρακέναι-</span> <span class='ocrx_word' id='word_1_772' title='bbox 2829 5302 3027 5389; x_wconf 15' lang='grc' dir='ltr'>,παρών</span> <span class='ocrx_word' id='word_1_773' title='bbox 3059 5319 3266 5387; x_wconf 85' lang='lat' dir='ltr'><strong>absque</strong></span> <span class='ocrx_word' id='word_1_774' title='bbox 3290 5302 3478 5389; x_wconf 74' lang='lat' dir='ltr'><strong>dubio.</strong></span> 
     </span>
    </p>
   </div>
   <div class='ocr_carea' id='block_1_107' title="bbox 809 5371 2240 5447">
    <p class='ocr_par' dir='ltr' id='par_1_107' title="bbox 809 5371 2240 5447">
     <span class='ocr_line' id='line_1_107' title="bbox 809 5371 2240 5447; baseline 0.009 -24"><span class='ocrx_word' id='word_1_775' title='bbox 809 5376 1035 5447; x_wconf 83' lang='lat' dir='ltr'><strong>app_o_nit</strong></span> <span class='ocrx_word' id='word_1_776' title='bbox 1060 5391 1110 5447; x_wconf 69' lang='lat'><strong>_-._</strong></span> <span class='ocrx_word' id='word_1_777' title='bbox 1133 5371 1276 5447; x_wconf 76' lang='lat' dir='ltr'><strong>quod</strong></span> <span class='ocrx_word' id='word_1_778' title='bbox 1314 5371 1565 5447; x_wconf 85' lang='lat' dir='ltr'><strong>equidem</strong></span> <span class='ocrx_word' id='word_1_779' title='bbox 1597 5375 1830 5447; x_wconf 83' lang='lat' dir='ltr'><strong>probare</strong></span> <span class='ocrx_word' id='word_1_780' title='bbox 1859 5391 1964 5447; x_wconf 88' lang='lat' dir='ltr'><strong>non</strong></span> <span class='ocrx_word' id='word_1_781' title='bbox 1995 5393 2240 5447; x_wconf 90' lang='lat' dir='ltr'><strong>possum.</strong></span> 
     </span>
    </p>
   </div>
   <div class='ocr_carea' id='block_1_108' title="bbox 2563 5379 4055 5458">
    <p class='ocr_par' dir='ltr' id='par_1_108' title="bbox 2563 5379 4055 5458">
     <span class='ocr_line' id='line_1_108' title="bbox 2563 5379 4055 5458; baseline 0 -18"><span class='ocrx_word' id='word_1_782' title='bbox 2563 5379 2677 5458; x_wconf 70' lang='lat'><strong>(74)</strong></span> <span class='ocrx_word' id='word_1_783' title='bbox 2703 5379 2952 5455; x_wconf 64' lang='grc' dir='ltr'>Ἀνδρεξτ</span> <span class='ocrx_word' id='word_1_784' title='bbox 2991 5379 3414 5456; x_wconf 59' lang='grc' dir='ltr'>περιεχόμενοι.</span> <span class='ocrx_word' id='word_1_785' title='bbox 3444 5387 3588 5457; x_wconf 80' lang='lat' dir='ltr'><strong>Lego</strong></span> <span class='ocrx_word' id='word_1_786' title='bbox 3623 5379 4055 5458; x_wconf 83' lang='grc' dir='ltr'>περιερχόμενοι,</span> 
     </span>
    </p>
   </div>
   <div class='ocr_carea' id='block_1_109' title="bbox 882 5441 2645 5529">
    <p class='ocr_par' dir='ltr' id='par_1_109' title="bbox 882 5441 2645 5529">
     <span class='ocr_line' id='line_1_109' title="bbox 882 5441 2645 5529; baseline 0.019 -52"><span class='ocrx_word' id='word_1_787' title='bbox 882 5442 992 5512; x_wconf 27' lang='grc'><strong>(172)</strong></span> <span class='ocrx_word' id='word_1_788' title='bbox 1045 5443 1120 5529; x_wconf 10' lang='grc' dir='ltr'><strong>γ”ο</strong></span> <span class='ocrx_word' id='word_1_789' title='bbox 1261 5441 2032 5529; x_wconf 25' lang='grc' dir='ltr'>στρατηγός-.εει-,ἰὺοηιίμιὶι</span> <span class='ocrx_word' id='word_1_790' title='bbox 2093 5459 2176 5504; x_wconf 78' lang='lat' dir='ltr'><strong>est</strong></span> <span class='ocrx_word' id='word_1_791' title='bbox 2217 5452 2262 5529; x_wconf 78' lang='lat'><em>_6</em></span> <span class='ocrx_word' id='word_1_792' title='bbox 2316 5469 2376 5506; x_wconf 88' lang='grc' dir='ltr'><strong>τε</strong></span> <span class='ocrx_word' id='word_1_793' title='bbox 2487 5467 2546 5529; x_wconf 90' lang='lat' dir='ltr'><strong>et</strong></span> <span class='ocrx_word' id='word_1_794' title='bbox 2568 5441 2645 5528; x_wconf 54' lang='lat' dir='ltr'><strong>‘pa</strong></span> 
     </span>
    </p>
   </div>
   <div class='ocr_carea' id='block_1_110' title="bbox 2292 5441 4055 5529">
    <p class='ocr_par' dir='ltr' id='par_1_110' title="bbox 2316 5441 4055 5529">
     <span class='ocr_line' id='line_1_110' title="bbox 2316 5441 4055 5529; baseline -0.002 -17"><span class='ocrx_word' id='word_1_795' title='bbox 2316 5469 2376 5506; x_wconf 87' lang='grc' dir='ltr'><strong>τε</strong></span> <span class='ocrx_word' id='word_1_796' title='bbox 2487 5467 2546 5529; x_wconf 90' lang='lat' dir='ltr'><strong>et</strong></span> <span class='ocrx_word' id='word_1_797' title='bbox 2568 5441 2743 5528; x_wconf 53' lang='lat' dir='ltr'><strong>‘paulo</strong></span> <span class='ocrx_word' id='word_1_798' title='bbox 2778 5441 2898 5529; x_wconf 69' lang='lat' dir='ltr'><strong>post</strong></span> <span class='ocrx_word' id='word_1_799' title='bbox 2927 5441 3126 5512; x_wconf 48' lang='lat' dir='ltr'><strong>,seribo</strong></span> <span class='ocrx_word' id='word_1_800' title='bbox 3157 5441 3618 5529; x_wconf 57' lang='grc' dir='ltr'>’κακουχούμεῖομ</span> <span class='ocrx_word' id='word_1_801' title='bbox 3664 5441 4055 5529; x_wconf 33' lang='grc' dir='ltr'>ᾸΙΙυᾉῙιίθιιὶιιί</span> 
     </span>
    </p>
   </div>
   <div class='ocr_carea' id='block_1_111' title="bbox 808 5513 2372 5582">
    <p class='ocr_par' dir='ltr' id='par_1_111' title="bbox 808 5513 2372 5582">
     <span class='ocr_line' id='line_1_111' title="bbox 808 5513 2372 5582; baseline 0.008 -19"><span class='ocrx_word' id='word_1_802' title='bbox 808 5513 1133 5582; x_wconf 75' lang='grc' dir='ltr'>στρατηγός,</span> <span class='ocrx_word' id='word_1_803' title='bbox 1163 5519 1214 5565; x_wconf 90' lang='lat' dir='ltr'><strong>et</strong></span> <span class='ocrx_word' id='word_1_804' title='bbox 1250 5513 1508 5566; x_wconf 81' lang='lat' dir='ltr'><strong>mutanda</strong></span> <span class='ocrx_word' id='word_1_805' title='bbox 1539 5515 1820 5569; x_wconf 84' lang='lat' dir='ltr'><strong>distinctio</strong></span> <span class='ocrx_word' id='word_1_806' title='bbox 1851 5517 1904 5569; x_wconf 89' lang='lat' dir='ltr'><strong>in</strong></span> <span class='ocrx_word' id='word_1_807' title='bbox 1936 5517 2079 5573; x_wconf 91' lang='lat' dir='ltr'><strong>hunc</strong></span> <span class='ocrx_word' id='word_1_808' title='bbox 2106 5521 2326 5574; x_wconf 87' lang='lat' dir='ltr'><strong>modum</strong></span> <span class='ocrx_word' id='word_1_809' title='bbox 2360 5540 2372 5576; x_wconf 90' lang='lat'><strong>:</strong></span> 
     </span>
    </p>
   </div>
   <div class='ocr_carea' id='block_1_112' title="bbox 811 5582 2373 5664">
    <p class='ocr_par' dir='ltr' id='par_1_112' title="bbox 811 5582 2373 5664">
     <span class='ocr_line' id='line_1_112' title="bbox 811 5582 2373 5664; baseline 0.006 -31"><span class='ocrx_word' id='word_1_810' title='bbox 811 5584 871 5634; x_wconf 71' lang='lat' dir='ltr'><strong>(ll</strong></span> <span class='ocrx_word' id='word_1_811' title='bbox 909 5583 963 5634; x_wconf 82' lang='grc' dir='ltr'><strong>δὲ</strong></span> <span class='ocrx_word' id='word_1_812' title='bbox 1001 5584 1161 5664; x_wconf 68' lang='grc' dir='ltr'>εὐθὺς</span> <span class='ocrx_word' id='word_1_813' title='bbox 1200 5582 1290 5634; x_wconf 69' lang='grc' dir='ltr'><strong>ἐπὶ</strong></span> <span class='ocrx_word' id='word_1_814' title='bbox 1328 5584 1395 5636; x_wconf 70' lang='grc' dir='ltr'>τὰ</span> <span class='ocrx_word' id='word_1_815' title='bbox 1433 5583 1530 5664; x_wconf 76' lang='grc' dir='ltr'>τῆς</span> <span class='ocrx_word' id='word_1_816' title='bbox 1567 5585 1838 5651; x_wconf 81' lang='grc' dir='ltr'>Αἰγύπτου</span> <span class='ocrx_word' id='word_1_817' title='bbox 1873 5590 2205 5664; x_wconf 69' lang='grc' dir='ltr'>μοναστῄρια</span> <span class='ocrx_word' id='word_1_818' title='bbox 2239 5591 2373 5664; x_wconf 56' lang='lat' dir='ltr'><strong>sxta.</strong></span> 
     </span>
    </p>
   </div>
   <div class='ocr_carea' id='block_1_113' title="bbox 811 5655 2383 5731">
    <p class='ocr_par' dir='ltr' id='par_1_113' title="bbox 811 5655 2383 5731">
     <span class='ocr_line' id='line_1_113' title="bbox 811 5655 2383 5731; baseline 0.008 -28"><span class='ocrx_word' id='word_1_819' title='bbox 811 5669 958 5723; x_wconf 72' lang='grc' dir='ltr'>ρουν,</span> <span class='ocrx_word' id='word_1_820' title='bbox 999 5656 1026 5706; x_wconf 87' lang='grc' dir='ltr'><em>ὁ</em></span> <span class='ocrx_word' id='word_1_821' title='bbox 1076 5670 1134 5705; x_wconf 74' lang='grc' dir='ltr'><strong>τε</strong></span> <span class='ocrx_word' id='word_1_822' title='bbox 1190 5655 1513 5724; x_wconf 82' lang='grc' dir='ltr'>στρατηγός,</span> <span class='ocrx_word' id='word_1_823' title='bbox 1558 5664 1691 5721; x_wconf 86' lang='lat' dir='ltr'><strong>etc.,</strong></span> <span class='ocrx_word' id='word_1_824' title='bbox 1741 5655 2202 5727; x_wconf 83' lang='lat' dir='ltr'><strong>quemadmodum</strong></span> <span class='ocrx_word' id='word_1_825' title='bbox 2251 5655 2383 5731; x_wconf 63' lang='lat' dir='ltr'><strong>lcgit</strong></span> 
     </span>
    </p>
   </div>
   <div class='ocr_carea' id='block_1_114' title="bbox 2485 5527 4056 5599">
    <p class='ocr_par' dir='ltr' id='par_1_114' title="bbox 2485 5527 4056 5599">
     <span class='ocr_line' id='line_1_114' title="bbox 2485 5527 4056 5599; baseline 0.001 -19"><span class='ocrx_word' id='word_1_826' title='bbox 2485 5528 2552 5580; x_wconf 85' lang='lat' dir='ltr'><strong>ad</strong></span> <span class='ocrx_word' id='word_1_827' title='bbox 2586 5527 2791 5582; x_wconf 82' lang='lat' dir='ltr'><strong>locum</strong></span> <span class='ocrx_word' id='word_1_828' title='bbox 2842 5529 2992 5584; x_wconf 84' lang='lat' dir='ltr'><strong>Pauli</strong></span> <span class='ocrx_word' id='word_1_829' title='bbox 3028 5529 3258 5599; x_wconf 89' lang='lat' dir='ltr'><strong>apostoli</strong></span> <span class='ocrx_word' id='word_1_830' title='bbox 3304 5527 3357 5584; x_wconf 85' lang='lat' dir='ltr'><strong>in</strong></span> <span class='ocrx_word' id='word_1_831' title='bbox 3388 5527 3627 5597; x_wconf 78' lang='lat' dir='ltr'><strong>Epistola</strong></span> <span class='ocrx_word' id='word_1_832' title='bbox 3681 5531 3750 5582; x_wconf 83' lang='lat' dir='ltr'><strong>ad</strong></span> <span class='ocrx_word' id='word_1_833' title='bbox 3783 5527 4056 5595; x_wconf 73' lang='lat' dir='ltr'><strong>llebra&#39;os,</strong></span> 
     </span>
    </p>
   </div>
   <div class='ocr_carea' id='block_1_115' title="bbox 2485 5614 2718 5669">
    <p class='ocr_par' dir='ltr' id='par_1_115' title="bbox 2485 5614 2718 5669">
     <span class='ocr_line' id='line_1_115' title="bbox 2485 5614 2718 5669; baseline 0.004 -16"><span class='ocrx_word' id='word_1_834' title='bbox 2485 5614 2606 5669; x_wconf 89' lang='lat' dir='ltr'><strong>cap.</strong></span> <span class='ocrx_word' id='word_1_835' title='bbox 2644 5615 2718 5654; x_wconf 78' lang='lat' dir='ltr'><strong>xi.</strong></span> 
     </span>
    </p>
   </div>
   <div class='ocr_carea' id='block_1_116' title="bbox 2254 5775 2640 5832">
    <p class='ocr_par' dir='ltr' id='par_1_116' title="bbox 2254 5775 2640 5832">
     <span class='ocr_line' id='line_1_116' title="bbox 2254 5775 2640 5832; baseline 0.003 -1"><span class='ocrx_word' id='word_1_836' title='bbox 2254 5775 2640 5832; x_wconf 73' lang='lat' dir='ltr'><strong>VARIORUM.</strong></span> 
     </span>
    </p>
   </div>
   <div class='ocr_carea' id='block_1_117' title="bbox 878 5863 2501 5935">
    <p class='ocr_par' dir='ltr' id='par_1_117' title="bbox 878 5863 2501 5935">
     <span class='ocr_line' id='line_1_117' title="bbox 878 5863 2501 5935; baseline 0.004 -19"><span class='ocrx_word' id='word_1_837' title='bbox 878 5873 905 5916; x_wconf 72' lang='grc' dir='ltr'>ει</span> <span class='ocrx_word' id='word_1_838' title='bbox 979 5863 1414 5931; x_wconf 72' lang='grc' dir='ltr'>Οἰκτιζομένων.</span> <span class='ocrx_word' id='word_1_839' title='bbox 1459 5864 1598 5935; x_wconf 74' lang='lat' dir='ltr'><strong>Lege</strong></span> <span class='ocrx_word' id='word_1_840' title='bbox 1672 5865 2055 5934; x_wconf 70' lang='grc' dir='ltr'>οἰκτιζιῦμενος.</span> <span class='ocrx_word' id='word_1_841' title='bbox 2128 5865 2214 5920; x_wconf 84' lang='lat' dir='ltr'><strong>W.</strong></span> <span class='ocrx_word' id='word_1_842' title='bbox 2283 5867 2501 5923; x_wconf 73' lang='lat' dir='ltr'><strong>Lowru.</strong></span> 
     </span>
    </p>
   </div>
  </div>
