4464 6586
405 462 470 514 5‘2
480 463 506 512 ’ἱ

1367 452 1689 511 HISTORIA
1732 452 2281 508 ECCI.ESIASTI(IA.
2325 484 2390 490 —
2426 452 2549 504 LIB.
2597 451 2680 504 IV.

3533 455 3636 508 5‘23

406 582 627 648 κάτοχος
672 580 930 648 γενομένη
980 579 1233 648 ἐξεμάνη,
1293 582 1384 631 καὶ
1440 584 1615 632 πάντα
1660 576 1973 644 ἁνέτρεπεν.
2008 578 2051 633 Α
2080 572 2169 626 sul

1874 591 1973 627 τεν.
2008 578 2051 633 Α
2080 572 2265 626 subito
2292 586 2321 624 a
2357 571 2601 626 dtemone
2638 578 2912 639 correpta,
2957 568 3135 622 furere
3174 571 3411 637 crepitet
3441 584 3637 625 cuncta

417 667 806 736 Ἀκατάσχετός
830 684 887 719 τε
914 663 1001 736 ἦν,
1032 667 1123 719 καὶ
1154 666 1326 718 οὐδενὶ
1352 684 1535 737 τροπῳ
1564 666 1833 735 ήσυγὰσαι
1864 661 1982 732 ἡδύ-

409 776 530 810 νατο
554 774 567 788 ’
599 757 713 811 ἀλλ’
745 757 873 810 ἐϐόα
908 755 1135 826 μεγάλα,
1167 757 1259 807 καὶ
1291 757 1424 827 πρὸς
1456 754 1717 823 Θεοφιλεῖς
1746 752 1982 813 ἐκείνους

407 849 620 920 ἄνδρας,
647 848 730 911 Τί,
757 850 939 917 φησιν,
965 848 1150 917 ἤλθετε
1174 849 1265 900 καὶ
1288 848 1517 900 ἐνταῦθα
1535 844 1785 910 ἐξελάσαι
1807 846 1980 914 ἡμᾶς

409 939 572 992 ηαλιν
604 935 695 992 οὖν
734 940 781 990 οἱ
829 937 1019 1008 ἄνδρες
1065 939 1180 990 ἐκεῖ
1223 938 1283 989 τὸ
1336 938 1463 989 ἴδιον
1504 936 1663 1005 ἔργον
1692 936 1719 986 ὃ
1748 937 1811 986 ἐκ
1850 934 1982 985 Θεοῦ

405 1031 624 1101 χάριτος
652 1031 963 1101 εἰλήφασιν,
1017 1030 1409 1083 ἐπεδείκνυντο.
1454 1028 1833 1094 Ἐξελάσαντες
1871 1028 1978 1094 γὰρ

406 1123 495 1174 τὸν
533 1121 758 1191 δαίμονα
783 1122 880 1190 τῆς
902 1120 1189 1191 παρθένου,
1218 1121 1309 1172 καὶ
1342 1120 1469 1189 ὑγιῆ
1498 1119 1664 1188 αὐτὴν
1702 1117 1779 1186 τῷ
1814 1119 1979 1187 πατρὶ

408 1210 760 1280 παραδόντες,
812 1212 887 1272 εἰς
932 1210 1111 1261 πίστιν
1168 1208 1261 1261 τοῦ
1305 1208 1726 1279 Χριστιανισμοῦ
1773 1208 1978 1276 ἤγαγον

406 1303 494 1353 τόν
544 1318 601 1352 τε
653 1302 820 1368 ἱερέα,
859 1301 951 1352 καὶ
982 1300 1187 1361 πάντας
1238 1300 1362 1362 τοὺς
1404 1300 1518 1351 ἐκεῖ
1549 1297 1889 1359 ἐνοικοῦντας
1922 1299 1980 1348 ἐν

406 1394 472 1461 τῇ
510 1395 672 1462 νήσῳ·
705 1390 880 1454 Εὐθῖκῖ
925 1387 1017 1443 οὖν
1046 1391 1112 1443 τὰ
1144 1392 1240 1460 μὲν
1282 1390 1571 1459 ἀγάλματα
1613 1387 1891 1453 ἐξέϐαλονο
1922 1387 1983 1439 τὸ

406 1482 464 1532 δέ
496 1483 677 1550 σχῆμα
719 1481 813 1533 τοῦ
856 1479 980 1533 ναοῦ
1014 1483 1093 1543 εἰς
1143 1479 1435 1548 ἐκκλησίας
1478 1479 1645 1531 τύπον
1670 1478 1780 1548 (75)
1818 1495 1985 1547 μετα-

410 1574 754 1642 ποιήσαντες,
791 1571 1139 1635 ἐϐαπτίζοντό
1181 1588 1238 1623 τε
1279 1571 1371 1623 καὶ
1418 1571 1594 1622 πάντα
1630 1569 1700 1622 τὰ
1724 1569 1816 1622 τοῦ
1849 1570 1982 1637 Χρι-

412 1662 731 1732 στιανισμοῦ
788 1664 1069 1733 χαίροντες
1130 1663 1489 1716 ἐδιδάσκοντο.
1553 1661 1709 1715 υῦτω
1765 1662 1860 1730 μὲν
1920 1659 1984 1729 δὴ

408 1755 749 1823 ἐλαυνόμενοι
787 1752 874 1806 διὰ
907 1757 1004 1824 τὴν
1032 1754 1124 1807 τοῦ
1154 1756 1437 1824 ὁμοουσὶου
1482 1755 1662 1807 πίστιν
1693 1753 1742 1805 οἱ
1776 1752 1986 1821 θαυμά-

407 1865 511 1901 σιοι
555 1849 749 1900 ἐκεῖνοι
793 1847 1001 1917 ἄνδρες,
1043 1846 1195 1899 αὐτοί
1240 1864 1297 1899 τε
1338 1845 1688 1917 δοκιμώτεροι
1728 1843 1983 1910 ἐγίνοντο,

2082 663 2417 718 subvertere.
2449 662 2557 717 Nec
2581 663 2687 715 ulla
2728 666 2774 714 vi
2800 660 3077 729 compesci
3114 668 3411 728 poteratne
3440 663 3643 726 sedari,

2085 756 2180 809 sed
2218 755 2424 824 ingenti
2453 769 2585 807 voce
2630 752 2922 817 clamabat,
2972 759 3027 805 et
3069 759 3293 805 sanctos
3336 752 3472 806 istos
3505 752 3645 805 allo-

2082 861 2258 915 quens
2287 844 2454 909 viros,
2506 845 2640 909 Cur,
2703 844 2904 906 aiebat,
2964 842 3196 897 venistis
3242 851 3302 896 ut
3358 858 3458 897 nos
3515 843 3646 897 hinc

2080 939 2248 993 etiam
2277 936 2585 1005 ejiceretis?
2611 934 2772 1006 244
2806 934 2943 989 Tum
2976 951 3105 990 vero
3136 936 3312 990 sancti
3358 935 3460 987 viri
3497 943 3649 1003 pote-

2084 1037 2280 1083 statem
2308 1043 2472 1097 quam
2504 1043 2533 1080 a
2570 1026 2679 1081 Deo
2718 1036 3063 1096 acceperant,
3103 1029 3301 1081 iterum
3328 1026 3436 1079 illic
3459 1034 3645 1079 osten-

2084 1120 2302 1173 derunt.
2338 1117 2548 1189 Fugato
2575 1119 2721 1173 enim
2752 1118 3016 1181 dmmone,
3057 1133 3181 1172 cum
3214 1119 3479 1189 virginem
3506 1116 3649 1187 patri

2087 1213 2414 1266 incolumem
2473 1211 2867 1273 restituisseut,
2908 1219 3021 1263 tum
3052 1213 3391 1266 sacerdotem
3430 1212 3645 1280 ipsum,

2089 1311 2203 1354 tum
2238 1302 2481 1370 reliquos
2499 1301 2592 1370 qui
2620 1300 2875 1355 ininsula
2899 1300 3189 1370 degebant,
3226 1301 3291 1355 ad
3321 1301 3649 1358 Christiana:

2088 1396 2372 1465 religionis
2407 1395 2564 1448 fidem
2596 1395 2957 1448 adduxerunt.
3014 1392 3210 1447 Statim
3263 1395 3442 1463 itaque
3477 1397 3649 1450 simu-

2098 1489 2243 1542 lacra
2306 1487 2684 1557 projicientes,
2739 1486 3002 1541 fabricam
3056 1487 3245 1555 templi
3294 1487 3347 1540 in
3406 1489 3649 1545 ecclesia:

2087 1578 2323 1646 speciem
2384 1585 2843 1631 commutat-unt:
2906 1588 3275 1646 susceptoque
3334 1578 3650 1647 baptismo,

2086 1668 2411 1723 Christiana:
2444 1667 2564 1721 tidei
2586 1667 2894 1721 doctrinam
2923 1668 3090 1721 alacri
3119 1667 3302 1721 animo
3319 1666 3646 1722 didicerunt.

2089 1759 2169 1811 Ad
2206 1759 2350 1812 hunc
2368 1759 2586 1811 modum
2613 1757 2959 1812 admirabiles
2977 1760 3052 1812 illi
3072 1760 3170 1813 viri
3194 1759 3265 1813 ob
3286 1759 3651 1813 consubstan-

2090 1851 2236 1903 tialis
2266 1850 2423 1903 fidem
2455 1850 2888 1917 persecutionem
2914 1851 3093 1919 passi,
3144 1858 3258 1903 tum
3306 1850 3408 1918 ipsi
3438 1850 3650 1919 proba—

408 1940 501 1993 καὶ
528 1940 717 2001 ἄλλους
744 1939 963 2005 ἔσωζον,
1002 1938 1096 1992 καὶ
1138 1938 1238 2007 τὴν
1284 1939 1463 1990 πίστιν
1494 1936 1838 2007 βεϐαιοτέραν
1872 1936 1982 2005 εἰρ-
2014 1960 2055 2013 Β
2081 1943 2171 1996 ﬁo:

1886 1936 1982 2005 εἰρ-
2014 1960 2055 2013 Β
2081 1943 2248 1997 tiores
2273 1950 2588 2004 evaserunt,
2619 1948 2733 1993 tum
2767 1941 2892 1996 aliis
2920 1942 3152 1996 salutem
3185 1943 3503 2005 attulerunt,
3537 1951 3649 1996 tum

406 2032 652 2100 γὰζοντο.

989 2122 1237 2176 ΚΕΦΑΛ.
1280 2122 1409 2175 ΚΕ’.

756 2215 895 2283 Περὶ
945 2214 1200 2284 Διδύμου
1238 2214 1345 2267 τοῦ
1385 2212 1634 2280 τυφλοῦ.

495 2308 628 2360 Ὑπὸ
651 2308 706 2360 δέ
733 2309 860 2370 τοὺς
886 2308 1081 2369 αὐτοὺς
1111 2307 1333 2377 χρόνους
1363 2308 1455 2359 καὶ
1495 2306 1677 2375 ἕτερον
1704 2305 1871 2375 ἄνδρα
1899 2322 1988 2356 πι-

413 2403 537 2456 στὸν
568 2402 764 2466 ἔδειξεν
792 2405 820 2455 ὁ
852 2402 1003 2466 Θεὸς,
1030 2402 1096 2454 δι’
1123 2401 1286 2455 αὐτοῦ
1323 2400 1735 2472 μαρτυρηθῆναι
1767 2399 1987 2452 δικαιώ-

412 2512 512 2558 σας
551 2495 649 2566 τὴν
683 2494 881 2546 πίστιν.
928 2493 1155 2563 Δίδυμος
1190 2503 1210 2530 ι’
1236 2492 1344 2561 γὰρ
1385 2493 1521 2563 ἀνὴρ
1559 2490 1867 2563 θαυμαστὸς
1898 2492 1990 2545 καὶ

411 2588 713 2656 ἐλλόγιμος,
746 2587 887 2638 κατά
914 2586 1004 2638 τὸν
1032 2586 1192 2639 αὑτὸν
1229 2585 1427 2655 ῆνθησε
1460 2586 1667 2655 χρόνον,
1704 2585 1853 2657 πάσῃ
1878 2584 1991 2637 δια-

412 2676 627 2748 πρέψας
682 2675 980 2728 παιδεύσει.
1032 2670 1199 2737 ῡῦτος
1245 2675 1437 2746 κομιδῇ
1482 2674 1599 2737 νέος
1644 2672 1740 2737 ὢν,
1785 2674 1880 2726 καὶ
1924 2672 1993 2724 τὰ

411 2768 604 2839 πρῶτα
650 2767 760 2820 τῶν
817 2766 1158 2837 γραμμάτιον
1217 2768 1453 2835 στοιχεῖα
1512 2764 1721 2835 μαθὼν,
1767 2764 1844 2833 τῷ
1896 2764 1993 2833 τῆς

412 2859 714 2935 ὀφθαλμίας
761 2857 1053 2927 περιέπεσε
1107 2857 1301 2910 πάθεν
1348 2860 1443 2911 καὶ
1482 2857 1664 2918 κακῶς
1706 2854 1991 2918 διατεθεὶς,

412 2953 474 3004 τὸ
528 2951 780 3021 ὁρατικὸν
825 2949 1111 3003 ἀπέϐαλεν.
1152 2950 1210 3002 '0
1258 2948 1387 3012 Θεὸς
1433 2949 1489 3001 δὲ
1541 2946 1689 3016 αὐτῷ
1734 2946 1855 2999 ἀντὶ
1886 2946 1994 2997 τῶν

414 3044 688 3115 αἰσθητῶν
721 3043 1011 3112 ὀφθαλμῶν
1063 3040 1305 3113 παρέσχε
1350 3040 1475 3101 τοὺς
1518 3039 1759 3108 νοητοὺς.
1795 3038 1858 3088 Ἀ
1887 3035 1995 3105 γὰρ

416 3136 483 3188 δι’
500 3134 793 3204 ὀφθαλμῶν
817 3133 1167 3203 παιδευθῆναι
1190 3132 1291 3185 οὐκ
1316 3129 1521 3201 ἴσχυσε,
1546 3128 1716 3181 ταῦτα
1740 3129 1807 3180 δι’
1828 3128 1995 3196 ἀκοῆς

416 3225 767 3295 ἐξεμάνθανε.
816 3226 911 3277 Ἐκ
941 3223 1127 3287 παιδὸς
1159 3223 1265 3293 γὰρ
1296 3221 1369 3275 ῶν
1413 3222 1636 3291 εὐφυὴς,
1682 3223 1775 3274 καὶ
1820 3222 1997 3290 ψυχῆς

2090 2033 2249 2089 ﬁdem
2284 2033 2430 2086 illam
2463 2032 2635 2086 multo
2666 2033 2836 2102 magis
2882 2033 3303 2087 continuarunt.

2683 2123 2835 2177 CAP.
2898 2122 3061 2179 XXV.

2606 2215 2683 2268 De
2718 2215 2946 2285 Didymo
2977 2232 3133 2269 cwco.

2165 2308 2276 2363 Sub
2314 2308 2456 2362 idem
2495 2316 2707 2377 tempus
2754 2307 2919 2359 alium
2966 2323 3182 2377 quoque
3229 2309 3435 2364 fidelem
3478 2315 3653 2367 virum

2097 2400 2237 2454 liciis
2266 2400 2320 2453 in
2341 2399 2577 2453 medium
2594 2398 2951 2468 produxit,eo
2981 2401 3212 2453 consilio
3252 2409 3310 2454 ut
3343 2402 3471 2457 lides
3500 2407 3657 2459 testi-

2095 2490 2280 2544 monio
2330 2497 2385 2544 et
2438 2489 2745 2545 assertione
2789 2490 2906 2555 ejus
2958 2490 3331 2546 roboraretur.
3395 2494 3657 2565 Didymus

2095 2579 2266 2642 enim,
2294 2581 2375 2633 vir
2403 2580 2563 2649 plane
2592 2580 2935 2636 admirabilis
2965 2594 3029 2634 ac
3059 2582 3580 2656 disertissimus,per
3605 2589 3657 2642 id

2099 2672 2360 2740 temporis
2411 2672 2464 2725 in
2509 2673 2658 2726 omni
2704 2688 2899 2742 genere
2950 2675 3213 2729 doctrinae
3269 2676 3517 2733 florebat.
3559 2679 3658 2734 llic

2098 2762 2389 2815 admodum
2436 2762 2778 2825 adolescens,
2826 2778 2951 2817 cum
2986 2764 3097 2831 jam
3139 2766 3314 2835 prima
3355 2769 3659 2824 litterarum

2098 2852 2368 2907 elementa
2396 2852 2698 2918 didicisset,
2733 2856 2784 2907 in
2828 2863 3079 2910 morbum
3114 2858 3394 2913 oculorum
3428 2861 3657 2916 incidit:

2099 2959 2207 3013 quo
2237 2944 2451 3011 quidem
2496 2946 2734 3013 graviter
2783 2954 3031 3009 vexatus,
3081 2948 3295 3001 videmli
3342 2950 3659 3007 facultatem

2102 3036 2315 3105 penitus
2348 3038 2557 3092 amisit.
2588 3036 2790 3090 Verum
2808 3036 2951 3092 Deus
2970 3055 3066 3107 pro
3082 3044 3461 3110 corporalibus
3487 3047 3663 3102 oculis

2102 3128 2374 3196 spiritales
2421 3130 2468 3183 ei
2515 3129 2745 3199 largitus
2800 3140 2903 3186 est.
2943 3131 3073 3184 Nam
3111 3150 3172 3187 ea
3227 3152 3347 3205 qua:
3379 3139 3663 3192 oculorum

2106 3224 2226 3276 visu
2263 3223 2536 3291 percipere
2560 3239 2670 3276 non
2708 3234 2941 3291 poterat,
2976 3225 3168 3280 didicit
3204 3229 3495 3285 audiendo.
3528 3232 3663 3286 Cum

416 3318 595 3389 λαχὼν
619 3316 849 3387 ἀγαθῆς,
880 3317 1032 3368 ἐνίκα
1064 3316 1188 3377 τοὺς
1236 3314 1454 3382 εὐφυεῖς
1485 3312 1596 3380 (76)
1641 3312 1735 3364 καὶ
1767 3312 2000 3375 ὀξύτατα
2027 3317 2067 3370 C
2101 3315 2179 3368 eu?

1902 3328 2000 3365 ατα
2027 3317 2067 3370 C
2101 3315 2246 3368 enim
2278 3330 2307 3366 a
2343 3330 2514 3384 puero
2547 3317 2761 3385 egregia
2795 3325 2945 3372 esset
2971 3318 3151 3373 indole
3194 3329 3246 3373 et
3269 3322 3557 3377 excellenti
3584 3326 3665 3379 in—

422 3407 735 3477 βλέποντας.
790 3404 1185 3476 Γραμματικῆς
1226 3419 1285 3455 τε
1331 3403 1439 3473 γὰρ
1476 3401 1601 3464 τοὺς
1628 3402 1855 3463 κανόνας
1905 3404 1999 3470 ρᾳ-

419 3500 544 3562 δίως
586 3496 887 3568 κατώρθου,
931 3497 1024 3548 καὶ
1055 3494 1350 3564 ῥητορικῆς
1389 3493 1549 3547 πάλιν
1595 3492 1787 3545 θᾶττον
1833 3491 1998 3559 ἐλάμ-

421 3592 603 3645 ϐανεν.
646 3587 842 3642 Ἐλθὼν
868 3589 924 3641 δὲ
950 3587 1042 3640 ἐπὶ
1084 3587 1152 3638 τὰ
1192 3585 1489 3656 φιλόσοφα,
1526 3582 1850 3653 θαυμαστῶς
1888 3600 1999 3644 πως

423 3685 517 3737 καὶ
541 3682 639 3753 τὴν
661 3678 1001 3749 διαλεκτικὴν
1027 3677 1281 3748 ἐξέμαθε,
1313 3677 1404 3728 καὶ
1433 3675 1800 3744 ἀριθμητικήν
1824 3691 1882 3726 τε
1908 3674 2001 3726 καὶ

430 3777 715 3849 μουσικὴν,
747 3775 841 3828 καὶ
872 3775 940 3827 τὰ
978 3774 1112 3827 ἄλλα
1144 3772 1252 3825 τῶν
1285 3771 1584 3839 φιλοσόφων
1617 3768 1912 3839 μαθήματα
1942 3769 2000 3819 ἐν

426 3870 490 3938 τῇ
516 3868 660 3936 ψυχῇ
691 3865 966 3929 κατέθετο,
996 3864 1070 3927 ῶς
1090 3862 1381 3934 προθύμως
1404 3860 1565 3915 αὐτὸν
1592 3861 1835 3930 ἀπαντᾷν
1866 3859 2001 3930 πρὸς

428 3959 551 4021 τοὺς
580 3956 752 4009 ταῦτα
790 3956 856 4007 δι’
902 3954 1193 4025 ὀφθαλμῶν
1242 3952 1709 4022 κατορθώσαντας.
1769 3951 1843 4004 Οὐ
1897 3950 2000 4021 μὴν

429 4050 564 4103 ἀλλὰ
591 4048 768 4102 καὶτὰ
793 4048 908 4101 θεῖα
937 4047 1089 4116 λόγια
1111 4046 1352 4108 Παλαιᾶς
1378 4045 1471 4099 καὶ
1498 4045 1703 4115 Καινῆς
1730 4042 2003 4113 Διαθήκης

431 4143 601 4204 οὕτως
623 4140 862 4212 ἀκριϐῶς
882 4138 1130 4207 ἐγνώκει,
1152 4138 1292 4191 ὥστε
1324 4137 1491 4190 πολλὰ
1528 4137 1625 4206 μὲν
1655 4134 1899 4188 ἐκδοῦναι
1929 4134 2007 4204 βι-

434 4232 589 4285 ϐλία·
642 4230 1012 4301 ὐπαγορεῦσαι
1068 4229 1124 4281 δὲ
1166 4228 1260 4281 καὶ
1312 4226 1381 4280 τὰ
1434 4228 1561 4297 περὶ
1606 4224 1833 4295 Τριάδος
1882 4223 2007 4294 τρία

436 4323 643 4393 βιϐλίαο
693 4321 1023 4392 ἑρμηνεῦσαι
1062 4320 1117 4372 δὲ
1166 4321 1259 4372 καὶ
1297 4318 1366 4371 τὰ
1412 4317 1536 4387 περ).
1578 4316 1762 4387 ἀρχῶν
1802 4314 2009 4385 Ὠριγέ-

434 4431 578 4479 νους,
607 4412 973 4485 ὑπομνήματά
1017 4428 1072 4463 τε
1117 4410 1303 4473 ἐκδοὺς
1350 4411 1428 4471 εἰς
1476 4407 1615 4462 αὐτὰ
1659 4407 1793 4479 (77),
1823 4406 1887 4459 δι’
1934 4401 2009 4461 ὢν

2105 3409 2265 3477 genio
2308 3408 2588 3476 praeditus,
2624 3408 2859 3476 :equales
2904 3425 3035 3463 suos
3091 3412 3182 3479 qui
3232 3416 3516 3467 oculorum
3553 3418 3669 3471 acie

2104 3497 2403 3566 pollebant,
2440 3497 2595 3567 longe
2615 3498 2912 3565 superavit.
2952 3498 3161 3568 Quippe
3193 3509 3245 3553 et
3294 3506 3670 3571 grammatica:

2105 3596 2371 3659 praecepta
2397 3588 2553 3643 facile
2588 3587 2870 3653 addidicit,
2898 3600 2946 3643 el
2983 3591 3267 3645 rhetorica:
3298 3595 3469 3648 multo
3491 3596 3668 3651 adhuc

2104 3682 2356 3735 celerius.
2397 3680 2525 3735 Inde
2566 3681 2629 3733 ad
2675 3681 3072 3751 pliilOSOphiam
3110 3691 3513 3753 transgressus,
3572 3688 3666 3741 ad-

2107 3770 2341 3824 mirabili
2417 3769 2676 3824 facilitate
2745 3770 3109 3836 dialecticam,
3161 3775 3563 3831 arithmeticam
3615 3788 3669 3833 et

2108 3862 2372 3915 musicam
2432 3861 2743 3931 perdidicit,
2798 3871 2851 3917 et
2914 3864 3155 3933 reliquas
3209 3866 3665 3936 pliilOSOphorum

2108 3954 2426 4022 disciplinas
2466 3952 2602 4007 adeo
2632 3954 2850 4023 penitus
2882 3953 2937 4007 in
2984 3955 3168 4008 animo
3210 3972 3310 4010 suo
3343 3959 3668 4027 recondidit,

2108 4053 2166 4096 ut
2194 4043 2456 4098 adversus
2495 4044 2619 4099 illos
2647 4046 2739 4113 qui
2780 4060 2873 4100 eas
2901 4054 3044 4100 artes
3081 4048 3365 4101 oculorum
3406 4051 3670 4107 beneficio

2109 4145 2485 4206 perceperant,
2533 4146 2781 4206 prompte
2829 4147 2996 4207 atque
3039 4139 3294 4194 alacriter
3339 4142 3663 4212 disputaret.

2110 4230 2213 4282 Sed
2247 4236 2302 4282 et
2327 4228 2511 4282 divina
2544 4229 2765 4282 oracula
2793 4245 2913 4298 qua:
2955 4237 3063 4282 tam
3110 4232 3165 4284 in
3191 4230 3387 4287 Vetere
3412 4250 3574 4304 quam
3609 4237 3665 4291 in

2110 4319 2260 4374 Novo
2285 4320 2635 4375 Testamento
2655 4321 3034 4383 continentur,
3060 4322 3195 4375 adeo
3215 4324 3456 4391 perfecte
3484 4337 3661 4394 norat,

2111 4421 2169 4464 ut
2212 4412 2412 4466 multos
2448 4411 2502 4465 in
2542 4427 2605 4465 ea
2644 4414 3020 4467 conscriberet
3062 4414 3255 4480 libros;
3296 4432 3359 4469 ae
3403 4426 3665 4486 przetcrea

1626 4587 1895 4644 VALESII
1926 4586 2475 4643 ANNOTATIONES.

508 4692 620 4760 (75)
662 4690 857 4753 Εὐθὺς
886 4685 998 4740 οὖν
1019 4686 1225 4738 τύπον.
1261 4682 1602 4760 Antevocem
1626 4682 1794 4735 τύπον
1812 4683 2005 4760 deerat

439 4750 648 4828 integra
683 4750 847 4828 linea.
876 4770 1037 4828 quam
1078 4770 1180 4807 nos
1216 4768 1281 4828 ex
1309 4753 1605 4828 codicibus
1653 4750 2003 4828 nostrisﬂlo-

2107 4697 2220 4740 sus,
2253 4681 2485 4734 vincebat
2515 4683 2675 4735 etiam
2706 4692 2863 4735 acula
2898 4687 3281 4751 conspicientes.

2180 4751 2315 4823 (77),
2341 4752 2760 4821 Ὑπομνήματά
2797 4770 2861 4805 τε
2896 4754 3111 4820 ἐκδοὺς
3144 4759 3231 4823 εὶς
3268 4759 3436 4814 αὑτά.
3471 4762 3541 4816 De
3584 4762 3668 4817 his

442 4819 661 4902 rentino
682 4844 745 4902 ac
773 4819 1053 4902 Sfortiano
1079 4823 1450 4902 supplevimus
1477 4822 1803 4902 ll‘OCMIIiOdQI
1830 4822 2003 4899 Εὐθὺς
2039 4820 2079 4873 D
2112 4819 2321 4902 [iidxmi
2348 4892 2360 4902 _
2388 4819 2799 4902 Commentariis
2867 4823 2918 4875 in
2981 4819 3229 4902 Urigenis
3302 4829 3470 4902 libros
3533 4834 3669 4902 Περὶ

440 4899 533 4954 οὖν
570 4901 636 4953 τὰ
677 4899 772 4967 μὲν
810 4896 1098 4964 ἀγάλματα
1150 4890 1431 4956 ἐξέϐαλον·
1472 4893 1532 4944 τὸ
1570 4890 1624 4943 δὲ
1676 4890 1862 5013 exiga-
1909 4890 2003 4943 τοῦ

442 4971 569 5013 νίπηῆ
605 4971 684 5013 είς
714 4967 1009 5013 ἐκκλησίας
1044 4963 1231 5013 τύπον.
1274 4972 1380 5013 etc.
1414 4959 1489 5013 Ita
1522 4977 1738 5013 uuooue
1816 4961 2003 5013 proha-

442 4971 569 5024 ναοῦ
605 4959 687 5031 εἰς
714 4959 1009 5036 ἐκκλησίας
1044 4963 1231 5024 τύπον,
1274 4972 1380 5036 etc.
1414 4959 1489 5014 Ita
1522 4959 1738 5036 quoque
1771 4959 2005 5036 Epipha-

446 5044 568 5095 nius
606 5032 980 5091 Scholasticus
1011 5036 1064 5087 in
1099 5049 1199 5085 suo
1232 5032 1420 5086 codice
1475 5032 1741 5100 scriptum
1786 5032 2007 5085 invene-

445 5124 550 5171 rat,
584 5119 639 5162 ut
661 5124 725 5161 ex
751 5107 1000 5159 versione
1029 5105 1148 5171 ejus
1173 5110 1413 5171 apparet.

518 5168 627 5245 (76)
681 5178 883 5231 Ἐνίκα
919 5168 1073 5249 τοὺς
1097 5168 1499 5249 εῄςτίυήεῖςδ-νοιι
1528 5171 1749 5249 ερφυεςίς
1776 5169 2006 5249 delenda

444 5240 549 5311 est,
578 5240 698 5317 «iure
728 5263 791 5300 ex
824 5247 1106 5317 superiore
1141 5244 1279 5317 linea
1318 5249 1423 5294 huc
1455 5240 1665 5293 vide't'ur
1696 5241 2003 5317 irrepsisse.

444 5312 607 5372 Certe
638 5312 1387 5386 Epiphanius_Seliolasticus
1416 5326 1534 5363 eam
1561 5325 1686 5386 Διιοιι
1719 5312 2003 5386 agnoscit;

444 5391 525 5444 sic
555 5380 699 5443 enini
727 5380 889 5441 vertit
924 5403 937 5439 :
973 5384 1077 5449 Qui
1112 5398 1227 5435 cum
1270 5398 1304 5434 α
1359 5396 1518 5449 puero
1550 5380 1734 5447 [uisset
1766 5381 2005 5450 ingenio-

2112 4892 2317 4962 αρχῶν,
2348 4891 2595 4962 loquitur
2640 4891 3003 4962 Hieronymus
3059 4891 3111 4948 in
3168 4897 3355 4951 libror
3406 4891 3670 4955 adversus

2113 4958 2368 5013 Rufinum
2403 4958 2701 5036 {Etnmllo
2732 4962 2812 5036 liis
2841 4958 3126 5036 ὕειον-ξονς.
3152 4983 3268 5033 qua:
3299 4968 3509 5036 longum
3541 4982 3671 5025 esset

2113 5042 2359 5101 retexere,
2394 5031 2471 5083 vel
2509 5031 2583 5083 ita
2626 5035 2840 5085 vertisse
2881 5042 2936 5084 ut
2982 5035 3033 5085 in
3067 5031 3247 5087 Grd'co
3280 5031 3563 5101 invenerat,
3598 5042 3673 5093 vel

2112 5100 2175 5151 de
2198 5102 2640 5153 continentariolis
2664 5101 2896 5171 Didymi,
2925 5105 3015 5169 qui
3039 5104 3277 5172 Origenis
3308 5100 3671 5174 apertissima:

2110 5180 2465 5241 promiguator
2500 5183 2598 5241 est,
2629 5187 2947 5239 exaggerata
2984 5182 3031 5225 et
3062 5177 3300 5240 [mitiora
3324 5178 3576 5241 posuisse.
3611 5180 3675 5233 Ει

2113 5242 2165 5291 in
2215 5240 2355 5291 libro
2391 5239 2633 5293 secundo
2672 5242 2939 5291 adversus
2981 5239 3226 5296 eumdem
3269 5239 3521 5299 Rufinum
3558 5268 3570 5301 :
3609 5249 3674 5302 In

2110 5310 2278 5384 primo
2304 5310 2443 5384 iier
2472 5310 2612 5384 Hirpi
2646 5309 2979 5384 dpxdgzlubi
3021 5312 3269 5384 Qrigenes
3300 5317 3481 5384 lingua
3518 5322 3677 5372 sacri-

2114 5379 2227 5449 lega
2260 5378 2636 5446 blasphemavil
2660 5380 2796 5449 quod
2824 5377 3000 5433 Filius
3032 5377 3244 5435 Patrem
3273 5377 3594 5452 non't'ideal,
3623 5403 3676 5442 tu

1856 5555 2237 5612 VAllIORUM.

526 5690 547 5717 τ
614 5678 883 5748 Δίδυμος.
945 5677 1242 5748 Didymus,
1306 5691 1503 5748 genere
1559 5674 2002 5748 Alerandrinus,

454 5752 655 5807 scholae
701 5744 1081 5803 Gatecbesewu
1116 5744 1496 5817 Alexandrina:
1537 5746 1852 5817 praefectus.
1882 5744 2006 5799 llic-

454 5820 667 5890 ronymi
688 5828 741 5873 et
770 5820 945 5872 Rulini
967 5814 1831 5890 prazceptor.Claruit'praacipue
1856 5817 2002 5890 circa

456 5887 586 5945 anu.
617 5890 719 5945 570
760 5891 828 5945 ab
868 5887 988 5960 ipso
1030 5888 1333 5945 Constantii
1381 5896 1622 5957 tempore
1668 5901 1773 5942 non
1807 5887 2006 5943 incele-

2114 5675 2246 5748 bris.
2282 5673 2417 5729 Vide
2471 5673 2712 5748 SAo_zorn.,
2767 5676 2860 5730 lib.
2915 5692 2993 5737 Ill.
3046 5695 3163 5748 cap.
3217 5681 3303 5745 l5,
3345 5691 3398 5736 et
3441 5685 3675 5747 Theod..

2113 5746 2212 5798 lib.
2246 5760 2318 5808 tv,
2341 5761 2466 5823 cap.
2493 5745 2580 5800 29.
2616 5745 2685 5823 ln_
2711 5749 2851 5800 vivis
2888 5748 3067 5823 adliuc
3097 5745 3215 5805 erat
3250 5767 3395 5806 anno
3428 5745 3676 5823 592,quo

2111 5817 2505 5882 octogesimum
2563 5818 2785 5871 tertium
2844 5820 3023 5874 aetatis
3076 5835 3275 5877 annum
3337 5817 3673 5883 excesserat.

2113 5886 2284 5956 (Guil.
2319 5884 2483 5954 Cave,
2509 5886 2675 5955 Hist,
2708 5889 2814 5944 vol.
2851 5905 2887 5955 ι,
2916 5905 2970 5961 p.
2997 5889 3145 5961 205.)
