4464 6586
817 415 920 502 827

2273 431 2602 489 SOCRATIS

3939 432 4051 488 εειε

812 563 881 616 de
906 555 1172 612 Trinitate
1203 563 1314 610 tres
1343 551 1516 607 libros
1553 549 1810 613 dictavit,
1843 555 1897 604 et
1926 545 2177 618 Origcnis
2202 546 2376 604 libros
2402 558 2448 612 Α
2480 568 2574 604 συν

2289 562 2376 604 ros
2402 558 2448 612 Α
2480 550 2788 620 συνίστησιν
2838 547 2918 610 ὡς
2965 531 3050 614 εἴη
3097 549 3283 620 ἄριστα
3330 547 3713 620 γεγραμμένα,
3747 547 3840 600 καὶ
3873 545 4052 618 μάτην

815 652 891 707 De
931 649 1214 722 principiis
1256 648 1642 714 interpretatus
1680 653 1785 706 est,
1829 641 1992 698 editis
2013 642 2067 695 in
2097 655 2193 696 eos
2223 656 2374 697 eom-

815 738 1122 802 mentariis,
1163 735 1362 807 quibus
1404 734 1529 789 illos
1556 742 1700 787 recte
1733 733 1971 802 scriptos
2001 746 2124 787 esse
2150 731 2370 795 asserit,

814 830 1133 898 frustraque
1147 824 1480 882 contendere
1500 838 1594 878 eos
1612 823 1707 894 qui
1727 823 1897 877 virum
1919 823 2072 877 illum
2089 836 2372 888 accusare,

813 930 869 978 et
921 921 1090 976 libros
1139 920 1259 988 ejus
1302 917 1629 972 calumniari
1676 921 1987 970 conantur:
2021 929 2198 985 neque
2225 913 2372 968 enim

814 1014 976 1086 25.5
1002 1011 1354 1068 excellentem
1389 1009 1628 1064 hominis
1672 1007 2016 1077 sapientiam,
2047 1006 2246 1076 inquit,
2291 1005 2376 1059 in-

815 1103 1110 1174 telligentia
1151 1100 1372 1171 assequi
1418 1108 1669 1170 possunt.
1720 1098 1778 1152 Si
1819 1098 1942 1167 quis
1978 1097 2144 1166 igitur
2189 1095 2376 1150 multi-

814 1197 1009 1266 plicem
1039 1194 1249 1266 Didymi
1285 1193 1646 1248 eruditionem
1676 1199 1731 1247 et
1771 1191 1940 1246 animi
1963 1193 2084 1260 ejus
2119 1189 2372 1244 ardorem

812 1301 1144 1358 cognoscere
1170 1285 1465 1348 desiderat,
1493 1284 1546 1338 id
1575 1299 1643 1338 ex
1678 1284 1832 1338 libris
1883 1284 1976 1354 qui
2023 1283 2091 1336 ab
2130 1282 2223 1336 illo
2245 1287 2373 1336 sunt

812 1380 1101 1443 elaborati,
1132 1377 1292 1433 facile
1327 1376 1637 1448 perspiciet.
1658 1375 1793 1431 Cum
1817 1376 1919 1431 hoc
1947 1373 2174 1444 Didymo
2202 1372 2371 1426 Anto-

812 1471 940 1525 nius
962 1470 1264 1524 monachus
1297 1468 1392 1522 diu
1423 1477 1547 1523 ante
1592 1465 1837 1521 Valentis
1861 1474 2106 1536 tempora
2131 1463 2373 1518 collocu-

813 1571 903 1616 tus
929 1575 1054 1616 esse
1084 1559 1305 1625 dicitur,
1339 1567 1468 1613 tunc
1497 1573 1621 1612 cum
1655 1564 1880 1626 propter
1911 1554 2147 1609 Arianos
2173 1553 2367 1608 relicta

2476 637 2849 708 ἐρεσχελοῦσιν
2877 636 2927 689 οί
2956 640 3280 708 κατηγορεῖν
3319 637 3410 691 τὸν
3453 638 3619 708 ἄνδρα
3651 639 3743 690 καὶ
3771 636 3840 690 τά
3872 635 4054 705 βιϐλία

2475 728 2748 798 διασύρειν
2789 723 3178 792 σπουδάζοντες
3203 745 3216 759 ο
3250 729 3383 798 μηδὲ
3419 728 3528 799 γάρ
3556 729 3752 792 αὐτοὺς
3790 727 4052 783 δύνασθαί

2478 836 2640 890 φησιν
2672 818 2809 872 ἑλεῖν
2852 819 2951 888 τὴν
2993 818 3086 872 τοῦ
3128 818 3317 890 ἀνδρὸς
3356 818 3587 872 σύνεσιν.
3634 818 3704 871 El
3723 835 3805 881 τις
3836 813 3927 873 οὖν
3953 818 4052 889 τήν

2477 909 2813 980 πολυμαθίαν
2837 909 2932 964 καὶ
2961 909 3022 962 τὸ
3051 909 3308 980 διάπυρον
3337 909 3434 979 τῆς
3463 908 3637 978 ψυχῆς
3662 908 3891 979 Διδύμου
3922 908 4054 977 γνῶ⁶

2475 1017 2563 1053 ναι
2611 997 2954 1070 προῄρηται,
3006 998 3238 1069 ἐντυχὼν
3291 1001 3403 1061 τοῖς
3458 998 3850 1068 πεπονημένοις
3903 998 4052 1070 αὑτῷ

2477 1091 2699 1162 βιϐλίοις
2749 1091 3069 1161 μαθήσεται.
3121 1089 3306 1160 Τούτῳ
3358 1089 3573 1158 λέγεται
3637 1091 3732 1143 καὶ
3769 1089 4053 1145 ’Λντώνιον

2474 1187 2577 1258 ἥδη
2628 1184 2886 1256 πρότερον
2941 1182 3082 1238 κατὰ
3133 1181 3224 1235 τὸν
3273 1181 3568 1244 Οὐάλεντος
3625 1182 3814 1252 χρόνον
3839 1180 3950 1252 (78)
4001 1192 4049 1244 ι,

2473 1279 2562 1332 ὅτε
2592 1277 2680 1331 διὰ
2709 1277 2836 1339 τοὺς
2879 1273 3185 1343 Ἀρειανοὺς
3217 1273 3275 1326 ὲν
3320 1275 3388 1344 τῇ
3428 1272 3798 1343 Ἀλεξανδρείᾳ
3845 1273 3910 1325 ἐκ
3953 1273 4052 1342 τῆς

2473 1369 2679 1440 ἐρήμου
2711 1365 2992 1437 κατῆλθεν,
3025 1367 3268 1436 ἐντυχεῖν
3289 1364 3364 1434 τῷ
3398 1363 3638 1435 Διδύμῳ,
3679 1365 3773 1418 καὶ
3813 1361 4051 1434 μαθόντα

2473 1461 2577 1530 τὴν
2605 1458 2698 1512 τοῦ
2749 1457 2938 1529 ἀνδρὸς
2971 1456 3206 1520 σύνεσιν,
3245 1457 3418 1509 εἰπεῖν
3449 1455 3585 1527 πρὸς
3616 1455 3774 1508 αὐτόν
3793 1469 3808 1484 ο
3843 1454 4047 1526 Μηδὲν,

2471 1543 2517 1603 ὧ
2548 1549 2762 1619 Δίδυμε,
2795 1547 3108 1619 ταραττέτω
3147 1562 3207 1599 σε
3249 1547 3283 1617 ή
3324 1545 3432 1600 τῶν
3461 1544 3730 1617 αἰσθητῶν
3759 1544 4051 1614 ὀφθαλμῶν

813 1651 1130 1718 solitudine,
1167 1652 1316 1706 venit
1362 1649 1780 1704 Alexandriam:
1817 1653 2219 1716 perspectaque
2272 1645 2371 1698 ho-
2473 1641 2576 1693 ἀπο

2287 1659 2371 1697 rio-
2473 1639 2729 1708 ἀποϐολή.
2765 1636 3004 1692 Τοιούτοι
3043 1635 3152 1708 γάρ
3206 1652 3288 1689 σοι
3328 1636 3602 1690 λείπουσιν
3653 1633 3940 1705 ὀφθαλμοὶ,
3967 1629 4050 1698 οἷς

815 1743 982 1798 minis
1014 1741 1287 1807 doctrina,
1325 1741 1440 1795 haec
1468 1740 1516 1795 ei
1544 1739 1777 1794 dixisse:
1804 1735 1949 1791 Nihil
1987 1746 2038 1791 te
2066 1744 2300 1801 moveat,
2333 1750 2367 1789 o
2473 1731 2567 1784 καὶ

2284 1777 2300 1801 ,
2333 1750 2367 1789 o
2473 1731 2567 1784 καὶ
2599 1730 2750 1800 μυῖαι
2780 1728 2873 1780 καὶ
2899 1726 3158 1790 κώνωπες
3191 1725 3378 1795 βλέψαι
3410 1725 3681 1796 ἰσχύουσιν
3710 1724 3821 1796 (79)
3843 1740 3857 1755 °
3891 1727 4047 1795 χαῖρε

811 1830 1060 1903 Didyme,
1087 1833 1300 1901 jactura
1335 1831 1703 1899 corporalium
1747 1828 2054 1882 oculorum.
2086 1825 2368 1896 Ejusmodi
2471 1824 2528 1878 δὲ
2569 1830 2574 1869 ἀ

2282 1825 2368 1880 odi
2471 1824 2528 1878 δὲ
2569 1823 2651 1876 ὅτι
2701 1821 2840 1890 ἔχεις
2883 1819 3212 1888 ὀφθαλμοὺς,
3262 1812 3343 1881 οἷς
3380 1818 3472 1870 καὶ
3519 1816 3738 1885 ἄγγελοι
3773 1814 4045 1886 βλέπουσι,

810 1925 953 1979 enim
989 1923 1166 1978 oculis
1195 1924 1418 1977 orbatus
1437 1937 1498 1976 es
1531 1921 1730 1990 quibus
1757 1927 1812 1975 et
1855 1934 2055 1974 musca:
2083 1927 2138 1973 et
2166 1917 2370 1972 culices
2403 1919 2442 1974 Β
2470 1907 2573 1969 δι’ἑ

2285 1932 2370 1972 ces
2403 1919 2442 1974 Β
2470 1916 2537 1969 δι’
2558 1907 2634 1969 ὧν
2661 1915 2754 1966 καὶ
2789 1914 2817 1964 ὁ
2841 1911 2972 1974 Θεὸς
3003 1909 3304 1982 θεωρεῖται,
3334 1910 3428 1963 καὶ
3455 1910 3516 1962 τὸ
3544 1907 3708 1964 αύτοῦ
3739 1907 3855 1977 φῶς
3880 1923 4048 1961 κατα-

812 2016 998 2071 viuere
1047 2021 1298 2084 possunt.
1340 2011 1528 2068 Gaude
1584 2012 1766 2082 potius
1815 2010 1960 2080 quod
2007 2011 2130 2066 illos
2163 2011 2367 2067 habeas
2469 2008 2575 2076 λαμ

2285 2025 2367 2067 sas
2469 2007 2821 2076 λαμϐάνεται.
2855 2003 3041 2056 Ταῦτα
3073 2003 3170 2073 μὲν
3201 2002 3300 2072 ήδη
3333 2004 3593 2073 πρότερον
3625 2001 3776 2072 παρὰ
3803 1999 3898 2052 τοῦ
3929 1999 4048 2053 θεοο

809 2106 1000 2160 oculos
1034 2105 1235 2174 quibus
1253 2104 1426 2174 angeli
1447 2103 1667 2169 vident,
1694 2103 1896 2174 quibus
1925 2101 2066 2157 Deus
2099 2102 2366 2169 cernitur,
2470 2100 2572 2169 φιλ‹

2281 2117 2366 2169 ur,
2470 2097 2656 2169 φιλοῦς
2697 2096 2978 2152 Ἀντωνίου
3011 2095 3147 2166 πρὸς
3176 2094 3404 2165 Δίδυμον
3446 2094 3632 2166 εῖρητο
3663 2133 3676 2146 .
3708 2091 3839 2146 Τότε
3863 2090 3919 2144 δὲ
3949 2090 4044 2161 μέ·-

807 2204 864 2250 et
895 2197 986 2250 lux
1017 2196 1138 2265 ejus
1179 2193 1685 2263 comprehenditur.
1735 2194 1804 2248 Et
1837 2193 1984 2248 istud
2014 2191 2232 2262 quidem
2270 2191 2365 2246 diu
2468 2207 2570 2258 γισ

2284 2191 2365 2246 1ἰιι
2468 2207 2653 2258 γιστος
2685 2191 2978 2259 συνήγορος
3018 2185 3119 2255 τῆς
3160 2186 3364 2250 οἰκείας
3409 2185 3644 2248 πίστεως
3671 2182 3919 2252 ἐφαίνετο
3959 2181 4047 2234 Δί-

811 2297 939 2344 ante
974 2288 1087 2342 haec
1107 2293 1351 2356 tempora
1380 2287 1450 2342 ab
1471 2285 1710 2340 Antonio
1741 2284 1952 2339 dictum
1987 2292 2074 2339 est
2109 2282 2361 2355 Didymo.
2467 2283 2574 2353 δυμ

2282 2299 2361 2338 rio.
2467 2283 2528 2337 δυ
2537 2299 2653 2353 μος,
2677 2281 2813 2352 πρὸς
2835 2282 2959 2344 τοὺς
2987 2279 3296 2348 Ἀρειανοὺς
3318 2277 3597 2343 ἀπαντῶν,
3621 2277 3714 2330 καὶ
3743 2273 4045 2344 σοφίσματα

810 2381 965 2436 Tunc
991 2393 1120 2435 vero
1145 2379 1415 2435 maximus
1451 2377 1576 2433 fidei
1606 2384 1869 2448 patronus
1898 2390 1962 2430 ac
1995 2385 2363 2446 propugnator
2467 2375 2573 2428 ἀνα

2283 2385 2363 2430 tor
2467 2373 2711 2428 ἀναλύων
2758 2370 2958 2435 αὐτῶν,
3003 2373 3098 2426 καί
3142 2373 3268 2435 τοὺς
3320 2369 3606 2441 κιϐδήλους
3649 2371 3742 2424 καὶ
3798 2370 4045 2444 δολεροὺς

807 2471 1073 2542 Didymus
1111 2471 1431 2534 habebatur,
1459 2470 1659 2540 quippe
1691 2469 1783 2539 qui
1833 2469 2101 2525 adversus
2129 2469 2363 2523 Arianos
2468 2466 2567 2520 αὐτ

1459 2470 1659 2540 quippe
1691 2469 1783 2539 qui
1833 2469 2101 2525 adversus
2129 2469 2363 2523 Arianos
2468 2465 2644 2520 αὐτῶν
2676 2463 2865 2532 λόγους
2896 2461 3217 2532 ἐξελέγχων.

807 2563 1144 2619 validissime
1203 2562 1545 2633 disputaret,
1599 2575 1898 2630 eorumque
1963 2559 2288 2630 sophisticas
2355 2557 2730 2613 cavillationes
2790 2555 3150 2618 dissolveret,
3203 2561 3259 2609 et
3322 2552 3489 2608 falsos
3543 2567 3608 2608 ac
3668 2551 4044 2610 fraudulentos

809 2670 1002 2711 eorum
1029 2669 1314 2712 sermones
1345 2653 1636 2710 refelleret.

1401 2747 1554 2804 CAP.
1575 2747 1762 2802 XXVI.

810 2841 888 2896 De
942 2841 1144 2896 Basilio
1183 2839 1528 2904 Casariensi,
1583 2849 1632 2894 et
1685 2838 1934 2910 Gregorio
1996 2838 2359 2892 Nazianzeno.

3033 2740 3282 2793 ΚΕΦΑΔ.
3322 2741 3463 2806 KG’.

2459 2834 2599 2903 Περί
2651 2833 2971 2886 Βασιλείου
3023 2832 3397 2960 Κιῖέσὲέκίζας2
3434 2830 3531 2885 καί
3574 2833 3904 2902 Γρηγορίου
3934 2835 4040 2891 τοῦ

3121 2915 3167 2954 ἀ
3201 2918 3294 2953 ιω·
3329 2919 3422 2955 ου.

3121 2915 3422 2955 ταξιανςου.

2540 2994 2700 3047 Ἀλλὰ
2725 2993 2950 3064 Δίδυμον
2987 2993 3084 3064 μὲν
3122 2995 3232 3056 τοῖς
3269 2995 3326 3045 ὲν
3368 2993 3736 3066 Ἀλεξανδρείᾳ
3776 2995 4038 3068 Ἀρειανί-

2460 3087 2642 3151 ζουσιν
2685 3088 2718 3156 ἡ
2767 3085 2860 3138 τοῦ
2911 3083 3044 3138 Θεοῦ
3094 3083 3347 3148 ἀντέταξε
3398 3085 3624 3154 πρόνοια
3664 3102 3677 3115 ·
3730 3088 3789 3139 έν
3824 3086 3882 3139 δὲ
3919 3089 4038 3151 ταῖς

811 3177 1128 3233 civitatibus
1186 3176 1444 3232 Basilium
1480 3175 1870 3230 Caesariensem
1931 3183 1984 3230 et
2039 3174 2360 3246 Gregorium
2457 3179 2574 3232 ἄλλο

2275 3190 2360 3229 um
2457 3179 2641 3241 ἄλλαις
2687 3177 2937 3242 πόλεσιν,
2999 3175 3274 3229 Βασίλειόν
3325 3193 3382 3227 τε
3440 3175 3530 3228 τὸν
3580 3177 3901 3246 Καισαρέα,
3946 3180 4038 3232 καὶ

809 3268 1243 3334 Nazianzenum;
1325 3267 1392 3322 de
1451 3267 1651 3338 quibus
1702 3275 2062 3337 opportunum
2129 3267 2365 3321 arbitror
2459 3271 2570 3342 Γρη

2277 3281 2365 3319 ror
2459 3271 2751 3342 Γρηγόριον
2795 3270 2886 3324 τὸν
2935 3266 3330 3338 Ναζιανζηνόν·
3365 3268 3491 3339 περί
3536 3261 3610 3323 ὧν
3637 3269 3840 3340 βραχέα
3866 3271 4037 3324 εἰπεῖν

809 3375 981 3432 pauca
1011 3371 1455 3415 commemorare.
1489 3357 1745 3413 Sullicere
1780 3359 1993 3428 quidem
2041 3355 2110 3412 ad
2159 3359 2361 3413 utrius-
2387 3389 2428 3445 ρ
2459 3363 2572 3416 elixa

2273 3374 2361 3413 us-
2387 3389 2428 3445 ρ
2459 3363 2710 3434 εὔκαιρον
2735 3363 2988 3433 ἡγοῦμαι.
3024 3363 3220 3432 Ἤρκει
3248 3360 3345 3431 μὲν
3374 3360 3481 3431 γὰρ
3511 3362 3545 3430 ή
3582 3359 3733 3431 παρὰ
3771 3363 3906 3414 πᾶσι
3927 3362 4036 3416 τῶν

809 3467 916 3523 que
961 3449 1481 3505 commendationem
1523 3457 1757 3520 poterat.
1791 3457 1904 3502 tum
1948 3450 2208 3504 memoria
2241 3450 2359 3504 illo-
2460 3451 2572 3522 ἀνδε

2273 3451 2359 3504 ιΙο-
2460 3451 2666 3522 ἀνδρῶν
2697 3450 2976 3520 σωζομένη
3024 3451 3232 3520 μνήμη,
3279 3451 3441 3519 καλή
3489 3449 3598 3502 τῶν
3638 3451 4036 3522 γεγραμμένων

810 3555 932 3595 rum
962 3547 1124 3610 atque
1162 3538 1329 3603 fama,
1367 3553 1487 3608 quae
1520 3539 1815 3594 etiamnum
1844 3537 1985 3608 apud
2013 3553 2205 3595 omnes
2234 3555 2360 3609 per-
2462 3542 2573 3595 αύτ‹

2271 3555 2360 3594 er-
2462 3542 2642 3604 αύτοῖς
2677 3540 2892 3611 βιϐλίων
2943 3540 3195 3611 μάθησις,
3245 3539 3584 3612 παραθέσθαι
3630 3541 3730 3612 τὴν
3773 3543 4034 3614 ἑκατέρου

2463 3631 2727 3686 εὔκλειαν.
2762 3633 2913 3686 Ἐπεὶ
2943 3632 2999 3686 δὲ
3030 3634 3148 3685 κατ’
3179 3633 3351 3684 ἐκεῖνο
3379 3630 3572 3703 καιροῦ
3607 3633 3677 3686 τὰ
3715 3631 3884 3685 πολλὰ
3917 3635 4037 3697 ταῖς

2475 3721 2817 3791 Ἐκκλησίαις
2846 3722 2998 3775 αὐτοὶ
3031 3721 3429 3787 συνεϐάλλοντο,
3464 3723 3556 3774 καὶ
3587 3721 3662 3786 ὡς
3709 3721 4035 3794 ὲμπύρευμα

2462 3812 2560 3883 τῆς
2591 3813 2819 3876 πίστεως
2848 3813 3244 3884 ἐφυλάχθησαν,
3291 3813 3512 3866 ἀπαιτεῖ
3555 3813 3586 3882 ἡ
3640 3813 3894 3876 ὑπόθεσις
3930 3815 4036 3884 μά-

2465 3901 2619 3956 λιστα
2648 3901 2848 3956 τούτων
2881 3904 3096 3974 μνήμην
3143 3901 3488 3972 ποιήσασθαι.
3539 3899 3812 3956 Βασιλείου
3857 3903 4036 3958 τοίνυν

2467 3998 2560 4049 καί
2590 3997 2882 4069 ι’ρηγορίου
2909 3997 2962 4050 εἴ
2988 4015 3073 4061 τις
3107 3997 3344 4068 βούλοιτο
3378 3997 3663 4067 σύγκρισιν
3688 3995 4032 4067 ποιήσασθαι,

2465 4087 2714 4153 διεξιέναι
2755 4107 2813 4142 τε
2855 4091 2944 4143 τὸν
2981 4089 3209 4144 ἑκάστου
3254 4089 3366 4160 βίον
3407 4090 3500 4141 καὶ
3542 4088 3764 4161 τρόπον,
3806 4089 3900 4142 καί⁵
3934 4088 4034 4151 τὰς

2467 4181 2768 4252 προσούσας
2799 4182 2980 4245 αὐτοῖς
3021 4181 3240 4252 ἀρετὰς,
3267 4179 3593 4251 ἀμφιϐάλλοι
3626 4179 3689 4233 ἂν
3725 4179 3910 4249 ἓτερον
3936 4178 4031 4232 τοῦ

2454 4273 2640 4343 ἐτέρου
2687 4275 2994 4344 προκρῖναι.
3045 4274 3244 4342 Ἄμφω
3301 4272 3410 4343 γὰρ
3455 4267 3592 4342 ἦσαν
3644 4270 3889 4342 ἀλλήλοις
3935 4272 4032 4342 ὲφ·

878 2997 957 3051 Ae
1007 2994 1285 3066 Didymum
1337 2994 1552 3066 quidem
1609 2993 1826 3050 Arianis
1893 2995 1983 3063 qui
2029 2993 2367 3048 Alexandria:

809 3095 1006 3152 erant,
1037 3085 1218 3140 divina
1249 3085 1503 3156 opposuit
1526 3083 1903 3154 providentia;
1942 3085 1996 3138 in
2021 3084 2142 3139 aliis
2181 3092 2361 3138 autem

811 3638 1046 3696 severat,
1090 3638 1202 3685 tum
1243 3630 1506 3686 doctrina:
1551 3630 1706 3700 copia
1731 3645 1850 3700 qua:
1881 3645 1947 3683 ex
1978 3645 2166 3684 eorum
2207 3631 2361 3687 libris

811 3722 1059 3794 quotidie
1116 3721 1432 3792 percipitur.
1465 3721 1568 3776 Sed
1619 3722 1875 3790 quoniam
1935 3728 2063 3774 tunc
2098 3722 2360 3791 temporis

811 3813 1071 3870 Ecelesiis
1108 3813 1398 3882 plurimum
1445 3812 1790 3883 proluerunt,
1821 3826 1885 3865 ac
1923 3812 2090 3866 veluti
2142 3811 2360 3867 fomites

813 3908 1032 3979 quidam
1061 3906 1184 3960 fidei
1215 3921 1242 3960 a
1276 3905 1387 3960 Deo
1429 3905 1738 3960 conservati
1765 3911 1914 3965 sunt.
1974 3904 2211 3960 instituti
2269 3920 2362 3960 no-

811 4001 910 4055 stri
944 3999 1080 4054 ratio
1109 3998 1344 4069 postulat
1373 4005 1431 4052 ut
1455 3998 1672 4051 illorum
1722 3998 2046 4052 mentionem
2092 3998 2362 4067 praecipue

811 4092 1096 4148 faciamus.
1155 4090 1213 4144 Si
1251 4089 1375 4160 quis
1418 4089 1584 4160 igitur
1622 4087 1880 4143 Basilium
1929 4095 1983 4144 ct
2037 4087 2359 4160 Gregorium

811 4183 951 4238 inter
978 4197 1037 4236 se
1069 4179 1316 4235 conferre
1337 4220 1354 4245 ,
1404 4187 1458 4234 et
1488 4178 1774 4248 utriusque
1807 4179 1974 4232 vitam
2015 4193 2078 4233 ac
2135 4195 2318 4235 mores
2343 4219 2359 4244 ,

806 4284 860 4330 et
892 4289 1010 4346 qua:
1054 4274 1108 4328 in
1135 4272 1243 4327 illis
1269 4271 1488 4326 luerunt
1513 4271 1742 4326 virtutes
1767 4285 2036 4341 exponere
2085 4270 2347 4338 voluerit,

1991 4425 2262 4480 VALESII
2299 4427 2848 4485 ANNOTATIONES.

805 4523 966 4576 etiam
1036 4536 1225 4574 causas
1281 4519 1476 4583 reddis,
1534 4519 1684 4586 quasi
1744 4532 1807 4570 ex
1853 4532 2074 4588 persona
2123 4518 2236 4588 ejus
2280 4521 2368 4588 qui
2402 4521 2661 4581 Dtudine
2731 4521 3114 4576 Alexandriam
3167 4523 3536 4585 descenderit,
3593 4523 3867 4577 incertum
3921 4533 4026 4587 est,

806 4593 1017 4660 scripsit
1064 4607 1080 4642 :
1115 4599 1164 4643 et
1217 4589 1428 4658 Didymi
1473 4588 1832 4660 interpretaris
1875 4587 2363 4660 σχέλιογάηηίιο
2471 4598 2655 4643 utrum
2705 4591 2811 4660 sub
2847 4591 3064 4644 initium
3097 4591 3311 4660 imperii
3360 4591 3690 4656 Constantii,
3725 4602 3851 4647 ante
3883 4591 4030 4646 ordi-

806 4663 896 4715 ille
917 4657 1075 4714 casso
1100 4661 1274 4714 labore
1299 4657 1522 4730 conatur
1549 4657 1778 4730 alienum
1807 4673 2034 4730 errarent
2065 4658 2359 4730 defendere,
2469 4660 2745 4730 nationem
2774 4657 3019 4728 Gregorii
3052 4657 3274 4730 Ariani;
3311 4675 3378 4713 an
3437 4664 3623 4728 potius
3679 4673 3802 4730 post
3846 4662 4030 4716 conci-

807 4735 942 4801 quod
979 4730 1229 4800 Origenes
1260 4729 1465 4796 quidem
1493 4727 1616 4801 be_ne
1649 4727 1840 4801 dixerit
1867 4742 1884 4780 :
1908 4726 2138 4801 sedem
2163 4728 2365 4796 simpli-
2468 4730 2608 4801 lium
2635 4726 2960 4784 Serdicense
2987 4736 3041 4784 et
3071 4729 3369 4785 secundam
3423 4726 3830 4785 restitutionem
3853 4732 4026 4784 Attia-

807 4795 888 4855 res
923 4795 1152 4854 homines
1191 4811 1238 4854 et
1279 4801 1478 4852 cicures
1525 4795 1778 4859 Enniani,
1827 4813 1916 4849 nec
1959 4797 2104 4850 illius
2160 4795 2368 4866 sapien-
2469 4799 2633 4854 nasii.

809 4871 962 4931 tiam,
991 4886 1081 4923 nec
1115 4881 1280 4932 tuam,
1311 4869 1399 4938 qui
1429 4869 1800 4934 interpretatus
1825 4882 1900 4931 es,
1933 4866 2218 4936 intelligere
2245 4883 2366 4935 pos-
2541 4870 2572 4939 (‘

2263 4883 2366 4922 ios-
2541 4869 2655 4939 (79)
2685 4867 2970 4934 Κώνωπες
2993 4867 3222 4939 ,βλέψαι
3262 4869 3565 4937 ἰσχύουσι.
3619 4867 3902 4939 Cedrenus
3957 4867 4026 4922 ad

807 4956 1007 4992 sumus.
1105 5007 1115 5009 Α
1289 4937 1330 5009 ,ί
1691 5004 1702 5009 _
1795 5007 1844 5009 Η
1883 5004 1931 5009 μ
2471 4937 2696 5009 annum_
2734 4945 2946 5009 sextum
3013 4937 3322 5009 Constantii
3378 4939 3578 5009 βλάψαι
3631 4939 3781 5009 legit.
3834 4937 4020 5008 Neque

877 5010 989 5078 (78)
1024 5007 1163 5073 Ἤδη
1180 5008 1465 5078 πρότερον
1476 5009 1621 5078 κατὰ
1645 5004 1748 5057 τὸν
1776 5004 2108 5078 Οὐάλεντος
2128 5011 2361 5075 χρόνον.
2470 5011 2628 5063 aliter

2263 5025 2361 5062 ·ον.
2470 5011 2628 5063 aliter
2659 5006 2993 5076 Epiphanius
3029 5004 3404 5064 Scholasticus
3448 5004 3504 5064 in
3533 5025 3634 5063 suo
3671 5004 3859 5062 codice
3891 5004 4026 5078 sciri-

805 5076 942 5132 Male
965 5078 1294 5147 Epiphanius
1329 5076 1704 5149 Scholasticus
1751 5083 1804 5130 ct
1849 5076 2043 5149 reliqui
2105 5078 2368 5146 interpre-
2473 5088 2625 5149 ptum
2651 5078 2954 5149 invenerat,
2997 5085 3056 5130 ut
3093 5094 3160 5132 ex
3210 5080 3460 5133 versione
3499 5079 3619 5147 ejus
3645 5087 3887 5148 apparet.
3934 5077 4026 5131 Sic

809 5160 892 5202 tcs
923 5145 1079 5218 hunc:
1120 5149 1294 5218 locum
1328 5147 1752 5218 transtulerunt,
1788 5147 1946 5218 quasi
1976 5145 2360 5218 Alexandriam
2471 5145 2618 5202 enim
2636 5149 2798 5201 vertit
2818 5165 2837 5218 :7
2860 5145 2983 5201 Non
3004 5157 3049 5202 te
3066 5149 3400 5212 conturbet,o
3420 5145 3884 5218 Didymaamissio
3903 5164 4026 5201 sen-

811 5219 1016 5272 vcnerit
1037 5215 1284 5270 Valentis
1315 5213 1547 5286 Augusti
1589 5217 1956 5286 temporibus.
1978 5285 1981 5286 ν
2003 5215 2167 5281 Atqui
2225 5233 2361 5269 con-
2468 5219 2698 5272 sibiliunt
2722 5217 3010 5272 oculorum.
3035 5218 3189 5272 Tales
3219 5221 3354 5272 enim
3382 5213 3642 5273 oculi'tibi
3677 5218 3883 5281 desunt,
3909 5218 4025 5286 qui-

809 5297 915 5340 stat
945 5287 1244 5358 Antonium
1301 5282 1624 5358 monachum
1681 5299 1744 5336 ex
1793 5284 2047 5358 ‘lt_ac__vita
2093 5287 2362 5356 migrasse
2468 5290 2560 5343 bus
2593 5297 2642 5342 et
2675 5303 2868 5341 musca:
2905 5297 2954 5342 et
3009 5289 3198 5342 culices
3265 5305 3451 5358 nocere
3501 5297 3739 5358 possunt.
3792 5282 4025 5341 Ruﬁnus

809 5366 1072 5425 regnante
1151 5351 1714 5428 Co_nsta_ntio.__l_)_ocet
1755 5353 1846 5428 _id
1890 5351 2263 5428 llieronynitis
2305 5359 2359 5410 in
2468 5367 2668 5422 tamen,
2701 5374 2767 5412 ex
2809 5373 2918 5428 quo
2957 5360 3070 5412 hare
3103 5360 3408 5428 desumpsit
3433 5351 3710 5421 Socrates,
3751 5359 4022 5428 vulgatam

2469 5429 2751 5498 lectionem
2779 5426 2980 5482 tuetur.
3014 5428 3145 5481 Eam
3173 5426 3388 5498 quoque
3436 5431 3723 5484 contirmat
3757 5426 4021 5496 Hierony-

2471 5513 2592 5552 mus
2615 5498 2670 5552 in
2693 5497 2940 5566 Epistola
2971 5499 3039 5551 ad
3078 5497 3430 5553 Castrutium.

809 5419 1068 5480 αὖ·οηὶεο
1120 5434 1173 5478 et
1226 5425 1278 5476 in
1315 5421 1439 5475 Vita
1497 5419 1812 5475 Hilarionis.
1882 5419 2127 5488 Quonam
2177 5437 2358 5479 autem

807 5495 1110 5551 Constantii
1139 5492 1482 5564 imperatoris
1525 5506 1668 5545 anno
1701 5494 1972 5547 Antonius
1999 5495 2186 5548 relicta
2233 5496 2365 5551 soli-

2231 5671 2612 5732 VARIORUM.

877 5780 904 5845 ξ
932 5769 1413 5845 ἰιδηιπροζερον
1453 5766 1730 5845 κατξςτὸγ
1763 5763 2093 5832 Οὐάλεντος
2115 5766 2355 5835 χρόνον.
2395 5766 2640 5840 Legendu

2252 5782 2355 5822 Ὃν.
2395 5766 2704 5840 Legendum
2739 5769 2837 5841 ήδη
2865 5769 3124 5843 πρότερον
3151 5769 3186 5842 ἢ
3217 5769 3358 5825 κατὰ
3384 5769 3507 5838 τόν,
3551 5779 3682 5838 etc.,
3716 5777 3876 5840 atque
3936 5766 4015 5820 ita

805 5839 999 5894 legisse
1027 5837 1234 5891 videtur
1257 5835 1543 5893 interpres.
1566 5833 1654 5889 Ἦ.
1686 5832 1908 5889 ιονιτσ.
