4464 6586
685 629 688 633 ’
787 631 956 684 libros
981 631 1311 701 conscripsit
1337 642 1502 702 atque
1528 633 1836 704 evulgavit;
1871 650 1938 690 ex
1969 633 2170 705 quibus
2203 650 2346 689 non-

789 415 895 474 535
2241 421 2576 479 SOCRATIS
3924 425 4037 481 536

787 535 922 589 sint.
982 530 1154 589 Porro
1213 543 1442 608 uterque
1493 551 1683 594 eorum
1733 538 1938 596 multos
1994 547 2049 595 et
2109 539 2418 604 eximiosA
2452 559 2550 611 μον

2272 541 2347 596 los
2375 547 2418 604 Α
2452 541 2662 613 μονήρη
2721 540 2832 611 βίον
2883 525 3183 594 Βασιλείαν
3231 543 3487 616 ἐζήλωσε·
3537 542 3830 614 Γρηγόριος
3875 543 3929 594 δὲ
3972 541 4035 594 τὸ

2450 633 2827 688 διδασκαλικὸν
2853 633 2947 687 τοῦ
2978 629 3147 698 λόγου
3168 651 3182 666 ο
3209 636 3264 700 ὃς
3293 636 3383 690 καὶ
3409 633 3504 705 τὴν
3529 633 3849 706 πονηθείσαν
3873 632 4034 684 Βασι-

785 721 968 774 nullos
1007 735 1036 774 a
1073 737 1132 775 se
1162 722 1214 774 in
1257 721 1513 778 Latinum
1552 739 1860 780 sermonem
1889 741 2192 782 conversos
2225 741 2350 782 esse
2453 725 2548 778 λεία

2267 741 2350 782 sse
2453 725 2583 794 λείῳ
2637 724 2957 797 ὲξαήμερον,
3004 724 3102 778 ἆτε
3156 724 3218 796 δή
3275 723 3720 792 καταλειφθεῖσαν
3759 735 3806 787 ³,
3866 738 4030 794 προο-

783 819 1017 866 testatur
1064 811 1314 869 Ruﬁnus.
1358 815 1626 870 Caeterum
1683 815 1922 872 Basilius
1973 818 2114 872 duos
2159 817 2350 872 habuit
2455 835 2546 870 ανε

2270 819 2350 872 uit
2455 818 2808 889 ἀνεπλήρωσε
2859 819 2995 887 μετά
3043 815 3270 872 θάνατον
3307 815 3400 871 τοῦ
3457 815 3685 884 ἀδελφοῦ
3708 833 3719 846 ·
3771 815 3864 870 καὶ
3913 817 4029 868 ἑπι-

785 900 1007 966 I'ratres,
1048 904 1265 958 Petrum
1300 913 1354 958 et
1383 905 1732 978 Gregorium.
1767 907 1871 964 Sed
1901 907 2096 964 Petrus
2127 908 2347 979 quidem
2453 910 2548 977 τάς

2265 925 2347 964 em
2453 910 2648 977 τὰφιον
2671 911 2750 974 είς
2787 909 3047 964 Μελέτιον
3081 909 3170 962 τὸν
3207 909 3536 981 Ἀντιοχείας
3561 908 3851 961 ἐπίσκοπον
3875 909 3932 961 ἐν
3961 909 4028 977 τῇ

785 992 1144 1046 monasticam
1194 994 1380 1051 Basilii
1433 999 1599 1053 vitam
1654 1002 1946 1056 aemulatus
1995 1011 2103 1068 est,
2158 1000 2352 1071 Grego-
2456 1003 2548 1055 Km

2267 1016 2352 1071 go-
2456 1001 2866 1055 Κωνσταντίνου
2923 1001 3078 1054 πόλει
3129 999 3390 1070 διεξῆλθε.
3443 999 3700 1071 Φέρονται
3754 997 3810 1050 δὲ
3865 994 4029 1050 αὐτοῦ

787 1081 902 1136 rius
946 1098 1078 1139 vero
1131 1086 1253 1156 ejus
1303 1089 1355 1143 in
1409 1089 1655 1146 docendo
1707 1091 2106 1163 eloquentiam;
2151 1093 2245 1162 qui
2295 1100 2351 1148 et
2456 1093 2550 1145 καὶ

1438 1091 1655 1146 locendo
1707 1091 2106 1163 eloquentiam;
2151 1093 2245 1162 qui
2295 1100 2351 1148 et
2456 1093 2552 1145 καὶ
2581 1091 2728 1146 ἄλλοι
2760 1091 2906 1160 λόγοι
2935 1092 3201 1163 διάφοροι.

788 1177 987 1235 librum
1041 1179 1226 1237 Basilii
1281 1183 1355 1238 De
1411 1199 1578 1254 Opere
1634 1202 1730 1242 sex
1791 1186 2025 1252 dierum,
2073 1202 2238 1257 quem
2291 1185 2381 1240 ille
2418 1184 2801 1256 imperfectum
2875 1186 3208 1257 reliquerat,
3254 1193 3380 1256 post
3412 1186 3620 1241 obitum
3663 1184 3850 1241 fratris
3895 1195 4030 1252 sup-

789 1271 975 1339 plevit,
1033 1280 1090 1329 et
1120 1271 1435 1331 Orationem
1482 1274 1765 1334 funebrem
1808 1280 1864 1335 in
1937 1278 2151 1334 laudem
2193 1277 2396 1334 Meletii
2470 1278 2860 1334 Antiochensis
2922 1279 3168 1350 episcopi
3227 1278 3704 1350 Constantinopoli
3756 1275 4027 1333 recitavit.

791 1363 1019 1422 Exstant
1045 1375 1101 1424 et
1132 1370 1252 1425 alia:
1279 1371 1464 1441 plures
1498 1375 1779 1431 orationes
1813 1375 1884 1430 ab
1915 1390 1981 1430 eo
2009 1375 2356 1446 conscriptam

1353 1461 1507 1518 CAP.
1560 1463 1775 1519 XXVII.

1158 1552 1236 1608 De
1274 1553 1524 1624 Gregorio
1567 1555 1982 1627 Tltaumaturgo.

861 1638 967 1697 Sed
1013 1646 1274 1714 quoniam
1330 1661 1396 1702 ex
1454 1647 1693 1704 nominis
1747 1648 2132 1713 similitudine,
2188 1656 2244 1703 et
2284 1663 2351 1704 ex

789 1734 946 1790 libris
977 1736 1070 1805 qui
1095 1735 1346 1806 Gregorii
1394 1737 1613 1791 titulum
1647 1737 1962 1806 praeferunt,
2006 1737 2255 1792 nonnulli
2294 1737 2348 1791 in

3032 1457 3281 1511 ΚΕΦΑΛ.
3322 1456 3448 1514 KZ'.

2683 1551 2822 1620 Περὶ
2850 1551 3184 1620 Γρηγοριω
3214 1549 3320 1604 τοῦ
3345 1546 3823 1618 Θαυματουρνοῦ.

2530 1641 2746 1712 Ἐπειδὴ
2774 1641 2829 1695 δέ
2856 1658 2997 1705 τινες
3023 1643 3088 1695 ὲκ
3115 1641 3210 1711 τῆς
3239 1639 3553 1711 ὁμωνυμίας
3583 1638 3906 1704 πλανῶνται,
3936 1639 4032 1694 καὶ

2446 1734 2510 1787 ἑκ
2540 1733 2649 1786 τῶν
2681 1732 3136 1803 ἐπιγραφομένων
3167 1732 3466 1802 Γρηγορίου
3504 1730 3743 1801 βιϐλίων,
3774 1730 3854 1784 δεῖ
3895 1731 4032 1784 ειδέ-

789 1840 1028 1882 errorcm
1069 1826 1370 1892 ducuntur,
1418 1827 1704 1883 sciendum
1750 1835 1834 1882 est
1860 1828 2026 1882 alium
2060 1842 2182 1882 esse
2213 1826 2350 1881 Pon-
2380 1857 2425 1916 Β
2451 1841 2538 1878 ναι

2269 1842 2350 1881 )n-
2380 1857 2425 1916 Β
2451 1841 2538 1878 ναι
2567 1824 2648 1878 δτι
2681 1823 2839 1888 ἄλλος
2879 1824 3025 1878 ἐστὶν
3050 1825 3078 1878 ό
3105 1823 3362 1886 Ποντικὸς
3385 1821 3680 1894 Γρηγόριος
3705 1831 3755 1887 1,
3788 1822 3940 1885 ὅστις
3965 1824 4032 1875 ὲκ

791 1914 957 1967 ticum
1004 1914 1346 1984 Gregorium,
1389 1915 1482 1984 qui
1506 1930 1572 1970 ex
1623 1915 1758 1971 urbe
1794 1913 1952 1970 Ponti
1999 1913 2350 1971 Neocaesarea

791 2003 1078 2067 oriundus,
1109 2004 1232 2060 istis
1251 2003 1530 2073 antiquior
1564 2003 1691 2070 fuit,
1717 2005 1916 2075 quippe
1931 2007 2024 2075 qui
2047 2006 2352 2074 discipulus

793 2093 956 2148 fuerit
987 2093 1257 2164 Origenis.
1301 2093 1475 2164 Hujus
1515 2093 1766 2164 Gregorii
1801 2096 2036 2152 celebris
2087 2097 2229 2148 fama
2269 2104 2354 2150 est

793 2185 1025 2240 Athenis
1080 2200 1143 2239 ac
1193 2185 1399 2258 Beryti,
1454 2195 1508 2242 et
1561 2203 1658 2257 per
1703 2187 2018 2242 universam
2068 2185 2350 2241 Ponticam

793 2276 1098 2341 dioecesim,
1144 2291 1208 2330 ac
1240 2293 1339 2346 per
1365 2279 1682 2332 universum
1715 2293 1880 2347 prope
1920 2277 2148 2331 dixerim
2179 2287 2354 2331 terra-

794 2380 914 2418 rum
961 2365 1172 2420 orbem.
1220 2365 1354 2418 Nam
1393 2381 1517 2420 cum
1567 2382 1632 2421 ex
1685 2366 2097 2421 Atheniensium
2149 2366 2354 2420 scholis

793 2455 1166 2518 discessisset,
1205 2457 1348 2525 juris
1381 2456 1560 2511 civilis
1591 2455 1836 2511 discendi
1885 2470 2055 2510 causa
2098 2454 2350 2525 Berytum

794 2546 1073 2615 profectus
1101 2557 1205 2602 est.
1242 2547 1346 2602 Ubi
1371 2561 1494 2600 cum
1520 2547 1822 2615 accepisset
1847 2543 2132 2616 Origenem
2165 2561 2353 2601 sacras

795 2636 1031 2692 Litteras
1086 2638 1349 2692 Cresareaa
1410 2639 1796 2708 interpretari,
1851 2639 2016 2692 celeri
2072 2654 2238 2694 cursu
2297 2640 2350 2693 in

795 2744 918 2783 eam
955 2729 1148 2783 urbem
1183 2730 1490 2784 contendit.
1522 2729 1770 2799 Cumque
1796 2731 2141 2799 magniﬁcam
2167 2747 2354 2785 sacro-

795 2835 916 2873 rum
940 2817 1226 2873 Librorum
1249 2819 1643 2889 expositionem
1672 2822 2060 2888 auscultasset,
2078 2821 2352 2893 24980-

795 2911 976 2966 manis
1009 2912 1217 2982 legibus
1268 2911 1600 2976 valedicens,
1639 2911 1859 2983 Origeni
1892 2929 1953 2968 se
1990 2922 2160 2968 totum
2197 2914 2352 2968 dedi-

794 3001 894 3056 dit.
939 3003 984 3056 A
1035 3019 1144 3073 quo
1189 3019 1310 3058 cum
1360 3019 1541 3059 veram
1600 3005 2001 3074 philosophiam
2042 3005 2351 3072 didicisset,

796 3103 986 3163 postea
1021 3109 1051 3149 a
1085 3096 1406 3165 parentibus
1450 3107 1757 3161 revocatus,
1794 3097 1957 3152 rediit
2004 3097 2058 3151 in
2095 3097 2348 3167 patriam.

2450 1917 2549 1986 τῆς
2577 1917 2636 1968 ὲν
2658 1915 2844 1985 Πόντῳ
2867 1913 3295 1986 Νεοκαισαρείας
3317 1912 3654 1984 ὁρμώμενος,
3681 1911 4034 1982 ἀρχαιότερος

2449 2006 2654 2060 τούτων
2685 2005 2800 2060 ἐστί
2824 2021 2839 2036 ⁸
2867 2005 3112 2077 μαθητὴς
3145 2007 3255 2076 γὰρ
3291 2004 3598 2076 Ὠριγένους
3631 2004 3864 2072 ἐγένετο.
3897 2004 4032 2075 Περὶ

2451 2098 2638 2151 τούτου
2668 2097 2762 2151 τοῦ
2791 2097 3092 2169 Γρηγορίου
3111 2137 3126 2157 ,
3155 2097 3322 2161 πολὺς
3350 2099 3378 2150 ὁ
3414 2097 3568 2166 λόγος
3593 2096 3649 2148 έν
3675 2112 3736 2148 τε
3777 2095 4030 2166 Ἀθήναις

2452 2191 2545 2244 καὶ
2574 2188 2821 2260 Βηρυτῷ,
2855 2191 2945 2242 καὶ
2969 2189 3062 2260 ὅλῃ
3090 2191 3154 2260 τῇ
3178 2189 3411 2258 Ποντικῇ
3442 2188 3702 2258 διοικήσει
3725 2186 3853 2258 (89),
3881 2185 3956 2248 ὡς
3974 2186 4030 2239 δὲ

2451 2284 2645 2346 εἰπεῖν,
2679 2281 2774 2334 καὶ
2805 2281 2953 2354 πάσῃ
2997 2285 3062 2352 τῇ
3093 2281 3405 2350 οἰκουμένῃ.
3461 2273 3630 2344 Οὗτος
3663 2279 3771 2352 γὰρ
3815 2278 3893 2342 ὡς
3920 2278 4031 2331 τῶν

2465 2373 2720 2448 Ἀθήνῃσι
2754 2373 3150 2445 παιδευτηρίων
3187 2374 3544 2443 ἀναχωρήσας
3563 2413 3577 2437 ,
3605 2373 3664 2424 έν
3689 2375 3755 2442 τῇ
3801 2370 4032 2442 Βηρυτῷ

2453 2466 2650 2536 νόμους
2681 2465 2970 2536 ἐμάνθανε.
3004 2465 3312 2534 Πυθόμενός
3358 2481 3417 2517 τε
3443 2465 3501 2516 ὲν
3528 2466 3594 2534 τῇ
3630 2462 3935 2532 Καισαρείᾳ
3962 2465 4031 2517 τὰ

2459 2559 2582 2628 ἱερὰ
2615 2557 2921 2628 Γράμματα
2948 2556 3271 2628 ἑρμηνεύειν
3312 2555 3615 2628 Ὠριγένην,
3651 2555 3904 2626 δρομαῖος
3937 2554 4030 2606 ἐπὶ

2452 2651 2551 2722 τὴν
2597 2650 2928 2720 Καισάρειαν
2967 2649 3323 2720 παραγίνεται
3374 2647 3782 2719 ἀκροασάμενός
3826 2663 3886 2699 τε
3932 2647 4031 2714 τῆς

2458 2741 2836 2812 μεγαλοφώνου
2868 2741 3100 2810 θεωρίας
3130 2741 3238 2793 τῶν
3274 2741 3434 2811 ἱερῶν
3461 2741 3827 2810 Γραμμάτων,
3860 2735 4032 2790 πολλά

2453 2832 2659 2902 χαίρειν
2690 2829 2854 2884 εἰπὼν
2891 2833 3001 2894 τοῖς
3035 2831 3357 2900 Ῥωμαϊκοῖς
3383 2831 3586 2900 νόμοις,
3631 2827 3931 2900 ἀχώριστος
3958 2821 4030 2898 ἦν

2450 2921 2545 2975 τοῦ
2594 2921 2815 2975 λοιποῦο
2863 2923 2956 2976 καὶ
3005 2923 3095 2976 ὑπ’
3145 2921 3310 2975 αὐτοῦ
3361 2919 3669 2984 παιδευθεὶς
3711 2919 3809 2990 τὴν
3853 2917 4026 2988 ἀληθῆ

2454 3009 2799 3080 φιλοσοφίαν,
2850 3010 2944 3063 καὶ
2995 3009 3300 3080 μεταταῧτα
3337 3009 3429 3062 ἐπὶ
3466 3009 3564 3080 τὴν
3614 3007 3870 3079 πατρίδα,
3917 3005 4028 3060 τῶν

2453 3101 2653 3170 γονέων
2682 3101 3041 3166 καλεσάντων,
3092 3101 3423 3172 ἀνεχώρησε.
3455 3101 3632 3154 Κάκεῖ
3670 3099 3886 3170 πρῶτον
3927 3098 4028 3169 μὶν

799 3184 897 3240 Ubi
934 3188 1112 3258 primo
1145 3187 1388 3258 quidem,
1423 3188 1552 3243 dum
1593 3189 1770 3243 adhuc
1796 3187 1968 3244 laicus
1991 3197 2154 3253 esset,
2184 3190 2351 3243 multa
2379 3187 2424 3248 C
2453 3193 2562 3247 λαῖ)

2265 3190 2351 3243 ilta
2379 3187 2424 3248 C
2453 3193 2638 3256 λαῖκὸς
2683 3192 2776 3259 ὢν,
2816 3193 2984 3247 πολλὰ
3031 3195 3229 3264 σημεῖα
3266 3193 3510 3262 ἐποίησε,
3551 3191 3836 3254 νοσοῦντας
3869 3190 4028 3263 θερα-

797 3277 929 3332 fecit
978 3277 1244 3334 miracula
1278 3297 1291 3334 :
1330 3295 1478 3335 nunc
1522 3289 1761 3350 aegrotos
1807 3295 2033 3344 sanans,
2071 3296 2221 3336 nunc
2253 3281 2356 3335 da:-

797 3384 988 3424 mones
1045 3385 1144 3439 per
1189 3371 1476 3439 epistolam
1526 3371 1766 3441 fugans,
1832 3371 2062 3439 gentiles
2119 3371 2357 3442 denique

797 3476 908 3516 non
939 3461 1121 3516 verbis
1155 3469 1391 3526 tantum,
1440 3463 1537 3517 sed
1575 3464 1745 3517 multo
1791 3463 1966 3532 magis
1995 3462 2254 3533 operibus
2288 3461 2355 3516 ad

799 3553 957 3608 tidem
1017 3553 1286 3609 alliciens.
1357 3552 1533 3623 llujus
1592 3555 1923 3609 mentionem
1995 3553 2127 3608 facit
2191 3553 2355 3609 etiam

797 3642 1117 3715 Pamphilus
1148 3645 1376 3716 Martyr,
1413 3646 1469 3699 in
1500 3645 1655 3701 libris
1682 3660 1820 3716 quos
1846 3661 1946 3715 pro
1974 3644 2226 3716 Origenis
2257 3643 2353 3699 de-

800 3732 1050 3788 fensione
1075 3735 1295 3806 scripsit
1328 3754 1341 3789 :
1374 3736 1575 3806 quibus
1619 3736 1782 3790 etiam
1816 3735 2074 3806 adjuncta
2113 3745 2196 3790 est
2223 3733 2356 3789 Gre-

801 3828 938 3897 gorii
979 3827 1190 3890 Oratio,
1235 3844 1398 3896 quam
1430 3828 1519 3883 ille
1552 3828 1621 3883 ab
1654 3828 1890 3898 Origene
1939 3827 2254 3891 discedens,
2298 3826 2354 3881 in

800 3921 920 3988 ejus
967 3921 1180 3974 laudem
1231 3920 1560 3990 composuit.
1603 3919 1846 3976 Fuerunt
1891 3919 2078 3990 igitur,
2120 3928 2180 3972 ut
2208 3933 2355 3973 com-

803 4012 999 4080 pendio
1034 4011 1232 4075 dicam,
1276 4010 1524 4082 Gregorii
1577 4011 1779 4082 plures.
1813 4009 2030 4065 Primus
2077 4017 2162 4065 est
2211 4009 2356 4063 anti-

801 4119 942 4172 quus
989 4103 1112 4168 iste,
1142 4103 1448 4172 discipulus
1477 4102 1762 4173 Origenis;
1813 4100 2090 4158 secundus
2130 4100 2358 4154 Nazian-

803 4209 1003 4261 zenus;
1034 4193 1231 4249 tertius
1257 4193 1428 4249 frater
1467 4193 1692 4258 Basilii;
1730 4201 1815 4248 est
1857 4193 2020 4247 etiam
2065 4193 2204 4246 alius
2233 4191 2357 4247 Gre-

802 4285 1010 4354 gorius,
1052 4300 1215 4354 quem
1259 4282 1470 4348 Ariani,
1509 4283 1637 4337 dum
1685 4283 2022 4338 Athanasius
2060 4282 2113 4336 in
2162 4282 2359 4337 exsilio

801 4383 1002 4444 ageret,
1056 4377 1368 4445 episcopum
1420 4374 1850 4429 constituerunt.
1911 4372 2112 4428 Verum
2160 4373 2228 4426 de
2271 4372 2358 4426 his

803 4467 916 4521 haec
948 4465 1095 4520 dicta
1127 4463 1422 4519 subiciant.

2452 3283 2652 3343 πεύων.
2689 3284 2780 3337 καὶ
2810 3284 3068 3354 δαίμονας
3112 3283 3178 3337 δι’
3223 3283 3519 3337 ἐπιστολῶν
3553 3281 3887 3352 φυγαδεύων,
3932 3279 4030 3336 καὶ

2453 3376 2578 3438 τοὺς
2614 3375 3044 3444 Ἐλληνίζοντας,
3092 3376 3205 3437 τοῖς
3237 3389 3298 3426 τε
3341 3373 3542 3442 λόγοις,
3586 3375 3682 3427 καὶ
3724 3372 3886 3426 πλέον
3915 3374 4027 3436 τοῖς

2451 3467 2751 3538 γινομένοις
2778 3469 2869 3520 ὑπ’
2892 3466 3056 3520 αὐτοῦ
3084 3467 3511 3538 προσαγόμενος.
3538 3465 3824 3536 Μέμνηται
3851 3465 3907 3518 δὲ
3932 3464 4028 3516 αὒ-

2451 3555 2544 3608 τοῦ
2589 3555 2682 3608 καὶ
2724 3555 3006 3625 Πάμφιλος
3051 3556 3080 3608 ὁ
3128 3556 3342 3626 μάρτυρ
3395 3556 3452 3606 ὲν
3494 3557 3606 3618 τοῖς
3657 3556 3782 3626 περὶ
3821 3552 4027 3624 Ὠριγέ-

2455 3663 2576 3710 νους
2609 3645 2721 3717 (90)
2749 3647 3056 3716 πονηθεῖσιν
3082 3647 3230 3718 αὐτῷ
3257 3647 3499 3718 βιϐλίοις,
3527 3649 3585 3700 ὲν
3608 3641 3690 3709 οἷς
3716 3647 3811 3699 καὶ
3840 3661 4029 3697 συστα-

2453 3737 2602 3802 τικὸς
2644 3738 2801 3805 λόγος
2845 3738 3148 3809 Γρηγορίου
3181 3741 3259 3802 εἰς
3301 3737 3580 3810 Ὠριγένην
3614 3736 3725 3807 (91)
3759 3735 4025 3806 παράκει-

2453 3848 2563 3886 ται.
2598 3832 2638 3884 Γ
2641 3832 2886 3900 εγόνασιν
2925 3827 3040 3895 οὖν,
3068 3830 3142 3893 ὼς
3183 3832 3242 3882 ὲν
3283 3829 3557 3900 κεφαλαίῳ
3585 3830 3778 3896 εἰπεῖν,
3814 3829 4026 3900 Γρηγό-

2459 3940 2561 3994 ριοι
2591 3939 2604 3954 ·
2635 3923 2664 3975 ὅ
2706 3939 2766 3974 τε
2807 3923 3030 3992 ἀρχαῖος
3070 3916 3224 3985 οὗτος
3274 3923 3370 3975 καὶ
3414 3921 3660 3992 μαθητὴς
3696 3920 4024 3992 Ὤριγένους,

2458 4013 2552 4065 καλ.
2585 4014 2613 4066 ό
2640 4011 3024 4082 Ναζιανζηνὸς,
3072 4013 3163 4065 καὶ
3193 4015 3221 4065 ὁ
3263 4012 3487 4082 ἀδελφὸς
3531 4011 3832 4065 Βασιλείου.
3878 4009 4026 4078 Ἐγέο

2453 4121 2574 4157 νετο
2607 4104 2664 4156 δὲ
2703 4104 2796 4157 καὶ
2826 4103 2980 4166 ἄλλος
3023 4102 3316 4174 Γρηγόριος
3357 4103 3415 4156 ὲν
3449 4101 3835 4173 Ἀλεξανδρείᾳ,
3873 4102 3933 4154 δν
3974 4102 4025 4156 oi

2467 4195 2731 4266 ’Apetavo‘t
2783 4195 2920 4249 κατὰ
2972 4193 3062 4248 τὸν
3105 4195 3296 4266 καιρὸν
3345 4195 3444 4266 τῆς
3490 4195 3670 4264 φυγῆς
3711 4192 4027 4248 Ἀθανασιου

2455 4288 2809 4358 κατέστησαν.
2847 4287 2981 4359 Περὶ
3014 4287 3112 4360 μὲν
3147 4287 3211 4359 δὴ
3255 4287 3458 4343 τούτων
3488 4286 3722 4342 τοσαῦτα
3769 4285 4024 4358 λελέχθω.

1995 4638 2264 4695 VALESII
2301 4635 2841 4694 ANNOTATIONES.

872 4741 984 4814 (89)
1014 4738 1272 4814 [ζον-τιξιῇ
1297 4738 1546 4814 οἰκήσει.
1576 4735 1700 4814 Hoc
1719 4738 1837 4814 |o¢_:_o
1868 4743 2091 4814 secutus
2128 4733 2367 4814 auctori-
2398 4740 2441 4794 ι)
2467 4731 2635 4814 proba

2264 4733 2367 4786 ori-
2398 4740 2441 4794 ι)
2467 4731 2703 4814 probare
2754 4746 2862 4814 u‘qn
2917 4743 3142 4798 possum
3181 4742 3196 4780 :
3236 4743 3415 4809 neque
3461 4727 3827 4814 enimjoratio
3871 4727 3964 4814 illa
3995 4746 4027 4786 a

800 4803 976 4868 tatem'
1025 4803 1361 4879 Nicephori,
1393 4803 1703 4879 emendavi
1771 4806 2000 4876 Ποντικῇ
2063 4803 2361 4874 διοικήσει,

803 4881 1052 4953 quamvis
1074 4876 1264 4953 scripti
1301 4878 1522 4953 codices
1555 4876 1954 4953 ni_h_i|__muteut.

875 4952 984 5020 (90)
1023 4949 1160 5017 Περὶ
1192 4944 1561 5020 ’Ὦριγένουςτ
1609 4945 1803 5020 Melius
1859 4945 2195 5020 scriberetur
2226 4944 2364 5020 ὑπὲρ

803 5015 1130 5091 Ὦριγένους.
1163 5015 1418 5087 Intelligit
1471 5015 2366 5091 eititii_flpologet_icun_tPamphili

808 5083 905 5162 pro
933 5083 1189 5160 Origene,
1223 5091 1288 5143 de
1320 5083 1428 5162 quo
1458 5086 1580 5162 vide
1598 5083 1879 5162 _Photiut'n
1919 5085 1983 5162 in_
2017 5085 2360 5162 Bibliotheca.

879 5163 989 5229 (1H)
1011 5155 1375 5222 Συστατικὸς
1393 5157 1572 5229 λόγος
1590 5155 1915 5229 ξρηγορίου
1933 5156 2021 5229 είς
2036 5155 2363 5229 Ὠριγένην.

814 5223 1092 5284 λΐιίςιτίιιυδ
1135 5236 1344 5283 vertit:
1407 5225 1559 5279 Liber
1605 5223 1842 5292 Gregorii
1889 5223 2217 5294 adjungitur,
2265 5239 2366 5294 quo

815 5302 1084 5368 Origeuem
1111 5297 1514 5368 commendavitL
1533 5293 2067 5368 Christnpliorsonus
2088 5305 2267 5349 autem
2295 5293 2368 5344 ita

811 5363 1221 5439 interpretatur,
1253 5364 1706 5439 0ratio__Gregori_i
1741 5366 1794 5416 in
1829 5363 2069 5439 Qrigenis
2104 5379 2365 5439 commen-

808 5432 1072 5496 dationem
1105 5439 1413 5505 conscripta.
1447 5432 1644 5492 Verum
1681 5434 1819 5488 hanc
1859 5432 2366 5502 interpretationem

2468 4795 2730 4869 Gregorio
2761 4795 3170 4868 Thauinaturgo
3208 4795 3412 4869 scripta
3451 4805 3536 4852 est
3569 4795 3637 4869 ad
3679 4800 4029 4854 commenda-

2467 4867 2668 4926 tionem
2697 4870 2968 4939 ()rigenis,
2994 4868 3086 4922 sed
3112 4867 3176 4939 ad
3198 4867 3435 4939 agendas
3457 4867 3660 4939 gratias
3683 4871 4026 4939 praceptori,

2471 4956 2595 4996 eum
2632 4955 2696 4992 ex
2721 4937 2841 5005 ejus
2872 4938 3058 4991 schola
3093 4937 3418 4991 discederet.
3449 4937 3775 5006 Συστατικαὶ
3804 4938 4024 5006 quidem

2470 5013 2728 5065 dicuntur
2751 5002 3004 5078 Ερὶεεοίίε
3035 5007 3490 5078 commendatitiw.
3527 5002 4050 5078 orationes—autem‘

2472 5074 2986 5133 συστατικαὶήιιιιειξ
3027 5093 3264 5147 unquam
3299 5077 3535 5147 fuerunt.
3561 5074 3741 5147 Quare
3781 5077 4028 5147 nondu-

2472 5151 2589 5205 bito
2623 5153 2755 5218 quin
2787 5145 3138 5210 συντακτικός
3165 5146 3517 5218 scribendum
3552 5147 3649 5208 sit,
3689 5146 3817 5218 licet
3865 5145 4026 5202 Nice-

2473 5215 2680 5290 phorus
2718 5221 2990 5290 vulgatam
3029 5219 3318 5290 lectionem
3361 5216 3669 5290 conﬁrmet.
3716 5215 3810 5271 Est
3843 5229 4026 5272 autem

2477 5286 2832 5352 συντακτικὺς
2854 5287 3029 5355 λόγος,
3059 5289 3238 5340 oratio
3269 5302 3376 5356 qua
3407 5288 3528 5341 vale
3557 5286 3782 5350 dicitur,
3812 5294 3871 5356 ut
3915 5303 4030 5341 mo-

2473 5362 2566 5414 nui
2591 5360 2643 5412 in
2676 5356 3123 5412 Annotatt’onibus
3171 5355 3510 5422 Eusebiauis,
3562 5371 3699 5426 quas
3749 5355 4030 5414 studiosus

2473 5431 2644 5485 lector
2666 5429 2954 5484 consulet.

2249 5591 2626 5649 VARIORUM.

882 5703 909 5731 ι
936 5695 1064 5745 "Ars
1083 5690 1157 5756 δὴ
1179 5690 1694 5786 καταλειφθεῖσαν.
1721 5690 1883 5756 Quem
1905 5691 1994 5744 ille
2011 5689 2367 5813 imperfectum

882 5764 1118 5813 liaucrat.
1136 5770 1374 5813 vertente
1392 5761 1421 5812 κ
1436 5763 1633 5813 alcsio:
1662 5762 1792 5813 mihi
1809 5762 2020 5813 videtur
2036 5777 2134 5813 vox
2191 5776 2365 5813 cesse.

820 5764 1118 5887 περιτίεται,
1136 5770 1374 5816 vertente
1392 5761 1634 5828 Valcsio;
1662 5762 1792 5816 mihi
1809 5762 2020 5816 videtur
2036 5777 2134 5816 vox
2155 5761 2365 5816 deesse.

897 5875 906 5886 .
987 5849 1160 5885 (mra.

897 5875 906 5886 .
945 5849 1160 5885 μυνιτιι.

2544 5697 2573 5736 7
2609 5688 2662 5740 Ὀ
2695 5687 2982 5754 Ποντικὸς
3006 5685 3346 5754 Γρηγόριος.
3369 5680 3450 5754 De
3462 5680 3738 5754 Gregorio
3766 5680 4030 5754 Thauma-

2473 5760 2768 5883 turgtébqui
2803 5759 2935 5814 obiit
2960 5751 3107 5812 anno
3141 5751 3270 5820 265,
3294 5752 3414 5808 vide
3438 5751 3635 5809 Euseb.
3664 5751 3806 5806 Hist.
3831 5753 3927 5808 lib.
3949 5766 4029 5823 vr,

2473 5844 2593 5898 cap.
2690 5866 2704 5880 .
