4452 6584
822 438 962 497 Ηξιθ

2269 427 2604 486 SOZOMENI

3955 431 3974 482 i
3997 427 4098 482 2170

831 553 957 622 guis
987 547 1364 613 consulerent,
1396 547 1672 617 simulque
1697 560 1890 602 omnes
1915 547 2060 602 inter
2086 562 2146 603 se
2180 547 2247 602 de
2280 561 2399 601 om—
2433 556 2474 612 Α
2505 547 2581 614 ἀφ

2341 561 2399 600 n—
2433 556 2474 612 Α
2505 542 2820 614 ἀφικέσθαι.
2854 542 3054 614 Γράφει
3107 545 3162 598 δὲ
3215 543 3293 614 τῷ
3339 544 3601 616 Βασιλείῳ
3627 588 3639 609 ,
3689 545 3756 598 δι’
3787 546 4099 598 ἐπιστολίου

823 645 987 697 nibus
1021 639 1436 706 consentirent;
1468 636 1671 693 deinde
1702 645 1760 691 ut
1791 637 1982 692 decem
2007 637 2172 708 legati
2196 653 2262 691 ex
2295 637 2402 692 0c-

820 731 1059 788 cidentis
1125 729 1415 800 partibus,
1469 727 1806 797 totidemque
1871 743 1940 781 ex
1997 725 2400 794 Orientalibus,

817 839 960 895 quos
991 823 1238 894 synodus
1267 821 1552 875 communi
1579 819 1854 875 sententia
1880 820 2195 890 delegisset,
2219 819 2288 873 ad
2319 833 2405 874 co-

821 916 1076 969 mitatum
1102 914 1472 975 mitterentur,
1510 911 1736 966 relaturi
1764 927 1888 982 qua:
1915 911 2135 965 decreta
2166 917 2355 964 essent
2385 927 2399 964 :

817 1022 928 1077 quo
965 1016 1023 1061 et
1069 1007 1187 1075 ipse
1219 1003 1519 1073 dispiceret
1595 1011 1779 1057 utrum
1835 1003 1914 1057 illi
1950 1003 2104 1072 juxta
2149 1017 2402 1057 normam

817 1111 1111 1153 sacrarum
1148 1094 1560 1163 Seripturarum
1607 1093 1750 1148 inter
1782 1109 1843 1150 se
1869 1104 2058 1148 mutuo
2081 1094 2402 1150 consensis-

815 1198 972 1255 sent,
997 1196 1051 1243 et
1082 1188 1149 1243 de
1173 1187 1260 1242 bis
1298 1201 1419 1256 quae
1452 1187 1660 1257 agenda
1690 1197 1896 1253 essent,
1935 1196 2098 1256 prout
2128 1187 2395 1257 optimum

814 1279 964 1335 factu
999 1279 1105 1334 sibi
1175 1278 1472 1342 videretur,
1530 1278 1867 1334 decerneret.
1898 1277 2027 1334 Post
2091 1279 2210 1334 haec
2264 1281 2401 1335 inito

815 1371 1374 1440 consilio,pra3cepit
1429 1379 1488 1424 ut
1513 1385 1703 1426 omnes
1755 1371 2034 1440 episcOpi,
2090 1373 2404 1443 ubicunque

815 1463 984 1532 positi
1047 1471 1268 1525 essent,
1323 1473 1416 1516 aut
1463 1462 1514 1514 in
1582 1461 1820 1531 propriis
1885 1459 2149 1518 Ecelesiis
2210 1477 2404 1532 empe—

813 1564 1055 1621 ctarent,
1109 1555 1285 1610 donec
1339 1553 1493 1608 locus
1543 1551 1782 1606 concilio
1819 1554 2136 1620 designatus
2184 1553 2402 1618 fuisset,

812 1646 1244 1716 mandatumque
1271 1653 1419 1699 esset
1465 1645 1600 1712 ipsis
1652 1654 1710 1698 ut
1735 1659 1802 1698 eo
1855 1644 2195 1700 advenirent.
2253 1645 2406 1700 Scri-

816 1737 896 1790 bit
929 1736 1146 1790 interim
1201 1734 1269 1788 ad
1300 1733 1615 1802 ,Basilium,
1659 1743 1719 1787 ut
1774 1749 1840 1788 ex
1897 1735 2152 1790 omnibus
2207 1735 2407 1790 Orien-

813 1827 1183 1898 tisepiscopis
1227 1826 1542 1882 sciscitetur
1605 1841 1701 1894 per
1745 1825 1956 1880 litteras
1992 1841 2102 1895 quo
2163 1825 2220 1880 in
2281 1828 2403 1883 loco

817 1918 1090 1989 synodum
1147 1917 1416 1972 celebrari
1482 1925 1761 1986 oporteret
1828 1935 1842 1971 :
1905 1917 1982 1971 ita
2039 1929 2101 1972 ut
2153 1919 2256 1974 sub
2298 1920 2403 1974 ini-

819 2011 953 2064 tium
1005 2009 1150 2065 veris
1203 2024 1269 2063 ea
1321 2024 1409 2063 res
1489 2011 1706 2064 cunctis
1779 2009 2168 2066 innotesceret.
2213 2010 2401 2082 Neque

816 2103 963 2156 enim
1034 2101 1384 2156 commodum
1436 2115 1562 2155 esse
1613 2101 2019 2166 arbitrabatur,
2095 2112 2154 2158 ut
2207 2102 2401 2159 Nicaea:

815 2193 1062 2263 synodus
1101 2192 1278 2257 fieret,
1341 2208 1465 2248 cum
1515 2208 1579 2247 ea
1608 2193 1895 2262 provincia
1951 2202 2114 2250 terra:
2150 2197 2395 2253 motibus

823 2295 1012 2340 vexata
1044 2293 1220 2340 esset.
1257 2284 1498 2340 Basilius
1525 2284 1710 2354 itaque
1747 2286 1983 2354 praefixis
2013 2287 2260 2356 epistolae
2286 2304 2400 2345 sua:
2446 2329 2452 2336 ι

821 2378 1201 2449 imperialibus
1231 2377 1453 2444 litteris,
1487 2378 1764 2432 mandavit
1815 2377 1976 2450 154
2001 2379 2282 2450 episcopis
2304 2396 2403 2452 per

817 2470 1069 2542 singulas
1120 2470 1436 2540 provincias
1494 2469 1814 2524 constitutis
1873 2480 1930 2523 ut
1983 2473 2397 2541 quamprimum

817 2562 960 2632 apud
983 2579 1042 2618 se
1073 2562 1467 2627 deliberarent,
1498 2571 1553 2616 et
1583 2563 1762 2616 locum
1807 2565 1897 2631 qui
1937 2565 2070 2633 ipsis
2126 2565 2402 2622 videretur

809 2633 1153 2723 aptissimus
1226 2653 1561 2707 indicarent.
1613 2652 1749 2706 Cum
1789 2670 1938 2716 veto,
1970 2657 2114 2709 sicut
2165 2657 2219 2710 in
2253 2656 2400 2726 ejus-

816 2747 964 2801 modi
999 2739 1164 2800 rebus
1193 2743 1313 2800 fieri
1345 2745 1512 2811 solet,
1551 2760 1664 2800 non
1697 2761 1864 2800 unum
1908 2747 2267 2818 eumdemque
2321 2750 2402 2804 Io-

816 2853 943 2892 cum
1004 2853 1200 2893 omnes
1272 2838 1597 2908 elegissent,
1637 2836 1873 2894 Basilius
1903 2842 1970 2894 ad
2015 2842 2395 2911 imperatorem

817 2929 1101 2998 profectus
1121 2937 1230 2993 est,
1264 2929 1496 3000 quitum
1531 2928 1718 2984 Sirmii
1778 2933 2121 2988 morabatur.
2151 2934 2228 2989 lbi
2280 2945 2394 2990 tum

815 3022 960 3078 alios
995 3022 1261 3093 quosdam
1315 3024 1516 3093 reperit
1541 3023 1859 3093 episcopos.
1885 3025 1980 3094 qui
2018 3036 2241 3096 pr0pter
2273 3027 2392 3096 pri-

817 3123 972 3169 vatas
1020 3117 1381 3170 necessitates
1431 3131 1499 3170 eo
1554 3115 1916 3180 advenerant,
1975 3125 2089 3172 tum
2150 3117 2390 3173 Marcum

815 3209 1190 3272 Aretliusium,
1224 3217 1280 3263 et
1331 3207 1628 3278 Georgium
1676 3211 1993 3279 episcolium
2026 3211 2389 3265 Alexandriae.
2419 3238 2462 3296 ρ

809 3298 1061 3370 Cumque
1081 3300 1191 3369 jam
1211 3301 1571 3356 constitutum
1592 3311 1738 3357 esset
1757 3310 1812 3355 ut
1831 3299 2093 3356 Seleuciae
2113 3303 2166 3356 in
2189 3303 2394 3359 Isauria

813 3395 1112 3448 t'OliCiiiUllI
1140 3392 1464 3461 haberetur,
1500 3393 1556 3448 bi
1609 3393 1703 3463 qui
1751 3409 1878 3448 cum
1915 3393 2143 3448 Valente
2199 3406 2389 3450 erant:

812 3503 942 3542 nam
1003 3499 1057 3540 ut
1119 3486 1222 3541 iste
1281 3495 1395 3540 tum
1462 3485 1676 3558 aderat,
1709 3484 1938 3548 Sirmii,
2000 3488 2431 3556 Anontworum.

816 3579 1007 3634 lim-esi
1059 3577 1330 3641 faventes,
1362 3592 1587 3649 operam
1621 3577 1894 3633 dederunt
1928 3588 1986 3632 ut
2017 3580 2260 3649 episcopi
2300 3579 2395 3650 qui

815 3671 1158 3726 incunitatu
1227 3680 1408 3736 erant,
1445 3679 1652 3740 parata:
1698 3672 1917 3726 cuidam
1966 3672 2088 3726 fidei
2146 3671 2407 3753 formula;

813 3763 1256 3827 subscriberent,
1297 3763 1352 3816 in
1401 3777 1511 3832 qua
1542 3777 1742 3818 nomen
1777 3763 2102 3818 substantia:
2129 3779 2238 3818 non
2260 3779 2392 3820 con-

811 3854 1120 3910 tinebatur.
1145 3853 1284 3906 Dum
1318 3853 1567 3923 synodus
1593 3853 2001 3923 ingentistudio
2028 3856 2394 3925 acceleratur,

815 3943 1116 4007 Eudoxius,
1137 3942 1396 4008 Acacius,
1424 3939 1692 3997 Ursacius
1725 3957 1788 3995 ae
1822 3940 2040 4004 Valens.
2069 3951 2123 3997 et
2147 3943 2240 4013 qui
2268 3959 2392 3999 cum

812 4038 926 4092 illis
955 4044 1137 4097 erant,
1164 4049 1290 4088 cum
1340 4033 1484 4104 apud
1533 4049 1592 4088 se
1625 4042 1977 4103 reputassent
2017 4049 2083 4088 ex
2139 4035 2396 4092 omnibus

812 4127 1017 4196 ubique
1041 4125 1314 4194 episc0pis
1341 4124 1479 4177 alios
1507 4122 1725 4192 quidem
1761 4121 2035 4177 Nicaenam
2067 4122 2228 4180 fidem
2258 4140 2392 4180 eon-

809 4228 1022 4275 stanter
1053 4219 1319 4272 retinere;
1368 4216 1505 4271 alios
1525 4231 1656 4271 vero
1714 4231 1834 4271 eam
1870 4215 2128 4285 praeferre
2183 4200 2303 4285 quae
2338 4218 2391 4270 in

2507 636 2775 690 πυθέσθαι
2799 637 3014 690 πάντων
3053 638 3160 690 τῶν
3192 638 3295 690 ἀνα
3333 637 3431 706 τὴν
3468 639 3581 690 Ἕω
3609 639 3944 697 ἐπισκόπων,
3980 638 4098 706 ὅπη

2505 727 2770 780 ἐπιτελεῖν
2801 727 2902 798 τὴν
2946 727 3164 780 σύνοδον
3196 727 3466 798 προσῆκεν
3491 743 3503 754 ’
3537 726 3677 779 ὥστε
3723 725 3881 797 ἔαρος
3925 728 4103 796 ἀρχοο

2508 821 2671 889 μένου
2697 859 2710 882 ,
2741 820 2899 873 τοῦτο
2933 821 3067 872 πᾶσι
3102 819 3352 886 γενέτθαι
3395 820 3572 889 δῆλον.
3606 819 3693 872 Ἐν
3721 818 3926 887 δικαίᾳ
3956 818 4096 886 γὰρ,

2505 908 2581 972 ὡς
2627 909 2967 979 κεκμηκότος
3019 907 3114 962 τοῦ
3165 909 3290 980 τῇδε
3326 909 3508 972 ἔθνους
3565 909 3668 961 ὐπὸ
3723 907 3992 976 σεισμῶν,
4027 910 4096 960 οὐ

2505 1001 2688 1066 καλῶς
2743 1002 2888 1073 ἔχειν
2929 1001 3166 1055 ὐπέλαϐε
3226 1001 3439 1055 σύνοδον
3486 1005 3679 1067 ποιεῖν.
3739 1003 3796 1056 Ὀ
3832 1005 3888 1057 δὲ
3921 1005 4099 1057 Βασί-

2505 1091 2647 1154 λειος
2685 1092 2818 1156 ίδίας
2847 1091 3138 1161 ἐπιστολῆς
3174 1090 3450 1162 προτάξας
3499 1091 3566 1144 τὰ
3599 1092 3862 1162 βασιλέως
3905 1096 4098 1164 γράμο

2508 1203 2654 1255 ματα
2678 1224 2692 1248 ,
2727 1187 2840 1249 τοῖς
2874 1185 3014 1239 κατὰ
3059 1184 3211 1249 ἔθνος
3253 1185 3572 1249 ἐπισκόποις
3595 1186 3831 1256 ἐδήλωσε
3883 1190 4096 1258 σπουδῇ

2503 1276 2925 1345 διασκέψασθαι,
2961 1276 3056 1330 καὶ
3094 1275 3185 1329 τὸν
3213 1276 3480 1347 ἀρέσοντα
3520 1277 3684 1330 τόπον
3726 1280 3784 1332 ἐν
3811 1279 3965 1350 τάχει
3996 1280 4094 1346 δη-

2503 1366 2696 1421 λῶσαι.
2727 1364 2828 1420 Οἷα
2858 1368 2913 1420 δὲ
2947 1367 3091 1436 φιλεῖ
3123 1367 3215 1420 ἐπὶ
3240 1369 3353 1430 τοῖς
3387 1368 3677 1432 τοιούτοις,
3716 1371 3778 1423 οὐ
3802 1371 3893 1432 τὸν
3925 1374 4097 1425 αὐτὸν

2503 1458 2668 1510 τόπον
2726 1457 3137 1528 ὲπιλεξαμένων
3189 1457 3408 1510 πάντων
3435 1497 3452 1523 ,
3520 1460 3879 1530 παραγίνεται
3950 1464 4097 1532 πρὸς

2507 1547 2730 1618 βασιλέα
2756 1548 3064 1611 Βασίλειος·
3101 1547 3339 1620 διέτριϐε
3369 1549 3427 1603 δὲ
3463 1549 3586 1604 τότε
3623 1552 3680 1604 ὲν
3703 1553 3933 1623 Σιρμιῳ.
3979 1553 4096 1606 Καὶ

2507 1639 2911 1708 καταλαμϐάνει
2963 1639 3148 1694 ἐνθάδε
3196 1638 3387 1703 ἄλλους
3441 1641 3504 1694 τέ
3559 1659 3710 1706 τινας
3753 1643 4092 1707 ἐπισκόπους

2506 1731 2627 1786 κατ’
2662 1731 2796 1794 ἰδίας
2827 1732 3016 1801 χρείας
3039 1772 3054 1797 ,
3086 1731 3181 1785 καὶ
3217 1733 3444 1802 Μάρκον
3478 1734 3568 1785 τὸν
3589 1734 3962 1804 Ἀρεθούσιον,
3993 1737 4096 1788 καὶ

2507 1824 2548 1876 Γ
2551 1823 2777 1894 εώργιον
2806 1823 2898 1876 τὸν
2939 1825 3311 1894 ὲπιτραπέντα
3354 1829 3684 1894 προστατεῖν
3718 1827 3815 1897 τῆς
3841 1827 4097 1892 Ἀλεξαν-

2431 1895 2474 1952 B
2500 1915 2670 1986 δρὲων
2710 1914 3052 1985 Ἐκκλησίας.
3097 1915 3266 1980 Δόξαν
3304 1916 3360 1968 δὲ
3410 1916 3510 1986 ἤδη
3548 1917 3608 1968 ἐν
3651 1895 3938 1990 Σελευκείᾳ
3988 1920 4095 1990 τῆς

2515 2007 2788 2078 Ἰσαυρίας
2813 2005 3062 2074 γενέσθαι
3085 2006 3186 2078 τὴν
3215 2006 3467 2073 σύνοδον,
3509 2009 3557 2061 οἱ
3591 2009 3735 2078 ἀμφὶ
3771 2011 4045 2064 Οὐάλεντα
4071 2029 4087 2041 ·

2503 2098 2596 2153 καὶ
2625 2098 2734 2170 γὰρ
2781 2097 2846 2170 δὴ
2879 2099 2973 2152 καὶ
3003 2091 3158 2163 οὗτος
3187 2098 3266 2170 τῷ
3289 2100 3501 2172 Σιρμίῳ
3547 2102 3796 2173 ἐνεδήμει
3823 2119 3836 2133 ·
3871 2107 3937 2173 τῇ
3976 2104 4090 2155 τῶν

2515 2191 2808 2261 Ἀνομοίων
2849 2192 3055 2262 αἱρέσει
3103 2192 3402 2264 χαίροντες,
3432 2195 3790 2258 σπουδάζουσι
3834 2197 3963 2259 τούς
4010 2197 4092 2266 τῷ

2503 2282 2851 2353 στρατοπέδῳ
2893 2284 3169 2354 παρόντας
3225 2285 3558 2354 ἐπισκόπους
3608 2288 3689 2350 εἰς
3720 2269 4091 2358 ἕτοιμόν-τίνα

2501 2376 2720 2445 γραφὴν
2745 2375 2981 2439 πίστεως
3010 2375 3324 2446 ὑπογράψαι
3357 2375 3436 2447 (i)
3463 2417 3478 2440 ,
3510 2372 3626 2450 ὲνῇ
3663 2378 3725 2430 τὸ
3765 2379 3863 2448 ei};
3895 2380 4088 2441 οὐσίας

2499 2467 2600 2519 οὐκ
2624 2466 2864 2552 ἐνέκειτο
2892 2467 3082 2538 ὄνομα.
3119 2468 3568 2541 Σπουδαζομένης
3597 2471 3655 2523 δὲ
3696 2473 3794 2542 τῆς
3838 2474 4087 2539 συνόδου,

2500 2558 2846 2630 λογισάμενοι
2900 2561 2948 2612 oi
2999 2561 3142 2631 ἀμφὶ
3189 2561 3438 2626 Εὐδόξιω
3487 2565 3581 2616 καὶ
3628 2565 3882 2619 Ἀκάκιον
3911 2606 3925 2629 ,
3991 2584 4090 2621 και

2501 2652 2807 2722 Οὐρσάκιον
2841 2653 2934 2705 καὶ
2961 2653 3268 2718 Οὐάλεντα,
3315 2654 3391 2718 ὡς
3427 2653 3537 2708 τῶν
3565 2658 3816 2728 πανταχῆ
3863 2659 4088 2711 ἐπισκο-

2500 2762 2618 2798 πων
2645 2747 2694 2797 οἱ
2725 2745 2822 2814 μὲν
2842 2745 2952 2814 ὶτὴν
2997 2746 3055 2797 ἐν
3080 2745 3286 2816 Νικαίᾳ
3325 2748 3507 2802 πίστιν
3528 2764 3542 2778 ⁶
3583 2751 3632 2802 οἱ
3665 2749 3724 2802 δὲ
3765 2752 3863 2820 τὴν
3893 2753 3987 2804 ἐπὶ
4016 2755 4086 2822 τῇ

2499 2836 2795 2908 άφιερὼσει
2856 2838 2957 2907 τῆς
3031 2839 3344 2908 ’Δντιοχέων
3419 2842 3716 2913 ἐκκλησίας
3765 2844 4088 2898 ἑκτεθεῖσαν

2499 2928 2753 2998 ζηλοῦσιν
2784 2945 2798 2960 ο
2837 2929 3078 3001 ἑκατέρα
3098 2947 3157 2982 τε
3185 2931 3244 2984 τὸ
3277 2931 3376 3001 τῆς
3398 2933 3586 2996 οὐσίας
3625 2934 3796 3005 ὄνομα
3822 2935 3956 3006 ἔχει,
3988 2937 4089 2989 καὶ

2498 3023 2640 3076 κατὰ
2669 3023 2847 3077 πάντα
2875 3025 3062 3094 ὅμοιον
3104 3023 3184 3094 τῷ
3228 3026 3404 3095 [iath
3450 3027 3543 3080 τὸν
3575 3027 3702 3080 Υἱὸν
3746 3031 4041 3098 ἀποφαίνει
4063 3047 4080 3060 ·

2497 3117 2590 3169 καὶ
2628 3115 2704 3178 ὡς
2729 3118 2778 3168 εἰ
2825 3117 3024 3180 πάντες
3071 3117 3153 3179 εἰς
3199 3117 3398 3170 ταύτὸν
3450 3119 3776 3173 συνέλθωσιν
3802 3162 3817 3185 ,
3848 3122 4084 3191 ἑτοίμως

2497 3195 2968 3278 καταψηφίσονται
2996 3209 3096 3278 τῆς
3115 3208 3324 3261 Ἀετίου
3345 3209 3528 3279 δόξης,
3552 3212 3620 3282 ἡν
3643 3213 3798 3266 αὐτοὶ
3821 3214 4077 3284 ἐπῄνουν,

2493 3299 2753 3370 ἄντικρυς
2787 3300 3060 3368 ἑκατέρας,
3087 3299 3399 3371 άπάδουσαν
3422 3317 3434 3331 ·
3472 3301 3793 3372 κατορθοῦσι
3823 3305 3947 3365 τούς
3966 3307 4079 3382 μὲν

2492 3392 2599 3445 ἀπὸ
2657 3393 2754 3462 τῆς
2802 3391 3015 3455 Δύσεως
3083 3394 3141 3446 ὲν
3186 3394 3448 3464 ’Δριμίνῳ
3501 3395 3806 3450 συνελθεῖν⁶
3847 3397 3974 3460 τούς
4019 3399 4080 3451 δὲ

2491 3486 2599 3541 ἀπὸ
2626 3485 2725 3554 τῆς
2752 3486 2887 3550 Ἕω,
2918 3486 2974 3536 ἐν
3002 3483 3291 3556 Σελευκείᾳ
3311 3487 3412 3556 τῆς
3451 3487 3867 3559 Ἰσαυρίας.”1να
3894 3490 4077 3560 ῥᾳδίου

2491 3579 2642 3641 ὄντος
2673 3577 2882 3644 ὀλίγους
2909 3616 2925 3640 ,
2960 3576 2993 3646 ἢ
3027 3577 3234 3640 πάντας
3265 3579 3504 3643 πείθειν,
3561 3582 3610 3632 ει
3663 3581 3762 3652 μὲν
3809 3582 4072 3644 δύναιντο,

2494 3670 2620 3758 τῇδε
2650 3670 2872 3722 κάκεῖσε
2898 3660 3244 3747 μερισθὲᾖρτες
3267 3654 3729 3740 παρασκευάσωσί
3757 3675 3909 3742 σφίσι
3939 3692 4076 3746 συμ-

2496 3757 2710 3830 ψήφους
2739 3757 2991 3825 γενέσθαι
3018 3758 3284 3828 ἑκατέραν
3309 3759 3553 3813 σύνοδον·
3581 3764 3630 3814 εί
3673 3762 3729 3814 δὲ
3759 3763 3833 3832 μὴ
3855 3804 3870 3828 ,
3916 3763 4073 3818 θατέ-

2501 3864 2634 3922 ραν⁶
2669 3848 2810 3903 ὥστε
2861 3848 3173 3918 μὴ’πάσαις
3222 3848 3422 3919 ψήφοις
3478 3851 3930 3923 ἀποκηρυχθῆναι
3974 3855 4075 3924 τὴν

2496 3943 2730 4013 αἵρεσιν.
2756 3932 3145 4010 Συνὲπραττον
3195 3939 3250 3994 δὲ
3284 3941 3470 4004 αὐτοῖς
3499 3943 3703 4009 ταῦτα,
3737 3944 3999 4023 Εὐσέϐιος
4041 3945 4074 3999 6

2497 4035 2594 4090 τοῦ
2653 4031 2925 4104 βασιλείου
2975 4031 3127 4084 οἴκου
3178 4031 3460 4102 προεστὼς
3509 4028 3794 4104 εὐνοῦχος,

2498 4125 2801 4196 ἐπιτήδειος
2829 4122 2905 4175 ὢν
2922 4162 2937 4187 ,
2980 4123 3069 4174 καὶ
3097 4121 3273 4185 ἄλλως
3302 4124 3555 4192 ὁμόδοξος
3575 4166 3589 4190 ,
3625 4128 3719 4179 καὶ
3752 4128 3935 4181 πολλοὶ
3960 4128 4072 4183 τῶν

2499 4221 2557 4271 ὲν
2584 4218 2831 4286 δυνάμει,
2863 4214 3022 4285 χάριν
3050 4214 3199 4285 αὐτῷ
3236 4215 3482 4286 Εὐσεϐίῳ
3511 4219 3784 4290 φέροντες.

808 4312 1156 4368 dedicatione
1185 4310 1540 4365 Antiochense
1581 4309 1824 4364 basilica:
1845 4309 1989 4364 edita
2009 4319 2188 4364 esset:
2215 4325 2448 4390 quarum
2475 4323 2708 4390 utraque
2745 4309 3069 4383 substantia:
3103 4321 3302 4385 nomen
3335 4307 3579 4376 haberet,
3605 4320 3660 4365 et
3687 4309 3728 4368 F
3733 4311 3886 4366 ilium
3921 4311 4070 4368 Patri

811 4404 1172 4473 undequaque
1225 4402 1460 4457 similem
1503 4409 1813 4457 assereret:
1836 4418 1900 4456 ac
1921 4402 1969 4456 si
1990 4399 2132 4457 forte
2183 4387 2378 4458 omnes
2403 4401 2460 4458 in
2497 4387 2670 4458 uudm
2701 4400 3098 4462 convenirent,
3131 4399 3442 4469 opinionem
3465 4401 3606 4456 Aetii
3635 4419 3797 4473 quam
3821 4404 4071 4474 ipsipro-

811 4501 1047 4566 babant,
1077 4513 1172 4554 eos
1205 4498 1393 4568 procul
1424 4497 1594 4553 dubio
1637 4497 2130 4563 condemnatur-os,
2164 4505 2350 4567 utpote
2379 4509 2411 4550 a
2451 4495 2666 4551 duabus
2695 4493 2805 4548 illis
2828 4491 2952 4547 fidei
2981 4492 3233 4550 formulis
3262 4491 3677 4548 dissentientem
3720 4514 3733 4548 :
3773 4494 3830 4549 id
3889 4493 4070 4552 evice-'

812 4601 961 4655 runt,
1018 4597 1080 4645 ut
1143 4587 1526 4644 Occidentales
1567 4587 1788 4659 quidem
1837 4587 2094 4652 Arimini,
2121 4583 2428 4641 Orientales
2464 4599 2593 4640 vero
2620 4581 2882 4638 Seleuciae
2930 4581 2986 4636 in
3025 4579 3229 4636 Isauria
3245 4593 3728 4653 congregarentur.
3756 4587 3832 4640 Eo
3860 4588 4068 4646 scilicet

811 4682 1065 4747 consilio,
1126 4690 1185 4736 ut
1229 4680 1488 4753 quoniam
1519 4678 1740 4734 facilius
1759 4687 1846 4734 est
1899 4679 2091 4749 paucis
2133 4693 2296 4747 quam
2334 4673 2956 4744 omnibuspersuadere,
2976 4671 3078 4742 ipsi
3096 4672 3347 4757 bifariam
3375 4674 3554 4740 divisi,
3588 4685 3872 4747 utramque
3910 4695 4071 4752 syno.

809 4779 969 4842 dum,
1025 4777 1073 4833 si
1106 4776 1222 4833 fieri
1261 4785 1470 4848 posset,
1503 4777 1558 4830 in
1589 4791 1749 4832 suam
1821 4775 2154 4832 sententiam
2217 4772 2642 4844 pertraherent:
2673 4771 2762 4826 sin
2790 4767 2997 4833 minus,
3049 4769 3277 4824 alteram
3343 4767 3536 4822 saltem
3577 4785 3592 4821 :

3639 4783 3709 4824 ne
3786 4774 4066 4826 communi

809 4871 1056 4924 omnium
1077 4869 1340 4941 suffragio
1362 4871 1584 4926 hieresis
1608 4871 1850 4941 ipsorum
1890 4869 2374 4926 condemnaretur.
2409 4867 2491 4922 Ad
2514 4867 2614 4921 has
2640 4872 2821 4919 autem
2853 4879 2940 4919 res
2967 4863 3326 4933 perficiendas
3347 4862 3591 4920 subsidio
3613 4862 3720 4917 illis
3743 4862 3918 4928 fuere,
3951 4875 4066 4920 tum

815 4965 1085 5021 Eusebius
1139 4965 1428 5022 eunuchus
1453 5007 1469 5033 ,
1504 4967 1831 5038 praepositus
1861 4965 2140 5029 cubiculi,
2177 4963 2278 5034 qui
2311 4970 2368 5018 et
2407 4961 2755 5016 necessarius
2797 4958 3048 5022 Eudoxii,
3084 4967 3135 5012 et
3171 4959 3415 5028 ejusdem
3465 4971 3588 5010 cum
3643 4954 3736 5009 illo
3783 4956 4067 5014 sententia:

811 5067 930 5114 erat
959 5077 972 5115 :
1017 5068 1130 5114 tum
1169 5060 1260 5115 alii
1307 5060 1584 5131 primores
1615 5060 1740 5121 viri,
1770 5060 1862 5127 qui
1929 5058 2170 5112 liusebio
2204 5055 2504 5127 gratificari
2524 5055 2837 5111 studebant.

2008 5235 2273 5292 VALESU
2313 5233 2863 5290 ANNOTATIONES.

885 5424 963 5493 (i)
998 5423 1276 5492 Ἕτοιμόν
1304 5439 1439 5476 τινα
1466 5423 1704 5491 γραφὴν
1727 5423 1988 5488 πίστεως
2019 5420 2387 5493 ὑπογράψαιτ

817 5490 941 5550 Ιιαέε
966 5505 1052 5550 est
1092 5490 1212 5547 fidei
1257 5490 1494 5547 formula
1545 5510 1667 5561 qua:
1713 5502 1901 5562 postea
1951 5496 2004 5546 in
2051 5490 2390 5562 Ariminensi

816 5567 1056 5619 concilio
1097 5567 1330 5618 recitata
1365 5573 1475 5630 est,
1511 5565 1600 5618 eui
1639 5561 1857 5633 praefigit
1903 5571 2062 5617 erant
2095 5561 2386 5633 consulum

820 5637 1065 5688 nomina.
1100 5636 1193 5688 Sic
1222 5636 1366 5690 enim
1397 5629 1693 5700 incipiebat
1727 5651 1738 5686 :
1783 5632 1944 5686 Fides
1971 5634 2212 5700 exposita
2244 5629 2387 5698 apud

819 5708 1096 5770 Sirmium,
1141 5704 1368 5759 Eusebio
1409 5714 1457 5759 et
1504 5702 1737 5774 Hypatio
1770 5704 2097 5765 consulibus,
2128 5712 2186 5755 ut
2213 5702 2388 5774 refert

822 5779 1152 5834 Athanasius
1184 5778 1238 5832 in
1270 5777 1412 5832 libro
1451 5776 1525 5832 De
1562 5772 1801 5846 iyiiodis,
1843 5775 2118 5840 Socrates,
2153 5772 2375 5846 aliique.

2493 5416 2572 5472 Ac
2601 5415 2862 5472 Socrates
2889 5415 3110 5485 quidem
3135 5431 3254 5471 eam
3285 5416 3499 5470 tertiam
3544 5415 3674 5470 facit
3703 5415 4062 5470 Sirmlenseni

2495 5488 2810 5541 fornmlam.
2861 5486 2974 5556 Ego
3019 5503 3147 5540 vero
3195 5487 3440 5556 quintam
3485 5501 3610 5541 esse
3661 5487 3953 5551 contendo,
3992 5489 4064 5538 ob

2497 5559 2743 5612 rationes
2776 5573 2917 5627 quas
2965 5558 3127 5627 paulo
3175 5569 3301 5612 ante
3335 5557 3556 5625 protuli.
3601 5558 3786 5626 Atque
3828 5556 3943 5627 haec
3977 5567 4063 5627 est

2491 5645 2654 5695 quam
2693 5625 2910 5681 Marcus
2951 5625 3280 5683 Arethusius
3318 5628 3569 5688 dictavit,
3617 5625 3781 5681 ut’ex
3827 5625 4059 5696 epistola

2489 5698 2740 5754 Valentis
2783 5699 2847 5751 ad
2896 5697 3239 5754 Germiuiuni
3270 5698 3556 5755 observavi
3597 5695 4052 5754 inAnnotationi-

2486 5771 2591 5831 bus
2624 5771 2690 5826 ad
2722 5768 3027 5826 Socratem.
