4452 6584
390 499 523 561 HG!

973 619 1226 675 ΚΕΦΑΛ.
1260 620 1359 673 ΙΖ’.

387 714 530 783 Περὶ
580 711 703 771 τῶν
746 710 1131 780 πραχθέντων
1180 710 1255 780 τῇ
1278 711 1348 764 ἐν
1386 711 1667 780 Ἀριμήνῳ
1699 707 1963 775 συνόδῳ.

460 801 710 867 Πεισθεὶς
731 802 790 855 δέ
808 802 843 855 ό
870 800 1145 873 βασιλεὺς,
1175 801 1252 866 ὡς
1279 799 1404 856 οὗτε
1429 801 1510 873 τῷ
1538 802 1782 874 δημοσίῳ
1812 801 1960 856 λυσι-
2035 820 2043 827 ·

385 893 531 948 τελεῖ
557 892 647 947 διὰ
669 893 770 963 τὴν
807 892 1075 963 δαπάνην,
1102 890 1227 945 οὔτε
1265 894 1379 955 τοῖς
1409 892 1728 956 ἐπισκόποις
1756 890 1843 945 διὰ
1868 891 1968 956 τὰς

389 986 611 1057 μακρὰς
647 985 820 1049 ὀδοὺς.
852 984 935 1049 είς
986 984 1183 1039 ταύτὸν
1220 984 1433 1049 πάντας
1481 984 1777 1051 συνελθεῖν,
1804 984 1965 1039 διεῖλε

387 1078 488 1150 τὴν
513 1077 759 1132 σύνοδον·
800 1077 897 1131 καὶ
946 1076 1149 1149 γράφει
1182 1079 1295 1141 τοῖς
1318 1076 1441 1130 τότε
1486 1076 1545 1131 ἐν
1579 1076 1842 1148 Ἀριμίνῳ
1868 1077 1966 1154 καὶ

383 1160 793 1241 Σελευκείᾳ,τά
826 1168 955 1240 περὶ
998 1170 1099 1239 τῆς
1139 1167 1377 1233 πίστεως
1416 1167 1698 1239 ἀμφίϐολα
1742 1168 1965 1241 προδια-

387 1260 558 1315 θεϊναι
583 1278 597 1291 ·
637 1262 694 1314 ἐν
718 1260 863 1313 τέλει
914 1260 972 1314 δὲ
1004 1258 1278 1313 διαλαϐεῖν
1311 1258 1450 1314 κατὰ
1481 1252 1573 1313 τὸν
1607 1252 1706 1331 τῆς
1737 1260 1965 1331 Ἐκκλη-

386 1352 512 1416 σίας
562 1351 787 1422 θεσμὸν,
843 1351 940 1406 καὶ
989 1351 1121 1423 περὶ
1168 1350 1277 1405 τῶν
1322 1351 1524 1415 ἀδίκως
1550 1342 1895 1425 καθῃρῆσθαι
1926 1354 1960 1424 ἢ

385 1443 684 1516 ὑπερορίας
708 1445 879 1497 οἰκεῖν
902 1444 1271 1516 μεμφομένων
1311 1445 1646 1511 ἐπισκόπων,
1681 1436 1758 1500 ὧν
1781 1440 1861 1511 εἷς
1894 1441 1964 1517 ἦν

386 1534 654 1606 Κύριλλος
694 1534 1105 1606 Ἱεροσολύμων,
1154 1535 1251 1589 καὶ
1301 1536 1432 1608 περὶ
1478 1536 1586 1591 τῶν
1610 1538 1964 1609 ἐπαγομένων

383 1627 748 1698 ἐγκλημάτων
794 1629 908 1682 τισὶ
953 1628 1063 1682 τῶν
1090 1628 1408 1682 ἐπισκόπων
1439 1630 1676 1685 δικάσαι.
1707 1631 1964 1703 Κατηγόδ

386 1738 517 1791 ρουν
536 1721 643 1791 γὰρ
672 1720 823 1774 άλλοι
873 1721 1049 1775 ἄλλων
1074 1738 1088 1752 θ
1123 1721 1400 1792 Γεωργίου
1438 1723 1497 1776 δέ
1517 1723 1824 1792 ⁴Αίγύιττιοι,
1865 1726 1964 1797 ἀρ-

383 1815 578 1881 παγῶν
633 1816 729 1868 καὶ
783 1813 1015 1885 ὕϐρεων.
1079 1806 1555 1886 Ἕπικεκριμένοις
1600 1816 1657 1869 δέ
1678 1818 1813 1871 πᾶσι
1861 1818 1959 1888 (2),

378 1904 515 1957 δέκα
548 1904 887 1976 ἑκατέρωθεν
907 1904 1231 1959 καταλαϐεῖν
1254 1908 1321 1960 τὰ
1344 1908 1585 1977 βασίλεια
1612 1910 1705 1962 ἐπὶ
1732 1911 1961 1981 μηνύσει

381 1996 491 2048 τῶν
519 1998 925 2068 γεγενημένων.
960 1998 1119 2051 Κατὰ
1157 1998 1330 2052 ταῦτα
1355 2000 1574 2053 ἕκαστοι
1599 1998 1963 2073 συνελέγησαν

378 2076 511 2137 ἔνθα
537 2084 808 2139 συνελθεῖν
838 2086 1275 2157 προσετάγησαν.
1313 2089 1423 2141 Καὶ
1445 2088 1640 2157 ἔφθανε
1669 2091 1789 2160 ἢέν
1822 2090 1966 2163 Ἀρι-

385 2175 526 2245 μίνῳ
562 2176 803 2228 συστᾶσα
834 2174 1073 2238 σύνοδος.
1090 2177 1337 2231 Ἐτέλουν
1363 2178 1419 2231 δὲ
1443 2180 1521 2241 εἰς
1547 2180 1714 2251 αὐτὴν
1747 2181 1962 2246 πλείους

380 2266 416 2336 ἢ
451 2266 814 2339 τετρακόσιοι.
872 2266 983 2319 Καὶ
1026 2263 1155 2338 περὶ
1200 2266 1518 2320 Ἀθανασίου
1566 2269 1731 2339 μηδὲν
1775 2270 1963 2323 άνακιο

380 2360 512 2418 νεῖν,
567 2357 793 2427 ἄμεινον
853 2355 1187 2425 ἐδοκίμασαν
1230 2354 1283 2410 οἳ
1336 2357 1473 2429 πρὸς
1512 2359 1676 2411 αὑτὸν
1710 2359 1962 2429 ἀπεχθῶς

380 2445 551 2517 εἶχον.
608 2448 899 2521 Ζητεήσεως
954 2446 1011 2499 δέ
1052 2446 1222 2519 οὕσης
1269 2449 1349 2511 είς
1402 2448 1461 2501 ὃν
1502 2450 1607 2519 χρὴ
1633 2453 1834 2521 τρόπον
1867 2469 1959 2504 πι-

383 2538 615 2602 στεύειν,
653 2536 1017 2607 παρελθόντες
1049 2538 1130 2600 είς
1163 2537 1328 2606 μέσον
1358 2538 1573 2607 Οὐάλης
1600 2555 1660 2590 τε
1696 2542 1791 2592 καὶ
1818 2541 1960 2611 (lap-

383 2629 591 2693 σάκιος,
626 2622 709 2691 οἷς
745 2626 1212 2697 συνελαμϐάνοντο
1228 2629 1528 2700 Γερμήνιός
1552 2647 1614 2682 τε
1649 2631 1744 2682 καὶ
1763 2630 1963 2694 Abit-Ev-

378 2738 511 2784 τιος,
547 2721 642 2773 καὶ
667 2720 826 2784 Γάϊος
847 2721 941 2773 καὶ
970 2720 1295 2791 Δημόφιλος,
1316 2722 1415 2785 τὰς
1447 2716 1544 2792 μέν
1567 2722 1668 2792 ἤδη
1700 2722 1961 2793 πρότερον

381 2814 511 2884 περὶ
544 2813 779 2875 πίστεως
796 2813 1093 2884 γενομένας
1119 2813 1338 2885 γραφὰς
1360 2815 1549 2885 ἀργεῖν
1569 2815 1752 2884 ἠξίουν
1774 2832 1789 2847 ο
1825 2832 1961 2885 κρα-

379 2908 491 2958 τεῖν
512 2904 569 2957 δὲ
602 2904 672 2975 ’ἢν
700 2907 762 2957 ού
805 2903 913 2977 πρὸ
957 2904 1155 2958 πολλοῦ
1203 2906 1261 2959 ἐν
1299 2906 1509 2977 Σιρμίῳ
1552 2907 1847 2971 συνέταξαν
1873 2907 1962 2960 διὰ

379 2999 477 3070 τῆς
518 3000 806 3069 Ῥωμαίων
862 3002 1070 3071 φωνῆς,
1126 3000 1310 3070 ὅμοιον
1358 3002 1455 3070 μὲν
1508 2997 1646 3055 εἶναι
1675 3003 1752 3073 τῷ
1788 3004 1960 3074 Πατρὶ

379 3089 471 3143 τὸν
496 3090 623 3143 Υἰὸν
652 3089 795 3142 κατὰ
828 3090 924 3152 τὰς
960 3082 1181 3160 Γραφὰς
1234 3091 1658 3161 εἰσηγουμένην·
1691 3093 1875 3156 οὐσίας
1903 3094 1959 3147 δὲ

380 3181 657 3244 παντελῶς
708 3181 801 3233 ἐπὶ
857 3179 993 3233 Θεοῦ
1029 3180 1103 3251 μὴ
1151 3181 1422 3235 ποιεῖσθαι
1452 3184 1693 3255 μνήμην.
1734 3184 1959 3252 Ἔλεγον

1374 494 1691 557 ιιιενιοιιιΑ
1726 478 2291 557 ECCLESIASTICA.
2325 535 2393 543 —
2419 500 2547 562 LIB.
2578 506 2667 564 1v.

1994 619 2043 675 Δ

3518 506 3654 572 “62

2684 613 2836 676 CAP.
2876 610 3040 677 XVII.

2160 708 2239 764 De
2266 711 2349 765 his
2378 728 2497 782 que
2523 723 2672 784 gesta
2701 724 2827 769 sunt
2860 716 2915 769 in
2955 716 3180 772 concilio
3211 718 3560 778 Ariminensi.

2136 798 2443 871 Imperator
2480 804 2668 874 itaque
2702 820 3028 875 persuasum
3068 806 3301 872 habens,
3332 824 3435 866 nec
3466 814 3654 885 reipu-

2066 890 2226 946 blicae
2283 904 2508 965 propter
2554 905 2845 966 sumptus,
2895 912 2995 952 nec
3053 899 3333 970 episcopis
3388 902 3544 974 ipsis,
3578 905 3652 961 ob

2065 981 2282 1040 itineris
2317 985 2800 1057 longinquitatem,
2858 990 3170 1046 conducere
3205 1000 3266 1047 ut
3301 993 3357 1048 in
3395 996 3651 1051 eumdem

2065 1076 2250 1129 locum
2292 1091 2489 1133 omnes
2520 1079 2920 1147 convenirent,
2959 1082 3232 1152 synodum
3274 1083 3533 1140 bifariam
3574 1087 3653 1141 di-

2066 1167 2233 1224 visit‘
2266 1187 2279 1223 :
2316 1170 2653 1242 scriptisque
2689 1171 2891 1228 litteris
2947 1174 3012 1228 ad
3051 1176 3344 1245 episcopos
3385 1180 3478 1248 qui
3531 1186 3647 1234 tum

2063 1258 2297 1315 Arimini
2352 1272 2407 1318 et
2452 1261 2721 1319 Seleuciae
2761 1272 2919 1319 erant
2963 1269 3304 1339 congregati,
3362 1269 3533 1340 jussit
3587 1280 3649 1327 ut

2064 1350 2304 1422 primum
2350 1353 2575 1424 quidem
2610 1359 3024 1414 controversias
3074 1358 3142 1414 de
3193 1360 3299 1416 ﬁde
3349 1377 3649 1435 compone-

2064 1452 2228 1514 rent;
2273 1446 2346 1501 ad
2392 1455 2703 1505 extremum
2741 1464 2875 1505 vero
2919 1451 2989 1506 de
3021 1452 3407 1524 episcoporum
3434 1457 3644 1524 causis,

2062 1535 2160 1609 qui
2204 1551 2265 1593 se
2314 1537 2520 1607 injuste
2559 1539 2865 1611 depositos,
2916 1551 3012 1596 aut
3062 1544 3115 1597 in
3144 1544 3401 1599 exsilium
3443 1547 3646 1604 missos

2062 1642 2187 1684 esse
2229 1637 2618 1698 quererentur,
2660 1640 3064 1702 cognoscerent
3104 1650 3211 1689 :ex
3260 1648 3496 1706 quorum
3538 1654 3645 1692 nu-

2063 1733 2216 1774 mero
2246 1718 2489 1791 Cyrillus
2526 1728 2645 1775 erat
2674 1720 3185 1794 Hierosolymorum
3220 1727 3551 1797 episcopus;
3590 1738 3646 1784 et

2062 1810 2131 1865 de
2163 1811 2494 1867 criminibus
2533 1828 2655 1883 quae
2689 1814 3025 1883 quibusdam
3076 1818 3355 1888 episcopis
3397 1819 3646 1876 intende-

2062 1902 2282 1969 bantur,
2312 1905 2640 1958 sententiam
2678 1903 2905 1960 ferrent.
2943 1905 3155 1960 Etenim
3183 1910 3276 1962 alii
3312 1909 3449 1965 alios
3485 1926 3644 1967 accu-

2064 1993 2285 2056 sabant,
2329 1992 2485 2063 155
2516 1993 2759 2065 Egyptii
2790 2009 2921 2050 vero
2943 1996 3168 2066 rapinas
3185 2007 3239 2051 ct
3272 2001 3643 2059 contumelias

2063 2084 2403 2154 objiciebaut
2448 2083 2705 2154 Georgio.
2756 2084 3005 2156 Denique
3046 2098 3126 2152 ut,
3166 2091 3440 2147 universis
3476 2093 3642 2150 rebus

2062 2176 2404 2247 dijudicatis,
2442 2176 2630 2231 decem
2679 2192 2745 2232 ex
2782 2184 3014 2247 utraque
3070 2180 3284 2250 synodo
3314 2183 3382 2235 ad
3417 2186 3643 2239 comita-

2062 2279 2176 2324 tum
2210 2270 2485 2333 venirent,
2521 2270 2826 2324 nuntiaturi
2864 2286 2984 2340 qua:
3021 2282 3173 2340 gesta
3202 2282 3406 2329 essent.
3434 2273 3643 2332 Secun-

2060 2359 2189 2413 dum
2220 2357 2336 2413 hac
2362 2357 2715 2427 imperatoris
2750 2357 3030 2419 mandata,
3064 2358 3265 2429 singuli
3296 2375 3361 2415 eo
3398 2361 3505 2416 loci
3531 2376 3642 2433 quo

2056 2449 2202 2519 jussi
2243 2448 2485 2513 fuerant,
2526 2463 2855 2503 convenere.
2892 2446 3159 2519 Priorque
3191 2461 3523 2523 congregata
3557 2462 3643 2508 est

2060 2539 2293 2595 Arimini
2342 2538 2612 2610 synodus,
2650 2538 2705 2591 in
2740 2553 2849 2608 qua
2882 2538 3273 2609 quadringenti
3320 2547 3375 2594 et
3404 2541 3640 2611 amplius

2058 2632 2431 2686 consederunt
2473 2629 2742 2700 episcOpi.
2788 2629 2869 2683 Ac
2936 2628 3005 2685 de
3053 2630 3357 2686 Athanasio
3418 2632 3639 2702 quidem

2062 2722 2199 2776 nihil
2236 2722 2382 2776 ultra
2413 2721 2684 2791 agendum
2723 2736 2849 2776 esse
2876 2720 3261 2789 decreverunt,
3289 2723 3383 2793 qui
3421 2723 3640 2779 infenso

2060 2813 2117 2868 in
2170 2812 2326 2866 illum
2388 2812 2574 2865 animo
2623 2818 2802 2865 erant.
2856 2809 2994 2865 Cum
3075 2819 3259 2866 autem
3306 2814 3477 2883 quaeri
3525 2828 3638 2868 cce-

2060 2916 2215 2978 ptum
2265 2912 2411 2960 esset
2444 2905 2509 2959 de
2541 2903 2665 2969 llde,
2715 2902 3049 2973 prodeuntes
3073 2903 3128 2958 in
3160 2904 3403 2959 medium
3436 2904 3639 2961 Valens

2059 3007 2113 3053 et
2144 2996 2429 3062 Ursacius,
2457 2994 2850 3066 adjuvantibus
2878 3010 2975 3051 eos
3000 2993 3307 3061 Germinio,
3337 2996 3635 3061 Auxentio,

2059 3090 2192 3147 Caio
2240 3098 2406 3160 atque
2471 3087 2829 3158 Demophilo,
2890 3088 3245 3158 postularunt
3291 3096 3350 3143 ut
3408 3091 3635 3159 reliqua:

2060 3196 2256 3236 omnes
2301 3179 2426 3234 ﬁdei
2487 3176 2736 3232 formulae
2770 3188 2893 3247 qua
2939 3187 3101 3232 antea
3140 3178 3363 3249 scripta:
3420 3191 3631 3245 essent,

378 3272 437 3326 δέ
467 3271 672 3344 ταύτην
704 3274 797 3327 καὶ
824 3272 1049 3343 βασιλέα
1071 3272 1355 3327 ἐπαινέσαι
1379 3290 1393 3304 ο
1426 3274 1622 3345 χρῆναι
1648 3274 1705 3328 δέ
1737 3274 1831 3330 καὶ
1858 3275 1957 3345 τὴν
1982 3291 2028 3352 α
2062 3272 2136 3326 ab

1873 3275 1957 3345 τὴν
1982 3291 2028 3352 α
2062 3272 2496 3341 abrogarentur;
2530 3283 2595 3324 ea
2630 3282 2762 3323 vero
2808 3267 2926 3322 sola
2960 3275 3081 3322 rata
3114 3277 3286 3333 esset,
3334 3285 3497 3341 quam
3529 3273 3631 3343 ipsi

380 3362 594 3417 σύνοδον
658 3363 969 3432 ἀναγκαίως
1022 3364 1363 3436 προσίεσθαι,
1420 3365 1589 3437 μηδὲν
1631 3365 1724 3419 τοῦ
1769 3365 1957 3420 λοιποῦ

380 3455 940 3527 πολυπραγμονοῦσαν
974 3457 1075 3526 τῆς
1130 3458 1362 3511 ἑκάστου
1389 3458 1620 3522 ἐννοίας,
1652 3458 1741 3512 ἵνα
1782 3457 1856 3530 μὴ
1883 3458 1960 3512 δι-

379 3546 584 3618 χόνοιαι
617 3548 712 3601 καὶ
752 3548 970 3612 στάσεις
1011 3549 1291 3619 γίνωνται,
1329 3548 1563 3615 διαλέξει
1608 3550 1705 3603 καὶ
1738 3549 1960 3620 ἀκριϐεῖ

382 3640 599 3712 βασάνῳ
640 3641 1078 3713 παραδιδομένων
1104 3642 1211 3696 τῶν
1237 3642 1536 3713 ὀνομάτων.
1573 3643 1829 3715 ’Ἄμεινον
1848 3642 1958 3715 γὰρ

379 3725 539 3795 εἶναι,
580 3732 952 3804 ἀμαθέστερον
988 3732 1421 3804 διαλεγομένους,
1461 3733 1637 3805 ὀρθῶς
1666 3735 1796 3808 περὶ
1822 3735 1957 3790 Θεοῦ

378 3822 643 3890 δοξάζειν,
674 3822 708 3894 ἢ
739 3824 1062 3894 καινότητας
1100 3825 1381 3895 ὀνομάτων
1421 3817 1756 3897 ἐπεισάγειν,
1789 3829 1960 3883 διαλε-

379 3915 879 3987 κτικῆςτερθρείας
897 3921 1197 3985 συγγενεῖς.
1231 3918 1610 3991 ’Υπῃνίττοντο
1645 3920 1734 3985 δέ,¹
1759 3922 1956 3992 μᾶλλον

379 4008 475 4061 καὶ
503 4006 751 4079 φανερῶς
773 4010 852 4081 (3)
896 4008 1173 4064 διέϐαλλον
1213 4011 1274 4064 τὸ
1317 4012 1602 4083 ὁμοούσιον
1652 4014 1842 4085 ὄνομα,
1882 4014 1957 4078 ὡς

378 4100 654 4169 ἄγνωστον
675 4103 795 4164 ταῖς
823 4103 995 4172 ίεραῖς
1021 4104 1287 4175 Γραφαῖς,
1324 4103 1419 4157 καὶ
1447 4106 1558 4168 τοῖς
1581 4105 1794 4170 πολλοῖς
1826 4108 1957 4159 ἀσα-

379 4190 499 4261 φές.
545 4192 689 4245 Ἀντὶ
712 4192 769 4245 δέ
805 4193 1015 4259 τούτου,
1047 4195 1231 4265 ὅμοιον
1267 4195 1409 4249 κατὰ
1440 4196 1618 4250 πάντα
1652 4195 1731 4265 τῷ
1765 4198 1958 4269 γεννή-

382 4297 537 4337 σαντι
556 4282 733 4352 λέγειν
759 4283 851 4337 τὸν
879 4285 1006 4339 Υίὸν
1048 4286 1190 4339 κατὰ
1220 4286 1320 4350 τὰς
1347 4285 1494 4350 θείας
1523 4286 1763 4358 Γραφάς.
1805 4288 1957 4340 Ἐπεὶ

377 4376 436 4429 δὲ
475 4376 649 4430 ταῦτα
675 4377 1034 4448 περιέχουσαν
1072 4378 1167 4432 καὶ
1199 4378 1296 4450 τὴν
1330 4379 1792 4451 προκομισθεῖσαν
1823 4382 1954 4452 παρ’

378 4466 557 4520 αὐτῶν
577 4470 795 4539 γραφὴν
822 4470 899 4538 (4)
930 4469 1264 4537 ἀνέγνωσαν,
1305 4472 1355 4524 οί
1408 4473 1506 4541 μὲν
1536 4472 1756 4537 πλείους
1786 4474 1953 4546 μηδὲν

376 4560 588 4613 δεῖσθαι
617 4557 887 4629 νεωτέρας
930 4560 1164 4625 πίστεως
1211 4560 1578 4634 ἰσχυρίζοντο·
1621 4566 1950 4639 άλλ“άρκεῖ-

2060 3380 2170 3420 non
2204 3364 2278 3418 ita
2306 3361 2517 3417 dudum
2557 3360 2747 3415 Sirmii
2778 3358 2977 3415 Latino
3008 3376 3267 3418 sermone
3294 3365 3636 3433 conscripse-

2058 3465 2204 3521 rant,
2239 3470 2362 3526 quae
2398 3454 2634 3510 similem
2654 3452 2876 3523 quidem
2910 3450 3061 3507 Patri
3098 3451 3301 3509 Filium
3328 3471 3453 3511 esse
3474 3455 3630 3526 juxta

2060 3548 2378 3620 Scripturas
2418 3545 2688 3613 docebat;
2729 3544 3057 3600 substantiae
3087 3559 3219 3599 vero
3257 3545 3311 3599 in
3355 3544 3467 3600 Deo
3503 3547 3631 3601 nul-

2058 3638 2166 3692 lam
2217 3637 2443 3691 omnino
2474 3635 2807 3690 mentionem
2852 3649 2977 3691 esse
3024 3634 3354 3690 faciendam.
3398 3636 3634 3693 Aiebant

2059 3744 2245 3801 porro,
2278 3730 2460 3800 ipsum
2490 3741 2712 3800 quoque
2747 3725 3136 3796 imperatorem
3172 3740 3294 3781 eam
3335 3724 3627 3783 formulam

2058 3820 2431 3890 approbasse;
2482 3830 2716 3889 eamque
2755 3832 2787 3871 a
2826 3816 3065 3871 concilio
3099 3816 3267 3871 etiam
3313 3820 3629 3875 necessario

2056 3912 2264 3981 suscipi
2296 3918 2571 3980 oportere,
2617 3923 2722 3964 nec
2754 3909 2810 3963 in
2843 3917 3123 3979 posterum
3166 3909 3446 3965 curiosius
3476 3925 3633 3965 scru-

2057 4004 2284 4059 tandum
2328 4018 2453 4058 esse
2510 4002 2643 4073 quid
2680 4002 2917 4072 quisque
2950 4001 3201 4067 sentiret,
3249 4016 3320 4056 ne
3347 4002 3631 4058 vocabulis

2057 4098 2112 4152 in
2152 4098 2582 4167 disputationem
2610 4103 2667 4151 et
2705 4104 3028 4149 accuratum
3072 4108 3302 4148 examen
3336 4095 3629 4160 revocatis,

2055 4190 2288 4246 discidia
2337 4204 2402 4244 ac
2449 4187 2750 4243 seditiones
2798 4193 3184 4241 nascerentur.
3248 4185 3434 4242 Satius
3481 4187 3629 4242 enim

2055 4297 2180 4337 esse
2227 4288 2305 4347 ut,
2354 4279 2663 4350 imperitius
2698 4276 3045 4342 disserendo,
3083 4286 3229 4331 recte
3258 4276 3326 4332 de
3347 4276 3461 4331 Deo
3504 4292 3632 4332 seu-

2054 4374 2281 4439 tiamus,
2298 4386 2462 4442 quam
2494 4378 2555 4424 ut
2585 4370 2856 4424 novitates
2880 4370 3165 4423 nomimtm
3192 4367 3627 4436 introducamus,

2054 4463 2243 4518 aliines
2299 4461 2714 4516 dialecticorum
2764 4458 3016 4529 argutiis.
3066 4455 3371 4513 lnnuebant
3421 4466 3625 4525 autem,

2050 4555 2163 4609 imo
2205 4568 2335 4609 vero
2380 4560 2567 4621 aperte
2604 4549 3074 4620 reprehendebant
3122 4548 3447 4604 vocabulum
3497 4563 3630 4604 con-

378 4652 501 4707 σθαι
530 4655 643 4717 τοῖς
667 4653 766 4725 ἤδη
800 4654 983 4721 δόξασι
1032 4656 1141 4727 πρὸ
1196 4656 1395 4711 αὐτῶν.
1428 4655 1851 4728 Συνεληλυθέναι
1892 4660 1948 4713 δὲ
2052 4650 2136 4706 ειη

1892 4660 1948 4713 δὲ
1978 4649 2027 4709 υ
2052 4647 2457 4709 substantialis,
2500 4657 2759 4715 tanquam
2793 4644 3041 4714 ignotum
3079 4642 3254 4697 sacris
3298 4640 3623 4711 Scripturis,

376 4742 492 4803 νῦν,
522 4743 607 4796 ἵνα
626 4742 730 4795 εἴτι
758 4746 1129 4813 καινοτομοῖτο
1158 4746 1298 4798 κατὰ
1333 4745 1556 4813 τούτων,
1597 4748 1911 4803 κωλύσωσιν
1933 4764 1951 4781 ο

374 4837 424 4888 εί
462 4835 519 4888 δέ
547 4835 711 4906 μηδὲν
740 4834 890 4908 παρὰ
906 4836 1080 4889 ταῦτα
1095 4836 1410 4908 καινοτομεϊ
1434 4837 1504 4892 τά
1537 4840 1949 4910 ἀνεγνωσμένα,

372 4926 552 4994 λέγειν
587 4924 813 4997 ἐζήτουν
839 4927 967 4990 τοὺς
1000 4928 1300 4999 εἰσηγητὰς
1337 4928 1544 5001 ταύτης
1570 4930 1669 5001 τῆς
1710 4932 1950 5003 γραφῆς,

372 5019 467 5070 καὶ
499 5018 746 5089 φανερῶς
773 5016 1175 5087 ἀποκηρύττειν
1198 5019 1260 5072 τὸ
1308 5019 1519 5090 ’Δρείου
1542 5020 1738 5091 δόγμα,
1764 5015 1841 5085 ὡς
1863 5023 1952 5076 θο-

373 5108 539 5179 ρύϐου
582 5110 755 5163 αίτιον
797 5108 968 5162 εἰσέτι
1012 5108 1109 5162 νῦν
1151 5110 1211 5174 ἐξ
1260 5110 1470 5165 ἐκείνου
1510 5114 1799 5182 γενόμενον
1825 5116 1948 5178 ταῖς

372 5200 651 5270 πανταχοῦ
690 5199 1027 5271 ἐκκλησίαις.
1068 5201 1485 5272 Ἀποφυγόντων
1511 5203 1570 5257 δὲ
1598 5204 1695 5275 τήν
1736 5204 1942 5276 πρότα-

501 5374 679 5441 Socr.,
717 5376 811 5433 lib.
847 5393 907 5443 ιι,
929 5392 978 5432 c.
1006 5376 1097 5433 57.

2051 4749 2107 4797 et
2159 4741 2435 4811 plerisque
2484 4739 2805 4792 obscurum.
2850 4734 3025 4804 Hujus
3067 4742 3248 4788 autem
3296 4734 3438 4799 loco,
3480 4734 3628 4789 simi-

2053 4838 2158 4891 lem
2199 4850 2295 4905 per
2330 4831 2515 4886 omnia
2536 4828 2688 4883 Patri
2717 4828 2873 4898 juxta
2915 4826 3129 4882 divinas
3167 4825 3483 4896 Scripturas
3516 4825 3622 4880 dici

2053 4926 2254 4982 Filiqu
2298 4924 2588 4979 volebant.
2634 4916 2735 4974 Ubi
2790 4933 2921 4973 vero
2965 4917 3256 4971 formulam
3304 4916 3429 4971 fidei
3461 4932 3624 4986 quam

2052 5018 2157 5088 ipsi
2204 5023 2365 5071 antea
2408 5008 2969 5074 secumhattuleraut,
3022 5011 3126 5065 ista
3175 5007 3623 5077 complectentem

2052 5111 2376 5170 recitarunt,
2428 5106 2743 5175 complures
2811 5102 3030 5173 quidem
3090 5099 3431 5154 aﬂirmabant
3489 5100 3623 5153 nihil

2052 5217 2191 5273 opus
2224 5215 2347 5257 esse
2372 5212 2515 5254 nova
2554 5197 2676 5252 ﬁdei
2709 5194 2964 5257 formula,
3006 5192 3102 5248 sed
3140 5189 3387 5247 suﬂicere
3424 5192 3527 5248 sibi
3559 5207 3622 5244 ea

1576 5528 1843 5584 VALESII
1879 5520 2425 5585 ANNOTATIONES.

444 5655 524 5726 fi)
574 5642 1095 5726 ἰῑῖπισιε·πιρι,ιιένοις⁸
1119 5644 1187 5703 δὲ
1219 5648 1401 5726 εξᾲἱσιζ
1428 5645 1623 5726 Scribe
1658 5644 1953 5726 disjunctis

375 5720 687 5785 voeabulis,
732 5722 825 5774 ἐπὶ
862 5716 1212 5791 κεκριμένοις
1235 5720 1293 5771 δὲ
1316 5720 1479 5791 πᾶσιο
1526 5716 1730 5787 alioqui
1764 5716 1952 5769 dicen-

368 5797 500 5851 dum
537 5802 683 5847 esset
709 5790 1146 5864 ὲπικεκριμένων
1172 5791 1230 5842 δὲ
1254 5790 1491 5864 πάντων.
1580 5856 1590 5864 _
1861 5854 1883 5864 _

443 5865 519 5933 (5)
584 5856 1012 5933 Ὺπῃνίτζοντοᾼ
1064 5860 1133 5913 δὲ
1194 5858 1448 5933 μᾷλλον·⁸
1499 5856 1597 5908 καὶ
1658 5856 1949 5933 φανερῶς.

374 5928 573 5991 Scriba
601 5933 797 6006 μᾶλλον
836 5931 891 5983 δὲ
932 5931 1026 5985 καὶ
1050 5930 1319 6001 φανερῶς,
1354 5937 1413 5981 ut
1437 5928 1685 5999 legerunt
1711 5928 1932 5995 interpr.

692 6026 959 6084 pATltOL.
1008 6026 1124 6085 Gn.
1179 6021 1422 6083 LXVII.

2113 5645 2191 5715 (4)
2223 5644 2636 5713 Περιέχουσαν
2665 5645 2763 5697 καὶ
2789 5644 2903 5712 τὴν
2938 5637 3453 5713 προκομισθεῒσαν
3473 5651 3615 5715 παρ’

2042 5714 2243 5770 αὐτῶν
2269 5716 2523 5784 γραφήν.
2564 5715 2796 5786 llelenda
2831 5716 3047 5769 videtur
3080 5718 3345 5786 particula
3380 5718 3494 5779 καί,
3523 5714 3619 5772 aut

2044 5797 2190 5840 certe
2225 5784 2636 5853 transponenda
2692 5786 2745 5837 in
2786 5786 2933 5840 hunc
2971 5784 3190 5842 modum
3225 5806 3238 5841 :
3284 5787 3404 5840 ἐπεὶ
3431 5787 3488 5841 δὲ
3520 5787 3618 5841 καὶ

2043 5855 2214 5910 ταῦτα
2242 5872 2601 5927 περιεχουσαν
2631 5857 2749 5925 τήν,
2778 5867 2884 5909 etc.

3310 6016 3378 6079 37
