4452 6584
834 470 973 526 “65

2302 422 2673 519 soZOMENt

3942 466 4090 527 1164

832 603 954 657 quae
995 602 1025 640 a
1078 584 1379 656 majoribus
1412 582 1632 640 decreta
1679 591 1866 641 essent
1896 602 1908 637 :
1940 598 2000 638 se
2035 597 2164 638 vero
2202 581 2417 637 idcirco
2443 582 2493 645 Α
2528 580 2590 628 σιι

2330 594 2417 636 co
2443 582 2493 645 Α
2528 580 2604 628 σιν
2662 583 2958 655 Ούρσακίου
3010 585 3100 639 καὶ⁵
3151 584 3467 648 Οὐάλεντος,
3514 584 3813 655 Γερμηνίου
3868 602 3927 637 τε
3990 587 4088 638 καὶ

836 675 1163 731 convenisse
1211 682 1296 738 ut,
1353 673 1403 731 si
1454 674 1597 744 .quid
1654 673 1921 730 adversus
1971 688 2036 729 ea
2090 680 2403 737 novaretur,

835 767 1197 821 obsisterent.
1235 762 1677 835 Quarebantque
1718 780 1783 820 ex
1835 764 1985 819 illius
2031 761 2280 817 formula!
2316 777 2407 816 au-

836 857 1102 921 ctoribus,
1140 863 1200 911 ut
1246 855 1496 911 dicerent
1556 863 1743 911 utrum
1788 870 1851 911 ea
1910 870 2032 927 qua:
2077 856 2216 912 lecta
2248 861 2407 909 erant

838 948 974 1002 nihil
1021 947 1285 1003 adversus
1319 946 1410 1001 illa
1453 946 1726 1017 majorum
1769 946 1987 1002 decreta
2034 946 2403 1001 innovarent:

839 1045 1006 1107 utque
1042 1034 1356 1106 opinionem
1413 1034 1527 1088 Arii
1564 1034 1742 1104 palam
1774 1033 2122 1100 damnarent,
2170 1048 2292 1105 qua:
2337 1034 2406 1089 ab

839 1129 930 1183 illa
968 1134 1130 1182 atate
1170 1125 1239 1181 ad
1280 1124 1336 1179 id
1372 1139 1543 1196 usque
1589 1126 1877 1197 temporis.
1907 1126 2162 1182 omnibus
2205 1124 2407 1196 ubique

839 1216 1103 1273 Ecclesiis
1153 1215 1421 1272 tumultus
1462 1229 1628 1271 causa
1679 1216 2009 1272 exstitisset.
2070 1214 2209 1272 Cum
2260 1217 2407 1273 banc

837 1308 1213 1364 conditionem
1244 1314 1595 1362 recusassent
1624 1303 1891 1361 Ursacius
1920 1315 1975 1363 et
2007 1305 2232 1371 Valens,
2267 1307 2406 1365 Ger-

838 1400 1040 1455 Ininius
1076 1399 1205 1454 item
1231 1405 1286 1453 et
1312 1396 1641 1461 Auxentius,
1666 1410 1787 1451 cum
1823 1395 2146 1468 Demophilo
2165 1405 2220 1454 et
2247 1397 2403 1464 Caio,

838 1494 1081 1564 synodus
1128 1500 1243 1546 tum
1298 1489 1527 1544 aliarum
1569 1496 1867 1553 sectarum,
1919 1496 2038 1544 tum
2082 1505 2272 1546 eorum
2309 1489 2404 1560 qui

838 1584 1031 1640 Nicaeae
1076 1583 1133 1637 in
1179 1596 1350 1636 unum
1395 1590 1787 1645 convenerant,
1840 1581 2242 1651 expositionem
2280 1579 2403 1636 ﬁdei

840 1675 1063 1732 recitari
1091 1673 1294 1744 jussit,
1340 1679 1401 1727 ut
1438 1671 1673 1727 haereses
1712 1671 1928 1741 quidem
1972 1670 2403 1728 condemnaren-

836 1777 925 1822 tur
949 1806 964 1832 ,
996 1780 1060 1821 ea
1089 1778 1220 1819 vero
1246 1777 1367 1834 quae
1406 1760 1601 1816 Nicaeae
1630 1760 1849 1817 decreta
1892 1770 2074 1828 erant,
2109 1762 2402 1817 conﬁrma-

838 1866 1055 1923 rentur;
1108 1869 1208 1910 nec
1249 1854 1305 1908 in
1332 1860 1615 1923 posterum
1645 1853 1788 1907 ullus
1814 1853 2003 1909 eadem
2038 1855 2404 1925 reprehende-

2514 662 2826 739 Αὐξεντίου,
2865 674 2959 727 καὶ
2999 672 3325 743 Δημοφίλου,
3371 672 3467 726 καὶ
3515 673 3699 735 Γαΐου,
3742 672 4087 743 ἐκέλευσενὴ

2515 762 2733 829 σύνοδος
2769 764 3178 835 ἀναγνωσθῆναι
3214 764 3316 835 τὴν
3345 762 3560 816 ἔκθεσιν
3590 762 3700 815 τῶν
3723 762 3898 817 ἄλλων
3924 762 4087 833 αἰρέ-

2513 873 2674 922 σεων,
2703 854 2798 910 καὶ
2832 856 2941 909 τῶν
2978 856 3037 910 ἐν
3073 856 3138 927 τῇ
3178 854 3383 926 Νικαίᾳ
3418 852 3879 925 συνεληλυθότων-
3936 853 4083 908 ὥστε

2511 946 2608 1011 τὰς
2646 946 2743 1016 μέν
2759 945 2925 1011 ἄλλας
2962 945 3306 1018 ἀποκηρῦξαι
3351 946 3612 1017 αἱρέσεις,
3644 946 4085 1017 ἐπίψηφίσασθαι

2512 1038 2570 1092 δέ
2602 1040 2716 1103 τοῖς
2747 1039 2807 1092 ἐν
2849 1039 3055 1109 Νικαίᾳ
3087 1037 3445 1109 δεδογμένοις,
3477 1037 3571 1092 καὶ
3612 1037 3737 1109 περὶ
3761 1038 3869 1091 τῶν
3899 1038 4087 1092 αὐτῶν

2510 1126 2606 1183 τοῦ
2660 1128 2848 1184 λοιποῦ
2899 1129 3103 1201 μηδένα
3152 1129 3403 1198 ἐγκαλεῖν
3444 1130 3479 1201 ἢ
3513 1128 3724 1183 σύνοδον
3745 1131 3935 1194 αἰτεῖν,
3962 1130 4086 1183 ἀλλ’

2511 1221 2796 1294 ἀρκεῖσθαι
2830 1223 2943 1285 τοῖς
2985 1221 3245 1292 φθάσασι.
3278 1222 3514 1277 Ἄτοπον
3553 1221 3663 1294 γάρ
3696 1216 3856 1283 εἶναι,
3889 1220 3965 1287 ὡς
3987 1222 4087 1275 νῦν

2511 1313 2843 1386 ἀρχομένους
2863 1312 3159 1379 πιστεύειν,
3209 1313 3433 1369 τοιαῦτα
3470 1316 3825 1385 συγγράφειν,
3855 1315 3950 1369 καὶ
3986 1315 4086 1369 τοῦ

2517 1404 2879 1477 προλαϐόντος
2898 1404 3091 1478 χρόνου
3129 1406 3228 1477 τὴν
3253 1406 3551 1477 παράδοσιν
3583 1406 3911 1471 διαϐάλλειν,
4001 1422 4089 1459 κε-

2509 1496 2773 1567 χρημένοι
2796 1496 2949 1551 αὐτοί
2993 1510 3052 1550 τε
3078 1496 3169 1550 καὶ
3198 1496 3247 1550 oi
3268 1496 3374 1568 πρὸ
3400 1496 3603 1560 αὐτῶν,
3622 1496 3720 1561 τάς
3758 1497 4088 1567 Ἐκκλησίας

2509 1586 2935 1660 ἐπετρόπευσαν,
2954 1579 3028 1642 ὧν
3046 1590 3093 1643 οἱ
3118 1588 3330 1651 πλείους
3358 1590 3415 1641 ἐν
3442 1589 3748 1659 ὁμολογίαις
3765 1593 3858 1644 καὶ
3876 1608 4087 1661 μαρτυ-

2509 1675 2643 1746 ρίοις
2656 1676 2745 1730 τὸν
2761 1676 2875 1747 βίον
2904 1674 3259 1748 μετήλλαξαν.
3280 1675 3389 1731 Καὶ
3410 1677 3462 1728 οί
3488 1676 3588 1747 μέν
3604 1678 3729 1732 τάδε
3752 1680 4089 1749 προῖσχόμε-

2509 1785 2608 1831 νοι,
2636 1768 2784 1821 οὐδὲν
2813 1766 2993 1837 ἠξίουν
3022 1765 3381 1839 νεωτερίζειν.
3402 1764 3491 1838 Μὴ
3512 1766 3862 1838 πειθομένους
3880 1768 3937 1821 δὲ
3955 1771 4089 1831 τούς

2509 1857 2651 1928 ἀμφὶ
2694 1855 2968 1910 Οὐάλεντα
3019 1856 3117 1910 καὶ
3163 1857 3490 1927 Οὐρσάκιον,
3537 1855 3652 1909 ἀλλ’
3701 1857 4088 1927 ἐνισταμένους

837 1958 941 2013 ret,
979 1957 1073 2002 aut
1123 1946 1391 2017 synodum
1426 1944 1754 2013 postularet,
1800 1945 1896 2001 sed
1930 1945 2223 2015 praeteritis
2269 1960 2402 1999 con-
2437 1969 2481 2025 Β
2506 1965 2595 2020 κρι

2327 1961 2402 1999 In-
2437 1969 2481 2025 B
2506 1951 2728 2020 κρατεῖν
2758 1948 2825 2019 ἢν
2844 1949 3166 2019 προΐσχοντο
3188 1948 3393 2011 πίστιν,
3425 1947 3695 2013 καθεῖλον,
3722 1949 3925 2019 ἄκυρον
3942 1945 4085 2001 εἶναι

836 2048 1022 2097 tentus
1047 2046 1214 2095 esset.
1250 2035 1563 2091 Absurdum
1595 2037 1740 2091 enim
1768 2052 1912 2103 esse,
1948 2044 2029 2101 ut,
2067 2037 2229 2108 quasi
2260 2052 2408 2092 nunc

837 2133 1068 2201 primum
1130 2129 1359 2185 credere
1416 2128 1776 2199 incipientes,
1843 2128 1973 2182 talia
2018 2129 2406 2194 conscribant;

835 2220 1138 2293 superioris
1161 2234 1289 2275 vero
1316 2220 1578 2289 temporis
1600 2220 1945 2275 traditionem
1969 2220 2405 2292 reprehendant:

834 2330 941 2385 qua
976 2314 1083 2379 usi,
1121 2322 1231 2367 tam
1276 2313 1383 2383 ipsi
1446 2327 1609 2383 quam
1644 2311 1879 2382 majores
1918 2312 2185 2383 ipsorum,
2216 2310 2409 2368 Eccle-

837 2406 950 2459 sias
982 2403 1471 2458 administrassent
1506 2420 1519 2457 :
1551 2416 1785 2472 quorum
1816 2401 2062 2472 plerique
2105 2400 2159 2455 in
2198 2399 2411 2457 confes-

836 2496 991 2550 sione
1021 2508 1085 2547 ac
1120 2494 1388 2563 martyrio
1414 2504 1718 2549 extremum
1748 2492 1894 2547 diem
1922 2493 2189 2547 obierant.
2220 2491 2286 2547 Et
2319 2493 2406 2549 isti

834 2584 1051 2655 quidem
1084 2585 1196 2639 haec
1230 2586 1284 2639 in
1319 2586 1556 2641 medium
1590 2585 1749 2656 156
1777 2584 2146 2656 proferentes,
2182 2597 2407 2642 conten-

833 2677 1035 2731 debant
1061 2692 1129 2731 ne
1155 2676 1287 2747 quid
1324 2686 1642 2733 novaretur.
1679 2675 1961 2733 Valentem
1995 2692 2126 2732 vero
2160 2684 2214 2732 et
2242 2676 2409 2732 Ursa-

833 2769 979 2823 cium
1012 2784 1120 2823 non
1153 2768 1566 2838 acquiescentes
1599 2768 1708 2830 his.
1742 2769 1839 2825 sed
1871 2768 2145 2825 instantes
2178 2778 2238 2825 ut
2271 2770 2406 2825 ﬁdes

835 2864 903 2916 ab
958 2864 1091 2933 ipsis
1144 2864 1425 2933 proposita
1479 2864 1837 2933 praevaleret,
1881 2864 2297 2936 deposuerunt;
2352 2874 2408 2920 et

834 2956 1123 3010 Iormulam
1171 2955 1297 3010 ﬁdei
1340 2956 1410 3011 ab
1445 2956 1639 3011 iisdem
1682 2956 1993 3021 recitatam,
2042 2956 2250 3012 irritam
2282 2972 2408 3014 esse

835 3055 1157 3101 sanxerunt.
1190 3044 1326 3101 Nam
1357 3054 1411 3102 et
1436 3046 1569 3102 illud
1598 3048 1897 3103 absurdum
1922 3064 2044 3106 esse
2068 3050 2203 3122 ipsis
2228 3051 2405 3107 visum

833 3141 938 3198 est,
967 3134 1112 3201 quod
1145 3133 1259 3188 haec
1292 3134 1369 3189 illi
1412 3134 1660 3190 formulae
1689 3136 1907 3207 praeﬁxa
1931 3146 2052 3193 erat
2080 3139 2401 3211 inscriptio:

835 3221 1089 3292 Exposita
1129 3235 1214 3280 est
1265 3224 1476 3291 Sirmii,
1518 3237 1783 3296 prasente
1830 3228 2153 3285 Constantio
2196 3239 2404 3287 aeterno

2507 2040 2874 2112 ψηφισάμενοι
2912 2040 2977 2110 ἢν
2996 2039 3309 2107 ἀνέγνωσαν
3345 2037 3581 2110 γραφήν.
3614 2040 3725 2093 Καὶ
3760 2039 3869 2111 γὰρ
3893 2038 3957 2111 δὴ
3989 2041 4089 2093 καὶ

2507 2131 2706 2186 ἄτοπον
2735 2131 2919 2194 αὐτοῖς
2966 2128 3144 2194 ἔδοξεν
3183 2123 3345 2193 εἶναι,
3395 2129 3811 2201 προγεγράφθαι
3854 2131 4084 2200 ταύτης,

2506 2223 2581 2287 ὡς
2636 2224 2695 2277 ἐν
2751 2221 2962 2293 Σιρμίῳ
3011 2221 3230 2292 ἐξετέθη
3269 2222 3536 2293 παρόντος
3569 2223 3948 2279 Κωνσταντίου
3981 2224 4082 2278 τοῦ

2509 2313 2728 2368 αἰωνίου
2796 2312 3133 2382 Αὐγούστου,
3198 2312 3607 2367 ’Υπατευόντων
3651 2315 3912 2369 Εὐσεϐίου
3985 2316 4087 2369 καὶ

2518 2405 2776 2460 ’Υπατίου
2795 2421 2811 2438 ο
2869 2404 3059 2475 ὥσπερ
3091 2404 3185 2459 καὶ
3229 2404 3544 2469 Ἀθανάσιος
3572 2406 3708 2477 πρὸς
3735 2409 3859 2471 τούς
3887 2409 4084 2479 ἐπιτη-

2507 2498 2683 2561 δείους
2738 2498 2764 2539 ll
2819 2498 3046 2569 γράφων
3081 2497 3157 2567 (5)
3205 2499 3357 2569 φησὶ,
3412 2499 3620 2567 γελοῖον
3677 2493 3816 2554 εἶναι
3854 2499 4086 2570 βασιλέα

2508 2587 2726 2643 αἰώνιον
2747 2586 2838 2641 τὸν
2871 2588 3251 2641 Κωνστάντιον
3283 2587 3567 2659 ὀνομάζειν
3591 2604 3603 2616 ·
3632 2588 3799 2641 ἀΐδιον
3818 2588 3875 2641 δὲ
3902 2589 4087 2657 λέγειν

2507 2679 2599 2734 τὸν
2633 2679 2763 2733 Υίδν
2811 2679 2907 2732 τοῦ
2957 2678 3092 2732 Θεοῦ
3125 2678 3548 2749 παραιτεῖσθαι·
3570 2680 3861 2750 καὶ“ρητδν
3887 2681 4086 2751 χρόνον

2508 2773 2830 2842 προτάττειν
2888 2768 2989 2841 τῆς
3046 2770 3263 2842 γραφῆς
3320 2770 3547 2842 ταύτης,
3594 2773 3686 2824 ἐπὶ
3719 2771 3939 2842 διαϐολῇ
3980 2772 4086 2839 τῆς

2508 2864 2744 2927 πίστεως
2788 2862 2897 2915 τῶν
2939 2861 3331 2933 παλαιοτέρων,
3359 2860 3454 2916 καὶ
3480 2862 3589 2917 τῶν
3631 2863 3739 2934 πρὸ
3766 2860 3957 2916 τούτου
3984 2861 4084 2915 τοῦ

2508 2953 2701 3025 χρόνου
2752 2952 3090 3025 μυηθέντων.
3139 2953 3293 3007 Ἐπεὶ
3318 2952 3373 3007 δὲ
3417 2953 3543 3008 τάδε
3570 2955 3630 3007 ἐν
3669 2953 3934 3025 ’Δριμίνῳ
3960 2952 4085 3020 ἐγέ-

2507 3063 2648 3109 νετο,
2679 3044 2728 3099 οί
2760 3042 2861 3116 μὲν
2888 3043 3033 3115 ἀμφὶ
3067 3043 3337 3098 Οὐάλεντα
3376 3045 3469 3098 καὶ
3502 3044 3807 3115 Οὐρσάκιον
3832 3044 4084 3116 χαλεπῶς

2507 3138 2763 3210 φέροντες
2787 3137 2879 3190 ἐπὶ
2916 3138 2983 3207 τῇ
3024 3134 3359 3207 καθαιρέσει,
3417 3136 3620 3209 σπουδῇ
3671 3136 3808 3209 πρὸς
3854 3133 4083 3207 βασιλέα

2507 3228 2889 3301 παρεγένοντο.

831 3314 1097 3383 Augusto,
1127 3312 1361 3370 Eusebio
1401 3323 1456 3370 ct
1486 3314 1717 3388 Hypatio
1743 3333 1920 3385 coss.,
1956 3321 2410 3389 quemadmodum
2449 3321 2782 3377 Athanasius
2815 3321 2869 3375 in
2908 3318 3139 3389 epistola
3174 3318 3241 3373 ad
3278 3317 3582 3375 familiares
3649 3333 3781 3375 suos
3844 3318 4033 3374 scribit
4062 3335 4079 3372 :

834 3404 1038 3460 addens
1070 3406 1365 3461 ridiculum
1396 3423 1541 3470 esse,
1604 3408 1989 3467 Constantium
2048 3413 2268 3483 quidem
2340 3415 2721 3486 imperatorem
2769 3422 3035 3469 azternum
3112 3412 3426 3481 appellare;
3479 3409 3679 3466 Filium
3736 3422 3917 3467 autem
3982 3410 4080 3469 Dei

833 3498 979 3553 nolle
1023 3509 1285 3555 aeternum
1327 3499 1539 3566 dicere;
1574 3509 1629 3555 et
1665 3511 1876 3556 certum
1928 3512 2144 3574 tempus
2182 3504 2233 3559 ei
2278 3503 2525 3559 formula:
2563 3502 2863 3575 praeﬁgere,
2906 3502 2972 3555 ad
3012 3501 3513 3572 reprehendendam
3569 3501 3728 3557 ﬁdem
3781 3502 4081 3571 majorum,

832 3597 888 3645 et
917 3604 1106 3645 eorum
1141 3590 1235 3660 qui
1270 3598 1397 3645 ante
1444 3590 1497 3645 id
1537 3593 1800 3662 temporis
1833 3593 2029 3649 initiati
2062 3604 2268 3651 essent.
2304 3595 2401 3653 His
2438 3597 2604 3652 rebus
2670 3594 2902 3649 Arimini
2952 3596 3144 3665 gestis,
3184 3593 3386 3649 Valens
3425 3602 3481 3650 et
3522 3592 3811 3659 Ursacius,
3859 3594 4080 3665 deposi-

832 3688 1034 3742 tionem
1092 3701 1248 3741 suam
1304 3687 1493 3756 iniquo
1542 3688 1727 3742 animo
1781 3688 2040 3759 ferentes,
2092 3692 2275 3748 statim
2324 3694 2394 3747 ad
2439 3694 2825 3765 imperatorem
2854 3691 3199 3747 advolarunt.

1422 3775 1575 3833 CAP.
1620 3776 1805 3834 XVIII.

832 3869 1182 3924 Ariminensis
1224 3870 1434 3925 concilii
1474 3872 1697 3953 epistola
1742 3872 1811 3927 ad
1864 3875 2229 3944 imperatorem
2259 3873 2399 3930 Con-

1474 3952 1753 3999 stantium.

902 4028 1155 4101 Synodus
1184 4044 1312 4085 vero
1349 4029 1538 4101 viginti
1569 4032 1860 4104 episcopos
1892 4036 2167 4090 communi
2198 4035 2399 4091 suﬁ'ra-

831 4124 921 4196 gio
952 4123 1219 4187 delectos,
1248 4122 1455 4192 legatos
1487 4124 1552 4177 ad
1585 4125 1968 4194 imperatorem
1995 4127 2146 4183 misit
2176 4147 2189 4181 :
2222 4136 2276 4183 et
2302 4144 2400 4199 per

831 4229 928 4269 eos
966 4213 1068 4269 ista
1114 4212 1357 4282 scripsit,
1383 4228 1505 4282 qua:
1543 4229 1605 4269 ex
1636 4214 1828 4272 Latino
1877 4233 2127 4274 sermone
2166 4219 2221 4273 in
2252 4218 2399 4274 Gne-

830 4321 954 4360 cum
1018 4305 1281 4359 translata
1338 4304 1539 4359 sunt‘.
1598 4305 1833 4363 Jubente
1888 4307 1995 4364 Deo
2020 4318 2073 4364 et
2129 4317 2401 4380 praecepto

898 4488 913 4518 ¹
956 4484 1136 4551 Socr.,
1161 4486 1253 4541 lib.
1295 4502 1358 4552 rt,
1382 4501 1433 4541 c.
1462 4485 1579 4557 37.]

3086 3782 3310 3834 ΚΕΦΑΛ
3322 3822 3335 3836 .
3384 3780 3490 3835 IH'.

2514 3871 2839 3941 Ἐπιστολὴ
2872 3869 2982 3938 τῆς
3028 3871 3098 3924 ἐν
3136 3869 3731 3941 Ἁριμήνῳγσυνόδου
3772 3871 3920 3940 πρὸς
3967 3871 4081 3925 τὸν

2914 3941 3181 4007 βασιλέα
3200 3940 3638 3996 Κωνστάντιον.

2581 4036 2646 4088 Ἡ
2669 4034 2726 4088 δέ
2752 4033 2968 4097 σύνοδος
3012 4036 3218 4087 εἴκοσιν
3269 4032 3600 4096 ἐπισκόπους
3639 4031 4075 4103 προϐαλλομένη,

2502 4126 2760 4199 πρέσϐεις
2811 4124 3150 4180 ἀπέστειλεν.
3187 4123 3435 4196 Ἔγραψε
3478 4123 3537 4177 δέ
3585 4123 3649 4177 δι’
3697 4123 3873 4178 αὐτῶν
3919 4124 4074 4187 τάδε,

2508 4216 2928 4289 μεταγραφέντα
2956 4217 3020 4269 ἐκ
3044 4214 3140 4287 τῆς
3156 4214 3438 4286 Ῥωμαίων
3462 4215 3644 4285 φωνῆς
3664 4230 3675 4242 ·
3696 4214 3777 4267 Τά
3793 4231 3850 4267 τε
3877 4215 3939 4266 ἐκ
3969 4214 4076 4282 τῆς

2504 4307 2599 4361 τοῦ
2646 4306 2782 4362 Θεοῦ
2836 4304 3136 4371 κελεύσεως
3174 4305 3272 4376 (6),
3312 4305 3408 4360 καὶ
3436 4303 3529 4358 τοῦ
3550 4305 3646 4376 τῆς
3668 4305 3768 4375 σῆς
3792 4304 4075 4367 εὐσεϐείας

2026 4635 2291 4693 VALESII
2330 4634 2872 4693 ANNOTATIONES.

892 4822 971 4893 (5)
1013 4820 1393 4893 ,Ἀθανάσιρς
1451 4820 1601 4893 πρὸς
1633 4816 2214 4893 ,τοὺς-,ἐξιτηδείοιίς
2251 4835 2289 4886 π

823 4887 969 4963 φωνή.
1013 4889 1289 4963 Intelligit
1319 4887 1521 4963 librum
1555 4888 1845 4963 Athanasii
1883 4887 1962 4963 _De
1996 4887 2224 4963 _syno_dis
2272 4887 2395 4963 Ari-

826 4957 958 5016 inini
988 4970 1043 5015 et
1077 4957 1363 5015 Seleuciae.
1399 4958 1501 5025 Qui
1555 4960 1773 5029 libet-fin
1804 4957 2044 5029 vulgatis
2076 4957 2240 5011 etiam
2275 4957 2394 5011 edi-

826 5033 1072 5085 tiouibus
1105 5029 1428 5083 inscribitur
1468 5028 1783 5097 Ἐπιστολή.
1821 5027 2085 5097 δοιξὶριυε
2104 5035 2187 5081 est
2213 5032 2394 5097 autem

827 5102 895 5155 ab
928 5100 1233 5154 Athanasio
1275 5107 1399 5169 post
1434 5094 2029 5169 obitumﬁim'peratoris
2055 5094 2391 5169 Constantii,

828 5180 886 5223 ut
914 5170 1197 5240 colligitur
1235 5166 1543 5240 eipagina
1575 5167 1676 5240 907
1698 5205 1713 5227 ,
1758 5166 1857 5240 ubi
1899 5166 2096 5240 scribit
2123 5166 2392 5220 Constan—

826 5242 986 5304 tium,
1009 5237 1253 5311 quandiu
1282 5237 1439 5303 vixit,
1470 5239 1525 5291 in
1549 5238 1742 5290 Ariana
1770 5237 1962 5292 haresi
1986 5250 2387 5307 perseverasse,

2497 4825 2552 4899 et
2584 4832 2710 4899 cum
2742 4817 2876 4899 jam_
2903 4816 3205 4898 moriturus
3245 4823 3429 4880 esset,
3459 4812 3530 4871 ab
3558 4813 3765 4870 Euzoio
3802 4814 4068 4871 heretico

2498 4886 2761 4943 baptizari
2792 4887 3052 4943 voluisse.

2592 4956 2647 5025 6)
2691 4956 2773 5013 Τά
2794 4973 2857 5009 τε
2884 4958 2953 5011 ἐκ
2983 4954 3093 5025 τῆς
3111 4955 3218 5009 τοῦ
3247 4954 3399 5009 Θεοῦ
3427 4956 3781 5021 κελεύσεως.
3802 4953 3926 5025 Ilaec
3945 4955 4063 5025 epi-

2568 4972 2647 5025 (ο)
2691 4972 2773 5013 Ia
2794 4973 2857 5009 τε
2884 4972 2953 5011 εκ
2983 4974 3093 5025 της
3111 4972 3218 5009 του
3247 4972 3399 5009 υεου
3427 4972 3781 5021 κεκευσεως.
3805 4972 3926 5009 περ
3945 4972 3975 5008 e
4019 4972 4063 5006 ι-

2497 5026 2637 5082 stola
2666 5026 3034 5081 Ariminensis
3080 5026 3298 5080 concilii
3346 5032 3528 5080 exstat
3576 5027 3738 5080 etiam
3781 5024 3924 5092 apud
3960 4972 4063 5078 go-

2496 5106 2703 5151 cratem
2746 5096 2797 5148 in
2835 5097 2974 5149 libro
3009 5096 3263 5165 secundo,
3297 5094 3574 5159 Historia,
3605 5095 3783 5165 capite
3812 5095 3917 5158 57;
3968 5095 4062 5165 ubi

2496 5166 2619 5219 vide
2652 5182 2772 5234 qua:
2807 5165 3011 5220 notavi.
3044 5166 3203 5237 Apud
3234 5164 3514 5221 Socratem
3540 5163 3759 5237 legitur,
3779 5164 3844 5219 ἐκ
3869 5181 3928 5217 τε
3957 5163 4060 5233 τῆς

2496 5234 2585 5288 τοῦ
2618 5236 2772 5288 Θεοῦ.
2805 5246 2913 5288 etc.

2493 5252 2585 5288 του
2618 5246 2772 5299 υεου,
2805 5246 2913 5290 etc.

2248 5408 2627 5466 VARIORUM.

889 5596 915 5635 ιι
959 5595 1112 5663 Πρὸς
1140 5593 1282 5659 τοὺς
1314 5592 1708 5663 ἐπιτηδείους.
1741 5589 2017 5663 Socrates,
2051 5590 2145 5663 lib.
2173 5605 2233 5657 Il,
2248 5605 2378 5663 cap.

2491 5589 2949 5664 synodisubique
2986 5602 3379 5664 pervagantes,
3425 5592 3593 5647 animi
3626 5590 3924 5664 penderent
3956 5609 3970 5646 :
4004 5599 4061 5647 et

822 5665 913 5729 57,
939 5660 1115 5729 initio,
1143 5664 1329 5735 habet,
1356 5662 1493 5733 πρὸς
1518 5663 1643 5735 τοὺς
1665 5660 1860 5713 ἐαυτοῦ
1876 5660 2223 5735 γνωρίμους.
2243 5660 2383 5735 Sunt
2488 5660 2580 5735 sail

2298 5670 2383 5735 int
2488 5660 2624 5735 sane
2671 5662 2833 5735 initio
2860 5660 2923 5735 et
2973 5660 3080 5719 ﬁ'ne
3112 5660 4056 5735 epr'istolaakcmtunitutvidetur,

816 5739 907 5803 qui
945 5743 1133 5805 putent
1170 5735 1267 5805 bas
1299 5730 1512 5805 litteras
1540 5732 1643 5805 ‘ad
1675 5731 1973 5785 monachos
2006 5730 2204 5805 missas
2237 5749 2249 5783 :
2284 5730 2379 5805 sed
2488 5732 2803 5805 alloquitur.
2833 5733 2937 5804 (Cl.
2971 5730 3604 5803 monaéltiBenedictiui,
3644 5732 3745 5791 Vit.
3770 5733 4058 5792 Athens"

815 5800 1091 5860 crederem
1139 5804 1319 5874 potius
1349 5801 1413 5853 ad
1448 5801 1774 5874 catholicum
1820 5800 2381 5874 cinturnAlexandrif

819 5891 968 5940 num,
1001 5890 1069 5931 ne
1100 5870 1241 5933 inter
1268 5874 1507 5933 incertos
1532 5871 1675 5941 vulgi
1715 5886 1979 5934 rumores,
2011 5870 2076 5925 dc
2110 5870 2378 5938 vjnsnunli

2486 5818 2608 5872 pag.
2642 5803 2757 5871 76.)
