4452 6584
440 443 585 503 “65

1392 431 1709 490 HlSTORlA
1747 411 2312 487 ECCLESIASTICA.
2353 461 2422 470 —
2452 431 2583 485 LIB.
2628 432 2693 489 IV

3551 429 3690 493 “68

439 560 861 635 προστάγματος
887 553 1342 628 δογματισθέντα,
1372 553 1624 623 γενέσθαι
1650 543 1983 619 πιστεύομεν
2000 562 2014 577 ·
2046 554 2095 613 Α
2121 547 2197 620 pie

1932 562 2014 602 εν·
2046 554 2095 613 Α
2121 547 2342 620 pietatis
2375 557 2573 605 vestra
2635 548 2912 605 credimus
2954 559 3077 607 esse
3118 550 3470 622 dispositum,
3509 561 3571 607 ut
3624 552 3690 607 ad

439 655 523 718 είς
551 654 661 724 γάρ
706 652 980 723 Ἀρίμινον
1010 651 1075 703 ὲκ
1098 647 1289 703 πασῶν
1314 648 1421 701 τῶν
1445 647 1581 718 πρὸς
1602 645 1753 699 δύσιν
1786 641 2015 707 πόλεων,

440 746 536 798 επὶ
570 743 738 799 ταὺτὸ
794 741 997 805 πάντες
1025 740 1077 793 ol
1102 739 1391 793 ἐπίσκοποι
1431 737 1787 808 συνήλθομεν,
1816 735 1902 789 ἶνα
1924 734 2019 789 καὶ

438 838 475 904 ἡ
530 836 715 898 πίστις
765 833 866 903 τῆς
896 831 1194 903 καθολικῆς
1233 830 1559 901 Ἐκκλησίας
1591 826 1889 900 γνωρισθῇ,
1923 827 2019 881 καὶ

436 929 489 980 οί
518 926 590 981 τὰ
610 926 828 980 ἐναντία
850 923 1172 995 φρονοῦντες
1197 922 1412 993 ἔκδηλοι
1448 921 1733 989 γένωνται.
1784 921 1871 983 Ὠς
1908 919 2018 990 γὰρ

439 1019 534 1072 ἐπὶ
586 1017 838 1070 πλεῖστον
888 1014 1309 1077 διασκοποῦντες
1369 1015 1724 1085 εὑρήκαμεν,
1788 1012 2017 1084 ἀρεστὸν

438 1111 612 1179 ἐφάνη
676 1109 774 1180 τὴν
820 1107 1004 1161 πίστιν
1023 1108 1126 1177 τὴν
1174 1108 1238 1160 ἐκ
1270 1106 1497 1160 παλαιοῦ
1528 1104 1908 1175 διαμένουσαν,
1950 1105 2017 1174 ἢν

439 1200 535 1253 καὶ
558 1201 608 1253 οἱ
628 1198 929 1270 προφῆται,
950 1197 1047 1250 καὶ
1075 1196 1144 1250 τά
1165 1196 1498 1265 Εὑαγγέλια,
1530 1196 1623 1249 καὶ
1650 1198 1699 1249 bl
1728 1194 2017 1249 ἀπόστολοι

437 1290 534 1343 τοῦ
556 1290 765 1361 Κυρίου
786 1289 944 1361 ἡμῶν
994 1288 1170 1359 Ἰησοῦ
1216 1288 1454 1361 Χριστοῦ
1478 1287 1772 1361 ἐκήρυξαν,
1792 1287 1888 1342 τοῦ
1921 1288 2017 1341 καὶ

435 1383 538 1453 τῆς
568 1382 666 1451 σῆς
683 1381 960 1452 βασιλείας
982 1382 1202 1453 ἐφόρου,
1226 1382 1321 1435 καὶ
1352 1382 1454 1453 τῆς
1483 1382 1583 1451 σῆς
1628 1381 1851 1453 ῥώσεως
1883 1397 2015 1452 προ-

439 1472 661 1538 στάτου,
691 1473 780 1526 ἴνα
807 1472 1010 1545 ταύτην
1032 1475 1398 1545 κατασχόντες
1436 1473 1819 1544 φυλάττωμεν,
1854 1472 2017 1543 μέχρι

438 1563 624 1627 τέλους
636 1563 1281 1635 διατηροῦντεςῖλτοπον
1301 1566 1412 1636 γάρ
1432 1566 1527 1619 καὶ
1542 1563 1799 1635 ἀθέμιτον
1820 1563 2015 1634 ἐφάνη,

437 1653 549 1707 τῶν
571 1653 747 1725 ὀρθῶς
771 1656 866 1707 καὶ
900 1654 1123 1718 δικαίως
1144 1654 1464 1727 ὡρισμένων
1498 1674 1552 1710 τι
1604 1654 2015 1726 μεταλλάσσειν,

439 1743 667 1797 καὶτῶν
687 1745 746 1797 ὲν
769 1742 975 1813 Νικαίᾳ
996 1746 1150 1815 κοινῇ
1179 1744 1318 1813 μετά
1345 1743 1438 1797 τοῦ
1473 1742 1815 1807 ἑνδοξοτάτου
1860 1743 2019 1796 Κωνο

440 1832 720 1887 σταντίνου
754 1833 848 1888 τοῦ
884 1834 979 1889 σοῦ
1006 1835 1218 1907 [ἰατρὸς
1238 1833 1330 1887 καὶ
1352 1833 1615 1904 βασιλέως
1639 1832 2012 1903 ὲσκεμμένων,

2120 640 2551 696 Ariminensium
2593 640 2774 695 locum
2803 653 2874 696 ex
2916 641 3154 698 diversis
3180 642 3479 713 proVinciis
3533 642 3692 698 Occi-

2119 732 2422 789 dentalium
2461 732 2705 805 episcopi
2755 732 3108 801 veniremus,
3140 744 3201 790 ut
3246 738 3303 792 et
3339 736 3473 791 ﬁdes
3516 736 3692 792 clare-

2121 834 2303 883 sceret
2351 828 2610 883 omnibus
2660 827 2923 884 Ecclesia
2973 828 3287 893 catholica,
3338 830 3395 884 et
3436 828 3688 901 .h'aretici

2119 927 2498 973 noscerentur.
2525 916 2665 972 Dum
2702 917 2851 973 enim
2888 922 3079 975 omnes
3113 918 3207 988 qui
3238 926 3385 974 recte
3423 919 3692 989 sapim'us,

2118 1015 2615 1073 contractaremus,
2652 1007 2860 1079 placuit
2886 1007 3108 1078 quidem
3151 1013 3212 1063 ut
3252 1008 3414 1064 fidem
3455 1010 3524 1065 ab
3551 1010 3695 1064 anti-

2116 1096 2325 1167 quitate
2352 1106 2816 1168 perseverantem,
2848 1113 3011 1167 quam
3051 1108 3147 1169 per
3172 1100 3488 1171 prophetas,
3515 1100 3697 1157 Evan-

2117 1189 2255 1259 gelia
2296 1198 2353 1244 et
2394 1190 2692 1258 apostolos,
2730 1204 2827 1261 per
2868 1192 3048 1260 ipsum
3098 1190 3268 1246 Deum
3314 1200 3368 1248 et
3406 1194 3693 1250 Dominum

2122 1288 2370 1336 nostrum
2402 1279 2591 1337 Iesum
2621 1282 2926 1349 Christum,
2974 1282 3311 1340 Salvatorem
3339 1286 3553 1358 imperii
3592 1290 3694 1351 tui,

2118 1382 2174 1429 et
2242 1374 2559 1446 largitorem
2616 1378 2814 1433 salutis
2868 1389 2974 1434 tua
3025 1380 3372 1450 accepimus,
3427 1389 3483 1437 et
3531 1396 3694 1452 quam

2119 1479 2334 1532 semper
2384 1464 2750 1535 obtinuimus,
2797 1478 3105 1526 teneamus.
3148 1470 3313 1527 Nefas
3350 1471 3494 1525 enim
3539 1472 3692 1527 duxi-

2119 1568 2242 1609 mus
2277 1563 2424 1610 recte
2474 1562 2530 1611 et
2583 1556 2734 1626 juste
2791 1560 3133 1614 sancitorum
3182 1560 3386 1629 aliquid
3420 1561 3692 1626 mutilare,

2117 1656 2171 1699 et
2195 1660 2387 1701 eorum
2419 1648 2513 1717 qui
2560 1651 2616 1703 in
2653 1647 2878 1705 Nicano
2908 1658 3145 1705 tractatu
3178 1652 3545 1707 consederant
3584 1669 3693 1707 una

2117 1753 2243 1793 cum
2280 1740 2535 1809 gloriosa
2564 1742 2843 1796 memoria
2872 1740 3258 1807 Constantino,
3292 1752 3450 1813 patre
3474 1745 3694 1814 pietatis

2120 1838 2246 1885 tua.
2284 1830 2389 1897 Qui
2422 1838 2695 1886 tractatus
2738 1831 3127 1888 manifestatus
3157 1840 3244 1888 est
3283 1840 3337 1889 et
3376 1834 3692 1891 insinuatus

436 1914 516 1974 ὧν
538 1923 572 1992 ἡ
600 1922 915 1978 διδασκαλία
937 1925 1031 1978 καὶ
1070 1924 1130 1978 τὸ
1162 1924 1419 1996 φρόνημα
1454 1923 1637 1994 διῆλθέ
1668 1941 1729 1977 τε
1759 1925 1855 1977 καὶ
1884 1925 2016 1995 ὲκη-
2048 1924 2088 1978 Β
2119 1936 2194 1976 me

1932 1942 2016 1995 ιη-
2048 1924 2088 1978 Β
2119 1921 2396 1977 mentibus
2423 1923 2774 1991 populorum,
2808 1930 2862 1977 et
2902 1930 3096 1977 contra
3127 1924 3381 1979 liaresim
3421 1923 3690 1978 Arianam

438 2005 616 2086 βύχθη
641 2018 721 2080 είς
750 2017 938 2082 πάσας
955 2017 1260 2089 ἀνθρώπιον
1308 2017 1477 2080 ἀκοάς
1521 2034 1581 2071 τε
1628 2019 1724 2072 καὶ
1750 2017 2011 2079 διανοίας.

440 2105 602 2171 Ἥτις
634 2109 928 2174 ἀντίπαλος
953 2109 1125 2181 μένει,
1156 2110 1250 2163 καὶ
1268 2109 1461 2183 ὀλετὴρ
1490 2111 1589 2181 τῆς
1621 2110 1829 2181 Ἀρείου
1858 2109 2012 2181 αίρέ-

439 2216 580 2263 σεως
633 2200 844 2273 ὑπῆρξε
869 2216 883 2232 ο
912 2201 981 2255 δι’
1020 2196 1111 2274 ἧς,
1172 2203 1234 2256 οὐ
1267 2204 1426 2273 μόνον
1468 2204 1629 2272 αῦτη,
1659 2201 1795 2256 ἀλλά
1820 2203 1913 2255 καὶ
1957 2205 2014 2256 αί

438 2289 623 2344 λοιπαὶ
644 2294 815 2347 πᾶσαι
844 2292 1228 2368 καθῃρέθησαν
1250 2312 1264 2325 ·
1295 2297 1352 2348 ἐν
1434 2295 1605 2359 ὅντως
1648 2294 1742 2348 καὶ
1763 2293 2016 2365 προσθεῖ-

437 2383 525 2436 ναί
546 2400 599 2436 τι
644 2384 926 2456 σφαλερὸν,
978 2386 1075 2440 καὶ
1114 2386 1176 2440 τὸ
1222 2386 1516 2457 ἀφελέσθαι
1564 2404 1641 2453 τι,
1673 2386 2012 2439 ἐπικίνδυνον

441 2474 673 2545 ὑπάρχει
707 2488 720 2502 ·
750 2474 826 2540 ὡς
866 2476 1027 2549 ειπερ
1056 2494 1113 2530 τι
1150 2476 1378 2549 θάτερον
1419 2477 1665 2547 γένηται,
1708 2476 1861 2531 ἔσται
1900 2478 2013 2538 τοῖς

439 2564 532 2634 ὶχθ
541 2568 651 2635 ροῖς
667 2565 820 2619 ἄδεια
850 2568 1022 2620 ποιεῖν
1051 2567 1194 2639 ἀπερ
1212 2566 1508 2638 βούλονται.
1528 2568 1691 2622 Ὅθεν
1710 2567 2013 2639 Οὐρσάκιός

438 2672 497 2709 τε
518 2658 612 2710 καὶ
642 2658 879 2728 Οὐάλης,
910 2658 1098 2731 ἐπειδὴ
1129 2659 1299 2713 πάλαι
1328 2660 1544 2730 μέτοχοι
1566 2677 1626 2713 τε
1652 2662 1748 2714 καὶ
1774 2659 2011 2732 σύμϐου-

439 2748 520 2802 λοι
544 2750 640 2803 τοῦ
681 2752 964 2823 Ἀρειανοῦ
994 2752 1263 2825 δόγματος
1290 2750 1434 2826 ἦσαν
1472 2755 1892 2827 καθεστηκότες,
1916 2758 2013 2812 καὶ

437 2841 537 2912 τῆς
594 2843 872 2917 ἡμετέρας
902 2845 1188 2909 κοινωνίας
1210 2845 1570 2917 χωρισθέντες
1602 2848 1679 2917 (7)
1704 2848 2015 2920 ἀπεφάνθη-

440 2938 561 3005 σαν.
594 2926 702 2997 Ἶίς
736 2935 824 2989 ἵνα
851 2936 1211 3006 μετάσχωσιν,
1259 2938 1343 3006 ἐφ’
1385 2933 1467 3001 οἷς
1508 2940 1718 3003 ἑαυτοῖς
1746 2940 2013 3008 συνεγνῶ-

438 3039 628 3077 κεισαν
651 3025 1166 3097 πλημμελήσαντες,
1210 3029 1499 3098 μετανοίας
1540 3047 1600 3082 τε
1648 3030 1744 3085 καὶ¹
1773 3030 2012 3099 συγγνώ-

441 3132 550 3186 μης
575 3116 759 3186 ἠξίουν
785 3121 987 3189 τυχεῖν.
1032 3121 1117 3184 Ὠς
1138 3122 1231 3173 καὶ
1258 3120 1326 3173 τὰ
1371 3120 1624 3192 ἐγγραφα
1654 3122 1724 3176 τά
1752 3123 1845 3175 ὑπ’
1862 3123 2010 3176 ὲκεί-

440 3225 545 3261 νων
592 3210 932 3280 γεγενημένα
981 3216 1279 3284 μαρτυρεῖο
1314 3213 1380 3267 δι’
1427 3210 1502 3269 ὧν
1550 3214 1805 3269 ἁπάντων
1840 3214 2009 3283 φειδὼ

2121 2020 2254 2068 tunc
2298 2016 2585 2084 oppositus
2624 2014 2919 2077 invenitur,
2963 2022 3024 2069 ut
3051 2030 3162 2070 non
3203 2016 3381 2070 solum
3423 2016 3563 2087 ipsa,
3598 2016 3694 2071 scd

2119 2104 2283 2159 etiam
2307 2106 2531 2175 reliqua
2569 2106 2809 2161 hareses
2844 2105 2967 2160 inde
2991 2106 3104 2161 sint
3133 2113 3479 2177 expugnata.
3509 2106 3555 2159 Α
3585 2124 3695 2176 quo

2119 2198 2168 2254 si
2191 2197 2398 2267 aliquid
2418 2198 2701 2269 demptum
2727 2198 2913 2265 fuerit,
2932 2200 3156 2257 venenis
3175 2200 3554 2255 haereticorum
3578 2200 3694 2255 adi-

2119 2299 2210 2343 tus
2226 2290 2504 2361 panditur.
2523 2290 2649 2346 Ideo
2671 2289 2936 2348 Ursacius
2952 2300 3009 2348 et
3025 2290 3224 2348 Valens
3247 2294 3304 2347 in
3323 2293 3693 2363 suspicionem

2118 2383 2369 2452 ejusdem
2415 2385 2692 2442 hareseos
2724 2385 2943 2440 Ariana
2977 2394 3248 2441 venerunt
3285 2386 3607 2456 aliquando,
3636 2397 3692 2440 et

2125 2471 2281 2543 157
2314 2476 2571 2546 suspensi
2609 2484 2770 2532 erant
2802 2490 2832 2530 a
2877 2476 3292 2531 communionet
3326 2473 3432 2530 Sed
3466 2489 3695 2546 rogave-

2118 2575 2251 2617 runt
2275 2566 2514 2631 veniam,
2541 2566 2686 2623 sicut
2711 2582 2903 2623 eorum
2935 2568 3218 2623 continent
3248 2570 3451 2638 scripta
3479 2586 3492 2622 :
3526 2583 3691 2639 quam

2119 2657 2342 2726 quidem
2391 2668 2718 2715 meruerunt
2769 2671 2897 2715 tunc
2938 2661 3203 2731 temporis
3239 2675 3269 2714 a
3311 2661 3550 2715 concilio
3586 2660 3694 2715 Me-

2117 2748 2452 2817 diolanensi,
2511 2751 2904 2806 assistentibus
2955 2752 3123 2805 etiam
3178 2752 3377 2821 legatis
3428 2751 3693 2806 Romana

2121 2838 2405 2897 Ecclesia.
2434 2842 2494 2895 In
2533 2842 2640 2897 hoc
2684 2843 2849 2912 igitur
2883 2849 3126 2896 tractatu
3162 2850 3292 2897 cum
3332 2857 3533 2912 magno
3561 2858 3692 2897 exao

2119 2932 2266 2988 mine
2295 2931 2492 2989 fuisset
2548 2934 2932 3005 conscriptum
2972 2934 3345 2989 Constantino
3387 2948 3686 3005 prasente,

2118 3024 2264 3093 quod
2305 3034 2497 3081 tenens
2520 3023 2831 3095 baptizatus
2856 3025 2924 3079 ad
2953 3025 3195 3094 quietem
3232 3024 3325 3081 Dei
3354 3029 3686 3100 commigra-

2116 3118 2218 3185 vit,
2265 3121 2421 3173 nefas
2462 3125 2725 3187 putamus
2754 3118 2883 3173 inde
2939 3118 3154 3188 aliquid
3194 3119 3472 3186 mutilare,
3507 3130 3564 3177 et
3610 3133 3689 3176 tot

2117 3216 2342 3265 sanctos
2377 3218 2433 3264 et
2477 3209 2827 3265 confessores
2873 3216 2930 3263 et
2971 3223 3326 3267 successores
3357 3220 3685 3283 martyrum,

439 3276 747 3371 γεγένηται,
777 3276 884 3355 καὶ
913 3276 1021 3355 των
1063 3276 1433 3374 ’ἐγκλημάτων
1468 3305 1786 3376 συγγνώμη.
1818 3276 1927 3360 Ἦν
1953 3306 2010 3359 δὲ
2037 3276 2083 3338 C
2114 3300 2197 3370 ips

1926 3332 1927 3337 η
1953 3306 2010 3359 δὲ
2037 3276 2083 3338 C
2114 3300 2290 3370 ipsius
2316 3308 2583 3358 tractatus
2604 3303 3036 3372 conscriptores,
3070 3302 3125 3356 in
3153 3303 3338 3373 aliquo
3361 3320 3641 3360 removere
3670 3324 3684 3360 :

441 3395 626 3465 καιρὸς
686 3394 810 3449 καθ’
849 3394 908 3448 ὃν
932 3394 1104 3448 ταῦτα
1127 3396 1447 3467 ἐπράττετο,
1477 3399 1566 3450 ὅτε
1597 3400 1655 3450 ὲν
1694 3398 2012 3469 Μεδιολάνῳ

437 3488 498 3542 τὸ
521 3487 796 3559 συνέδριον
813 3488 912 3557 τῆς
938 3488 1154 3542 συνόδου
1178 3491 1549 3559 συνεκροτεῖτο
1572 3503 1587 3517 °
1614 3490 2011 3560 συμπαρόντων

436 3580 495 3635 δὲ
518 3580 613 3634 καὶ
636 3579 746 3634 τῶν
767 3579 1155 3651 πρεσϐυτέρων
1184 3583 1282 3651 τῆς
1307 3582 1414 3633 τῶν
1452 3580 1743 3650 Ῥωμαίων
1781 3580 2012 3651 Ἐκκλη-

440 3671 559 3735 σίας
582 3689 595 3703 ·
627 3671 928 3741 ἐγνωκότες
984 3670 1102 3742 ἅμα
1146 3672 1241 3725 καὶ
1277 3673 1369 3731 τὸν
1406 3672 1545 3742 μετά
1570 3672 1826 3742 τελευτὴν
1861 3671 2010 3739 ἄξιον

443 3764 661 3833 μνήμης
712 3764 1142 3829 Κωνσταντῖνον,
1201 3765 1340 3834 μετὰ
1390 3765 1570 3835 πάσης
1599 3764 1887 3835 ἀκριϐείας
1917 3765 2011 3817 καὶ

440 3855 735 3919 ἐξετάσεως
786 3855 886 3926 τὴν
922 3858 1325 3925 συγγραφεῖσαν
1398 3855 1581 3907 πίστιν
1626 3856 2007 3909 ὲκτεθεικόταο

438 3944 628 4015 ἐπειδὴ
653 3944 710 3997 δὲ
734 3945 811 4008 ὠς
855 3943 915 4009 ἐξ
968 3944 1269 4015 ἀνθρώπων
1296 3944 1515 4011 ἐγένετο
1553 3942 1889 4013 βαπτισθεὶς,
1918 3943 2012 3995 καὶ

440 4036 576 4106 πρὸς
607 4036 707 4104 τὴν
737 4036 1095 4107 ὀφειλομένην
1144 4036 1365 4105 εἰρήνην
1402 4034 1768 4106 ἀνεχώρησεν,
1811 4035 2011 4089 ἄτοπον

2111 3408 2237 3447 cum
2265 3399 2321 3447 et
2349 3393 2454 3463 ipsi
2483 3395 2883 3464 prateritorum
2927 3394 3215 3450 catholica
3251 3394 3508 3452 Ecclesia
3549 3399 3689 3453 scri-

2111 3491 2331 3554 ptorum
2363 3494 2563 3540 cuncta
2614 3486 2976 3542 servaverint.
3033 3485 3347 3558 Mansitque
3401 3504 3577 3559 usque
3628 3491 3686 3544 in

2112 3576 2229 3630 hac
2270 3585 2539 3647 tempora,
2570 3578 2773 3649 quibus
2821 3578 2999 3648 pietas
3033 3590 3128 3634 tua
3161 3594 3193 3633 a
3234 3578 3348 3636 Deo
3398 3580 3561 3637 Patre
3588 3597 3688 3653 per

2112 3664 2285 3720 Deum
2324 3673 2379 3720 et
2410 3665 2697 3722 Dominum
2740 3677 2987 3724 nostrum
3028 3669 3218 3727 Jesum
3243 3671 3550 3738 Christum,
3588 3686 3687 3743 po-

2113 3766 2365 3815 testatem
2404 3760 2629 3830 regendi
2676 3761 2830 3816 orbis
2855 3761 3093 3832 accepit.
3126 3760 3332 3819 Verum
3372 3765 3561 3821 miseri
3589 3765 3686 3819 ho-

2114 3853 2315 3921 mines,
2351 3860 2407 3907 et
2470 3852 2680 3908 infelici
2726 3864 2891 3909 sensu
2921 3854 3161 3925 praditi,
3202 3855 3401 3911 iterum
3440 3869 3580 3911 ausu
3609 3864 3678 3911 tc-

2113 3947 2349 4000 merario
2379 3962 2439 4002 se
2461 3953 2744 4016 praecones
2776 3946 2955 4016 impia
2968 3946 3236 4002 doctrina
3260 3948 3683 4005 renuntiarunt:

2111 4047 2167 4093 et
2190 4047 2338 4094 nunc
2384 4039 2547 4094 etiam
2608 4046 2883 4093 conantur
2932 4038 3245 4096 convellere
3309 4039 3457 4111 quod
3504 4041 3686 4096 fuerat

438 4125 575 4183 εἶναι
644 4131 760 4199 μετ’
805 4130 1013 4182 ἐκεῖνόν
1063 4146 1117 4183 τι
1170 4131 1512 4198 καινοτομεῖν
1540 4144 1553 4157 ⁸
1592 4128 1686 4181 καὶ
1723 4128 2011 4191 τοσούτους

439 4223 626 4289 ἁγίους
674 4220 1012 4291 όμολογητάς
1056 4220 1151 4274 καὶ
1204 4221 1509 4290 μάρτυρας,
1544 4220 1669 4282 τοὺς
1703 4220 1760 4271 δὲ
1788 4221 1881 4273 καὶ
1912 4219 2009 4273 τοῦ

2112 4134 2352 4203 positum
2406 4134 2640 4186 ratione.
2672 4130 2889 4186 Etenim
2938 4146 3063 4186 cum
3094 4132 3316 4203 pietatis
3346 4141 3453 4189 tua
3492 4134 3689 4190 littera

2107 4221 2380 4291 jusserint
2422 4222 2651 4276 tractari
2679 4220 2748 4276 de
2791 4221 2915 4287 fide,
2955 4222 3289 4279 offerebatur
3320 4224 3483 4281 nobis
3528 4240 3558 4279 a
3593 4242 3686 4281 sua

437 4312 702 4381 δόγματος
747 4308 1096 4379 συγγραφέας
1154 4326 1213 4362 τε
1244 4310 1337 4361 καὶ
1379 4310 1602 4379 εὑρετὰς
1632 4310 1925 4381 ὑπεριδεῖν,
1958 4310 2014 4363 οῖ
2111 4330 2195 4385 pr:

1958 4310 2014 4363 οἵ
2111 4314 2379 4385 pradictis
2411 4314 2790 4370 turbatoribus
2818 4313 3210 4383 Ecclesiarum,
3243 4317 3521 4373 associato
3551 4316 3686 4373 Ger-

436 4421 578 4467 τινες
616 4401 755 4455 κατά
785 4402 877 4454 τὸν
900 4401 1125 4455 παλαιὸν
1156 4402 1255 4471 τῆς
1268 4400 1897 4472 καθολικῆςἙκκλησίας
1923 4402 2016 4455 θε-
2112 4407 2194 4461 mi;

1927 4402 2016 4455 θε-
2112 4406 2306 4473 minio,
2339 4406 2619 4463 Auxentio
2644 4412 2700 4461 et
2733 4406 2889 4472 Caio,
2934 4421 3137 4461 novum
3166 4408 3356 4464 nescio
3384 4409 3517 4479 quid
3550 4424 3685 4464 con-

440 4494 592 4564 σμδν,
641 4493 858 4547 ἅπαντα
904 4491 1226 4563 φρονοῦντες
1282 4492 1773 4563 διαμεμενήκασιν.
1838 4487 1938 4549 ’Ὧν
1978 4494 2009 4547 ό
2111 4499 2194 4553 sid

1928 4513 1938 4544 ι
1978 4494 2009 4547 ὀ
2111 4499 2487 4566 siderandum,
2517 4498 2665 4569 quod
2709 4498 2880 4552 multa
2912 4514 3185 4568 perversa
3213 4499 3480 4554 doctrina
3506 4503 3686 4557 conti—

436 4584 568 4647 Θεὸς
599 4583 696 4655 τὴν
727 4584 904 4636 πίστιν
926 4585 1018 4636 καὶ
1040 4585 1119 4646 είς
1145 4585 1269 4647 τοὺς
1321 4584 1449 4647 σοὺς
1479 4584 1703 4655 χρόνους
1726 4583 1825 4654 τῆς
1853 4584 2007 4654 βασι·
2037 4615 2082 4670 D
2112 4590 2194 4645 uel

1928 4602 2007 4637 σι-
2037 4615 2082 4670 D
2112 4590 2296 4645 nebat.
2329 4591 2401 4643 At
2439 4604 2570 4644 vero
2608 4605 2733 4644 cum
2760 4589 3009 4644 viderent
3029 4588 3323 4661 displicere
3354 4592 3502 4662 quod
3553 4594 3686 4650 offe-

435 4672 584 4736 λείας
640 4672 998 4743 μεταδέδωκε,
1054 4672 1140 4726 διὰ
1177 4674 1271 4726 τοῦ
1324 4674 1595 4728 Δεσπότου
1636 4675 1792 4746 ἡμῶν
1829 4676 2005 4747 Ἰησοῦ
2110 4682 2193 4736 rel

1926 4676 2005 4730 τοῦ
2110 4682 2306 4737 rebant
2339 4680 2556 4752 publice
2595 4682 2650 4736 in
2685 4682 2948 4745 concilio,
3001 4690 3339 4752 putaverunt
3368 4684 3531 4740 aliter
3561 4701 3684 4742 esse

436 4764 693 4834 Χριστοῦ.
719 4764 786 4817 δι’
808 4759 869 4817 οὗ
895 4781 979 4816 σοι
1007 4765 1101 4817 καὶ
1124 4764 1185 4817 τὸ
1219 4762 1521 4834 βασιλεύειν
1544 4766 1716 4830 οῦτως
1738 4768 2004 4839 ὑπῆρξεν,
2111 4787 2194 4827 c0!

1925 4787 2004 4835 εν,
2111 4773 2595 4828 conscribendum.
2648 4771 2714 4825 Et
2764 4772 2986 4842 quidem
3048 4773 3165 4828 hac
3225 4774 3379 4829 brevi
3435 4783 3683 4847 tempore

432 4857 505 4920 ὼς
535 4857 628 4908 καὶ
653 4857 746 4925 τῆς
767 4854 887 4907 καθ’
908 4856 1057 4926 ἡμᾶς
1078 4855 1402 4928 οἰκουμένης
1424 4862 1664 4929 κρατεῖν.
1688 4860 1856 4913 Πάλιν
1875 4860 2004 4928 γοῦν
2109 4879 2190 4933 sa}

1924 4860 2004 4913 >ῦν
2109 4879 2255 4934 sape
2297 4871 2544 4921 mutasse
2578 4861 2933 4919 manifestum
2981 4872 3087 4919 est.
3138 4864 3246 4920 Sed
3299 4881 3370 4921 ne
3420 4865 3682 4925 Ecclesia

434 4946 654 5001 ὲλεεινοὶ
669 4946 975 5014 καὶοίκτροὶ
994 4945 1073 5016 τῷ
1089 4948 1415 5017 φρονήματι,
1434 4948 1674 5020 ἀθεμίτῳ
1692 4949 2004 5021 τολμήματι
2110 4956 2192 5012 fre

1919 4967 2004 5004 ατι
2110 4956 2457 5026 frequentius
2482 4956 2897 5026 perturbentur,
2935 4956 3141 5026 placuit
3181 4956 3436 5013 instituta
3470 4968 3677 5027 vetera,

434 5040 532 5109 τῆς
555 5038 848 5101 δυσσεΰοῦς
865 5040 1178 5110 φρονήσεως
1210 5040 1457 5110 κήρυκάς
1486 5058 1545 5093 τε
1578 5042 1802 5104 ἑαυτοὺς
1828 5045 2003 5114 ἀνήγ-
2113 5061 2192 5102 rat

1922 5061 2003 5114 ιγ·
2113 5061 2229 5102 rata
2264 5056 2430 5119 atque
2461 5048 2802 5103 inviolabilia
2827 5048 3038 5103 servari
3066 5067 3080 5103 :
3110 5048 3461 5117 supradictos
3489 5066 3621 5107 vero
3651 5071 3680 5107 ιι

433 5130 757 5202 γειλαν,καὶ
787 5129 1156 5201 ἐπιχειροῦσιν
1193 5130 1523 5201 ἀνατρέπειν
1584 5133 1691 5185 πᾶν
1745 5132 2004 5204 ἀληθείας
2111 5156 2191 5195 θοι

1920 5136 2004 5198 {ac
2111 5140 2505 5195 communione
2558 5147 2749 5195 nostra
2801 5139 3092 5195 removeri.
3156 5138 3241 5193 Ad
3301 5141 3678 5199 instruendam

1626 5269 1894 5327 VALESII
1930 5269 2479 5332 ANNOTATIONES.

502 5386 579 5455 (7)
624 5382 1061 5458 Τῆς-,ἡμετέρας
1093 5388 1409 5452 κοινωνίας
1446 5390 1859 5457 χωρισθέντες.
1908 5390 2012 5446 Ur-
2114 5400 2260 5457 sent,

1921 5390 2012 5446 Ur-
2114 5400 2266 5457 sent,
2323 5393 2570 5447 damnati
2615 5403 2744 5448 sunt
2789 5394 2843 5447 in
2901 5392 3112 5458 synodo
3168 5391 3679 5458 Serdicensi,annu

435 5453 635 5531 saciusi
660 5453 715 5512 et
747 5453 958 5531 valens
980 5459 1065 5531 bis
1104 5472 1134 5531 ει
1185 5453 1575 5531 communione
1622 5453 1885 5517 Ecclesia
1914 5480 2007 5518 se-
2110 5453 2319 5518 Christi
2368 5464 2507 5527 547,
2554 5472 2614 5516 ιιι
2652 5463 2814 5517 docet
2861 5453 3092 5531 epistola
3140 5464 3402 5531 synodica
3455 5453 3676 5520 concilii

435 5530 641 5597 gregali
690 5538 837 5583 sunt.
869 5528 1049 5583 Semel
1102 5529 1154 5580 in
1198 5530 1412 5597 synodo
1445 5529 1729 5593 Romana,
1772 5546 1900 5585 cum
1934 5540 2002 5591 ad
2110 5532 2472 5589 Serdicensis.
2527 5534 2686 5587 Anno
2735 5528 2933 5588 deinde
2960 5533 3084 5594 549,
3133 5528 3274 5587 idem
3320 5536 3577 5591 Ursacius
3622 5544 3678 5591 et

430 5598 699 5665 judicium
739 5599 915 5653 vocati
955 5613 1060 5652 non
1097 5601 1432 5666 paruissent.
1467 5615 1610 5653 anno
1636 5600 1838 5655 Christi
1871 5603 1994 5660 542.
2108 5601 2307 5659 Valens
2334 5606 2571 5658 alterum
2605 5604 3004 5659 satisl'actionis
3038 5604 3277 5658 libellum
3305 5605 3491 5659 Romae
3515 5612 3678 5660 omna

435 5669 822 5743 ξιξιιιιιιῇἰρςίιιιι·Δ
858 5685 887 5723 a
942 5669 1327 5743 couniiunione
1388 5672 1677 5743 suspensi.
1714 5682 1902 5739 postea
1940 5678 1994 5731 in
2100 5674 2284 5728 lerunt
2328 5673 2475 5728 Julio
2527 5690 2714 5743 papa,
2755 5685 2809 5729 et
2865 5674 2934 5728 ab
2982 5674 3077 5727 illo
3124 5674 3180 5728 in
3235 5678 3676 5731 communionem

436 5738 1150 5815 Meiliolanensi_concil_io,
1212 5751 1465 5815 porrecto
1494 5738 1990 5815 satisfactionisli-
2103 5746 2346 5813 suscepti
2402 5738 2550 5800 sunt.
2589 5738 2714 5799 Hac
2764 5746 2887 5799 ideo
2939 5743 3119 5799 fusius
3169 5746 3391 5809 notavi,
3447 5748 3572 5815 quia
3620 5752 3674 5800 iu

436 5810 860 5885 bellinguscepti
894 5818 1022 5865 sunt
1050 5810 1107 5885 in
1132 5810 1594 5885 communionem,
1626 5828 1772 5885 anno
1788 5813 1993 5885 Christi
2101 5810 2337 5883 epistola
2371 5815 2632 5885 synodica
2668 5816 3036 5871 Ariminensis
3068 5815 3289 5872 concilii
3338 5832 3447 5870 non
3464 5810 3676 5871 'videna

435 5880 557 5933 546.
607 5880 876 5944 Posthac,
916 5896 1040 5933 cum
1080 5879 1301 5932 Arionis
1326 5880 1525 5934 iterum
1563 5898 1683 5937 sese
1710 5884 1996 5952 adjumis-
2104 5879 2193 5937 tur
2227 5887 2363 5941 satis
2402 5879 2531 5941 esse
2559 5886 2842 5941 distincta.
