4452 6584
379 469 518 528 H69

1349 457 1672 514 HISTORIA
1713 439 2280 509 ECCLESIASTICA.
2319 487 2385 496 --
2423 455 2552 511 LIB.
2597 455 2682 508 IV.

3511 458 3652 513 “10

379 592 506 655 τοὺς
533 588 660 660 παρ’
687 586 865 640 αὐτῶν
915 584 1320 648 ἀποσταλέντας
1360 583 1638 654 πρέσϐεις,
1681 575 1965 644 ἐπέδειξαν
1995 583 2036 636 Α
2067 593 2132 631 co

1890 578 1965 644 ξαν
1995 583 2036 636 Α
2067 579 2304 633 concilio
2337 577 2537 631 missos
2571 575 2957 646 praevenisseut
2984 615 2994 637 ,
3021 573 3482 644 cortSt-riptionem
3527 575 3648 630 fidei

381 682 460 752 τῷ
493 681 704 752 βασιλεῖ
734 677 832 750 τὴν
863 677 1080 748 γραφὴν
1125 677 1190 746 ἣν
1222 675 1556 744 ἀνέγνωσαν,
1593 676 1686 727 καὶ
1708 671 1804 743 τὴν
1840 671 1966 724 σύν-

382 773 500 827 οδον
557 769 820 824 διέϐαλον.
875 769 932 822 '0
965 768 1042 830 δὲ,
1066 766 1329 836 λυπηθεὶς
1369 766 1497 828 ἴσως
1547 766 1627 817 ὅτι
1666 765 1738 835 μὴ
1767 762 1968 833 ταύτην

383 863 778 936 προσεδέξαντο
824 860 922 932 τὴν
985 860 1188 920 πίστιν.
1250 859 1327 922 ὡς
1374 859 1467 912 καὶ
1496 855 1662 910 αὐτοῦ
1703 856 1970 925 παρόντος

384 960 443 1010 ὲν
472 955 687 1026 Σιρμίῳ
733 952 1141 1024 βεϐαιωθεῖσαν,
1169 951 1291 1014 τοὺς
1321 951 1420 1021 μὲν
1449 953 1505 1003 ἐν
1527 950 1660 1019 τιμῇ
1695 942 1828 1017 εἶχε⁹
1860 946 1969 999 τῶν

382 1047 439 1100 δὲ
477 1046 760 1116 πρέσϐεων
785 1044 997 1116 ἡμέλει,
1025 1045 1119 1097 καὶ
1136 1046 1199 1115 τῇ
1229 1042 1528 1113 προσεδρίᾳ.
1558 1038 1966 1110 ταλαιπωρούν-

383 1150 494 1186 των
544 1132 854 1205 ὑπερεώρα.
913 1133 1039 1203 Ὀψὲ
1083 1131 1140 1186 δέ
1180 1149 1310 1185 ποτε
1359 1130 1566 1201 ἔγραψε
1616 1132 1679 1200 τῇ
1742 1130 1968 1200 συνόδῳ,

387 1224 822 1295 παραιτούμενος
875 1225 950 1287 ὼς
1011 1223 1283 1293 ἀναγκαία
1339 1241 1421 1286 τις
1481 1221 1642 1276 αὐτὸν
1677 1222 1969 1292 ἧπειγενή

388 1312 530 1386 πρὸς
552 1317 678 1378 τοὺς
715 1316 1026 1387 βαρϐάρους
1051 1315 1188 1378 ὁδὸς,
1224 1315 1318 1368 καὶ
1352 1315 1439 1368 διὰ
1465 1313 1623 1367 τοῦτο
1651 1313 1779 1376 τοὺς
1831 1313 1969 1384 πρέ-

390 1401 540 1464 σϐεις
599 1400 724 1455 ἰδεῖν
778 1402 839 1454 οὐ
878 1401 1122 1470 δύνηται.
1161 1401 1444 1453 Ἐκέλευεε
1493 1401 1548 1452 δὲ
1582 1402 1637 1451 εν
1683 1397 1965 1469 Ἀδριανοῦ

390 1494 546 1546 πόλει
597 1494 888 1547 ἐπανιόντα
937 1493 1098 1546 αὐτὸν
1149 1493 1466 1561 ἐπιμεῖναι·
1517 1491 1580 1544 ἶν’
1633 1491 1853 1544 ἐπειδὰν
1905 1490 1975 1544 τά

390 1586 545 1639 κοινὰ
607 1585 906 1655 πράγματα
966 1583 1235 1656 διατεθείη
1289 1584 1502 1648 καλῶς,
1559 1583 1862 1654 ἐλεύθερος
1898 1584 1974 1639 ὦν

390 1680 708 1749 φροντίδων,
728 1679 796 1730 τά
831 1679 958 1750 περὶ
987 1677 1093 1731 τῶν
1145 1678 1430 1748 πρέσϐεων
1463 1665 1676 1750 ἀκούσῃ
1721 1679 1815 1730 καὶ
1840 1678 1976 1732 δοκι-

395 1771 564 1840 μάσῃ.
619 1771 924 1841 Προσήκειν
958 1768 1066 1840 γάρ
1105 1770 1194 1823 τὸν
1235 1771 1363 1841 περὶ
1391 1768 1498 1822 τῶν
1540 1770 1698 1822 θείων
1744 1769 1974 1840 διαλαμ-

392 1863 574 1916 ϐάνειν
608 1861 888 1932 μέλλοντα,
935 1859 1183 1930 καθαρὰν
1218 1859 1361 1928 ἔχειν
1405 1860 1515 1912 τῶν
1544 1859 1718 1914 ἄλλων
1745 1858 1843 1930 τὴν
1868 1860 1971 1928 ψυ-

392 1956 510 2024 χήν.
560 1928 668 2006 καὶ
722 1954 750 2004 ὁ
797 1953 895 2023 μὲν
946 1928 1120 2005 τοιάδε
1147 1951 1397 2021 ἔγραψε.
1436 1952 1578 2023 Πρὸς
1635 1928 1810 2004 ταῦτα
1849 1951 1904 2004 δὲ
1939 1951 1970 2022 ἡ
2008 1928 2050 1983 Β

394 2046 609 2110 σύνοδος
648 2046 1033 2114 ἀντεδὴλωσεν,
1066 2043 1448 2114 ἰσχυριζομένη
1478 2042 1739 2113 μηδαμῶς
1762 2044 1974 2114 ἀναχωα

397 2144 509 2211 ρεῖν
563 2139 670 2192 τῶν
713 2139 1083 2208 δεδογμένων,
1136 2138 1227 2190 καὶ
1272 2136 1429 2189 τοῦτο
1456 2135 1684 2205 γράψαι,
1735 2137 1829 2189 καὶ
1865 2139 1976 2199 τοῖς

395 2230 690 2300 πρέσϐεσιν
756 2229 1114 2282 ἐντείλασθαι.
1152 2229 1261 2281 Καὶ
1310 2227 1576 2279 ἀντιϐολεῖ
1617 2227 1731 2297 μετ’
1765 2227 1976 2288 εὐνοίας

394 2326 591 2388 αὐτοὺς
623 2324 769 2387 ἰδεῖν,
811 2325 905 2379 καὶ
935 2317 1010 2379 ὧν
1041 2323 1343 2376 ἐνετείλατο
1363 2321 1428 2374 δι’
1452 2321 1628 2374 αὐτῶν
1651 2323 1975 2382 ἐπακούσαι,

396 2416 488 2468 καὶ
520 2415 589 2467 τά
619 2413 901 2484 γραφέντα
935 2391 1259 2480 ἀναγνῶνάι.
1292 2411 1536 2463 Χαλεπὸν
1563 2410 1671 2479 γὰρ
1702 2412 1793 2462 καὶ
1830 2410 1978 2479 αὐτῴ

398 2505 704 2575 φανεῖσθαι,
768 2506 1035 2568 τοσαύτας
1077 2503 1396 2575 Ἐκκλησίας
1455 2505 1620 2573 χωρίς
1667 2504 1980 2555 ἐπισκόπων

397 2595 537 2651 εἶναι
568 2602 624 2651 ὲν
646 2599 821 2669 καιρῷ
843 2599 939 2668 τῆς
962 2599 1126 2673 αὐτοῦ
1160 2593 1456 2667 βασιλείας.
1491 2598 1698 2666 Χρῆναι
1729 2597 1804 2657 δὲ,
1824 2598 1980 2648 εἶκαὶ

397 2688 547 2757 αὐτῴ
580 2687 844 2751 συνδοκεῖ,
887 2690 966 2750 είς
1018 2689 1114 2750 τὰς
1163 2687 1344 2740 αὐτῶν
1391 2685 1690 2755 ἐκκλησίας
1734 2686 1838 2756 ττρρ
1885 2685 1979 2737 τού

399 2783 664 2854 χειμῶνος
713 2781 1046 2836 ἐπανελθεῖν.
1101 2780 1338 2833 Τοιαῦτα
1396 2780 1727 2848 γράψαντες,
1763 2778 1858 2830 καὶ
1905 2778 1980 2839 ὼς

403 2871 546 2932 εἰκὸς
571 2867 658 2940 ἦν,
693 2873 750 2923 ἐν
777 2871 982 2932 ἱκεσίας
1016 2871 1167 2936 τάξει
1196 2872 1288 2923 καὶ
1315 2871 1536 2940 ὀνόματι
1566 2869 1662 2940 τὴν
1695 2868 1980 2938 ἐπιστολὴν

404 2962 780 3027 συντάξαντες,
807 2961 985 3028 ὀλίγον
1011 2961 1199 3031 χρόνον
1251 2961 1567 3031 ἐπέμειναν.
1613 2961 1698 3024 Ὠς
1736 2961 1792 3014 δὲ
1830 2961 1980 3014 οὐδὲν

402 3054 583 3116 αὐτοῖς
605 3053 992 3125 ἁντεδήλωσεν,
1024 3054 1116 3105 ἐπὶ
1149 3054 1246 3120 τὰς
1268 3053 1447 3105 αὐτῶν
1486 3051 1841 3123 ἀνεχώρησαν
1887 3051 1983 3103 πό-

403 3143 536 3206 λεις.
573 3145 658 3206 Ὠς
685 3146 780 3216 μὲν
818 3141 910 3198 οὖν
937 3145 996 3209 ἐξ
1030 3146 1205 3215 ἀρχῆς
1229 3147 1337 3207 τοῖς
1358 3147 1415 3197 ἐν
1440 3145 1644 3214 Νικαίᾳ
1673 3145 1855 3208 δόξασι
1884 3139 1982 3196 ’καὶ

2073 683 2102 722 a
2138 684 2198 723 se
2242 665 2543 738 perfectam
2588 666 2911 734 imperatori
2969 664 3371 728 ostenderunt,
3417 674 3472 720 et
3517 679 3651 735 syn-

2072 760 2237 816 odum
2268 774 2530 816 accusare
2561 764 2865 828 cmpcruut.
2897 757 3196 828 Imperator
3231 773 3359 812 vero
3401 757 3654 826 indigna-

2074 854 2220 905 tione
2251 859 2592 911 commotus,
2639 847 2710 902 ob
2749 849 2803 903 id
2842 847 3077 904 fortasse
3119 847 3266 919 quod
3311 848 3468 902 (idem
3506 849 3654 902 illam

2075 942 2358 1011 suscipere
2420 949 2811 1004 recusassent,
2874 957 2994 1010 qua:
3049 939 3236 994 Sirmii
3297 954 3482 993 coram
3533 940 3654 1007 ipso

2074 1034 2431 1104 comprobata
2464 1033 2674 1099 fuerat;
2714 1033 2999 1088 Ursacium
3030 1033 3249 1103 quidem
3280 1031 3656 1096 ac,Valentem

2073 1126 2379 1182 lionorilice
2407 1127 2622 1195 excepit
2655 1145 2666 1180 :
2705 1126 2916 1197 legatos
2951 1141 3080 1180 vero
3111 1124 3391 1194 despectui
3429 1123 3656 1186 habuit,

2075 1221 2367 1275 actametsi
2391 1219 2650 1274 diuturna
2673 1234 2823 1273 mora
2847 1219 3224 1289 fatigarentur,
3245 1218 3450 1271 nullam
3467 1231 3656 1270 eorum

2073 1327 2261 1368 curam
2308 1313 2496 1381 gessit.
2547 1310 2684 1365 Sero
2717 1313 2932 1365 tandem
2971 1309 3200 1380 scripsit
3245 1308 3312 1362 ad
3361 1306 3658 1378 synodum,

2075 1421 2348 1464 excusans
2408 1422 2466 1459 se
2534 1404 2680 1475 quod
2742 1413 2965 1472 propter
3027 1409 3308 1471 urgentem
3369 1398 3661 1469 quamdam

2080 1507 2279 1552 contra
2317 1497 2585 1551 barbaros
2626 1495 3030 1564 expeditionem
3059 1535 3074 1559 ,
3121 1495 3330 1563 legatos
3375 1491 3547 1560 ipsius
3585 1491 3665 1542 vi-

2077 1593 2204 1647 dere
2255 1590 2476 1644 minimc
2528 1589 2816 1659 potuisset.
2873 1589 3144 1644 Craterum
3191 1586 3426 1657 jussisse
3495 1598 3556 1638 se
3606 1588 3666 1635 ut

2076 1681 2238 1750 legati
2285 1681 2516 1735 reditum
2569 1681 2741 1749 ipsius
2793 1681 3148 1750 AdriaoOpoli
3215 1685 3602 1747 exspectarent
3647 1696 3663 1730 :

2075 1788 2217 1844 quo.
2245 1773 2480 1843 negotiis
2537 1771 2771 1841 publicis
2818 1773 2918 1826 rite
2955 1773 3109 1841 prius
3160 1767 3668 1835 eonstitutis,.ipse

2077 1868 2225 1923 curis
2264 1866 2520 1921 omnibus
2561 1867 2728 1927 liber,
2777 1865 3052 1934 negotium
3103 1867 3345 1932 ipsorum
3387 1859 3577 1913 audire
3614 1863 3668 1911 et

2077 1960 2393 2015 examinare
2429 1967 2632 2026 pOSSet.
2667 1957 2801 2008 Eum
2838 1957 2983 2010 enim
3026 1955 3119 2024 qui
3164 1954 3232 2007 de
3272 1953 3436 2005 rebus
3467 1947 3667 2002 divinis

2078 2051 2386 2120 disceptato
2397 2066 2489 2104 rus
2507 2050 2602 2113 sit,
2623 2029 2862 2102 animum
2888 2062 2917 2100 a
2944 2047 3169 2115 reliquis
3185 2044 3416 2113 negotiis
3432 2053 3664 2094 vacuum

2078 2143 2273 2196 afferre
2311 2151 2588 2210 oportere.
2634 2139 2699 2192 Et
2751 2132 3046 2208 imperator
3089 2136 3310 2206 quidem
3351 2131 3572 2201 scripsit
3611 2129 3666 2183 in

2079 2235 2224 2290 ltuuc
2261 2232 2500 2286 modum.
2531 2233 2785 2301 Synodus
2816 2246 2940 2284 vero
2969 2231 3052 2283 IIIS
3078 2227 3276 2282 litteris
3303 2224 3667 2293 respondens,

2044 2333 2049 2342 ‘
2079 2334 2394 2409 constanter
2427 2325 2714 2377 ailirmavit
2751 2338 2810 2377 se
2837 2322 2906 2376 ab
2933 2323 3001 2375 iis
3029 2336 3151 2390 quae
3186 2319 3406 2374 decreta
3450 2322 3667 2378 essent,

2079 2419 2306 2472 minime
2337 2418 2709 2473 discessuram
2751 2435 2763 2470 :
2805 2415 2970 2483 idque
3007 2428 3066 2467 se
3095 2415 3205 2480 jam
3252 2412 3578 2479 scripsisse,
3617 2416 3669 2461 et

2081 2510 2274 2580 legatis
2322 2511 2438 2563 suis
2499 2509 2809 2562 mandasse.
2871 2504 3212 2572 IIogavitque
3272 2511 3330 2555 ut
3391 2517 3488 2556 eos
3536 2516 3661 2553 cum

2082 2602 2458 2658 benevolentia
2507 2601 2752 2670 aspicere
2773 2617 2803 2661 ,δ
2825 2612 3130 2664 eorumque
3158 2594 3414 2647 mandata
3447 2592 3636 2646 autlire
3655 2631 3669 2654 ,

2081 2700 2135 2747 et
2190 2693 2398 2746 litteras
2446 2691 2626 2759 legere
2678 2691 2858 2744 vellet.
2906 2687 3039 2740 Nam
3095 2696 3149 2742 et
3197 2686 3371 2754 ipsius
3415 2683 3655 2754 judicio.

2083 2783 2501 2838 acerbissimam.
2539 2797 2652 2834 rem
2694 2779 2847 2845 fore,
2897 2779 2940 2833 si
2974 2788 3052 2833 tot
3095 2777 3377 2840 Ecclesia},
3422 2778 3543 2845 ipso
3587 2793 3669 2829 re-

2081 2885 2325 2946 gnante,
2377 2875 2650 2944 episcopis
2705 2873 2821 2929 suis
2874 2874 3266 2927 destituantur.
3323 2869 3483 2939 159
3523 2868 3674 2938 Ipsos

2085 2969 2250 3038 igitur
2283 2978 2407 3021 ante
2454 2967 2726 3030 hiemem,
2780 2965 2826 3020 si
2868 2965 2972 3034 ipsi
3020 2977 3236 3033 quoque
3277 2962 3329 3015 id
3373 2959 3673 3030 placuerit,

2084 3059 2150 3113 ad
2191 3058 2468 3114 Ecclesias
2503 3071 2632 3112 suas
2667 3056 2867 3111 reverti
2909 3063 3183 3124 oportere.
3233 3052 3358 3106 l-lzce
3381 3068 3507 3106 cum
3534 3049 3671 3105 scri-

2086 3153 2344 3222 psissent,
2381 3161 2434 3204 et
2471 3149 2894 3220 supplicationis
2932 3164 3082 3202 more
3117 3146 3430 3216 modoque,
3482 3151 3539 3196 ut
3575 3157 3674 3212 par

404 3238 454 3289 οἱ
497 3239 555 3290 ὲν
605 3239 882 3308 ’Λριμήνῳ
938 3238 1276 3299 συνελθόντες
1316 3237 1673 3308 ἐψηφίσαντο,
1711 3238 1984 3307 μαρτυρεῖ
2015 3266 2054 3323 C
2088 3259 2162 3299 er;

1917 3238 1984 3289 >εῖ
2015 3266 2054 3323 C
2088 3255 2204 3299 erat
2235 3283 2249 3304 ,
2306 3244 2594 3312 epistolam
2652 3241 3110 3302 contexuissent,
3165 3240 3448 3309 paululum
3498 3235 3675 3288 adhuc

405 3336 474 3380 τά
497 3330 778 3400 εἰρημένα.
812 3328 1030 3399 Ῥητέον
1050 3329 1106 3381 δὲ
1142 3328 1234 3380 νῦν
1260 3330 1406 3392 ὅπως
1443 3329 1668 3400 ὓστερον
1693 3328 1987 3398 συνῄνεσαν

403 3422 472 3489 τῇ
503 3419 932 3491 προκομισθείσῃ
971 3423 1153 3491 γραφῇ
1193 3423 1342 3493 παρὰ
1385 3421 1494 3474 τῶν
1535 3422 1678 3492 ἀμφὶ
1716 3421 1990 3475 Οὐάλεντα

407 3514 502 3566 καὶ
562 3513 886 3582 Οὐρσάκιον.
944 3514 1210 3587 Διάφορος
1263 3515 1318 3567 δὲ
1338 3496 1502 3582 λόγος
1536 3513 1664 3583 περὶ
1691 3511 1991 3576 τούτούείς

409 3606 508 3675 ἐμὲ
537 3601 718 3676 ἦλθεν.
761 3608 821 3658 Oi
847 3605 946 3675 μὲν
981 3607 1089 3676 γάρ
1114 3624 1266 3674 φασι,
1301 3608 1572 3678 πρόφασιν
1599 3607 1807 3676 ὕϐρεως
1837 3606 1990 3676 βασι-

409 3699 506 3751 λέα
530 3699 892 3768 ποιησάμενον
917 3700 1012 3767 τὴν
1036 3701 1183 3770 παρὰ
1209 3698 1433 3770 γνώμην
1464 3699 1628 3753 αὐτοῦ
1655 3698 1715 3762 ἐξ
1759 3699 1992 3768 Ἀριμή-

409 3808 501 3844 νου
529 3790 638 3843 τῶν
677 3791 992 3845 ἐπισκόπων
1031 3793 1362 3862 ἀποδημίαν,
1411 3793 1701 3863 ἐπιτρέψαι
1732 3791 1992 3859 Οὐάλεντι

411 3884 504 3936 καὶ
531 3886 639 3946 τοῖς
675 3883 772 3937 σὺν
808 3883 976 3954 αὐτῷ,
1077 3885 1142 3938 ἂν
1166 3883 1362 3937 θέλωσι
1392 3885 1491 3947 τὰς
1515 3884 1650 3956 πρὸς
1679 3883 1832 3953 δύσιν
1873 3884 1994 3937 Ἐκ-

412 3972 640 4042 κλησίας
664 3973 905 4038 διοικεῖν,
939 3975 1032 4026 καὶ
1056 3973 1154 4042 τὴν
1171 3975 1609 4043 ἀναγνωσθεῖσαν
1636 3976 1694 4027 ὲν
1719 3975 1994 4045 ’Λριμήνῳ

412 4064 597 4116 πίστιν
618 4063 882 4117 ἐκδιδόναι
904 4081 916 4094 ⁸
947 4063 1073 4126 τοὺς
1102 4064 1158 4116 δὲ
1195 4066 1538 4137 ὑπογράφειν
1575 4065 1749 4137 ταύτῃ
1797 4083 1996 4136 παραι-

412 4155 707 4227 τουμένους
751 4157 1035 4211 ἐκϐάλλειν
1075 4157 1188 4227 τῶν
1229 4134 1597 4229 Ἐκκλησιῶψ
1635 4134 1758 4213 ἀντὶ
1789 4159 1844 4212 δὲ
1873 4134 1994 4230 τούτ

415 4265 542 4312 των,
573 4248 792 4318 ἑτέρους
816 4254 1161 4321 χειροτονεῖν.
1208 4252 1416 4314 Ἀδείας
1458 4253 1515 4304 δὲ
1555 4251 1802 4305 ἐντεῦθεν
1835 4252 1995 4304 λαϐο-

420 4344 633 4410 μένους,
662 4340 953 4411 βιάσασθαι
980 4343 1150 4412 ταύτῃ
1187 4344 1248 4412 τῇ
1279 4330 1457 4394 πίστει
1491 4341 1831 4412 ὑπογράψαι·
1862 4343 1991 4394 πολ-

415 4431 543 4496 λοὺς
567 4433 624 4486 δὲ
664 4434 738 4504 μὴ
771 4433 1125 4504 πειθομένους
1154 4434 1464 4497 διῶξαιτῶν
1508 4433 1868 4503 Ἐκκλησιῶν,
1903 4436 1996 4487 καὶ

419 4526 633 4596 πρῶτον
663 4527 912 4598 Λιϐέριον
947 4527 1022 4597 (9)
1050 4528 1140 4580 τὸν
1190 4527 1476 4596 Ῥωμαίων
1511 4527 1826 4580 ἐπίσκοπον.
1847 4525 1997 4578 Ἐπεὶ

2092 3339 2354 3406 temporis
2389 3336 2776 3414 substiterunt.
2823 3332 2929 3388 Sed
2967 3348 3090 3385 cum
3133 3331 3269 3384 nihil
3309 3329 3444 3397 ipsis
3468 3326 3675 3381 rescri-

2093 3429 2348 3489 beretur,
2385 3429 2449 3481 ad
2501 3442 2630 3482 suas
2671 3425 2906 3495 quisque
2969 3422 3134 3478 tit-bes
3176 3420 3376 3475 reversi
3415 3425 3562 3474 sunt.
3612 3415 3678 3468 Et

2092 3521 2248 3575 initio
2272 3519 2490 3588 quidem
2513 3519 2804 3588 episcopos
2831 3515 3198 3568 Arimiueusis
3220 3509 3438 3566 concilii
3458 3509 3676 3564 decreta

2092 3613 2324 3668 Nicama:
2359 3611 2553 3680 synodi
2583 3609 2990 3691 comprobasse,
3020 3621 3082 3660 ea
3110 3621 3230 3675 quae
3247 3604 3484 3658 diximus
3505 3600 3679 3654 abun-

2093 3707 2160 3761 de
2204 3713 2498 3760 testantur.
2541 3701 2659 3757 Jam
2703 3716 2832 3755 vero
2863 3697 3327 3768 quemadmodum
3364 3693 3612 3748 formulae
3648 3705 3679 3744 a

2098 3796 2322 3851 Valente
2373 3803 2426 3848 et
2473 3792 2702 3847 Ursacio
2748 3793 2976 3861 prolata:
3022 3797 3207 3857 postea
3251 3784 3676 3844 consenserint,

2094 3886 2637 3944 commemorandum]
2685 3891 2790 3939 est.
2847 3881 3003 3948 Quod
3053 3879 3271 3950 quidem
3311 3875 3678 3932 diversimode

2094 3981 2323 4037 relatum
2353 3977 2618 4048 comperi.
2654 3977 2760 4030 Alii
2806 3975 2952 4029 enim
2995 3973 3223 4034 dicunt,
3268 3971 3674 4040 imperatorem,

2093 4076 2478 4146 episcoporum
2512 4073 2580 4126 ab
2614 4071 2747 4126 urbe
2769 4068 3102 4123 Ariminensi
3149 4065 3454 4119 discessum
3487 4069 3681 4117 contu-

2095 4170 2271 4225 meliae
2325 4168 2445 4221 loco
2486 4165 2816 4228 ducentem,
2862 4178 2928 4216 eo
2973 4160 3116 4230 quod
3159 4161 3298 4213 citra
3335 4148 3677 4212 consensum

2097 4261 2268 4337 ipsius
2302 4257 2738 4319 discessissent,
2786 4253 3019 4315 Valenti,
3063 4260 3115 4304 et
3168 4251 3234 4306 iis
3289 4250 3539 4318 quicum
3584 4247 3681 4300 illo

2095 4363 2276 4414 erant,
2328 4348 2648 4418 permisisse
2703 4355 2760 4399 ut
2803 4345 3235 4401 Occidentalium
3301 4341 3535 4411 partium
3576 4338 3679 4391 Ec‘

2098 4444 2296 4498 clesias
2339 4458 2438 4509 pro
2487 4441 2720 4495 arbitrio
2761 4454 2862 4492 suo
2900 4439 3258 4492 ordiuarent:
3308 4443 3362 4488 et
3388 4433 3676 4486 formulam

2099 4533 2222 4587 fidei
2273 4531 2500 4586 Arimini
2545 4531 2844 4599 perlectam
2900 4529 3311 4596 promulgarent
3353 4543 3367 4578 :
3408 4539 3503 4578 eos
3552 4536 3681 4576 vero

417 4615 474 4668 δὲ
511 4615 636 4668 τάδε
670 4618 781 4678 τοῖς
815 4616 956 4670 κατὰ
984 4616 1080 4686 τήν
1119 4615 1349 4669 Ἰταλίαν
1398 4615 1659 4686 ἔπραξαν,
1705 4615 1996 4685 βουλεύσα-
2027 4617 2072 4677 D
2100 4641 2170 4694 qu

1922 4633 1996 4669 πα·
2027 4617 2072 4677 D
2100 4625 2192 4694 qui
2229 4623 2474 4677 formula:
2516 4622 2593 4674 illi
2645 4620 2991 4674 subscribere
3033 4618 3376 4679 renuissent,
3424 4613 3680 4668 licclesiis

421 4701 541 4761 δθαι
570 4708 664 4762 καὶ
687 4708 784 4770 τὰς
811 4709 912 4762 ἀνὰ
935 4710 1033 4778 τὴν
1052 4709 1164 4760 Ἕω
1190 4709 1515 4778 Ἑκκλησίας
1542 4710 1632 4762 τὸν
1656 4709 1767 4761 ἴσον
1795 4709 1993 4763 διαθεῖο

419 4818 506 4853 ναι
538 4800 756 4870 τρόπον.
794 4802 1037 4877 Διιόντας
1071 4802 1124 4854 δὲ
1155 4802 1255 4872 τὴν
1295 4802 1540 4872 Θρᾴκην,
1588 4802 1993 4871 παραγενέσθαι

419 4894 498 4956 είς
545 4893 741 4963 Νίκην,
801 4893 954 4946 πόλιν
1003 4893 1155 4945 τοῦδε
1206 4893 1298 4946 τοῦ
1332 4893 1547 4956 ἔθνους·
1594 4895 1690 4946 καὶ
1725 4894 1995 4965 συνέδριον

418 4985 605 5039 ἐνθάδε
629 4985 968 5049 καθίσαντες,
1015 4986 1112 5056 τὴν
1157 4985 1599 5054 ἀναγνωσθεῖσαν
1625 4987 1681 5039 ὲν
1717 4987 1995 5057 ’Δριμήνῳ

418 5078 633 5147 γραφὴν
665 5080 742 5141 είς
775 5077 1000 5131 Ἑλλάδα
1053 5079 1375 5148 μεταϐαλεῖν
1415 5079 1630 5148 φωνὴν,
1684 5080 1778 5134 καὶ
1822 5081 1994 5148 δημο-

422 5173 732 5232 σιεύσαντες
771 5169 1062 5238 βεϐαιῶσαι
1092 5186 1103 5198 ·
1160 5169 1255 5222 καὶ
1291 5169 1618 5238 λογοποιεῖν,
1658 5170 1732 5234 ὡς
1762 5171 1865 5222 ὑπὸ
1899 5172 1998 5241 τῆς

419 5263 800 5330 οἰκούμενικῆς
832 5262 1070 5323 συνόδου,
1105 5263 1137 5331 η
1167 5263 1222 5313 ὲν
1250 5259 1392 5333 Νίκῃ
1426 5263 1606 5324 πίστις
1645 5262 1997 5334 ὐπηγορεύθη

419 5353 813 5424 καὶέδοξάσθη.
863 5354 1142 5424 Ἐπιτηδές
1195 5353 1252 5408 δὲ
1322 5355 1448 5408 τάδε
1495 5355 1550 5406 ἐν
1591 5355 1738 5427 Νίκῃ
1769 5357 1992 5425 πρᾶξαι,

420 5447 512 5499 καὶ
531 5439 630 5499 ὦδε
660 5447 1049 5517 ἐπευφημῆσαι
1080 5448 1212 5518 (I0),
1249 5446 1389 5500 ὥστε
1428 5448 1553 5510 τοὺς
1589 5446 1991 5516 ἁπλουστέρους

2101 4717 2394 4786 ejicereut,
2438 4724 2494 4770 et
2543 4715 2597 4768 in
2625 4728 2813 4768 eorum
2863 4713 3040 4767 locum
3074 4711 3211 4764 alios
3254 4709 3677 4763 constituerent.

2103 4808 2243 4863 Istos
2280 4823 2428 4869 vero,
2461 4806 2589 4859 hinc
2621 4805 2892 4858 licentiam
2927 4810 3139 4865 nactos,
3174 4801 3414 4854 adhibita
3443 4801 3493 4852 vi
3529 4814 3682 4853 com-

2105 4901 2311 4971 pulissc
2339 4897 2628 4967 episcopos
2672 4904 2730 4949 ut
2774 4895 2898 4948 tidei
2954 4895 3029 4947 illi
3084 4893 3493 4948 subscriberent
3531 4907 3544 4942 :
3585 4906 3681 4946 eos

2105 5001 2284 5046 autem
2332 4989 2427 5058 qui
2471 4988 2811 5048 resisterent,
2857 4984 3117 5040 Ecelesiis
3153 4987 3270 5039 suis
3315 4985 3678 5049 exturbasse,

2101 5099 2164 5137 ac
2227 5083 2462 5153 primum
2513 5080 2754 5133 omnium
2812 5077 3088 5132 Liberium
3150 5081 3470 5147 episcopum
3528 5078 3679 5132 urbis

2104 5176 2310 5228 ltelnzc.
2355 5172 2558 5226 Deinde
2605 5170 2879 5240 episcopis
2929 5169 3092 5223 Italia:
3145 5169 3287 5222 hunc
3339 5170 3391 5221 in
3457 5169 3677 5222 modum

2099 5266 2307 5322 vexatis
2329 5305 2342 5329 ,
2383 5263 2621 5318 Orientis
2660 5279 2878 5332 quoque
2924 5262 3199 5316 Ecclesias
3233 5261 3349 5332 pari
3377 5261 3539 5314 nmdo
3568 5275 3679 5314 tra-

2100 5369 2249 5414 ctare
2271 5359 2495 5413 adortos
2513 5372 2654 5412 esse.
2675 5355 2739 5409 Et
2768 5371 2890 5409 cum
2919 5369 3009 5424 per
3033 5353 3322 5408 Thraciam
3351 5341 3674 5416 transi-rent,

2098 5451 2266 5506 Nicen
2302 5451 2616 5523 pervenisse
2641 5489 2655 5514 ,
2690 5447 2836 5516 quod
2867 5456 2943 5503 est
2981 5447 3238 5518 oppidum
3273 5447 3416 5501 illius
3456 5445 3676 5515 provin-

1564 5609 1830 5666 VALESII
1866 5607 2413 5667 ANNOTATIONES.

493 5700 572 5770 (9)
609 5701 713 5754 Καὶ
757 5701 991 5769 πρῶτον
1038 5702 1326 5768 Λιϐἐριον.
1372 5702 1660 5756 Falluntur
1691 5703 1993 5772 scriptores

423 5772 517 5897 xui
567 5771 619 5852 id
669 5772 944 5827 dixerant.
1000 5772 1137 5826 Nam
1189 5773 1441 5827 Liberius
1494 5771 1818 5843 aliquandiu
1868 5782 1994 5827 ante

473 5857 767 5897 nmtnense
828 5845 1122 5897 concilium
1184 5845 1501 5897 relegatus.
1569 5854 1622 5897 et
1675 5846 1742 5897 ab
1794 5846 1992 5897 exsilio

473 5845 767 5897 riminense
828 5845 1122 5898 concilium
1184 5845 1501 5911 relegatus,
1569 5854 1622 5900 ct
1675 5846 1742 5898 ab
1794 5846 1992 5900 exsilio

425 5923 712 5970 revocatus
757 5912 953 5969 fuerat.
992 5923 1048 5972 ut
1089 5930 1253 5985 ξονι-ει
1288 5915 1542 5971 vidimus.

2173 5701 2285 5769 (-IO)
2330 5700 2432 5753 Καὶ
2489 5693 2605 5751 ὦδε
2659 5698 3109 5769 ἐπευφημῆσαι.
3164 5692 3376 5769 Mallem
3436 5693 3679 5745 scribere

2102 5765 2454 5840 ἐπιφημίσαι.
2491 5770 2675 5871 Utitur
2710 5765 2890 5824 tamen
2925 5768 3120 5823 eadem
3171 5780 3303 5819 voce
3333 5765 3676 5820 Sozomenus

2104 5844 2241 5871 int}...
2300 5844 2473 5871 n-II\:I.\
2503 5850 2522 5870 ἣν

2104 5847 2266 5905 infra,
2299 5847 2473 5911 cztpitt‘
2503 5847 2589 5896 ‘23.
