4452 6584
420 482 564 540 H73

1371 476 1691 535 HISTORIA
1734 460 2304 537 ECCLESIASTICA.
2344 513 2415 526 —
2452 482 2580 539 LIB.
2622 484 2709 541 ιν.

3533 488 3670 543 HN

419 600 547 670 πρὶν
600 597 865 668 συστῆσαι
901 597 1003 669 τὴν
1045 596 1104 651 ἐν
1142 595 1432 668 Σελευκείᾳ
1458 595 1697 663 σύνοδον,
1737 586 1995 665 μέγισται
2025 599 2070 657 Α
2097 613 2177 671 gr:

1910 610 1995 649 ται
2025 599 2070 657 Α
2097 599 2410 671 gravissimi
2453 602 2719 658 tumultus
2763 600 2817 655 in
2871 599 3113 656 Orientis
3160 598 3407 670 partibus
3450 602 3668 659 excitati

420 688 656 759 ταραχαὶ
683 690 823 743 κατὰ
859 688 958 760 τὴν
990 688 1108 743 Ἕω
1141 688 1463 759 συνέδησαν.
1495 689 1558 741 Ol.
1596 688 1694 758 μὲν
1718 683 1828 756 γὰρ
1853 686 2000 757 ἀμφὶ

432 780 687 836 Ἀκάκιον
713 781 810 834 καὶ
840 779 1202 850 Πατρόφιλον,
1239 779 1562 850 ἀφελόμενοι
1594 778 1867 849 Μάξιμον,
1901 778 1999 849 τὴν

430 869 816 942 Ἰεροσολύμων
856 870 1179 942 Ἐκκλησίαν
1227 869 1482 941 Κυρίλλῳ
1529 868 1855 940 ἐπέτρεψαν.
1879 870 1999 923 Μα-

420 960 652 1024 κεδόνιος
701 960 757 1014 δὲ
801 959 901 1032 τὴν
948 960 1539 1027 Κωνσταντινούπολιν,
1585 962 1679 1014 καὶ
1714 960 1813 1024 τὰς
1839 960 1999 1029 πέριξ

420 1051 605 1118 πόλεις
656 1052 978 1124 ἐτάραττενο
1020 1052 1097 1117 ὡς
1148 1052 1351 1124 ἧρξατο
1389 1054 1716 1125 χειροτονεῖν
1746 1054 1775 1107 ὁ
1799 1052 1996 1106 Μακά-

421 1162 537 1215 ριος
589 1145 723 1215 (12),
777 1144 1317 1217 συλλαμϐανομένους
1379 1145 1521 1217 ἔχων
1581 1145 1853 1199 Ἐλεύσιον
1907 1146 2000 1199 καὶ

419 1235 798 1308 Μαραθώνιον.
830 1232 931 1291 Ὦν
966 1238 1059 1293 τὸν
1107 1238 1206 1309 μὲν
1253 1238 1352 1309 ἥδη
1381 1237 1647 1309 πρότερον
1666 1238 1732 1291 ὲκ
1750 1237 1997 1291 διακόνου

418 1327 519 1394 τῆς
548 1328 638 1379 ὑπ’
663 1327 828 1381 αὑτὸν
868 1327 1217 1399 Ἐκκλησίας,
1253 1329 1348 1381 καὶ
1377 1328 1668 1382 σπουδαῖον
1701 1327 1999 1398 ἐπίτροπον

419 1418 702 1490 πτωχείων
740 1437 800 1473 τε
830 1421 921 1474 καὶ
943 1418 1250 1491 μοναχικῶν
1278 1420 1563 1475 συνοικιῶν
1585 1419 1794 1491 ἀνδρῶν
1821 1436 1879 1473 τε
1903 1420 1999 1474 καὶ

419 1511 712 1580 γυναικῶν,
728 1512 1021 1566 ἐπίσκοπον
1040 1512 1398 1582 Νικομηδέων
1420 1510 1755 1583 κατέστησεν
1774 1528 1788 1543 ο
1818 1510 1969 1564 Ἐλεύ
1982 1539 1999 1552 ο

422 1621 534 1659 σιον
561 1605 618 1659 δὲ
642 1603 905 1673 Κυζίκου,
925 1605 1026 1659 οὐκ
1044 1605 1273 1677 ἀσήμως
1293 1605 1351 1659 ὲν
1374 1606 1485 1668 τοῖς
1510 1602 1803 1675 βασιλείοις
1831 1620 1999 1674 στρα-

418 1698 768 1769 τευσάμενον.
819 1698 1022 1767 Ἄμφω
1054 1696 1113 1751 δέ
1152 1713 1317 1767 φασιν
1373 1697 1563 1765 ἀγαθὼ
1604 1697 1856 1767 γενέσθαι
1905 1699 1999 1752 τὸν

420 1789 533 1859 βίον
554 1804 569 1818 ⁸
608 1789 881 1843 σπουδαίω
898 1788 953 1842 δὲ
977 1787 1225 1842 κακῶσαι
1242 1788 1368 1851 τοὺς
1395 1787 1679 1858 ὁμοούσιον
1712 1788 1790 1859 τῷ
1820 1790 1999 1860 Πατρὶ

418 1881 509 1934 τὸν
536 1882 662 1934 Υίὸν
690 1880 1031 1947 δοξάζοντας,
1073 1878 1189 1932 ἀλλ’
1233 1878 1333 1949 οὐχ
1366 1878 1551 1942 ἁπλῶς
1578 1877 1751 1942 οὕτως
1776 1879 1851 1943 ὡς
1880 1880 2000 1933 Μα-

421 1972 672 2036 κεδόνιος.
728 1968 894 2035 Οὗτος
954 1971 1064 2042 γὰρ
1118 1974 1179 2024 ού
1220 1970 1378 2041 μόνον
1410 1970 1605 2043 ἤλαυνε
1648 1971 1773 2034 τοὺς
1802 1988 1998 2042 παραι-

416 2063 712 2133 τουμένους
738 2063 885 2134 αύτῷ
903 2066 1200 2125 κοινωνεῖν,
1224 2062 1359 2116 ἀλλὰ
1382 2063 1475 2116 καὶ
1495 2062 1779 2133 δεσμώτας
1801 2063 1995 2130 ἔποίει,

418 2159 513 2209 καὶ
563 2156 845 2221 δικασταῖς
883 2158 1201 2229 παρεδίδουο
1245 2156 1372 2219 τοὺς
1397 2156 1453 2210 δὲ
1498 2155 1590 2208 καὶ
1618 2156 1847 2219 ἄκοντας
1883 2174 1999 2211 κοι-

417 2252 604 2306 νωνεῖν
633 2250 899 2315 ἐϐιάζετο,
942 2250 1146 2313 παῖδάς
1173 2266 1233 2302 τε
1272 2249 1365 2302 καὶ
1424 2248 1689 2316 γυναῖκας
1721 2249 1999 2319 ἀμυήτους

417 2342 700 2411 ἁρπάζων,
743 2341 1144 2413 ὲμυσταγώγει.
1196 2343 1268 2395 Ού
1331 2342 1436 2413 μὴν
1481 2341 1619 2395 ἀλλὰ
1667 2343 1759 2395 καὶ
1796 2341 1999 2406 πολλὰς

417 2436 660 2505 πολλαχῆ
702 2436 1028 2507 Ἐκκλησίας
1068 2434 1303 2500 καθεῖλε,
1355 2435 1616 2505 βασιλέως
1669 2435 2000 2506 πρόσταγμα

419 2527 829 2596 προϊσχόμενος,
854 2527 1235 2599 καθαιρεῖσθαι
1278 2527 1614 2597 προστάττον
1643 2529 1770 2591 τοὺς
1797 2528 1997 2599 εὐκτη-

420 2617 567 2687 ρίους
590 2620 771 2683 οἴκους
793 2619 900 2671 τῶν
925 2620 1207 2689 ὁμοούσιον
1252 2620 1330 2690 τῷ
1370 2621 1543 2689 Πατρὶ
1575 2620 1667 2672 τὸν
1695 2620 1823 2673 Υίὸν
1856 2616 1997 2673 εἶναι

420 2710 865 2781 ἰσχυριζομένων.
912 2713 1007 2765 Ἐκ
1062 2713 1125 2782 δὴ
1174 2714 1273 2782 τῆς
1319 2712 1573 2782 τοιαύτης
1606 2712 1805 2777 αἰτίας,
1842 2713 1996 2784 καὶὴ

425 2803 559 2873 πρὸς
587 2803 665 2873 τῷ
693 2802 1010 2875 καλουμένῳ
1038 2804 1303 2876 Πελαργῷ
1328 2806 1387 2858 ὲν
1406 2805 1810 2858 Κωνσταντίνου
1845 2804 1999 2857 πόλει

422 2895 785 2948 Ναυατιανῶν
822 2896 1089 2965 ἐκκλησία
1127 2896 1427 2968 καθῃρέθη.
1462 2896 1654 2950 Ἦνίκα
1687 2896 1751 2967 δὴ
1782 2895 1998 2963 λέγεται

412 2986 540 3047 τοὺς
570 2985 678 3038 ἀπὸ
699 2985 904 3057 ταύτης
926 2987 1024 3058 τῆς
1053 2987 1336 3059 αἱρέσεως,
1370 2988 1614 3057 ἀνδρεῖον
1646 2986 1805 3057 ἔργον
1835 2987 1999 3057 ἔργά-

418 3080 610 3134 σασθαι
632 3099 643 3111 ·
698 3082 827 3145 ἴσως
845 3083 901 3135 δὲ
929 3082 1021 3136 καὶ
1050 3084 1099 3136 οἱ
1134 3083 1242 3136 ἀπὸ
1270 3083 1369 3151 τῆς
1402 3082 1632 3135 καθόλου
1670 3081 1997 3153 Ἐκκλησίας

414 3173 486 3236 ὡς
531 3174 799 3246 ὁμόφροσι
862 3174 1235 3229 συνελάϐοντο.
1286 3174 1713 3229 Ἐπιταττόντων
1766 3175 1875 3246 γάρ
1916 3169 1998 3239 οἷς

2100 699 2256 757 sunt,
2311 693 2632 764 priusquam
2693 692 2936 764 synodus
2990 690 3255 749 Seleuciae
3307 708 3671 766 congregare-

2100 792 2212 840 tur.
2250 784 2484 841 Aeacius
2522 784 2668 841 enim
2710 792 2764 840 et
2802 784 3179 855 Patrophilus,
3212 784 3369 856 pulso
3405 785 3671 851 Maximo,

2099 875 2604 949 Hierosolymorum
2648 876 2943 933 Ecclesiam
2970 876 3177 949 Cyrillo
3223 877 3514 950 regendam
3559 886 3675 931 tra-

2099 968 2396 1033 diderunt,
2464 982 2604 1039 quos
2668 965 2942 1024 Macarius
3001 970 3236 1039 primum
3304 968 3671 1025 ordinaverat.

2099 1057 2451 1116 Macedonius
2505 1074 2636 1116 vero
2694 1058 3227 1130 Constantinopolim
3300 1068 3356 1116 et
3422 1060 3675 1115 civitates

2100 1149 2358 1206 finitimas
2391 1149 2669 1216 turbavit,
2717 1148 2997 1219 adjutores
3046 1149 3256 1207 habens
3301 1149 3578 1206 Eleusium
3616 1158 3675 1205 et

2100 1239 2523 1297 Marathonium.
2584 1239 2826 1308 Quorum
2886 1242 3149 1308 alterum,
3206 1241 3300 1312 qui
3346 1242 3459 1309 jam
3514 1246 3672 1295 antea

2098 1334 2367 1391 diaconus
2423 1332 2598 1402 ipsius
2652 1333 2910 1389 Ecclesia:
2965 1331 3188 1399 fuerat,
3248 1339 3304 1387 et
3367 1332 3674 1388 industrius

2099 1436 2319 1482 curator
2361 1426 2889 1496 ptochotroilorum,
2935 1433 2990 1483 et
3032 1424 3491 1482 monasteriorum
3537 1426 3676 1480 utri-

2099 1532 2274 1589 usque
2334 1532 2530 1581 sexus,
2588 1517 2907 1589 episcopum
2972 1516 3305 1574 Nicomedia:
3362 1519 3671 1575 constituit.

2104 1610 2257 1681 ιθι
2294 1608 2568 1666 Eleusium
2615 1624 2766 1675 vero,
2793 1609 2887 1680 qui
2918 1609 3072 1680 prius
3131 1609 3188 1665 in
3232 1611 3435 1681 palatio
3484 1611 3672 1681 splen-

2099 1701 2225 1758 dide
2245 1700 2600 1765 militaverat,
2623 1700 2691 1755 ad
2711 1700 3039 1772 Cyzicenum
3063 1701 3436 1772 episcopatum
3457 1717 3674 1772 promo-

2100 1791 2199 1845 vit.
2252 1788 2459 1845 Horum
2514 1797 2751 1861 uterque
2805 1790 2892 1846 vis
2948 1791 3129 1847 bonus
3188 1791 3357 1847 fuisse
3418 1792 3668 1847 dicitur:

2100 1881 2262 1936 ambo
2286 1889 2466 1935 tamen
2495 1880 2551 1935 in
2586 1879 2851 1936 vexandis
2884 1880 2952 1936 iis
2985 1881 3079 1950 qui
3115 1880 3315 1935 Filium
3346 1880 3491 1936 Patri
3539 1898 3671 1936 con-

2101 1973 2518 2029 substantialem
2558 1973 2977 2043 profitebantur,
3037 1974 3289 2029 acerrimi
3334 1974 3504 2037 fuere,
3547 1974 3675 2030 licet

2098 2078 2214 2119 non
2261 2062 2455 2119 eodem
2506 2060 2669 2117 modo
2714 2064 2950 2132 grassati
2996 2064 3104 2119 sint
3151 2078 3261 2135 quo
3295 2063 3650 2121 Macedonius

2097 2155 2232 2211 Nam
2275 2156 2379 2211 iste
2412 2154 2633 2227 quidem
2685 2169 2781 2210 eos
2830 2158 2924 2226 qui
2961 2158 3372 2213 communicare
3421 2156 3525 2227 ipsi
3572 2158 3673 2212 de-

2099 2246 2429 2310 trectabant,
2472 2261 2583 2300 non
2640 2244 2850 2317 fugavit
2908 2246 3091 2312 modo,
3149 2264 3336 2301 verum
3397 2249 3559 2302 etiam
3618 2249 3670 2302 in

2096 2339 2314 2395 vincula
2364 2338 2620 2409 conjecit,
2668 2348 2723 2394 et
2769 2338 3049 2409 judieibus
3093 2340 3342 2394 tradidit.
3393 2340 3669 2405 Quosdam

2100 2447 2226 2487 vero
2293 2431 2457 2486 etiam
2515 2430 2717 2488 invitos
2776 2432 3221 2487 communionem
3292 2448 3476 2487 secum
3534 2433 3672 2485 inire

2097 2523 2381 2594 compulit.
2424 2522 2681 2578 Mulieres
2720 2524 2887 2578 etiam
2924 2535 2978 2579 et
3005 2526 3267 2593 parvulos
3299 2524 3546 2578 nondum
3583 2540 3672 2577 sa-

2097 2630 2193 2669 cro
2221 2617 2438 2669 lavacro
2489 2615 2712 2678 tinctos,
2759 2629 2857 2685 per
2905 2615 3014 2669 vim
3065 2617 3284 2685 rapiens
3332 2615 3667 2685 baptizabat.

2098 2706 2295 2762 Multas
2320 2722 2538 2776 quoque
2559 2705 2824 2762 ecclesias
2859 2706 3065 2776 passim
3099 2708 3398 2768 destruxit,
3439 2707 3672 2775 impera-

2099 2797 2232 2852 toris
2262 2796 2579 2851 mandatum
2620 2797 2984 2867 praetendens,
3033 2813 3143 2867 quo
3173 2798 3419 2853 ecclesiae
3450 2798 3671 2853 illecum

2096 2891 2303 2947 destrui
2330 2891 2685 2960 jubebantur,
2720 2892 2815 2962 qui
2864 2889 3062 2945 Filium
3110 2889 3260 2945 Patri
3306 2890 3672 2945 consubstan-

2098 2984 2282 3039 tialem
2314 2992 2650 3039 assererent.
2671 2983 2822 3038 Hanc
2853 2983 2924 3037 ob
2943 2998 3167 3039 causam
3200 2983 3434 3038 ecclesia
3454 2996 3674 3052 quoque

2096 3076 2524 3132 Novatianorum
2584 3075 3098 3146 Constantinopoli.
3158 3076 3321 3145 juxta
3386 3074 3670 3146 Pelargum

2098 3169 2224 3232 sita,
2268 3168 2385 3225 solo
2421 3175 2633 3238 aequata
2663 3176 2770 3223 est.
2806 3167 2926 3233 Quo
2961 3167 3183 3237 quidem
3220 3174 3483 3247 tempore,
3510 3172 3673 3221 secta:

414 3267 573 3320 τοῦτο
628 3266 1001 3339 προστέτακτο
1046 3267 1195 3321 λύειν
1236 3265 1423 3321 τοῦτον
1450 3267 1540 3320 τὸν
1580 3263 1747 3331 οἷκον,
1779 3266 1997 3322 πανοικὶ
2022 3282 2066 3343 c
2099 3259 2172 3315 illi

1914 3266 1997 3321 ,ικι
2022 3282 2066 3343 c
2099 3259 2249 3315 illius
2284 3260 2536 3315 homines
2559 3258 2923 3313 fortissimum
2960 3258 3176 3314 facinus
3211 3267 3562 3329 perpetrasse
3588 3256 3672 3311 di-

418 3360 784 3424 συνελθόντες,
815 3360 866 3414 οἱ
903 3360 1003 3430 μὲν
1034 3359 1132 3424 τάς
1170 3358 1303 3424 ὕλας
1335 3358 1698 3413 κατέϐαλλον·
1735 3360 1785 3413 οί
1831 3359 1887 3413 δὲ
1917 3361 1996 3424 είς

416 3450 513 3513 τὰς
542 3451 839 3520 άντίπεραν
867 3452 1044 3515 Συκᾶς
1073 3450 1431 3522 μετεκόμιζον
1455 3466 1468 3480 ⁶
1502 3450 1594 3504 καὶ
1625 3451 1682 3503 ὲν
1706 3450 1859 3521 τάχει
1896 3452 1995 3504 πέ-

418 3557 517 3617 ρας
547 3544 578 3611 ἡ
613 3543 815 3613 σπουδὴ
874 3542 1032 3613 ἔσχεν
1060 3559 1072 3572 '
1104 3540 1425 3596 ἐκοινώνουν
1466 3543 1576 3613 γὰρ
1618 3540 1712 3595 τοῦ
1743 3542 1905 3614 ἔργου
1934 3543 1996 3597 ού

419 3632 579 3705 μόνον
605 3635 812 3704 ἄνδρες,
840 3634 975 3686 ἀλλὰ
1006 3633 1099 3687 καὶ
1119 3636 1373 3701 γυναῖκες
1393 3634 1486 3686 καὶ
1518 3633 1704 3696 παῖδες
1731 3647 1743 3659 ·
1769 3633 1998 3696 ἕκαστος

416 3724 521 3795 γάρ
552 3722 752 3787 αὐτῶν,
814 3721 930 3792 Θεῷ
980 3722 1040 3775 τὸ
1088 3722 1246 3792 ἔργον
1298 3722 1642 3793 προσφέρων,
1698 3722 1993 3795 ὑπερφυῶς

416 3814 779 3886 προύθυμεῖτο
802 3830 815 3842 ·
850 3813 956 3867 ὑπὸ
980 3812 1234 3885 τοιαύτης
1253 3814 1309 3867 δὲ
1345 3814 1581 3883 σπουδῆς
1602 3814 1692 3867 τὸν
1728 3810 1844 3867 ἴσον
1870 3814 1995 3885 τρό⁴

418 3922 516 3957 πον
541 3906 632 3977 ἥδε
664 3904 981 3977 ήὲκκλησία
1040 3904 1335 3974 ἀνενεώθη,
1367 3905 1462 3958 καὶ
1492 3905 1550 3957 τὸ
1587 3905 1644 3969 ἔξ
1685 3905 1890 3958 ἐκείνου
1931 3908 1995 3958 ἐκ

414 3996 509 4050 τοῦ
548 3996 875 4069 συμϐάντος,
914 3997 1241 4052 Ἀναστασία
1273 3996 1997 4067 ὠνόμασται.Τελευτήσαν-

2095 3360 2296 3409 cuntur
2325 3369 2338 3405 :
2373 3349 2669 3405 Catholicis
2703 3350 2939 3405 fortasse
2986 3366 3104 3415 eos,
3140 3358 3327 3421 utpote
3361 3350 3517 3405 idem-
3544 3363 3671 3403 cum

2094 3444 2232 3515 ipsis
2263 3442 2585 3509 sentientes,
2616 3442 3030 3512 adjuvantibus.
3066 3442 3199 3496 Nam
3230 3456 3355 3496 eum
3387 3441 3441 3495 hi
3471 3441 3673 3511 quibus

2094 3535 2149 3589 id
2182 3536 2459 3607 negotium
2516 3533 2839 3588 mandatum
2906 3534 3102 3595 fuerat,
3148 3532 3443 3587 disturbari
3495 3534 3673 3587 eccle-

2096 3628 2233 3683 siam
2265 3627 2540 3697 juberent,
2568 3642 2760 3680 omnes
2798 3627 2854 3680 in
2897 3642 3066 3679 unum
3101 3626 3317 3679 collecti
3360 3624 3672 3691 Novatiani,

2097 3720 2187 3774 alii
2218 3720 2475 3774 materias
2500 3717 2739 3787 dejicere
2760 3723 3047 3787 coeperunt
3077 3735 3090 3771 :
3116 3716 3208 3770 alii
3242 3731 3338 3771 eas
3368 3716 3436 3769 ad
3477 3715 3674 3770 subur-

2098 3811 2301 3867 banum
2344 3810 2605 3882 Sycense,
2634 3826 2698 3865 ex
2732 3810 2964 3864 adverso
3012 3809 3199 3875 situm,
3232 3816 3669 3878 comportarunt.

2098 3904 2359 3974 Opusque
2397 3901 2533 3957 illud
2569 3902 2819 3957 celeriter
2861 3903 2927 3957 ad
2962 3903 3166 3957 exitum
3214 3902 3532 3971 perductum
3570 3908 3672 3955 cst.

2099 3995 2217 4051 Non
2236 3979 2390 4049 enim
2405 3995 2506 4049 viri
2530 3995 2730 4060 solum,
2760 3995 2852 4051 sed
2874 3995 3039 4050 etiam
3064 3994 3321 4049 mulieres
3349 4008 3411 4048 ac
3436 3993 3673 4064 parvuli,

1607 4152 1874 4208 VALESII
1914 4151 2463 4209 ANNOTATIONES.

488 4270 597 4338 (12)
652 4269 746 4336 Ὠς
784 4268 1009 4337 ἤρξατο
1046 4267 1409 4339 χειροτονεῖν
1451 4272 1485 4323 ό
1510 4269 1832 4338 Μακάριος.
1870 4269 1995 4325 Haec

416 4343 579 4395 verba
614 4356 721 4393 non
756 4341 1012 4409 leguntur
1047 4338 1197 4408 apud
1238 4338 1625 4407 Nicephorum,
1669 4348 1725 4394 et
1764 4356 1989 4395 sensum

416 4426 481 4464 ac
511 4410 706 4465 seriem
741 4409 1007 4463 orationis
1051 4424 1278 4473 prorsus
1328 4410 1755 4478 interrumpunt.
1812 4411 1994 4465 Collo-

416 4480 587 4564 canda
634 4489 764 4564 sunt
789 4480 979 4564 ‘igitur
1019 4479 1215 4564 intima
1256 4478 1560 4564 superioris
1597 4481 1831 4564 periodi,
1867 4481 1994 4564 ‘hoc

420 4550 580 4604 modo
610 4567 623 4602 :
652 4548 1007 4618 ’Λφελόμενοι
1032 4548 1303 4618 Μάξιμον,
1337 4549 1838 4618 τὴνῚεροσολύμων
1867 4551 1991 4602 Ἐκ-

2089 4271 2143 4325 in
2167 4271 2413 4343 Ecclesia
2458 4270 2957 4343 liierosolymitana
2996 4284 3061 4343 ex
3111 4266 3440 4343 presbytero
3503 4271 3675 4326 mini“

2088 4342 2314 4412 stravit;
2366 4350 2534 4412 atque
2584 4344 2656 4397 ob
2697 4339 2838 4395 lianc
2889 4341 3244 4412 impietatem
3282 4339 3695 4409 episcOpatnm‘

2087 4407 2870 4484 ﬂierosolymorum-accepit
2919 4407 3016 4484 ab
3053 4407 3278 4484 Arianis
3304 4446 3318 4470 ,
3380 4416 3436 4460 ut
3479 4407 3693 4467 scribit.

2086 4477 2454 4557 Hieronymus
2496 4484 2547 4536 in
2590 4477 2874 4557 Chronico.
2914 4481 3017 4535 Sed
3072 4479 3124 4532 id
3173 4477 3399 4557 factum.
3434 4489 3529 4557 est
3578 4485 3672 4536 diu

2095 4560 2222 4607 ante
2273 4547 2622 4608 A'riminense
2654 4553 2975 4612 concilium,
3016 4562 3161 4604 anno
3192 4547 3402 4601 Christi
3434 4548 3560 4616 551,
3616 4562 3674 4605 ιιι

418 4620 646 4699 κλ-ησίαν
677 4616 929 4699 Κύρίλλῳ
952 4616 1279 4699 ἐπέτρεψαν,
1320 4616 1412 4699 ob;
1432 4616 1633 4699 ἤρξατο
1660 4616 1983 4699 χειροτονεῖν
2016 4625 2061 4683 D
2088 4637 2176 4699 s_cr

1914 4623 1983 4699 giv
2016 4625 2061 4683 D
2088 4623 2283 4699 scribit
2330 4622 2620 4699 Baronius.
2656 4622 2993 4699 Sgaomenus
3030 4618 3269 4699 __quidem
3306 4616 3672 4699 ac'Socrates

414 4692 444 4742 ό
474 4687 779 4758 Μακάριος.
808 4687 939 4742 Nam
966 4687 1241 4758 Maximus
1277 4687 1496 4757 quidem
1526 4687 1762 4757 primum
1806 4705 1835 4743 a
1870 4688 1985 4742 Ma-

416 4760 568 4813 cario
625 4757 915 4813 Ordinatus
956 4757 1151 4828 fuerat.
1203 4757 1466 4828 Cyrillum
1525 4774 1652 4813 vero
1710 4759 1984 4815 Macarius

419 4830 596 4899 primo
630 4830 920 4899 diaconum
956 4827 1260 4899 ordinavit.
1289 4827 1485 4883 Postea
1522 4844 1654 4883 vero
1692 4830 1981 4890 Maximus.

417 4898 540 4953 eum
575 4902 626 4952 in
675 4898 895 4953 Macarii
953 4898 1131 4951 locum
1174 4899 1559 4969 successisset,
1595 4899 1860 4969 Cyrillum
1914 4901 1983 4955 ad

417 4969 741 5039 presbyterii
775 4969 1001 5039 gradum
1039 4968 1328 5039 promovit.
1373 4968 1475 5021 Sed
1505 4969 1716 5035 Ariani,
1747 4986 1981 5039 quorum

417 5037 663 5144 Signiferi
708 5037 865 5094 erant
914 5038 1149 5091 Aeacius
1202 5053 1266 5091 ac
1313 5037 1699 5109 Patr0philus.
1746 5037 1983 5095 Maximo

417 5111 469 5144 In
498 5110 612 5144 anni
644 5124 708 5144 on
738 5109 879 5144 ηιιηιΙ
912 5106 975 5144 ml
1009 5116 1190 5144 nol-Inc
1226 5109 1499 5144 Allinnocii
1533 5126 1654 5144 conn
1696 5111 1983 5144 odi-uncia-

416 5106 613 5165 infensi
644 5124 709 5164 eo
738 5109 880 5177 quod
911 5106 1190 5179 adpartes
1220 5106 1500 5179 Athanasii
1533 5126 1655 5165 sese
1694 5111 1983 5179 adjunxis-

417 5188 517 5241 set,
566 5181 942 5250 episcOpatnm
984 5177 1487 5250 Hierosolymorum
1522 5179 1725 5250 Cyrilln
1766 5177 1983 5250 promi-

417 5249 980 5322 serunt,_dummodo
1032 5248 1077 5322 i_s
1122 5249 1525 5322 ordinationem
1560 5248 1788 5322 Maximi
1822 5267 1985 5320 repu-

416 5321 611 5375 diaret.
636 5319 750 5387 Qua
777 5319 1169 5387 pollicitatione
1189 5319 1403 5374 illectus
1420 5318 1688 5390 Cyrillus,
1713 5318 1983 5376 diaconus

2087 4692 2351 4763 Cyrillum
2383 4693 2436 4746 in
2475 4694 2654 4748 locum
2686 4693 2925 4763 Maximi
2977 4692 3157 4745 adhuc
3197 4687 3435 4742 viventis
3470 4693 3669 4745 subro-

2124 4762 2273 4819 atum
2299 4778 2423 4818 esse
2447 4765 2659 4819 dicunt.
2682 4762 3045 4832 Hieronymus
3075 4768 3254 4812 tamen
3290 4765 3413 4825 post
3441 4772 3670 4816 mortem

2086 4777 2307 4887 gfaximi
2351 4833 2419 4887 ab
2451 4834 2673 4887 Arianis
2703 4832 2754 4886 id
2798 4832 2997 4886 factum
3027 4844 3149 4885 esse
3183 4827 3338 4887 dicit,
3368 4830 3456 4880 cui
3492 4833 3670 4887 potius

2144 4834 2307 4888 aximi
2351 4833 2419 4887 ab
2451 4834 2673 4887 Arianis
2703 4832 2754 4886 id
2798 4828 2997 4886 factum
3027 4844 3149 4885 esse
3183 4828 3338 4889 dicit,
3368 4830 3456 4880 cui
3492 4833 3673 4897 potius

2088 4905 2385 4960 assentior.
2428 4902 2600 4959 Porro
2646 4904 2734 4957 hic
2784 4902 2936 4957 locus
2986 4901 3147 4954 aliter
3189 4912 3411 4966 quoque
3452 4902 3671 4956 restitui

2084 4982 2287 5043 potest,
2323 4975 2427 5028 hoc
2474 4976 2685 5030 scilicet
2737 4973 2896 5026 modo
2932 4992 2943 5026 :
2976 4967 3342 5043 Ἀιρελόμενοι
3364 4968 3670 5043 “metu”.

2087 5035 2147 5098 δν
2178 5035 2381 5115 ήρξατο
2428 5049 2754 5118 χειροτονεῖν
2784 5043 2813 5094 ὁ
2844 5035 3130 5118 Μακάριος
3155 5035 3190 5102 ,“
3218 5037 3320 5118 τὴν
3364 5035 3670 5118 Ἱεροσολύ-

2092 5132 2232 5188 μων,
2264 5124 2372 5170 etc.
2410 5117 2591 5188 Atque
2633 5115 2715 5188 id,
2760 5129 2819 5167 re
2848 5116 3107 5188 attentius
3137 5115 3667 5188 eitamingtaknunc

2089 5175 2274 5241 'verius
2324 5194 2475 5253 puto.
2503 5175 2789 5239 Macarius
2854 5184 3002 5237 enim
3060 5177 3303 5234 moriens
3365 5175 3665 5238 Maximum

2092 5270 2468 5311 successorem
2501 5271 2661 5309 suum
2691 5254 3095 5325 designaverat.

1860 5475 2238 5534 VARIORUM.

419 5593 648 5649 adirent.
684 5592 861 5649 Verba
893 5594 1012 5662 ejus
1048 5603 1210 5660 sunt,
1241 5595 1336 5649 lib.
1370 5611 1445 5658 ix,
1473 5608 1594 5661 cap.
1623 5594 1681 5648 41
1723 5612 1736 5646 :
1774 5594 1986 5663 Μήπως
2084 5600 2291 5657 tentes,
2324 5607 2389 5645 ne
2414 5592 2516 5661 ipsi
2542 5592 2908 5661 patefacerent
2936 5597 3087 5663 artes
3120 5588 3329 5663 quibus
3370 5588 3677 5663 imperator.

416 5667 465 5717 oi
521 5664 782 5734 πρέσϐεις
836 5665 1003 5734 δήλην
1054 5664 1573 5735 καταστήσωσιγτῷ
1621 5663 1828 5735 βασιλεῖ
1878 5663 1986 5717 τῶν

418 5733 687 5803 ἑσπερίων
742 5733 931 5806 ἱερέων
962 5733 1070 5806 τὴν
1112 5733 1397 5806 έξᾼὰρχῆς
1446 5734 1715 5787 ἔνστασιν·
1766 5733 1843 5786 Ne
1895 5750 1987 5785 no-

420 5817 529 5856 lant
561 5806 870 5874 imperatori
901 5804 1131 5872 facerent
1164 5804 1585 5859 Occidentalium
1622 5806 1988 5873 episcoporum

415 5877 792 5931 “instantiam.
822 5874 995 5930 Verba
1018 5876 1309 5929 Sozomcni
1344 5877 1415 5928 ita
1452 5875 1802 5945 intelligenda
1836 5885 1984 5938 sunt,

419 5958 611 6014 cgalos
652 5946 1130 6014 Constantinopoli
1202 5962 1449 6001 reversos
1492 5946 1636 6001 Niea:
1690 5946 1860 6002 fuisse
1892 5945 1987 6001 de-

2085 5665 2317 5732 ejusque
2350 5658 2513 5716 aul'ici
2543 5658 2663 5716 “usi.
2691 5659 3411 5732 essentAad__infringendam
3438 5658 3664 5732 Patrum

2092 5728 2318 5787 Arimini
2362 5732 2704 5787 detentorum
2744 5734 2795 5786 in
2832 5730 2935 5785 fide
2964 5728 3181 5783 Nicaena
3217 5729 3502 5784 retinenda
3533 5742 3668 5781 con-

2090 5806 2368 5874 stantiam.
2402 5803 2737 5859 Athanasius
2779 5810 3009 5874 tcstatur
3044 5800 3380 5874 Patrestam
3435 5798 3683 5852 Arimini-

2088 5890 2253 5939 quam
2283 5873 2425 5927 Nicm
2475 5890 2582 5927 vim
2634 5888 2844 5941 passos.
2884 5871 3052 5935 Epist.
3081 5870 3148 5923 ad
3188 5870 3490 5938 Africanos,
3539 5883 3670 5938 pag.

2092 5944 2212 6009 718,
2253 5945 2373 6010 7L9,
2409 5944 2510 6018 ed.
2540 5945 2860 6003 Commelin.
2904 5942 2988 5997 W.
3022 5942 3244 5996 Lowrn.
