4452 6584
820 425 961 483 ητε

2256 410 2610 483 SOZOMENI

3929 435 4083 492 H76

814 559 1035 615 operam
1065 559 1221 601 suam
1260 548 1608 605 contulerant
1637 565 1651 604 ξ
1684 547 1887 621 quippe
1926 546 2130 621 singuli
2157 561 2373 611 mrum.
2402 550 2458 612 Α
2483 561 2571 613 τος

2321 564 2373 611 n,
2402 550 2458 612 Α
2483 561 2571 613 τος
2612 551 2725 625 γὰρ
2760 552 3157 620 Κωνσταντίου,
3198 553 3584 627 διαδεξάμενος
3631 556 3919 621 Ἰουλιανὸς
3972 557 4079 627 τὴν

815 635 1042 706 perinde
1073 650 1138 691 ac
1169 636 1217 691 si
1249 652 1388 709 opus
1423 655 1583 696 suum
1621 639 1731 699 Deo
1768 640 2048 707 offerrent,
2075 639 2384 696 incredibili

814 730 1099 787 alacritate
1159 730 1500 788 ferebantur.
1561 733 1687 791 Pari
1747 735 1936 792 studio
1987 750 2051 790 ac
2107 734 2387 791 celeritate

812 822 1048 877 ecclesia
1080 823 1174 878 illa
1214 824 1282 879 ad
1317 824 1569 880 eumdem
1604 827 1824 883 modum
1855 827 2164 883 instaurata
2194 835 2295 894 est,
2325 840 2381 881 et

813 910 885 964 ab
914 911 1011 966 illo
1036 911 1294 985 deinceps
1321 922 1566 983 tempore
1597 917 1892 972 Anastasio
1933 932 2000 972 ex
2046 916 2188 973 facto
2217 918 2388 973 nomi-

810 1008 964 1058 nata.
1032 1001 1245 1059 Etenim
1299 1013 1422 1075 post
1471 1007 1679 1061 obitum
1732 1006 2078 1071 Constantii,
2130 1006 2385 1067 Julianus

812 1093 1101 1164 imperium
1140 1097 1391 1167 adeptus,
1449 1098 1630 1155 locum
1667 1098 1823 1154 illum
1866 1098 2183 1157 Novatianis
2221 1101 2386 1156 resti-

812 1186 938 1251 tuit,
992 1196 1165 1257 utque
1207 1189 1498 1246 ecclesiam
1545 1189 1657 1245 illic
1701 1190 2059 1255 mdiﬁearent,
2115 1192 2383 1262 permisit.

811 1276 969 1343 Quod
991 1277 1209 1348 quidem
1238 1277 1446 1334 factum
1481 1290 1588 1347 est,
1618 1280 1969 1336 multitudine
1997 1282 2182 1351 populi
2216 1282 2387 1337 alacri

811 1369 995 1421 animo
1040 1382 1259 1439 operam
1310 1376 1563 1435 navante,
1620 1365 1952 1440 easdemque
2003 1371 2265 1429 materias
2317 1389 2381 1428 ex

808 1460 1037 1531 Sycensl
1088 1459 1408 1516 suburbano
1468 1461 1665 1518 iterum
1715 1462 2099 1521 transferente.
2157 1465 2222 1519 Et
2272 1465 2386 1520 haec

808 1550 1031 1620 quidem
1070 1557 1258 1621 postea
1305 1560 1457 1621 gesta
1487 1561 1617 1607 sunt
1660 1552 1716 1607 in
1750 1552 1897 1608 hunc
1950 1554 2194 1609 modum.
2231 1553 2386 1609 Tunc

808 1640 1073 1711 temporis
1140 1656 1309 1707 vero,
1363 1656 1556 1713 parum
1610 1642 1787 1703 abfuit
1838 1643 1971 1714 quin
2015 1642 2304 1700 Novatiani
2333 1654 2387 1699 et

808 1728 1078 1785 Catholici
1124 1730 1351 1786 adunati
1413 1732 1547 1789 sint.
1606 1731 1742 1788 Nam
1786 1748 1911 1789 cum
1965 1735 2035 1791 de
2085 1733 2199 1792 Deo
2239 1736 2385 1791 idem

809 1820 1100 1888 sentirent,
1132 1828 1188 1877 et
1225 1820 1392 1878 simul
1441 1823 1875 1894 exagitarentur,
1918 1825 2249 1898 easdemque
2292 1842 2385 1883 ca-

2487 639 2787 712 βασιλείαν,
2809 642 2901 697 τὸν
2930 643 3096 699 τόπον
3134 646 3248 710 τοῖς
3274 644 3640 710 Ναυατιανοῖς
3666 647 3942 706 ἀπέδωκε,
3981 648 4080 697 καὶ

2483 732 2584 804 τὴν
2641 734 2936 806 ἐκκλησίαν
2973 735 3328 807 οἰκοδομῆσαι
3378 737 3699 809 ἐπέτρεψεν.
3747 739 3813 792 '0
3838 738 3933 791 καὶ
3960 736 4079 805 ἐγέο

2483 842 2624 890 νετο,
2678 826 2772 881 τοῦ
2821 825 2952 881 λαοῦ
3006 826 3303 899 προθύμως
3360 827 3786 899 συλλαϐομένου,
3830 828 3928 882 καὶ
3973 828 4079 891 τάς

2482 916 2653 981 αύτάς
2678 916 2809 981 ὕλας
2833 918 2900 971 ἐκ
2955 917 3065 971 τῶν
3098 918 3287 972 Συκῶν
3333 919 3819 990 μετακομίσαντος.
3865 920 3977 973 Καὶ
4004 919 4078 973 τά

2487 1008 2587 1079 μὲν
2637 1007 2860 1080 ὕστερον
2897 1002 3001 1063 ὧδε
3046 1008 3224 1081 ἔσχεν.
3292 1010 3381 1063 Ἐν
3417 1009 3474 1063 δὲ
3521 1009 3601 1081 τῷ
3660 1010 3821 1077 τότε,
3872 1010 4075 1081 μικροῦ

2483 1097 2819 1154 Ναυατιανοὶ
2845 1101 2941 1155 καὶ
2967 1102 3017 1154 oi
3041 1102 3149 1155 ἀπὸ
3172 1101 3273 1171 τῆς
3300 1100 3528 1156 καθόλου
3571 1102 3902 1173 Ἐκκλησίας
3931 1102 4076 1175 ἠνώ-

2485 1190 2661 1260 θησαν
2683 1207 2698 1222 ·
2726 1191 2929 1263 ὁμοίως
2983 1192 3093 1265 γάρ
3136 1194 3269 1265 περὶ
3296 1195 3357 1248 τὸ
3392 1194 3550 1250 Θεῖον
3589 1194 3925 1260 δοξάζοντες,
3973 1196 4075 1248 καὶ

2485 1285 2644 1354 κοινῇ
2677 1282 3045 1355 ἐλαυνόμενοι,
3095 1286 3192 1339 καὶ
3229 1287 3288 1340 ἐν
3310 1286 3524 1356 ὁμοίαις
3562 1289 3870 1358 συμφοραῖς
3892 1286 4070 1350 ὄντες,

2485 1374 2628 1429 εὖνοι
2660 1374 2908 1447 ἀλλήλοις
2946 1369 3119 1447 ἦσαν’
3160 1377 3255 1431 καὶ
3299 1378 3379 1441 είς
3420 1377 3618 1431 ταύτὸν
3669 1377 3937 1449 συνῄεσάν
3984 1394 4072 1442 τε,

2485 1468 2578 1519 καὶ
2609 1465 2966 1537 συνηύχοντο·
3011 1470 3123 1530 τοῖς
3158 1467 3270 1537 γὰρ
3300 1467 3409 1521 ἀπὸ
3436 1468 3536 1537 τῆς
3559 1467 3789 1522 καθόλου
3833 1466 4072 1536 Ἐκκλη-

2487 1558 2607 1621 σίας
2636 1558 2924 1629 εὐκτήριος
2946 1559 3047 1612 ούκ
3077 1554 3144 1630 ἦν
3171 1554 3341 1625 οἶκος,
3383 1558 3519 1613 ἀλλὰ
3556 1559 3755 1622 πάντες
3798 1557 3936 1627 πρὶς
3962 1556 4078 1611 τῶν

2483 1649 2554 1703 τά
2594 1649 2802 1720 Ἀρείου
2826 1650 3165 1722 φρονούντων
3211 1650 3492 1722 ἀφῄρηντο
3523 1667 3539 1683 ο
3568 1650 3665 1705 καὶ
3707 1649 3781 1713 ὡς
3803 1649 3970 1712 εἰκὸς,
4004 1650 4075 1701 ἐκ

2483 1739 2582 1810 τῆς
2623 1738 2883 1811 συνεχοῦς
2912 1740 3131 1811 ὁμιλίας
3171 1742 3349 1810 μάτην
3368 1739 3720 1813 διαφέρεσθαι
3754 1740 3893 1812 πρὸς
3927 1739 4073 1808 σφᾶς

2485 1829 2855 1902 λογισάμενοι,
2908 1838 3186 1888 κοινωνεῖν
3240 1831 3491 1904 ἀλλήλοις
3535 1831 3904 1886 ἐϐουλεύοντο.
3959 1831 4074 1884 Καὶ

807 1910 1085 1969 lamitates
1129 1913 1448 1980 tolerarent,
1480 1923 1671 1971 mutua
1701 1932 1766 1973 se
1798 1896 2184 1974 benevolentia
2223 1934 2379 1975 com-
2414 1896 2458 1953 Β
2484 1896 2565 1993 δὴ·

2320 1935 2379 1974 n-
2414 1896 2458 1953 θ
2484 1896 2740 1993 δτι-τοῦτο
2758 1896 3020 1992 ἐγεγόνει,
3050 1926 3099 1977 εἰ
3133 1923 3209 1995 μὴ
3226 1896 3492 1993 βασκανία
3506 1924 3727 1992 ὀλίγων,
3760 1919 3939 1993 οἶμαι,
3972 1922 4078 1991 τὴν

806 2004 1230 2073 plectebantur:
1267 2013 1323 2061 et
1366 2006 1425 2061 in
1451 2007 1703 2063 eumdem
1734 2008 1915 2065 locum
1960 2011 2381 2080 conveniebant,

807 2110 874 2151 ac
914 2095 1078 2151 simul
1108 2098 1499 2167 precabantur.
1548 2098 1687 2156 Nam
1725 2100 2028 2161 Catholicis
2058 2103 2210 2159 nulla
2250 2111 2385 2163 tunc

2484 2014 2580 2069 τοῦ
2607 2014 2844 2087 πλήθους
2870 2017 3182 2087 προθυμίαν
3212 2016 3465 2087 ἔϐλαψεν,
3489 2018 3714 2089 ἀρχαῖον
3742 2011 3883 2069 εἶναι
3912 2014 4080 2083 λόγον

2490 2106 2920 2180 ίσχυριζομένων
2953 2108 3339 2180 παραιτεῖσθαι
3366 2109 3528 2163 τοῦτο
3559 2112 3757 2164 ποιεῖν.

805 2197 970 2246 erant
998 2193 1276 2260 oratoria;
1304 2193 1401 2251 sed
1434 2193 1624 2257 Ariani
1654 2203 1857 2253 cuncta
1898 2196 2011 2254 illis
2074 2198 2414 2261 ademerant.
2453 2201 2705 2275 Cumque
2752 2218 2821 2262 ex
2894 2202 3118 2260 assidua
3157 2203 3580 2268 consuetudine,
3628 2203 3710 2257 uti
3755 2199 4078 2257 verosimile

806 2294 911 2353 cst,
947 2286 1153 2344 frustra
1196 2302 1257 2346 se
1297 2289 1530 2346 invicem
1576 2291 1849 2349 dissidere
1899 2302 2211 2362 cernerent,
2246 2296 2391 2353 inter
2426 2312 2488 2355 se
2548 2298 2810 2372 deinceps
2859 2299 3269 2356 communicare
3321 2298 3703 2356 decreverant.
3743 2294 3900 2363 Quod
3940 2292 4075 2364 qui-

808 2383 934 2441 dem
985 2381 1190 2439 factum
1228 2384 1461 2455 fuisset,
1496 2387 1604 2443 nisi
1661 2388 1935 2444 alacritati
1986 2389 2359 2451 multitudinis
2394 2393 2704 2454 obstitisset
2755 2409 3055 2467 paucorum
3110 2394 3357 2460 invidia,
3389 2394 3479 2465 qui
3528 2391 3870 2448 atlirmabant
3905 2396 4075 2445 vetus

806 2488 1145 2551 praeceptum
1176 2496 1321 2547 esse,
1354 2487 1416 2539 ut
1450 2481 1508 2537 id
1535 2482 1719 2538 facere
1751 2483 2146 2543 detrectarent.

1443 2572 1596 2632 CAP.
1642 2573 1788 2633 XXI.

806 2664 888 2725 De
935 2666 1017 2721 his
1059 2680 1176 2738 quat
1210 2664 1463 2738 Mantim'i
1513 2676 1824 2738 gesta_sunt
1867 2686 1901 2723 a
1940 2669 2252 2729 Macedonio
2280 2690 2303 2728 ε
2328 2684 2379 2730 et

876 2735 1136 2806 quomodo
1179 2736 1240 2791 ob
1289 2735 1612 2814 translatam
1651 2735 1989 2814 Constgntini
2020 2742 2209 2814 Magni,
2240 2745 2379 2814 [ere-

882 2816 1047 2883 trum,
1089 2823 1190 2883 sua
1231 2807 1351 2883 sed;
1386 2808 1636 2877 expulsus
1676 2820 1776 2864 est.
1806 2808 1943 2867 Item
1985 2807 2251 2883 quomodo
2275 2814 2377 2869 Ju-

878 2876 1055 2931 lianus
1084 2874 1269 2933 Cmar
1294 2874 1469 2947 factus
1499 2889 1597 2933 est.

878 2964 983 3023 Per
1034 2966 1179 3025 idem
1225 2977 1444 3041 tempus
1501 2968 1754 3028 Eleusius
1809 2989 2033 3043 quoque
2083 2976 2373 3033 ecclesiam

806 3059 1239 3120 Novatianorum
1284 3064 1342 3118 in
1390 3063 1529 3119 urbe
1572 3063 1773 3136 Cyzico
1813 3065 2060 3122 funditus
2113 3071 2372 3127 evertit'.

3067 2582 3319 2640 ΚΕΦΑΛ.
3350 2581 3481 2634 KA'.

2476 2675 2617 2744 Περὶ
2642 2673 2763 2728 τῶν
2781 2674 2851 2729 ἐν
2880 2673 3204 2744 Μαντινείᾳ
3222 2672 3351 2744 ὑπὸ
3372 2673 3764 2727 Μακεδονιουι
3776 2673 4066 2744 πραχθεν·
4144 2684 4164 2698 ·

2550 2741 2669 2799 των
2688 2761 2702 2775 ’
2726 2744 2824 2798 καὶ
2852 2745 2935 2810 ὡς
2965 2743 3231 2811 ἐξηλάθη
3262 2743 3369 2798 τοῦ
3396 2745 3613 2811 θρόνου
3631 2782 3647 2805 ,
3669 2741 4068 2811 μεταθέμενος

2550 2814 2668 2882 τὴν
2690 2814 2888 2883 θήκην
2906 2814 3015 2869 τοῦ
3047 2813 3317 2882 μεγάλου
3339 2813 3825 2867 Κωνσταντίνου¹
3860 2811 3957 2865 καί
3986 2812 4072 2876 ὠς

2547 2890 2581 2941 ό
2620 2882 2937 2951 Ἰουλιανὸς
2970 2882 3302 2953 προεϐλήθη
3333 2883 3577 2951 Καῖσαρ.

2550 2976 2711 3031 Κατά
2734 2977 2791 3031 δὲ
2825 2976 3014 3030 τοῦτον
3058 2976 3150 3030 τὸν
3180 2974 3370 3046 χρόνον
3394 3015 3407 3038 ,
3435 2975 3530 3028 καὶ
3563 2972 3837 3037 Ἐλεύσιος
3862 2972 3962 3044 τὴν
4009 2972 4075 3024 ἐν

2480 3068 2706 3141 Κυζίκῳ
2749 3068 3048 3140 ἐκκλησίαν
3082 3066 3437 3123 Ναυατιανῶν
3466 3066 3635 3139 ἄρδην
3664 3065 3901 3120 καθεῖλε.
3932 3065 4073 3118 Τού-

808 3151 1135 3222 ilujusmodi
1161 3168 1329 3224 porro
1360 3154 1518 3211 malis
1556 3157 1822 3227 exagitati
1852 3166 2003 3224 sunt,
2037 3166 2151 3215 tum
2179 3161 2376 3233 reliqui
2417 3233 2445 3237 _
2478 3177 2566 3214 τωε

2322 3161 2376 3216 ui
2417 3233 2445 3237 _
2478 3177 2588 3214 των
2616 3158 2673 3212 δέ
2708 3157 2817 3212 τῶν
2852 3157 3036 3211 κακῶν
3077 3159 3136 3223 ἐς
3160 3157 3231 3211 τά
3276 3156 3511 3237 μάλιστα
3543 3156 3804 3228 μετέσχον
3832 3156 3882 3210 οἱ
3912 3157 4078 3210 Μαν-.

807 3242 1209 3316 Paphlagones,
1238 3256 1352 3305 tum
1379 3246 1415 3300 ii
1452 3249 1722 3319 praecipue
1746 3251 1840 3321 qui
1870 3251 2195 3307 Mantiniam
2227 3253 2379 3310 inco-
2404 3233 2447 3292 (ἶ
2478 3250 2562 3304 τίν

2320 3269 2379 3309 o-
2404 3233 2447 3292 (ἶ
2478 3250 2677 3304 τίνειον
2696 3246 2996 3314 οἰκοῦντες,
3023 3248 3117 3301 καὶ
3143 3246 3293 3301 ἄλλοι
3334 3233 3702 3315 Παφλαγόνες.
3730 3243 3934 3300 Μαθὼν
3955 3245 4078 3315 γὰρ

807 3337 1015 3392 lebant.
1054 3337 1211 3409 162
1232 3337 1368 3394 Cum
1411 3339 1557 3393 enim
1600 3351 1942 3413 compertum
1988 3344 2213 3400 haberet
2259 3344 2378 3401 Ma-

809 3429 1098 3494 cedonius,
1157 3430 1449 3500 plerosque
1493 3431 1609 3486 illic
1641 3431 1836 3489 Novati
1875 3443 2039 3492 sectae
2076 3436 2376 3501 adhazrere,

809 3531 864 3576 et
891 3517 960 3574 ad
986 3533 1082 3575 eos
1118 3519 1244 3575 inde
1282 3521 1636 3591 expellendos
1669 3523 1842 3578 solam
1874 3524 2378 3582 ecclesiasticarum

810 3625 1034 3665 manum
1098 3624 1206 3665 non
1268 3610 1556 3681 suﬁicere,
1621 3616 1896 3685 persuasit
1946 3617 2262 3687 imperatori
2318 3624 2379 3676 ut

808 3708 1048 3770 quatuor
1084 3700 1316 3756 militum
1352 3702 1610 3759 cohortes
1637 3704 1707 3759 ad
1735 3704 1788 3760 id
1816 3706 2210 3777 perficiendum
2252 3708 2382 3763 mit—

808 3798 974 3847 teret.
1012 3790 1103 3847 Sic
1132 3794 1279 3848 enim
1329 3792 1574 3850 futurum
1621 3796 1976 3855 existimabat
2028 3807 2088 3855 ut
2133 3800 2383 3858 homines

809 3882 1037 3938 minime
1077 3884 1248 3940 armis
1298 3886 1527 3948 assueti,
1569 3887 1735 3942 simul
1767 3898 1935 3959 atque
1963 3897 2209 3947 armatos
2244 3905 2379 3946 con-

810 3974 1144 4042 spexissent,
1179 3975 1367 4029 statim
1403 3976 1783 4045 perterrefacti
1835 3979 1904 4033 ad
1943 3980 2118 4050 ipsius
2164 3981 2383 4052 opinio-

811 4083 935 4120 nem
990 4067 1308 4123 transirent.
1362 4066 1566 4124 Verum
1619 4084 1707 4126 res
1755 4071 1915 4127 aliter
1975 4072 2175 4128 evenit.
2246 4074 2380 4131 Nam

810 4157 964 4229 plebs
1014 4157 1458 4214 Mantiniensium
1520 4160 1578 4215 in
1632 4177 1802 4217 unum
1855 4169 2088 4230 coacta,
2146 4166 2382 4235 arreptis

815 4251 1047 4306 falcibus
1104 4254 1161 4307 et
1235 4251 1563 4321 securibus,
1621 4262 1679 4310 et
1734 4270 1844 4325 quo
1905 4255 2142 4327 quisque
2207 4258 2385 4327 potuit

814 4356 1091 4398 armorum
1136 4356 1337 4413 genere
1374 4342 1669 4409 instructa,
1720 4345 1987 4401 adversus
2022 4346 2225 4402 milites
2251 4362 2383 4418 pro-

814 4446 1003 4502 gressa
1044 4440 1149 4487 est.
1189 4429 1463 4503 Gravique
1496 4433 1683 4504 praelio
1729 4442 2007 4501 conserto,
2050 4450 2117 4497 ex
2148 4436 2384 4508 Paphla-

815 4522 1058 4593 gonibus
1100 4521 1323 4593 quidem
1391 4522 1615 4595 plurimi
1676 4525 2056 4580 occubuerunt
2106 4544 2121 4581 :
2180 4528 2381 4584 milites

814 4586 947 4667 vero
982 4586 1153 4682 prope
1201 4586 1413 4669 omnes.
1442 4612 1714 4669 interfecti
1757 4604 1908 4670 sunt.
1940 4614 2057 4683 Qua
2095 4616 2164 4673 de
2212 4634 2380 4675 causa
2410 4586 2457 4642 θ

817 4703 973 4757 multi
1039 4718 1110 4761 ex
1158 4701 1529 4761 familiaribus
1587 4704 1959 4761 Macedonium
2013 4709 2381 4779 reprehende-

816 4795 969 4859 bant,
1013 4800 1204 4863 utpote
1242 4802 1529 4850 auctorem
1561 4802 1841 4851 tantorum
1884 4799 2175 4854 malorum.
2206 4799 2382 4871 impe-

815 4893 966 4940 sator
995 4899 1212 4957 quoque
1231 4902 1356 4942 eum
1380 4894 1690 4953 aversatus,
1717 4903 1825 4942 non
1854 4890 2093 4959 amplius
2118 4891 2381 4946 benevolo

814 4990 944 5048 erga
975 4976 1131 5032 illum
1165 4978 1354 5033 animo
1401 4977 1531 5035 fuit.
1571 4977 1705 5033 Nam
1735 4987 1791 5038 et
1835 4980 1941 5034 alia
1967 4980 2214 5051 qnzedam
2247 4998 2377 5054 gra-

890 5152 909 5185 ¹
933 5152 1123 5217 Socr.,
1146 5153 1239 5208 lib.
1283 5168 1343 5217 ιι,
1376 5153 1535 5213 c.58.

2476 3342 2809 3406 Μακεδόνιος
2835 3342 2960 3405 τοὺς
2980 3340 3199 3404 πλείους
3227 3339 3413 3394 ἐνθάδε
3441 3339 3509 3393 τά
3535 3339 3790 3395 Ναυάτου
3821 3338 4069 3410 φρονεῖν,

2480 3435 2557 3506 μὴ
2588 3433 2806 3497 ἱκανούς
2836 3450 2896 3486 τε
2928 3431 3123 3503 μόνους
3146 3427 3284 3485 εῖναι
3309 3430 3531 3493 τούτους
3557 3430 3668 3498 (l3)
3705 3429 3832 3493 τοὺς
3864 3428 4068 3498 ἐκκλη-

2480 3527 2792 3590 σιαστικοὺς
2832 3524 3188 3591 ἀπελαύνειν,
3233 3524 3415 3577 ἔπεισε
3445 3523 3535 3576 τὸν
3571 3522 3794 3593 βασιλέα
3824 3521 4068 3592 τέσσαρα

2483 3617 2741 3689 τάγματα
2790 3616 2900 3671 τῶν
2935 3615 3281 3690 στρατιωτῶν
3332 3615 3613 3686 ἐκπέμψαι
3643 3614 3833 3668 τούτου
3881 3614 4063 3685 χάριν»

2479 3701 2607 3763 Ὧδε
2630 3708 2735 3780 γὰρ
2767 3707 2904 3779 ᾤετο
2932 3706 3255 3780 ἀνθρώπους
3298 3706 3486 3779 ἀήθεις
3513 3705 3691 3759 ὃπλων
3716 3746 3732 3772 ,
3756 3706 3805 3758 εί
3836 3704 4065 3768 ὁπλίτας

2481 3799 2778 3867 θεάσοιντο,
2791 3798 3074 3863 δείσαντας
3095 3798 3256 3862 εὐθὺς
3273 3797 3411 3871 πρὸς
3432 3798 3527 3869 τὴν
3547 3795 3712 3851 αὑτοῦ
3731 3796 3886 3863 δόξαν
3905 3814 4072 3867 μετα-

2481 3890 2762 3962 θήσεσθαι.
2789 3889 2863 3944 Τὸ
2892 3889 2950 3944 δὲ
2975 3889 3151 3954 ἄλλως
3179 3889 3381 3961 ἀπέϐη.
3410 3889 3483 3943 Τὸ
3515 3888 3621 3961 γάρ
3645 3890 3711 3942 ἐκ
3735 3886 3829 3941 τοῦ
3858 3887 4070 3940 Μαντι-

2479 3982 2625 4036 νείου
2651 3982 2853 4054 πλῆθος
2888 3983 3172 4052 γενόμενοι
3202 3982 3347 4049 (Η),
3365 3980 3659 4053 δρεπάναις
3693 3997 3754 4034 τε
3781 3980 3876 4034 καὶ
3908 3979 4069 4031 πελὲς

2480 4091 2622 4140 κεσι,
2647 4074 2741 4127 καὶ
2766 4074 2940 4137 ἄλλως
3037 4073 3246 4144 ἔτυχεν,
3277 4073 3507 4136 ἕκαστος
3548 4074 3689 4142 σφᾶς
3714 4072 4065 4135 ὁπλίσαντες,

2483 4162 2773 4234 συνέμιξαν
2823 4164 2937 4225 τοῖς
2994 4160 3374 4233 στρατιώταις.
3430 4162 3722 4234 Καρτερᾶς
3770 4161 3826 4214 δὲ
3881 4160 4067 4231 μάχης

2480 4254 2799 4325 γενομένης,
2828 4253 3088 4307 πίπτουσι
3124 4252 3493 4322 Παφλαγόνων
3521 4252 3620 4323 μὲν
3647 4251 3890 4306 πλεῖστοι
3911 4269 3925 4283 ο
3951 4251 4074 4308 τῶν

2480 4345 2539 4398 δὲ
2569 4343 2914 4418 στρατιωτῶν
2963 4343 3147 4415 σχεδὸν
3187 4345 3409 4406 πάντες.
3456 4340 3739 4396 Ἐντεῦθεν
3784 4341 3860 4405 ὡς
3910 4341 4067 4411 τηλι-

2482 4436 2691 4491 κούτων
2720 4436 3013 4508 συμφορῶν
3033 4436 3204 4491 αἴτιον
3228 4436 3357 4489 ὄντα
3382 4433 3928 4499 Μακεδόνιον,πολλοὶ
3953 4433 4065 4486 τῶν

2483 4528 2799 4600 ἐπιτηδείων
2829 4528 3167 4600 ἐμέμφοντο.
3190 4529 3588 4599 Ἀποστραφεὶς
3624 4528 3682 4582 δὲ
3724 4528 3819 4581 καὶ⁵
3845 4530 3874 4581 ὁ
3904 4528 4063 4599 βασι-

2482 4619 2607 4684 λεὺς
2631 4659 2648 4685 ,
2675 4619 2858 4673 οὐκέτι
2914 4618 3082 4687 ὑγιῶς
3130 4619 3266 4690 πρὸς
3315 4617 3479 4673 αὑτὸν
3528 4612 3694 4688 εἶχεν.
3738 4617 4068 4687 Ἐπεγένετο

2482 4709 2591 4781 γὰρ
2619 4709 2714 4765 καὶ
2761 4708 3003 4781 μείζονος
3037 4709 3329 4780 ἀπεχθείας
3360 4710 3635 4781 πρόφασις
3673 4708 3873 4763 τοιάδεο
3905 4710 4065 4763 Κων-

2483 4800 2761 4855 σταντίνου
2804 4800 2899 4855 τοῦ
2954 4798 3371 4871 βασιλεύσαντος
3424 4799 3524 4868 τὴν
3584 4801 3757 4873 θήκην
3810 4800 4069 4856 ἐϐούλετο

2486 4891 2818 4955 Μακεδόνιος
2849 4891 3077 4963 ἑτέρωθι
3128 4892 3467 4963 μεταφέρειν.
3501 4892 3744 4947 Ἦπείλει
3768 4892 3880 4964 γὰρ
3914 4892 4064 4945 πτῶ-

2463 4973 2569 5035 ’σιν
2594 4984 2624 5036 ό
2667 4982 2873 5053 ταύτην
2902 4982 3193 5039 καλύπτων
3234 4974 3401 5047 οἶκος.
3443 4984 3553 5039 Τοῦ
3595 4984 3655 5047 δὲ
3698 4983 3848 5048 λαοῦ,
3878 4984 4069 5053 οἱμὲν

2015 5304 2282 5361 VALESII
2315 5306 2866 5368 ANNOTATIONES.

894 5447 1008 5520 (15)
1033 5448 1444 5521 Μόνουςᾼεῖνιιι
1474 5450 1741 5521 τούτους.
1765 5447 1864 5504 Hic
1885 5463 2105 5521 quoque
2130 5458 2386 5521 transpo-

819 5518 927 5572 sita
959 5525 1089 5573 sunt
1136 5519 1426 5582 vocabula,
1477 5533 1599 5587 qua:
1628 5519 1683 5572 in
1727 5520 1875 5587 hunc
1904 5518 2138 5573 modum
2167 5518 2385 5575 restitui

822 5588 1021 5673 debent
1053 5606 1066 5642 :
1098 5588 1190 5672 Μῂ
1219 5585 1753 5673 ἱκανούςὶτελμόνους
1764 5585 1909 5673 εἶναι
1936 5590 2059 5673 τοῦς
2080 5590 2382 5673 ,ἐκκλησιεξο

827 5658 1044 5721 στικοὺς
1079 5656 1301 5722 τούτους
1340 5656 1686 5713 ἀπελαύνειν.
1739 5658 1840 5713 Ubi
1894 5656 2256 5715 ecclesiastici
2296 5660 2384 5715 di-

824 5737 1029 5781 cuntur
1056 5728 1239 5782 clerici
1272 5729 1715 5783 Catholicorum:
1748 5728 1970 5793 τούτους
2016 5744 2149 5783 vero
2182 5730 2385 5784 intelli-

896 5796 1569 5881 re_o_portet.ANova‘tia_nos
1604 5799 1863 5881 degentes
1892 5802 1947 5881 in
1985 5798 2374 5881 Paphlagonia.

874 5866 1051 5927 stabit
1119 5868 1297 5926 obiter
1352 5868 1634 5925 studiosus
1684 5866 1852 5926 lector
1927 5866 2375 5941 iurisdictionem

2482 5452 2725 5533 episcopi
2748 5455 3363 5533 Constantinopolitani,
3393 5474 3521 5530 quae
3535 5460 3603 5516 ad
3621 5459 4052 5533 Paphlagoniam

2484 5538 2654 5596 usque
2688 5524 2946 5596 iam_tum
2990 5524 3435 5596 protendcbatur'.

2552 5593 2663 5662 (Mi
2700 5592 2943 5663 Πλῆθος
2971 5592 3295 5667 γενόμενοι.
3332 5599 3603 5656 Omissam
3642 5601 3732 5657 hic
3767 5610 3897 5667 puto
3926 5618 4054 5659 esse

2552 5617 2663 5662 μιν
2700 5617 2943 5663 ιινιησος
2971 5617 3295 5683 γενομενοι.
3332 5617 3603 5656 umtssam
3644 5617 3897 5724 lizc1puto
3926 5618 4054 5659 esse

2480 5677 2693 5744 vocem,
2726 5670 3124 5744 _quze_s_upplerl
3155 5677 3334 5744 potest
3367 5668 3471 5744 hoc
3506 5671 3669 5725 modo
3700 5692 3714 5727 :
3760 5674 3813 5744 _§
3836 5674 3946 5744 γὰρ
3984 5676 4054 5727 ἐκ

2480 5733 2799 5809 Μαντινείου
2825 5733 3048 5801 πλῆθος,
3086 5733 3220 5808 ὁμοῦ
3259 5739 3563 5809 γενόμενοι,
3610 5748 3718 5796 etc.
3760 5733 3859 5798 Vel
3896 5733 4052 5799 certe

2481 5802 2821 5929 delendalcst
2848 5821 2947 5861 vos
2997 5802 3300 5879 γενόμενοί,
3351 5802 3517 5883 quam
3560 5826 3663 5867 nec
3706 5811 4057 5884 Nieephorns

2481 5886 2699 5929 agnosci
2734 5912 2751 5929 .

2481 5886 2751 5944 agnoscit.
