4452 6584
750 454 886 513 1179

2203 446 2341 513 soz
2349 422 2571 504 OMENI

3848 454 3997 512 1180

741 581 859 630 erat
884 570 1123 643 Cyrillus
1160 570 1658 644 Hierosolymorum
1685 574 1999 643 episcopus.
2031 584 2087 635 ει
2112 573 2305 629 Ευειοο
2342 571 2392 630 Α
2426 574 2499 617 ται

2240 588 2305 626 ,ao
2342 571 2392 630 Α
2426 564 2624 643 ταύτης
2649 573 2703 627 δέ
2736 574 2830 643 τῆς
2874 574 3046 645 ἔριδος
3081 574 3411 645 ἀρξάμενοι,
3439 573 3620 627 οὐκέτι
3647 573 3815 642 ὑγιῶς
3854 578 3998 648 πρὸς

742 660 891 717 thius
914 660 1192 716 Sebastiaz.
1216 660 1593 717 Contentionis
1615 674 1794 717 autem
1822 677 2042 719 causam
2066 665 2147 720 eis
2171 678 2306 734 pra:-

741 752 942 807 bebant
993 752 1121 822 ipsa:
1171 768 1388 823 quoque
1446 753 1789 823 imperatoris
1838 754 2051 821 littera,
2109 754 2306 825 quibus

741 857 889 900 nunc
931 843 1058 911 hoc,
1099 860 1245 899 nunc
1293 845 1423 898 illud
1454 844 1836 902 mandabatur.
1865 846 1946 901 Ab
1991 846 2307 917 hujusmodi

741 935 1095 990 contentione
1135 934 1306 992 semel
1357 935 1566 998 exorsi,
1607 950 1718 991 non
1755 936 1989 1007 amplius
2030 943 2215 992 mutua
2249 954 2309 992 se

742 1021 1115 1082 benevolentia
1144 1025 1669 1094 complectebantur,
1730 1026 1826 1082 sed
1878 1027 1930 1080 in
1960 1026 2099 1083 duas
2123 1036 2308 1097 partes

740 1113 1065 1174 discessere.
1116 1115 1407 1170 Praevaluit
1444 1123 1625 1171 tamen
1668 1125 1727 1171 ut
1756 1117 1907 1187 prius
1949 1116 2023 1188 de,
2054 1118 2305 1173 doctrina

742 1205 863 1261 ﬁdei
890 1205 1283 1277 disputaretur.
1318 1207 1417 1263 Ubi
1463 1223 1593 1264 vero
1625 1208 1693 1263 ad
1725 1208 2038 1279 huiusmodi
2084 1218 2304 1265 ventum

739 1304 823 1351 est
852 1298 1276 1365 disputationes,
1330 1301 1453 1357 aliis
1483 1300 1703 1371 quidem
1733 1301 1983 1370 placebat
2016 1312 2076 1357 ut
2106 1318 2303 1357 nomen

740 1388 1061 1444 substantia
1095 1404 1324 1460 prorsus
1349 1405 1381 1447 e
1405 1391 1583 1446 medio
1638 1392 1921 1447 tolleretur
1955 1408 1971 1447 :
2009 1394 2307 1462 praetende-

741 1479 981 1551 bantque
1031 1480 1322 1536 formulam
1379 1481 1500 1537 ﬁdei
1543 1497 1708 1552 quam
1750 1466 1911 1553 paulo
1937 1489 2062 1538 ante
2090 1484 2314 1541 Marcus

743 1568 931 1624 Sirmii
965 1579 1372 1641 composuerat,
1404 1579 1460 1627 et
1488 1586 1650 1642 quam
1682 1582 1794 1627 tum
1826 1573 1917 1627 alii
1952 1584 2306 1645 susceperant

740 1661 981 1732 episcopi
1021 1662 1113 1733 qui
1150 1669 1264 1719 tum
1291 1672 1448 1721 erant
1492 1664 1548 1721 in
1580 1664 1864 1728 comitatu,
1904 1674 2019 1719 tum
2067 1663 2305 1721 Basilius

738 1753 1031 1823 episcopus
1074 1751 1321 1827 Ancyrae.
1375 1752 1568 1812 Plures
1608 1768 1738 1809 vero
1767 1768 1887 1809 eam
1937 1756 2304 1823 praeferebant

739 1842 922 1911 ﬁdem,
951 1858 1072 1913 quze
1120 1844 1175 1898 in
1215 1843 1559 1902 dedicatione
1604 1847 1997 1903 Antiochensis
2056 1849 2303 1903 ecclesiae

741 1932 916 1986 fuerat
940 1932 1298 2003 promulgata.
1321 1932 1495 1988 Priori
1515 1938 1800 1991 sententia:
1818 1938 2306 2006 patrocinabantur

739 2021 1007 2091 imprimis
1037 2022 1341 2091 Eudoxius,
1373 2025 1605 2080 Aeacius
1643 2035 1698 2081 et
1730 2026 2101 2097 PatrOphilus,
2133 2029 2305 2085 Geor-

739 2114 860 2181 gius
892 2114 1020 2169 item
1049 2114 1472 2181 Alexandrinus,
1499 2126 1554 2173 et
1578 2116 1816 2174 Uranius
1836 2120 2128 2189 episcopus
2153 2121 2305 2192 Tyri.

738 2206 941 2275 aliique
970 2207 1192 2278 triginta
1225 2208 1359 2263 duo.
1383 2207 1678 2265 Posteriori
1710 2224 1839 2265 vero
1870 2211 2139 2281 Georgius
2165 2212 2307 2268 Lao-

737 2296 963 2355 dicenus
1021 2297 1210 2368 Syriae,
1270 2298 1525 2356 Eleusius
1579 2300 1787 2371 Cyzici,
1842 2310 1897 2357 et
1960 2302 2307 2375 Sophronius

740 2389 1139 2461 I’ompeiopolis
1192 2390 1599 2464 Paphlagoniae,
1639 2412 1779 2466 quos
1832 2396 2008 2463 major
2046 2413 2175 2467 pars
2210 2412 2305 2452 an-

736 2481 970 2541 tistitum
999 2483 1347 2553 sequebatur.
1373 2485 1542 2539 Porro
1574 2502 1681 2541 non
1711 2488 1844 2543 levis
1876 2488 2122 2558 suspicio
2149 2499 2266 2544 erat
2289 2530 2304 2553 ,

735 2574 1039 2630 Acacianos
1093 2575 1160 2630 de
1221 2576 1487 2633 industria
1535 2580 1588 2633 in
1619 2580 1870 2635 doctrina
1930 2580 2054 2636 ﬁdei
2086 2584 2155 2637 ab
2182 2584 2306 2639 aliis

736 2664 1025 2729 dissidere,
1056 2683 1231 2739 eoque
1266 2677 1531 2739 praetextu
1560 2672 1920 2741 quaestionem
1951 2688 2072 2742 qua:
2109 2673 2175 2727 de
2198 2674 2308 2729 cri-

737 2757 981 2814 minibus
1013 2758 1258 2829 ipsorum
1297 2761 1542 2817 habenda
1575 2773 1715 2827 erat,
1738 2763 1977 2819 eludere.
2014 2763 2147 2819 Nam
2178 2780 2303 2821 cum

735 2858 896 2904 antea
945 2851 1168 2921 scriptis
1218 2852 1421 2908 litteris
1460 2853 1525 2907 ad
1562 2853 1940 2911 Macedonium
1974 2855 2299 2913 Constanti-

738 2941 1116 3010 nopolitanum
1157 2943 1517 3015 episcopum,
1558 2942 1754 2999 Filium
1795 2945 1943 3001 Patri
1984 2963 2079 3016 per
2119 2949 2303 3003 omnia

737 3032 1009 3100 similem,
1073 3036 1439 3107 ejusdemque
1493 3055 1617 3096 esse
1675 3041 2003 3095 substantia:
2056 3041 2303 3097 confessi

739 3124 1004 3192 fuissent,
1039 3135 1170 3183 tunc
1210 3129 1471 3198 perfricta
1509 3130 1690 3187 fronte
1722 3133 1960 3202 priorem
1994 3132 2304 3188 confessio-

738 3230 863 3269 nem
904 3232 1062 3271 suam
1103 3219 1520 3290 impugnabant.
1562 3220 1694 3277 Post
1726 3222 1894 3277 multa
1931 3224 2142 3294 ingenti
2173 3240 2306 3279 con-
2332 3239 2373 3295 ο

739 3308 988 3364 tentione
1061 3312 1326 3381 utrinque
1384 3313 1627 3384 agitata,
1694 3314 1951 3371 Silvanus
2011 3316 2306 3389 episcopus

737 3396 897 3455 Tarsi
929 3402 1309 3474 proclamavit,
1340 3405 1628 3462 ferendum
1658 3422 1768 3465 non
1793 3423 1919 3464 esse
1941 3418 1998 3463 ut
2027 3409 2186 3481 164
2212 3425 2309 3465 ηο-

738 3505 805 3544 va
853 3491 973 3547 fidei
1029 3493 1269 3553 formula
1308 3495 1687 3567 induceretur,
1729 3511 1923 3567 przeter
1980 3500 2127 3554 illam
2184 3516 2308 3571 qua:

738 3583 1047 3640 Antiochiae
1096 3587 1321 3656 probata
1369 3597 1561 3644 esset:
1615 3606 1849 3660 eamque
1898 3591 2071 3645 solam
2131 3599 2305 3645 ratam

738 3690 861 3730 esse
902 3686 1177 3747 oportere.
1226 3679 1481 3734 Acaciani
1521 3697 1650 3735 vero
1684 3681 1735 3735 id
1770 3682 1997 3737 moleste
2026 3682 2267 3739 ferentes
2291 3724 2306 3748 ,

738 3781 770 3819 c
807 3770 1046 3825 concilio
1088 3770 1487 3827 discesserunt.
1537 3772 1763 3828 Residui
1808 3781 1923 3828 tum
1972 3775 2191 3845 quidem
2243 3791 2306 3830 ea

739 3874 863 3928 qua:
890 3861 1192 3916 Antiochiae
1243 3862 1461 3918 decreta
1513 3863 1769 3929 fuerant,
1823 3866 2124 3920 recitarunt
2201 3868 2307 3921 Po-

739 3957 888 4004 stera
918 3951 1005 4005 die
1044 3953 1098 4007 in
1135 3954 1426 4009 ecclesiam
1464 3956 1895 4015 convenientes.
1937 3955 2083 4011 fores
2119 3958 2307 4010 occlu-

742 4050 952 4097 serunt.
990 4044 1349 4117 Remotisque
1376 4046 1633 4112 arbitris,
1664 4046 1881 4102 decreta
1913 4048 2003 4101 illa
2036 4048 2313 4119 suffragiis

741 4131 860 4188 suis
896 4135 1313 4190 conﬁrmarunt.
1363 4137 1434 4190 At
1476 4152 1607 4191 vero
1646 4136 1925 4198 Aeacius.
1974 4151 2038 4192 ea
2090 4137 2309 4207 quidem

742 4242 863 4296 qua!
900 4229 980 4281 sic
1010 4236 1163 4296 gesta
1197 4236 1387 4291 erant,
1434 4229 1813 4299 reprehendit.
1866 4229 2131 4284 Privatim
2179 4244 2311 4285 vero

743 4315 937 4370 Leona:
966 4332 1028 4371 ac
1066 4316 1321 4373 Lauricio
1370 4317 1663 4374 formulam
1713 4320 1858 4382 ﬁdei,
1894 4335 1991 4390 pro
2041 4334 2148 4391 qua
2194 4320 2312 4390 ipse

746 4411 1160 4479 propugnabat,
1210 4411 1474 4467 ostendit.
1527 4412 1713 4468 Tertio
1761 4413 1851 4467 die
1899 4413 2061 4467 iidem
2109 4426 2306 4466 rursus

2411 655 2677 731 ἀλλήλους
2725 659 2890 734 εῐχον,
2922 664 3036 718 ἀλλ’
3073 666 3153 729 είς
3198 664 3291 718 δύο
3342 664 3689 736 διῃρέθησαν.
3740 666 3993 738 Ἐκράτει

2407 750 2489 811 δὲ,
2517 754 2687 824 ὅμως,
2718 756 2979 826 πρότερον
3021 757 3149 826 περὶ
3189 756 3284 809 τοῦ
3316 756 3590 826 δόγματος
3632 756 3731 827 τὴν
3757 756 3995 823 διάλεξιν

2408 843 2697 897 ποιεῖσθαι.
2747 844 2899 897 Ἐπεὶ
2939 843 2994 897 δὲ
3047 846 3129 908 είς
3178 845 3306 908 τοὺς
3358 844 3632 909 τοιούτους
3664 847 3995 904 καθίσταντο

2408 933 2617 1001 λόγους,
2654 936 2767 997 τοῖς
2798 934 2897 1005 μὲν
2944 935 3116 988 ἐδόκει
3149 935 3423 999 παντελῶς
3453 937 3513 990 τὸ
3540 938 3637 1007 τῆς
3670 940 3856 1003 οὐσίας
3894 942 3993 993 ἀν-

2408 1023 2551 1078 ελεῖν
2575 1024 2765 1095 ὄνομα,
2781 1026 3196 1096 προϊσχομένοις
3227 1027 3340 1097 (16)
3364 1026 3466 1099 τὴν
3498 1027 3679 1080 πίστιν
3701 1029 3767 1097 ἠν
3792 1029 3851 1080 οὐ
3884 1028 3996 1099 πρὸ

2410 1114 2603 1168 πολλοῦ
2633 1116 2772 1170 κατὰ
2802 1116 2863 1169 τὸ
2891 1117 3112 1187 Σίρμιον
3143 1119 3172 1170 ὁ
3200 1118 3424 1187 Μάρκος
3456 1118 3738 1188 συνέθηκε,
3774 1120 3993 1171 κπεδέο

2409 1206 2567 1271 ξαντο
2587 1205 2642 1259 δὲ
2670 1209 2718 1259 οί
2747 1208 3153 1277 παρατυχόντες
3176 1209 3234 1260 ὲν
3252 1207 3331 1279 τῷ
3363 1210 3733 1279 στρατοπέδῳ,
3776 1210 3893 1281 μεθ’
3915 1202 3993 1262 ὧν

2404 1291 2474 1366 ἦν
2516 1296 2612 1351 καὶ
2654 1295 2930 1360 Βασίλειος
2973 1297 3083 1367 (l7)
3124 1298 3153 1350 ὁ
3209 1298 3311 1368 τῆς
3346 1299 3619 1370 Ἀγκύρας
3663 1303 3988 1364 ἐπίσκοπος.

2407 1389 2533 1451 Τοῖς
2568 1387 2625 1441 δὲ
2662 1387 2900 1441 πλείοσιν
2922 1388 3283 1454 ἐσπουδάζετο
3304 1392 3338 1461 ὴ
3373 1390 3655 1445 ἐκταθεῖσα
3692 1393 3872 1456 πίστις
3897 1396 3994 1447 ἐπὶ

2403 1480 2471 1547 τῇ
2485 1477 2861 1549 τελεσιουργίᾳ
2879 1480 2979 1547 τῆς
2997 1480 3315 1549 Ἀντιοχέων
3329 1479 3674 1551 Ἐκκλησίας.
3696 1483 3995 1554 Προῖσταν-

2405 1582 2466 1619 το
2498 1564 2553 1618 δὲ
2586 1566 2818 1635 μάλιστα
2855 1566 2957 1634 τῆς
3013 1567 3286 1639 προτέρας
3331 1569 3557 1641 γνώμης
3598 1571 3865 1637 Εὑδόξιος,
3894 1575 3994 1627 καὶ

2418 1654 2687 1719 Ἀκάκιος,
2726 1656 2819 1709 καὶ
2854 1656 3208 1727 Πατρόφιλος,
3244 1658 3336 1711 καὶ
3362 1659 3631 1729 Γεώργιος
3670 1661 3699 1714 6
3745 1661 3994 1729 Ἀλεξαν-

2403 1745 2603 1817 δρείας,
2634 1747 2728 1804 καὶ
2760 1748 3019 1818 Οὑράνιος
3055 1750 3083 1801 ὁ
3110 1749 3307 1820 Τύρου,
3348 1752 3441 1804 καὶ
3472 1752 3648 1823 ἓτεροι
3696 1754 3993 1824 τριάκοντα

2404 1837 2518 1891 δύο.
2548 1838 2661 1909 Τῆς
2682 1840 2738 1892 δὲ
2760 1839 3036 1910 δευτέρας,
3071 1840 3341 1911 Γεώργιος
3366 1844 3395 1894 ὁ
3419 1843 3737 1907 Λαοδικείας
3760 1845 3857 1915 τῆς
3888 1846 3995 1897 Συ-

2335 1904 2377 1959 B
2413 1934 2570 2004 ρίας,
2616 1904 2709 1987 καὶ
2755 1904 3028 1997 Ἐλεύσιος
3063 1935 3092 1987 ό
3139 1904 3421 1999 κυξίκου,
3454 1936 3551 1988 καὶ
3965 1940 3998 1990 ὁ

2409 2025 2693 2094 Πομπηΐου
2738 2024 2944 2087 πόλεως
2990 2024 3086 2095 τῆς
3142 2025 3512 2093 Παφλαγόνος.
3543 2021 3623 2089 οἷς
3677 2028 3727 2079 οἱ
3772 2026 3995 2083 πλείους

2408 2113 2643 2169 εἵποντο.
2685 2111 3036 2165 ’Υπενοοῦντο
3075 2113 3133 2166 δὲ
3176 2115 3226 2165 οἱ
3275 2114 3418 2183 ἀμφὶ
3448 2114 3702 2167 Ἀκάκιον
3738 2116 3995 2185 ἐπίτηδες

2409 2205 2543 2275 πρὸς
2575 2205 2703 2266 τοὺς
2738 2204 2929 2267 ἄλλους
2984 2204 3111 2273 περὶ
3157 2204 3217 2256 τὸ
3267 2204 3442 2275 δόγμα
3484 2205 3863 2277 διαφέρεσθαι,
3892 2207 3993 2259 καὶ

2408 2298 2676 2368 προφάσει
2722 2296 2894 2367 ταύτῃ
2934 2296 3031 2359 τὰς
3065 2296 3187 2348 κατ’
3217 2297 3396 2349 αὐτῶν
3435 2298 3665 2361 εὐθύνας
3695 2300 3939 2370 ἀναιρεῖν
3972 2317 3988 2331 ·

2406 2388 2596 2441 καθότι
2625 2389 2755 2457 πρὶν
2781 2388 2846 2440 δι’
2870 2382 2945 2441 ὧν
2970 2387 3213 2458 ἔγραψαν
3237 2389 3555 2460 Μακεδονίῳ
3585 2390 3663 2459 τῷ
3692 2392 3990 2445 Κωναταν-

2406 2478 2761 2541 τινουπόλεως
2803 2479 3103 2549 ὲπισκόπῳ,
3123 2480 3651 2550 συνομολογήσαντες
3681 2484 3824 2535 κατά
3854 2484 3991 2537 πάνυ

2406 2585 2472 2620 τα
2506 2569 2690 2639 ὅμοιον
2741 2565 2879 2621 εἶναι
2912 2569 2988 2639 τῷ
3022 2571 3197 2639 Πατρὶ
3238 2570 3331 2624 τὸν
3369 2572 3516 2633 Υίὸν,
3558 2572 3776 2641 καὶτῆς
3816 2575 3991 2644 αὐτῆς

2404 2661 2613 2725 οὐσίας,
2658 2661 2850 2733 ἀνέδην
2877 2661 2972 2715 νῦν
2998 2663 3343 2732 ἀπεμάχοντο
3376 2667 3495 2727 ταῖς
3536 2664 3825 2734 προτέραις
3854 2667 3993 2735 ὁμο-

2405 2752 2633 2819 λογίαις.
2703 2753 3024 2823 Ἐριστικῶς
3080 2753 3138 2807 δὲ
3200 2754 3408 2806 πολλῶν
3474 2754 3837 2824 κινηθέντων,
3890 2757 3995 2808 οὐκ

2406 2845 2630 2899 ἀνεκτὸν
2650 2840 2790 2897 εἶναι
2820 2846 3083 2916 ἀνεϐόησε
3112 2846 3368 2909 Σιλϐανὸς
3388 2847 3415 2898 ὁ
3436 2846 3650 2917 Ταρσοῦ
3672 2848 3991 2911 ἐπίσκοπος,

2406 2935 2599 3006 καινὴν
2638 2936 2829 3007 ἐτέρας
2860 2937 3095 2999 πίστεως
3126 2940 3442 3009 ἐπεισάγειν
3475 2942 3692 3012 γραφὴν
3722 2941 3873 3012 παρά
3890 2943 3993 3012 τὴν

2404 3029 2462 3081 ὲν
2491 3028 2787 3101 Ἀντιοχείᾳ
2824 3029 3248 3100 δοκιμασθεῖσαν
3282 3048 3295 3061 ·
3327 3033 3535 3104 ταύτην¹
3570 3034 3625 3087 δὲ
3660 3034 3827 3104 μόνην
3855 3035 3995 3105 χρῆ-

2404 3139 2490 3174 ναι
2540 3124 2779 3191 κρατεῖν.
2824 3122 2945 3177 Ἐπὶ
2974 3122 3147 3193 τούτῳ
3192 3124 3249 3179 δὲ
3300 3125 3554 3195 χαλεπῶς
3597 3125 3914 3194 ἐνεγκόντες
3941 3128 3993 3178 οι

2406 3214 2550 3284 ἀμφὶ
2594 3214 2867 3278 Ἀκάκιον,
2898 3215 3266 3288 ἐξανέστησαν
3287 3234 3301 3250 ο
3337 3220 3387 3271 οἱ
3421 3218 3477 3272 δὲ
3507 3219 3704 3289 ἕτεροι,
3737 3220 3857 3273 τότε
3892 3220 3993 3289 μὲν

2410 3305 2806 3372 ἀνέγνωσαντά
2835 3308 2893 3360 ὲν
2931 3306 3231 3380 Ἀντιοχείᾳ
3260 3309 3506 3375 δόξαντα.
3536 3311 3615 3381 Τῇ
3643 3311 3699 3363 δὲ
3726 3311 3993 3382 ὑστεραίᾳ

2412 3397 2751 3462 συνελθόντες
2780 3398 2838 3451 ὲν
2872 3402 2938 3469 τῇ
2983 3400 3269 3471 ἐκκλησίᾳ.
3302 3402 3401 3463 τὰς
3429 3399 3596 3470 θύρας
3628 3401 3985 3454 ἀπέκλεισαν·

2416 3491 2509 3545 καὶ
2565 3491 2687 3543 καθ’
2746 3492 2971 3554 ἑαυτοὺς
3029 3490 3358 3561 γενόμενοι,
3406 3490 3810 3561 ἐπεψηφίσαντο
3865 3491 3992 3543 τού-

2409 3600 2533 3643 τους
2558 3581 2690 3649 (18).
2722 3582 2976 3645 ’Λκάκιος
3007 3582 3065 3635 δὲ
3086 3581 3155 3634 τὰ
3182 3582 3278 3651 μὲν
3310 3580 3453 3634 οὕτω
3479 3581 3747 3653 γενόμενα
3777 3581 3990 3634 διέϐαλ-

2411 3674 2502 3726 λεν
2529 3692 2542 3705 ’
2566 3672 2671 3745 ἰδίᾳ.
2699 3674 2754 3727 δὲ
2780 3675 2968 3743 Λεωνᾷ
3000 3673 3091 3726 καὶ
3124 3672 3403 3743 Λαυρικίῳ
3424 3672 3523 3742 τὴν
3550 3671 3991 3742 σπουδαζομένην

2412 3764 2559 3836 αὐτῷ
2588 3766 2804 3835 γραφὴν
2834 3764 3095 3828 ἐπέδειξε.
3124 3764 3293 3835 Τρίτῃ
3326 3764 3383 3817 δὲ
3414 3763 3790 3835 πάλινήμέρᾳ,
3817 3764 3864 3815 οἱ
3888 3762 3991 3831 μὲν

2410 3857 2557 3913 ἄλλοι
2592 3856 2865 3927 συνῆλθον,
2897 3856 3225 3919 Μακεδόνιός
3265 3872 3323 3908 τε
3360 3856 3453 3909 καὶ
3480 3855 3756 3918 Βασίλειος
3780 3855 3829 3907 οί
3856 3856 3991 3924 πρὶν

2411 3949 2848 4018 ἀπολειφθέντες.
2878 3949 3131 4011 Ἀκάκιος
3170 3947 3226 4001 δὲ
3261 3947 3354 4001 καὶ
3397 3948 3447 4000 οἱ
3486 3947 3622 4017 ἀμφ’
3674 3947 3835 3999 αὐτὸν
3885 3948 3991 4000 οὑκ

2409 4041 2592 4110 ἠξίουν
2620 4041 2712 4095 τοῦ
2754 4039 3010 4107 συλλόγου
3048 4040 3343 4102 κοινωνεῖν,
3376 4040 3423 4091 εί
3447 4039 3521 4109 μὴ
3546 4038 3807 4109 πρότερον
3834 4037 3987 4101 ὲξέλ.

2409 4133 2573 4187 θωσιν
2606 4134 2655 4186 οἱ
2690 4134 2827 4203 πρὸς
2847 4131 3025 4185 αὐτῶν
3062 4131 3435 4203 καθῃρημένοι
3465 4132 3558 4185 καὶ
3586 4130 3988 4201 κατηγορηθέν-

2406 4241 2527 4289 τες·
2558 4226 2651 4279 καὶ
2686 4224 2843 4279 τοῦτο
2883 4224 3115 4293 ἐγένετο.
3137 4224 3482 4293 Συνεχώρουν
3522 4224 3631 4295 γάρ
3660 4226 3708 4278 at
3744 4224 3854 4277 ἀπὸ
3888 4222 3988 4276 τοῦ

2407 4317 2594 4387 ἐτέρου
2648 4315 2880 4388 μέρους,
2910 4315 3269 4378 ὑπολαϐόντες
3300 4310 3554 4369 Ἀκάκιον
3600 4314 3806 4385 ταύτην
3844 4316 3983 4384 πρό-

2414 4426 2577 4478 φασιν
2608 4408 2874 4478 θηρᾶσθαι
2920 4408 3166 4463 διαλῦσαι
3206 4409 3305 4477 τὴν
3346 4407 3581 4471 σύνοδον,
3624 4407 3700 4470 ὡς
3748 4408 3841 4461 καὶ
3885 4408 3988 4477 τὴν

742 4501 1079 4559 conveniunt
1101 4540 1115 4565 ,
1145 4510 1201 4557 et
1231 4518 1337 4557 una
1368 4517 1491 4557 cum
1525 4502 1636 4559 illis
1665 4502 2021 4559 Macedonius
2050 4518 2116 4559 ac
2148 4501 2297 4556 Basi-
2337 4509 2379 4565 ι)
2406 4504 2500 4555 Ἀει

2228 4501 2297 4556 si-
2337 4509 2379 4565 ι)
2406 4499 2614 4555 Ἀετίου
2644 4501 2852 4571 αἵρεσιν
2887 4499 2985 4572 τὴν
3042 4499 3324 4569 παροῦσαν
3371 4498 3619 4565 ἐξέτασιν
3664 4499 3986 4570 διαφυγεῖν,

1908 4699 2174 4756 VALESII
2211 4699 2760 4758 ANNOTATIONES.

815 4830 927 4900 (l6)
969 4831 1089 4904 Tim
1110 4831 1317 4904 πίστιν
1340 4831 1421 4901 ἢν
1448 4834 1520 4904 οὐ
1542 4833 1652 4902 πρὸ
1680 4835 1910 4889 πολλοῦ
1940 4834 2192 4904 Μάρκος.
2225 4834 2311 4888 lu-

745 4904 941 4974 :clligit
971 4900 1093 4956 ﬁdei
1129 4900 1418 4974 formulam
1455 4900 1807 4974 Sirmiensem
1831 4943 1846 4966 ,
1889 4900 2309 4974 qum'consules

747 4973 986 5045 habebat
1031 4973 1325 5045 ascriptos‘
1362 4972 1657 5028 Eusebium
1698 4982 1753 5028 et
1799 4972 2109 5045 Hypatium.
2158 4975 2309 5029 Hanc

746 5043 891 5097 enim
940 5042 1237 5113 dictaverat
1274 5043 1497 5113 Marcus
1520 5085 1533 5099 .
1581 5053 1641 5096 ut
1685 5042 1859 5113 supra
1883 5042 2063 5099 notavi
2096 5061 2159 5099 ex
2193 5046 2307 5107 cpi-

746 5113 886 5166 stola
921 5112 1181 5167 Germinii
1219 5112 1283 5165 ad
1320 5112 1619 5168 Valentem.
1656 5112 1777 5181 qum
1812 5113 2051 5168 refertur
2084 5115 2136 5167 in
2174 5113 2305 5168 Fra-

748 5184 978 5251 gmentis
1010 5181 1219 5235 llilarii.
1260 5182 1439 5246 Quare
1473 5183 1679 5236 fallitur
1713 5184 2001 5248 Socrates,
2034 5185 2125 5253 qui
2162 5183 2307 5237 Mar—

748 5268 871 5305 cum
907 5254 1147 5307 dictasse
1185 5253 1377 5306 scribit
1419 5254 1708 5307 formulam
1758 5254 1879 5308 ﬁdei
1924 5269 2043 5309 eam
2089 5270 2210 5321 quae
2253 5254 2308 5308 in

750 5322 1031 5393 Sirmiensi
1063 5324 1297 5377 concilio
1335 5323 1597 5377 adversus
1646 5324 1933 5377 Photinum
1970 5324 2311 5393 promulgata

748 5400 849 5445 est.
896 5392 1045 5447 llanc
1094 5395 1239 5447 enim
1284 5409 1313 5445 a
1364 5393 1565 5448 Basilio
1596 5394 1883 5464 Ancyrano
1924 5394 2105 5463 potius
2140 5392 2312 5447 dicta-

750 5471 859 5515 tam
891 5479 1011 5519 esse
1039 5464 1402 5535 crediderim,
1448 5465 1651 5535 quippe
1696 5464 1788 5535 qui
1833 5464 1891 5519 in
1937 5464 2031 5519 illo
2071 5464 2309 5519 concilio

752 5536 954 5601 primas
984 5550 1048 5603 pa
1057 5533 1319 5604 τίθει-θεῖε.

822 5604 935 5669 (l7)
978 5599 1111 5658 itu-0'
1151 5599 1248 5657 ὤν’
1272 5600 1350 5673 ἦν
1378 5603 1475 5657 καὶ
1510 5604 1852 5668 Βασίλειος.
1878 5602 2014 5659 Vide
2056 5618 2220 5671 supra
2260 5602 2314 5656 in

751 5675 929 5740 capite
965 5676 1028 5727 16
1062 5676 1223 5742 hujus
1254 5676 1375 5728 lihri
1398 5714 1413 5736 .
1450 5675 1540 5728 ubi
1586 5674 1924 5729 Sozomenus
1964 5682 2151 5726 narrat
2181 5688 2315 5742 qna-

757 5744 879 5797 liter
909 5744 1141 5799 llasilius
1171 5746 1495 5815 Ancyranus
1522 5745 1588 5797 ad
1621 5745 1937 5798 comitatum
1972 5743 2317 5815 imperatoris

755 5818 1000 5872 venerit.
1036 5816 1126 5880 qui
1160 5823 1271 5867 tum
1293 5812 1493 5870 Sirmii
1528 5815 1753 5884 degebat
1785 5831 1798 5875 ;
1831 5824 1995 5879 atque,
2048 5813 2121 5866 ibi
2170 5812 2314 5884 Mar-

756 5898 881 5939 cum
926 5887 1315 5950 At‘ctltusium,
1363 5881 1653 5957 Georgium
1703 5884 2164 5945 Alexandrinum.
2211 5881 2315 5937 Va-

2417 4834 2644 4896 lentem,
2676 4842 2729 4887 et
2760 4834 2895 4889 alios
2926 4833 3190 4903 quosdam
3238 4833 3525 4888 invenerit.
3573 4833 3675 4899 Qui
3707 4846 3830 4887 cum
3863 4830 3978 4886 for-

2418 4908 2624 4959 mulam
2657 4904 2947 4973 quamdam
2981 4904 3103 4958 ﬁdei
3133 4904 3631 4972 conscripsissent,
3663 4903 3717 4956 in
3746 4916 3850 4971 qua
3883 4918 3981 4955 no-

2415 4991 2537 5030 men
2572 4975 2883 5029 substantia:
2912 4990 3266 5044 suppressum
3294 4983 3414 5025 erat
3433 5014 3446 5035 ,
3477 4988 3594 5044 eam
3623 4973 3691 5025 ab
3722 4973 3987 5044 omnibus

2412 5045 2934 5113 cpisc0pis_suseipi
2980 5043 3043 5099 ac
3078 5043 3819 5113 subscriptionjbusﬁrmari
3864 5052 3983 5113 stu-

2410 5111 2671 5169 duerunt.
2704 5111 2993 5168 Porro'hic
3023 5115 3206 5167 mirari
3254 5113 3401 5167 subit
3442 5112 3736 5175 Basilium,
3783 5112 3874 5180 qui
3924 5112 3978 5164 in

2411 5184 2933 5266 synodo_Aiicyrana
2963 5200 3056 5265 eos
3085 5186 3175 5254 qui
3203 5183 3512 5237 substantia:
3539 5198 3736 5266 nomen
3769 5182 3821 5235 in
3851 5196 3983 5235 con-

2413 5252 2575 5309 ventu
2612 5252 2899 5308 Sirmiensi
2937 5252 3244 5321 rejeizerant
3268 5295 3282 5317 ,
3316 5263 3439 5321 tam,
3463 5268 3649 5307 severe
3680 5254 3977 5306 damnave-

2414 5332 2521 5377 rat.
2571 5324 2713 5378 Idem
2766 5336 2943 5378 tamen
2995 5320 3182 5392 postea
3233 5322 3372 5392 apud
3423 5320 3680 5375 Sirmium
3732 5320 3980 5392 formula:

2418 5394 2541 5449 ﬁdei
2572 5410 2600 5447 a
2628 5394 2809 5449 Marco
2838 5389 3412 5463 dictatm‘subscripsit
3432 5433 3447 5457 ,
3476 5407 3596 5461 quae
3626 5406 3827 5446 nomen
3857 5389 3979 5445 sub-

2417 5465 2631 5518 stantiae
2660 5480 2769 5518 non
2802 5463 3053 5518 habebat.

2489 5534 2600 5602 (18)
2654 5533 3133 5602 Ἐπεψηφίσαντο
3154 5532 3418 5597 τούτους.
3452 5530 3819 5602 δονίιιθηᾶψη
3840 5530 3977 5602 vide-

2420 5600 2511 5659 tur
2537 5600 2888 5666 codmt;,‘ut
2939 5604 3066 5671 legit
3115 5603 3672 5671 Christophorsonns.
3723 5600 3977 5671 Eamdem

2420 5673 2791 5742 conjecturam
2828 5670 3103 5742 inetulicc
3142 5670 3353 5742 Savilii’
3380 5681 3691 5724 annotatam
3724 5670 3802 5742 ad
3834 5670 3979 5742 latus

2424 5737 2617 5810 reperi.
2650 5743 2753 5797 Sed
2784 5744 2835 5796 in
2870 5741 3171 5797 Fuketiano
3199 5741 3387 5796 codice
3418 5742 3684 5797 scribitur
3711 5737 3978 5809 ἀπεψηφί-

2425 5832 2584 5868 σαντο
2621 5814 2839 5878 τούτους
2862 5850 2875 5876 ,
2903 5813 3047 5884 quod
3083 5830 3265 5867 tamen
3298 5828 3403 5867 non
3441 5811 3632 5883 probo.
