4452 6584
776 427 915 483 1187

2200 424 2551 484 SOZOMENI

3868 427 4012 487 ΗΒΕ

776 541 867 608 qui
901 549 1015 593 tum
1043 539 1180 595 forte
1207 542 1262 594 in
1284 542 1472 597 eadem
1512 544 1645 598 urbe
1672 544 2035 598 versabantur
2064 551 2075 596 ξ
2111 543 2349 614 primum
2378 546 2425 602 Α
2451 542 2534 612 πρέ

2274 558 2349 597 tm
2378 546 2425 602 Α
2451 541 2588 612 πρὸς
2614 540 2769 595 δύσιν
2810 540 3119 612 ἀρχομένης
3145 539 3478 604 ἐπανελθὼν,
3520 540 3741 610 πρῶτον
3782 537 4032 610 ὕπαρχον

775 631 995 701 quidem
1054 633 1123 687 de
1160 635 1463 701 quaestione
1495 634 1636 687 Aetii
1660 634 1928 702 judicium
1964 633 2104 687 ferre
2129 633 2353 701 jubetur

778 723 1121 787 Honoratus,
1179 726 1552 781 assidentibus
1615 725 1877 780 senatorii
1914 724 2127 780 ordinis
2164 722 2300 778 viris
2336 740 2349 776 :

776 832 937 884 quem
972 817 1192 886 quidem
1224 815 1528 887 imperator
1558 817 1720 887 paulo
1750 824 1908 872 antea
1939 816 2008 872 ab
2039 815 2353 871 Occidentis

776 907 1025 976 partibus
1083 914 1373 971 reversus,
1438 908 1673 977 primum
1734 908 1981 962 omnium
2035 906 2351 975 praelectum

778 999 929 1054 urbis
987 999 1605 1068 ConstantinOpolitante
1652 1005 1958 1053 creaverat.
1993 996 2191 1051 Postea
2217 1011 2346 1050 vero

776 1106 899 1143 cum
947 1090 1308 1146 Constantius
1357 1092 1587 1160 ipsemet
1643 1105 1748 1144 una
1782 1105 1905 1143 cum
1939 1088 2352 1160 magistratibus

774 1180 1021 1236 eamdem
1084 1192 1309 1235 causam
1372 1184 1779 1246 examinasset,
1833 1181 2211 1250 deprehensus
2266 1186 2351 1233 est

776 1271 967 1325 Aetius
1022 1273 1160 1326 male
1211 1272 1418 1326 sentire
1442 1272 1508 1326 de
1540 1272 1644 1325 fide
1674 1291 1687 1327 :
1730 1272 1865 1325 adeo
1895 1281 1953 1325 ut
1975 1277 2091 1325 tum
2123 1271 2354 1340 impera-

777 1369 865 1415 tor
920 1363 1055 1432 ipse,
1094 1371 1208 1415 tum
1257 1363 1476 1433 reliqui,
1520 1363 1702 1434 impiis
1731 1363 1854 1432 ejus
1889 1362 2237 1418 sermonibus
2269 1360 2355 1417 of-

780 1450 1151 1507 fenderentur.
1196 1454 1362 1507 Aiunt
1420 1469 1587 1523 porro
1630 1454 1955 1519 Acacianos,
2016 1469 2142 1508 cum
2196 1454 2354 1508 initio

782 1544 1110 1600 simularent
1156 1561 1215 1600 se
1268 1546 1587 1615 hujusmodi
1642 1547 1847 1601 erroris
1888 1547 2106 1617 penitus
2137 1547 2354 1618 ignaros

779 1650 924 1700 esse,
976 1636 1044 1690 de
1103 1636 1373 1692 industria
1419 1650 1641 1707 operam
1691 1636 1911 1691 dedisse
1955 1646 2016 1691 ut
2050 1638 2351 1708 imperator

779 1740 907 1778 cum
952 1725 1215 1793 proximis
1269 1726 1338 1781 de
1399 1728 1502 1782 hoc
1554 1728 1773 1799 negotio
1815 1728 2107 1798 judicaret.
2142 1729 2355 1799 Quippe

779 1814 995 1869 Aetihm
1034 1815 1214 1870 verbis
1252 1816 1731 1888 inexpugnabilem
1784 1816 1901 1873 fore
1940 1819 2348 1886 existimabant,

2457 630 3079 694 Κωνσταντινουπόλεως
3106 631 3385 702 ἀπέφηνεν
3404 647 3418 661 ο
3460 630 3684 701 ὕστερον
3720 628 3778 682 δὲ
3806 630 3902 682 καὶ
3932 629 4035 683 αὐ-

2453 721 2549 774 τοῦ
2584 722 2968 776 Κωνσταντίου
3016 723 3114 775 σὺν
3138 724 3253 785 τοῖς
3283 722 3510 793 ἄρχουσι
3556 720 3885 789 διαγνόντος,
3916 738 4037 788 φω-

2456 815 2618 884 ρᾶται
2659 815 2862 876 ’Λέτιος
2900 814 3165 877 κακόνους
3197 812 3272 867 ὥν
3308 815 3435 884 περὶ
3464 813 3562 884 τὴν
3592 812 3794 876 πίστιν,
3832 811 3907 876 ὡς
3937 813 4035 865 ut

2454 906 2545 959 τὸν
2575 905 2798 975 βασιλέα
2824 907 2918 959 καὶ
2946 907 3072 971 τοὺς
3098 905 3310 969 ἄλλους,
3337 906 3412 968 ὡς
3433 906 3525 958 ἐπὶ
3558 904 3897 975 βλασφήμοις
3928 893 4035 957 αὖ·

2454 995 2548 1049 τοῦ
2586 996 2765 1063 λόγοις
2801 997 3128 1067 χαλεπῆναι.
3170 998 3404 1065 Λέγεται
3448 996 3505 1049 δὲ
3554 998 3669 1058 τοῖς
3702 997 3829 1066 περὶ
3870 996 4036 1049 ’Δκά-

2455 1104 2571 1140 κιον
2621 1087 2765 1157 (27),
2823 1091 3046 1157 ἄγνοιαν
3115 1088 3511 1158 σκηπτομένοις
3572 1087 3673 1159 τὴν
3710 1086 3885 1158 ἀρχὴν
3930 1086 4037 1156 τῆς

2454 1178 2707 1249 τοιαύτης
2742 1181 3024 1251 αἱρέσεως,
3066 1180 3321 1250 ἐπίτηδες
3357 1180 3656 1243 σπουδάσαι
3686 1179 3775 1233 τὸν
3811 1179 4037 1250 βασιλέα

2454 1268 2549 1321 καὶ
2584 1271 2710 1331 τοὺς
2740 1270 2875 1339 ἀμφ’
2902 1270 3067 1324 αὐτὸν
3089 1270 3331 1335 δικάσαι,
3358 1269 3786 1340 ἀκαταμάχητον
3814 1269 4038 1325 ἔσεσθαι

2453 1358 2569 1418 τοῖς
2611 1356 2789 1425 λόγοις
2827 1356 2919 1411 τὸν
2978 1358 3182 1411 Ἀέτιον
3221 1356 3506 1426 οἰηθέντας
3553 1356 3690 1439 (ἳβ),
3726 1356 3821 1410 καὶ
3851 1357 4040 1411 ἱκανδν

2455 1446 2675 1511 πειθοῦς
2722 1450 2935 1521 ἀνάγκη
2986 1451 3112 1513 τοὺς
3161 1449 3459 1512 ἀκούοντας
3500 1450 3662 1514 ἑλεῖν,
3712 1448 3805 1502 καὶ
3845 1448 4038 1503 ἀκοντὶ

2454 1538 2720 1609 κρατῦναι
2761 1540 2858 1611 τὴν
2884 1543 3115 1611 αἵρεσιν.
3162 1541 3317 1594 Ἐπεὶ
3351 1540 3407 1593 δὲ
3444 1540 3601 1593 τοῦτο
3638 1540 3770 1611 παρ’
3812 1540 4037 1603 ἐλπίδας

2455 1631 2635 1693 αὐτοῖς
2664 1630 2863 1701 ἀπέϐη,
2914 1630 3247 1702 προκομίσαι
3300 1631 3398 1699 τὴν
3429 1629 3489 1694 ἐξ
3539 1631 3831 1700 Ἀριμήνου
3873 1647 4037 1700 κομι-

2457 1724 2675 1777 σθεῖσαν
2700 1724 2939 1793 γραφὴν,
2986 1723 3081 1775 καὶ
3112 1723 3242 1786 τοὺς
3283 1722 3728 1792 ἀπεσταλμένους
3755 1722 3906 1792 παρὰ
3932 1723 4038 1791 τῆς

2460 1817 2516 1868 ὲν
2539 1815 2830 1886 Σελευκείᾳ
2862 1815 3078 1869 συνόδου
3112 1814 3342 1878 ἀξιῶσαι
3377 1813 3583 1884 ταύτην
3617 1812 4035 1876 καταδέξασθαι.

777 1914 833 1960 et
864 1905 1122 1960 idoneum
1156 1908 1248 1976 qui
1278 1907 1642 1978 persuadendi
1674 1908 1725 1961 vi
1768 1909 2044 1964 auditores
2092 1911 2356 1979 percelle-
2386 1892 2428 1946 Β
2469 1905 2535 1960 Ίσ

2279 1911 2356 1965 le-
2386 1892 2428 1946 Β
2469 1904 2931 1977 Ἰσχυριζομένους
2971 1906 3028 1959 δὲ
3076 1905 3341 1977 μηδαμῶς
3392 1906 3453 1958 τὸ
3502 1906 3601 1976 τῆς
3635 1904 3822 1969 οὐσίας
3863 1905 4034 1974 δνομα

780 2004 883 2061 ret,
917 2003 971 2051 et
1013 1997 1262 2052 haeresim
1298 2013 1452 2054 suam
1489 1999 1679 2054 invitis
1700 1999 2034 2056 adversariis
2064 2002 2351 2057 stabiliret.

782 2082 984 2141 Verum
1017 2088 1108 2143 ubi
1136 2103 1223 2144 res
1275 2102 1467 2144 contra
1497 2100 1660 2161 quam
1692 2100 2046 2162 speraverant
2081 2093 2191 2149 illis
2232 2108 2359 2148 suc-

780 2179 1069 2246 cessisset,
1102 2187 1217 2234 tum
1270 2196 1402 2236 vero
1430 2180 1724 2237 formulam
1757 2199 1877 2253 qua:
1904 2185 2154 2238 Arimino
2191 2185 2355 2239 allata

784 2269 964 2325 fuerat
1010 2281 1433 2342 proposuerunt,
1488 2284 1657 2344 utque
1711 2276 1875 2346 legati
1932 2292 1962 2330 a
2018 2275 2355 2333 Seleuciensi

785 2362 1023 2417 concilio
1051 2364 1207 2419 missi
1246 2379 1365 2419 eam
1398 2367 1765 2437 susciperent,
1789 2369 2159 2437 postularunt.
2188 2370 2352 2424 Cum-

780 2470 890 2524 que
934 2454 1023 2509 isti
1055 2463 1377 2512 constanter
1405 2468 1791 2513 asseverarent
1827 2460 2152 2515 substantia:
2193 2474 2355 2514 voca-

780 2544 965 2597 bulum
1020 2560 1300 2614 nunquam
1349 2561 1409 2601 se
1455 2546 1845 2616 repudiaturos
1886 2548 2147 2602 Acaciani
2186 2549 2353 2603 inter-

781 2636 960 2704 posito
977 2636 1344 2706 jurejurando
1369 2638 1450 2693 eis
1474 2648 1870 2708 persuaserunt
1907 2654 1967 2694 se
2007 2655 2350 2710 nequaquam

778 2724 1102 2781 dissimilem
1132 2728 1445 2783 substantia
1467 2727 1664 2783 Filium
1697 2743 1945 2785 asserere
1975 2773 1989 2796 ,
2027 2742 2353 2802 paratosque

774 2832 900 2872 esse
954 2832 1075 2872 eam
1120 2818 1373 2874 haeresim
1419 2820 1810 2878 condemnare.
1865 2820 2067 2877 Verum
2092 2823 2350 2891 quoniam

775 2906 1154 2965 Occidentales
1216 2912 1359 2981 apud
1416 2903 1721 2969 Ariminum
1780 2923 1978 2970 nomen
2034 2910 2352 2971 substantia:

2458 1996 2915 2068 παραλιμπάνειν,
2941 1998 3125 2066 ὅρκοις
3152 1998 3357 2057 πεῖσαι,
3388 1996 3464 2058 ὡς
3488 1997 3590 2049 οὐκ
3628 1983 3878 2065 ἀνόμοιον
3911 1997 4033 2048 κατ’

2456 2091 2642 2143 οὐσίαν
2673 2090 2767 2143 τὸν
2788 2088 2916 2142 Υίὸν
2940 2088 3271 2155 δοξάζουσιν,
3301 2088 3531 2157 ἑτοίμως
3549 2105 3610 2140 τε
3632 2087 3814 2157 έχουσι
3831 2086 4037 2156 ταύτην

2456 2184 2859 2253 ἀποκηρύττειν
2885 2182 2984 2253 τὴν
3011 2183 3245 2255 αἵρεσιν.
3296 2181 3434 2235 Ἀλλ’
3462 2181 3589 2234 ἐπεὶ
3630 2179 3947 2251 παραδόξοις
3983 2182 4038 2235 οι

2454 2274 2660 2327 δυτικοὶ
2686 2273 2748 2326 τὸ
2778 2277 2878 2345 τῆς
2900 2274 3086 2337 οὐσίας
3112 2274 3282 2345 ὄνομα
3306 2272 3605 2346 παρέλιπον
3637 2273 3695 2325 ὲν
3736 2273 4035 2343 Ἀριμήνῳ,

2455 2365 2917 2437 περισπούδαστον
2950 2366 3132 2430 αὐτοῖς
3164 2361 3304 2419 εῖναι
3340 2352 3677 2436 ἰσχυρίζοντο
3708 2364 3809 2435 τὴν
3850 2365 4037 2417 τοιαύ-

2453 2474 2553 2526 την
2589 2458 2826 2529 γραφήν.
2858 2457 2918 2509 Εἰ
2960 2456 3091 2529 γὰρ,
3132 2459 3291 2529 φησὶ,
3339 2458 3626 2529 κρατήσοι,
3666 2458 3884 2518 πάντως
3926 2472 4035 2507 που

2454 2549 2531 2619 τῷ
2563 2548 2664 2618 τῆς
2687 2549 2877 2613 οὐσίας
2902 2548 3128 2619 ὀνόματι
3175 2549 3693 2621 συσσιωπηθήσεται
3721 2548 3816 2601 καὶ
3847 2548 3907 2600 τὺ
3936 2541 4036 2600 τοῦ

2453 2641 2759 2711 όμοουσίου,
2788 2641 2818 2693 ὃ
2841 2640 2904 2711 δὴ
2939 2640 3175 2711 μάλιστα
3199 2642 3249 2694 οἰ
3275 2641 3377 2696 ἀνὰ
3404 2640 3502 2711 τὴν
3520 2639 3673 2694 δύσιν
3708 2641 3872 2710 ἱερεῖς
3897 2639 4037 2693 αἰδοῖ

2451 2735 2551 2803 τῆς
2581 2734 2639 2785 ἐν
2669 2733 2873 2803 Natat;
2903 2733 3120 2787 συνόδου
3164 2732 3295 2803 περὶ
3332 2731 3529 2785 πολλοῦ
3559 2731 3861 2786 ἐποιοῦντο.
3890 2721 4036 2800 Πρός

2451 2826 2661 2889 τούτοις
2703 2826 2781 2889 δὲ,
2830 2828 2925 2879 καὶ
2973 2820 3136 2889 αὐτὸς
3173 2822 3202 2879 δ
3244 2824 3497 2895 βασιλεὺς
3547 2823 3776 2895 ἐπείσθη
3829 2823 4037 2893 ταύτην

2454 2908 2694 2969 ἐπαινεῖν
2726 2916 2824 2986 τὴν
2857 2916 3074 2987 γραφήν
3108 2933 3124 2948 ο
3159 2915 3509 2985 λογιζόμενος
3540 2915 3602 2967 τὸ
3638 2913 3747 2967 τῶν
3779 2916 3838 2967 ὲν
3884 2914 4037 2985 ’Δρι-

773 3001 1197 3069 expunxissent.
1249 3003 1693 3073 acceptissimam
1728 3005 1835 3061 sibi
1887 3021 2007 3061 esse
2035 3003 2349 3078 hujusmodi

775 3091 1070 3147 formulam
1111 3094 1482 3150 afﬁrmabant.
1514 3087 1675 3163 Nam,
1723 3098 1785 3153 ut
1836 3098 2080 3165 aiebant,
2129 3092 2177 3155 si
2235 3102 2349 3157 haec

2455 3011 2611 3080 μὴνῳ
2653 3006 3016 3062 συνελθόντων
3054 3006 3260 3077 πλῆθος
3281 3023 3296 3037 ο
3326 3006 3423 3060 καὶ
3453 3007 3529 3069 ὠς
3562 3006 3664 3059 οὐκ
3702 3006 3770 3060 ἂν
3799 3006 4036 3077 ἁμάρτοι

2451 3100 2635 3168 ὅμοιον
2662 3098 2945 3169 ὁμολογεῖν
2968 3084 3061 3152 καὶ
3089 3098 3375 3169 όμοούσιον
3402 3098 3543 3167 (29)'
3574 3099 3668 3152 καὶ
3688 3099 3854 3169 μηδὲν
3882 3099 4036 3168 αὐτῷ

777 3184 1156 3253 praevaluerit,
1214 3200 1343 3241 cum
1381 3188 1602 3243 nomine
1650 3189 1971 3245 substantiae
2017 3193 2345 3248 vocabulum
2376 3224 2420 3282 ο
2451 3192 2535 3244 δια

2274 3205 2345 3248 im
2376 3224 2420 3282 ο
2451 3191 2729 3282 διαφέρειν
2776 3190 2897 3282 κατ’
2942 3190 3171 3282 ἔννοιανς
3216 3192 3265 3282 εί
3308 3190 3569 3282 ὀνόμασιν
3618 3188 3919 3282 ἀγνῴστοις
3962 3192 4032 3261 τῇ

772 3276 939 3331 etiam
994 3277 1476 3334 consubstantialis
1524 3280 1686 3335 simul
1734 3282 2041 3337 iuvolvetur
2092 3281 2349 3351 silentio;
2386 3276 2419 3282 ⁷
2454 3282 2530 3351 ίερ

2278 3300 2309 3337 ο
2333 3302 2349 3351 ;
2386 3276 2419 3282 ⁷
2454 3282 2573 3351 ίερᾷ
2602 3280 2792 3352 Γραφῇ
2824 3280 2899 3353 μὴ
2924 3279 3123 3351 χρῷτο,
3152 3280 3209 3333 ἐν
3247 3279 3551 3350 ίσοδυνάμῳ
3580 3297 3640 3333 τε
3664 3280 3759 3333 καὶ
3778 3280 4034 3350 ἀναμφη-

773 3364 921 3433 quod
963 3372 1141 3420 tamen
1170 3363 1540 3424 occidentales
1578 3370 1851 3427 antistites
1893 3373 1962 3427 ob
1991 3376 2350 3430 reverentiam
2454 3371 2531 3442 ρίε

2276 3391 2350 3430 πη
2454 3371 2621 3442 ρίστῳ
2640 3371 2869 3440 ὀνόματι
2893 3370 2956 3423 τὸ
2981 3371 3188 3440 ὅμοιον,
3218 3370 3318 3440 τὴν
3351 3369 3519 3440 αὐτὴν
3541 3369 3816 3440 σημασίαν
3841 3370 4034 3439 ὁμολο⁶

772 3454 1003 3512 Nicaeum
1040 3458 1233 3528 synodi
1266 3454 1485 3530 plurimi
1531 3453 1822 3519 faciebant.
1880 3463 2186 3531 Quinetiam
2251 3468 2351 3521 im-
2448 3462 2530 3530 γοε

2275 3482 2351 3520 [ῐι-
2448 3462 2593 3533 γοίη.
2645 3459 2833 3523 Οὕτως
2880 3455 2974 3513 οὖν
3008 3460 3144 3529 ἔχων
3182 3459 3446 3529 γνώμης,
3492 3460 3740 3530 ὁμονοεῖν
3776 3459 4033 3513 ἐκέλευσε

775 3559 993 3615 perator
1031 3551 1147 3619 ipse
1202 3551 1270 3605 ad
1317 3566 1439 3607 eam
1480 3546 1768 3610 formulam
1802 3557 2209 3627 approbandam
2262 3558 2349 3612 in-
2402 3560 2405 3563 ‘
2446 3553 2533 3606 τοῦ

2276 3575 2349 3612 ηη-
2402 3560 2405 3563 ‘
2446 3553 2572 3615 τοὺς
2617 3548 2951 3613 ἐπισκόπους
3004 3549 3135 3620 περὶ
3181 3548 3280 3620 τὴν
3323 3548 3635 3603 ἑκτεθεῖσαν
3668 3549 3774 3602 ὑπὸ
3818 3548 3930 3601 τῶν
3971 3550 4034 3601 ὲν

771 3637 970 3693 ductus
996 3652 1122 3705 est;
1159 3653 1283 3695 cum
1335 3643 1476 3713 apud
1514 3660 1573 3699 se
1611 3654 1893 3716 reputaret
1938 3649 2341 3704 multitudinem
2465 3648 2524 3701 Ἀ

2276 3666 2341 3704 ml
2465 3647 2744 3718 Ἀριμήνῳ
2766 3644 3146 3698 συνελθόντων.
3195 3641 3649 3713 Ἐτοιμαζόμενός
3691 3659 3753 3695 τε
3779 3644 3844 3713 τῇ
3876 3643 4034 3695 ὑστε-

770 3744 959 3785 eorum
1004 3733 1096 3799 qui
1167 3733 1398 3788 Arimini
1445 3746 1817 3793 convenerant
1860 3757 1875 3795 ι
1935 3748 1990 3796 et
2034 3742 2180 3811 quod
2244 3760 2345 3799 nc-
2455 3757 2523 3810 ρα

2276 3761 2345 3799 ιο-
2455 3739 2583 3810 ραίᾳ
2615 3738 2753 3809 πρὸς
2796 3735 3066 3806 ὑπατικὴν
3102 3738 3350 3806 πομπὴν,
3384 3735 3525 3788 καθὰ
3566 3735 3861 3805 Ῥωμαίοις
3906 3735 4034 3799 ἔθος

770 3834 1038 3889 quaquam
1070 3821 1405 3879 aberraverit
1435 3818 1482 3880 is
1512 3826 1606 3895 qui
1630 3820 1864 3884 similem
1897 3826 2223 3887 conﬁteatur
2251 3842 2346 3890 aut
2453 3832 2511 3885 ἐν

2271 3842 2346 3890 tut
2453 3832 2511 3885 ὲν
2534 3832 2597 3901 τῇ
2633 3828 2901 3900 νουμηνίᾳ
2932 3827 3026 3881 τοῦ
3051 3827 3180 3899 παρ’
3212 3828 3394 3890 αὺτοῖς
3441 3825 3795 3897 Ἰαννουαρίου
3834 3825 4029 3897 μηνὸς,

770 3913 1327 3971 consubstantialem:
1373 3931 1473 3972 nec
1514 3919 1682 3974 ullum
1737 3920 1882 3990 apud
1938 3938 1997 3978 se
2048 3922 2347 3982 discrimen
2448 3924 2527 3977 πᾶ

2273 3941 2347 3982 ιεη
2448 3924 2630 3977 πᾶσαν
2652 3920 2751 3993 τὴν
2780 3921 2995 3992 ἡμέραν
3020 3921 3115 3974 καὶ
3152 3921 3287 3974 πολὺ
3316 3920 3417 3989 τῆς
3442 3918 3811 3990 ἐπιλαϐούσης
3830 3920 4031 3982 νυκτὸς

771 4005 845 4054 sit
909 4003 1084 4071 quoad
1136 4019 1401 4073 sensum,
1464 4008 1512 4063 si
1572 4003 1697 4079 quis
1756 4004 2071 4069 nominibus
2129 4012 2346 4085 quidem
2448 4017 2529 4069 ἀνε

2272 4032 2346 4072 em
2448 4014 2721 4069 ἀναλῶσαι
2748 4012 2950 4084 μεταξὺ
2972 4013 3080 4067 τῶν
3100 4014 3435 4077 ἐπισκόπων,
3456 4009 3830 4080 διαγινώσκων
3851 4011 4030 4063 εἰσότε

772 4094 972 4163 ignotis
993 4110 1162 4151 sacrae
1192 4097 1487 4169 Scriptura
1511 4093 1736 4158 minime
1765 4112 1952 4159 utatur
1978 4125 1990 4160 :
2019 4107 2349 4175 aequivalen-
2445 4107 2509 4179 δὴ

2271 4125 2349 4163 :n-
2445 4107 2509 4179 δὴ
2539 4106 2607 4177 τῇ
2635 4106 3046 4177 διακομισθείσῃ
3086 4104 3146 4170 ἐξ
3192 4105 3487 4176 Ἀριμήνου
3517 4106 3704 4176 γραφῇ
3752 4104 3847 4157 καὶ
3876 4103 3928 4156 oi.
3961 4104 4029 4156 ὲκ

771 4194 825 4240 te
854 4195 1032 4241 autem
1053 4189 1318 4245 vocabulo
1345 4202 1395 4247 et
1413 4200 1564 4248 extra
1586 4196 2015 4251 controversiam
2043 4199 2240 4267 posito,
2265 4202 2346 4257 si-
2451 4201 2529 4253 Σεῑ

1710 4196 2015 4251 .roversiam
2043 4199 2240 4267 posito,
2265 4202 2346 4257 si-
2451 4200 2768 4263 Σελευκείας
2808 4197 3098 4269 ἀφιγμένοι
3126 4197 3468 4269 ὑπέγραψαν.

771 4277 886 4331 mili
926 4279 1198 4345 videlicet,
1263 4284 1507 4339 eamdem
1568 4290 1895 4344 sententiam
1935 4289 2278 4350 confiteatur.
2322 4296 2458 4361 Cum
2509 4295 2680 4365 igitur
2730 4296 3028 4363 imperator
3067 4292 3252 4347 animo
3291 4307 3393 4347 suo
3440 4292 3517 4346 ita
3579 4292 3833 4356 sentiret,
3884 4306 4028 4362 prte-

767 4373 913 4459 cepit
955 4371 1246 4459 episcopis
1310 4383 1368 4428 ut
1431 4376 1485 4431 in
1521 4378 1681 4435 iidem
1712 4374 1782 4436 ab
1809 4381 2147 4440 Ariminensi
2180 4379 2342 4459 168
2378 4388 2617 4443 concilio
2646 4385 2953 4456 expositam
2981 4383 3382 4439 consentirent.
3442 4383 3693 4454 Cumque
3757 4384 4027 4452 postridie

769 4456 839 4509 ad
887 4456 1186 4514 solemnem
1229 4464 1553 4521 consulatus
1615 4482 1868 4539 pompam
1932 4486 1992 4527 se
2060 4456 2321 4543 pararet;
2370 4476 2532 4532 sicuti
2590 4478 2761 4533 moris
2807 4484 2892 4532 est
2935 4476 3076 4547 apud
3124 4473 3402 4531 Remanos
3451 4474 3715 4529 Kalendis
3747 4473 4022 4539 Januarii,

768 4558 941 4605 totum
995 4552 1140 4608 diem
1190 4564 1246 4609 et
1300 4558 1643 4629 insequentis
1707 4563 1892 4619 noctis
1941 4556 2236 4620 maximam
2300 4579 2508 4639 partem
2558 4570 2899 4639 censumpsit
2947 4583 3072 4621 cum
3113 4566 3413 4636 episc0pis,
3464 4565 3780 4636 disceptans
3847 4565 4024 4620 donec

769 4645 930 4716 legati
953 4648 1096 4717 quia
1131 4646 1468 4707 Seleuciensi
1498 4654 1736 4710 concilio
1768 4655 2125 4727 advenerant,
2169 4659 2419 4717 formulae
2448 4662 2571 4719 lidei
2596 4662 2665 4718 ab
2684 4660 3014 4717 Ariminensi
3044 4660 3245 4730 oppido
3271 4660 3447 4714 allata:
3471 4658 3948 4729 subscripsissent.

1367 4745 1522 4801 CAP.
1553 4747 1743 4805 xxw.
1904 4802 1907 4803 ,
2373 4758 2423 4817 ι)
3036 4754 3125 4807 ΚΕ

1682 4748 1743 4805 ν.
1904 4802 1907 4803 ν
2373 4758 2423 4817 D
3036 4754 3289 4807 ΚΕΦΑΛ.
3314 4752 3440 4807 KA’.

768 4830 1043 4916 Quomodo
1082 4834 1337 4916 Acuciani
1377 4838 1764 4916 Ariminensem
1810 4844 2075 4916 synodum
2098 4864 2338 4916 compra-
2447 4846 2526 4900 Ὀ·

2262 4864 2338 4900 πυ·
2447 4846 2575 4900 Ὀτι
2602 4849 2656 4899 ol
2678 4846 2805 4914 περὶ
2825 4844 3094 4916 Ἀκιίκιον
3118 4842 3233 4910 τὴν
3257 4842 3328 4895 ἐν
3357 4840 3637 4916 Ἆριμήνῳ
3656 4843 4020 4916 ἐϐεϐαίωσαν

839 4902 1090 4986 baverint.
1154 4904 1292 4986 item
1340 4910 1554 4962 nomina
1597 4902 1959 4986 episcoporum
1988 4911 2077 4986 qui
2111 4902 2339 4986 depositi
2510 4918 2597 4969 σύ

2262 4919 2339 4971 :itt’
2510 4902 2777 4970 σύνοδοῖο
2813 4933 2827 4946 ·
2871 4914 2981 4986 xui
3013 4902 3345 4986 κατάλογος
3368 4902 4020 4986 Δἰιῖιῖοξσιέιθιιιρεθέντιιιιν

838 4983 980 5035 sunt,
1009 4986 1057 5026 ιι
1087 4973 1313 5029 crimina
1338 4989 1549 5046 propter
1576 4973 1692 5050 qua:
1721 4973 1844 5035 sunt
1871 4973 2114 5053 depositi.

838 5062 1010 5118 Porro
1063 5066 1323 5121 Acaciaui
1386 5084 1511 5123 cum
1576 5072 1896 5142 aliquandiu
1959 5077 2337 5135 substitissent

763 5150 1265 5224 CulistautinOpoli,
1309 5158 1599 5227 episcopos
1622 5175 1689 5215 ex
1717 5161 1969 5234 Bithynia
1993 5176 2291 5221 cvocarunt
2317 5186 2332 5222 :

767 5245 910 5299 inter
964 5262 1103 5317 quos
1157 5257 1276 5304 erat
1327 5250 1490 5307 Maris
1535 5251 2021 5318 Chalcedonensis,
2072 5266 2129 5312 et
2177 5258 2335 5314 Ullila

2514 4986 2853 5055 ἀρχιερέων,
2890 4984 2987 5037 καὶ
3011 4983 3112 5036 ἐπὶ
3141 4983 3335 5049 ποίοις
3354 4982 3752 5052 ἐγκλήμασιν.

2514 5078 2653 5129 (ne:
2691 5078 2833 5147 ἀμφὶ
2875 5076 3128 5128 Ἀκάκιον
3163 5075 3535 5145 ὲπιμείναντές
3568 5093 3689 5128 τινα
3724 5074 3912 5147 χρονὸν
3955 5093 4015 5128 εν

2441 5169 3028 5229 Κωνσταντινουπόλει,
3072 5160 3503 5239 μετεκαλέσαντο
3522 5156 3650 5230 τοὺς
3671 5169 3734 5220 ὲκ
3763 5167 4015 5230 Βιθυνίας

2442 5260 2773 5322 ἐπισκόπους
2805 5274 2817 5287 °
2851 5259 2909 5313 ὲν
2946 5253 3025 5324 οἷς
3053 5254 3120 5330 ἦν
3141 5260 3235 5313 κα)⁵
3262 5260 3445 5331 Μάρις
3464 5262 3493 5314 ὁ
3514 5259 3899 5331 Χαλκηδόνιος,
3920 5259 4014 5312 καὶ

1965 5390 2228 5447 VALESII
2264 5390 2817 5449 ANNOTATIONES.

834 5470 946 5541 (27)
978 5472 1215 5542 Λέγεται
1263 5475 1331 5529 δὲ
1363 5476 1487 5543 τοῖς
1532 5479 1663 5545 περὶ
1726 5478 2024 5533 Ἀκάκιον.
2059 5480 2323 5537 Scriban-

763 5547 889 5594 dum
930 5552 1013 5597 est
1034 5545 1232 5619 procul
1266 5546 1454 5619 dubio,
1488 5550 1613 5619 Iob;
1649 5549 1777 5617 περὶ
1805 5550 2057 5604 Ἀκάκιον
2102 5553 2325 5619 ἄγνοιαν

767 5615 1190 5693 σκηπτομένους,
1223 5617 1682 5685 quemadmodum
1716 5615 1844 5688 legit
1866 5615 2325 5693 ChristOphorso-

765 5700 869 5736 nus
903 5692 955 5734 et
989 5685 1249 5738 Savilius.

837 5753 947 5821 (28)
980 5755 1087 5806 Tdr
1123 5755 1346 5809 Ἀέτιον
1363 5758 1743 5824 ἡττηθέντας.
1770 5758 1925 5812 Ilunc
1950 5762 2123 5814 locum
2146 5779 2328 5817 emen-

765 5824 885 5898 davi
950 5841 1015 5877 ex
1047 5827 1236 5898 codice
1279 5826 1602 5890 Fuketiauo,
1662 5833 1715 5883 in
1764 5848 1872 5898 quo
1922 5834 2206 5893 srl'ibiltll‘,
2236 5835 2328 5884 τὸν

777 5894 979 5947 Ἀέτιον
1027 5897 1326 5967 οἰηθέντας.
1405 5898 1511 5953 Pro
1571 5916 1679 5969 quo
1746 5894 2081 5970 Nicophorus
2149 5906 2332 5973 posuit

2424 5483 2726 5557 οἰομένους,
2743 5483 2888 5557 quod
2905 5484 3051 5539 idem
3075 5495 3179 5539 est.
3199 5484 3368 5539 Paulo
3390 5493 3536 5556 post,
3561 5502 3661 5557 pro
3682 5487 3773 5540 καὶ
3795 5486 4005 5552 ἁκοντί,

2431 5556 2484 5607 in
2513 5552 2975 5628 'eodenr’codiee
3024 5557 3221 5625 legitur
3262 5552 3492 5623 ἀκονίτί,
3528 5552 3805 5628 quomodo
3836 5561 4002 5615 etiam

2430 5626 2698 5691 scriptum
2737 5626 2897 5679 habet
2917 5624 3279 5695 Nicephorus.

2501 5696 2613 5759 (29)
2642 5696 2886 5761 ὐμοιον
2914 5696 3227 5765 ὁμολογεῖν
3254 5696 3353 5751 καὶ
3378 5699 3719 5765 ὀμοούσιον.
3754 5698 4004 5754 Mendum

2431 5766 2660 5820 Subcsse
2686 5767 2899 5819 videtur
2941 5768 3065 5819 huic
3096 5769 3232 5820 loco.
3269 5770 3346 5821 Ac
3379 5769 3613 5823 fortasse
3648 5770 4004 5824 scribendum

2430 5845 2537 5899 est,
2568 5837 2752 5904 ὅμοιον
2792 5836 2971 5903 λέγειν
2996 5838 3055 5888 τὸ
3077 5838 3380 5904 ὁμοούσιον.
3413 5837 3506 5893 Vel
3538 5842 3718 5906 potius
3745 5848 4002 5905 transpo-

2431 5907 2606 5959 neu-ia
2663 5916 2789 5960 sunt
2828 5908 3088 5963 vocabula
3124 5914 3177 5962 in
3230 5912 3373 5963 hunc
3418 5910 3664 5975 modum,
3696 5910 3786 5963 καὶ
3834 5911 4003 5980 μηδὲν
