4452 6584
470 512 608 573 1189

1426 510 1747 568 ιιιετοιιιΑ
1791 476 2353 570 Βραιεδιλςτιω.
2395 547 2464 556 -
2496 516 2625 571 un.
2668 517 2758 574 Iv.

3587 514 3727 574 nso

471 633 736 701 Οὑλφίλας
779 634 809 685 ό
842 632 950 685 τῶν
991 633 1028 685 Γ
1030 632 1223 686 ότθων.
1263 632 1610 702 Πεντήκοντα
1645 632 1701 684 δὲ
1739 630 1915 694 δντες,
1962 633 2042 698 είς
2074 639 2113 694 Α
2143 631 2224 687 Go

1968 633 2042 698 εις
2074 639 2113 694 Α
2143 631 2451 687 Gothorum
2506 632 2803 703 episcopus
2869 631 2910 687 ¹.
2963 631 3211 703 Cumque
3261 640 3446 689 estsent
3497 648 3726 688 numero

471 725 662 777 ταὺτδν
706 723 985 793 συνῆλθον,
1022 724 1116 776 καὶ
1150 722 1485 777 ἐῦεὸαίωσαν
1530 724 1629 795 τὴν
1655 725 1712 775 ἐν
1768 722 2045 793 Ἀριμήνῳ

471 813 910 882 ἀναγνωσθεῖσαν
939 814 1180 884 γραφὴν,
1221 812 1572 884 προσθέντες,
1600 813 1695 867 τοῦ
1736 813 1923 867 λοιποῦ
1952 815 2044 868 οὑ-

472 904 593 957 σίαν
637 903 670 973 ἢ
718 900 1014 957 ὑπόστασιν
1050 904 1144 957 ἐπὶ
1182 903 1319 957 Θεοῦ
1366 901 1652 974 ὀνομάζειν
1698 904 1822 975 μηδ’
1856 904 1992 969 ὅλως
2027 922 2041 935 ο

472 996 622 1069 παρά
656 997 857 1069 ταύτην
890 998 954 1069 δὴ
984 998 1081 1067 τὴν
1116 1000 1332 1069 γραφὴν
1370 996 1820 1069 άποκεκηρῦχθαι
1861 1000 2044 1053 πᾶσαν

471 1088 658 1159 ἀλλην,
698 1090 731 1160 ἢ
785 1090 1081 1160 γενομένην
1134 1091 1167 1161 ἢ
1226 1088 1544 1161 μέλλουσαψ
1590 1090 1713 1143 ἐπεὶ
1768 1090 1826 1144 δὲ
1872 1090 2043 1145 ταῦτα

471 1180 732 1252 ἔπραξαν,
787 1182 1141 1254 καθαιροῦσιν
1203 1182 1410 1237 Ἀέτιον
1455 1182 1552 1254 τῆς
1605 1180 1903 1247 διακονίας,
1968 1184 2043 1246 ὠς

471 1274 762 1342 ἐριστικῶς
810 1275 904 1328 καὶ
935 1274 1070 1347 πρὸς
1108 1274 1331 1341 ἔνδειξιν
1363 1276 1554 1345 σοφίας
1586 1277 2045 1348 ἐκκλησιαπικῆς

473 1366 847 1437 προαιρέσεως
884 1366 1216 1438 ἀπᾳδούσης,
1268 1367 1653 1440 συγγράφοπά
1704 1383 1765 1421 τε
1814 1370 1906 1422 καὶ
1947 1368 2044 1433 τὰς

472 1454 732 1521 διαλέξεις
777 1456 1073 1527 δυσφήμως
1127 1458 1469 1529 ποιούμενον,
1533 1460 1778 1532 ταραχῆς
1837 1478 1896 1514 τε
1952 1462 2045 1515 καὶ

473 1546 713 1600 στάσεων
742 1549 859 1610 ταῖς
901 1544 1245 1619 Ἐκκλησίαις
1284 1548 1476 1605 αίτιον.
1521 1548 1756 1618 Λέγεται
1804 1550 1862 1604 δέ
1908 1552 2045 1621 πρός

469 1650 650 1700 τινων,
707 1636 783 1700 ώς
824 1638 924 1691 οὑκ
950 1638 1057 1692 ἀπὸ
1097 1639 1323 1711 γνώμης
1370 1640 1558 1694 τοῦτον
1605 1639 1875 1705 καθεῖλον,
1926 1641 2044 1696 ἀλλ’

471 1727 853 1797 ἀφοσιούμενοι
892 1730 985 1782 καὶ
1010 1730 1130 1793 ταῖς
1154 1732 1282 1801 περὶ
1313 1728 1492 1785 αὑτῶν
1517 1731 1696 1797 δόξαις
1724 1730 1861 1804 πρὸς
1892 1732 2044 1802 βασι-

471 1813 589 1869 λέα.
622 1817 970 1874 ’Διεϐάλλοντο
1008 1821 1117 1889 γὰρ
1156 1822 1221 1875 τὰ
1252 1818 1417 1877 αὑτοῦ
1450 1826 1665 1894 φρονεῖν
1689 1840 1704 1853 °
1727 1825 2043 1895 ἀποχρησά-

474 1922 624 1975 μενοι
671 1908 727 1961 δέ
776 1911 842 1980 τῇ
885 1908 1022 1982 ὀργῇ
1075 1908 1362 1981 βασιλέως,
1417 1914 1484 1983 ἢν
1526 1915 1667 1967 κατά
1706 1913 2037 1969 Μακεδονίου

471 1994 615 2068 εἶχεν
638 2001 700 2052 ἐκ
730 2000 838 2054 τῶν
866 1980 1101 2073 πρόσθεν
1119 1980 1448 2075 εἰρημένων,
1463 2004 1815 2076 καθαιροῦσιν
1838 2006 2000 2060 αὑτόν
2020 2023 2036 2038 ο
2071 1980 2113 2034 Β

470 2086 564 2140 καὶ
611 2089 877 2144 Ἐλεύσιον
898 2092 989 2145 τὸν
1017 2086 1255 2156 Κυζίκου
1292 2093 1608 2161 ἐπίσκοπον,
1639 2095 1732 2149 καὶ⁵
1762 2096 2040 2149 Βασίλειον

470 2180 560 2232 τὸν
626 2180 920 2252 Ἀγκύρας,
969 2183 1065 2236 καὶ
1106 2184 1413 2254 Ἐορτάσιον
1470 2183 1561 2239 τὸν
1624 2184 1902 2256 Σάρδεων,
1945 2186 2040 2239 καὶ

469 2270 793 2339 Δρακόντιον
838 2270 930 2324 τὸν
993 2272 1306 2343 Περγάμου.
1354 2274 1745 2346 Διαφερόμενοί
1796 2292 1858 2329 τε
1911 2276 2040 2348 περὶ

468 2362 758 2432 δόγματος,
799 2364 861 2418 ἐν
891 2364 969 2435 τῷ
999 2364 1279 2437 καθαιρεῖν
1320 2366 1559 2430 τούτους,
1590 2368 1691 2421 οὑκ
1733 2368 2042 2439 ἐμέμφοντο

468 2453 567 2524 τὴν
609 2455 788 2509 αὑτῶν
832 2455 1034 2511 πίστιν.
1090 2457 1282 2522 Atria;
1330 2458 1387 2511 δὲ
1447 2458 1653 2528 ἐπῆγον
1679 2498 1694 2522 ,
1748 2462 1899 2530 κοινῇ
1939 2459 2038 2529 μὲν

469 2548 654 2610 πᾶσιν,
687 2547 762 2610 ὼς
814 2547 913 2611 τὰς
954 2547 1277 2619 Ἐκκλησίας
1327 2548 1616 2622 ἐτάραξαν,
1656 2552 1746 2604 καὶ
1793 2552 1873 2614 εἰς
1911 2553 2040 2615 τοὺς

469 2637 954 2709 ἐκκλησιαστικοὺς
994 2640 1189 2710 νόμους
1220 2640 1526 2711 ἐξήμαρτον
1556 2659 1569 2672 ·
1602 2642 1709 2713 ἰδίᾳ
1755 2642 1814 2696 δὲ
1850 2643 2041 2715 ἐγκλή-

470 2742 619 2799 ματα
639 2730 926 2802 ἐπέφερον,
950 2730 1214 2803 Βασιλείῳ
1243 2734 1341 2803 μὲν
1362 2733 1437 2796 ὡς
1468 2734 1725 2805 Διογένην
1749 2734 2042 2805 πρεσϐύτε-

469 2838 561 2892 ρον
594 2822 659 2875 ἐκ
694 2821 793 2893 τῆς
831 2822 1233 2896 Ἀλεξανδρείας
1258 2824 1358 2896 τὴν
1392 2826 1673 2896 ⁸Ἀγκυριιν
1696 2827 2036 2892 διοδεύοντα,

468 2912 676 2983 χάρτας
695 2926 753 2967 τε
777 2913 1041 2981 ἀφείλετο,
1079 2917 1174 2969 καὶ
1195 2915 1462 2987 ἐτύπτησε
1486 2935 1501 2949 ο
1530 2918 1624 2971 καὶ
1659 2917 1952 2988 κληρικοὺς
1973 2920 2038 2971 ἐκ

468 3003 564 3073 τῆς
602 3002 948 3075 Ἀντιοχείας,
981 3005 1077 3059 καὶ
1108 3007 1259 3078 παρά
1302 3006 1391 3060 τὸν
1441 3008 1733 3079 Εὐφράτην
1771 3011 2035 3079 ποταμὸν,

469 3093 697 3158 Κίλικάς
742 3112 800 3147 τε
848 3095 942 3149 καὶ
974 3094 1221 3162 Γαλάτας
1271 3099 1363 3152 καὶ
1401 3100 1702 3165 Ἀσιανοὺς,
1731 3102 2038 3172 ὑπερορίοις

467 3188 666 3253 φυγαῖς
710 3188 804 3242 καὶ
834 3188 1020 3253 ἄλλαις
1061 3192 1351 3263 τιμωρίαις
1381 3191 1612 3264 ζημιοῦν
1642 3194 1883 3267 ἀκρίτως
1924 3199 2035 3261 τοῖς

465 3279 726 3348 ἄρχουσιν
753 3280 1045 3333 ἐπέταττεν
1065 3296 1079 3311 ο
1116 3281 1192 3345 ὼς
1232 3283 1326 3335 καὶ
1351 3280 1587 3355 σιδηρῶν
1610 3286 1809 3351 αὑτοὺς
1840 3304 2035 3359 πειρα-
2065 3315 2108 3374 c

466 3366 628 3435 θῆναι
679 3368 915 3439 δεσμῶν,
955 3371 1049 3423 καὶ
1068 3370 1139 3426 τὰ
1180 3372 1312 3427 ὄντα
1350 3375 1748 3444 προσαπολύειν
1773 3376 1885 3448 (50)
1926 3380 2040 3442 τοῖς

465 3458 738 3527 ἀπάγουσι
818 3461 1199 3532 στρατιώταις,
1243 3464 1331 3518 ἵνα
1372 3465 1447 3537 μὴ
1498 3466 1843 3538 ὑϐρίζωνται.
1918 3467 2044 3523 Ἐπ-

465 3550 699 3623 ῃτιῶντο
754 3551 812 3605 δέ
871 3554 1056 3619 αὑτὸν,
1099 3556 1195 3609 καὶ
1211 3554 1284 3619 ὡς
1346 3555 1609 3627 βασιλέως
1634 3558 2039 3629 προστάξαντος

464 3640 698 3710 ἀχθῆναι
733 3641 869 3712 πρὸς
899 3643 1227 3714 Κεκρόπιον,
1284 3646 1486 3701 Ἀέτιόν
1524 3664 1585 3700 τε
1628 3648 1719 3701 καί
1737 3660 1888 3713 τινας
1927 3649 2039 3705 τῶν

467 3732 564 3783 σὺν
589 3731 757 3803 αὑτῷ,
772 3733 1279 3806 ἀπολογησομένους
1303 3738 1387 3807 ἐφ’
1413 3733 1496 3801 οἷς
1521 3739 1787 3805 ἐνεκάλει,
1806 3743 2036 3795 πέπεικε

464 3823 553 3875 τὸν
588 3824 955 3905 ἐπιτραπέντα
978 3826 1076 3897 τὴν
1103 3826 1196 3879 τοῦ
1228 3828 1554 3899 κρατοῦντος
1570 3829 1881 3901 πρόσταξιν,
1913 3832 1949 3886 ἀ
1976 3845 2038 3901 γε

466 3915 613 3985 αὑτῷ
638 3915 811 3970 ἐδόκει
835 3916 1041 3986 πρᾶξαι
1066 3935 1080 3948 ·
1108 3919 1427 3990 Ἑρμογένει
1460 3921 1518 3975 δὲ
1543 3922 1621 3994 τῷ
1648 3924 1879 3995 ὑπάρχῳ
1903 3927 2035 3995 (51),

466 4009 560 4062 καὶ
599 4007 678 4080 τῷ
731 4009 1022 4081 κρατοῦντι
1057 4011 1257 4082 Συρίας
1294 4012 1524 4085 ἔγραψε,
1556 4014 1711 4080 τίνας
1730 4033 1787 4069 τε
1815 4017 1909 4070 καὶ¹
1932 4019 2036 4087 ὅπη

466 4097 573 4169 χρὴ
604 4099 1044 4170 μετοικισθῆναι·
1092 4101 1186 4154 καὶ
1224 4102 1317 4157 τοῦ
1361 4102 1624 4174 βασιλέως
1665 4108 2036 4178 μετακαλεσα-

470 4189 632 4261 μένου
664 4188 884 4254 τούτους
916 4190 1026 4244 ἀπὸ
1060 4193 1159 4263 τῆς
1186 4193 1499 4266 ὑπερορίας,
1531 4196 1593 4250 οὑ
1637 4197 2036 4269 συνεχώρησεν,

467 4281 813 4353 ἄρχουσικαὶ
856 4281 1090 4353 ἱερεῦσιν
1122 4284 1551 4356 ἐναντιούμενος.
1605 4288 2039 4358 Προσέθεσανδὲ

466 4375 548 4428 ὅτι
577 4375 672 4429 καὶ
695 4373 978 4446 Γερμανίῳ
1006 4374 1096 4428 τὸν
1125 4377 1183 4427 ἐν
1207 4377 1416 4449 Σιρμίῳ
1440 4378 1640 4450 κλῆρον
1679 4380 2035 4451 ἐπανέστησε,

468 4468 563 4519 καὶ
586 4469 859 4520 κοινωνεῖν
909 4466 1055 4538 αὑτῷ
1086 4467 1197 4537 (32)
1221 4471 1314 4522 καὶ
1337 4471 1595 4525 Οὑάλεντι
1627 4472 1722 4526 καὶ
1749 4473 2038 4547 Οὑρσακίῳ

466 4557 715 4628 γράφων,
745 4556 1023 4611 διέῦαλλεν
1054 4559 1250 4622 αὐτοὺς
1297 4560 1433 4631 πρὸς
1460 4560 1586 4624 τοὺς
1630 4562 1892 4632 Ἀφρικῆς
1918 4564 2038 4616 ἐπι-

2144 724 2569 794 quinquaginta,
2617 725 2675 780 in
2724 740 2894 781 unum
2950 723 3215 789 collecti,
3264 724 3553 780 formulam
3600 727 3725 781 lidei

2142 831 2268 885 quae
2314 815 2552 871 Arimini
2607 817 2841 872 recitata
2878 814 3079 880 fuerat,
3117 814 3395 887 aufl’ragiis
3420 818 3537 873 suis
3574 832 3727 871 com-

2143 906 2471 976 probarunt,
2531 906 2636 961 hoc
2684 913 2898 962 tantum
2939 908 3178 977 adjecto,
3208 924 3278 964 ne
3306 910 3432 979 quis
3461 910 3516 965 in
3544 920 3726 980 poste-

2144 1010 2267 1049 rum
2320 995 2688 1051 substantiam
2724 996 2782 1051 in
2825 995 2934 1053 Deo
2972 1007 3067 1052 aut
3106 999 3444 1071 liypostasim
3477 1000 3723 1068 diceret;

2144 1092 2317 1155 utque
2360 1095 2555 1155 praeter
2598 1086 2743 1139 hanc
2779 1083 3068 1141 formulam
3114 1089 3337 1158 reliquae
3364 1103 3577 1154 omnes,
3611 1099 3725 1143 tam

2142 1192 2267 1248 quae
2310 1186 2469 1233 antea
2515 1178 2738 1249 scriptae
2788 1192 2955 1249 quam
3011 1194 3134 1248 quae
3190 1190 3375 1249 postea
3419 1179 3725 1236 scribendae

2142 1278 2373 1335 essent,
2431 1270 2957 1327 condemnarentur.
3039 1266 3137 1326 His
3188 1268 3352 1328 rebus
3414 1272 3719 1333 confectis.

2142 1362 2363 1418 Aetium
2415 1362 2713 1416 diaconatu
2763 1370 2997 1427 exuunt,
3040 1370 3229 1433 utpote
3266 1364 3361 1433 qui
3389 1363 3562 1421 libros
3589 1380 3724 1420 con-

2142 1455 2412 1511 tentiosos
2470 1463 2523 1510 et
2574 1455 2643 1510 ad
2692 1455 3122 1511 ostentationem
3175 1456 3441 1521 scientiae,
3495 1471 3526 1510 a
3571 1472 3723 1511 more

2143 1544 2510 1615 institutoque
2560 1543 2939 1600 Ecclesiarum
2984 1546 3197 1609 alienae,
3224 1547 3557 1615 compositos
3583 1547 3723 1601 scri—

2142 1636 2321 1700 beret,
2377 1644 2434 1692 et
2484 1636 2540 1690 in
2591 1635 2927 1707 disputando
2954 1637 3136 1707 impiis
3165 1638 3395 1693 vocibus
3427 1646 3718 1702 uteretur;

2144 1726 2417 1781 tumultus
2454 1726 2693 1797 denique
2723 1742 2786 1781 ac
2818 1728 3105 1783 seditionis
3149 1728 3202 1782 in
3235 1726 3496 1784 Eeclesiis
3530 1739 3722 1784 auctor

2141 1816 2357 1873 fuisset.
2419 1816 2559 1872 Sunt
2615 1817 2709 1887 qui
2768 1818 2956 1872 dicant
3026 1834 3123 1873 eos
3154 1834 3263 1873 non
3300 1830 3511 1889 sponte.
3546 1837 3722 1891 neque

2138 1923 2206 1964 ex
2254 1908 2462 1973 animo,
2489 1909 2711 1963 Aetium
2746 1908 3070 1979 deposuisse
3102 1926 3117 1965 :
3153 1911 3246 1964 sed
3282 1919 3338 1964 ut
3365 1912 3507 1981 apud
3544 1912 3719 1981 impe-

2139 2006 2375 2052 ratorem
2429 2008 2727 2069 purgarent
2775 2014 2836 2054 se
2888 2013 2951 2053 ea
2985 2000 3305 2069 suspicione
3336 2015 3458 2070 quae
3487 2000 3554 2056 de
3582 1998 3719 2071 ipsis

2138 2097 2404 2160 concepta
2438 2100 2579 2145 erat.
2607 2091 3027 2146 Accusabantur
3052 2092 3199 2145 enim
3227 2098 3372 2162 quod
3404 2108 3527 2146 cum
3559 2091 3720 2148 Aetio

2138 2183 2280 2239 idem
2329 2185 2621 2239 sentirent.
2677 2183 2811 2239 Post
2867 2185 2979 2239 haec
3034 2186 3324 2240 abutentes
3372 2184 3720 2254 imperatoris

2138 2276 2259 2338 ira,
2317 2288 2425 2345 qua
2479 2276 2572 2330 ille
2633 2276 2901 2331 adversus
2954 2274 3355 2341 Maccdonium,
3385 2276 3454 2329 ob
3498 2291 3561 2331 ea
3597 2290 3719 2346 qua}

2138 2382 2303 2436 supra
2361 2367 2624 2430 diximus,
2680 2375 2799 2422 erat
2844 2369 3126 2431 incensus,
3180 2365 3560 2433 macedonium
3596 2368 3716 2437 epi-
3830 2394 3833 2395 ν

2136 2467 2364 2526 scopatu
2430 2458 2734 2513 abdicaut:
2791 2472 2855 2513 ac
2901 2469 3159 2528 praeterea
3196 2459 3469 2514 Eleusium
3498 2459 3716 2528 episco-

2138 2564 2265 2619 pum
2326 2549 2531 2619 Cyzici,
2584 2548 2847 2603 Basilium
2898 2550 3152 2621 Ancyrae,
3207 2548 3556 2603 Hcortasium
3587 2546 3715 2601 Sar-

2138 2641 2311 2705 dium,
2341 2650 2397 2695 et
2427 2639 2779 2694 Dracontium
2814 2638 3093 2711 Pergami.
3120 2644 3199 2695 Ac
3223 2640 3350 2694 licet
3386 2639 3438 2693 in
3467 2638 3717 2694 doctrina

2138 2733 2263 2787 ﬁdei
2311 2733 2454 2787 inter
2502 2747 2562 2787 se
2608 2732 2991 2796 dissentirent,
3027 2738 3210 2786 tamen
3237 2732 3365 2786 dum
3398 2732 3533 2785 istos
3560 2729 3719 2800 depo-

2137 2831 2373 2888 nerent,
2426 2821 2587 2877 ﬁdem
2640 2835 2831 2877 eorum
2863 2823 3177 2876 nullatenus
3214 2821 3715 2892 reprehenderunt.

2139 2914 2246 2968 Sed
2279 2914 2510 2968 crimina
2537 2914 2646 2966 illis
2680 2913 3039 2982 objiciebant,
3071 2912 3125 2964 in
3167 2925 3457 2966 commune
3498 2908 3716 2980 quidem

2136 3005 2414 3069 Omnibus,
2443 3003 2588 3074 quod
2619 3003 2886 3058 ecclesias
2929 3000 3719 3071 perturbassent,etadversus

2136 3101 2545 3157 ecclesiasticas
2576 3099 2721 3168 leges
2749 3096 3135 3167 deliquissent.
3166 3095 3427 3150 Privatim
3456 3109 3584 3150 vero
3612 3095 3719 3147 sin-

2138 3192 2284 3263 gulis
2331 3190 2668 3260 objiciebant
2701 3207 2716 3245 :
2771 3188 2976 3243 Basilio
3033 3187 3278 3258 quidem,
3311 3186 3458 3257 quod
3489 3185 3715 3258 Diogeni

2140 3284 2357 3338 cuidam
2396 3282 2718 3353 presbytero
2758 3278 3133 3333 Alexandrino
3173 3294 3272 3348 per
3310 3278 3579 3349 Ancyram
3614 3280 3717 3334 iter

2142 3374 2386 3438 facienti,
2427 3373 2647 3427 chartas
2682 3371 3023 3433 abstulisset,
3055 3379 3111 3425 et
3141 3372 3367 3426 verbera
3392 3372 3666 3428 intulisset
3700 3391 3714 3427 :

2136 3466 2392 3537 quodque
2440 3464 2848 3535 provinciarum
2904 3463 3214 3517 rectoribus
3248 3464 3602 3533 praecepisset
3658 3474 3718 3517 ut

2135 3555 2371 3611 clericos
2429 3553 2699 3622 quosdam
2751 3552 3180 3613 Autiocheuscs,
3241 3564 3292 3607 et
3325 3568 3388 3607 ex
3421 3554 3717 3622 provinciis

2137 3646 2206 3702 ad
2259 3645 2593 3717 Euphratem
2647 3643 2811 3707 sitis,
2879 3642 3081 3697 Cilicas
3143 3643 3272 3696 item
3320 3650 3371 3697 et
3423 3642 3641 3698 Galatas
3664 3651 3719 3696 o-t

2139 3738 2403 3803 Asianos,
2458 3736 2660 3791 indicta
2699 3748 2892 3803 causa,
2922 3732 3121 3789 exsilio
3156 3732 3390 3802 aliisque
3419 3733 3719 3803 supplicio-

2137 3844 2261 3887 rum
2322 3828 2623 3901 generibus
2666 3825 3144 3881 condemnarent:
3203 3824 3277 3878 ita
3313 3832 3371 3877 ut
3414 3822 3492 3877 illi
3542 3823 3718 3878 ferrea

2138 3923 2385 3994 perpessi
2432 3922 2545 3976 sint
2593 3919 2835 3981 vincula,
2874 3931 2939 3970 ac
2980 3924 3245 3985 praeterea
3276 3914 3563 3970 facultates
3589 3930 3717 3971 suas

2141 4014 2408 4067 militibus
2463 4012 2613 4083 ipsos
2664 4007 3104 4070 deducentilius,
3156 4004 3551 4075 redemptionis
3596 4005 3718 4060 loco

2138 4106 2411 4170 dederint,
2465 4120 2533 4160 ne
2581 4100 2934 4156 contumeliis
2963 4099 3328 4153 afficerentur.
3368 4098 3718 4153 Accusabaut

2138 4199 2300 4254 etiam
2356 4198 2506 4250 illum
2538 4193 2713 4264 quod.
2745 4206 2871 4246 cum
2909 4190 3205 4258 imperator
3226 4188 3439 4243 Aetium
3468 4196 3523 4244 et
3551 4204 3717 4259 quos-

2138 4291 2266 4345 dam
2327 4288 2447 4358 ejus
2490 4285 2731 4341 asseclas
2779 4283 2845 4337 ad
2896 4280 3222 4350 Cecropium
3270 4279 3396 4334 duci
3433 4280 3713 4349 jussiSSet,

2137 4394 2362 4435 causam
2389 4377 2633 4430 dicturos
2664 4375 2730 4428 de
2753 4371 3083 4427 criminibus
3111 4386 3231 4440 quae
3251 4371 3361 4425 illis
3381 4370 3711 4431 intentabat,

2138 4471 2504 4542 persuasisset
2524 4467 2760 4521 Basilius
2775 4465 2823 4519 ei
2847 4465 2931 4519 cui
2954 4478 3015 4516 ea
3036 4477 3122 4516 res
3138 4464 3205 4516 ab
3223 4462 3550 4531 imperatore
3562 4478 3683 4517 com
3697 4492 3715 4503 -

2141 4566 2310 4619 inissa
2347 4561 2505 4632 169
2523 4560 2720 4623 fuerat,
2749 4565 2809 4613 ut
2832 4572 2895 4611 ea
2926 4569 3046 4625 quae
3070 4554 3187 4625 ipse
3210 4555 3369 4609 vellet
3389 4570 3716 4625 exsequere—

469 4648 736 4711 σκόπους·
791 4647 1190 4721 ἐγκαλούμενος
1231 4666 1292 4703 τε
1336 4652 1574 4723 ἠρνεῖτο,
1609 4652 1703 4705 καὶ
1737 4653 2033 4726 ἐπιώρκειο
2069 4666 2112 4721 ι)
2141 4663 2227 4709 tur

1955 4671 2033 4707 st°
2069 4666 2112 4721 ι)
2141 4663 2229 4709 tur
2256 4672 2269 4707 :
2305 4653 2559 4723 quodque
2584 4650 2650 4703 ad
2682 4647 3074 4716 Hermogenem
3107 4643 3418 4715 praefectum
3458 4647 3713 4717 praetorio

468 4739 562 4792 καὶ
595 4738 886 4808 φωραθεὶς,
940 4740 1215 4811 ἐπεχείρει
1261 4741 1575 4812 σοφίζεσθαι
1595 4742 1692 4815 τὴν
1728 4746 2028 4816 ἐπιορκίαν.

466 4832 576 4885 Καὶ
606 4831 871 4902 διχονοίας
908 4831 1000 4885 καὶ
1024 4832 1266 4897 στάσεως
1291 4834 1463 4899 αἴτιος
1500 4834 1715 4905 ἐγένετο
1760 4836 2033 4909 Ἰλλυριοῖς

540 4951 557 4982 ¹
584 4948 765 5015 Socr.,
796 4949 894 5006 lib.
929 4964 991 5016 ιι,
1029 4965 1083 5006 c.
1105 4948 1197 5004 41.

2138 4753 2193 4798 et
2242 4743 2307 4796 ad
2334 4741 2679 4797 consularem
2708 4737 2881 4809 Syriae
2927 4734 3241 4804 scripsisset
3265 4734 3485 4804 quinam
3511 4742 3564 4789 et
3604 4750 3713 4805 quo

2138 4837 2243 4892 loci
2271 4834 2592 4907 deportaudi
2624 4840 2842 4898 essent;
2880 4836 2936 4885 et
2958 4827 3102 4899 quod
3130 4835 3343 4899 postea,
3380 4842 3505 4883 cum
3531 4828 3705 4899 impe-

1662 5035 1931 5092 VALESII
1968 5034 2516 5094 ANNOTATIONES.

466 5184 625 5255 a014,,
665 5184 1107 5255 διαφέρεινίκαθ
1146 5183 1378 5255 ἔννοιαν,
1404 5180 1901 5255 ὃμοιονλδὲμολογεῖν
1940 5179 2035 5232 καὶ

467 5250 782 5326 ῥμοόύσιονλ
820 5250 914 5307 καὶ
944 5254 1147 5326 ὼςηοὺκ
1176 5253 1242 5307 ἂν
1273 5250 1529 5326 ἁμάρτοι,
1560 5252 1608 5303 εί
1635 5250 2031 5326 ὀνόμασιλιειο.

469 5318 541 5378 ιιή
568 5327 852 5393 perspicua
896 5324 1147 5378 redditur
1204 5318 1495 5393 sententia,
1528 5318 1835 5393 quaru__nec
1865 5318 2031 5393 [Fice-

470 5389 710 5463 plio'rus,
744 5409 843 5448 nec
887 5394 1214 5462 interpretes
1258 5392 1667 5463 intellexerunt.
1698 5389 1831 5463 Nam
1873 5390 2033 5463 Nice-

470 5460 672 5534 phorus
698 5466 809 5519 haec
838 5460 1119 5534 verba,7tb;
1142 5465 1242 5517 οὐκ
1265 5462 1615 5534 ἂνάμάρτοι,
1635 5461 1702 5514 de
1724 5460 2036 5513 Ariminen-

468 5531 546 5589 sis
608 5535 827 5588 concilii
883 5531 1141 5589 Patribus
1207 5533 1489 5595 intellexit,
1530 5546 1654 5584 cum
1708 5545 1889 5584 tamen
1938 5538 2037 5582 aut

468 5606 535 5658 de
574 5605 689 5673 ipso
731 5604 1059 5659 Constantio
1107 5604 1514 5674 intelligantur,
1546 5608 1641 5655 aut
1687 5601 1755 5655 de
1790 5599 2037 5670 quolibet

470 5676 598 5728 alio.

540 5742 649 5814 (30)
680 5745 755 5798 Τὰ
781 5744 925 5798 ὄντα
958 5742 1473 5814 προσαπολλύεξιν.
1515 5739 1572 5795 In
1610 5739 1914 5797 Fuketiano
1945 5754 2038 5794 co-

469 5812 591 5869 dice
614 5811 880 5884 scriptuit'r
922 5811 1103 5884 iuveni
1134 5811 1554 5884 προσαπολύειν.

539 5885 654 5952 (3|)
704 5878 1031 5953 Ἑρμογένει
1067 5883 1136 5937 δὲ
1177 5878 1256 5948 τῷ
1303 5882 1569 5950 ὑπάρχῳ.
1605 5879 1703 5934 Hic
1759 5890 1851 5953 est
1897 5878 2035 5953 Her-

471 5949 726 6025 nmgi-ues
758 5949 1027 6008 ‘l’on'ticus
1048 5996 1062 6017 ,
1112 5955 1397 6023 prmfectus
1428 5949 1431 5950 ⁷
1457 5953 1712 6021 printer-io
1762 5949 2024 6019 Orientis,

2138 5181 2206 5235 de
2238 5195 2346 5249 quo
2366 5178 2609 5249 loquitur
2630 5177 2952 5249 Ammianus
2970 5173 3329 5249 Marcellinus
3356 5171 3570 5249 iulium
3589 5188 3712 5249 ⁸χιι.

2210 5240 2321 5320 (5"2)
2344 5240 2451 5304 Καὶ
2479 5247 2789 5320 κοινωνεῖν
2842 5245 3023 5320 αὐτῷ..
3072 5244 3360 5320 ln_ci_)di_ee
3415 5240 3714 5320 Fultc-tiauo

2142 5313 2413 5392 scriptum
2448 5319 2653 5392 inveni,
2680 5318 2774 5392 καὶ
2802 5315 3056 5392 κοινωνὸν
3088 5314 3254 5392 αὑτῷ.
3272 5314 3402 5378 Oua:
3418 5313 3712 5392 scriptura,

2140 5384 2277 5445 licet'
2320 5391 2613 5449 mendosa,
2673 5389 2812 5442 viam
2868 5387 2997 5441 mihi
3056 5387 3123 5438 ad
3189 5400 3373 5436 veram
3416 5384 3709 5436 lectionem

2137 5458 2695 5531 aperuit.ﬁSicgigitur
2718 5457 3072 5531 scribendum
3093 5455 3370 5531 existimo,
3399 5453 3491 5531 καὶ
3520 5470 3708 5531 κοινω-

2137 5522 2244 5584 νῶν
2266 5530 2414 5600 αὑτῷ
2440 5528 2534 5582 καὶ
2550 5522 2827 5581 Ὀὺἀλεντι
2875 5523 2970 5600 κα)⁷
3010 5524 3324 5600 Οὑρσακίῳ,
3362 5525 3585 5600 γράφων
3632 5522 3712 5600 δι-

2136 5601 2359 5656 έὸαλλεν
2379 5592 2593 5663 αὐτούς,
2615 5592 3109 5653 etc.Accusaliatur
3127 5592 3279 5649 enim
3294 5595 3522 5649 Basilius
3541 5592 3710 5663 (μιρό,

2134 5688 2258 5726 cum
2293 5661 2728 5725 communiCaret
2755 5666 3034 5722 Germinio
3079 5675 3133 5719 et
3167 5663 3370 5718 Valenti
3417 5673 3579 5732 atque
3610 5661 3712 5716 Ur-

2135 5744 2305 5803 saeio,
2330 5757 2424 5795 eos
2461 5748 2641 5793 tamen
2683 5738 3011 5793 criminatus
3041 5745 3187 5791 esset
3226 5736 3278 5789 in
3333 5735 3545 5803 litteris,
3571 5748 3712 5801 quas

2135 5815 2203 5868 ad
2250 5802 2538 5882 episcopos
2603 5809 2801 5864 Africae
2826 5809 3157 5878 scripserat.
3216 5814 3473 5876 tanquam
3536 5802 3714 5859 luere-

2140 5895 2295 5938 lICOS.
