4452 6584
764 432 900 491 1191

2223 429 2575 489 δοΖοΜΕΝι

3898 438 4044 497 1192

766 559 917 605 rator
944 546 1067 603 illos
1094 546 1166 604 ab
1197 546 1395 604 exsilio
1415 556 1747 613 revocasset,
1786 548 1840 605 id
1870 550 1961 606 ille
1993 565 2105 607 non
2149 552 2351 622 permi-
2378 556 2425 613 Α
2451 566 2524 604 κα

2287 552 2351 605 ti-
2378 556 2425 613 Α
2451 550 2549 604 καὶ
2591 549 2815 613 Ἰταλοῖς
2836 548 2931 603 καὶ
2960 551 3208 623 ’Ᾱφροις,
3231 551 3326 605 καὶ
3339 552 3448 608 τῶν
3462 553 3588 625 περὶ
3606 552 3707 625 τὴν
3755 553 4045 624 Ῥωμαίων

764 642 963 707 sisset;
1021 639 1366 712 principibus
1394 656 1459 696 ac
1482 642 1865 699 sacerdotibus
1898 658 2022 699 sese
2048 658 2349 715 opponens.

778 733 875 787 llis
933 732 1209 787 addebant
1275 733 1423 803 quod
1472 733 1681 787 clerum
1729 732 2049 791 Sirmiensis
2095 734 2353 791 Ecclesiae

768 824 1033 879 adversus
1080 820 1419 878 Cerminium
1464 824 1839 902 concitasset:
1877 832 1935 880 et
1986 838 2111 879 cum
2159 824 2351 880 eodem

768 914 1053 969 Germinio
1089 922 1145 970 et
1175 914 1411 970 Ursacio
1458 930 1523 971 ac
1557 914 1787 971 Valente
1819 916 2263 972 communionem
2292 931 2353 972 se

770 1004 973 1058 habere
1003 1003 1277 1067 scribens,
1303 1018 1400 1058 eos
1428 1011 1611 1059 tamen
1652 1005 1795 1076 apud
1839 1005 2129 1076 episcopos
2154 1005 2351 1060 Africae

771 1094 1189 1150 insimulasset:
1238 1109 1415 1164 eaque
1444 1094 1516 1150 de
1544 1111 1604 1151 re
1629 1107 1945 1159 accusatus,
1987 1106 2241 1168 negasset
2285 1110 2351 1150 ac

768 1186 1105 1256 pejerasset:
1158 1189 1448 1244 convictus
1498 1202 1650 1253 vero,
1695 1188 1993 1258 perjurium
2042 1186 2350 1245 cavillando

769 1281 995 1336 eludere
1045 1292 1361 1335 conaretur.
1412 1279 1493 1335 Ad
1528 1280 1644 1335 haec
1675 1278 1821 1350 quod
1850 1277 2069 1351 Illyriis,
2105 1280 2258 1337 Italis
2294 1290 2349 1335 et

768 1373 922 1428 Afris
952 1372 1173 1428 discidii
1206 1387 1270 1427 ac
1296 1373 1571 1427 tumultus
1604 1385 1770 1427 causa
1798 1371 2127 1436 exstitisset,
2152 1380 2207 1428 et
2248 1386 2348 1428 eo-

769 1480 889 1518 rum
945 1480 1070 1535 qua:
1108 1462 1370 1519 Romana:
1417 1463 1675 1519 Ecclesiae
1723 1464 2106 1535 contigerant,
2156 1473 2349 1519 auctor

768 1556 987 1613 fuisset.
1021 1555 1153 1611 ltem
1180 1557 1326 1628 quod
1359 1571 1484 1611 cum
1517 1556 1774 1611 ancillam
1807 1556 1863 1609 in
1893 1555 2111 1610 vincula
2146 1555 2346 1625 conjici

770 1659 1046 1709 curasset.
1073 1648 1270 1704 falsum
1306 1647 1557 1703 confiteri
1585 1647 1851 1704 adversus
1878 1646 2153 1701 dominam
2188 1663 2344 1703 suam

768 1742 1084 1809 adegisset:
1119 1748 1175 1794 et
1205 1740 1351 1809 quod
1383 1739 1564 1810 turpis
1595 1740 1719 1794 vita:
1760 1738 2037 1792 hominem
2084 1739 2181 1809 qui
2226 1755 2347 1793 mu-

771 1832 957 1885 lierem
995 1844 1346 1901 nequaquam
1378 1830 1610 1901 nuptiali
1647 1828 1854 1885 foedere
1883 1829 1987 1885 sibi
2035 1830 2343 1899 copulatam

2456 640 2789 711 Ἐκκλησίαν
2819 639 3165 712 συμϐάντων.
3194 642 3400 715 Δούλην
3420 660 3481 696 τε
3499 643 3768 715 δεσμῶτιν
3784 644 4040 714 γενέσθαι

2460 732 2792 797 σπουδάσας,
2850 732 3099 798 ἐϐιάζετο
3153 734 3324 805 ψευδῆ
3384 735 3777 806 καθομολογεῖν
3823 736 3924 807 τῆς
3953 736 4045 790 δε·

2459 822 2727 894 σποίνης*
2756 822 2852 875 καὶ
2881 822 3052 895 ἀνδρα
3106 824 3351 895 αἰσχρῶς
3409 825 3735 895 βεϐιωκότα,
3780 826 3843 880 ού
3888 827 4045 898 νόμῳ

2456 915 2638 987 γάμου
2672 915 2895 984 γυναικὶ
2918 915 3276 987 συμϐιοῦντα,
3308 916 3571 972 ἐϐάπτισέ
3585 934 3644 971 τε
3664 917 3761 971 καὶ
3773 918 4043 972 διακονεῖν

2456 1004 2534 1076 τῷ
2589 1003 2711 1075 Θεῷ
2754 1000 2977 1073 ἠξίωσε.
3038 1004 3394 1078 Περιοδευτὴν
3423 1004 3482 1058 δέ
3523 1004 3637 1074 (55)
3660 1004 3838 1073 φόνων
3865 1003 4069 1057 αἴτιον-

2454 1095 2767 1167 γενόμενον,
2799 1096 2902 1150 οὐκ
2946 1094 3181 1167 ἐχώρισε
3208 1097 3308 1166 τῆς
3350 1095 3697 1164 Ἐκκλησίας.
3733 1096 3844 1149 Καὶ
3868 1095 3950 1148 ὅτι
3972 1112 4043 1163 γε

2455 1187 2607 1259 παρά
2630 1188 2730 1259 τὴν
2752 1187 2905 1258 ἱερὰν
2925 1188 3208 1260 τράπεζαν
3235 1186 3579 1260 συνωμοσίας
3605 1187 3867 1250 ἐποιεῖτο,
3888 1188 4040 1256 ἀρώ-

2458 1282 2619 1351 μενϐς
2641 1298 2723 1345 τε,
2750 1280 2987 1343 καὶτοὺς
3001 1280 3297 1351 κληρικοὺς
3325 1279 3663 1351 ἐπόμνυσθαι
3679 1278 4039 1349 παρασκευά-

2454 1364 2563 1429 ζων
2586 1405 2603 1430 ,
2664 1368 2739 1437 μὴ
2792 1371 3120 1438 κατηγορεῖν
3180 1368 3444 1439 ἀλλήλων.
3529 1363 3683 1423 Εἶναι
3731 1367 3789 1421 δέ
3829 1367 4041 1439 ταύτην

2452 1459 2650 1529 τέχνην
2696 1460 2791 1513 τοῦ
2861 1460 3025 1514 αὐτὸν
3054 1461 3380 1531 προεστῶτα
3426 1461 3523 1515 τοῦ
3551 1462 3776 1534 κλήρου,
3802 1462 3901 1524 τάς
3924 1462 4040 1513 τῶν

2452 1551 2831 1619 ἐγκαλούντων
2892 1553 3232 1625 κατηγορίας
3285 1553 3589 1622 διαφυγεῖν.
3632 1554 3910 1608 Βασιλείου
3937 1554 4039 1625 μὲν

2451 1637 2564 1705 οὖν,
2593 1642 2669 1705 ὡς
2701 1644 2760 1696 ἐν
2782 1642 2974 1715 βραχεῖ
3000 1645 3196 1706 εἰπεῖν,
3220 1645 3345 1698 τάδε
3370 1645 3518 1698 αἴτια
3539 1646 3641 1716 τῆς
3660 1646 4037 1717 καθαιρέσεως

2450 1734 2749 1790 ἐποιοῦντο.
2778 1735 3076 1788 Εύσταοίου
3098 1736 3175 1802 δὲ,
3205 1737 3423 1807 πρῶτον
3457 1738 3557 1808 μὲν
3586 1738 3661 1802 ὼς
3683 1739 3851 1810 ἡνίκα
3900 1755 4037 1809 πρε-

2452 1825 2710 1896 σϐύτερος
2735 1822 2804 1897 ἦν
2835 1826 3274 1899 προκατεγνὼκει
3296 1828 3460 1882 αὐτοῦ
3488 1830 3747 1894 Εύλάλιος
3772 1832 3801 1884 ὁ
3830 1830 4033 1901 πατὴρ,

768 1921 918 1976 domi
954 1920 1215 1985 habebat,
1253 1935 1416 1976 sacro
1449 1921 1671 1975 lavacro
1701 1919 1976 1985 tinxisset,
2022 1927 2074 1976 et
2113 1921 2180 1973 ad
2226 1920 2348 1974 dia-
2380 1916 2424 1972 B
2448 1918 2526 1970 κα¹

2276 1922 2348 1973 ia-
2380 1916 2424 1972 B
2448 1918 2542 1970 καὶ
2568 1918 2678 1970 τῶν
2710 1918 2886 1989 εὐχῶν
2914 1918 3212 1991 ἀφώρισεν,
3237 1920 3535 1985 ἐπίσκοπος
3564 1920 3639 1975 ῶν
3672 1920 3775 1991 τῆς
3792 1923 3851 1974 ἐν
3872 1922 4034 1974 Καπ-

768 2019 1002 2069 conatus
1038 2012 1275 2067 ofﬁcium
1318 2013 1708 2083 promovisset.
1743 2010 2013 2068 Praeterea
2056 2012 2202 2083 quod
2235 2028 2348 2068 me-

768 2103 953 2157 dicum
1002 2105 1299 2175 quemdam
1335 2104 1863 2168 circumforaneum,
1910 2104 2002 2175 qui
2050 2105 2347 2158 multarum

767 2195 998 2249 caedium
1051 2206 1249 2250 auctor
1294 2197 1606 2259 exstiterat.
1638 2197 1708 2251 ab
1734 2196 1983 2253 Ecclesia
2019 2211 2128 2251 non
2159 2211 2348 2267 aegre.

768 2296 971 2357 gasset.
1007 2287 1300 2345 Postremo
1328 2288 1476 2360 quod
1519 2290 1588 2344 ad
1623 2304 1840 2346 sacram
1878 2304 2124 2347 mensam
2153 2289 2347 2359 conju-

770 2382 1015 2437 rationcs
1069 2381 1251 2439 facere
1292 2383 1490 2439 solitus
1522 2388 1693 2448 esset,
1724 2382 1875 2437 diras
1923 2381 2349 2451 imprecationes

768 2472 1112 2541 concipiens,
1159 2481 1215 2527 et
1269 2472 1507 2528 clericos
1552 2471 1743 2542 iurare
1784 2471 2163 2542 compellens,
2204 2487 2349 2525 nun-

767 2577 933 2629 quam
966 2579 1028 2618 se
1059 2572 1251 2619 mutuo
1282 2571 1664 2620 accusaturos.
1689 2562 1815 2618 Haec
1844 2574 2026 2618 autem
2058 2563 2255 2618 callide
2279 2563 2349 2618 ab

770 2657 894 2726 ipso
925 2657 1043 2712 lieri
1074 2657 1351 2723 dicebant,
1389 2666 1448 2710 ut
1478 2657 1597 2728 ipse
1624 2657 1719 2727 qui
1744 2656 2004 2711 universo
2042 2658 2193 2712 clero
2219 2672 2349 2727 prae-

766 2758 907 2808 erat.
937 2748 1354 2802 criminantium
1389 2748 1777 2803 accusationes
1809 2746 2090 2818 effugeret.
2147 2746 2215 2800 Et
2263 2747 2348 2801 hae

766 2841 985 2909 quidem
1017 2851 1150 2898 sunt
1177 2856 1381 2908 causai,
1409 2850 1471 2896 ut
1499 2841 1824 2912 compendio
1862 2840 2063 2906 dicam,
2094 2840 2165 2895 ob
2206 2856 2345 2911 quas

767 2932 1029 2987 Basilium
1070 2947 1101 2986 a
1143 2947 1203 2988 se
1244 2933 1553 3004 depositum
1592 2947 1715 2987 esse
1752 2932 2113 3001 scripserunt.
2145 2930 2345 2986 Eusta-

767 3028 921 3081 thius
969 3036 1153 3081 autem
1188 3026 1473 3096 depositus
1511 3034 1617 3093 est,
1666 3026 1901 3096 primum
1952 3024 2174 3094 quidem
2216 3039 2344 3094 pro-

770 3128 957 3189 pterea
986 3118 1156 3189 quod,
1187 3133 1314 3173 cum
1348 3118 1640 3190 presbyter
1669 3126 1837 3181 esset,
1855 3124 2010 3188 pater
2038 3116 2216 3187 ipsius
2234 3115 2343 3170 Eu-

769 3213 952 3278 lalius,
978 3212 1273 3282 episcopus
1291 3210 1558 3268 Caesarea:
1576 3208 1957 3282 Cappadociae,
1982 3209 2161 3281 ipsum
2191 3209 2343 3281 prius

2448 2009 2677 2082 παδοκίᾳ
2712 2010 3038 2080 Ἐκκλησίας
3065 2011 3407 2082 Καισαρείας
3440 2012 3554 2083 (54)
3578 2029 3593 2043 ’
3625 2012 3764 2084 μετὰ
3785 2012 3845 2065 δὲ
3873 2012 4036 2065 τοῦτο

2446 2102 2504 2153 ἐν
2562 2103 2963 2175 Νεοκαισαρείᾳ
3008 2102 3104 2157 τοῦ
3157 2104 3384 2172 Πόντου,
3424 2105 3530 2159 ὑπὸ
3554 2106 3773 2159 συνόδου
3804 2104 4035 2159 ἀκοινώ-

2444 2208 2604 2263 νητος
2628 2192 2870 2263 ἐγεγόνει
2895 2210 2911 2225 ο
2964 2194 3059 2247 καὶ⁵
3088 2194 3194 2247 ὑπὸ
3240 2196 3501 2249 Εὑσεϐίου
3554 2196 3649 2250 τοῦ
3688 2199 4035 2253 Κωνσταντι-

2446 2284 2755 2349 νουπόλεως
2782 2286 3085 2340 ἐπισκόπου
3105 2286 3407 2359 καθῃρέθη,
3439 2290 3531 2343 ἐπὶ
3557 2289 3860 2360 διοικήσεσί
3887 2307 4034 2343 τισιν

2446 2370 2535 2439 αἷς
2586 2377 2871 2448 ἐπετράπη
2924 2379 3333 2447 καταγνωσθείς
3362 2395 3378 2412 ⁸
3403 2379 3595 2434 ἔπειτα
3623 2381 3702 2447 δὲ,
3735 2382 3809 2444 ὡς
3828 2382 3890 2434 ού
3913 2382 4034 2435 δέον

2443 2468 2712 2523 διδάσκων
2739 2486 2799 2522 τε
2834 2470 2928 2523 καὶ
2952 2471 3208 2542 πράττων
3228 2474 3324 2525 καὶ
3367 2473 3603 2544 φρονῶν,
3642 2474 3891 2545 ἀφῃρέθη
3930 2475 4034 2544 τῆς

2445 2560 2754 2629 ἐπισκοπῆς
2779 2562 2933 2632 παρὰ
2985 2562 3096 2616 τῶν
3137 2565 3195 2618 ἐν
3222 2564 3501 2636 Γάγγραις
3551 2565 3988 2636 συνεληλυθότων
4011 2574 4029 2595 ⁵

2445 2656 2540 2709 ἐπὶ
2582 2655 2639 2709 δὲ
2694 2657 2793 2726 τῆς
2818 2658 2876 2708 ὲν
2917 2655 3218 2728 Ἀντιοχείᾳ
3274 2655 3493 2709 συνόδου
3544 2655 3694 2727 (55),
3744 2656 4033 2727 ἐπιορκίας

2444 2740 2588 2801 ἐάλω
2609 2763 2625 2778 ⁸
2658 2748 2750 2801 καὶ
2779 2748 2861 2800 ὅτι
2899 2746 3228 2818 ἀνατρέπειν
3276 2747 3548 2818 ἐπιχειρεῖ
3564 2747 3636 2800 τά
3656 2746 3881 2814 δόξαντα
3916 2751 4032 2809 τοῖς

2443 2839 2503 2891 ἐν
2527 2837 2789 2910 Μελιτινῇ
2835 2837 3171 2893 συνελθοῦσι.
3228 2838 3338 2891 Καὶ
3388 2838 3663 2902 πλείστοις
3720 2839 4030 2909 ἐγκλήμασι

2442 2931 2625 3002 ἔνοχος
2679 2931 2776 2997 ὢν,
2829 2930 3087 3002 δικαστὴς
3148 2930 3302 3000 ἠξίου
3341 2926 3503 2995 εἶναι,
3558 2932 3652 2984 καὶ
3686 2931 4031 3003 ἐτεροδόξους

2444 3023 2573 3086 τοὺς
2621 3022 2815 3087 ἄλλους
2860 3022 3149 3077 ἀπεκάλει.
3192 3022 3465 3076 Ἐλεύσιον
3514 3022 3571 3075 δὲ
3609 3023 3891 3087 καθεῖλον,
3949 3022 4030 3087 ὡς

2453 3112 2775 3185 Ἡράκλειόν
2818 3130 2939 3167 τινα
2988 3112 3189 3183 Τύριον
3224 3112 3288 3167 τὸ
3312 3114 3492 3182 γένος,
3529 3112 3680 3185 ἱερέα
3714 3113 3809 3167 τοῦ
3840 3114 4028 3169 ἐνθάδε

2454 3202 2788 3275 Ἡρακλέους
2833 3205 3145 3274 γενόμενον,
3197 3203 3293 3257 ἐπὶ
3350 3202 3579 3275 γοητείᾳ
3619 3205 3899 3274 γραφέντα
3930 3205 4029 3258 καὶ

766 3276 1216 3368 damnaverat,et
1243 3317 1273 3357 a
1294 3317 1519 3373 precum
1544 3276 1936 3356 communione
1962 3276 2335 3371 separaverat.
2368 3276 2412 3337 ο
2443 3291 2524 3363 Cir

2268 3307 2335 3353 at.
2368 3276 2412 3337 ο
2443 3291 2705 3365 ζητητέον
2732 3292 2880 3357 ὄντα,
2906 3294 3001 3348 καὶ
3031 3293 3121 3347 διὰ
3143 3291 3305 3347 τοῦτο
3330 3292 3545 3362 φυγάδα
3578 3295 3635 3346 ἐν
3666 3293 3890 3363 Κυζίκῳ
3908 3293 4026 3347 δια-

764 3392 965 3451 Postea
992 3410 1122 3449 vero
1146 3409 1212 3450 eo
1244 3394 1391 3465 quod
1422 3392 1565 3465 apud
1589 3390 2001 3448 Neocaesaream
2046 3384 2208 3444 Ponti
2247 3404 2340 3441 ur-

768 3487 889 3541 bem
914 3485 1639 3550 excommunicatusJuerat
1676 3498 1708 3538 a
1741 3483 1952 3556 synodo
1980 3500 1996 3538 :
2028 3489 2085 3539 et
2128 3481 2197 3536 ab
2229 3480 2340 3535 Eu-

766 3576 921 3631 sebio
976 3575 1532 3646 Constantinopoleos
1587 3574 1848 3644 episcopo
1904 3572 2339 3653 depositusaeo

765 3668 913 3738 quod
946 3668 1001 3723 in
1031 3668 1363 3739 quihusdam
1390 3665 1895 3738 dispensationibus
1924 3664 2028 3734 ipsi
2076 3663 2336 3718 commis-

766 3763 869 3826 sis,
901 3775 1092 3830 parum
1134 3759 1309 3814 lldelis
1337 3757 1712 3829 deprehensus
1740 3756 1956 3813 fuisset.
1987 3754 2193 3810 Deinde
2217 3761 2339 3808 tan-

766 3866 933 3921 quam
964 3865 1127 3905 secus
1169 3864 1332 3920 quam
1362 3856 1581 3920 oportet
1611 3847 1940 3919 praedicans,
1974 3855 2030 3900 et
2058 3858 2249 3915 agens,
2282 3852 2339 3899 et

765 3945 1036 4006 sentiens,
1067 3957 1096 3996 a
1144 3940 1451 4013 Gangrensi
1500 3940 1738 3995 concilio
1767 3940 2084 4009 episcopatu
2134 3945 2337 3992 exutus

766 4036 981 4090 fuerat:
1020 4034 1074 4087 in
1102 4030 1464 4087 Antiochensi
1494 4038 1677 4086 autem
1713 4029 1924 4101 synodo
1949 4027 2175 4099 periurii
2205 4041 2339 4081 con-

764 4129 946 4183 victus
984 4135 1123 4181 erat.
1156 4123 1224 4179 Et
1265 4124 1413 4196 quod
1458 4124 1679 4180 decreta
1717 4138 1907 4179 eorum
1950 4121 2045 4193 qui
2084 4120 2338 4176 Melitiute

763 4218 1082 4291 congregati
1110 4219 1351 4284 fuerant,
1370 4217 1689 4273 subvertere
1718 4224 2049 4272 conaretur:
2082 4215 2338 4285 quodque

2442 3385 2739 3458 τρίϐοντα,
2792 3383 3068 3448 διακονίας
3118 3384 3255 3438 Θεοῦ
3312 3384 3732 3454 ἀπερισκέπτως
3798 3385 4022 3453 ἠξίωσε,

2443 3477 2869 3551 Χριστιανισμδν
2890 3476 3344 3550 ὑποκρινόμενον,
3370 3477 3463 3530 καὶ
3487 3476 3608 3530 οὐδὲ
3634 3476 3873 3530 τοιοῦτον
3891 3478 4025 3530 εντα

2446 3570 2587 3642 μετά
2641 3568 2816 3624 ταῦτα
2850 3568 3058 3641 μαθὼν,
3094 3570 3193 3641 τῆς
3242 3567 3567 3638 Ἐκκλησίας
3629 3568 3889 3640 ἐχώρισεο
3927 3572 4025 3624 καὶ

2442 3663 2519 3727 ὡς
2548 3663 2701 3734 παρὰ
2758 3665 2909 3737 Μάρι
2944 3662 3059 3736 ('56)
3092 3661 3187 3717 τοῦ
3221 3662 3564 3735 Χαλκηδόνος
3607 3662 3929 3727 ἐπισκόπου,
3963 3662 4025 3727 ὃς

2442 3755 2721 3811 ἐκοινώνει
2762 3758 2966 3829 ταύτης
3007 3758 3106 3828 τῆς
3138 3756 3377 3823 συνόδου,
3415 3756 3613 3826 ἄνδρας
3638 3760 4025 3827 κατεγνωσμέ-

2440 3865 2589 3913 νους,
2611 3852 2692 3913 είς
2716 3848 2956 3914 Κύζικον
2996 3849 3383 3920 ἀφικομένους,
3424 3839 3831 3923 ἐχειρπόνηόεν
3862 3851 4023 3923 ἀκρί-

2439 3958 2569 4006 τως.
2611 3941 2923 4014 Ἑορτάσιον
2942 3941 2999 3994 δὲ
3018 3940 3289 4005 καθεῖλον,
3334 3940 3411 4006 ὡς
3447 3943 3745 3996 ἐπίσκοπον
3773 3942 4024 4014 Σάρδεων

2441 4033 2732 4105 γενόμενον
2766 4034 2843 4106 μὴ
2874 4034 3307 4088 συναινεσάντων
3347 4034 3458 4088 τῶν
3500 4037 3559 4089 ἐν
3596 4034 3767 4106 Λυδία
3799 4035 4023 4089 ἐπισκό-

2442 4140 2562 4176 πων
2588 4139 2603 4154 ·
2630 4125 2955 4196 Δρακόντιον
2976 4124 3032 4178 δέ
3062 4125 3155 4179 τὸν
3208 4124 3527 4198 Περγάμου,
3564 4126 3641 4189 ὡς
3669 4125 3933 4197 πρότερον
3959 4130 4019 4179 ἐν

2442 4212 2681 4288 Γαλατίᾳ
2722 4217 3162 4271 ἐπισκοποῦνταο
3200 4219 3297 4272 καὶ
3340 4217 3417 4283 ὡς
3459 4218 3775 4291 παράνομον
3802 4219 3902 4291 τὴν
3929 4215 4016 4287 ἐρ’

1966 4442 2238 4500 VALESII
2275 4442 2829 4501 ANNOTATIONES.

837 4601 947 4676 (33)
977 4602 1373 4676 Περιθδευτῂν
1411 4601 1624 4676 GéLSic
1654 4601 1828 4676 Graeci
1854 4607 2053 4656 vocant
2086 4600 2330 4676 medicos
2370 4671 2399 4676 _
2438 4620 2665 4676 necesse
2713 4610 2817 4659 est.
2873 4599 3040 4676 Miror
3099 4606 3280 4676 tamen
3335 4598 3595 4676 Basillum
3633 4594 3910 4676 _Magnum
3961 4606 4014 4658 in

762 4668 1249 4731 cireui'ufor'aneos.
1297 4668 1374 4728 De
1420 4674 1621 4744 quibus
1675 4672 1803 4744 vide
1840 4687 1973 4744 qua;
2002 4668 2336 4744 notayjt_Ja-
2368 4671 2412 4726 ι)
2442 4674 2758 4744 supradicta
2801 4672 3034 4744 epistola
3064 4670 3270 4724 nullam
3301 4668 3775 4725 condemnationis
3817 4671 4013 4729 Eulalii

762 4748 935 4801 cohus
984 4744 1313 4799 Siriuoudus
1370 4739 1619 4799 in’Notis
1651 4742 1718 4797 ad
1765 4739 2096 4796 Ennodium.
2135 4739 2335 4808 Hujus-

765 4817 913 4879 modi
973 4825 1153 4869 autem
1196 4814 1391 4869 medici
1440 4814 1794 4867 homicidium
1830 4819 2047 4882 patrare
2100 4815 2337 4879 possunt

763 4888 976 4939 duobus
1052 4884 1275 4948 modis,
1371 4891 1465 4937 aut
1530 4899 1625 4952 per
1683 4882 2158 4953 imprudentiam,
2244 4886 2337 4953 aut

763 4958 1046 5011 scientes:
1084 4965 1214 5023 puta
1259 4954 1304 5009 si
1348 4951 1619 5007 venenum
1674 4951 1837 5007 alicui
1878 4952 2131 5007 dederint
2188 4951 2336 5005 occi-

763 5025 925 5080 dendi
972 5025 1201 5081 alterius
1232 5039 1421 5077 causa.

836 5095 946 5163 (54)
983 5096 1342 5159 Ἐπίσκοπος
1365 5092 1575 5163 ὢντῆς
1595 5091 1665 5145 ἐν
1686 5088 2080 5163 Καππαδοκίᾳ
2096 5091 2338 5157 Ἐκκλη-

763 5161 904 5230 alar;
929 5161 1311 5233 Καισαρείας.
1346 5162 1559 5233 Mallem
1589 5165 1853 5233 scribere,
1878 5161 1982 5233 τῆς
2018 5162 2076 5233 ἐν
2100 5164 2338 5215 Καππα-

762 5236 933 5288 δοκῶν
966 5230 1272 5305 Καισαρείᾳ
1293 5232 1636 5305 Ἐκκλησίας.
1671 5232 1843 5286 Porro
1864 5230 2147 5305 _Eulalium
2191 5232 2339 5305 hunc

764 5315 972 5375 putrem
999 5300 1270 5358 EuStalltii
1304 5300 1638 5375 Sebastetti.-_
1652 5318 1818 5375 quem
1845 5300 2212 5375 _Socrates_ac
2239 5300 2339 5355 So-

766 5370 1028 5430 iomenus
1056 5376 1373 5445 episcopum
1404 5374 1574 5445 fuisse
1610 5370 1799 5427 dieuut
1820 5372 2089 5445 Caesarea:
2116 5370 2336 5445 Cappa-

762 5447 955 5506 docia.
1006 5439 1383 5501 successorem
1440 5444 1609 5498 fuisse
1670 5444 1927 5497 existimo
1978 5439 2337 5507 Hermogenis

763 5515 1007 5587 episcopi
1046 5515 1331 5572 Caesareae.
1362 5514 1579 5587 Etenim
1611 5512 1997 5587 _liermogenes
2043 5511 2337 5587 episcopus

762 5582 1046 5652 Ciesaréaa,
1072 5595 1299 5655 accepto
1324 5586 1391 5639 ab
1416 5584 1702 5639 Eustatliio
1726 5582 2333 5655 confessionis‘libello,

764 5650 1143 5727 presbyterum
1171 5650 1299 5727 eum
1336 5655 1709 5727 ordinaverat,
1726 5661 1801 5727 _ut
1830 5661 2062 5727 testatur
2089 5650 2336 5727 gasilius

767 5720 821 5781 in
856 5720 1095 5793 Epistola
1144 5726 1212 5778 ad
1264 5724 1653 5780 Occidentales.
1713 5723 1846 5777 Cum
1885 5724 2049 5789 igitur
2089 5720 2337 5776 Eulalius

763 5799 1056 5869 episcopus
1075 5796 1337 5850 Cmsareae
1357 5795 1698 5869 EUstatliiuiu
1739 5793 2108 5869 presbyterum
2138 5808 2167 5845 ει
2191 5810 2338 5869 cuiu-

766 5864 1025 5925 uiuuioiic
1052 5884 1271 5937 precum
1305 5866 1615 5929 removerit,
1647 5864 1967 5933 Ili-rmogoui
2007 5865 2336 5918 successeiit

2438 4741 2773 4800 mentionem
2805 4741 3029 4796 fecisse.

2509 4814 2622 4885 (35)
2662 4813 2772 4881 Τῆς
2931 4808 3258 4890 Ἀντιοχείᾳ
3302 4808 3591 4890 αυτόδου.
3646 4807 4017 4890 Πξεοῃᾼηιίο-

2438 4879 2614 4939 chena
2647 4879 2912 4953 synodus,
2978 4880 3031 4935 in
3060 4895 3167 4949 qua
3208 4879 3531 4953 Eustathius
3587 4880 4011 4953 perjuriiureus

2437 4950 2727 5009 convictus
2758 4962 2868 5015 est,
2901 4965 3127 5022 prorsus
3166 4950 3298 5022 mihi
3342 4950 3525 5022 ignota
3568 4958 3673 5022 est.
3712 4950 3783 5005 De
3815 4950 4000 5005 Meliti-

2438 5026 2597 5079 nensi
2626 5033 2806 5078 autem
2846 5018 3057 5091 synodo
3080 5020 3324 5091 loquitur
3345 5018 3664 5091 Bg‘asiliusin
3688 5022 3920 5089 epistola
3949 5022 4007 5076 7S

2438 5094 2506 5149 ad
2553 5089 2974 5157 Occidentales;
3038 5091 3129 5144 ubi
3183 5089 3534 5145 Eustathium
3594 5090 3651 5144 in
3692 5106 3754 5144 ea
3802 5095 4009 5160 synodo

2437 5165 2749 5235 depositum
2789 5160 3196 5235 _esse_scribit.
3238 5160 3431 5235 Anniba:
3474 5174 3604 5235 vero
3640 5162 4008 5235 istaesynodi,

2439 5230 2549 5288 tam
2633 5233 3021 5294 Melitinensis,
3076 5246 3242 5300 quam
3305 5230 3667 5296 Antiochena,
3734 5230 4015 5300 aliquanto

2439 5315 2687 5373 tempore
2720 5310 3123 5373 przecesserunt
3147 5299 3499 5373 Seleucieuse
3547 5301 3869 5373 concilium.
3898 5304 4014 5355 Au-

2438 5370 2693 5429 tiochena
2722 5370 2900 5442 igitur
2925 5372 3169 5442 synodus
3204 5370 3273 5425 de
3292 5385 3399 5440 qua
3430 5372 3521 5426 hic
3564 5372 3809 5440 loquitur
3844 5372 4012 5426 Soza-

2438 5460 2655 5505 menus.
2683 5441 3017 5523 ea’l’ortasse
3055 5441 3171 5523 ipsa
3216 5453 3299 5495 est
3354 5442 3407 5494 in
3456 5456 3564 5511 qua
3609 5442 3878 5512 Georgius
3907 5445 4013 5513 cpi-

2440 5529 2642 5600 SCOPIIS
2672 5512 3014 5597 Alexandri?
3041 5511 3385 5592 designatus.
3590 5580 3603 5592 '
3767 5511 3776 5512 κ
3838 5583 3850 5593 .
3943 5511 3951 5513 ν

2508 5584 2620 5654 (οδ)
2650 5585 2875 5650 Ὠσπερ
2905 5586 3075 5654 Μαρι.
3108 5582 3165 5635 In
3194 5583 3383 5635 codice
3408 5578 3715 5654 AFultetiano
3744 5591 4009 5650 scriptum

2438 5652 2546 5719 est,
2574 5655 2650 5716 ὡς
2686 5654 2814 5723 περὶ
2833 5652 3003 5723 Μάρνι.
3036 5652 3216 5717 Quare
3240 5668 3349 5705 non
3386 5652 3577 5723 dubito
3598 5654 3729 5721 quin
3768 5655 4011 5706 SCl‘llM'll-

2438 5714 2565 5777 dum
2595 5714 2687 5785 sit,
2721 5714 2805 5793 ὥς
2835 5714 2985 5793 παρά
3015 5714 3191 5793 Μάρι,
3227 5731 3335 5777 etc.
3378 5714 3458 5775 Ita
3512 5714 3674 5776 etiam
3730 5733 3855 5775 ante
3910 5739 4009 5776 nos

2438 5795 2750 5849 cuu‘mluvit
2782 5791 3017 5846 Jacolius
3044 5791 3414 5849 Getlml'redus
3466 5794 3519 5847 iu
3555 5793 3701 5848 notis
3736 5795 3800 5847 ad
3832 5793 4008 5846 Philo-

2441 5868 2731 5928 sloraiuiu,
2770 5880 2893 5929 pag.
2926 5864 3051 5917 246.
