4452 6584
444 508 580 564 1493

1392 494 1716 554 HISTORIA
1753 483 2319 554 ECCLESIASTICA.
2359 529 2427 539 -ο
2467 498 2596 554 LIB.
2634 500 2723 556 IV.

3548 508 3687 564 ιιθι

439 623 680 693 ἑκατέρῳ
700 621 1034 692 χειροτονίαν
1062 619 1278 673 ἔλυσαν.
1304 621 1426 673 Ἐπὶ
1453 619 1663 683 τούτοις
1693 615 1851 679 αὖθις
1887 635 2011 671 συυ-
2041 626 2084 682 Α
2117 621 2196 691 ips

1927 636 2011 671 υυ-
2041 626 2084 682 Α
2117 621 2229 691 ipse
2278 621 2574 675 multorum
2618 620 2910 675 criminum
2943 636 3091 688 reus,
3142 628 3326 678 tamen
3355 621 3525 692 judex
3561 638 3685 679 esse

437 714 702 776 a‘.06v1:ac,
727 711 1047 783 καθαιροῦσι
1082 711 1333 765 Σιλόανὸν
1356 712 1446 766 τὸν
1463 711 1677 784 Ταρσοῦ
1697 711 2012 775 ἐπίσκοπον,

438 805 534 859 καὶ
555 804 859 874 Σωφρόνιον
886 804 977 855 τὸν
996 804 1496 873 Πομπηϊουπόλεως
1509 804 1608 874 τῆς
1628 805 2014 874 Παφλαγόνων,

452 897 717 951 Ἑλπίδιόν
746 914 805 950 τε
839 895 930 950 τὸν
958 898 1233 961 Σατάλων,
1267 898 1362 951 καὶ
1400 899 1591 951 Νέωνα
1622 899 1712 952 τὸν
1741 902 1799 953 ἐν
1827 900 2017 954 Σελευ-

441 990 566 1060 κείᾳ
589 989 689 1057 τῆς
730 989 1020 1060 Ἰσαυρίας.
1052 989 1312 1043 Καθείλον
1349 990 1405 1044 δὲ
1438 990 1714 1055 Σιλϐανὸν,
1744 991 1820 1054 ὡς
1853 993 2018 1063 ἀρχη-

440 1081 535 1147 γὸν
563 1079 852 1149 γενόμενον
894 1078 1148 1141 ἀπονοίας
1170 1081 1281 1143 τοῖς
1309 1079 1506 1143 ἄλλοις,
1551 1079 1606 1131 ἐν
1636 1097 1694 1132 τε
1728 1080 2017 1154 Σελευκείᾳ

442 1172 533 1225 καὶ
585 1169 1151 1224 Κωνσταντινουπόλει
1176 1186 1190 1199 ·
1249 1171 1346 1224 καὶ¹
1408 1170 1663 1238 Θεόφιλον
1708 1170 2014 1241 προστάντα

438 1255 619 1333 τῆςὲν
665 1262 1047 1325 Κασταϐάλοις
1087 1261 1433 1332 Ἐκκλησίας,
1490 1261 2015 1332 Ἐλευθερουπόλεως

439 1355 737 1406 ἐπίσκοπον
766 1351 1210 1422 χειροτονηθέντα
1252 1352 1515 1423 πρότερον
1559 1352 1707 1423 παρὰ
1752 1353 1858 1405 τῶν
1891 1353 2013 1404 ἐπι-

443 1445 660 1497 σκόπων
691 1444 1076 1512 Παλαιστίνης,
1117 1444 1213 1495 καὶ
1253 1444 1665 1513 ὲπομοσάμενον
1694 1443 1843 1512 παρά
1876 1444 2015 1511 γνώ-

445 1554 553 1607 μην
578 1535 767 1607 ἑτέραν
797 1534 872 1605 μὴ
906 1535 1205 1587 ὑπεισιέναι
1240 1536 1567 1607 ὲπισκοπήν.
1602 1535 1906 1606 Σωφρόνιον
1934 1536 2010 1600 δὲ,

441 1630 516 1692 ὡς
542 1629 879 1682 πλεονεκτεῖν
897 1629 990 1680 καὶ
1009 1627 1340 1696 καπηλεύειν
1362 1627 1739 1700 ἐπιχειροῦντα
1762 1629 1831 1681 τὰ
1846 1646 2012 1696 προσ-

441 1722 715 1792 φερόμενα
750 1723 816 1791 τῇ
864 1719 1179 1789 Ἐκκλησία,
1225 1720 1319 1771 καὶ
1376 1719 1513 1789 μετά
1557 1718 1750 1788 κλῆσιν
1791 1718 2012 1789 πρώτην

439 1814 533 1865 καὶ
558 1811 835 1880 δευτέραν,
861 1808 1046 1879 ἐπειδὴ
1077 1808 1227 1877 μόλις
1252 1809 1552 1879 ἀπήντησε,
1584 1809 1657 1878 μὴ
1683 1808 2012 1878 ἐθελήσαντα

440 1903 572 1973 παρ’
628 1902 810 1963 αὑτοίς
867 1899 1306 1969 ἀπολογήσασθαι
1359 1900 1496 1970 πρὸς
1552 1898 1622 1951 τὰ
1670 1898 2007 1971 ἐγκλήματα,

440 1965 574 2049 ἀλλά
606 1996 731 2056 τοὺς
747 1992 943 2057 ἔξωθεν
993 1965 1266 2063 αἱρεῖσθαι
1297 1965 1577 2054 δικαστάς.
1618 1965 1811 2044 Νέωνα
1825 1965 1914 2053 ἐξ,
1935 1992 2009 2056 ὡς
2044 1965 2089 2031 Β

441 2089 533 2140 ἐπὶ
554 2087 652 2155 τῆς
688 2085 823 2147 ἰδίας
854 2084 1146 2154 ἐκκλησίας
1181 2083 1561 2136 σπουδάσαντα
1600 2082 1867 2135 Ἀννιανὸν
1900 2100 2011 2151 χει-

440 2176 793 2248 ροτονηθῆναι
815 2177 927 2245 (57)
976 2174 1291 2244 Ἀντιοχέων
1334 2173 1664 2226 ἐπίσκοπον·
1713 2174 1807 2225 καὶ
1854 2173 2013 2226 ἀπείο

441 2287 566 2339 ρους
593 2269 747 2332 τινάς
776 2267 934 2340 ἱερῶν
987 2267 1216 2336 Γραφῶν
1267 2266 1362 2318 καὶ
1407 2264 1623 2334 θεσμῶν
1665 2264 2009 2334 Ἐκκλησίας,

437 2370 854 2437 ἀπερισκέπτως
880 2363 1323 2433 πολιτευομένους
1348 2361 1506 2425 ὄντας
1526 2361 1661 2432 (38),
1681 2363 2008 2425 ἐπισκόπους

440 2458 853 2525 καταστήσαντα
871 2472 886 2486 ο
912 2455 960 2506 οἳ
989 2450 1128 2522 μετὰ
1169 2450 1340 2503 ταῦτα
1370 2450 1667 2521 χρημάτων
1695 2450 1888 2520 κτῆσιν
1914 2451 2011 2519 τῆς

441 2550 740 2621 ἱερωσύνης
801 2544 1203 2615 προὺτίμησαν,
1235 2543 1330 2595 καὶ
1358 2543 1651 2612 ἐγγράφως
1685 2542 1888 2594 εἴλοντο
1914 2543 2013 2606 τὰς

436 2639 621 2700 οὐσίας
656 2637 868 2707 ἔχοντες
921 2633 1274 2701 λειτουργεῖν,
1324 2632 1358 2701 ἦ
1410 2631 1533 2701 δίχα
1563 2630 1767 2685 τούτων
1797 2632 2014 2684 ἐπισκο-

441 2734 580 2783 πεῖν.
606 2729 709 2781 Τὸν
730 2727 788 2780 δὲ
834 2725 1124 2793 Ἐλπίδιον⁹
1152 2722 1228 2784 ὡς
1246 2722 1502 2793 βασιλείῳ
1529 2723 1621 2775 ἐπὶ
1645 2725 1856 2793 ταραχῇ
1884 2740 2015 2793 συμο

441 2823 690 2893 μίξαντα,
710 2820 805 2873 καὶ
823 2818 1140 2889 καθηγητὴν
1161 2816 1450 2885 γενόμενον
1474 2812 1723 2878 ἀταξίαςο
1743 2816 1839 2867 καὶ
1864 2814 2016 2885 παρὰ

438 2916 506 2967 τά
535 2913 761 2976 δόξαντα
790 2914 858 2982 τῇ
905 2913 962 2963 ὲν
1010 2908 1269 2978 Μελιτίνῃ
1307 2906 1506 2975 συνόδῳ
1535 2915 1587 2971 ι’,
1627 2904 1885 2959 Εὐσέδιον
1921 2906 2018 2975 μὲν

438 3006 603 3074 ἄνδρα
624 3001 1001 3076 καθῃρημένον
1039 2997 1441 3068 πρεσϐυτερείῳ
1472 2997 2014 3065 ἀποκαταστήσαντα·

438 3097 483 3147 Ν
491 3094 746 3166 εκταρίαν
763 3093 817 3146 δέ
834 3107 956 3145 τινα
970 3091 1058 3143 διὰ
1076 3106 1147 3141 πα
1158 3087 1414 3159 ραϐάσεις
1433 3086 1715 3156 συνθηκῶν
1731 3086 1827 3139 καὶ
1841 3087 2019 3156 ὅρκων

438 3181 801 3252 ἀκοινώνητον
845 3179 1145 3249 γενομένην
1175 3218 1190 3240 ,
1237 3174 1510 3238 διακονίας
1547 3172 1883 3239 ἀξιώσαντα,
1944 3178 2019 3246 μὴ

2112 711 2293 778 vellet,
2324 718 2380 766 et
2404 710 2541 766 alios
2562 711 2851 767 haereticos
2883 712 3204 783 appellaret.
3238 712 3519 769 Eleusium
3551 730 3685 770 vero

2113 804 2323 860 idcirco
2368 804 2774 876 deposuerunt,
2835 805 2983 876 quod
3036 804 3347 862 IIeraclium
3394 807 3683 876 quemdam

2119 897 2279 967 170
2307 897 2482 967 patria
2516 896 2876 969 Tyrium,qui
2908 897 3103 954 ﬂamen
3140 897 3393 955 IIerculis
3422 900 3534 953 illic
3560 900 3682 952 fne—

2113 998 2236 1051 rat,
2287 995 2342 1042 et
2385 996 2677 1044 accusatus
2714 988 2989 1056 maleﬁcii,
3018 998 3183 1060 atque
3210 991 3281 1045 ob
3314 990 3367 1044 id
3410 990 3683 1060 perquisi-

2114 1088 2225 1144 tus,
2264 1076 2475 1147 fugiens
2507 1077 2766 1149 Cyzicum
2800 1092 2861 1133 se
2898 1088 3198 1149 receperat,
3236 1088 3440 1135 temere
3470 1080 3537 1133 ad
3570 1080 3684 1133 dia-

2113 1179 2372 1224 conatum
2414 1171 2801 1240 promovisset,
2827 1186 2951 1226 cum
2983 1172 3031 1225 is
3059 1169 3432 1226 Christianam
3460 1172 3685 1241 religio-

2113 1278 2237 1317 nem
2276 1278 2335 1317 se
2367 1264 2545 1317 colere.
2574 1263 2895 1331 simularet;
2943 1277 3177 1332 cumque
3215 1265 3370 1317 illum
3409 1263 3683 1333 ejusmodi

2111 1369 2236 1408 esse
2270 1362 2455 1423 postea
2491 1354 2797 1420 didicisset,
2828 1370 2952 1410 eum
2982 1365 3161 1409 tamen
3190 1354 3261 1409 ab
3286 1355 3530 1410 Ecclesia
3575 1354 3681 1408 mi-

2112 1446 2259 1499 nime
2304 1445 2660 1514 praecidisset.
2708 1446 2843 1503 Item
2899 1448 3047 1518 quod
3102 1447 3400 1501 nonnullos
3456 1463 3487 1500 a
3541 1444 3681 1501 Mari

2111 1534 2473 1588 Chalcedonis
2510 1538 2792 1606 episcopo,
2831 1538 2925 1605 qui
2971 1536 3137 1591 etiam
3175 1536 3305 1590 huic
3342 1535 3550 1606 synodo
3596 1534 3682 1588 in-

2112 1626 2323 1689 terfuit,
2349 1626 2767 1692 condemnatos,
2806 1643 2937 1682 cum
2976 1627 3232 1697 Cyzicum
3259 1628 3558 1689 venissent,
3592 1626 3680 1680 in-

2112 1718 2359 1773 consulte
2399 1718 2787 1774 ordinavisset.
2828 1718 3153 1775 Heortasius
3182 1727 3365 1773 autem
3414 1719 3540 1773 ideo
3567 1718 3683 1771 dis-

2113 1808 2330 1863 cinctus
2383 1817 2508 1875 est,
2544 1809 2696 1878 quod
2734 1810 2943 1880 absque
2983 1824 3256 1865 consensu
3300 1810 3680 1879 episcoporum

2112 1897 2293 1969 Lydiae
2339 1898 2518 1954 iactus
2560 1908 2708 1955 esset
2749 1900 3139 1956 Sardianorum
3178 1901 3488 1972 episcopus.
3547 1899 3679 1952 Dra-

2116 1992 2361 2044 contium
2392 2007 2520 2045 vero
2550 1990 2943 2062 Pergamenum
2970 1994 3091 2047 ideo
3124 1992 3679 2061 deposuerunt,quod

2116 2081 2171 2135 in
2220 2080 2434 2135 Galatia
2483 2084 2638 2151 prius
2693 2083 3069 2153 episcopatum
3120 2084 3400 2153 gessisset.
3445 2081 3684 2135 Proinde

2116 2181 2405 2239 utramque
2439 2173 2866 2238 ordinationem,
2898 2182 3082 2244 utpote
3124 2174 3484 2244 illegitimam,
3528 2172 3682 2227 inﬁr-

2118 2272 2356 2318 marunt.
2405 2262 2537 2319 Post
2582 2266 2697 2319 haec
2724 2266 2919 2320 iterum
2944 2267 3357 2329 convenientes,
3396 2264 3678 2320 Silvanum

2115 2358 2394 2426 deponunt
2424 2358 2741 2428 episcopum
2782 2357 2964 2423 Tarsi,
2995 2367 3050 2413 et
3102 2358 3472 2427 Sophronium
3516 2357 3680 2412 Pom-

2115 2452 2386 2522 peiopolis
2428 2450 2481 2504 in
2530 2450 2942 2522 Paphlagonia;
2992 2449 3268 2520 Elpidium
3301 2450 3429 2503 item
3470 2449 3683 2503 Satalo-

2114 2558 2257 2605 rum,
2300 2550 2354 2597 et
2401 2540 2645 2597 Neonam
2688 2544 3007 2613 episcopum
3046 2542 3311 2597 Seleucia:
3353 2542 3410 2595 in
3447 2541 3679 2596 Isauria.

2113 2635 2190 2686 Ac
2221 2632 2503 2687 Silvanum
2529 2634 2749 2703 quidem
2785 2633 3191 2704 deposuerunt,
3220 2642 3506 2704 propterea
3535 2634 3678 2704 quod

2113 2724 2351 2777 vesaniae
2378 2732 2570 2778 auctor
2601 2738 2665 2778 ac
2696 2724 2923 2794 signifer
2952 2725 3167 2780 caeteris
3211 2724 3538 2787 exstitisset,
3567 2733 3680 2779 tum

2117 2812 2399 2876 Seleuciae,
2437 2823 2550 2870 tum
2578 2814 3050 2885 Constantinopoli
3080 2858 3096 2883 ,
3138 2823 3192 2871 et
3240 2816 3388 2887 quod
3418 2817 3681 2871 Castaba-

2115 2900 2251 2957 lensi
2301 2903 2559 2958 Ecclesiae
2593 2903 2956 2973 Theophilum
2983 2904 3272 2973 quemdam
3322 2903 3681 2974 praefecisset,

2116 2995 2207 3064 qui
2240 2996 2392 3065 prius
2415 2997 2482 3050 ab
2510 2997 2785 3067 episcopis
2831 2997 3314 3051 Palaestinensibus
3358 2996 3681 3051 Eleuthero-

2117 3087 2260 3156 polis
2306 3089 2595 3160 episcopus
2648 3088 2827 3144 fuerat
2889 3091 3211 3156 ordinatus,
3263 3090 3684 3161 juramentoque

2118 3193 2240 3234 sese
2271 3179 2663 3245 obstrinxerat,
2694 3197 2972 3251 nunquam
3016 3198 3076 3237 se
3107 3183 3272 3236 alium
3307 3185 3681 3253 episcopatum

443 3274 604 3341 μετὸν
630 3273 767 3341 αὐτῇ
795 3272 958 3341 τιμῆς
985 3268 1128 3321 κατὰ
1153 3268 1278 3330 τοὺς
1303 3266 1500 3336 νόμους
1527 3265 1628 3334 τῆς
1685 3264 2013 3336 Εκκλησίας.
2044 3260 2089 3320 C
2121 3284 2201 3323 su:

1922 3267 2013 3328 Iac.
2044 3260 2089 3320 C
2121 3278 2502 3340 suscepturum
2528 3271 2739 3342 absque
2761 3273 2977 3327 illorum
2995 3288 3291 3329 consensu.
3316 3274 3680 3344 Sophronium

439 3385 571 3423 vero
600 3369 947 3433 abdicarunt,
980 3374 1238 3434 tanquam
1283 3377 1530 3427 avarum,
1560 3372 1615 3415 et
1648 3363 1741 3432 qui
1788 3378 1878 3417 res
1903 3361 2164 3419 Ecclesiae
2207 3366 2422 3422 oblatas
2458 3368 2716 3434 vendere,
2782 3377 2837 3424 et
2901 3369 2955 3423 in
3021 3377 3288 3438 quaestum
3353 3384 3514 3424 suum
3562 3384 3682 3423 ver-

441 3475 558 3517 tere
606 3469 929 3517 conaretur:
973 3467 1027 3514 et
1059 3468 1347 3529 propterea
1384 3456 1527 3526 quod
1561 3467 1685 3525 post
1720 3456 2014 3511 secundam
2055 3474 2120 3514 ac
2150 3461 2369 3514 tertiam
2399 3462 2743 3517 vocationem
2767 3477 2911 3532 aegre
2957 3478 3306 3531 comparens,
3374 3461 3442 3516 de
3501 3462 3685 3516 crimi-

440 3559 602 3610 nibus
637 3555 739 3609 sibi
777 3553 941 3607 illatis
974 3566 1196 3605 causam
1228 3549 1368 3619 apud
1408 3549 1557 3617 ipsos
1587 3549 1770 3603 dicere
1793 3549 2085 3616 noluisset,
2150 3551 2247 3607 sed
2289 3560 2584 3609 extraneos
2647 3554 2861 3627 judices
2929 3555 3201 3624 elegisset.
3274 3553 3515 3608 Neonam
3557 3570 3684 3609 vero

441 3648 565 3706 ideo
611 3647 1010 3717 deposuerunt,
1079 3641 1227 3710 quod
1281 3647 1339 3692 ut
1418 3640 1707 3693 Annianus
1778 3640 2236 3697 Antiochensium
2284 3643 2577 3715 episcopus
2646 3646 2699 3698 in
2740 3660 2838 3699 sua
2878 3644 3120 3699 Ecclesia
3171 3645 3537 3709 ordinaretur,
3585 3644 3685 3697 im-

440 3756 607 3819 pense
663 3736 1004 3797 studuisset,
1066 3743 1121 3787 et
1178 3732 1322 3801 quod
1380 3732 1677 3786 nonnullos
1723 3746 2005 3786 sacrarum
2048 3732 2457 3803 Scripturarum
2505 3744 2563 3791 et
2605 3738 2865 3793 Ecclesia:
2908 3738 3087 3806 legum
3155 3740 3371 3808 penitus
3440 3736 3680 3807 ignaros,

440 3854 563 3892 cum
614 3830 941 3887 decuriones
992 3833 1197 3888 essent,
1235 3822 1641 3876 inconsiderate
1703 3824 1990 3893 episcopos
2052 3826 2383 3882 ordinasset.
2430 3826 2537 3893 Qui
2579 3836 2768 3899 postea
2806 3843 2968 3898 opum
3018 3845 3244 3884 suarum
3283 3830 3682 3899 possessionem

441 3923 747 3983 sacerdotio
792 3919 1188 3988 praetulerunt,
1246 3916 1563 3983 scriptoque
1608 3915 1799 3968 testati
1856 3925 1988 3971 sunt
2056 3920 2222 3973 malle
2291 3935 2353 3975 se
2399 3920 2544 3976 bona
2614 3936 2713 3976 sua
2766 3922 3051 3976 retinendo
3094 3922 3324 3991 publicis
3368 3923 3686 3976 muneribus

443 4020 616 4091 fungi,
645 4032 811 4088 quam
836 4014 998 4070 bonis
1024 4012 1141 4067 suis
1166 4018 1386 4074 exutos,
1436 4008 1809 4079 episcopatum
1863 4027 2075 4082 gerere.
2113 4012 2385 4084 Elpidium
2409 4015 2648 4084 denique
2677 4016 3022 4080 abdicarunt,
3039 4031 3107 4071 eo
3127 4015 3274 4085 quod
3296 4014 3364 4070 ad
3390 4013 3683 4069 tumultum

1596 4200 1867 4254 VALESII
1898 4197 2431 4257 ANNOTATIONES

515 4302 626 4373 (57)
676 4298 953 4373 ξΑνιίένὸν.
993 4295 1501 4373 χειροτονηθτῖξοαι.
1537 4293 1896 4373 Scribenilum
1928 4300 2013 4371 est
2115 4304 2272 4349 curat

1928 4300 2013 4371 est
2115 4295 2388 4373 curatiopi
2413 4311 2639 4373 operum
2666 4296 3033 4365 publicorum,
3063 4306 3118 4350 et
3144 4294 3416 4373 universis
3444 4293 3679 4373 publicis

454 4362 747 4445 Ἀννιαν-ῥνε
799 4368 955 4445 Quod
976 4362 1093 4445 _'es_t
1133 4362 1704 4445 nomeudiom'anuni.
1742 4365 1903 4443 Certe
1955 4362 2007 4442 in
2117 4362 2465 4421 muneribus.
2504 4362 2693 4445 Itaque
2726 4382 2791 4421 ex
2825 4382 2924 4445 suo
2974 4381 3203 4435 corpore
3248 4362 3522 4445 eligebaut
3553 4380 3680 4445 sus:

440 4445 629 4499 codice
650 4432 951 4494 Fuketiano
976 4437 1171 4506 legitur
1220 4433 1599 4506 ’Avvlvav._ﬂic
1635 4434 1920 4506 Annianus
1955 4432 2007 4484 in
2115 4442 2366 4506 ceptores
2393 4475 2407 4497 ,
2457 4438 2549 4505 qui
2588 4432 2791 4490 tributa
2824 4432 3144 4505 exigerent;
3203 4432 3675 4506 magistratusqui

442 4510 777 4569 Seleuciensi
832 4502 1071 4560 concilio
1131 4506 1417 4560 ordinatus
1475 4504 1652 4559 fuerat
1719 4502 2009 4571 episcopus
2116 4505 2277 4558 ludos
2311 4502 2556 4570 ederent,
2600 4514 2653 4559 et
2690 4507 2827 4559 alios
2858 4502 2952 4575 qui
3002 4506 3197 4559 balnea
3256 4502 3678 4575 instruerentet

444 4582 842 4641 Antiochenus,
873 4577 1124 4643 deposito
1155 4576 1419 4629 Eudoxio.
1459 4642 1500 4645 _
1668 4642 1679 4645 Α
2116 4576 2202 4643 ligi

2116 4576 2261 4643 ligna
2301 4574 2981 4645 prmstarent;eorumque
3032 4576 3175 4629 bona
3222 4574 3391 4645 curiae
3414 4574 3678 4643 oppigne-

512 4653 623 4723 (38)
668 4642 1175 4723 Holttevquérovc
1222 4646 1419 4723 ὄντας.
1458 4642 1615 4723 Ilii-nc
1668 4642 1845 4723 locum
1898 4654 2005 4723 non
2042 4704 2081 4723 ἢ
2115 4642 2270 4723 ratat

1919 4654 2005 4723 non
2042 4704 2081 4723 ἢ
2115 4642 2253 4723 rata
2291 4642 2470 4707 erant,
2522 4646 2595 4723 ita
2662 4652 2751 4723 ut__
2778 4642 2906 4714 qui_
2935 4646 3143 4701 curiam
3185 4642 3517 4723 reliquisset,
3550 4658 3677 4723 suas

442 4704 831 4777 intellexerunt
880 4704 1225 4784 iiit'erpi-etes.
1299 4704 1433 4767 Nam
1502 4712 1811 4784 Musculus_
1849 4711 2009 4784 vertit
2042 4704 2083 4757 D
2114 4714 2405 4769 facultates
2457 4704 2623 4768 curiae
2645 4704 2969 4784 relinquere
3014 4704 3328 4783 cogeretur:
3364 4704 3679 4784 Inconside-

441 4794 866 4856 incircumspecle
899 4781 1157 4856 virentes;
1187 4801 1345 4853 quem
1378 4793 1599 4837 secutus
1640 4791 1721 4856 est
1756 4781 2004 4856 Christo-
2111 4792 2225 4856 rate
2250 4784 2414 4852 igitur
2451 4784 2579 4837 fecit
2612 4783 2760 4856 Neon
2796 4781 2890 4838 seu
2921 4781 3139 4856 Neonas
3166 4784 3459 4856 episcopus
3492 4782 3678 4856 Seleu-

443 4852 771 4934 phorsouus.
822 4856 985 4934 Atqui
1010 4852 1430 4934 1πολιτείυόμενρι
1492 4859 1619 4931 sunt
1655 4852 2002 4934 decuriones,
2111 4854 2230 4934 ciae,
2267 4869 2389 4934 quae
2419 4854 2739 4934 metropolis
2783 4864 2902 4907 erat
2935 4854 3173 4915 Isauriae,
3210 4853 3302 4932 qui
3339 4854 3484 4934 viros
3507 4854 3677 4932 curiis

443 4921 622 5001 quiet
656 4921 1582 5001 1:0).itsu-c'at‘t_dieu_nturautin-aias,
1629 4930 1689 4999 ut
1732 4921 1910 5001 θριξίν]
1937 4921 2002 4969 ad
2111 4924 2381 5001 obnoxios
2440 4924 2523 5001 ad_
2566 4924 2943 5001 episcopatum
3022 4922 3491 5001 promovitansA
3529 4923 3675 4975 enim

444 4988 641 5056 librum
668 5012 779 5050 mi
815 4994 1086 5049 Aminiani
1111 4991 1742 5053 Marcelliniﬁregmius
1771 4988 2005 5060 Naziau-
2112 5001 2304 5060 postea
2337 4988 2664 5047 decuriones
2699 4988 2772 5047 ad
2794 4994 3001 5046 curiam
3025 4988 3379 5050 remearunt.
3406 4998 3497 5044 aut
3529 5002 3677 5045 certe

444 5086 610 5126 zeuus
635 5073 683 5121 in
705 5067 933 5133 epistola
959 5062 1047 5121 49,
1070 5065 1144 5115 Ad
1167 5063 1468 5135 Olympium
1499 5078 1515 5135 :_
1545 5060 1760 5135 Πάντας
1786 5058 2005 5135 πολίιας
2115 5058 2202 5135 ἶφι

1922 5073 2005 5135 ιᾎς
2115 5058 2281 5135 bouis
2312 5062 2428 5135 suis
2461 5063 2665 5135 cedere
2692 5078 2786 5115 eos
2802 5063 3120 5135 jusserunt.
3171 5061 3290 5135 Quo
3325 5061 3489 5124 facto,
3520 5061 3674 5113 novi-

440 5161 499 5195 τε
523 5140 616 5193 καὶ
660 5128 971 5196 πολιτευτόκ
1010 5136 1103 5184 καὶ
1151 5128 1575 5201 ἀξιωματικοὺς,
1606 5128 1669 5180 III
1705 5128 2007 5181 functimii-
2118 5131 2178 5184 [ii

1920 5128 2007 5178 IIi-
2118 5131 2178 5184 lii
2222 5133 2296 5184 illi
2335 5132 2573 5200 episcopi
2604 5130 2667 5185 ad
2697 5128 2904 5185 curiam
2927 5133 3122 5185 reverti
3153 5132 3484 5195 maluerunt,
3509 5145 3673 5200 quam

447 5215 547 5264 hns
576 5207 816 5278 publicis
842 5204 1067 5278 obnoxii
1097 5212 1275 5260 erant.
1295 5200 1434 5278 :puta
1459 5200 2005 5278 tributoruin_siisc.e-
2112 5201 2356 5256 dimissis
2388 5202 2747 5257 facultatibus
2782 5206 3157 5271 episcopatum
3186 5215 3393 5271 gerere.

445 5268 640 5350 ptioni,
676 5278 1015 5330 thermarum
1053 5268 1428 5333 instructioni,
1467 5269 1713 5323 ludorum
1747 5268 2001 5327 editioni,

1864 5440 2249 5495 VARIORUM.

513 5581 539 5608 ιι
575 5568 649 5636 τῇ
672 5568 739 5619 ἐν
780 5565 1060 5636 Μελιτᾼίνῃ
1091 5559 1377 5636 συνόδῳ..
1400 5554 1995 5636 CelebralamllIelitinie

442 5645 496 5695 iu
523 5623 771 5693 Artiienia
800 5623 1215 5705 syuOtIiis'_aiiiio
1246 5629 1473 5705 circiter
1522 5627 1645 5680 558.
1690 5624 1819 5692 Ejus
1840 5625 1995 5705 _I_iull:i

445 5694 648 5764 mentio
674 5710 726 5760 in
752 5694 1185 5773 CoIlcctionihus
1232 5699 1586 5773 conciliorqu
1628 5694 1993 5773 generalium.

441 5762 692 5835 Occurrit
741 5785 921 5828 autem
956 5768 1202 5839 apudWS.
1235 5768 1493 5839 Basiliuni
1539 5767 1590 5817 in
1636 5762 1869 5839 epistola
1908 5762 1995 5839 7_ll,

443 5833 522 5905 Ad
555 5844 937 5903 Occidentales,
978 5833 1066 5893 ubi
1108 5838 1448 5889 Eustathiuin
1486 5838 1537 5889 in
1568 5850 1628 5905 ea
1671 5833 1879 5903 synodo
1905 5833 1999 5883 ile-

444 5904 679 5992 pnsituin
715 5931 837 5969 esse
893 5919 1142 5965 testatur.
1182 5906 1363 5971 Quare
1408 5921 1531 5960 cum
1576 5904 1819 5959 Meletius
1870 5918 2002 5956 cou-

688 6013 951 6069 I’ATROL.
977 6006 1089 6065 Gn.
1124 6002 1350 6061 LXVII.
2512 6028 2513 6031 η
3157 5990 3226 6051 33

2101 5560 2228 5611 cilio
2274 5558 2607 5611 Seleuciensi
2665 5573 2813 5609 anno
2858 5557 2960 5609 559
2995 5567 3351 5624 congregato,
3414 5565 3670 5624 tanquam

2101 5629 2394 5695 episcopus
2424 5629 2759 5681 Sebasteuus
2788 5626 3046 5685 adfuerit,
3075 5626 3186 5693 jam
3211 5642 3277 5679 eo
3308 5642 3450 5678 anno
3475 5625 3669 5679 Eusta-

2103 5699 2252 5750 thius
2276 5715 2304 5750 e
2326 5696 2628 5751 Sebasteno
2650 5699 2964 5765 episcopatu
2988 5696 3233 5757 dejectus
3260 5696 3454 5756 fuerat,
3484 5696 3671 5763 sicque

2104 5769 2347 5835 synodus
2401 5767 2757 5821 Meliliueus'is
2824 5782 2970 5818 anno
3050 5766 3154 5819 358
3216 5777 3308 5821 aut
3365 5765 3669 5833 insequenti
3730 5766 3733 5769 λ

2104 5837 2312 5892 habita.
2348 5838 2475 5891 Atil.
2511 5837 2637 5891 I’aui
2667 5837 2734 5892 ad
2773 5851 2901 5891 ann.
2934 5836 3058 5903 557,
3091 5853 3144 5892 n.
3177 5836 3257 5890 15.
