4452 6584
875 399 1012 458 H99
2348 406 2694 466 SOZOMENI
3237 461 3243 466 .
3994 426 4137 480 1-390

873 520 1026 576 ribus
1061 527 1307 590 grassata
1338 519 1536 577 fuerat.
1569 520 1678 577 Etsi
1705 524 1850 578 enim
1885 525 2020 591 haec,
2058 526 2205 597 quod
2227 529 2448 598 quidem
2481 537 2526 593 Α
2562 532 2631 603 τῷ

2379 545 2448 584 :m
2481 537 2526 593 Α
2562 532 2640 603 τῷ
2666 530 2971 604 ὁμοφύλους
3011 532 3078 588 τὰ
3107 535 3378 607 πολεμίων
3415 539 3547 610 δρᾷν
3589 540 3745 612 (40⁸),
3773 543 4013 612 καὶπερὶ
4038 544 4137 596 ἀλ.

871 610 938 666 ad
973 614 1260 668 cruciatus
1297 617 1524 682 attinet,
1555 616 1841 672 remissior
1865 619 2178 688 videbatur,
2208 623 2450 694 pruden-
2558 624 2629 676 λοι

2385 639 2450 678 n-
2558 623 2820 693 λοφὺλους
2844 623 3121 690 τοιούτους
3145 620 3307 695 εἶναι,
3331 627 3359 679 ό
3381 627 3654 699 ἰερατικὸς
3693 610 3892 702 θεσμὸς
3927 610 4136 703 ἀπηγό-

871 705 1017 760 tibus
1045 712 1230 760 tamen
1254 707 1388 761 viris
1417 719 1640 778 propter
1692 709 1975 765 infamiam
2019 713 2132 767 visa
2177 723 2261 768 est
2297 729 2456 770 acer—
2563 733 2775 786 ρευσεν.

868 796 1009 852 bior.
1039 796 1273 869 Utrique
1292 801 1463 864 enim,
1487 810 1540 856 et
1573 802 1619 856 is
1648 803 1742 873 qui
1770 805 2228 874 persequebatur,
2248 815 2303 862 et
2329 808 2423 864 ille
2451 810 2546 878 qui
2579 812 3015 880 persecutionem
3044 812 3371 879 sustinebat,
3396 827 3462 870 ex
3501 812 3741 870 Ecclesia
3766 817 3920 886 173
3944 825 4131 871 erant.

867 891 1155 963 Tanthue
1207 896 1426 966 turpius
1482 906 1604 950 erat
1650 897 1702 952 id
1766 900 1991 966 malum,
2033 910 2241 972 quanto
2293 904 2516 972 gravius
2549 912 2631 960 est
2679 905 2945 961 adversus
2984 906 3216 963 tribules
3256 915 3310 962 et
3347 917 3632 979 cognatos,
3669 926 3732 965 ea
3780 927 3900 981 qua:
3943 912 4134 966 hostes

865 988 1046 1044 solent
1097 997 1418 1059 perpetrare
1457 1006 1471 1046 :
1517 1005 1644 1044 eum
1685 1000 1873 1049 tamen
1913 994 2104 1051 divina
2140 996 2226 1052 lex
2281 997 2573 1066 prohibeat
2609 1016 2680 1056 ne
2728 1003 2998 1057 adversus
3042 1008 3334 1056 extraneos
3377 1001 3649 1071 ejusmodi
3695 1003 3878 1059 animo
3924 1005 4129 1060 simus.

1441 1080 1594 1136 CAP.
1643 1082 1856 1141 XXVII.

863 1169 1142 1254 Quomodo
1180 1171 1530 1254 Macedonius
1570 1186 1852 1248 postquam
1883 1181 2066 1254 esede
2109 1199 2209 1254 sua
2247 1183 2440 1254 ejeclus

929 1251 1032 1305 est,
1067 1245 1315 1297 adversus
1348 1243 1611 1320 Spiritum
1634 1243 1878 1302 sanctum
1908 1252 2067 1320 impie
2097 1243 2302 1308 locutu}
2325 1257 2395 1308 sit
2421 1270 2441 1317 ;

930 1322 1132 1394 etmquo
1176 1324 1332 1394 pactp
1383 1315 1778 1394 Marathonius,
1815 1337 1923 1374 una
1972 1315 2090 1376 eum
2122 1315 2441 1394 quibusdam

930 1382 1054 1435 aliis
1079 1424 1094 1447 ,
1137 1384 1250 1452 ejus
1291 1385 1532 1439 lueresim
1569 1390 1742 1443 auxit.

927 1469 1152 1529 Novitas
1179 1484 1359 1529 autem
1390 1491 1514 1530 cum
1559 1477 1910 1549 laudaretur,
1942 1485 2118 1554 magis
2157 1487 2442 1558 magisque

856 1561 1122 1629 increvit,
1168 1571 1224 1618 et
1278 1565 1345 1618 ad
1397 1581 1487 1621 res
1521 1563 1766 1638 quotidie
1799 1574 2084 1629 novandas
2117 1577 2389 1646 processit
2422 1596 2435 1632 :

854 1651 1112 1724 fastuque
1178 1663 1234 1708 et
1295 1660 1612 1728 arrogantia
1677 1662 1861 1730 elata,
1919 1664 2197 1735 despectis
2246 1669 2438 1735 patriis

851 1745 1388 1813 constitutionibus,
1444 1750 1688 1819 privatas
1728 1753 1875 1825 leges
1925 1756 2274 1813 constituit‘.
2325 1757 2436 1815 Nec

3138 1093 3390 1149 ΚΕΦΑΛ.
3411 1093 3538 1148 ΚΖ’.

2557 1185 2654 1250 Ὠς
2678 1184 2828 1255 μετὰ
2851 1185 2916 1238 τὸ
2969 1184 3256 1252 ἐκστῆναι
3301 1185 3408 1240 τοῦ
3453 1187 3688 1253 θρόνου.
3758 1187 4132 1252 Μακεὸὼιος

2616 1256 2768 1326 κατά
2794 1255 2904 1308 τοῦ
2929 1257 3102 1326 ἁγίου
3134 1255 3572 1325 ἐϐλασφήμησε
3615 1258 3984 1326 Πνεύματος·
4026 1261 4131 1312 καί

2615 1325 2704 1378 ὅτι
2734 1325 3116 1398 Μαραθώνιος
3146 1326 3268 1380 σὺν
3309 1326 3524 1392 ἄλλοις
3553 1325 3670 1394 τὴν
3707 1325 3942 1383 ἐκείνου
3968 1331 4132 1398 αἶρε-

2615 1413 2720 1450 σιν
2751 1394 3051 1466 ηὔξησαν.

2627 1489 2694 1542 Ἠ
2725 1489 2782 1542 δέ
2811 1489 3056 1560 κοινότης
3089 1490 3201 1562 (41)
3253 1489 3618 1560 ἐπαινουμένη
3650 1488 3729 1542 ἔτι
3771 1490 3971 1560 μᾶλλον
4021 1492 4126 1543 ἐπ-

2545 1580 2742 1644 εδίδου,
2764 1582 2857 1634 καὶ
2889 1580 3405 1654 πρὸςνεωτερισμὸν
3439 1575 3625 1649 εἷρπεν
3651 1599 3664 1611 ·
3696 1581 4130 1646 ἀπαυθαδειαζο-

2547 1674 2688 1743 μένη
2743 1689 2802 1726 τε
2851 1675 2948 1728 καὶ
2989 1674 3098 1728 τῶν
3157 1673 3442 1744 πατρικῶν
3486 1674 3917 1745 ὑπερφρονοῦσα,
3959 1674 4129 1737 ἰδίους

2543 1763 2709 1816 ἐτίθει
2760 1764 2979 1833 νόμους.
3019 1765 3129 1818 Καὶ
3174 1766 3242 1816 τὰ
3268 1763 3407 1818 αὐτὰ
3453 1767 3564 1828 τοῖς
3588 1764 3959 1835 ἀρχαιοτέροις
3990 1765 4128 1835 περὶ

850 1837 1040 1893 eadem
1073 1854 1198 1893 cum
1229 1841 1624 1897 vetustioribus
1659 1850 1865 1903 sentire
1891 1847 1957 1904 de
1999 1849 2109 1904 Deo
2131 1852 2396 1908 sustinuit
2425 1873 2438 1908 :
2472 1855 2514 1909 Β
2542 1852 2608 1905 Θε

2377 1862 2438 1908 t:
2472 1855 2514 1909 Β
2542 1852 2677 1906 Θεοῦ
2705 1853 2949 1920 δοξάζειν
2981 1854 3083 1908 οὐκ
3128 1853 3300 1924 ἠξίου.
3347 1856 3458 1908 Ἀεὶ
3515 1855 3571 1908 δέ
3623 1854 3750 1919 ξένα
3795 1856 4126 1926 περινοοῦσιι

850 1930 944 1985 sed
985 1931 1272 2000 peregrina
1316 1932 1370 1986 in
1413 1932 1532 1988 dies
1572 1935 1827 2006 d0gmata
1877 1941 2194 2010 excogitatas
2224 1984 2239 2009 ,
2298 1959 2440 2000 nova

849 2021 1008 2076 novis
1052 2024 1404 2080 accumulare
1437 2041 1721 2096 nunquam
1753 2030 1984 2086 destitit.
2018 2033 2181 2099 Quod
2216 2037 2439 2107 quidem

848 2113 1013 2168 etiam
1073 2121 1206 2170 tunc
1257 2116 1477 2173 accidit.
1534 2118 1832 2190 Postquam
1884 2125 2030 2179 enim
2078 2126 2438 2185 Macedonius

846 2203 1454 2276 Constantinopolitana
1490 2222 1690 2266 exutus
1720 2223 1804 2268 est
1841 2213 2082 2271 Ecclesia
2107 2258 2124 2286 ,
2181 2236 2290 2275 non
2323 2239 2440 2276 am-

845 2295 990 2365 plius
1028 2297 1276 2352 eamdem
1318 2315 1444 2354 cum
1489 2303 1694 2360 Acacio
1733 2315 1788 2361 et
1827 2307 2078 2364 Eudoxio
2120 2314 2435 2382 Opinionem

845 2389 1041 2442 tenuit.
1075 2387 1320 2444 Docebat
1360 2392 1505 2446 cnim
1545 2393 1746 2451 Filium
1776 2399 1997 2468 quidem
2053 2401 2224 2458 Deum
2267 2421 2392 2462 esse
2417 2446 2432 2472 ,

842 2493 940 2549 per
961 2480 1144 2534 omnia
1179 2483 1415 2537 similem
1455 2484 1600 2539 l’atri
1624 2527 1638 2551 ,
1674 2489 1920 2561 adeoque
1954 2495 2262 2550 secundum
2299 2500 2434 2554 sub-

841 2572 1138 2640 stantiam;
1167 2572 1433 2644 Spiritum
1464 2593 1601 2633 vcro
1623 2589 1900 2648 sanctum,
1931 2584 2180 2653 ejusdem
2204 2587 2433 2648 honoris

839 2669 897 2716 et
931 2659 1220 2732 dignitatis
1273 2674 1554 2736 expertem
1602 2683 1726 2725 esse
1777 2674 2106 2729 asserebat:
2163 2676 2431 2733 famulum

838 2767 906 2808 ac
945 2754 1258 2809 ministrum
1300 2771 1424 2810 eum
1473 2761 1786 2829 appellans,
1833 2774 1888 2818 et
1936 2780 2280 2838 quaecunque
2323 2769 2431 2824 alia

837 2844 1114 2915 quispiam
1137 2845 1204 2901 dc
1230 2850 1442 2918 angelis
1470 2851 1661 2908 dicens
1685 2893 1700 2920 ,
1733 2869 1846 2908 non
1876 2855 2239 2914 aberraverit.
2272 2858 2432 2915 Earu-

838 2933 962 2990 dem
1021 2951 1146 2990 cum
1191 2939 1284 2993 illo
1330 2942 1648 3010 opinionem
1711 2947 1950 3017 amplexi
1997 2959 2128 3005 sunt
2172 2951 2428 3008 Eleusius

835 3036 894 3083 et
936 3029 1258 3088 Eustathius
1300 3041 1354 3089 et
1389 3036 1583 3106 reliqui
1627 3052 1820 3096 omnes
1879 3041 1972 3111 qui
2011 3057 2078 3097 eo
2117 3052 2366 3114 tempore
2399 3061 2428 3100 a

835 3122 1130 3178 contraria:
1177 3125 1460 3180 sententia:
1512 3131 1881 3188 assertoribus
1930 3131 2165 3205 depositi
2208 3137 2428 3194 fuerant

2540 1945 2808 2014 δόγματα,
2841 1946 2941 1998 οὐκ
2988 1946 3185 2017 ἠρέμει
3211 1947 3319 1999 τῶν
3352 1946 3552 2000 καινῶν
3595 1949 3926 2020 καινοτέροις
3953 1967 4126 2002 σπου⁹

2538 2038 2794 2100 δάζουσα,
2820 2038 3008 2110 ὥσπερ
3039 2039 3102 2110 δὴ
3129 2041 3223 2093 καὶ
3251 2039 3348 2092 νῦν
3366 2039 3584 2112 συνέϐη.
3616 2041 3830 2111 Ἐπειδὴ
3866 2042 3975 2113 γὰρ
3997 2044 4124 2095 Μα-

2539 2130 2775 2192 κεδόνιος
2807 2130 3057 2201 ἀφῃρέθη
3089 2131 3189 2202 τὴν
3225 2133 3850 2196 Κωνσταντινουπόλεως
3885 2134 4123 2204 Ἐκκλη-

2539 2221 2684 2282 σίαν,
2729 2221 2910 2274 οὐκέτι
2969 2223 3368 2294 παραπλησίως
3419 2222 3632 2288 ἐδόξαζε
3690 2228 3805 2287 τοῖς
3842 2227 3986 2296 ἀμφὶ
4027 2227 4125 2279 τὸν

2555 2315 2805 2368 Ἀκάκιον
2842 2316 2934 2368 καὶ
2966 2315 3234 2380 Εὑδόξιον.
3270 2317 3557 2386 Εἱσηγεῖτο
3605 2317 3660 2370 δὲ
3695 2317 3786 2370 τὸν
3825 2317 3950 2370 Υίὸν
3984 2318 4123 2370 Θεὸν

2535 2403 2696 2469 εἶναι,
2726 2408 2866 2462 κατὰ
2901 2408 3078 2462 πάντα
3107 2425 3167 2461 τε
3200 2409 3291 2461 καὶ
3318 2410 3438 2461 κατ’
3461 2409 3648 2462 οὐσίαν
3670 2410 3853 2480 ὅμοιον
3885 2410 3960 2480 τῷ
4001 2412 4120 2462 lla.-

2533 2501 2642 2570 τρί.
2673 2501 2746 2552 Τὸ
2772 2501 2829 2552 δὲ
2858 2500 3013 2568 ἆγιον
3058 2501 3304 2571 Πνεῦμα,
3339 2503 3566 2572 ἄμοιρον
3593 2502 3702 2555 τῶν
3753 2503 3931 2555 αὐτῶν
3983 2521 4125 2574 πρε-

2538 2592 2736 2646 σϐείων
2755 2592 3108 2661 ἀπεφαίνετο,
3126 2593 3372 2648 διάκονον
3397 2596 3492 2648 καὶ
3511 2596 3788 2666 ὑπηρέτην
3806 2596 4006 2660 καλῶν,
4021 2597 4122 2650 καὶ

2531 2681 2634 2734 ὃσα
2677 2682 2808 2751 περὶ
2862 2681 2972 2734 τῶν
3025 2680 3184 2734 θείων
3245 2683 3490 2752 ἀγγέλων
3539 2684 3710 2753 λέγων
3751 2703 3858 2751 τις,
3914 2688 4014 2738 οὐκ
4048 2688 4122 2740 ἂν

2531 2775 2790 2847 ἁμάρτοι.
2843 2774 3060 2845 Ταύτης
3116 2775 3172 2829 δὲ
3237 2777 3334 2845 τῆς
3375 2776 3534 2847 δόξης
3585 2777 3905 2832 ἐκοινώνουν
3940 2780 4117 2849 αὐτῷ,

2545 2865 2816 2932 Ἐλεύσιός
2843 2883 2904 2919 τε
2937 2867 3032 2920 καὶ
3057 2867 3374 2931 Εὑστάθιος,
3401 2868 3496 2922 καὶ
3531 2870 3645 2922 ὅσοι
3669 2872 3789 2924 τότε
3832 2873 3984 2943 παρὰ
4005 2874 4120 2924 τῶν

2530 2958 2597 3012 ἐκ
2658 2959 2759 3028 τῆς
2816 2957 3066 3020 ἐναντίας
3121 2958 3384 3028 αἱρέσεως
3435 2962 3492 3012 ἐν
3543 2961 4116 3015 Κωνσταντινουπόλει

2529 3048 2918 3121 καθῃρέθησαν
2939 3067 2952 3082 ο
2981 3044 3063 3112 οἷς
3085 3050 3185 3103 οὐκ
3209 3050 3364 3121 ὀλίγη
3399 3054 3561 3123 μοῖρα
3585 3051 3680 3106 τοῦ
3713 3053 3843 3108 λαοῦ
3869 3055 4119 3108 ἐπείθετο

2531 3138 2673 3194 κατὰ
2706 3138 2805 3209 τὴν
2832 3141 3426 3204 Κωνσταντινούπολιν,
3473 3141 3723 3196 Βιθυνίαν
3751 3161 3810 3196 τε
3851 3145 3945 3198 καὶ
3969 3144 4120 3216 Θρᾲ-

835 3211 1332 3286 Constantinopoli.
1367 3217 1580 3283 Quibus
1622 3221 1768 3276 haud
1815 3199 2017 3296 exigua
2053 3242 2182 3298 pars
2239 3230 2423 3300 populi
2456 3199 2501 3263 Ε
2532 3249 2593 3299 aer

2357 3230 2423 3284 illi
2456 3199 2501 3263 Ο
2532 3249 2636 3301 κην
2666 3199 2776 3286 καὶ.
2805 3233 3217 3304 Ἑλλήσποντον,
3253 3235 3348 3287 καὶ
3377 3199 3446 3286 τὰ
3478 3234 3639 3304 πέριξ
3677 3235 3825 3305 ἔθνη.
3859 3237 3970 3288 Καὶ

837 3302 1064 3359 adhasit
1091 3345 1106 3368 ,
1139 3314 1247 3358 tam
1281 3307 1763 3382 Constantinopoli
1801 3328 1964 3383 quam
1993 3333 2088 3386 per
2111 3317 2422 3387 Thraciam,

836 3395 1147 3469 Bithyniam
1177 3439 1191 3464 ,
1227 3411 1280 3453 et
1317 3401 1726 3470 Hellespontum
1750 3448 1764 3472 ,
1796 3387 2169 3481 ﬁnitimasque
2198 3414 2426 3481 provin-

834 3489 972 3543 cias.
1023 3487 1157 3542 Nam
1187 3491 1407 3545 vivendi
1445 3496 1585 3548 ratio
1607 3539 1620 3561 ,
1651 3512 1814 3566 quam
1845 3500 2040 3570 vulgus
2076 3504 2422 3572 potissimum

833 3591 1082 3652 spectare
1113 3585 1273 3648 solet,
1311 3585 1732 3659 haudquaquam
1763 3593 1818 3647 in
1851 3594 1960 3649 illis
1987 3597 2258 3666 culpanda
2280 3609 2420 3657 erat.

833 3673 1046 3728 Etenim
1089 3676 1338 3732 incessus
1373 3681 1591 3748 quidem
1653 3697 1842 3738 eorum
1892 3688 2095 3756 gravis,
2133 3689 2423 3763 disciplina

833 3782 964 3821 vero
1020 3773 1335 3825 monastica}
1382 3772 1582 3828 similis
1623 3773 1744 3829 fuit.
1797 3777 1876 3831 Ad
1926 3779 2040 3833 haec
2086 3797 2268 3838 sermo
2310 3802 2422 3842 non

835 3860 1164 3916 invenustus
1185 3905 1199 3928 ,
1232 3874 1282 3917 ct
1321 3866 1596 3931 ingenium
1629 3867 1697 3922 ad
1730 3872 2172 3938 persuadendum
2200 3891 2420 3933 accom-

832 3953 1134 4006 modatum.
1168 3954 1488 4024 Cujusmodi
1521 3967 1649 4012 tunc
1684 3958 1855 4016 fuisse
1888 3963 2096 4018 dicitur
2135 3965 2418 4024 Maratho-

831 4047 992 4099 nius:
1031 4046 1122 4114 qui
1166 4061 1231 4099 ex
1270 4049 1572 4104 rationario
1611 4051 1831 4119 publico
1867 4054 2029 4110 oﬂicii
2079 4059 2420 4127 przel'ecturze

829 4137 1192 4205 printorianae,
1224 4152 1349 4190 cum
1386 4154 1518 4206 opes
1553 4144 1822 4197 maximas
1863 4145 1966 4199 sibi
2000 4159 2414 4218 comparasset,

829 4226 980 4280 ﬁnita
1034 4229 1265 4290 militia,
1312 4245 1585 4298 aegrorum
1632 4248 1698 4287 ac
1739 4250 2038 4304 pauperum
2088 4242 2192 4294 sub
2224 4244 2415 4298 eodem

830 4327 976 4374 tecto
1009 4319 1325 4390 degentium
1362 4337 1550 4376 curam
1595 4327 1780 4394 gessit.
1826 4327 2022 4384 Postea
2056 4347 2204 4398 vero,
2244 4349 2413 4390 suasu

827 4409 1102 4464 Eustathii
1133 4412 1398 4467 Sebastize
1431 4415 1698 4484 episc0pi,
1736 4422 2097 4476 monasticam
2126 4427 2414 4497 amplexus

826 4511 911 4557 est
961 4504 1125 4556 vitam

824 4593 1346 4664 Constantinopoli,
1389 4597 1534 4663 quod
1573 4598 1639 4653 ad
1678 4611 1922 4656 nostram
1970 4621 2144 4675 usque
2187 4620 2403 4665 aetatem

827 4688 1087 4742 continua
1156 4689 1510 4744 successione
1567 4696 1957 4760 perseveravit.
2030 4698 2179 4755 llanc
2242 4708 2407 4771 po‘rro

905 4862 918 4892 ¹
975 4860 1133 4914 Socr.
1159 4860 1254 4914 lib.
1297 4877 1358 4925 ll,
1383 4878 1432 4918 c.
1466 4862 1554 4916 45.

2526 3321 2708 3391 δήκαὶ
2740 3321 2809 3375 τὰ
2834 3324 2960 3392 περὶ
2985 3323 3077 3375 τὸν
3105 3322 3237 3392 βίον,
3279 3317 3325 3390 ᾧ
3362 3322 3596 3392 μάλιστα
3635 3325 3705 3376 τὰ
3744 3325 3921 3396 πλήθη
3950 3343 4123 3396 προσ-

2528 3412 2640 3481 έχει
2672 3413 2764 3465 τὸν
2785 3413 2931 3475 νοῦν,
2972 3413 3032 3465 οὐ
3073 3410 3291 3481 φαύλως
3345 3411 3506 3482 εἰχον.
3560 3414 3789 3484 Πρόοδός
3822 3433 3880 3468 τε
3904 3416 4015 3487 γὰρ
4043 3412 4115 3486 ἦν

2525 3505 2709 3566 αὐτοῖς
2745 3506 2947 3575 σεμνή·
2983 3505 3076 3558 καὶ
3107 3505 3462 3574 παραπλησία
3503 3509 3756 3576 μοναχοῖς
3802 3510 3834 3578 ή
3879 3510 4114 3578 ἀγωγή·

2525 3596 2620 3650 καὶ
2672 3596 2829 3664 λόγος
2867 3597 2965 3649 οὐκ
3029 3597 3296 3665 ἄκομψος,
3329 3597 3424 3649 καὶ
3478 3592 3610 3668 ἦθος
3647 3598 3852 3651 πείθειν
3901 3600 4108 3653 ἱκανόν.

2525 3685 2651 3744 Οἷον
2667 3691 2729 3763 δὴ
2759 3692 2877 3743 τότε
2898 3692 2991 3744 καὶ
3015 3691 3374 3761 Μαραθώνιον
3404 3692 3659 3759 γενέσθαι
3688 3695 3851 3762 φασίν
3870 3710 3882 3722 ·
3916 3693 3974 3753 ὃς
3997 3695 4113 3746 ἀπὸ

2523 3784 2796 3853 ψηφιστοῦ
2823 3783 3080 3853 δημοσίου
3105 3785 3216 3853 (42)
3238 3784 3346 3836 τῶν
3369 3785 3472 3837 ὑπὸ
3491 3786 3616 3846 τοὺς
3640 3785 3914 3856 ὑπάρχους
3947 3803 4112 3856 στρα-

2522 3875 2754 3939 τιωτῶν,
2786 3875 3014 3928 πλοῦτον
3069 3875 3235 3929 πολὺν
3283 3875 3558 3940 συλλέξας,
3597 3877 3783 3946 ἐπειδὴ
3818 3877 3915 3947 τῆς
3937 3895 4111 3948 στρα-

2520 3969 2643 4030 τιᾶς
2700 3967 2999 4034 ἐπαύσατο,
3048 3969 3324 4030 συνοικίας
3378 3971 3675 4022 νοσούντων
3733 3971 3827 4022 καὶ
3866 3971 4107 4041 πτωχῶν

2521 4059 2842 4130 ἐπεμελεῖτο
2867 4077 2882 4092 ο
2943 4061 3082 4131 μετὰ
3129 4061 3186 4113 δὲ
3227 4059 3421 4124 ταῦτα,
3472 4062 3759 4126 πείσαντος
3801 4064 4104 4117 Εὑσταθίου

2519 4150 2614 4204 τοῦ
2640 4151 2968 4216 Σεϐαστείας
3011 4153 3334 4214 ἐπισκόπου,
3385 4153 3477 4206 τὸν
3514 4155 3810 4225 ἀσκητικὸν
3833 4155 3946 4224 βίον
4003 4158 4104 4208 ἐπ-

2518 4243 2701 4313 ῄνεσε,
2742 4246 2837 4298 καὶ
2867 4244 3144 4298 συνοικίαν
3178 4244 3431 4315 μοναχῶν
3453 4246 3511 4298 ἐν
3533 4248 4104 4300 Κωνσταντινουπόλει

2520 4337 2903 4405 συνεστήσατο,
2963 4336 2996 4405 ἢ
3033 4336 3128 4388 καί
3165 4334 3227 4398 ἐξ
3276 4335 3484 4388 ἐκείνου
3528 4337 3696 4390 εἰσέτι
3726 4337 3818 4390 νῦν
3841 4340 3955 4390 ἐστι
3981 4343 4102 4402 ταῖς

2517 4427 2789 4497 διαδοχαῖς
2821 4427 3124 4497 σωζομένη.
3178 4427 3301 4480 Ἐπί
3355 4427 3608 4480 τοσοῦτον
3635 4428 3692 4481 δὲ
3718 4429 3888 4499 ταύτῃ
3917 4429 3982 4500 τῇ
4012 4431 4099 4481 αἰ-

1183 4522 1195 4556 :
1249 4513 1304 4558 et
1351 4506 1664 4560 sodalitium
1721 4513 2115 4566 monachorum
2171 4516 2411 4572 instituit
2443 4545 2486 4599 υ
2520 4521 2668 4591 ρέσει
2699 4521 2941 4591 σπουδῇ)

2341 4520 2411 4572 ait
2443 4545 2486 4599 υ
2520 4521 2668 4591 ρέσει
2699 4521 2902 4591 σπουδῇ
2923 4520 3016 4574 καὶ
3037 4521 3312 4590 χρήμασιν
3341 4521 3491 4583 ἰδίοις
3523 4521 3865 4585 συνελάϐετο,
3891 4522 3966 4585 ὡς
4004 4523 4099 4576 καὶ

2517 4614 2653 4683 πρός
2690 4630 2852 4665 τινων
2881 4613 3340 4684 Μαραθωνιανοὺς
3373 4613 3498 4677 τοὺς
3531 4615 3862 4668 Μακεδονίου
3899 4616 4099 4684 ὀνομά-

2516 4702 2724 4768 ζεσθαι,
2779 4705 2902 4775 ἐμοὶ
2950 4705 3114 4769 δοκεῖ,
3169 4707 3270 4758 οὐκ
3312 4706 3636 4771 ἀπεικότως.
3701 4709 3952 4762 Φαίνεται
3988 4710 4099 4780 γὰρ

2050 4957 2315 5014 ΥᾹΙιΕδίἰ
2353 4961 2910 5024 ANNOTATIONES.

894 5073 1034 5145 (40‘)
1063 5074 1255 5127 ’Ὅσον
1304 5074 1453 5145 πρὸς
1503 5073 1582 5137 τῷ
1618 5073 1962 5142 ὀμορύλονς
2007 5074 2078 5126 τὰ
2108 5078 2410 5145 πολεμίων

822 5143 993 5218 ΰρᾷν.
1024 5144 1079 5198 In
1109 5146 1317 5218 codice?
1347 5143 1649 5218 Fuketiano
1681 5145 1951 5218 scriptum
1987 5153 2073 5199 cst
2115 5143 2406 5218 ὅσονπρὸς

823 5217 885 5268 τὸ
931 5215 1232 5284 ὁμοφύλους
1265 5217 1333 5269 τὰ
1373 5215 1644 5285 πολεμίων
1676 5213 1846 5284 δρᾷν;
1901 5223 1954 5266 ct
1997 5227 2123 5284 post
2174 5213 2401 5271 verbum

822 5287 954 5356 δρᾷν
987 5288 1234 5355 apposita
1287 5296 1371 5342 cst
1422 5287 1596 5341 media
1638 5285 1946 5356 distinctio.
2009 5286 2396 5341 thaudiemla

825 5355 1173 5429 antemusunt
1203 5359 1315 5429 [igne
1351 5358 1536 5418 verba,
1587 5355 1787 5429 μᾶλλον
1825 5357 1994 5429 δεινόν
2018 5359 2168 5429 ἐστιν
2190 5360 2224 5427 ἡ
2261 5361 2398 5429 πρὸς

819 5426 1166 5494 ἀλλοφύλους.
1213 5426 1442 5494 Vulgata
1501 5438 1679 5482 tamen
1723 5426 1884 5480 Icrtio
1919 5426 2046 5481 ferri
2084 5437 2262 5497 potest
2298 5426 2402 5485 hoc

821 5513 986 5551 sensu
1021 5514 1032 5548 :
1066 5497 1129 5550 Et
1151 5509 1295 5552 tanto
1321 5499 1524 5568 turpius
1551 5506 1664 5552 erat
1691 5497 1787 5551 hoc
1814 5498 2033 5562 malum,
2059 5511 2256 5568 quanto
2299 5517 2399 5554 non

819 5568 986 5620 solum
1005 5586 1128 5639 erga
1153 5569 1368 5622 tribules
1393 5569 1573 5622 hostili
1607 5585 1747 5621 more
1763 5572 2020 5637 grassari,
2039 5586 2212 5624 verum
2241 5572 2396 5624 etiam

818 5653 941 5704 erqu
970 5653 1247 5694 extraneos
1293 5641 1640 5695 sacerdotalis
1679 5642 1761 5692 lex
1791 5641 2043 5702 prohibet.
2081 5641 2396 5697 Sacerdoti-

817 5707 922 5780 bus
969 5714 1111 5764 enim
1169 5727 1235 5766 ne
1286 5711 1550 5767 adversus
1596 5713 1806 5765 hostem
1854 5712 2074 5780 quidem
2110 5713 2281 5768 artnis
2319 5715 2394 5768 uti

819 5779 973 5832 licet.

893 5852 1005 5919 (il)
1065 5852 1227 5906 ’11δέ
1277 5853 1577 5922 κοινότης.
1641 5855 2003 5911 Scrihcndum
2059 5864 2143 5912 est
2201 5856 2392 5927 procul

2516 5082 2706 5161 dubio_
2739 5089 3012 5161 καινότης,
3069 5099 3126 5142 ut
3179 5091 3719 5161 Cliristophorsmius
3762 5105 3815 5149 et
3843 5097 4091 5156 Savilius

2514 5153 2832 5227 emendant.
2865 5153 3035 5212 Paulo
3069 5173 3189 5227 post
3219 5180 3281 5216 ex
3315 5153 3508 5220 codice
3559 5163 3860 5222 Ftihctiiiiio
3899 5153 4092 5224 einen:

2511 5223 2830 5302 dayit'ttlob;
2851 5223 3216 5302 νεωτερισμὸν
3244 5229 3453 5302 εἷρπεν.

2581 5295 2691 5365 (4‘2)
2729 5297 2833 5375 Ὣς
2891 5295 3364 5375 membr;
3411 5306 3726 5375 δημοσίου.
3781 5308 3833 5361 Id
3868 5320 3974 5369 est.
4021 5328 4085 5365 ex

2509 5367 2826 5445 numerario
2857 5367 3429 5445 uiliciinprail'ecturum
3467 5367 3741 5445 praetorio.
3775 5379 3846 5431 lle
3869 5367 4087 5434 liis-nu-

2511 5439 2762 5515 merariis
2783 5441 2987 5515 lll_(_3ll_ii0
3014 5439 3071 5496 lit
3104 5445 3155 5497 in
3187 5445 3387 5501 Codice
3407 5439 3725 5515 Theodosii,
3759 5459 3812 5504 ct
3845 5451 3896 5503 in
3932 5450 4088 5504 Nuti-

2509 5506 2586 5561 tia
2643 5508 2857 5577 imperii
2888 5511 3139 5568 Rmnani.
3199 5516 3363 5570 Multa
3395 5519 3462 5572 de
3500 5520 3583 5572 his
3617 5506 3746 5574 olim
3795 5523 3976 5575 notari
4015 5525 4082 5576 ad

2510 5577 2719 5659 librum.
2746 5595 2812 5659 xiv
2839 5582 3110 5659 Ammiani
3154 5585 3479 5652 Marcellini,
3513 5606 3636 5659 pag.
3669 5591 3758 5645 81.
3793 5589 3849 5645 In
3875 5590 4084 5646 Notitia

2508 5648 2740 5732 imperii.
2777 5649 3006 5732 Romani
3040 5657 3182 5709 inter
3235 5648 3766 5730 ollicialeslpiaefemi
3821 5665 4088 5732 praetorio

2506 5733 2619 5799 per_
2650 5721 2928 5777 Orientem
2959 5723 3066 5778 duo
3107 5740 3470 5786 recensentur
3518 5721 3838 5790 numerarii:
3879 5734 3937 5790 lu
3968 5735 4080 5799 his,

2506 5791 2620 5845 auri
2653 5807 2833 5858 unus;
2876 5808 3165 5864 operarum
3202 5799 3360 5856 alter.
