4452 6584
454 498 583 559 Ιὲθὶ

1401 501 1727 564 HISTORIA
1758 496 2327 568 ECCLESIASTICA.
2368 542 2436 553 ——
2468 512 2596 572 LIB.
2628 514 2712 570 IV.

3560 525 3582 578 1
3593 521 3700 577 203

452 620 610 689 μόνος
647 612 800 685 οὗτος
858 621 995 692 μετὰ
1034 621 1143 677 τῶν
1170 622 1450 689 συνοίκων,
1495 624 1587 679 τοῦ
1616 626 1690 698 μὴ
1736 624 2019 690 παντελῶς
2053 634 2099 692 Α
2130 628 2210 685 hae

1944 624 2019 690 ῶς
2053 634 2099 692 Α
2130 628 2381 686 heresim
2461 639 2579 687 tum
2619 632 2805 690 studio
2827 673 2843 699 ,
2875 640 2989 689 tum
3026 632 3221 707 opibus
3264 637 3379 693 suis
3412 644 3700 711 tantopere

448 710 751 781 ἀποσϐῆναι
780 711 985 783 ταύτην
1011 714 1110 785 τὴν
1130 714 1338 783 αἵρεσιν
1367 715 1425 768 ὲν
1453 716 2020 770 Κωνσταντινουπόλει

446 802 615 866 αἴτιος
636 803 944 874 γενόμενος.
980 805 1099 875 Ἀφ’
1126 799 1189 859 οὗ
1221 807 1329 879 γὰρ
1357 806 1635 879 καθῃρέθη
1667 807 2020 870 Μακεδόνιος,

443 893 567 947 οὔτε
615 894 964 967 Ἐκκλησίας,
1011 896 1135 951 οὔτε
1173 900 1503 962 ἐπισκόπους
1537 898 1649 970 (45)
1677 893 1823 968 εἶχον
1857 897 2019 968 μέχρι

442 986 540 1054 τῆς
583 986 858 1057 Ἀρκαδίου
912 989 1206 1059 βασιλείας.
1265 990 1339 1042 Οὐ
1397 989 1505 1060 γὰρ
1576 990 1917 1061 συνεχώρουν
1966 989 2017 1041 οἰ

454 1078 685 1147 Ἀρείου,
749 1080 957 1145 πάντας
1009 1083 1135 1145 τοὺς
1162 1083 1419 1147 ἐναντίως
1458 1080 1776 1147 δοξάζοντας
1806 1082 1871 1134 ὲκ
1908 1080 2017 1135 τῶν

453 1167 787 1240 Ἐκκλησιῶν
818 1172 1209 1241 ἐξελαύνοντες,
1241 1176 1336 1229 καὶ
1371 1174 1556 1238 δεινῶς
1591 1172 2010 1244 τιμωρούμενοι.

438 1260 651 1326 Πάντας
684 1264 782 1334 μὲν
814 1261 907 1318 οὖν
953 1265 1070 1319 ὅσοι
1106 1266 1228 1319 τότε
1269 1265 1378 1319 τῶν
1414 1266 1607 1337 ἰερέων
1638 1267 1702 1318 ὲκ
1728 1264 1835 1318 τῶν
1870 1263 2015 1318 ἰδίων

437 1352 646 1406 πόλεων
673 1354 970 1499 ἠλάθιὶσαν,
1002 1358 1161 1429 ἔργον
1181 1358 1288 1427 ἄρα
1336 1358 1677 1426 καταλέγειν.
1717 1357 1882 1410 Οὐδὲν
1903 1356 2012 1427 γὰρ

437 1440 586 1499 ἔθνος
636 1445 736 1499 τῆς
808 1446 823 1465 ⁸
869 1448 1092 1499 ωααίων
1134 1448 1482 1499 οἰκουμένης.
1531 1447 1824 1499 ἀπείρατον
1857 1439 2012 1499 οἶμαι

435 1440 586 1505 ἔθνος
636 1445 736 1515 τῆς
808 1439 1092 1517 Ῥωμαίων
1134 1448 1482 1520 οἰκουμένης,
1531 1447 1824 1519 ἀπείρατον
1857 1439 2013 1516 οἶμαι

426 1534 704 1613 ’διαμεξναι
735 1538 835 1609 τῆς
863 1540 1117 1611 τοιαύτης
1141 1544 1445 1613 συμφορᾶς.

2122 720 2364 789 adjuvit,
2402 728 2463 775 ut
2491 729 2792 780 sectatores
2817 723 3121 781 Macedonii
3151 741 3181 780 a
3217 727 3545 797 quibusdam
3580 730 3698 787 Ma-

2118 810 2431 867 rathoniani
2464 814 2845 884 appellentur;
2872 832 2976 873 nec
3004 818 3316 886 immerito,
3345 829 3405 875 ut
3436 822 3694 892 equidem

2119 916 2340 957 censeo.
2384 902 2484 960 Hic
2516 906 2661 960 enim
2712 906 2865 963 solus
2911 924 3020 963 una
3067 925 3191 965 cum
3249 912 3529 968 sodalibus
3578 915 3696 970 suis

2117 991 2417 1062 perfecisse
2440 994 2657 1051 videtur
2698 1012 2767 1051 ne
2813 997 2929 1053 haec
2955 1000 3182 1056 haeresis
3220 1001 3381 1074 174
3420 1002 3696 1059 Constan-

2117 1083 2346 1153 tin0poli
2400 1087 2618 1155 penitus
2673 1090 3140 1161 exstingueretur.
3194 1090 3406 1148 Etenim
3461 1108 3528 1149 ex
3583 1110 3693 1165 quo

2118 1176 2397 1246 depositus
2442 1179 2623 1236 fuerat
2656 1180 3007 1241 Macedonius
3030 1225 3045 1251 ,
3086 1199 3190 1241 nec
3225 1185 3503 1242 Ecclesias
3529 1186 3691 1243 dein-

2114 1277 2273 1339 ceps",
2304 1286 2403 1327 nec
2431 1274 2720 1344 episcopos
2766 1276 2905 1332 ullos
2959 1277 3272 1333 habuerunt
3311 1278 3690 1335 Macedoniani

2114 1373 2289 1429 usque
2321 1362 2387 1416 ad
2433 1364 2802 1433 principatum
2848 1366 3090 1423 Arcadii.
3139 1366 3354 1437 Quippe
3396 1366 3585 1423 Ariani
3626 1364 3686 1422 id

2113 1464 2461 1522 nequaquam
2494 1454 2784 1522 sinebant,
2819 1470 2848 1509 a
2878 1457 3079 1526 quibus
3114 1472 3306 1514 omnes
3334 1460 3428 1529 qui
3462 1467 3687 1514 contra-

2108 1539 2190 1593 ria
2221 1542 2356 1610 ipsis
2388 1543 2679 1609 sentirent,
2702 1544 3137 1601 extrudebantur
3172 1546 3455 1613 Ecclesiis,
3481 1556 3536 1604 et
3558 1561 3687 1621 gra-

433 1627 595 1683 vibus
639 1631 929 1700 suppliciis
977 1632 1376 1690 afficiebantur.
1442 1636 1519 1690 Ac
1544 1632 1779 1704 :diﬂieile
1853 1626 2071 1699 quidem
2110 1627 2277 1686 fuerit
2315 1646 2507 1689 omnes
2554 1634 2847 1704 episcopos
2876 1637 2969 1706 qui
2996 1646 3131 1693 tunc
3161 1639 3425 1710 temporis
3460 1640 3684 1697 sedibus

432 1722 552 1774 suis
581 1726 795 1793 expulsi
829 1734 959 1780 sunt
989 1729 1311 1798 singillatim
1343 1723 1650 1787 recensere.
1683 1728 1841 1785 Nulla
1860 1725 2003 1782 etaim
2042 1726 2328 1796 provincia
2371 1729 2587 1801 imperii
2629 1728 2897 1797 Romani,
2947 1741 3007 1788 ut
3064 1733 3321 1805 equidem
3382 1736 3642 1791 existimo
3665 1775 3683 1801 ,

433 1814 598 1884 hujus
629 1818 961 1876 calamitatis
991 1836 1188 1892 expers
1221 1821 1342 1878 fuit.

990 1916 1249 1977 ΚΕΦΑΛ.
1301 1920 1443 1988 κη’,
2037 1922 2082 1979 Β

431 2001 647 2085 Ὀςιηοί
688 2006 973 2085 Ἀρείανοί
1009 2009 1089 2085 ὡς
1142 2012 1449 2081 ὁμόφρονα
1493 2012 1859 2083 λογιζόμενοι
1897 2016 2006 2067 τὸν

499 2076 1017 2156 θεῖονμελέτιον..
1055 2082 1126 2156 {at
1165 2076 1493 2156 Σεϐὰονζζας
1524 2076 2006 2156 eiciar-adlatas»

495 2148 925 2224 προεᾷίᾷᾳσατςο
954 2148 1025 2202 τὸ
1065 2151 1133 2204 δὲ
1163 2148 1485 2219 ὀρθόδοξόνῖ
1514 2148 1748 2209 ἐκείνου
1779 2148 2003 2224 «tippu-

497 2217 604 2293 σζςι
633 2220 1137 2293 ὁμολογήσαντος,
1166 2217 1697 2293 κατῃσχύνθησαν,
1728 2226 1825 2279 καὶ
1856 2217 2001 2280 3:210-

494 2287 741 2363 §._ldr_ts¢
766 2290 971 2363 αὐτον,
987 2290 1247 2363 ᾲΕῠζὼτον
1274 2287 1668 2363 ἔγέᾶθισέῶσι
1694 2294 1771 2360 τῷ
1792 2297 1998 2363 θρόνῳ.

495 2359 783 2435 Μρλέτιος
839 2361 1086 2435 suam.
1102 2359 1495 2435 ἐκκληάίαζεν
1514 2382 1527 2396 ο
1562 2370 1615 2420 οὶ
1775 2359 1840 2419 td
1864 2359 2001 2432 ὀμο-

492 2429 705 2504 acidior
722 2430 1104 2504 φρονοῦντες,
1136 2434 1321 2504 αὐτὸν
1347 2429 1754 2504 ἐξηρέποκτο,
1778 2437 1857 2503 ὠς
1878 2429 1997 2492 ὑπὸ
2052 2452 2058 2458 ’

456 2535 461 2549 .
508 2498 823 2565 Ἀρειανῶν
855 2498 1403 2570 χειροτονηθένταᾏ
1446 2558 1451 2571 ,

395 2654 399 2661 δ
512 2589 600 2641 Ἐν
629 2590 685 2642 δὲ
714 2590 791 2661 τῷ
839 2591 961 2645 τότε
1011 2593 1265 2659 Εύδοξίου
1325 2590 1688 2670 κατασῇίόντος
1730 2600 1826 2671 τὴν
1854 2601 2000 2654 Κων-

425 2683 916 2748 σταντινουπόλεως
963 2684 1310 2756 Ἐκκλησίαν,
1356 2690 1542 2743 πολλοὶ
1584 2690 1676 2744 τὸν
1716 2692 1776 2744 ὲν
1810 2686 1999 2746 Ἀντιο-

423 2773 546 2843 χεία
591 2773 780 2843 θρόνον
830 2778 1134 2844 περιποιεῖν
1166 2779 1377 2843 ἑαυτοῖς
1411 2778 1758 2843 ἐσπούδαζον,
1799 2784 1892 2833 καὶ
1909 2779 1998 2844 “ὼς

422 2863 568 2927 εἰκὸς
621 2864 715 2917 ἐπὶ
750 2866 1037 2952 πράγμασι
1067 2868 1353 2935 τοιούτοις,
1385 2871 1708 2939 φιλονεικίαι
1740 2874 1833 2927 καί
1865 2873 1997 2927 στά-

422 2970 537 3017 σεις
586 2954 831 3027 διάφοροι
867 2956 962 3011 τοῦ
994 2958 1195 3031 κλήρου
1223 2962 1317 3014 καὶ
1354 2962 1448 3016 τοῦ
1495 2962 1623 3017 λαοῦ
1669 2964 1993 3035 συνέδησαν.

422 3041 682 3099 Ἕκαστοι
727 3047 836 3119 γὰρ
869 3049 987 3103 τὸν
1018 3052 1295 3122 ὁμόφρονα
1348 3048 1475 3125 περί
1510 3055 1609 3124 τὴν
1648 3054 1785 3109 ἰδίαν
1814 3056 1995 3111 πίστιν

422 3138 888 3211 προσδοκώμενον,
947 3142 1179 3215 ᾑροῦντο
1227 3146 1325 3217 τῆς
1396 3146 1720 3217 Ἐκκλησίας
1785 3149 1990 3221 ἄρχειν.

2612 1934 3107 2011 ,ηοΑΡ.Χχνηι

2108 2028 2384 2108 Quomodo
2436 2028 2640 2108 Ariani
2673 2028 2918 2108 divinam.
2960 2025 3519 2108 Heluium-opinioni
3545 2040 3682 2108 laute

2176 2100 2348 2170 favere
2390 2101 2678 2163 arbitrati,
2737 2117 2771 2154 α
2829 2098 3120 2170 Sebastena
3158 2095 3681 2170 Asede‘Antiocltiam

2174 2165 2561 2226 transtulerunt
2592 2187 2612 2224 :
2636 2185 2854 2238 cumque
2874 2170 2966 2223 ille
2988 2168 3306 2223 catholicam
3338 2167 3495 2237 ﬁdem
3522 2165 3682 2238 libers

2172 2243 2440 2312 professus
2465 2235 2842 2312 ésset,_pudore
2872 2239 3083 2308 su/fusi,
3118 2235 3381 2312 Euzoiuin
3414 2238 3531 2307 ejus
3562 2235 3680 2290 loco

2173 2309 2577 2370 constituerunt.
2615 2310 2856 2365 Meletius
2900 2326 3020 2363 vero
3064 2309 3354 2373 separatim
3394 2316 3679 2361 conventus

2179 2384 2563 2442 ecclesiasticas
2586 2381 2807 2450 habuit,
2833 2395 2951 2433 cum
2974 2378 3323 2433 Homousiani
3352 2377 3506 2433 illum
3538 2392 3683 2432 aver-

2173 2464 2419 2515 sarentur
2436 2494 2453 2524 ,
2480 2460 2662 2523 utpote
2693 2452 2759 2505 ab
2785 2450 3003 2505 Ariani;
3029 2450 3357 2539 ordinatum.

2169 2611 2274 2669 Per
2305 2610 2450 2667 idem
2483 2594 2705 2679 tempus
2730 2621 2857 2691 cum
2894 2605 3179 2661 Eudoxius
3215 2602 3676 2672 Constantinopo-

2098 2704 2322 2761 litanam
2376 2701 2680 2757 Ecclesiam
2720 2698 3028 2767 obtineret,
3078 2697 3239 2754 multi
3276 2694 3681 2751 Antiochenam

2097 2795 2281 2853 sedem
2309 2792 2517 2850 ambire
2547 2800 2831 2862 creperunt
2850 2792 2890 2858 ί,
2926 2798 3095 2862 utque
3134 2789 3191 2845 in
3218 2786 3491 2859 ejusmodi
3513 2786 3679 2842 rebus

2096 2878 2332 2945 evenire.
2349 2886 2520 2952 solet,
2567 2883 2735 2940 variae
2780 2882 2916 2939 cleri
2959 2896 3024 2937 ac
3063 2881 3251 2952 populi
3293 2878 3678 2937 contentiones

2095 2994 2162 3035 ac
2191 2978 2489 3036 seditiones
2523 2976 2652 3032 inde
2675 2974 3022 3031 exstiterunt.
3045 2971 3181 3027 Eum
3205 2970 3349 3029 enim
3376 2972 3679 3042 unusquis-

2094 3084 2201 3141 que
2238 3069 2307 3123 ad
2340 3065 2631 3137 regendam
2674 3063 2977 3120 Ecclesiam
3003 3061 3282 3134 deligebat
3305 3102 3323 3131 ,
3357 3076 3518 3133 quem
3552 3076 3679 3131 spe-

2095 3163 2254 3220 rabat
2295 3175 2483 3218 secum
2527 3159 2596 3214 in“
2635 3157 2741 3213 ﬁde
2791 3170 3193 3213 consensurum
3262 3169 3406 3212 esse.
3464 3152 3677 3224 Quippe

423 3226 593 3283 Οὔπω
622 3231 728 3303 γὰρ
751 3226 1092 3306 πεπαυμένοι
1117 3232 1258 3308 ἦσαν
1307 3238 1408 3309 τῆς
1451 3240 1580 3311 περὶ
1597 3238 1659 3292 τὸ
1683 3239 1858 3311 δόγμα
1880 3240 1993 3295 δια·
2018 3262 2061 3322 c
2096 3255 2181 3312 dis

1916 3258 1993 3295 ια·
2018 3262 2061 3322 c
2096 3255 2471 3313 dissensiones
2494 3252 2563 3309 de
2588 3252 2845 3308 doctrina
2886 3249 3008 3305 fidei
3053 3249 3297 3305 nondum
3339 3248 3484 3303 inter
3523 3246 3674 3316 ipsos

419 3324 619 3394 φορᾶς,
649 3324 769 3378 οὐδὲ
815 3328 874 3379 ὲν
901 3330 1019 3391 ταῖς
1067 3329 1405 3402 ψαλμῳδίαις
1439 3332 1798 3404 συνεφρόνουν
1832 3333 1993 3403 ἀλλή-

416 3411 529 3476 λοις
553 3430 567 3445 ο
610 3416 745 3485 πρὸς
765 3417 821 3469 δὲ
851 3418 948 3490 τὴν
980 3423 1187 3477 οἰκείαν
1216 3424 1392 3490 δόξαν,
1436 3425 1511 3489 ὡς
1544 3425 1603 3479 ὲν
1626 3428 1737 3490 τοῖς
1760 3426 1994 3498 πρόσθεν

417 3505 652 3577 εἴρηται,
713 3509 1057 3581 μεθήρμοζον
1099 3515 1158 3569 τὸ
1204 3516 1557 3587 ψαλλόμενον.
1602 3517 1759 3572 Οὕτω
1785 3518 1993 3573 διακει-
2020 3559 2031 3573 ι

338 3660 352 3668 κ
420 3598 588 3669 μένης
642 3602 741 3672 τῆς
794 3604 1105 3677 Ἀντιοχέων
1157 3609 1503 3683 Ἐκκλησίας,
1546 3612 1691 3678 ἔδοξε
1717 3615 1829 3676 τοῖς
1851 3614 1993 3683 ἀμφὶ

416 3692 506 3744 τὸν
540 3693 803 3763 Εύδόξιον,
844 3697 1024 3763 καλῶς
1057 3699 1198 3770 ἔχειν
1233 3704 1570 3775 μεταστῆσαι
1604 3705 1791 3760 ἐνθάδε
1819 3706 1993 3761 Μελέ-

416 3801 530 3838 τιον
562 3787 625 3840 ὲκ
653 3788 750 3858 τῆς
780 3790 1125 3858 Σεϐαστείας,
1153 3788 1242 3847 οἷά
1270 3813 1334 3864 γε
1359 3796 1623 3865 λέγειν’τε
1663 3799 1757 3853 καὶ
1785 3800 1991 3853 πείθειν

419 3878 624 3946 ἰκανὸν,
647 3882 738 3934 καὶ
769 3882 838 3936 τὰ
862 3885 991 3955 περὶ
1044 3885 1135 3939 τὸν
1185 3886 1298 3957 βίον
1341 3888 1566 3958 ἀγαθὸν,
1608 3892 1707 3945 καὶ
1739 3892 2001 3962 ὁμόδοξον

416 3968 601 4034 αὐτοῖς
624 3972 684 4025 τδ
716 3974 844 4045 πρὶν
871 3975 1018 4031 ὄντα.
1045 3977 1203 4030 Κατὰ
1236 3977 1412 4033 πάντα
1434 3981 1542 4051 γὰρ
1562 3978 1748 4051 ᾤοντο,
1787 3984 1853 4053 τῇ
1903 3981 1990 4037 δοτ

416 4061 579 4130 κήσει
622 4062 715 4115 τοῦ
767 4065 959 4137 ἀνδρὸς
1012 4067 1148 4139 πρὸς
1201 4070 1408 4124 οἰκείαν
1462 4071 1673 4140 αἵρεσιν
1730 4072 1990 4143 θηράσειν

413 4151 541 4215 τοὺς
579 4154 906 4225 Ἀντιοχείας
952 4159 1262 4230 οἰκήτορας,
1295 4162 1513 4225 καὶτὰς
1564 4162 1722 4232 πέριξ
1760 4164 1940 4228 πόλεις
1971 4182 1986 4197 ⁸

382 4238 387 4243 ”
417 4244 513 4297 καὶ
548 4245 779 4315 μάλιστα
804 4250 931 4329 τοὺς
957 4250 1322 4321 καλουμένους
1346 4253 1741 4319 Εὐσταθιανοὺς
1762 4256 1828 4320 ,οἳ
1851 4258 1989 4311 κατὰ

414 4334 515 4407 τὴν
541 4336 837 4407 παράδοσιν
873 4339 973 4409 τῆς
1020 4343 1076 4395 ὲν
1113 4344 1318 4417 Νικαίᾳ
1370 4348 1587 4401 συνόδου
1613 4350 1681 4403 τὰ
1710 4349 1989 4420 περίΘεοῦ

415 4424 683 4518 ἐδόξαζον.
714 4428 979 4498 Ἔμελλον
1026 4431 1083 4484 δὲ
1141 4436 1425 4513 παραπολὺ
1475 4437 1586 4518 τῆς,
1614 4439 1827 4502 ἐλπίδος
1850 4441 1989 4493 ἀπο-

411 4516 716 4581 τεύξεσθαι.
760 4519 910 4572 Ἐπεὶ
954 4520 1063 4592 γὰρ
1098 4518 1231 4595 ἦκεν
1270 4528 1349 4589 εἰς
1392 4516 1737 4597 Ἀντιόχειαν,
1774 4528 1988 4598 λέγεται

2096 3354 2483 3412 cessaverant,
2550 3358 2654 3399 nec
2696 3341 2753 3398 in
2794 3330 3078 3413 psallendo
3108 3340 3255 3397 inter
3283 3355 3342 3396 se
3371 3335 3675 3412 concorda-

2094 3439 2249 3505 bant,
2298 3437 2420 3501 sed,
2455 3442 2519 3491 ut
2541 3448 2709 3505 supra
2741 3433 2949 3489 dictum
2973 3439 3080 3500 est,
3106 3430 3304 3503 singuli
3332 3430 3576 3501 psalmos
3605 3427 3677 3483 ad

2094 3545 2250 3587 suam
2280 3526 2486 3585 sectam
2530 3540 2595 3581 ac
2623 3525 2949 3583 sententiam
2996 3523 3503 3580 accommodabant.
3534 3521 3675 3576 Cum

2092 3622 2263 3692 igitur
2306 3619 2695 3675 Antiochensis
2747 3616 2996 3675 Ecclesia
3038 3616 3097 3671 in
3140 3615 3245 3670 hoc
3298 3619 3446 3670 statu
3490 3621 3673 3678 esset,

2091 3711 2399 3768 Eudoxiani
2428 3710 2775 3767 commodum
2808 3707 2925 3764 fore
2966 3706 3289 3778 judicarunt
3336 3714 3397 3765 ut
3423 3704 3675 3785 Meletius

2095 3802 2344 3858 Sebastia
2380 3801 2508 3856 illuc
2540 3798 2985 3865 transferretur,
3022 3799 3227 3869 quippe
3260 3796 3354 3865 qui
3396 3793 3465 3849 ad
3490 3794 3678 3851 dicen-

2092 3882 2221 3949 dum
2254 3900 2309 3949 et
2334 3892 2402 3947 ad
2431 3888 2875 3962 persuadendum
2908 3888 3142 3944 idoneus
3174 3894 3325 3944 esset
3350 3885 3405 3940 in
3438 3885 3632 3956 primis
3657 3925 3673 3950 ,

2090 3992 2147 4041 et
2170 3984 2242 4040 ob
2269 3984 2393 4039 vitae
2435 3981 2808 4053 integritatem
2851 3980 3120 4051 probatus
3141 4018 3157 4045 ,
3186 3985 3241 4035 et
3270 3976 3515 4048 ejusdem
3548 3990 3676 4029 cum

2090 4076 2228 4148 ipsis
2272 4074 2556 4145 opinionis
2584 4074 2697 4144 jam
2737 4071 2947 4146 pridem
2990 4071 3312 4127 haberetur.
3344 4066 3556 4123 Etenim
3592 4066 3678 4121 fu-

2090 4172 2274 4219 turum
2306 4164 2529 4220 omnino
2571 4161 2863 4232 sperabant
2921 4167 2979 4214 ut
3028 4160 3167 4215 tanti
3198 4158 3301 4234 viri
3337 4156 3481 4214 fama
3512 4166 3677 4227 atque

2091 4256 2419 4313 auctoritate
2454 4255 2607 4311 cives
2648 4251 3020 4309 Antiochenos
3049 4266 3114 4307 ac
3140 4250 3400 4306 finitimas
3423 4250 3676 4305 civitates

2091 4350 2158 4404 ad
2222 4363 2377 4404 suam
2448 4346 2763 4417 opinionem
2814 4346 3155 4400 allicerent:
3214 4344 3488 4413 praecipue
3545 4358 3676 4398 vero

2089 4418 2479 4495 Eustathianos
2502 4479 2517 4503 ,
2554 4436 2649 4507 qui
2706 4435 2774 4492 de
2824 4436 3112 4492 divinitate
3142 4434 3218 4489 ita
3256 4435 3567 4491 sentiebant
3614 4442 3677 4490 ut

2094 4546 2123 4585 a
2161 4531 2396 4586 concilio
2440 4529 2659 4584 Nicaeno
2690 4528 2953 4584 traditum
2998 4528 3206 4607 fuerat.
3240 4526 3439 4583 Verum
3477 4541 3540 4582 ea
3584 4541 3677 4583 res

410 4608 475 4678 δή
485 4626 616 4678 μους
632 4609 858 4674 πολλοὺς
882 4613 1152 4668 συνελθεῖν
1171 4617 1278 4669 τῶν
1298 4618 1366 4671 τὰ
1394 4619 1605 4689 Ἀρείου
1630 4621 1987 4693 φρονούντων,
2020 4601 2069 4659 D
2097 4625 2168 4678 lor

1914 4640 1987 4687 ον,
2020 4601 2069 4659 Ῑ)
2097 4625 2257 4695 longe
2303 4623 2459 4677 aliter
2500 4630 2762 4677 eventura
2802 4630 2920 4677 erat
2971 4601 3145 4691 quam.
3169 4619 3488 4691 sperabant.
3537 4617 3672 4672 Nam

412 4700 507 4754 καί
560 4702 809 4774 Παυλίνῳ
846 4706 1243 4763 κοινωνούντων
1273 4718 1296 4745 °
1321 4728 1336 4743 ο
1379 4713 1428 4764 οἰ
1462 4712 1580 4783 μὲν,
1613 4715 1990 4785 ίστορήσοντες

409 4789 500 4844 τὸν
529 4791 718 4862 ἄνδρα,
750 4793 832 4846 ὅτι
867 4796 1000 4848 πολὺ
1024 4797 1178 4861 κλέος
1194 4794 1261 4870 ἦν
1281 4800 1447 4853 αὑτοῦ
1474 4803 1569 4856 καὶ
1592 4804 1699 4875 πρὸ
1718 4804 1817 4875 τῆς
1843 4822 1985 4877 παρ-

408 4882 626 4945 ουσίας·
664 4886 712 4937 οί
760 4884 836 4951 δὲ,
896 4889 1264 4959 μαθησόμενοι
1306 4892 1359 4945 τί
1396 4892 1504 4964 ἄρα
1547 4894 1683 4971 ὲρεῖ,
1716 4897 1811 4949 καὶ
1843 4897 1985 4951 τίσιν

410 4974 815 5045 ὲπιῲηφίζεται.
850 4979 989 5050 Ἤδη
1028 4978 1135 5051 γὰρ
1187 4982 1343 5053 φήμη
1388 4982 1660 5053 διεφοίτα,
1696 4986 1986 5059 ἐπαινέτην

483 5152 675 5210 ‘Socr.
700 5155 797 5211 lib.
834 5170 894 5223 ιι,
927 5172 975 5213 c.
1006 5158 1094 5214 44.

2097 4731 2220 4771 cum
2256 4715 2345 4769 ille
2374 4713 2717 4769 Antiochiam
2742 4713 3005 4777 venisset,
3039 4711 3237 4783 ingens
3269 4709 3460 4783 populi
3487 4710 3676 4765 multi-

2091 4807 2223 4863 tudo
2251 4804 2584 4862 conﬂuxisse
2617 4805 2849 4869 dicitur,
2882 4814 2992 4857 tam
3038 4818 3109 4858 ex
3148 4801 3368 4858 Arianis
3413 4815 3577 4872 quam
3606 4815 3675 4857 ex

2092 4898 2161 4954 iis
2191 4897 2284 4968 qui
2319 4910 2443 4951 cum
2474 4894 2708 4950 Paulino
2744 4894 3229 4949 communicabant
3263 4910 3278 4949 :
3309 4908 3547 4964 quorum
3580 4892 3674 4948 alii

2092 4990 2367 5045 hominem
2406 4987 2593 5045 videre
2614 4987 2929 5059 cupiebant,
2955 4985 3117 5058 cujus
3148 4993 3303 5042 tanta
3330 4985 3475 5042 fama
3504 4984 3671 5042 etiam

1582 5316 1855 5374 VALESII
1878 5317 2451 5377 ‘ANNOTATIONES.

482 5408 593 5485 (ᾅὸ)
626 5409 774 5485 Οὔτε
797 5409 1192 5485 ἐπισκόπους.
1220 5411 1711 5485 _Constantinopoli
1745 5416 1977 5472 scilicet.

408 5476 483 5553 ρο
516 5479 616 5553 hac
641 5481 1103 5553 cnim‘duntaxat
1148 5476 1290 5538 urbe
1345 5476 1977 5553 loquitur-Sozomenus.

409 5547 586 5622 Quod
624 5565 746 5622 cum
802 5550 1069 5622 [iaronius
1105 5568 1216 5607 non
1272 5547 1655 5622 intellexisset,
1704 5558 1980 5611 immerito

407 5620 764 5687 reprehendit
794 5619 1180 5689 Sozomenum,
1225 5625 1370 5694 quod
1405 5625 1608 5682 dixerit
1638 5619 1982 5683 Macedonia-

2089 5433 2190 5473 nos
2228 5418 2296 5493 ab
2322 5420 2427 5475 hoc
2462 5425 2923 5493 tempore_usque
2944 5421 3013 5477 ad
3039 5420 3260 5493 Arcadii
3298 5420 3668 5493 principatum

2088 5489 2337 5545 caruisse
2389 5491 2685 5562 episcopis.
2719 5489 2855 5548 Vide
2881 5493 3060 5557 illum,
3101 5492 3169 5546 ad
3202 5489 3407 5545 annum
3465 5489 3672 5547 Christi

2085 5560 2212 5625 360,
2237 5575 2356 5630 cap.
2396 5562 2483 5616 l9.

1784 5804 2172 5862 VARIORUM.

484 5900 508 5929 °
548 5894 831 5957 Παυλίνῳ
886 5896 1350 5952 κοινωνούντων.
1407 5896 1899 5953 Metachromsmus
1959 5919 1971 5954 :

408 5961 677 6023 Paulinus
708 5965 875 6031 enim,
917 5966 1217 6036 imperante
1240 5966 1479 6035 Juliano,
1518 5968 1608 6023 diu
1642 5978 1774 6039 post
1808 5969 1972 6024 Mele-

2083 5900 2216 5954 tium
2246 5916 2272 5953 a
2308 5900 2562 5955 Lucifero
2594 5897 3313 5969 cpiscopusuAntiochcnus
3366 5899 3659 5956 ordinatus

2081 5978 2184 6027 est.
2220 5970 2344 6025 Viti.
2382 5971 2474 6025 lib.
2507 5987 2562 6034 v,
2598 5966 2718 6040 cap.
2746 5970 2829 6024 l2.
2870 5966 2956 6023 W.
2989 5967 3212 6024 Lowru.
