4452 6584
876 396 1014 454 1199
2349 403 2634 463 SOZOMEl

2391 403 2696 463 OZOMENI
3239 457 3244 463 .
4004 421 4149 474 1290

875 517 1027 572 ribus
1063 524 1308 588 grassata
1339 516 1538 574 fuerat.
1570 517 1679 574 Etsi
1705 520 1851 575 enim
1887 521 2022 588 haec,
2060 523 2206 593 quod
2229 524 2450 594 quidem
2482 533 2528 590 Α
2563 528 2633 600 τῷ

2390 541 2450 580 :m
2482 533 2528 590 Α
2563 528 2642 600 τῷ
2668 528 2972 600 ὁμοφύλους
3011 528 3078 585 τὰ
3107 531 3380 604 πολεμίων
3417 535 3549 606 δρᾷν
3592 535 3748 608 (40'),
3777 538 3869 591 καὶ
3889 539 4022 608 περὶ
4048 539 4148 591 ἀλ.

873 607 940 662 ad
974 611 1260 665 cruciatus
1298 613 1525 679 attinet,
1556 613 1842 668 remissior
1866 616 2180 684 videbatur,
2209 619 2452 689 pruden-
2559 620 2631 673 λο‹

2389 636 2452 674 n-
2559 620 2820 690 λοφύλους
2844 620 3122 687 τοιούτους
3146 616 3307 691 εἶναι,
3331 624 3360 676 ὁ
3382 624 3657 696 ίερατικὸς
3696 607 3897 698 δεσμὸς
3933 607 4147 698 ἀπηγὸ-

873 702 1019 756 tibus
1047 709 1230 756 tamen
1255 703 1389 758 viris
1419 714 1642 774 propter
1693 706 1976 761 infamiam
2020 709 2133 764 visa
2179 719 2262 764 est
2298 726 2456 766 aeer-
2564 730 2776 783 ρευσεν.

869 793 1010 849 bior.
1041 793 1274 866 Utrique
1294 797 1464 862 enim,
1489 807 1542 853 et
1575 799 1620 853 is
1649 799 1743 870 qui
1772 801 2230 871 persequebatur,
2250 811 2304 859 et
2331 805 2424 860 ille
2452 806 2547 875 qui
2580 808 3016 876 persecutionem
3045 809 3372 875 sustinebat,
3398 824 3463 866 ex
3503 808 3745 866 Ecclesia
3770 813 3926 882 173
3952 820 4142 867 erant.

869 888 1156 960 Tantoque
1209 892 1428 962 turpius
1483 902 1606 947 erat
1651 893 1703 948 id
1767 896 1992 963 malum,
2033 907 2242 969 quanto
2294 899 2516 969 gravius
2551 909 2632 956 est
2681 901 2946 957 adversus
2984 903 3216 959 tribules
3257 911 3311 959 et
3348 913 3636 976 cognatos,
3671 922 3736 961 ea
3784 923 3906 977 quae
3950 908 4144 962 hostes

867 985 1048 1040 solent
1098 992 1420 1056 perpetrare
1458 1002 1472 1042 :
1518 1000 1645 1041 cum
1686 997 1873 1046 tamen
1914 991 2105 1047 divina
2141 992 2227 1048 lex
2282 994 2574 1063 prohibeat
2611 1012 2682 1053 ne
2729 999 2998 1053 adversus
3043 1005 3335 1054 extraneos
3378 997 3652 1067 ejusmodi
3698 999 3883 1054 animo
3930 1001 4140 1056 simus.

1442 1076 1596 1132 CAP.
1644 1079 1856 1137 XXVII.
3140 1090 3200 1143 Kl

1781 1081 1856 1137 'll.
3140 1089 3391 1145 ΚΕΦΑΛ.
3413 1089 3539 1144 ΚΖ’.

865 1165 1143 1250 Quomodo
1181 1167 1532 1250 Macedonius
1571 1182 1853 1244 postquam
1885 1176 2067 1250 caede
2110 1195 2211 1250 sua
2249 1180 2442 1250 ejeclus

931 1248 1033 1301 est,
1068 1242 1316 1293 adversus
1349 1239 1612 1317 Spiritum
1635 1239 1878 1299 sanctum
1909 1248 2068 1317 impie
2099 1239 2304 1305 locutu}
2327 1253 2396 1304 sit
2422 1266 2442 1314 ;

931 1318 1134 1391 etmqtto
1177 1320 1333 1391 pacto
1384 1311 1779 1391 Marathonius,
1816 1332 1924 1370 una
1973 1311 2092 1373 cum
2123 1311 2442 1391 quibusdam

932 1379 1056 1431 aliis
1081 1421 1095 1443 ,
1139 1381 1251 1448 ejus
1292 1381 1533 1435 Iuvresim
1571 1386 1743 1439 auxit.

929 1466 1153 1526 Novitas
1180 1481 1360 1526 autem
1391 1487 1516 1527 cum
1560 1473 1911 1546 laudaretur,
1943 1481 2118 1551 magis
2157 1482 2444 1554 magisque

857 1556 1124 1625 increvit,
1169 1567 1225 1614 et
1279 1561 1346 1615 ad
1399 1577 1487 1617 res
1523 1560 1768 1634 quotidie
1801 1570 2085 1626 novandas
2118 1574 2390 1642 processit
2424 1591 2437 1629 :

855 1648 1114 1720 fastuque
1180 1659 1234 1705 et
1296 1656 1613 1724 arrogantia
1678 1657 1862 1727 elata,
1920 1660 2198 1732 despectis
2247 1665 2439 1732 patriis

853 1741 1389 1809 constitutionibus,
1445 1746 1690 1815 privatas
1729 1750 1877 1821 leges
1926 1753 2276 1810 constituit'.
2327 1754 2438 1812 Nec

2559 1181 2656 1247 Ὡς
2679 1181 2829 1250 μετὰ
2852 1181 2918 1235 τὸ
2971 1180 3256 1249 ἐκστῆναι
3301 1181 3409 1236 τοῦ
3455 1183 3692 1250 θρόνου.
3761 1183 4142 1248 Μακεδὼιος

2617 1253 2770 1322 κατὰ
2795 1251 2904 1305 τοῦ
2929 1253 3102 1322 ἁγίου
3136 1252 3575 1322 ἐϐλασφήμησε
3618 1254 3989 1321 Πνεύματος·
4033 1257 4142 1308 καὶ

2617 1321 2706 1375 ὅτι
2736 1321 3117 1394 Μαραθώνιος
3148 1323 3270 1376 σὺν
3309 1321 3526 1388 ἄλλοις
3556 1322 3673 1390 τὴν
3711 1323 3948 1379 ἐκείνου
3973 1326 4142 1394 αἳρε-

2616 1409 2722 1446 σιν
2752 1391 3052 1462 ηὔξησαν.

2629 1485 2694 1538 Ἠ
2726 1485 2784 1538 δὲ
2811 1485 3057 1556 κοινότης
3089 1486 3202 1558 (Al)
3254 1485 3622 1557 ἐπαινουμένη
3653 1484 3732 1538 ἔτι
3775 1486 3977 1556 μᾶλλον
4029 1488 4135 1539 ἐπ-

2547 1577 2743 1641 εδίδου,
2765 1578 2858 1631 καὶ
2890 1577 3026 1650 πρὸς
3038 1578 3407 1649 νεωτερισμὸν
3440 1571 3628 1645 εἷρπεν
3654 1594 3667 1607 ·
3699 1577 4139 1641 ἀπαυθαδειαζο-

2549 1670 2689 1739 μένη
2744 1686 2803 1722 τε
2852 1671 2950 1724 καὶ
2990 1671 3099 1723 τῶν
3158 1670 3444 1741 πατρικῶν
3487 1671 3922 1741 ὑπερφρονοῦσα,
3965 1671 4138 1734 ἰδίους

2544 1759 2710 1813 ἐτίθει
2761 1760 2980 1830 νόμους.
3020 1761 3130 1814 Καὶ
3175 1762 3243 1812 τὰ
3269 1760 3410 1815 αὐτὰ
3454 1763 3567 1824 τοῖς
3591 1760 3965 1831 ἀρχαιοτέροις
3996 1762 4137 1831 περὶ

851 1833 1042 1889 eadem
1074 1850 1199 1889 cum
1230 1838 1626 1893 vetustioribus
1660 1846 1866 1899 sentire
1892 1844 1958 1900 de
2000 1845 2110 1901 Deo
2132 1849 2397 1904 sustinuit
2427 1869 2439 1904 :
2473 1851 2516 1905 Β
2544 1849 2609 1901 Θε

2379 1859 2439 1904 t:
2473 1851 2516 1905 Β
2544 1849 2678 1902 Θεοῦ
2707 1850 2950 1917 δοξάζειν
2982 1851 3083 1904 οὐκ
3129 1849 3302 1921 ἠξίου.
3348 1852 3459 1904 Ἀεὶ
3517 1851 3573 1905 δὲ
3626 1850 3754 1916 ξένα
3799 1853 4134 1923 περινοοῦσα

852 1926 946 1982 sed
986 1927 1273 1996 peregrina
1318 1928 1372 1982 in
1415 1928 1533 1985 dies
1573 1931 1828 2003 dogmata
1879 1939 2196 2006 excogitans
2226 1980 2241 2006 ,
2298 1956 2442 1996 nova

851 2017 1010 2073 novis
1053 2020 1404 2076 accumulare
1438 2037 1722 2092 nunquam
1754 2027 1985 2082 destitit.
2020 2029 2184 2096 Quod
2217 2033 2440 2103 quidem

849 2108 1015 2164 etiam
1075 2117 1208 2166 tunc
1258 2112 1478 2170 accidit.
1535 2114 1833 2186 Postquam
1885 2122 2032 2175 enim
2080 2122 2439 2182 Macedonius

848 2199 1456 2272 Constantinopolitana
1491 2218 1691 2262 exutus
1721 2219 1805 2264 est
1841 2209 2083 2267 Ecclesia
2109 2254 2126 2282 ,
2182 2232 2291 2271 non
2325 2235 2440 2272 am-

847 2292 992 2361 plius
1029 2293 1278 2348 eamdem
1319 2311 1445 2350 eum
1491 2298 1694 2356 Acacio
1735 2311 1789 2357 et
1828 2303 2080 2361 Eudoxio
2121 2311 2436 2378 opinionem

847 2385 1042 2439 tenuit.
1076 2383 1322 2440 Docebat
1362 2389 1506 2443 enim
1546 2389 1747 2447 Filium
1777 2397 1998 2464 quidem
2053 2397 2226 2455 Deum
2269 2417 2393 2458 esse
2418 2442 2433 2468 ,

844 2489 942 2545 per
963 2476 1146 2530 omnia
1181 2479 1416 2534 similem
1457 2480 1600 2536 l’atri
1625 2523 1640 2548 ,
1675 2485 1921 2557 adeoque
1956 2491 2263 2546 secundum
2300 2495 2436 2550 sub-

843 2569 1139 2636 stantiam;
1168 2569 1435 2640 Spiritum
1465 2589 1602 2629 vero
1625 2586 1902 2644 sanctum,
1931 2580 2182 2649 ejusdem
2205 2584 2434 2644 honoris

840 2665 899 2712 et
932 2655 1222 2729 dignitatis
1275 2670 1556 2733 expertem
1603 2679 1727 2721 esse
1778 2671 2108 2725 asserebat:
2165 2671 2433 2729 famulum

840 2763 907 2804 ac
946 2751 1260 2806 ministrum
1302 2767 1426 2807 eum
1473 2757 1787 2825 appellans,
1833 2770 1889 2814 et
1938 2777 2281 2834 quaecunque
2325 2766 2432 2820 alia

839 2840 1115 2912 quispiam
1138 2841 1205 2898 de
1232 2847 1443 2915 angelis
1471 2847 1662 2905 dicens
1686 2891 1702 2916 ,
1734 2865 1848 2905 non
1877 2852 2241 2911 aberraverit.
2273 2855 2433 2911 Eam-

839 2929 964 2986 dem
1023 2947 1147 2987 cum
1192 2935 1286 2990 illo
1332 2939 1648 3006 Opinionem
1713 2943 1950 3013 amplexi
1998 2955 2130 3002 sunt
2173 2947 2430 3004 Eleusius

837 3033 895 3079 et
938 3026 1259 3084 Eustathius
1301 3038 1355 3085 et
1391 3033 1585 3102 reliqui
1629 3048 1821 3092 omnes
1881 3037 1973 3107 qui
2013 3054 2080 3094 eo
2119 3049 2367 3111 tempore
2400 3057 2430 3096 a

837 3119 1132 3174 contraria:
1178 3122 1462 3177 sententia:
1513 3128 1882 3184 assertoribus
1931 3128 2166 3202 depositi
2209 3133 2430 3191 fuerant

2541 1941 2809 2010 δόγματα,
2843 1942 2942 1994 οὐκ
2989 1943 3186 2013 ἠρέμει
3213 1943 3321 1996 τῶν
3352 1943 3555 1997 καινῶν
3597 1945 3932 2016 καινοτέροις
3959 1963 4134 1998 σπου-

2540 2035 2795 2096 δάζουσα,
2821 2034 3009 2106 ὥσπερ
3040 2035 3103 2106 δὴ
3131 2037 3224 2089 καὶ
3253 2035 3349 2089 νῦν
3367 2036 3587 2109 συνέϐη.
3619 2037 3834 2108 Ἐπειδὴ
3871 2038 3980 2109 γὰρ
4003 2040 4133 2091 Μα-

2540 2126 2776 2189 κεδόνιος
2808 2127 3058 2198 ἀφῃρέθη
3091 2127 3190 2198 τὴν
3226 2129 3853 2192 Κωνσταντινουπόλεως
3889 2131 4132 2200 Ἐκκλη-

2541 2217 2685 2279 σίαν,
2730 2218 2911 2271 ούκέτι
2969 2220 3369 2290 παραπλησίως
3421 2218 3634 2284 ἐδόξαζε
3693 2224 3808 2283 τοῖς
3847 2223 3992 2292 ἀμφὶ
4033 2223 4135 2275 τὸν

2557 2311 2806 2364 Ἀκάκιον
2843 2312 2935 2364 καὶ
2967 2311 3235 2376 Εύδόξιον.
3272 2314 3558 2382 Εἱσηγείτο
3608 2313 3663 2366 δὲ
3698 2314 3790 2367 τδν
3829 2314 3955 2366 Υἱὸν
3989 2314 4133 2366 Θεὸν

2537 2399 2697 2465 εἶναι,
2727 2405 2868 2458 κατὰ
2902 2405 3079 2458 πάντα
3108 2421 3168 2457 τε
3201 2405 3292 2457 καὶ
3319 2406 3440 2457 κατ’
3463 2405 3650 2458 οὐσίαν
3673 2407 3857 2476 ὅμοιον
3889 2407 3965 2476 τῷ
4007 2408 4127 2458 Πα-

2535 2498 2643 2566 τρί.
2675 2497 2747 2549 Τὸ
2773 2497 2831 2549 δὲ
2859 2497 3015 2564 ἅγιον
3059 2496 3306 2567 Πνεῦμα,
3341 2499 3568 2568 ἄμοιρον
3595 2498 3704 2550 τῶν
3757 2499 3935 2552 αὐτῶν
3987 2517 4133 2570 πρε-

2539 2588 2738 2642 σϐείων
2757 2588 3108 2657 ἀπεφαίνετο,
3127 2589 3374 2644 διάκονον
3399 2592 3494 2644 καὶ
3513 2592 3790 2662 ὑπηρέτην
3809 2592 4011 2657 καλῶν,
4027 2594 4131 2646 καὶ

2533 2677 2635 2729 ὅσα
2678 2677 2810 2747 περὶ⁹
2863 2677 2974 2730 τῶν
3027 2676 3186 2730 θείων
3246 2679 3493 2747 ἀγγέλων
3540 2680 3717 2750 λέγων
3755 2699 3862 2747 τις,
3919 2684 4020 2734 ούκ
4054 2684 4130 2736 ἂν

2533 2771 2792 2842 ἁμάρτοι.
2845 2770 3062 2841 Ταύτης
3117 2771 3174 2824 δὲ
3238 2773 3336 2842 τῆς
3377 2773 3536 2844 δόξης
3587 2774 3909 2828 ἐκοινώνουν
3944 2776 4126 2846 αὐτῷ,

2547 2861 2818 2928 Ἐλεύσιός
2845 2879 2905 2916 τε
2939 2863 3034 2916 καὶ
3059 2863 3376 2928 Εύστάοιος,
3403 2864 3498 2918 καὶ
3533 2867 3647 2919 ὅσοι
3672 2868 3792 2920 τότε
3836 2869 3989 2939 παρὰ
4011 2870 4128 2921 τῶν

2533 2954 2598 3008 ἐκ
2660 2955 2760 3024 τῆς
2818 2953 3068 3016 ἐναντίας
3122 2954 3386 3024 αἱρέσεως
3437 2958 3494 3009 ἐν
3545 2957 4123 3012 Κωνσταντινουπόλει

2531 3044 2919 3117 καθῃρέθησαν
2939 3063 2953 3078 ο
2982 3040 3065 3108 οἷς
3086 3046 3186 3099 οὐκ
3211 3045 3366 3117 ὀλίγη
3402 3050 3563 3120 μοῖρα
3587 3047 3682 3102 τοῦ
3716 3050 3846 3104 λαοῦ
3872 3052 4126 3104 ἐπείθετο

2533 3135 2674 3190 κατὰ
2708 3134 2807 3205 τὴν
2834 3137 3428 3201 Κωνσταντινούπολιν,
3475 3138 3726 3193 Βιθυνίαν
3753 3158 3813 3193 τε
3855 3141 3950 3195 καὶ
3974 3141 4126 3213 Θρᾲ-

836 3208 1333 3282 Constantinopoli.
1368 3213 1581 3280 Quibus
1624 3217 1770 3272 haud
1817 3195 2019 3292 exigua
2055 3239 2184 3294 pars
2239 3226 2424 3296 populi
2458 3195 2503 3259 Ο
2533 3245 2594 3295 κτ

2364 3226 2424 3280 itli
2458 3195 2503 3259 C
2533 3245 2638 3297 κην
2667 3195 2778 3282 καὶ.
2807 3229 3218 3300 Ἑλλήσποντον,
3254 3231 3350 3283 καὶ
3379 3195 3448 3283 τὰ
3479 3230 3642 3300 πέριξ
3679 3232 3828 3302 ἔονη.
3863 3233 3973 3285 Καὶ

839 3299 1065 3355 adhaesit
1093 3341 1107 3366 ,
1141 3310 1249 3355 tam
1282 3304 1765 3378 ConstantinOpoli
1803 3325 1965 3384 quam
1994 3329 2088 3383 per
2113 3313 2424 3384 Thraciam,

839 3392 1149 3465 Bithyniam
1178 3435 1192 3459 ,
1229 3407 1281 3450 et
1318 3398 1728 3467 Hellespontum
1751 3443 1766 3468 ,
1798 3383 2170 3478 ﬁnitimasque
2199 3411 2427 3477 provin-

836 3485 973 3540 cias.
1025 3483 1159 3539 Nam
1189 3487 1408 3542 vivendi
1446 3493 1586 3544 ratio
1608 3535 1621 3558 ,
1653 3508 1816 3562 quam
1847 3497 2040 3566 vulgus
2077 3499 2424 3568 potissimum

835 3587 1084 3648 spectare
1114 3581 1274 3645 solet,
1313 3581 1733 3656 haudquaquam
1765 3589 1820 3643 in
1851 3591 1962 3646 illis
1989 3593 2260 3663 culpanda
2281 3605 2422 3653 erat.

835 3669 1048 3724 Etenim
1090 3672 1339 3728 incessus
1374 3677 1592 3744 quidem
1655 3695 1844 3734 eorum
1893 3684 2097 3752 gravis,
2135 3685 2425 3758 disciplina

835 3778 966 3817 vero
1021 3768 1336 3821 monasticae
1383 3768 1583 3824 similis
1623 3770 1746 3826 fuit.
1798 3773 1880 3828 Ad
1927 3776 2042 3830 hzec
2088 3793 2270 3834 sermo
2311 3798 2423 3839 non

837 3857 1165 3912 invenustus
1187 3901 1200 3924 ,
1233 3870 1284 3914 et
1323 3862 1597 3930 ingenium
1631 3864 1699 3918 ad
1731 3868 2173 3935 persuadendum
2201 3887 2422 3930 accom-

834 3948 1136 4002 modatum.
1170 3950 1489 4019 Cujusmodi
1523 3963 1650 4008 tunc
1685 3955 1856 4012 fuisse
1890 3959 2097 4014 dicitur
2137 3961 2420 4020 Maratho-

833 4043 994 4094 nius:
1033 4042 1124 4110 qui
1168 4057 1232 4096 ex
1273 4045 1573 4100 rationario
1612 4048 1832 4116 publico
1869 4051 2030 4106 cilicii
2080 4055 2421 4123 praefectura:

830 4133 1194 4201 praetorianae,
1226 4148 1350 4187 eum
1387 4149 1520 4202 opes
1555 4141 1825 4194 maximas
1865 4141 1967 4195 sibi
2002 4155 2416 4213 comparasset,

831 4223 983 4277 [inita
1037 4226 1266 4287 militia,
1314 4242 1586 4294 aegrorum
1634 4245 1699 4283 ac
1741 4247 2040 4301 pauperum
2090 4238 2194 4291 sub
2225 4241 2417 4294 eodem

831 4323 977 4371 tecto
1011 4315 1327 4386 degentium
1363 4334 1551 4372 curam
1596 4323 1783 4390 gessit.
1827 4324 2025 4380 Postea
2057 4343 2206 4395 vero,
2246 4346 2414 4387 suasu

829 4407 1104 4461 Eustatliii
1135 4409 1400 4464 Sebastia:
1432 4411 1699 4481 episcopi,
1738 4418 2099 4473 monasticam
2127 4424 2416 4494 amplexus

827 4508 913 4554 cst
962 4500 1127 4552 vitam

826 4590 1348 4661 Constantinopoli,
1391 4593 1536 4660 quod
1575 4595 1640 4650 ad
1679 4608 1924 4653 nostram
1971 4618 2146 4672 usque
2189 4616 2404 4662 {etatem

829 4684 1089 4738 continua
1158 4685 1512 4740 successione
1569 4693 1959 4757 perseveravit.
2031 4695 2180 4752 llanc
2243 4705 2408 4767 po‘rro

907 4859 920 4888 ¹
977 4856 1136 4910 Socr.
1161 4856 1256 4910 lib.
1299 4873 1360 4921 ll,
1385 4875 1434 4914 c.
1467 4858 1555 4912 45.

2527 3317 2591 3387 δὴ
2615 3319 2709 3372 καὶ
2742 3318 2810 3371 τὰ
2835 3320 2961 3388 περὶ
2987 3319 3079 3371 τὸν
3107 3318 3240 3388 βίον,
3281 3312 3327 3387 ᾧ
3364 3319 3599 3389 μάλιστα
3637 3321 3707 3373 τὰ
3747 3322 3924 3393 πλήθη
3954 3340 4130 3392 προα-

2529 3408 2641 3478 έχει
2673 3409 2766 3461 τὸν
2787 3409 2933 3472 νοῦν,
2974 3409 3034 3462 ού
3074 3406 3293 3477 φαύλως
3346 3407 3508 3478 εἶχον.
3562 3411 3793 3480 Πρόοὸός
3825 3429 3884 3465 τε
3908 3413 4019 3484 γὰρ
4048 3409 4122 3482 ἦν

2527 3502 2710 3562 αὐτοῖς
2747 3503 2948 3571 σεμνήο
2985 3501 3078 3554 καὶ
3109 3501 3465 3571 παραπλησία
3505 3505 3760 3572 μοναχοῖς
3804 3506 3837 3574 ή
3882 3506 4120 3575 ἀγωγήο

2526 3592 2620 3646 καὶ
2674 3592 2830 3660 λόγος
2869 3593 2966 3645 οὐκ
3031 3593 3298 3662 ἄκομψος,
3331 3593 3426 3646 καὶ
3481 3588 3612 3664 ἦθος
3649 3594 3856 3648 πείθειν
3905 3597 4114 3650 ἱκανὸν.

2527 3681 2652 3741 Οἷον
2669 3687 2731 3759 δὴ
2760 3689 2879 3740 τότε
2899 3687 2992 3740 καὶ
3016 3688 3377 3758 Μαραθώνιον
3406 3689 3662 3755 γενέσθαι
3691 3691 3855 3758 φασίν
3874 3707 3886 3719 ·
3920 3690 3979 3750 ὃς
4001 3691 4119 3742 ἀπὸ

2524 3779 2798 3849 ψηφιστοῦ
2824 3779 3082 3849 δημοσίου
3106 3781 3218 3848 (42)
3240 3780 3348 3833 τῶν
3371 3781 3474 3833 ὑπὸ
3494 3782 3618 3842 τοὺς
3643 3781 3918 3852 ὑπάρχους
3951 3799 4118 3853 στρα-

2524 3871 2755 3935 τιωτῶν,
2788 3870 3016 3925 πλοῦτον
3070 3872 3237 3925 πολὺν
3285 3871 3560 3936 συλλέξας,
3599 3873 3787 3943 ἐπειδὴ
3821 3873 3919 3943 τῆς
3941 3891 4116 3945 στρα-

2522 3965 2644 4027 τιᾶς
2703 3963 3000 4030 ἐπαύσατο,
3050 3965 3325 4026 συνοικίας
3380 3967 3678 4018 νοσούντων
3736 3968 3831 4019 καὶ
3870 3968 4112 4038 πτωχῶν

2523 4056 2844 4126 ἐπεμελεῖτο
2869 4073 2883 4088 ·
2944 4057 3084 4128 μετὰ
3130 4057 3188 4109 δὲ
3229 4055 3423 4120 ταῦτα,
3474 4058 3763 4122 πείσαντος
3804 4061 4110 4114 ΕύσταΘίου

2521 4146 2616 4200 τοῦ
2642 4147 2970 4213 Σεϐαστείας
3012 4150 3336 4210 ἐπισκόπου,
3387 4150 3479 4202 τὸν
3516 4151 3813 4221 ἀσκητικὸν
3837 4152 3950 4220 βίον
4009 4154 4110 4205 ἐπ-

2519 4239 2702 4310 ῄνεσε,
2745 4242 2838 4294 καὶ
2869 4240 3145 4295 συνοικίαν
3181 4239 3433 4311 μοναχῶν
3455 4242 3513 4295 ἐν
3535 4244 4110 4297 Κωνσταντινουπόλει

2522 4333 2905 4401 συνεστήσατο,
2965 4332 2998 4402 ἢ
3035 4332 3130 4384 καὶ
3166 4330 3229 4394 ἐξ
3277 4331 3486 4384 ἐκείνου
3530 4333 3698 4386 είσέτι
3729 4333 3822 4386 νῦν
3845 4336 3959 4386 ἐστι
3984 4339 4108 4399 ταῖς

2519 4423 2790 4493 διαδοχαῖς
2823 4423 3126 4493 σωζομένη.
3179 4423 3304 4476 Ἐπὶ
3357 4423 3611 4477 τοσοῦτον
3638 4424 3694 4478 δὲ
3721 4425 3891 4496 ταύτῃ
3921 4426 3985 4496 τῇ
4016 4428 4104 4478 αι-

1184 4519 1197 4553 :
1251 4510 1305 4554 et
1353 4502 1666 4557 sodalitium
1722 4509 2116 4564 monachorum
2173 4512 2413 4569 instituit
2444 4541 2488 4596 υ
2521 4517 2669 4586 ρέσει
2700 4517 2942 4587 σπουδῇ)

2346 4516 2413 4569 tit
2444 4541 2488 4596 υ
2521 4517 2669 4586 ρέσει
2700 4517 2904 4587 σπουδῇ
2925 4516 3018 4569 καὶ
3039 4517 3314 4586 χρήμασιν
3343 4516 3493 4579 ἰδίοις
3525 4518 3868 4582 συνελάϐετο,
3894 4519 3971 4583 ὡς
4009 4520 4104 4574 καὶ

2518 4609 2654 4679 πρός
2691 4626 2853 4661 τινων
2883 4609 3342 4680 Μαραθωνιανοὺς
3375 4609 3500 4673 τοὺς
3532 4611 3865 4665 Μακεδονίου
3903 4613 4104 4681 ὀνομά-

2518 4698 2726 4765 ζεσθαι,
2781 4701 2904 4771 ἐμοὶ
2952 4701 3117 4766 δοκεῖ,
3171 4703 3271 4754 οὐκ
3314 4702 3638 4767 ἀπεικότως.
3704 4707 3956 4759 Φαίνεται
3991 4707 4103 4776 γὰρ

2052 4954 2317 5010 \‘ALESli
2355 4957 2912 5021 ANNOTATIONES.

896 5069 1040 5142 (50‘),
1065 5070 1257 5123 Ὅσον
1306 5070 1454 5142 πρὸς
1505 5069 1583 5133 τῷ
1620 5069 1964 5138 ὁμοφύλονς
2009 5069 2080 5122 τὰ
2110 5075 2411 5142 πολεμίων

825 5139 994 5214 δρᾷν.
1026 5141 1319 5214 Incodice
1349 5140 1651 5214 Fuketiano
1683 5141 1952 5214 scriptum
1989 5149 2075 5195 est
2117 5139 2408 5214 asov'npb;

825 5213 887 5264 τὸ
933 5212 1234 5280 ὁμοφύλους
1267 5213 1335 5264 τὰ
1374 5211 1646 5281 πολεμίων
1677 5210 1848 5281 δρᾷν;
1902 5219 1955 5262 et
1999 5223 2125 5280 post
2175 5210 2403 5267 verbum

825 5282 957 5352 δρᾷν
989 5284 1237 5351 apposita
1289 5292 1372 5338 est
1423 5283 1598 5337 media
1639 5282 1948 5352 distinctio.
2010 5282 2398 5337 thaudienda

827 5351 1175 5425 aii_teni_suiit
1205 5355 1317 5425 liget;
1353 5355 1537 5414 verba,
1589 5351 1788 5425 μᾶλλον
1827 5353 1996 5425 δεινόν
2020 5355 2170 5425 ἐστιν
2192 5356 2225 5423 ή
2263 5357 2400 5425 προς

821 5422 1169 5490 almam.
1215 5422 1444 5490 Vulgata
1503 5435 1680 5478 tamen
1725 5423 1886 5475 lcctio
1920 5422 2048 5477 ferri
2085 5422 2263 5493 potest
2299 5422 2404 5482 hoc

823 5509 989 5546 sensu
1023 5510 1034 5545 :
1068 5493 1131 5547 Et
1153 5505 1298 5548 tanto
1322 5495 1526 5564 turpius
1553 5503 1666 5548 erat
1693 5493 1788 5547 hoc
1816 5494 2034 5559 malum,
2060 5507 2258 5564 quanto
2301 5514 2401 5550 non

823 5511 989 5546 sensu
1023 5511 1034 5545 :
1068 5511 1131 5547 ιιι
1153 5511 1298 5548 tanta
1322 5511 1526 5617 tur/nus
1553 5511 1666 5548 erat
1693 5511 1788 5547 uoc
1816 5511 2034 5559 mamm,
2060 5511 2258 5564 quanto
2301 5514 2399 5550 non

821 5564 988 5615 solum
1008 5582 1130 5635 erga
1156 5565 1369 5618 tribules
1412 5567 1575 5619 iostili
1609 5581 1748 5617 more
1765 5568 2022 5634 grassari,
2041 5583 2214 5620 verum
2243 5568 2399 5621 etiam

820 5649 944 5699 erga
972 5649 1249 5690 extraneos
1296 5637 1642 5691 sacerdotalis
1681 5637 1763 5688 (ex
1793 5636 2045 5698 prohibet.
2083 5637 2398 5693 Sacerdoti-

820 5703 926 5776 bus
971 5710 1113 5760 cnim
1171 5723 1236 5762 ne
1288 5707 1552 5763 adversus
1597 5709 1808 5761 hostem
1855 5708 2075 5776 quidem
2112 5709 2282 5765 armis
2321 5711 2396 5765 uti

822 5774 976 5828 licet.

896 5847 1007 5915 (tl)
1068 5847 1230 5902 ’11δὲ
1280 5850 1579 5918 κοινότης.
1643 5851 2005 5907 Scrihcndum
2060 5860 2144 5908 est
2202 5852 2394 5923 procul

2518 5078 2708 5157 dubio_
2741 5085 3014 5157 καινρτης,
3070 5095 3127 5139 ut
3181 5086 3721 5157 Christolihorsmius
3766 5101 3818 5146 et
3846 5093 4095 5153 Savilius

2516 5149 2833 5224 emendant.
2866 5149 3037 5208 Paulo
3071 5169 3191 5224 post
3222 5177 3284 5212 ex
3317 5149 3510 5217 codice
3560 5160 3864 5219 Fulietianu
3902 5149 4096 5222 enian

2512 5219 2832 5298 dayiL'nAob;
2853 5219 3218 5298 νεωτερισμὸν
3246 5225 3455 5298 εἷρπεν.

2583 5290 2693 5361 (42)
2731 5293 2834 5372 Ὣς
2893 5290 3366 5372 ψὴριστὸύ
3412 5302 3729 5371 δημοσίου.
3785 5305 3837 5358 Id
3871 5316 3978 5366 cst,
4024 5325 4089 5362 ex

2511 5365 2827 5441 numerario
2859 5365 3432 5441 uiliciiﬂpraifi-rtoi'uin
3469 5365 3744 5441 praetorio.
3778 5375 3849 5429 Ile
3873 5365 4090 5431 lllSrllll-

2513 5434 2764 5512 literariis
2785 5437 2989 5512 uien_tio
3016 5434 3073 5492 lit
3105 5441 3158 5512 in
3189 5441 3390 5497 Codice
3409 5434 3728 5512 Theodosii,
3762 5457 3816 5501 ct
3848 5448 3898 5500 in
3935 5447 4091 5501 Nuti-

2511 5502 2587 5557 tia
2646 5504 2859 5573 imperii
2889 5507 3141 5564 Romani.
3201 5512 3365 5566 Multa
3398 5515 3465 5568 de
3502 5517 3585 5568 his
3619 5502 3749 5570 olim
3798 5520 3980 5572 notari
4017 5521 4085 5572 ad

2511 5573 2720 5656 lihruni
2747 5591 2814 5656 χχ
2840 5577 3112 5656 Aminiani
3155 5581 3482 5648 Marcellini,
3516 5602 3639 5656 pag.
3671 5587 3762 5642 81.
3797 5586 3852 5641 In
3879 5587 4087 5643 Notitia

2509 5645 2742 5728 imperii
2779 5645 3007 5728 [inmani
3041 5653 3185 5706 inter
3237 5645 3769 5727 ollicialcslpiaefccti
3825 5662 4091 5728 praetorio

2507 5730 2621 5795 per_
2652 5717 2930 5773 Orientem
2960 5719 3068 5774 duo
3109 5736 3472 5783 recensentur
3520 5717 3841 5787 numerarii:
3883 5731 3940 5787 In
3971 5731 4082 5795 liis.

2508 5787 2623 5842 auri
2655 5804 2834 5854 unus;
2879 5804 3168 5860 onerarunt
3204 5795 3362 5853 alter.
