4452 6584
431 488 559 548 1⁸201

1377 484 1702 546 HlS’I‘ORlA
1732 472 2304 545 ECCLESIASTICA.
2344 518 2412 530 -
2444 488 2572 547 LIB.
2604 489 2689 545 iv.

3537 490 3675 547 120$

430 609 587 679 μόνος
625 600 777 672 οὗτος
834 607 972 679 μετὰ
1011 607 1119 662 τῶν
1147 605 1426 671 συνοίκων,
1471 606 1563 660 τοῦ
1592 607 1666 678 μὴ
1713 601 1995 669 παντελῶς
2030 612 2075 669 Α
2106 606 2188 662 ha:

1921 603 1995 669 ὦς
2030 612 2075 669 Α
2106 606 2358 662 δεδι-θεῖσι
2438 615 2555 662 tum
2596 606 2782 664 studio
2804 646 2819 672 ,
2852 613 2967 663 tum
3002 604 3197 679 opibus
3240 607 3356 664 suis
3388 613 3676 680 tantopere

426 698 729 769 ἀποσϐῆναι
757 698 963 769 ταύτην
988 699 1087 770 τὴν
1108 699 1315 768 αἰρεσιν
1344 698 1402 751 ἐν
1431 694 1997 751 Κωνσταντινουπόλει

424 791 594 854 αἴτιος
614 791 922 861 γενόμενος.
958 790 1076 860 Ἀφ’
1103 784 1167 844 οὗ
1199 791 1307 862 γὰρ
1334 788 1613 861 καθῃρέθη
1645 786 1998 849 Μακεδόνιος,

422 882 546 936 οὕτε
594 882 943 954 Ἐκκλησίας,
989 882 1113 936 οὔτε
1152 883 1481 944 ἐπισκόπους
1515 878 1627 951 (45)
1656 874 1802 948 εἶχον
1836 875 1997 947 μέχρι

421 974 520 1043 τῆς
562 974 837 1045 Ἀρκαδίου
891 974 1185 1045 βασιλείας.
1243 974 1317 1025 Ού
1376 972 1484 1042 γὰρ
1555 970 1896 1040 συνεχώρουν
1946 968 1995 1019 οἰ

434 1067 665 1136 Ἀρείου,
729 1067 937 1130 πάντας
988 1068 1114 1130 τοὺς
1141 1066 1399 1129 ἐναντίως
1438 1062 1755 1129 δοξάζοντας
1786 1062 1850 1113 ἐκ
1887 1058 1996 1113 τῶν

434 1156 767 1227 Ἐκκλησιῶν
798 1158 1189 1226 ἐξελαύνοντες,
1220 1159 1315 1212 καὶ
1351 1156 1536 1219 δεινῶς
1571 1151 1990 1225 τιμωρούμενοι.

419 1249 632 1313 Πάντας
665 1252 763 1321 μὲν
795 1247 888 1305 οὖν
934 1251 1051 1304 ὅσοι
1086 1250 1207 1304 τότε
1250 1248 1359 1303 τῶν
1394 1248 1587 1319 ἱερέων
1619 1248 1683 1299 ἐκ
1708 1244 1815 1299 τῶν
1851 1242 1995 1297 ἰδίων

419 1340 628 1394 πόλεων
654 1342 951 1415 ἠλάθησαν,
983 1342 1142 1415 ἔργον
1162 1342 1269 1411 ἄρα
1316 1340 1658 1408 καταλέγειν.
1698 1336 1863 1390 Οὐδὲν
1884 1334 1993 1405 γὰρ

418 1429 568 1493 ἔθνος
618 1432 718 1503 τῆς
790 1419 1073 1503 Ῥωμαίων
1116 1431 1463 1503 οἰκουμένης,
1513 1428 1805 1500 ἀπείρατον
1839 1419 1994 1495 οἶμαι

408 1523 686 1600 ’διαμεῖναι
717 1525 817 1595 τῆς
845 1526 1099 1595 τοιαύτης
1122 1527 1427 1597 συμφορᾶς.

2099 698 2341 766 adjuvit,
2378 704 2440 751 ut
2468 704 2769 753 sectatores
2795 697 3098 753 Macedonii
3129 713 3158 751 a
3194 698 3522 768 quibusdam
3557 698 3675 755 Ma-

2096 788 2409 843 rathoniani
2442 788 2823 859 appellentur;
2850 805 2955 846 nec
2982 790 3257 846 immerito
3277 829 3294 856 ,
3323 799 3383 845 ut
3414 791 3672 861 equidem

2098 893 2318 934 censeo.
2362 878 2463 935 llic
2494 880 2639 935 enim
2690 880 2844 936 solus
2890 897 3000 935 una
3045 897 3169 937 cum
3227 882 3508 937 sodalibus
3557 883 3674 939 suis

2096 968 2396 1039 perfecisse
2418 970 2635 1026 videtur
2677 985 2747 1025 ne
2792 971 2908 1026 haec
2934 972 3161 1028 haeresis
3199 971 3360 1044 174
3399 971 3675 1028 Constan-

2096 1060 2326 1130 tin0poli
2380 1063 2598 1131 penitus
2652 1063 3120 1134 exstingueretur.
3174 1062 3385 1118 Etenim
3440 1078 3507 1118 ex
3563 1078 3673 1134 quo

2098 1154 2377 1223 depositus
2423 1155 2603 1211 fuerat
2636 1155 2987 1214 Macedonius
3011 1197 3025 1223 ,
3066 1170 3169 1212 nec
3204 1156 3483 1211 Ecclesias
3509 1154 3671 1211 dein-

2094 1253 2254 1316 ceps',
2284 1262 2385 1302 nec
2412 1249 2700 1319 episcopos
2747 1250 2886 1305 ullos
2940 1250 3253 1305 habuerunt
3292 1247 3671 1304 Macedoniani

2095 1351 2270 1406 usque
2302 1338 2368 1393 ad
2415 1338 2784 1408 principatum
2829 1338 3071 1395 Arcadii.
3121 1338 3335 1408 Quippe
3376 1335 3566 1392 Ariani
3608 1332 3668 1391 id

2094 1441 2443 1498 nequaquam
2476 1429 2766 1496 sinebant,
2801 1444 2830 1482 a
2860 1429 3062 1499 quibus
3096 1444 3288 1484 omnes
3316 1430 3409 1499 qui
3444 1436 3669 1483 contra-

2090 1517 2171 1571 ria
2203 1518 2338 1587 ipsis
2372 1518 2662 1584 sentirent,
2685 1518 3119 1573 extrudebantur
3154 1517 3438 1583 Ecclesiis,
3463 1524 3519 1574 et
3541 1530 3670 1589 gra-

417 1616 578 1671 vibus
622 1618 912 1687 suppliciis
960 1617 1358 1673 adiciebantur.
1425 1618 1501 1672 Ac
1526 1613 1762 1686 :diﬁicile
1835 1604 2053 1678 quidem
2093 1606 2259 1663 fuerit
2298 1623 2490 1665 omnes
2538 1608 2831 1679 episcopos
2860 1610 2952 1679 qui
2980 1618 3115 1665 tunc
3144 1609 3408 1680 temporis
3443 1609 3667 1665 sedibus

416 1711 536 1763 suis
565 1713 778 1781 expulsi
812 1721 942 1766 sunt
972 1714 1295 1783 singillatim
1326 1705 1633 1769 recensere.
1667 1709 1824 1765 Nulla
1843 1704 1986 1761 enim
2026 1704 2311 1774 provincia
2355 1705 2571 1777 imperii
2613 1702 2881 1770 Romani,
2931 1714 2991 1761 ut
3048 1704 3304 1776 equidem
3366 1704 3625 1760 existimo
3649 1742 3666 1769 ,

418 1803 583 1873 hujus
613 1805 945 1861 calamitatis
975 1822 1172 1877 expers
1205 1805 1325 1861 fuit.

975 1901 1235 1963 KEoAA.
1285 1903 1427 1971 κη’,
2021 1901 2066 1958 B

417 1990 633 2073 'Oft_ol
673 1994 958 2073 Ἀρείανοί
994 1995 1075 2073 ὡς
1127 1996 1433 2073 ὁμόφρονα
1477 1993 1844 2073 λογιζόμενοι
1882 1994 1991 2047 τὸν

402 2110 405 2113 γ
486 2063 1002 2138 θεῖον-Μελέτιονη
1041 2066 1109 2138 ἐκ
1150 2063 1479 2138 Σεϐἀσεζας
1509 2063 1991 2138 εὶς-Ἀντιόχειαν

482 2136 911 2204 προεϐίᾷασαν·
940 2134 1011 2188 τὸ
1052 2136 1119 2189 δὲ
1149 2134 1470 2203 όρθόδοξον
1499 2136 1734 2190 ἐκείνου
1764 2136 1989 2203 παρῤη·

484 2205 591 2276 σίᾳ
621 2206 1122 2276 ὁμολογήσαντος
1152 2207 1683 2276 κατῃσχύνθησαν,
1714 2206 1811 2276 καὶ
1846 2207 1987 2259 καθ·

482 2275 729 2339 ελόντες
754 2276 958 2337 αὐτὸν,
981 2275 1233 2336 Εὺζώϊον
1260 2274 1654 2346 ἐγκαθιστῶσι
1680 2274 1758 2340 τῷ
1778 2276 1984 2342 θρόνῳ.

483 2347 771 2406 Μελέτιος
827 2347 893 2397 δὲ
940 2346 1073 2412 tam.
1089 2346 1482 2411 ἐκκλησίαζεν
1501 2364 1514 2377 ·
1549 2352 1602 2401 οἰ
1627 2348 1736 2415 γὰρ
1761 2348 1827 2399 τὸ
1851 2350 1988 2411 ὀμο-

480 2417 693 2487 οὐσιον
710 2416 1091 2487 φρονοῦντες,
1123 2418 1309 2487 αὑτὸν
1334 2418 1741 2487 ἐξετρέποντο,
1765 2417 1844 2483 ὠς
1865 2416 1985 2472 ὑπὸ
2039 2430 2045 2436 ’

445 2524 450 2537 .
497 2486 812 2553 Ἀρειανῶν
843 2486 1353 2555 χειροτονηθέντα.
1434 2542 1439 2553 ,

386 2644 389 2651 ,
502 2577 589 2629 Ἐν
619 2576 780 2647 δέτῷ
828 2577 949 2631 τότε
1000 2576 1253 2643 Εύδοξίου
1313 2572 1676 2652 κατασχόντος
1717 2580 1814 2651 τὴν
1841 2580 1987 2633 Κων-

416 2670 905 2733 σταντινουπόλεως
952 2668 1299 2740 Ἐκκλησίαν,
1344 2672 1531 2725 πολλοί
1572 2671 1665 2724 τὸν
1705 2672 1765 2724 ἐν
1798 2666 1987 2725 Ἀντιοο

414 2762 537 2831 χείᾳ
582 2760 770 2831 θρόνον
820 2762 1124 2830 περιποιεῖν
1156 2763 1367 2825 ἑαυτοῖς
1401 2760 1747 2825 ἐσπούδαζον,
1789 2758 1987 2823 καὶκὼς

414 2851 560 2915 εἰκὸς
612 2852 705 2904 ἐπὶ
740 2853 1028 2937 πράγμασι
1058 2852 1343 2917 τοιούτοις,
1375 2853 1698 2922 φιλονεικίαι
1729 2853 1823 2906 καὶ
1855 2852 1986 2907 στά-

414 2959 528 3004 σεις
577 2942 822 3014 διάφοροι
858 2942 953 2997 τοῦ
986 2943 1187 3015 κλήρου
1214 2944 1308 2997 καὶ
1344 2944 1438 2999 τοῦ
1486 2944 1613 2998 λαοῦ
1660 2944 1983 3014 συνέϐησαν.

414 3030 674 3087 Ἕκαστοι
719 3034 828 3105 γάρ
861 3034 979 3088 τὸν
1009 3036 1286 3106 ὁμόφρονα
1338 3031 1465 3107 περί
1501 3036 1601 3105 τὴν
1638 3035 1776 3089 ἰδίαν
1805 3035 1986 3090 πίστιν

414 3125 880 3198 προσδοκώμενον,
939 3127 1170 3199 ᾑροῦντο
1218 3128 1317 3199 τῆς
1388 3128 1711 3198 Ἐκκλησίας
1776 3129 1982 3200 ἄρχειν.

2663 1909 2818 1967 CAP.
2853 1905 3092 1964 XXVIII.

2093 2004 2369 2075 Quomodo
2422 2004 2623 2077 Ariani
2658 2002 2904 2077 divinu_m_
2945 1994 3504 2077 Meletiummpinioni
3531 2008 3667 2077 Istra:

2162 2078 2334 2147 favere
2376 2075 2665 2137 arbitrati,
2723 2090 2757 2127 a
2815 2071 3106 2147 quastena
3142 2064 3667 2147 lsede'éntiocltiam

2160 2133 2547 2203 transtulerunt
2579 2161 2598 2199 :
2623 2133 2841 2211 cumque
2860 2142 2952 2196 ille
2975 2140 3293 2211 catholicam
3325 2136 3481 2211 ﬁdem
3509 2133 3668 2211 libera

2159 2220 2426 2289 professus
2452 2203 2829 2289 ésset,_pu_do_re
2859 2212 3071 2280 suﬁ’usi,
3106 2203 3368 2289 Euzoiuin
3400 2206 3517 2275 ejus
3549 2203 3666 2258 loco

2160 2279 2565 2347 constituerunt.
2602 2279 2844 2339 Meletius
2880 2279 3007 2345 ivero
3052 2279 3342 2344 separatim
3382 2285 3666 2330 conuentus

2166 2359 2550 2419 ecclesiasticos
2577 2356 2795 2419 habuit,
2821 2368 2939 2406 cum
2962 2349 3311 2405 Homousiam'
3340 2347 3493 2402 illum
3526 2360 3670 2400 aucr-

2160 2441 2407 2493 sarentur
2424 2468 2442 2500 ,
2469 2424 2651 2498 ιιιροεε
2682 2426 2747 2479 ab
2774 2422 2991 2479 Arianis
3018 2421 3345 2511 ordinatum.

2158 2588 2262 2646 Per
2294 2587 2439 2643 idem
2472 2566 2693 2653 tempus
2720 2595 2847 2663 cum
2884 2576 3168 2633 Eudoxius
3204 2571 3665 2640 Constantinopo-

2087 2682 2311 2738 litanam
2365 2676 2671 2733 Ecclesiam
2710 2672 2979 2729 obtineret
3002 2710 3018 2738 ,
3067 2668 3229 2725 multi
3267 2663 3671 2721 Antiochenam

2087 2773 2270 2831 sedem
2299 2768 2508 2827 ambire
2538 2774 2822 2837 creperum
2840 2765 2881 2831 ¹,
2916 2769 3085 2833 utque
3126 2760 3182 2815 in
3209 2755 3482 2829 ejusmodi
3504 2754 3670 2810 rebus

2086 2854 2322 2922 evenire.
2340 2862 2511 2927 solet,
2558 2858 2726 2915 variae
2772 2855 2906 2911 cleri
2950 2868 3015 2909 ac
3054 2852 3243 2924 populi
3284 2848 3670 2907 contentiones

2086 2972 2152 3013 ac
2180 2954 2481 3013 seditiones
2515 2950 2644 3007 inde
2667 2948 3014 3004 exstiterunt.
3037 2942 3173 2999 Eum
3196 2941 3341 3000 enim
3369 2940 3670 3010 unusquis-

2085 3062 2192 3118 que
2230 3045 2299 3100 ad
2332 3040 2623 3113 regendam
2667 3036 2969 3094 Ecclesiam
2995 3033 3274 3105 deligebat
3298 3073 3316 3101 ,
3349 3045 3511 3103 quem
3544 3044 3671 3100 spe-

2087 3140 2246 3197 rabat
2287 3150 2476 3194 secum
2518 3134 2589 3189 in'
2628 3132 2733 3187 ﬁde
2784 3142 3185 3186 consensurum
3255 3140 3399 3183 esse.
3457 3122 3670 3192 Quippe

417 3214 585 3271 Οὔπω
614 3218 721 3291 γάρ
744 3210 1085 3292 πεπαυμένοι
1109 3217 1251 3292 ἦσαν
1299 3220 1399 3292 τῆς
1443 3222 1572 3293 περὶ
1590 3218 1651 3273 τὸ
1675 3219 1850 3291 δόγμα
1872 3220 1985 3273 δια-
2010 3240 2054 3301 C
2089 3233 2175 3290 dis

1909 3236 1985 3273 ια·
2010 3240 2054 3301 c
2089 3231 2465 3290 dissensiones
2487 3228 2556 3284 de
2581 3226 2839 3283 doctrina
2880 3222 3002 3278 ﬁdei
3047 3220 3291 3277 nondum
3333 3218 3478 3274 inter
3516 3215 3667 3285 ipsos

413 3312 612 3381 φορᾶς,
642 3311 763 3364 ούδέ
809 3314 867 3365 ἐν
894 3315 1012 3377 ταῖς
1060 3313 1397 3385 ψαλμῳδίαις
1432 3312 1790 3385 συνεφρόνουν
1825 3312 1986 3381 ἀλλή-

411 3400 523 3464 λοις
547 3418 561 3432 ο
604 3402 738 3473 πρὸς
759 3403 814 3455 δέ
845 3404 942 3475 τὴν
974 3406 1180 3461 οἰκείαν
1209 3406 1385 3473 δόξαν,
1429 3406 1505 3471 ὡς
1538 3406 1597 3459 ἐν
1619 3408 1730 3470 τοῖς
1754 3405 1987 3477 πρόσθεν

412 3493 646 3565 εἴρηται,
708 3494 1051 3567 μεθήρμοζον
1093 3499 1152 3552 τὸ
1198 3498 1551 3569 ψαλλόμενον.
1597 3498 1753 3552 Οὕτω
1779 3498 2025 3552 διακει-.

338 3650 347 3657 ι
416 3587 582 3657 μένης
638 3589 735 3658 τῆς
788 3590 1099 3661 Ἀντιοχέων
1152 3593 1497 3665 Ἐκκλησίας,
1540 3592 1685 3659 εδοξε
1712 3595 1823 3655 τοῖς
1846 3592 1988 3662 ἀμφὶ

413 3680 501 3733 τὸν
535 3680 798 3748 Εὐδόξιον,
839 3682 1019 3747 καλῶς
1052 3683 1194 3754 ἔχειν
1228 3687 1565 3755 μεταστῆσαι
1599 3686 1786 3740 ἐνθάδε
1814 3685 1988 3741 Μελέ-

413 3790 526 3827 τιον
558 3774 621 3827 ἐκ
649 3774 745 3845 τῆς
776 3776 1121 3843 Σεϐαστείας,
1149 3772 1238 3830 οἷά
1266 3795 1330 3847 γε
1356 3778 1619 3847 λέγειν’τε
1658 3779 1753 3833 καὶ
1781 3779 1987 3832 πείθειν

416 3866 620 3933 ἰκανὸν,
644 3868 734 3920 καί
765 3867 835 3922 τά
858 3870 987 3940 περί
1040 3869 1131 3923 τὸν
1182 3869 1294 3941 βίον
1338 3871 1562 3939 ἀγαθὸν,
1604 3872 1704 3925 ’καὶ
1735 3871 1987 3942 ὁμόδοξον

414 3956 597 4021 αὐτοῖς
621 3959 681 4011 τδ
712 3960 840 4031 πρὶν
868 3960 1015 4015 ὄντα.
1042 3961 1200 4014 Κατὰ
1233 3960 1410 4016 πάντα
1432 3962 1539 4032 γὰρ
1558 3960 1745 4032 ᾤοντο,
1784 3964 1849 4032 τῇ
1899 3960 1988 4017 50-.

415 4048 577 4117 κήσει
620 4049 712 4102 τοῦ
764 4050 956 4123 ἀνδρὸς
1010 4051 1146 4123 πρὸς
1199 4053 1406 4106 οἰκείαν
1460 4052 1670 4122 αἵρεσιν
1728 4052 1988 4123 θηράσειν

412 4140 539 4203 τοὺς
577 4141 903 4211 Ἀντιοχείας
950 4144 1260 4214 οἰκήτορας,
1294 4144 1511 4207 καὶτὰς
1562 4143 1720 4213 πέριξ
1758 4144 1939 4207 πόλεις
1970 4160 1985 4175 ·

382 4226 385 4231 ’
417 4232 511 4286 καὶ
546 4232 777 4302 μάλιστα
802 4236 930 4315 τοὺς
956 4235 1321 4305 καλουμένους
1346 4235 1739 4299 Εὑσταθιανοὺς
1761 4236 1827 4299 ,οἰ
1850 4237 1989 4290 κατὰ

415 4323 515 4395 τὴν
541 4323 836 4395 παράδοσιν
872 4324 973 4394 τῆς
1019 4328 1075 4379 ἐν
1112 4328 1317 4399 Νικαίᾳ
1369 4330 1587 4384 συνόδου
1613 4330 1680 4383 τά
1709 4330 1835 4400 περί
1854 4328 1988 4383 Θεοῦ

415 4413 683 4479 ἐδόξαζον.
714 4413 979 4483 Ἔμελλον
1026 4416 1083 4469 δὲ
1141 4418 1426 4495 παραπολὺ
1476 4420 1587 4499 τῆς,
1614 4419 1827 4482 ἐλπίδος
1851 4420 1989 4473 άπο-

412 4504 716 4569 τεύξεσθαι.
760 4506 911 4558 Ἐπεὶ
955 4506 1064 4577 γὰρ
1099 4502 1231 4578 ἧκεν
1270 4511 1350 4571 εἰς
1392 4509 1739 4579 Ἀντιόχειαν,
1776 4509 1989 4577 λέγεται

2089 3330 2477 3387 cessaverant,
2544 3332 2647 3374 nec
2689 3316 2747 3372 in
2788 3302 3072 3387 psallendo
3102 3312 3249 3369 inter
3277 3325 3337 3367 se
3365 3304 3669 3381 concorda-

2087 3417 2243 3483 bant,
2292 3413 2413 3478 sed,
2449 3418 2514 3467 ut
2535 3423 2704 3480 supra
2736 3407 2944 3463 dictum
2968 3412 3075 3472 est,
3100 3401 3299 3474 singuli
3327 3399 3571 3472 psalmos
3600 3396 3671 3452 ad

2088 3522 2245 3565 suam
2275 3502 2481 3561 sectam
2525 3516 2590 3556 ac
2618 3499 2945 3557 sententiam
2992 3493 3499 3552 accommodabant.
3530 3490 3670 3545 Cum

2086 3599 2258 3670 igitur
2301 3595 2690 3651 Antiochensis
2743 3589 2992 3648 Ecclesia
3034 3588 3093 3643 in
3135 3586 3241 3642 hoc
3294 3590 3441 3641 statu
3486 3590 3669 3647 esset,

2086 3687 2395 3745 Eudoxiani
2424 3685 2771 3742 commodum
2803 3681 2922 3738 fore
2962 3679 3286 3751 iudicarunt
3333 3685 3393 3736 ut
3421 3674 3672 3754 Meletius

2091 3779 2340 3836 Sebastia
2375 3777 2505 3832 illuc
2537 3773 2981 3837 transferretur,”
3019 3770 3224 3841 quippe
3258 3766 3351 3836 qui
3393 3763 3462 3819 ad
3487 3764 3675 3820 dicen-

2088 3861 2217 3928 dum
2251 3877 2306 3926 et
2331 3868 2399 3923 ad
2428 3863 2873 3938 persuadendum
2905 3861 3139 3917 idoneus
3172 3865 3322 3916 esset
3348 3856 3403 3911 in
3435 3854 3630 3926 primis
3654 3893 3671 3920 ,

2087 3970 2145 4019 et
2168 3962 2239 4017 ob
2267 3961 2390 4016 vita:
2432 3957 2807 4028 integritatem
2849 3953 3118 4025 probatus
3139 3990 3155 4017 ,
3185 3957 3240 4006 et
3269 3946 3513 4020 ejusdem
3547 3959 3673 3999 cum

2089 4054 2226 4126 ipsis
2270 4050 2554 4123 opinionis
2583 4049 2696 4119 jam
2736 4044 2947 4120 pridem
2989 4044 3311 4099 haberetur.
3343 4038 3555 4094 Etenim
3590 4035 3677 4089 fu-

2088 4150 2273 4197 turum
2304 4140 2527 4197 omnino
2570 4136 2863 4207 sperabant
2920 4140 2979 4187 ut
3027 4132 3166 4187 tanti
3197 4129 3300 4203 viri
3336 4127 3480 4183 fama
3512 4135 3677 4196 atque

2091 4234 2419 4291 auctoritate
2453 4231 2606 4287 cives
2649 4225 3020 4284 Antiochenos
3049 4238 3114 4279 ac
3139 4222 3400 4277 ﬁnitimas
3422 4219 3675 4275 civitates

2091 4328 2158 4383 ad
2222 4340 2377 4381 suam
2448 4322 2763 4393 opinionem
2814 4320 3155 4373 allicerent:
3214 4315 3489 4385 praecipue
3544 4327 3676 4367 vero

2089 4398 2479 4473 Eustathianos
2502 4454 2517 4479 ,
2555 4412 2650 4482 qui
2707 4410 2774 4466 de
2824 4409 3113 4465 divinitate
3144 4406 3219 4461 ita
3257 4404 3568 4462 sentiebant
3615 4410 3677 4459 ut

2095 4525 2124 4563 a
2162 4508 2397 4564 concilio
2442 4505 2660 4560 Nicazno
2692 4502 2954 4557 traditum
3000 4500 3208 4579 fuerat.
3242 4497 3441 4553 Verum
3479 4511 3541 4552 ea
3586 4510 3679 4551 res

412 4596 616 4666 δήμους
633 4596 859 4660 πολλοὺς
882 4598 1153 4652 συνελθεῖν
1172 4600 1280 4652 τῶν
1300 4600 1367 4654 τά
1396 4602 1606 4671 Ἀρείου
1632 4602 1989 4674 φρονούντων,
2022 4580 2071 4637 D
2098 4603 2170 4657 lor

1916 4620 1989 4667 ον,
2022 4580 2071 4637 Ῑ)
2098 4603 2258 4672 longe
2305 4600 2460 4653 aliter
2502 4604 2764 4653 eventura
2804 4604 2922 4650 erat
2972 4608 3135 4663 quam
3172 4590 3491 4662 sperabant.
3539 4586 3674 4641 Nam

414 4688 509 4743 καὶ
562 4690 810 4759 Παυλίνῳ
847 4690 1245 4746 κοινωνούντων
1274 4701 1298 4727 °
1324 4710 1337 4726 ο
1381 4695 1430 4747 οἰ
1465 4694 1582 4764 μὲν,
1615 4696 1992 4765 ἰστορήσοντες

412 4777 502 4832 τὸν
531 4778 720 4849 ἄνδρα,
753 4779 833 4831 ὅτι
869 4780 1003 4833 πολὺ
1026 4782 1181 4845 κλέος
1196 4778 1264 4853 ἦν
1284 4782 1449 4836 αὑτοῦ
1476 4784 1571 4837 καὶ
1595 4785 1701 4855 πρὸ
1721 4785 1820 4855 τῆς
1846 4802 1986 4856 παρ-

412 4870 629 4932 ουσίαςο
667 4872 715 4923 ot
762 4870 839 4936 δὲ,
899 4874 1266 4943 μαθησόμενοι
1309 4874 1362 4928 τί
1398 4874 1508 4946 ἄρα
1550 4876 1685 4953 ἐρεῖ,
1719 4877 1814 4929 καὶ
1846 4876 1989 4930 τίσιν

414 4960 818 5032 ἐπιψηφίζεται.
854 4965 993 5035 Ἤδη
1031 4962 1138 5035 γὰρ
1190 4965 1347 5036 φήμη
1393 4964 1664 5035 διεφοίτα,
1699 4966 1990 5038 ἐπαινέτην

488 5140 680 5197 'Socr.
706 5141 802 5197 lib.
838 5156 899 5209 ιι,
931 5157 980 5198 c.
1011 5142 1099 5197 44.

2100 4708 2223 4749 cum
2258 4692 2347 4747 ille
2376 4688 2719 4745 Antiochiam
2744 4687 3008 4750 venisset,
3042 4684 3239 4754 ingens
3272 4679 3462 4753 populi
3490 4679 3678 4733 multi-

2094 4784 2226 4841 tudo
2255 4781 2587 4839 conﬂuxisse
2620 4779 2851 4841 dicitur,
2885 4786 2996 4830 tam
3041 4790 3112 4830 ex
3150 4772 3372 4829 Arianis
3416 4785 3580 4842 quam
3610 4784 3679 4825 ex

2096 4876 2164 4931 iis
2195 4874 2287 4945 qui
2322 4887 2447 4928 cum
2477 4870 2711 4925 Paulino
2747 4866 3233 4923 communicabant
3267 4882 3282 4920 :
3313 4877 3550 4934 quorum
3584 4861 3678 4916 alii

2095 4968 2371 5023 hominem
2410 4963 2597 5021 videre
2618 4961 2934 5034 cupiebant,
2959 4957 3122 5030 cujus
3152 4964 3308 5014 tanta
3334 4956 3479 5011 fama
3508 4953 3676 5011 etiam

1587 5296 1861 5354 VALESII
1900 5296 2344 5355 ΔΝΝΟΤΑΤΙΟΝ
2353 5297 2457 5352 ES.

489 5395 600 5463 (45)
633 5396 780 5449 Οῦτε
803 5395 1199 5461 ἐπισκόπους.
1229 5394 1717 5466 Constantinopoli
1752 5396 1984 5451 scilicet.

416 5465 491 5518 De
523 5466 623 5519 hac
648 5467 794 5519 enim
840 5466 1108 5520 duntaxat
1158 5465 1296 5521 urbe
1352 5465 1984 5535 loquitur’Sozomenus.

417 5535 572 5601 Quod
631 5552 754 5589 cum
809 5535 1076 5591 Baronius
1112 5552 1223 5591 non
1279 5537 1662 5603 intellexisset,
1711 5537 1987 5592 immerito

416 5607 771 5674 reprehendit
802 5605 1188 5673 Sozomenum,
1233 5608 1379 5678 quod
1414 5608 1616 5664 dixerit
1646 5607 1990 5663 Macedonia-

2095 5410 2197 5450 nos
2236 5396 2303 5451 ab
2328 5396 2434 5451 hoc
2469 5401 2929 5465 temporeAusque
2951 5393 3019 5449 ad
3046 5391 3267 5465 Arcadii
3306 5389 3675 5465 principatum

2095 5467 2343 5523 caruisse
2396 5460 2693 5537 episcopis.
2726 5460 2861 5521 Vide
2888 5466 3067 5529 illum,
3108 5462 3177 5517 ad
3210 5475 3414 5515 annum
3472 5460 3681 5516 Christi

2092 5537 2220 5602 360,
2244 5553 2364 5607 cap.
2404 5538 2490 5592 l9.

1794 5782 2181 5841 VARIORUM.

493 5888 518 5916 °
558 5880 840 5942 Παυλίνῳ
895 5880 1360 5934 κοινωνούντων.
1417 5878 1909 5935 Metachronismus
1969 5898 1981 5933 :

418 5949 687 6010 Paulinus
718 5951 885 6016 enim,
926 5952 1227 6020 imperante
1250 5949 1490 6018 Juliano,
1528 5950 1618 6005 diu
1661 5958 1784 6020 post
1818 5948 1981 6003 Mele-

2094 5878 2226 5931 tium
2255 5893 2283 5930 a
2318 5876 2572 5931 Lucifero
2604 5870 3323 5943 cpiscopus__Antiochcnus
3376 5869 3669 5925 ordinatus

2091 5956 2194 6004 est.
2230 5948 2354 6002 Vid.
2391 5948 2483 6001 lib.
2517 5962 2572 6009 v,
2608 5940 2728 6015 cap.
2756 5944 2841 5998 12.
2881 5940 2967 5995 W.
2999 5940 3222 5996 I-owrn.
