4452 6584
808 456 944 517 1203

2256 446 2601 507 SOZOMENI

3927 464 4074 521 ίεοι

804 580 933 627 ante
966 568 1141 641 ipsius
1190 566 1482 623 adventum
1530 572 1983 637 permanaverat;
2035 564 2126 619 alii
2168 563 2383 623 discere
2412 573 2456 631 Α
2487 568 2562 622 αύ-

2316 581 2383 623 ire
2412 573 2456 631 Α
2487 568 2649 622 αὑτὸν
2675 563 2815 621 εἶναι
2864 568 2955 623 τοῦ
3017 570 3288 642 δόγματος
3318 572 3426 627 τῶν
3457 576 3514 628 ἐν
3543 575 3747 647 Natat;
3786 577 4074 631 συνελθόν-

803 660 1061 716 volebant
1094 657 1357 728 quidnam
1392 655 1673 721 dicturus,
1704 664 1758 712 et
1787 671 2023 727 quorum
2059 658 2385 713 sententiam

803 754 1138 818 probaturus
1154 758 1319 806 esset.
1334 747 1455 803 .Iam
1472 749 1618 805 enim
1642 747 1785 803 fama
1803 748 2208 818 percrebuerat,
2228 749 2388 805 tidem

802 844 1007 899 Nicmni
1031 842 1249 899 concilii
1272 842 1341 896 ab
1356 841 1450 896 illo
1466 842 1843 911 comprobari:
1864 842 2027 911 idque
2050 858 2237 896 verum
2266 858 2391 899 esse

801 938 986 992 exitus
1031 935 1109 990 rei
1147 932 1473 989 declaravit.
1498 930 1634 986 Nam
1677 933 1834 987 initio
1877 933 2097 1003 quidem
2154 934 2389 989 murales

803 1027 1072 1082 duntaxat
1095 1024 1493 1096 praeceptiones
1514 1023 1733 1095 publice
1751 1024 1909 1095 115
1947 1027 2203 1096 exposuit
2228 1042 2241 1079 :
2274 1037 2392 1082 tan-

802 1118 924 1173 dem
956 1131 1086 1172 vero
1106 1108 1307 1172 Filium
1324 1115 1571 1186 ejusdem
1594 1129 1718 1171 cum
1747 1114 1910 1171 Patre
1933 1116 2255 1172 substantiae
2266 1132 2389 1174 esse

801 1208 982 1278 palam
1036 1209 1293 1263 asseruit.
1339 1207 1507 1262 Aiunt
1562 1220 1729 1278 porro
1773 1207 2221 1263 archidiaconum
2293 1210 2390 1280 qui

799 1307 935 1353 tunc
978 1298 1035 1353 in
1082 1314 1147 1353 eo
1205 1297 1353 1353 clero
1393 1310 1549 1363 erat,
1605 1300 1791 1354 statim
1819 1299 2161 1366 accurrisse,
2202 1310 2257 1355 et
2306 1302 2390 1355 in-

800 1392 943 1460 jecta
992 1404 1156 1445 manu
1181 1429 1196 1453 ,
1238 1390 1419 1445 adhuc
1457 1392 1733 1461 loquentis
1773 1408 1836 1449 os
1868 1392 2177 1450 obturasse.
2228 1395 2389 1450 Illum

800 1498 932 1538 vero
954 1498 1118 1537 manu
1140 1497 1262 1550 sua,
1280 1482 1487 1539 clarius
1507 1498 1668 1554 quam
1700 1498 1835 1539 voce
1852 1525 1868 1551 ,
1887 1486 2213 1541 sententiam
2232 1501 2390 1542 suam

801 1574 1169 1646 signiﬁcasse.
1202 1575 1339 1632 Tres
1366 1578 1512 1633 enim
1549 1576 1819 1633 duntaxat
1846 1577 2047 1649 digitos
2076 1578 2234 1633 initio
2260 1593 2392 1648 pro-

801 1669 1008 1736 tendit;
1029 1669 1227 1726 deinde
1249 1668 1443 1725 iisdem
1470 1659 1795 1725 retractis‘ct
1817 1670 2170 1741 compressis,
2215 1676 2394 1723 unum

803 1772 1017 1818 tantum
1042 1762 1306 1834 porrexit,
1323 1776 1522 1818 manus
1547 1760 1724 1833 ﬁgura
1743 1762 2035 1832 designans
2054 1760 2391 1816 multitudini

800 1865 869 1906 ea
900 1867 1022 1922 quae
1062 1851 1179 1921 ipse
1220 1850 1485 1912 sentiret,
1525 1858 1580 1906 et
1608 1865 1733 1920 quas
1759 1850 1943 1906 dicere
1978 1850 2385 1921 prohiberetur.

802 1946 1053 2014 Cumque
1076 1953 1318 1999 aestuans
1343 1942 1791 2009 archidiaconus,
1806 1942 2035 1999 dimisso
2051 1958 2145 1999 ore
2166 1960 2387 1998 manum

804 2036 1005 2092 Meletii
1035 2035 1512 2107 apprehendisset,
1538 2035 1630 2091 ille
1646 2035 1873 2091 liberam
1905 2036 2147 2107 linguam
2172 2043 2388 2101 nactus,

807 2129 949 2184 elata
982 2143 1120 2184 voce
1166 2129 1496 2185 sententiam
1539 2143 1697 2183 suam
1747 2121 1991 2198 a‘pertius
2029 2144 2196 2200 quam
2231 2125 2393 2183 ant’ea

807 2220 1135 2286 declaravit,
1188 2220 1580 2289 auditoresque
1619 2221 1896 2275 hortatus“
1928 2226 2013 2275 est
2065 2227 2125 2274 ut
2157 2218 2395 2298 Nicena;

809 2312 1007 2383 synodi
1042 2311 1279 2367 decretis
1301 2309 1737 2365 adbmrescercnt
1758 2348 1773 2373 ,
1808 2315 2145 2379 protestatus
2170 2322 2268 2363 eos
2302 2308 2395 2378 qui

807 2404 972 2460 aliter
1016 2405 1323 2469 sentirent,
1369 2418 1400 2457 a
1438 2418 1573 2471 vero
1601 2401 1877 2456 aberrare.
1903 2400 2040 2456 Cum
2069 2409 2250 2456 autem
2282 2402 2396 2456 hazc

806 2494 997 2555 eadem
1035 2494 1224 2549 dicere
1267 2501 1323 2550 et
1365 2508 1529 2547 manu
1577 2492 1891 2563 signiﬁcare
1933 2492 2246 2547 alternatim
2289 2506 2398 2546 non

808 2587 1120 2651 desineret,
1147 2601 1249 2656 pro
1276 2600 1342 2641 eo
1369 2574 1533 2657 atQue
1559 2568 1987 2640 arcliidiaconus
2020 2585 2198 2656 ipsum
2226 2583 2401 2654 impe-

810 2677 1035 2742 diebat,
1096 2686 1152 2733 et
1201 2679 1481 2733 contentio
1521 2678 1666 2732 inter
1716 2684 1985 2747 utrosque
2038 2683 2187 2731 esset
2221 2661 2401 2741 ,'non

811 2769 1098 2825 dissimilis
1125 2768 1446 2837 Pancratio;
1471 2768 1820 2824 Eustatbiani
1848 2770 2183 2831 exclamare,
2208 2775 2399 2839 gratu—

812 2862 952 2927 lari,
988 2870 1041 2918 et
1066 2878 1179 2938 pra:
1208 2863 1408 2934 gaudio
1438 2863 1663 2918 exsilire
1700 2869 2009 2932 ceperunt.
2042 2861 2233 2915 Ariani
2268 2876 2401 2917 vero

812 2955 1029 3009 animos
1068 2956 1360 3012 demisere.
1404 2954 1619 3022 Quibus
1660 2953 1896 3030 auditis,
1932 2952 2250 3035 {Eudoxiani
2281 2968 2405 3025 gra-

812 3048 963 3103 viter
1013 3050 1275 3104 commoti
1320 3056 1494 3105 sunt:
1546 3062 1882 3119 operamque
1924 3047 2297 3130 addliibuerunt
2344 3055 2406 3100 ut

815 3138 1067 3196 Melctins
1096 3140 1319 3196 civitate
1346 3140 1731 3210 expelleretur.
1758 3138 2022 3193 Eumdem
2050 3149 2229 3195 tamen
2252 3147 2407 3209 post-

2418 1912 2466 1972 Β

2488 679 2596 715 των
2620 678 2632 691 ·
2668 661 2843 715 καὶτὸ
2872 661 3083 717 ἀποϐὰν
3102 663 3290 732 ἔδειξε.
3317 666 3427 737 Τὴν
3463 667 3562 738 μὲν
3590 668 3698 739 γὰρ
3721 668 3913 739 ἀρχὴν,
3940 672 4073 734 τοὺς

2488 752 2854 822 καλουμένους
2884 753 3108 825 ἠθικοὺς
3144 755 3334 825 λόγους
3371 756 3606 830 δημοσίᾳ
3630 759 3874 813 ἐδίδασκε
3902 776 3917 791 ·
3964 778 4075 813 τε-

2490 846 2693 899 λευτῶν
2713 846 2792 911 δὲ,
2821 847 3126 918 ἀναφανδὸν
3148 849 3248 919 τῆς
3272 850 3443 921 αὐτῆς
3470 850 3659 916 οὐσίας
3672 850 3750 922 τῷ
3774 854 3949 924 Πατρὶ
3976 856 4074 906 τὸν

2491 937 2619 995 Υίδν
2647 939 2982 1011 ἀπεφήνατο.
3016 940 3248 1011 Λέγεται
3275 941 3354 1009 δέ,
3388 944 3755 1015 προσδραμὼν
3775 946 3803 997 ὁ
3823 945 4075 1017 άρχιδιά-

2489 1046 2665 1096 κονος,
2709 1031 2767 1095 ὃς
2810 1032 2933 1085 τότε
2990 1029 3059 1105 ἦν
3087 1034 3181 1088 τοῦ
3216 1035 3402 1089 ἐνθάδε
3431 1035 3658 1109 κλήρου,
3688 1037 3771 1091 ἐτι
3806 1031 3965 1092 τοῦτο
3986 1039 4077 1092 λέ-

2488 1138 2677 1191 γοντος
2706 1123 2978 1178 ἐπιϐαλὼν
3016 1126 3115 1195 τὴν
3153 1129 3332 1200 χεῖρα,
3374 1128 3569 1181 ἔδυσεν
3598 1128 3765 1183 αὑτοῦ
3789 1131 3849 1183 τὸ
3871 1130 4069 1200 στόμα.

2503 1215 2563 1267 '0
2592 1214 2669 1281 δέ,
2704 1218 2770 1286 τῇ
2798 1215 2942 1287 χειρὶ
2970 1216 3308 1291 σαφέστερον
3353 1218 3387 1289 ἢ
3418 1220 3485 1289 τῇ
3516 1221 3691 1290 φωνῇ,
3714 1219 3814 1289 τὴν
3841 1220 4075 1291 γνώμην

2492 1307 2855 1377 κατεσήμαινε
2883 1325 2895 1338 ο
2950 1309 3043 1361 καὶ
3097 1312 3248 1380 τρεῖς
3300 1311 3493 1383 μόνους
3551 1312 3632 1374 είς
3682 1311 3744 1364 τὸ
3796 1311 4075 1380 προφανὲς

2490 1399 2785 1464 δακτύλους
2834 1401 3113 1468 ἐκτείνων,
3164 1403 3245 1465 είς
3298 1402 3494 1455 ταυτὸν
3550 1402 3608 1454 δὲ
3654 1402 3816 1456 πάλιν
3850 1402 4080 1465 τούτους

2494 1490 2767 1559 συνέλεγε,
2804 1489 3002 1545 καὶτὸν
3029 1491 3126 1545 ἕνα
3144 1489 3321 1563 ὤρθου
3348 1509 3363 1523 ο
3398 1491 3477 1563 τῷ
3506 1492 3745 1563 σχήματι
3765 1492 3862 1562 τῆς
3890 1491 4080 1562 χειρὸς

2492 1582 2771 1647 είκονίζων
2828 1585 2941 1647 τοῖς
3004 1582 3265 1654 πλήθεσιν
3307 1583 3451 1654 άπερ
3496 1584 3733 1657 ἐφρόνει,
3770 1584 3866 1637 καὶ
3895 1583 4079 1651 λέγειν

2493 1674 2761 1745 ἐπείχετο.
2808 1674 2898 1738 Ὠς
2925 1675 2983 1728 δὲ
3012 1676 3373 1747 ἀμηχανήσας
3406 1678 3434 1729 ὁ
3464 1677 3837 1748 ἀρχιδιάκονος
3877 1676 4081 1728 ἐπελάο

2493 1762 2617 1817 ὕετο
2644 1766 2744 1835 τῆς
2776 1765 2977 1835 χειρὸς,
3011 1765 3105 1818 τοῦ
3145 1765 3413 1835 στόματος
3447 1766 3742 1837 ἀφέμενος,
3778 1765 4084 1837 ἐλευθερω-

2495 1857 2607 1921 θεὶς
2631 1856 2731 1928 τὴν
2766 1856 3052 1947 γλῶσσαν,
3076 1856 3158 1911 ἔτι
3181 1858 3381 1929 μᾶλλον
3405 1858 3618 1930 μεγάλῃ
3646 1861 3710 1930 τῇ
3729 1861 3880 1929 φωνῇ
3905 1857 4079 1927 σαφέ-

2498 1965 2687 2019 στερον
2743 1949 2934 2020 ἐδήλου
2962 1947 3061 2020 τὴν
3094 1948 3260 2003 αὐτοῦ
3289 1949 3448 2015 δόξαν
3470 1967 3483 1981 ·
3525 1950 3620 2003 καὶ
3655 1948 3763 2002 τῶν
3787 1952 3844 2003 ἐν
3869 1949 4083 2017 Nini;

2493 2038 2827 2110 δεδογμένων
2848 2039 3068 2110 ἔχεσθαι
3084 2040 3484 2115 παρεκελεύετο
3506 2058 3520 2072 ο
3556 2040 3649 2094 καὶ
3683 2039 4083 2111 διεμαρτύρετο

2492 2134 2620 2195 τοὺς
2642 2131 2957 2197 ἀκούοντας,
2989 2132 3325 2203 ἁμαρτάνειν
3346 2133 3441 2203 τῆς
3460 2131 3725 2210 ἰάληθείας
3756 2133 3885 2195 τοὺς
3902 2131 4081 2194 ἄλλως

2496 2224 2848 2296 φρονοῦντας.
2883 2225 3038 2278 Ἐπεὶ
3091 2226 3149 2280 δὲ
3184 2226 3285 2279 οὐκ
3313 2224 3544 2279 ἐνεδίδου
3578 2225 3648 2279 τά
3674 2224 3813 2279 αὐτὰ
3838 2224 4018 2293 λέγων
4043 2224 4078 2294 ἦ

2496 2321 2562 2389 τῇ
2625 2317 2768 2389 χειρὶ
2817 2316 3029 2380 δεικνὺς
3068 2315 3385 2388 ἀμοιϐαδὸν,
3425 2316 3501 2379 ώς
3526 2316 3782 2388 ἐνεχώρει
3812 2314 3946 2386 πρὸς
3983 2312 4084 2383 τὴν

2497 2413 2590 2467 τοῦ
2618 2413 2994 2485 άρχιδιακόνου
3015 2411 3276 2477 κώλυσιν,
3300 2411 3396 2465 καὶ
3423 2410 3722 2480 φιλονεικία
3746 2405 4083 2480 ἧν“ἀμφοτέ-

2502 2524 2610 2577 ρων
2633 2505 2765 2576 (44),
2815 2504 3093 2575 μονονουχὶ
3135 2502 3461 2573 παγκρατίῳ
3507 2501 3774 2573 ἐμφερὴς,
3811 2499 3951 2570 μέγα
3987 2500 4085 2551 av-

2501 2598 2736 2669 έκραγον
2771 2598 2821 2650 οί
2874 2596 3259 2661 Εὑσταθιανοὶ,
3283 2595 3377 2649 καὶ
3404 2594 3621 2665 ἔχαιρον
3642 2594 3736 2647 καὶ
3758 2586 4040 2663 ἀνεπήδων
4064 2605 4080 2619 ·

2500 2690 2551 2742 οί
2577 2689 2635 2742 δὲ
2676 2687 2907 2758 Ἀρείου,
2927 2687 3191 2757 κατηφεῖς
3218 2681 3378 2757 ἦσαν.
3406 2682 3762 2745 ’Λκούσαντες
3787 2681 3843 2733 δὲ
3870 2682 3919 2733 οἱ
3940 2678 4088 2750 ἀμφὶ

2501 2779 2591 2831 τὸν
2618 2777 2889 2843 Εὐδόξιον,
2912 2777 3285 2848 ἐχαλέπαινον,
3319 2775 3414 2828 καὶ
3452 2772 3711 2842 ἐλαθῆναι
3740 2772 3839 2840 τῆς
3876 2770 4089 2833 πόλεως

2502 2870 2594 2924 τὸν
2622 2868 2886 2933 Μελέτιον
2932 2868 3272 2922 ἐσπούδασαν
3295 2881 3312 2898 ⁸
3349 2867 3446 2920 καὶ
3475 2865 3636 2920 πάλιν
3668 2862 4086 2936 μετεκαλούντο,

2503 2957 2579 3021 ὡς
2600 2957 2692 3009 ἐπὶ
2712 2955 2994 3026 διορθώσει
3014 2955 3124 3008 τῶν
3145 2955 3451 3027 εἰρημένων
3476 2950 3785 3026 μεταμελού
3791 2970 3970 3025 μενον,
3992 2952 4091 3005 καὶ
4136 3016 4139 3019 _

2500 3047 2764 3101 τάναντία
2786 3046 3096 3112 δοξάζοντα.
3115 3047 3209 3118 Μὴ
3241 3035 3677 3118 μεταθέμενδνδὲ
3714 3046 3814 3115 τῆς
3836 3044 4087 3115 γνώμης.

2506 3137 2863 3193 ἐκϐάλλεσθαι
2907 3138 3009 3208 τῆς
3050 3138 3415 3221 Ἐκκλησίαςη
3448 3138 3541 3190 καὶ
3577 3136 3872 3210 ὑπερορίαν
3918 3137 4091 3189 οίκεῖν

815 3246 881 3287 ea
947 3240 1314 3297 revocarunt,
1373 3230 1441 3285 ad
1490 3245 1554 3286 ea
1604 3245 1726 3301 quae
1784 3230 1999 3285 dixerat
2039 3230 2401 3301 corrigenda,
2431 3268 2474 3325 ϐ
2508 3248 2573 3303 πε

2336 3246 2401 3295 a,
2431 3268 2474 3325 ϐ
2508 3229 2840 3303 προσέταξεν
2891 3232 2919 3284 ό
2976 3228 3265 3315 βασιλεύς.⁸
3327 3229 3479 3283 Ἐπεὶ
3522 3228 3580 3282 δὲ
3629 3228 3789 3281 τοῦτο
3839 3227 4089 3297 γέγονεν,

815 3332 1081 3395 tanquam
1117 3324 1441 3394 poenitentia
1475 3324 1701 3378 ductum
1728 3363 1743 3385 ,
1794 3331 1848 3378 et
1893 3324 2231 3377 contrariam
2284 3338 2403 3377 am-
2438 3318 2472 3325 r
2508 3324 2573 3375 ἐπ

2335 3339 2403 3376 n-
2438 3318 2472 3325 ‘V
2508 3322 2859 3392 ἐπιτρέπεται
2879 3321 2971 3375 τὸν
3013 3321 3332 3391 Ἀντιοχέων
3362 3321 3549 3391 θρόνον
3572 3318 3831 3383 Εύζώῖος,
3867 3319 3927 3382 ὃς
3972 3319 4093 3388 ἅμα

815 3416 1036 3488 plexum
1067 3414 1423 3471 sententiam.
1459 3413 1570 3468 Sed
1612 3427 1740 3467 cum
1780 3412 1872 3483 ille
1916 3412 2245 3483 sententiam
2293 3428 2405 3468 non

815 3516 1098 3575 mutaret,
1148 3507 1450 3578 imperator
1496 3519 1621 3559 eum
1673 3504 1918 3559 Ecclesia
1962 3505 2199 3573 expelli,
2255 3514 2309 3560 et
2348 3506 2403 3560 in

814 3600 1073 3657 exsilium
1102 3598 1381 3670 deportari
1412 3598 1599 3668 jussit.
1649 3595 1771 3663 Quo
1802 3579 1955 3659 facto
1994 3594 2231 3651 Euzoius
2251 3638 2265 3661 ,
2308 3597 2405 3667 qui

813 3696 926 3764 jam
962 3693 1173 3764 pridem
1216 3708 1325 3747 una
1364 3706 1487 3745 cum
1534 3690 1665 3745 Ario
1694 3674 1981 3759 depositus
2011 3695 2169 3753 erat,
2206 3688 2402 3743 Antio-

817 3785 1049 3841 chenam
1082 3786 1267 3840 sedem
1304 3782 1598 3852 regendam
1630 3782 1893 3850 suscepit.
1930 3778 2197 3835 Fautores
2224 3790 2404 3834 autem

816 3876 1042 3939 Mcletii,
1077 3892 1197 3931 sese
1226 3876 1297 3931 ab
1322 3876 1545 3929 Arianis
1571 3882 1923 3946 segregantes
1949 3914 1963 3938 ,
1990 3888 2239 3929 seorsum
2271 3887 2406 3927 con-

814 3978 1016 4024 ventus
1042 3978 1289 4034 egerunt.
1324 3967 1459 4022 Nam
1492 3967 1586 4037 qui
1628 3967 1699 4022 ab
1728 3966 1889 4021 initio
1914 3965 2402 4022 consubstantialis

819 4058 979 4114 tidem
1014 4060 1185 4115 secuti
1213 4058 1453 4122 fuerant,
1488 4058 1905 4113 communicare
1934 4073 2060 4113 cum
2083 4057 2192 4113 illis
2218 4056 2402 4113 detre-

820 4155 1045 4208 ctabant
1073 4193 1087 4216 ,
1146 4169 1212 4208 eo
1256 4152 1401 4223 quod
1453 4150 1705 4207 Meletius
1755 4151 1823 4206 ab
1866 4151 2088 4205 Arianis
2127 4151 2402 4221 episcopis

818 4246 1111 4301 ordinatus
1136 4244 1365 4310 fuisset,
1390 4250 1807 4313 seclatoresque
1832 4242 1955 4311 ejus
1989 4241 2056 4295 ab
2087 4239 2402 4310 huiusmodi

2519 3414 2712 3485 ’Δρείῳ
2738 3413 3005 3484 πρότερον
3021 3413 3123 3484 ἤδη
3145 3412 3427 3484 καθῄρητο
3449 3430 3462 3443 ο
3505 3413 3629 3479 οἱςδέ
3650 3412 3914 3466 Μελετίου
3935 3412 4095 3464 ἐπαι-

2506 3506 2677 3572 νέται,
2732 3505 3143 3576 ἀποτεμόμενοι
3171 3507 3311 3574 σφᾶς
3339 3504 3449 3558 τῶν
3476 3503 3544 3558 τὰ
3593 3503 3802 3574 ’Δρείου
3831 3500 4095 3574 φρονούν-

2505 3616 2634 3664 των,
2691 3598 2797 3670 ίδίᾳ
2861 3598 3224 3668 ἐκκλησίαζον
3251 3614 3265 3629 '
3293 3597 3341 3650 οἱ
3374 3596 3484 3668 γὰρ
3511 3596 3797 3667 ὁμοούσιον
3826 3594 3886 3659 ἐξ
3913 3593 4094 3665 ἀρχῆς

2504 3688 2597 3741 τὸν
2628 3688 2757 3742 Υἱὸν
2784 3690 2861 3759 τῷ
2882 3690 3060 3760 Πατρὶ
3079 3688 3416 3756 δοξάζοντες,
3435 3707 3511 3743 πα
3519 3690 3780 3761 ρῃτοῇντο
3812 3691 4092 3742 κοινωνεῖν

2515 3779 2807 3843 αὐτοῖς,ὡς
2834 3779 3100 3833 Μελετίου
3134 3779 3271 3849 πρὸς
3310 3780 3603 3851 Ἀρειανῶν
3636 3782 3949 3833 ἐπισκόπων
3978 3797 4093 3850 χει-

2516 3873 2911 3945 ροτονηθέντος,
2950 3874 3043 3927 καὶ
3081 3873 3187 3926 ὑπὸ
3240 3873 3503 3936 τοιούτοις
3538 3872 3741 3945 ἱερεῦσι
3776 3872 4095 3945 βαπτισθέν-

2509 3984 2616 4021 των
2645 3944 2754 4021 τῶν
2778 3967 3059 4037 ἐπομένων
3084 3964 3269 4043 αύτῷ..
3302 3967 3412 4019 Kal.
3434 3968 3483 4019 οί
3517 3966 3615 4044 μὲν
3639 3965 3782 4019 κατὰ
3817 3944 4093 4034 πρόφασιν

2507 4058 2664 4131 τήνδε
2724 4059 3003 4131 διῄρηντο,
3046 4058 3253 4130 καίπερ
3311 4058 3511 4128 ὁμοίως
3557 4056 3902 4128 φρονοῦντες.
3946 4055 4002 4109 '0
4034 4054 4095 4107 δὲ

2510 4154 2763 4226 βασιλεὺς
2797 4153 3038 4218 ἀκούσας
3065 4153 3283 4223 Πέρσας
3316 4150 3674 4221 νεωτερίζειν,
3695 4145 3828 4222 ἧκεν
3852 4150 3933 4212 είς
3967 4149 4093 4202 ’Δν-

2507 4240 2652 4311 τιόχε
2661 4257 2763 4293 ιαν.

819 4343 1199 4400 sacerdotibus
1260 4350 1449 4398 essent
1524 4340 1805 4411 baptizati.
1863 4337 1929 4392 Et
1968 4338 2059 4393 isti
2102 4337 2323 4407 quidem
2399 4338 2470 4391 ob
2524 4329 2672 4392 banc
2729 4350 2954 4391 causam
3007 4335 3150 4389 inter
3196 4349 3255 4389 se
3295 4332 3458 4387 divisi
3507 4338 3682 4395 sunt,
3736 4328 3987 4400 quamvis
4034 4326 4092 4383 in

818 4436 1075 4493 doctrina
1127 4434 1249 4490 lidei
1298 4433 1700 4489 consentirent.
1727 4431 2028 4502 Imperator
2077 4443 2227 4495 vero,
2278 4442 2403 4483 cum
2475 4426 2676 4485 Persas
2757 4443 2847 4484 res
2890 4443 3062 4483 novas
3101 4426 3297 4495 ,moliri
3347 4425 3695 4495 accepisset,
3739 4420 4091 4476 Antiochiam

819 4526 1088 4599 perrexit.

1415 4617 1571 4675 CAP.
1613 4617 1804 4698 xXIx.
1880 4625 1894 4644 θ

824 4713 1098 4780 Quomodo
1144 4713 1402 4767 Acaciani
1449 4711 1619 4765 denuo
1656 4710 1969 4763 tumultuati
2007 4718 2168 4778 sunt,
2200 4716 2251 4760 et
2280 4722 2406 4760 con-

880 4785 1251 4843 substantialis
1300 4783 1509 4851 quidem
1546 4783 1705 4851 ﬁdem
1727 4782 1977 4845 evertere,
2011 4780 2269 4831 Arianam
2314 4792 2405 4829 au-

900 4868 1002 4909 tem
1026 4856 1277 4911 ha’resint
1298 4855 1541 4908 stabilire
1562 4854 1894 4906 studuerunt.

897 4946 1071 5002 Porro
1116 4946 1376 5020 Acaciani
1425 4944 1609 5017 adhuc
1648 4943 1934 5013 quiesccrc
1965 4954 2074 4996 non
2116 4946 2403 5009 poterant;

828 5040 923 5095 sed
954 5039 1255 5095 Antiochiae
1296 5052 1407 5093 una
1447 5052 1570 5093 cum
1611 5035 1803 5106 paucis
1826 5034 2022 5088 iterum
2051 5028 2400 5100 congregati,

3092 4605 3344 4661 ΚΕΦΑΛ,
3385 4604 3514 4659 ΚΘθ.

2510 4707 2636 4759 Ὀτι
2666 4707 2720 4758 ot
2773 4686 2905 4772 πδερζ
2946 4699 3217 4772 Ἀκὰκιον
3261 4696 3450 4772 πάλης
3481 4696 3591 4748 οὐκ
3619 4690 4095 4772 ἡρέμρυτμρλἴιὰ

2576 4776 2642 4829 τὸ
2661 4761 2986 4843 όμοούὶγὶον
2999 4770 3235 4849 ἐξελεῖν
3249 4766 3589 4846 ἐπειρῶντο,
3608 4764 3704 4819 καί
3726 4763 3841 4831 τὴν
3864 4761 4094 4829 ’Δρείου

2576 4848 2813 4914 αἵρεσιν
2851 4848 3174 4907 συνιστᾳν.

2581 4936 2644 4987 Ol
2674 4933 2729 4985 δέ
2762 4931 2908 5001 ἀμφὶ
2933 4930 3205 4992 ’Λκάκιον,
3230 4928 3460 4998 ἠρεμεῖν
3482 4923 3642 4978 πάλιν
3661 4922 3761 4975 οὐκ
3791 4919 4091 4991 ἠνείχοντο,

2510 5023 2851 5087 συνελθόντες
2873 5024 2951 5085 είς
2983 5020 3307 5090 ’Δντιόχειαν
3327 5018 3441 5089 (45)
3466 5028 3491 5066 P
3514 5017 3630 5087 ἅμα
3656 5013 3879 5081 ὀλίγοις,
3906 5009 3973 5064 τὰ
4000 5009 4093 5063 δε-

1997 5158 2271 5263 νΑιέδιι
2313 5198 2871 5259 ANNOTATIONES.

903 5308 1013 5377 (Η)
1068 5308 1175 5360 Καὶ
1211 5306 1599 5377 φιλονεικίαν
1633 5304 2047 5377 ’ἀμφοτέρωντὲ
2073 5299 2251 5377 Hujus
2298 5299 2405 5377 loci

828 5373 1147 5436 emendatio
1179 5373 1405 5432 debetur
1427 5376 1604 5431 codici
1633 5374 1833 5431 Leonis
1866 5373 2073 5437 Allatii,
2106 5373 2159 5426 in
2190 5386 2298 5441 quo
2330 5373 2404 5423 ita

830 5450 1095 5505 scribitur
1128 5467 1141 5501 :
1170 5450 1265 5501 καὶ
1306 5446 1606 5517 φιλονεικία
1646 5442 1716 5516 ἦν
1749 5444 2092 5517 ἀμφοτέρων.
2115 5448 2291 5511 Atque.
2332 5442 2404 5495 ita

834 5521 964 5589 legit
992 5515 1351 5589 Nicephorus.
1383 5517 1555 5571 Porro
1576 5515 1883 5589 sermonem
1913 5515 2065 5589 illum
2090 5529 2251 5589 quem
2275 5522 2406 5566 tunc

835 5586 1087 5645 Méletius
1129 5586 1329 5645 habuit
1384 5588 1714 5654 Antiochia,
1775 5587 1822 5643 si
1856 5588 1979 5656 quis
2038 5586 2178 5641 forte
2226 5587 2407 5655 legere

2514 5296 2815 5359 desiderat,
2869 5293 3042 5349 habes
3078 5291 3220 5363 apud
3257 5289 3623 5362 Epiphanium
3661 5288 3716 5341 in
3754 5283 3948 5340 haeresi
3993 5282 4093 5338 Sc-

2513 5368 2932 5424 miarianornm.
3549 5433 3553 5434 ,
3817 5428 3829 5434 _
4010 5424 4019 5434 ,

2586 5440 2699 5509 (45)
2761 5436 3196 5509 Συνελθόντες,
3220 5437 3325 5509 εἰς-
3371 5433 3748 5509 Ἀντιόχειαν.
3793 5428 4099 5509 _Asscnti_or

2514 5501 3018 5581 Ch'ristophorsonn
3057 5516 3111 5561 et
3165 5505 3406 5581 ξεινξιὶο,Δ
3437 5504 3538 5581 qui
3586 5503 3731 5555 hunc
3792 5501 3974 5552 locum
4017 5501 4097 5551 ita

2516 5583 2702 5654 legunt
2736 5574 2755 5635 Ξ
2784 5578 3138 5641 Συνελθόντες
3162 5577 3218 5629 δὲ
3243 5577 3323 5639 είς
3365 5574 3715 5643 ’Δντιόχειαν.

2229 5736 2595 5794 VARIORUM
2606 5778 2618 5791 .

906 5858 933 5894 ι)
964 5842 1368 5905 Συνελθόντες
1403 5841 1490 5905 εἰς
1526 5840 1906 5907 Ἀντιόχειαν.
1944 5838 2249 5892 Concilium
2300 5836 2413 5889 An-

837 5914 1154 5969 tiochi-num
1189 5927 1260 5975 vn,
1296 5911 1621 5975 Anliochitr,
1651 5910 1704 5964 in
1732 5925 1839 5981 qua
1874 5919 2003 5965 tunc
2030 5910 2221 5981 agebat
2253 5908 2413 5978 impc-

2523 5847 2696 5899 rator,
2731 5841 2967 5888 exeunte
3000 5846 3146 5885 anno
3172 5830 3297 5892 560,
3337 5829 3405 5882 ab
3436 5826 3653 5899 Arianis
3678 5828 4091 5899 congregatum.

2528 5906 2659 5962 Vide
2683 5889 2971 5969 Albanae,
3005 5902 3077 5957 De
3106 5889 3340 5972 synodis,
3377 5910 3429 5955 et
3459 5898 3689 5965 Theod.,
3716 5889 3812 5951 mi:
3840 5889 3904 5961 ιι,
3932 5906 3984 5947 c.
4005 5889 4095 5945 τι.
