4452 6584
423 467 564 526 ΙΞο5

1449 473 1776 532 HISTORIA
1810 464 2370 532 ECCLESIASTICA.
2411 506 2481 520 —
2519 476 2647 533 LIB.
2690 478 2780 535 IV.

3536 486 3675 545 1206

418 582 658 653 δογμένα
682 584 783 655 ἤδη
808 586 984 655 σφίσιν
1012 588 1320 660 ἐμέμφοντο
1346 607 1359 621 ·
1393 593 1488 644 καὶ
1519 592 1617 660 τῆς
1645 590 2001 660 ἀναγνωσθεί-
2032 595 2078 653 Α
2105 605 2167 644 ea

1915 590 2001 644 );i-
2032 595 2167 653 Aea
2213 605 2335 661 quae
2394 590 2499 660 ipsi
2557 592 2710 661 prius
2766 590 3122 647 decreverant
3187 592 3673 665 reprehenderunt,

421 689 521 742 σης
575 676 632 725 ὲν
684 677 958 748 Ἀριμήνῳ
1024 681 1120 735 καὶ
1168 683 1732 737 Κωνσταντινουπόλει
1778 684 1997 753 γραφῆς

419 768 733 836 περιτεμεῖν
794 768 1123 840 ἐδοκίμασαν
1154 772 1216 825 τὸ
1277 774 1461 844 ὅμοιον
1494 775 1696 846 ὄνομαο
1735 775 1830 827 καὶ
1858 775 1999 827 κατά

419 855 617 921 πάντα,
670 858 859 912 οὐσίαν
907 877 964 912 τε
1023 863 1116 915 καὶ
1153 862 1427 941 βούλησιν,
1468 865 1721 933 ἀνόμοιον
1747 861 1884 919 εἶναι
1921 865 1999 936 τῷ

420 943 594 1015 Ιιατρὶ
614 945 703 998 τὸν
727 946 876 1013 Υίὸν,
908 951 1000 1003 καὶ
1016 951 1075 1016 ἐξ
1090 953 1188 1005 οὐκ
1211 944 1379 1008 ὄντων
1401 956 1727 1026 γεγενῆσθαι
1749 956 1995 1027 ἡγοῦντο,

420 1034 495 1097 ὡς
527 1037 584 1100 ἐξ
610 1039 783 1109 ἀρχῆς
824 1041 1018 1113 Ἀρείῳ
1056 1044 1249 1099 ἐδόκει.
1286 1046 1759 1117 Συνελαμῦάνοντο
1786 1047 1842 1100 δὲ
1875 1047 1999 1100 τού-

419 1143 534 1189 τοις
572 1130 663 1182 καὶ
700 1133 747 1183 οἱ
775 1132 844 1185 τὰ
880 1134 1084 1189 Ἀετίου
1116 1138 1458 1207 φρονοῦντες,
1485 1139 1543 1203 ὃς
1603 1140 1739 1209 μετὰ
1782 1140 1998 1211 Ἀρειον

422 1218 638 1286 πρῶτος
697 1225 1013 1293 περιφανῶς
1054 1228 1362 1297 χρήσασθαι
1392 1232 1504 1292 τοῖς
1530 1230 1755 1301 ὀνόμασι
1790 1231 1999 1294 τούτοις

424 1306 748 1378 ἐθάρρησεν,
786 1312 947 1366 Ὅθεν
973 1314 1036 1385 δὴ
1066 1318 1160 1368 καὶ
1200 1318 1355 1379 ἄθεος
1380 1317 1712 1389 ὠνομάζετο,
1737 1321 1831 1374 καὶ
1859 1322 1906 1373 οἱ
1931 1320 2000 1374 τὰ

424 1400 590 1452 αὑτοῦ
619 1402 1003 1472 δοκιμάζοντες
1054 1408 1319 1478 Ἀνόμοιοι
1345 1410 1440 1463 καὶ
1473 1410 1831 1477 Ἑξουκόντιοι
1862 1413 1995 1483 (46).

424 1488 849 1561 Πυνθανομένων
870 1495 925 1547 δὲ
951 1496 1127 1550 αὐτῶν
1150 1498 1257 1559 τῶν
1277 1500 1559 1570 ἑπομένων
1575 1506 1684 1567 τοῖς
1710 1505 1766 1555 ὲν
1796 1504 2000 1575 Νικαίᾳ

424 1579 660 1647 δόξασιν,
692 1583 837 1647 ὅπως
855 1584 987 1638 Θεὸν
1002 1588 1066 1639 ὲκ
1083 1587 1215 1642 Θεοῦ
1232 1590 1323 1644 τὸν
1344 1591 1469 1645 Υἱὺν
1492 1594 1996 1664 συνομολογοῦντες,

427 1672 678 1760 ἀνόμοιόν
733 1692 791 1727 τε
842 1677 938 1729 καὶ
986 1679 1046 1744 ἐξ
1076 1682 1174 1734 οὐκ
1197 1682 1364 1738 ὄντων
1395 1686 1489 1739 κα)⁴
1532 1686 1683 1758 παρὰ
1724 1688 1821 1758 τὴν
1850 1689 1998 1757 σφῶν

425 1764 607 1819 αὐτῶν
630 1765 842 1821 ἔκθεσιν
871 1769 1157 1841 ὀνομάζειν
1184 1773 1475 1848 θαρροὕσιν
1509 1795 1522 1809 -
1558 1779 1640 1832 ὅτι
1670 1780 1762 1833 καὶ
1789 1780 1999 1859 ῌαῦλος

425 1859 456 1911 ὁ
491 1859 805 1924 ἀπόστολος,
872 1863 1101 1933 ἔφασαν,
1147 1862 1294 1934 εἷπε,
1351 1871 1427 1924 Τὰ
1457 1870 1525 1924 δὲ
1566 1871 1763 1926 πάντα
1783 1873 1851 1927 ἑκ
1893 1874 1998 1928 τοῦ

428 1952 575 2007 Θεοῦ
606 1969 620 1983 ·
648 1954 865 2007 πάντων
901 1955 957 2008 δὲ
981 1954 1233 2012 εἶναικαὶ
1254 1961 1345 2015 τὸν
1375 1963 1517 2016 Υίόν.
1544 1964 1653 2017 Καὶ
1686 1939 1823 2019 κατὰ
1844 1965 2002 2019 τοῦτο

424 2042 661 2096 νοεῖσθαι
715 2045 776 2098 τὸ
816 2048 1175 2118 προκείμενον
1221 2052 1280 2104 ὲν
1321 2047 1401 2117 οἷς
1432 2054 1696 2120 ἐξέθεντο,
1732 2056 1874 2110 κατά
1902 2057 2003 2121 τὰς

427 2134 578 2198 θείας
610 2137 833 2206 Γραφάς
866 2138 999 2209 (47).
1037 2142 1145 2195 Καὶ
1180 2143 1241 2196 τὸ
1276 2145 1374 2215 μὲν
1404 2138 1504 2199 ὧδε
1531 2147 1868 2217 μετέφραζον
1910 2148 2002 2201 καὶ

425 2226 758 2296 ὲσοφίζοντο,
782 2231 1138 2297 τελευτῶντες
1170 2234 1227 2288 δὲ
1266 2236 1343 2299 ὡς
1376 2237 1473 2306 οὐχ
1498 2232 1598 2291 οἷοί
1633 2256 1693 2291 τε
1720 2235 1861 2309 ἦσαν
1890 2241 2001 2303 τοῖς

427 2319 556 2388 περὶ
587 2320 793 2374 τούτων
818 2323 1138 2389 ἐγκαλοῦσιν
1181 2327 1214 2397 ἢ
1258 2325 1603 2391 ὀνειδίζουσιν
1642 2328 1839 2392 ἱκανῶς
1870 2330 2002 2383 ἀπο-

424 2410 721 2481 λογεῖσθαι,
750 2415 914 2469 πάλιν
940 2416 1037 2485 τὴν
1058 2418 1117 2471 ὲν
1156 2420 1721 2475 Κωνσταντινουπόλει
1776 2421 2001 2493 δοκιμα-

426 2502 645 2583 σθεῖσαν
688 2506 869 2562 πίστιν
917 2509 1261 2578 ἀναγνόντες,
1297 2511 1637 2583 διελύθησαν,
1674 2514 1765 2567 καὶ
1797 2503 2001 2579 εἰςτὰς

425 2581 605 2650 αὐτῶν
626 2598 809 2663 πόλεις
830 2600 1213 2673 ἀπεχώρησαν.

424 2688 548 2746 ﬁdei
573 2680 949 2767 formula'quie
966 2695 1446 2769 Constantinopoli
1472 2699 1771 2770 approbata
1803 2698 2000 2766 fuerat,

426 2796 632 2839 reversr
662 2796 809 2841 sunt.

1022 2884 1273 2937 ΚΕΦΑΛ.
1317 2885 1395 2937 Λ’.

427 2971 564 3047 Περί
593 2973 893 3047 Γεωργιίου
916 2976 1021 3029 τοῦ
1071 2966 1449 3047 Ἀίιτιοχείας,
1493 2975 1592 3029 καί
1620 2977 1751 3043 περὶ
1770 2977 1903 3047 ,τῶν
1934 2977 2003 3030 ἐν

514 3044 951 3117 Ἱεροσολύμοις
976 3044 1591 3116 ἀρχιερατὲὺσάντων·
1628 3048 1725 3100 καὶ
1754 3046 1838 3101 ὅτι
1855 3047 2003 3117 μετά

497 3114 800 3197 (ξύριξνξον
822 3114 998 3197 τριῶγ
1022 3114 1343 3197 ἀρχιερέων
1363 3117 1727 3197 προίξάνξων,
1756 3114 1942 3197 mili?
1971 3122 2004 3172 ό
2027 3178 2033 3183 _

499 3185 793 3250 Κύριλλος
820 3185 1000 3254 ἐπέϐη
1043 3185 1147 3240 τοῦ
1196 3188 1409 3256 θρόνου
1448 3187 1558 3255 τῆς
1595 3188 2002 3257 Ἰερουσαλήμ.

2100 696 2409 751 nomenque
2457 682 2590 736 illud
2617 723 2631 747 ,
2674 682 2878 748 simile,
2912 697 2979 738 ex
3012 683 3243 738 formula
3280 684 3402 739 ﬁdei
3444 687 3677 743 Arimini

2105 784 2160 830 et
2192 772 2670 844 Constantinopoli
2709 776 2939 831 recitata
2984 789 3295 845 expungere
3324 782 3675 833 statuerunt:
3760 806 3765 816 ι

2104 865 2264 937 176
2291 875 2345 921 et
2371 862 2567 921 Filium
2600 864 2753 921 Patri
2794 881 2894 935 per
2921 867 3103 920 omnia
3124 904 3140 931 ,
3178 875 3286 920 tam
3325 866 3382 921 in
3418 868 3677 923 substano

2098 956 2172 1010 tia
2222 970 2389 1025 quam
2442 956 2498 1011 in
2550 957 2830 1012 voluntate
2877 956 3238 1031 dissimilem,
3288 964 3344 1014 et
3389 973 3457 1014 ex
3505 959 3679 1013 nihilo

2100 1048 2301 1103 factum
2356 1063 2481 1105 esse
2537 1038 2927 1114 censuerunt,
2992 1050 3456 1120 quemadmodum
3511 1052 3678 1107 Arius

2100 1143 2168 1198 ab
2223 1142 2381 1197 initio
2425 1142 2709 1198 docuerat.
2757 1142 2854 1198 His
2908 1151 3089 1199 autem
3147 1138 3269 1201 sese
3307 1144 3681 1214 adjunxerunt

2100 1242 2401 1290 sectatores
2445 1234 2617 1301 Aetii,
2665 1236 2758 1305 qui
2815 1236 3026 1305 primus
3079 1232 3207 1306 post
3251 1236 3441 1291 Arium
3485 1238 3677 1307 palam

2099 1325 2187 1380 his
2230 1324 2459 1380 vocibus
2523 1326 2599 1379 uti
2654 1339 2825 1380 ausus
2868 1334 2972 1380 est.
3027 1325 3143 1391 Qua
3187 1327 3254 1381 de
3300 1341 3503 1393 causa,
3560 1328 3681 1396 ipse

2099 1415 2315 1486 quidem
2348 1416 2505 1479 ἄθεος
2539 1417 3109 1487 cognominatus‘est:
3158 1426 3462 1473 sectatores
3494 1415 3677 1472 aut‘em

2101 1509 2249 1563 illius
2282 1508 2538 1563 Anommi
2587 1516 2642 1563 et
2701 1507 2992 1563 Exucontii
3031 1516 3161 1564 sunt
3190 1510 3470 1579 appellati.
3498 1508 3681 1587 Inter-

2104 1601 2425 1671 rogantibus
2464 1606 2647 1654 autem
2676 1600 2825 1669 ipsos
2855 1598 3087 1654 Nicmuaa
3114 1598 3238 1654 fidei
3269 1599 3634 1667 sectatoribus
3662 1640 3677 1664 ,

2099 1693 2456 1764 quamobrem
2516 1691 2641 1763 ipsi,
2692 1692 2785 1762 qui
2832 1690 3029 1746 Filium
3075 1690 3245 1747 Deum
3297 1707 3362 1755 ex
3396 1682 3688 1757 Dep*essc’

2100 1762 2543 1848 confitebantur,
2605 1783 2936 1839 dissimilem
2995 1794 3177 1839 tamen
3236 1790 3291 1838 et
3364 1796 3428 1839 ex
3506 1783 3681 1857 nihilo

2101 1885 2281 1931 ortum
2309 1917 2324 1941 ,
2357 1876 2521 1947 idque
2544 1885 2743 1931 contra
2772 1891 2928 1931 suam
2959 1876 3205 1946 ipsorum
3232 1875 3356 1931 fidei
3389 1858 3680 1931 formulam

2034 1942 2282 2021 l3dicere
2339 1942 2647 2033 auderent,
2722 1942 3131 2036 respondebant
3194 1965 3402 2020 dictum
3462 1979 3587 2020 esse
3646 1943 3688 2017 ar

2098 2055 2267 2112 Paulo
2299 2059 2583 2128 apostolo:
2634 2056 2827 2113 Omnia
2857 2068 3034 2112 autem
3067 2072 3134 2113 ex
3176 2057 3320 2111 Dco‘
3356 2075 3371 2113 :
3406 2057 3464 2111 in
3501 2056 3691 2112 omnia
3766 2062 3769 2063 ⁷

2098 2149 2202 2204 bus
2231 2160 2409 2204 autem
2437 2150 2825 2220 comprehendi
2870 2150 3037 2204 etiam
3082 2147 3307 2204 Filium.
3353 2147 3535 2218 Atque
3574 2148 3683 2201 hoe

2098 2241 2263 2298 modo
2292 2244 2718 2318 intelligendum
2759 2259 2882 2299 esse
2924 2243 3070 2313 quod
3122 2241 3229 2318 ipsi
3270 2241 3592 2312 adjecerant
3626 2241 3682 2295 in

2104 2316 2340 2391 formula
2371 2336 2495 2391 fidei
2539 2351 2688 2401 suae,
2734 2335 3039 2392 secundum
3072 2316 3414 2405 Scripturas.
3461 2333 3528 2388 Et
3578 2334 3685 2389 hoc

2107 2428 2327 2499 quidem
2359 2430 2433 2483 ita
2466 2429 2788 2484 cavillantes
2827 2428 3359 2498 interpretabantur.
3399 2427 3687 2483 Postremo

2107 2533 2232 2573 cum
2272 2518 2357 2600 iis‘
2384 2518 2476 2586 qui
2505 2519 2655 2587 ipsos
2688 2518 2792 2573 hoc
2830 2518 3057 2574 nomine
3094 2518 3458 2584 accusabant,
3496 2516 3687 2586 objur-

2105 2608 2444 2678 gabantque,
2495 2607 2821 2664 satisfacere
2858 2624 2971 2667 non
3012 2614 3271 2677 possent,
3313 2606 3453 2661 lecta
3487 2618 3686 2659 rursus

2041 2716 2072 2756 e
2100 2703 2333 2758 concilio
2362 2702 2777 2770 discesserunt,
2843 2713 2898 2758 et
2938 2701 3008 2757 ad
3051 2715 3182 2758 suas
3230 2699 3469 2771 quisque
3527 2696 3686 2754 sedes

2703 2882 2858 2941 CAP.
2911 2881 3081 2936 XXX.

2098 2976 2450 3049 DehGeorgio
2498 2977 2837 3032 Alexandria
2886 2976 3132 3049 episcopo
3157 3011 3173 3038 ,
3221 2980 3273 3028 et
3310 2964 3391 3028 ’ἀι
3427 2973 3685 3049 episcopis

2178 3043 2708 3117 Hierosolymorum:
2740 3057 2789 3102 et
2816 3043 3075 3117 quomodo
3106 3061 3225 3117 cum
3246 3054 3386 3117 ‘post
3421 3043 3687 3117 Cyrillum

2176 3131 2281 3173 tres
2312 3114 2562 3172 continua
2592 3119 2727 3173 serie
2754 3118 2981 3187 episcopi
3020 3116 3151 3186 facti
3176 3114 3406 3185 fuissent
3432 3156 3448 3183 ,
3474 3114 3685 3169 iterum

2174 3188 2410 3259 Cyrillus
2445 3189 2800 3259 sedemauam
2834 3188 3048 3257 recepit.

511 3275 600 3327 Ἐν
628 3276 799 3346 τούτῳ
831 3278 908 3342 δὲ,
938 3252 1017 3332 ἔτι
1063 3252 1380 3334 Ἀθανασίου
1405 3252 1801 3351 κρυπτομένου,
1836 3252 1998 3335 ἐπάν·
2028 3276 2069 3335 C
2172 3252 2269 3334 Per

1928 3252 1998 3333 ιν·
2028 3276 2069 3335 C
2172 3252 2276 3334 Per
2306 3252 2701 3349 idemtempiis
2744 3292 2869 3333 cum
2910 3252 3250 3358 Athanasius
3279 3274 3462 3330 adhuc
3496 3272 3686 3329 delite-

430 3365 597 3419 ελθὼν
627 3369 665 3418 Γ
668 3368 894 3439 εὼργιος
923 3373 1001 3434 είς
1039 3372 1464 3444 Ἀλεξάνδρειαν,
1493 3373 1741 3443 χαλεπῶς
1795 3374 1994 3427 ἐκάκου

428 3456 555 3521 τοὺς
577 3459 864 3529 Ἕλληνας,
913 3465 1005 3516 καὶ
1046 3467 1171 3529 τοὺς
1222 3466 1422 3537 ἑτέρως
1483 3465 1631 3535 αὑτῷ
1678 3466 1999 3531 δοξάζοντας

430 3548 807 3618 Χριστιανούς.
874 3555 1197 3627 Ἐκατέρους
1249 3575 1307 3609 τε
1341 3558 1446 3628 γὰρ
1480 3558 1554 3621 ὼς
1585 3558 1834 3611 ἐδούλετο
1863 3560 1997 3628 θρη-

434 3640 646 3693 σκεύειν
678 3638 943 3711 ἐϐιάζετο,
976 3649 1068 3701 καὶ
1096 3651 1561 3720 παραιτουμένους
1591 3652 1836 3721 ἤλαυνεν.
1855 3650 2003 3720 Ἐμι-

435 3736 579 3787 σεῖτο
609 3735 666 3787 δὲ
698 3738 846 3807 παρὰ
872 3739 971 3810 μὲν
991 3740 1097 3792 τῶν
1115 3744 1170 3793 ὲν
1194 3742 1353 3812 λόγῳ,
1394 3744 1469 3805 ὼς
1483 3744 1763 3815 ὑπερορῶν
1793 3743 2005 3807 αὐτοὺς,

432 3827 526 3878 καὶ
553 3831 661 3890 τοῖς
693 3828 949 3900 ἄρχουσιν
992 3834 1322 3887 ἐπιτάττων·
1354 3835 1502 3907 παρὰ
1535 3836 1591 3888 δὲ
1626 3835 1718 3888 τοῦ
1742 3836 2005 3907 πλήθους,

430 3919 508 3984 ὼς
534 3917 869 3991 τυραννικὸς,
897 3925 990 3978 καὶ
1026 3925 1185 3978 πλέον
1228 3926 1447 3983 πάντων
1487 3928 1798 3997 δυνάμενος.
1844 3928 2007 3999 Ἔχα-

432 4012 649 4067 λέπαινε
674 4015 731 4067 δὲ
756 4015 1059 4085 μάλιστατὸ
1091 4018 1418 4087 Ἑλληνικὸν,
1444 4020 1527 4072 ὅτι
1552 4038 1610 4073 τε
1632 4020 1779 4073 θύειν
1810 4022 2006 4085 αὐτοὺς

434 4108 527 4165 καὶ
552 4106 650 4170 τὰς
678 4109 936 4179 πατρίους
956 4109 1146 4180 ἑορτὰς
1176 4111 1328 4179 ἄγειν
1369 4112 1595 4183 ἐκώλυε,
1622 4115 1714 4167 καὶ
1738 4114 2005 4185 στρατιὼς

432 4212 532 4259 τας
560 4199 653 4249 καὶ
685 4197 859 4252 τὺν¹ὲν
908 4200 1167 4270 Αἰγύπτῳ
1216 4203 1516 4273 στρατηγὸν
1565 4203 1675 4271 (48)
1707 4206 1802 4257 σὺν
1823 4205 2006 4267 ὅπλοις

437 4289 815 4358 ὲπεισαγαγὼν
836 4294 900 4363 τῇ
928 4292 1099 4358 πόλει,
1135 4294 1345 4356 εἰκόνας
1362 4311 1418 4346 τε
1441 4295 1534 4347 κα)⁵
1554 4283 1896 4366 ἀναθήματα,
1918 4296 2011 4347 καὶ

436 4377 527 4432 τὸν
559 4380 616 4431 ὲν
638 4381 748 4443 τοῖς
769 4383 914 4447 ναοῖς
948 4381 1149 4452 κόσμον
1201 4382 1622 4454 ἀφαιρούμενος.
1662 4386 1724 4436 *Α
1780 4384 1845 4455 δὴ
1886 4384 2013 4454 πρό-

436 4487 597 4537 φασις
622 4469 847 4541 ὕστερον
882 4472 1030 4541 αὐτῷ
1054 4474 1270 4539 ἐγένετο
1299 4474 1396 4543 τῆς
1417 4476 1763 4546 ἀναιρέσεως,
1796 4476 1871 4539 ὡς
1901 4477 2000 4528 αύ-

2103 3380 2297 3436 sceret,
2340 3371 2609 3441 Georgius
2643 3370 3037 3425 Alexandriam
3072 3382 3325 3425 reversus
3348 3408 3364 3435 ,
3408 3374 3521 3423 tum
3553 3382 3686 3437 gen-

2104 3465 2249 3527 tiles,
2269 3463 2741 3519 tumChristianos
2768 3462 2858 3533 qui
2890 3477 3000 3517 non
3036 3461 3177 3516 idem
3210 3476 3333 3517 cum
3368 3460 3501 3529 ipso.
3523 3459 3688 3514 senti-

2104 3564 2250 3619 rent,
2280 3557 2518 3627 graviter
2551 3556 2892 3626 oppressit'.
2936 3556 3216 3635 Utrosque
3255 3553 3402 3609 enim
3438 3551 3685 3607 divinum

2110 3662 2333 3710 numen,
2371 3656 2531 3717 prout
2556 3648 2674 3717 ipse
2704 3647 2900 3712 vellet,
2932 3649 3116 3704 colere
3158 3646 3455 3716 adigebat:
3502 3643 3687 3698 detre-

2105 3748 2317 3796 ctantes
2366 3756 2498 3795 vero
2560 3742 2959 3797 insectabatur.
3012 3740 3231 3796 Invisus
3287 3744 3471 3794 autem
3522 3742 3685 3803 erat,

2106 3832 2445 3902 primoribus
2474 3831 2695 3901 quidem
2727 3841 3015 3903 pr0pterea
3050 3833 3195 3903 quod
3225 3845 3491 3901 arrogans
3520 3836 3685 3892 esset,

2107 3930 2161 3977 et
2192 3922 2520 3992 praesidibus
2547 3923 2843 3993 imperaret
2880 3943 2891 3977 :
2947 3923 3175 3994 plebeiis
3219 3937 3386 3987 vero,
3426 3929 3686 3991 tanquam

2051 4064 2063 4077 _
2109 4022 2378 4084 tyrannus
2408 4056 2422 4079 ,
2469 4022 2522 4067 et
2566 4014 2660 4082 qui
2713 4014 2835 4083 plus
2870 4023 3057 4083 posset
3103 4028 3247 4068 unus
3280 4027 3443 4082 quam
3492 4007 3684 4080 reliqui

2110 4100 2322 4159 omnes.
2360 4104 2463 4159 Sed
2496 4105 2769 4175 praecipue
2800 4105 3032 4175 gentiles
3066 4104 3116 4160 ei
3150 4103 3582 4167 succensebant,
3623 4116 3689 4157 eo

2110 4200 2255 4269 quod
2289 4181 2600 4254 sacrificare
2623 4207 2675 4253 et
2706 4197 2873 4252 festos
2897 4197 3016 4250 dies
3045 4195 3365 4266 patriO‘ritu
3407 4194 3689 4248 celebrare

2113 4289 2262 4357 ipsos
2302 4289 2651 4358 prohiberet,
2708 4285 3055 4367 induqtisque
3091 4286 3145 4338 in
3194 4285 3383 4339 urbem
3421 4282 3690 4337 militibus

2110 4381 2339 4433 armatis
2372 4420 2386 4443 ,
2443 4394 2550 4433 una
2616 4393 2743 4433 cum
2803 4379 2941 4432 duce
2980 4376 3241 4448 Egypti,
3298 4376 3562 4444 imagines
3624 4389 3688 4428 ac

2112 4474 2337 4527 donaria
2366 4513 2379 4537 ,
2410 4485 2744 4543 omnemque
2768 4474 3100 4543 templorum
3142 4482 3393 4526 ornatum
3434 4468 3690 4525 abstulis-

434 4561 559 4613 τίκα
593 4561 748 4625 λέξω.
779 4563 1044 4634 Κυρίλλου
1106 4565 1162 4618 δὲ
1196 4564 1627 4637 καθαιρεθέντος,
1660 4568 1735 4631 ὡς
1771 4569 2003 4639 εἴρηται,
2042 4547 2086 4601 D
2112 4575 2188 4619 sel

1929 4586 2003 4631 αι,
2042 4547 2086 4601 Ῑ)
2112 4575 2214 4619 set.
2244 4564 2375 4629 Quae
2407 4581 2495 4620 res
2526 4573 2713 4639 postea
2753 4579 2978 4620 causam
3012 4564 3160 4619 necis
3190 4564 3239 4619 ei
3276 4562 3487 4627 attulit,
3526 4562 3686 4617 sicuti

2373 4649 2384 4670 ς

510 4735 563 4787 ’l
594 4733 718 4790 Cor.
756 4752 832 4800 ιι,
866 4735 952 4790 12.
1022 4738 1042 4767 ¹
1071 4736 1228 4793 Socr.
1261 4739 1354 4793 lib.
1394 4755 1452 4792 ιι.
1488 4756 1537 4795 c.
1568 4740 1658 4805 28,
1688 4748 1740 4794 et
1758 4741 1853 4795 lib.
1879 4756 1961 4805 ιιι,
1986 4743 2109 4795 (κὲ.

1633 4898 1901 4953 VALESII
1942 4898 2503 4954 ANNOTATIONES.

508 5052 619 5121 (46)
672 5055 954 5124 Ἀνόμοιοι
1007 5054 1107 5108 καὶ
1172 5053 1587 5118 Ἑξουκόντιοι.
1622 5053 1766 5108 Idem
1814 5056 2008 5109 scribit

437 5124 770 5247 lAthanasius
828 5127 882 5179 in
940 5125 1080 5178 libro
1141 5124 1215 5179 De
1250 5124 1475 5196 synodis
1525 5125 1757 5178 Arimini
1816 5137 1867 5180 et
1914 5125 2009 5180 Se-

462 5209 651 5247 eucize.

462 5209 651 5249 CUCIQB.

511 5266 621 5334 (47)
664 5266 732 5318 Τὸ
759 5265 1152 5336 προκείμενον
1176 5265 1246 5318 ἐν
1280 5260 1371 5330 οἶς
1418 5264 1691 5329 ἐξέθεντο
1723 5266 1872 5319 κατὰ
1903 5267 2010 5332 τὰς

439 5336 602 5400 θείας
624 5337 888 5405 Γραφάς.
911 5335 1067 5391 Hunc
1092 5339 1270 5391 locum
1295 5352 1405 5389 non
1432 5336 1813 5391 intellexerunt
1837 5337 2008 5389 inter-

440 5415 646 5474 pretes.
682 5406 993 5476 Intelligunt
1023 5410 1166 5462 enim
1190 5406 1450 5460 Aeaeiani
1480 5409 1643 5460 verba
1668 5424 1785 5475 qua?
1808 5410 1858 5460 in
1898 5406 2008 5459 for-

442 5476 758 5547 mulariﬁdci
808 5493 921 5531 suae
970 5478 1316 5544 addiderant,
1365 5477 1504 5547 κατά
1531 5477 1630 5539 τὰς
1693 5477 1843 5540 θείας
1871 5477 2009 5547 Γρα-

443 5547 565 5613 φάς.
596 5546 730 5600 Nam
768 5548 856 5601 alii
891 5550 1108 5617 quidem
1150 5547 1346 5602 Filium
1404 5546 1551 5600 Patri
1604 5548 1839 5601 similem
1888 5546 2010 5602 esse

442 5617 696 5671 dicebant
720 5621 838 5671 κατ’
863 5620 1069 5686 οὐσίαν,
1125 5621 1215 5673 alii
1246 5635 1375 5674 vero
1405 5618 1542 5673 κατὰ
1577 5619 1773 5672 πάντα.
1809 5617 2008 5673 Verum

441 5689 699 5742 Acaciani
734 5690 968 5744 similem
996 5691 1295 5746 secundum
1333 5688 1645 5758 Seripturas
1693 5690 2010 5759 profiteban-

444 5766 551 5824 tur,
584 5760 809 5814 subdole
843 5770 895 5814 et
930 5761 1324 5816 fraudulenter.
1357 5760 1603 5829 Cumque
1635 5761 1769 5829 ipsis
1804 5760 2009 5824 obiice-

445 5837 615 5894 retur,
652 5830 925 5897 quomodo
968 5832 1167 5888 Filium
1220 5833 1311 5887 Dei
1370 5832 1613 5886 dicerent
1640 5848 1703 5885 ex
1753 5833 1923 5885 nihilo
1954 5840 2007 5885 et

445 5899 766 5957 dissimilem
794 5900 965 5971 Patri,
1000 5922 1124 5959 eum
1156 5905 1401 5960 eumdem
1444 5905 1729 5958 crederent
1753 5902 1916 5957 Deum
1941 5903 2005 5956 de

2116 5055 2247 5117 Deo,
2280 5055 2706 5125 respondebant,
2743 5054 3065 5124 Apostolum
3099 5054 3307 5109 dixisse
3349 5052 3536 5125 omnia
3563 5067 3687 5125 esse

2112 5141 2180 5180 ex
2211 5128 2339 5188 Deo,
2367 5122 2487 5179 cum
2521 5133 2701 5180 tamen
2729 5122 2912 5180 creata
2937 5126 3047 5180 sint
3074 5140 3139 5177 ex
3157 5124 3347 5190 nihilo,
3368 5130 3422 5178 et
3447 5122 3686 5179 dissimi-

2112 5196 2184 5251 lia
2216 5199 2324 5252 sint
2347 5197 2475 5251 Deo.

2187 5269 2295 5337 (48)
2331 5268 2445 5337 Kal
2472 5266 2578 5321 τὸν
2602 5267 2671 5319 ἐν
2687 5266 2960 5337 Anniam)
2989 5265 3361 5337 στρατηγόν..
3382 5264 3682 5318 Artemium

2114 5332 2371 5403 intelligit
2420 5336 2614 5391 ducem
2667 5332 2912 5406 A‘Igypti,
2958 5343 3017 5389 ut
3066 5332 3585 5406 testatnrjulianus
3628 5336 3684 5388 in

2114 5408 2341 5477 epistola
2360 5408 2425 5462 ad
2451 5404 2869 5481 Alexandrines,
2891 5414 2948 5481 et
2971 5407 3289 5459 Ammianus
3313 5404 3679 5481 Marcellinus.

2118 5475 2213 5534 llic
2276 5491 2462 5549 postea
2528 5485 2786 5548 regnante
2841 5475 3058 5549 Iuliano
3112 5478 3358 5549 martyrii
3420 5490 3681 5549 coronam

2119 5546 2348 5619 adeptus
2394 5557 2497 5617 est,
2552 5546 2619 5604 ab
2684 5548 3067 5619 Alexandrinis
3118 5547 3371 5619 occisus,
3413 5560 3478 5601 eo
3528 5546 3681 5619 quod

2118 5616 2423 5676 Constantii
2451 5616 2789 5689 temporibus
2815 5619 3015 5687 templa
3050 5632 3113 5671 ac
3135 5616 3361 5672 delubra
3398 5616 3678 5689 gentilium

2118 5693 2464 5747 Alexandria:
2521 5688 2907 5746 destruxissct.
2968 5690 3193 5743 Exstant
3244 5696 3364 5741 aeta
3410 5688 3683 5756 passionis

2117 5766 2236 5833 ejus
2269 5764 2411 5829 apud
2439 5761 2801 5833 Lipomanum
2831 5770 2883 5816 et
2906 5758 3145 5825 Surium,
3180 5758 3401 5813 minime
3439 5766 3684 5812 contem-

2116 5835 2323 5891 nenda.
