4452 6584
424 464 553 517 nos

1388 465 1697 520 ιιιδτυιιιςς
1746 459 2300 527 'rlLtLLESIASTICA.
2345 504 2413 513 —
2448 475 2553 527 Hi:
2620 474 2679 529 κ’.

3541 481 3681 533 ινιῡ

418 600 544 642 τους
572 585 671 653 μὲν
698 584 1024 651 ἐχειρώσατο
1051 601 1063 612 ·
1099 592 1217 646 τους
1245 586 1298 638 δὲ
1326 589 1624 654 ἐζώγρησε
1657 590 1914 657 Λαμπρὸ.
1947 592 1998 640 δὲ
2032 597 2074 649 Δ
2106 598 2176 645 lm

1947 592 1998 640 δὲ
2032 597 2074 649 Δ
2106 598 2241 653 lunt,
2307 596 2509 646 multm
2560 609 2746 646 eorum
2793 592 3083 655 interiecit,
3122 591 3256 647 alios
3287 594 3440 648 vivos
3472 602 3672 664 cepit'.

420 674 669 735 τηνικάδε
697 678 901 740 φανεὶς.
935 677 1027 727 καὶ
1059 676 1162 727 ὑπὸ
1191 681 1537 747 μετριότητος
1572 681 1664 731 καὶ
1692 684 1986 734 ὶπιεικτίας

421 771 813 833 κεχαρισμένος
844 768 955 826 τοῖς
990 784 1345 835 στρατιωταις
1377 775 1635 836 γεγονὼς,
1665 772 1988 841 ἀναγορεύε-

418 876 507 909 ται
545 861 675 925 πρὸς
705 859 883 911 αὐτῶν
922 861 1199 922 σεόαστός.
1236 862 1414 931 Μηδὲ»
1441 866 1489 913 δε
1528 865 1656 930 περὶ
1680 864 1893 927 τούτου,
1919 866 1994 924 ὡς

420 950 585 1010 εἰκὸς,
622 952 759 1020 πρὸς
788 954 1132 1005 Κωνσταιτιο
1201 958 1695 1023 παραιτησάμενος,
1729 957 1991 1025 ἄρχοντας

423 1042 516 1109 μὲν
549 1043 673 1103 τοὺς
718 1044 807 1093 ὑπ’
838 1044 1001 1096 αὑτοῦ
1040 1045 1507 1113 χειροτονηθέντας
1556 1048 1780 1116 ημειόεν
1809 1064 1820 1075 ’
1871 1048 1991 1097 επί-

428 1134 573 1201 τηόες
616 1136 667 1185 δὲ
709 1136 803 1186 καὶ
836 1139 931 1198 τας
980 1153 1259 1198 επιστολας
1310 1139 1609 1193 ἔπεδείκνυ.
1658 1141 1722 1191 δι’
1761 1134 1835 1193 ὦν
1872 1145 1991 1201 τοὺς

421 1228 725 1295 βαρϐάρους
761 1231 942 1281 καλῶν
982 1234 1121 1283 κατὰ
1155 1232 1523 1298 Μαγνεντίου,
1572 1242 1649 1294 εις
1692 1236 1991 1303 Ῥωμαίους

419 1322 646 1387 ἤγαγεν·
681 1319 941 1389 ὲξαπινης
966 1326 1016 1374 δε
1052 1341 1149 1389 την
1180 1327 1474 1392 θρησκείαν
1495 1324 1831 1393 μεταϐαλὼν,
1857 1329 1959 1394 πριί

418 1428 575 1476 τερον
636 1417 1002 1482 χριστιανίζεεθ
1096 1415 1305 1469 δωιιῖςν,
1376 1418 1633 1488 ἀρχιερέα
1714 1415 1986 1484 ὼνόμαζπ

420 1507 633 1565 taeta»,
670 1524 760 1558 και
795 1510 896 1564 τοί,
949 1507 1214 1576 Ἑλληνων
1264 1514 1406 1561 ναοί(
1461 1510 1665 1572 ἐφοίτα,
1716 1508 1806 1561 καὶ
1846 1509 1987 1567 ἔθυε,

419 1603 511 1648 και
544 1600 665 1660 τοὺς
700 1604 969 1668 υπηκόοας
1008 1597 1108 1652 ὦδε
1151 1600 1473 1669 Ορησκευε.ν
1523 1602 1723 1653 επειθε.
1758 1602 1989 1669 ΙΙροσόοο

418 1692 677 1757 κωμένων
703 1692 758 1744 δὲ
791 1692 1011 1760 Περσῶν
1062 1692 1350 1761 Ῥωμαίοις
1384 1693 1758 1763 επιοήσεσθαι,
1788 1712 1881 1747 και
1903 1695 1992 1745 διὰ

416 1782 571 1835 τοῦτο
616 1784 671 1835 ὲν
719 1784 885 1854 Συρία⁵
921 1784 1293 1836 Κωνσταντίου
1342 1785 1727 1854 διατρίὸοντος,
1773 1786 1989 1852 λογισάη

419 1890 576 1941 μενος
618 1875 862 1944 ἀμαχητὶ
893 1874 1151 1927 δύνασθαι
1177 1873 1284 1928 τῶν
1316 1874 1589 1946 Ἰλλυριῶν
1628 1879 1869 1946 κρατεῖν,
1912 1878 1985 1925 εί-

2096 686 2212 750 Qua
2244 702 2308 739 cx
2334 703 2389 739 ri-
2410 688 2680 755 ingentem
2707 686 2932 754 gloriam
2966 684 3232 754 adeptus,
3280 700 3402 738 cum
3456 687 3527 738 ob
3561 700 3678 738 m0-

2095 778 2324 833 destiam
2355 793 2417 831 ac
2452 794 2664 831 morum
2699 779 2970 832 lenitatem
3001 778 3356 846 gratissimus
3386 787 3531 831 esset
3577 795 3673 829 mo-

2096 871 2311 931 litibus,
2344 872 2620 940 Augustus
2660 871 2727 923 ab
2763 870 2955 925 iisdem
2992 870 3357 924 renuntiatur.
3404 867 3677 937 Nullaque

2095 965 2166 1013 ob
2221 961 2271 1013 id
2322 960 2526 1014 factum
2585 960 2942 1014 excusatione
2993 976 3159 1017 usus.
3210 962 3355 1015 sicut
3390 974 3488 1028 par
3534 972 3670 1021 erat,

2094 1050 2238 1121 apud
2270 1051 2683 1112 Constantium.
2721 1053 2935 1119 judices
2962 1052 3179 1121 quidem
3211 1052 3278 1105 ab
3310 1066 3375 1105 eo
3395 1061 3673 1121 promotus

2094 1143 2328 1196 mutavit
2356 1183 2371 1205 ,
2404 1144 2615 1197 litteras
2668 1151 2848 1197 autem
2876 1143 2998 1212 ejus
3037 1143 3105 1198 de
3139 1142 3405 1197 industria
3430 1150 3675 1197 ostenta-

2096 1236 2192 1292 vit,
2226 1234 2427 1304 quibus
2464 1234 2551 1289 ille
2581 1235 2847 1290 barbaros
2870 1236 2936 1289 ad
2967 1236 3166 1290 bellum
3200 1244 3391 1289 contra
3418 1235 3677 1308 Magnen-

2094 1324 2230 1377 tium
2286 1325 2544 1387 invitans,
2577 1324 2632 1377 in
2686 1325 2996 1393 provincias
3028 1324 3401 1379 Romanorum
3445 1327 3674 1383 induxe-

2097 1424 2195 1467 rat.
2241 1412 2489 1483 Cumque
2534 1428 2690 1469 antea
2750 1416 3102 1471 Christianus
3150 1416 3321 1471 fuisse
3360 1416 3668 1480 videretur,

2098 1514 2315 1572 repente
2342 1513 2547 1558 mutata
2581 1507 2865 1575 religione,
2891 1506 3185 1576 semetipso
3204 1507 3514 1576 pontiﬁcem
3554 1525 3675 1562 ma-

2100 1598 2301 1649 ximum
2338 1595 2668 1665 appellavit;
2698 1605 2751 1648 et
2786 1595 3069 1665 gentilium
3099 1598 3301 1665 templa
3336 1597 3670 1665 ingrediens,

2094 1682 2202 1737 diis
2234 1682 2562 1737 sacriﬁcavit
2586 1722 2601 1745 ,
2654 1693 2707 1737 et
2746 1684 2988 1739 subditis
3033 1683 3267 1739 suadere
3300 1688 3466 1755 «(epit
3517 1697 3577 1741 ut
3607 1708 3673 1743 en

2094 1785 2199 1828 ritu
2254 1776 2388 1830 deos
2437 1776 2679 1829 colerent
2743 1774 2932 1839 Porro,
2966 1792 3089 1829 cum
3122 1786 3302 1831 metus
3333 1779 3582 1833 subesset
3607 1796 3676 1832 ne

2093 1866 2275 1923 Persa:
2324 1883 2377 1919 ιιι
2427 1866 2800 1920 Romanorum
2849 1867 3111 1921 ditionem
3165 1868 3560 1937 irrumperent,
3592 1883 3674 1921 at-

415 1980 539 2027 γετο
566 1964 663 2031 τῆς
689 1965 775 2017 ἐπ’
808 1965 1000 2027 αὐτοὺς
1027 1964 1147 2017 ὁδοῦ
1176 1983 1190 1995 ’
1233 1966 1501 2035 πρόφασιν
1531 1966 1871 2036 ποιούμενος,
1915 1970 1989 2029 ως
2025 1934 2063 1987 Β
2092 1974 2173 2028 (Illi

1915 1970 1989 2029 ως
2025 1934 2063 1987 Β
2092 1974 2198 2028 que
2225 1958 2431 2012 ideirco
2464 1958 2824 2013 Constantius
2870 1959 2924 2011 in
2944 1957 3102 2028 Syria
3132 1969 3465 2021 moraretur,
3500 1962 3673 2014 anim-

416 2075 707 2123 απολογιας
738 2061 895 2128 χάριν
926 2062 1137 2112 ὲλαυνει
1169 2062 1304 2127 πρὸς
1330 2062 1705 2113 Κωνστάντιον
1735 2062 1872 2130 ὑπὲρ
1896 2064 1986 2113 τού

415 2168 488 2213 ειη
524 2151 663 2201 ἑκὼν
690 2149 837 2213 δόξαι
872 2152 1011 2220 πρὸς
1042 2151 1150 2203 τῶν
1187 2153 1532 2221 στρατιωτῶν
1582 2156 1730 2223 παρά
1766 2154 1980 2223 γνώμη.

428 2241 573 2292 ultr-3
601 2242 667 2293 τὰ
698 2243 943 2311 σύμόολα
972 2245 1071 2310 τῆς
1100 2244 1377 2312 βασιλείας
1410 2244 1822 2313 καταδέχεσθαι.
1882 2248 1987 2298 Λέ·

413 2349 562 2393 τεται
592 2334 643 2383 δὲ
688 2334 851 2402 ἡνίκα
889 2336 993 2402 πρὸ
1037 2334 1143 2385 τῶν
1180 2335 1305 2405 τῇδε
1355 2340 1496 2402 ὅρων
1530 2336 1722 2405 ἐπέϐη,
1756 2339 1854 2400 τὰς
1891 2344 1985 2407 μὲν

409 2422 685 2486 ἀμπέλους
715 2423 848 2492 μετά
873 2440 1079 2493 τρυγην
1105 2424 1248 2493 ἀμφὶ
1275 2425 1373 2494 τὴν
1404 2430 1509 2478 των
1540 2426 1811 2479 Πλειάδων
1838 2427 1982 2480 δύσιν

409 2515 673 2582 (ομφάκων
710 2513 940 2584 πλήρεις
984 2516 1222 2584 φανῆναι
1257 2531 1273 2546 ⁶
1327 2518 1425 2586 τὴν
1472 2517 1529 2570 δὲ
1568 2517 1676 2569 ἀπὸ
1698 2518 1791 2571 τοῦ
1826 2519 1983 2589 ἀέρος

408 2607 617 2675 δρόσον,
648 2605 990 2675 διαχεθείσαν
1015 2608 1156 2660 κατὰ
1187 2608 1286 2677 τῆς
1322 2608 1487 2661 αὑτοῦ
1513 2609 1740 2679 ἐσθῆτος
1762 2614 1856 2664 καὶ
1878 2612 1983 2663 τῶν

410 2700 707 2768 ἑπομένων,
752 2700 873 2752 καθ’
905 2700 1140 2769 ἑκάστην
1188 2700 1443 2767 σταγόνα,
1484 2702 1719 2772 σταυροῦ
1759 2706 1985 2772 σημεῖον

408 2790 732 2846 ὲντυπῶσαι.
768 2792 972 2844 Ἐδόκει
1004 2792 1059 2843 δὲ
1091 2792 1239 2863 αὐτῷ
1270 2793 1363 2845 καὶ
1397 2793 1609 2857 πολλοῖς
1636 2794 1747 2847 τῶν
1775 2798 1982 2848 συνιόν-

407 2902 511 2935 τιινν
553 2884 685 2949 (5|),
731 2887 781 2935 oi
836 2884 935 2953 μὲν
984 2884 1207 2951 βότρυες
1254 2888 1409 2955 παρὰ
1465 2886 1655 2957 καιρὸν
1700 2888 1977 2955 φανέντες.

410 2977 471 3027 σύ
482 2976 674 3043 μδολον
704 2972 839 3029 εἶναι
872 2976 1070 3042 ἀγαθόν
1096 2993 1107 3005 ’
1141 2978 1171 3047 ή
1194 2977 1248 3029 δὲ
1275 2978 1464 3046 δρόσος
1494 2980 1558 3031 ὲκ
1584 2980 1985 3049 παρατυχόντος

408 3062 508 3120 ὦδε
535 3068 633 3136 τὴν
665 3068 866 3137 ἐσθῆτα
914 3069 1232 3132 καταστίξαι
1270 3068 1386 3121 καθ’
1418 3065 1483 3139 ἦς
1530 3070 1687 3139 ἑτυχε
1721 3069 1979 3126 πεσοῦσα.

411 3160 593 3212 Ἀλλοι
641 3159 697 3212 δὲ
736 3159 917 3227 ἔλεγον
946 3162 1056 3212 τοῖν
1088 3159 1397 3229 συμϐόλοιν,
1428 3161 1489 3212 τὸ
1526 3162 1643 3230 μὲν,
1675 3160 1853 3231 ἄωρον
1886 3178 1983 3230 ση·

410 3257 617 3316 μαίνειν
642 3250 958 3305 ἀπολεῖσθαι
990 3253 1080 3303 τὸν
1118 3252 1362 3319 βασιλέα,
1391 3252 1653 3322 όμφάκων
1679 3251 1853 3313 δίκην.
1894 3257 1983 3306 καί

407 3343 768 3413 ὀλιγοχρόνιον
820 3343 1038 3395 ἔσεσθαι
1080 3344 1243 3395 αὑτοῦ
1292 3344 1389 3412 τὴν
1435 3343 1746 3413 βασιλείαν·
1803 3344 1861 3397 τι
1902 3346 1976 3407 δὲ,

407 3438 739 3504 προμηνύειν
769 3437 1015 3504 οὐράνιον
1043 3434 1182 3488 εἶναι
1210 3436 1269 3487 τὸ
1286 3436 1462 3505 δόγμα
1488 3437 1597 3488 τῶν
1620 3438 1983 3506 Χριστιανῶν,

409 3526 502 3579 καὶ
533 3527 727 3597 χρῆναι
757 3542 966 3589 παντας
1006 3528 1082 3596 τῷ
1118 3527 1327 3597 σημείῳ
1354 3526 1449 3579 τοῦ
1480 3529 1712 3599 σταυροῦ
1743 3545 1983 3596 καταση-

410 3617 697 3689 μανθῆναι.
738 3619 825 3681 Ὠς
853 3619 995 3671 ἔοικε
1024 3618 1102 3681 δὲ,
1137 3621 1183 3671 oi
1211 3621 1471 3672 τάναντία
1499 3620 1576 3689 τῷ
1607 3620 1819 3687 βασιλεῖ
1841 3620 1986 3684 δοξά-

410 3726 620 3773 σαντες,
656 3710 717 3762 οὺ
753 3710 1054 3781 διήμαρτον
1081 3712 1176 3779 τῆς
1218 3709 1472 3779 ἀληθείας
1502 3728 1515 3739 ο
1564 3712 1851 3782 ἀμφότερα
1879 3718 1985 3782 γαρ

408 3803 673 3873 εὐστόχως
702 3803 953 3874 εἰρῆσθαι
986 3803 1187 3873 προῖὼν
1218 3805 1244 3853 ὁ
1283 3804 1471 3873 χρόνος
1499 3804 1799 3867 ἀπέδειξεν.
1833 3805 1984 3856 Ἐπεὶ

408 3896 463 3948 δὲ
488 3895 717 3949 ἐπύθετο
750 3898 1123 3959 Κωνστάντιος
1148 3899 1529 3965 ἐκστρατεύειν
1558 3899 1641 3948 ἐπ’
1673 3898 1833 3949 αὑτὸν
1857 3897 1982 3948 Ἰου-

408 3986 619 4051 λιανὺν,
676 3988 988 4041 καταλιπὼν
1034 3988 1131 4056 τὴν
1185 3988 1316 4057 πρὸς
1374 3992 1498 4050 τοὺς
1544 3990 1758 4057 Πέρσας
1810 4005 1986 4058 παρα-

410 4074 640 4146 σκευὴν,
702 4078 795 4129 ἐπὶ
850 4075 976 4147 τὴν.
1010 4076 1417 4129 Κωνσταντίνου
1477 4078 1632 4131 πόλιν
1688 4078 1981 4147 ἠπείγετο·

407 4169 567 4235 ἡνίκα
595 4168 659 4238 δὴ
691 4170 789 4239 τὴν
816 4170 1126 4238 ὁδοιπορίαν
1177 4169 1513 4238 ποιούμενος,
1549 4168 1898 4241 ἐτελεύτησεν
1927 4171 1985 4221 ὲν

408 4261 638 4329 Μόμψου
673 4278 920 4331 κρηναις,
955 4262 1153 4330 μεταξὺ
1190 4262 1426 4314 Κιλίκων
1470 4262 1563 4313 καὶ
1598 4262 1983 4314 Καππαδοκῶν

407 4352 514 4405 τῶν
558 4352 691 4421 πρὸς
735 4350 812 4420 τῷ
848 4352 1080 4421 Ταύρῳ·
1128 4350 1220 4421 ἔτη
1267 4353 1412 4422 ἀμφὶ
1452 4352 1863 4422 τεσσαράκοντα
1890 4354 1985 4405 καὶ

408 4443 568 4495 πέντε
604 4442 859 4509 γεγονώς.
916 4442 1009 4507 Ἐξ
1040 4438 1115 4497 ὦν
1159 4443 1513 4513 τρισκαίδεκα
1560 4445 1657 4497 σὺν
1699 4442 1776 4513 τῷ
1816 4446 1985 4515 πατρὶ

408 4534 744 4595 ἐϐασίλευσε,
782 4536 942 4587 πέντε
975 4535 1033 4587 δὲ
1061 4534 1155 4587 καὶ
1189 4535 1358 4587 εἴκοσι
1392 4536 1509 4604 μετ’
1551 4535 1776 4589 ἐκεῖνον.
1830 4536 1984 4589 Ἐπεὶ

2093 2050 2382 2106 advertens
2438 2049 2691 2105 Julianus
2738 2067 2798 2105 se
2842 2050 3051 2119 absque
3105 2053 3214 2103 ullo
3258 2052 3452 2120 ριωιίο
3504 2053 3674 2123 Illyri-

2090 2159 2213 2196 eum
2262 2158 2534 2211 occupare
2589 2158 2785 2211 posse,
2839 2157 2905 2196 eo
2956 2143 3243 2198 contendit
3297 2164 3309 2198 ι
3352 2143 3561 2215 ﬁngens
3613 2164 3673 2199 se

2089 2232 2388 2288 excusandi
2421 2234 2504 2286 sui
2548 2248 2740 2289 causa.
2795 2232 2863 2286 ad
2890 2232 3276 2287 Constantium
3310 2235 3417 2287 iter
3453 2237 3631 2289 facere
3655 2275 3669 2295 ,

2091 2342 2157 2381 ne
2202 2327 2363 2397 178
2398 2344 2495 2381 sua
2543 2337 2738 2397 sponte
2787 2336 2985 2396 praeter
3015 2328 3166 2382 illius
3209 2329 3557 2382 voluntatem
3588 2328 3673 2381 in-

2090 2421 2266 2490 signia
2322 2420 2534 2489 imperii
2596 2439 2625 2473 a
2684 2421 2953 2477 militibus
3013 2423 3330 2491 suscepisse
3367 2421 3665 2476 videretur.

2088 2514 2355 2567 Cancrum
2402 2527 2467 2565 eo
2502 2515 2735 2580 primunt
2776 2512 3116 2582 ingrediente
3175 2513 3227 2566 in
3280 2513 3416 2567 lines
3458 2510 3665 2582 Illyrio-

2089 2621 2230 2664 rum,
2292 2612 2447 2659 aiunt
2495 2606 2632 2659 vites
2656 2604 2875 2674 quidem
2929 2617 3052 2674 post
3110 2617 3331 2675 tempus
3382 2605 3669 2658 vindemiae

2087 2698 2234 2751 circa
2274 2712 2532 2752 occasum
2570 2696 2965 2766 Vergiliarum,
3020 2713 3142 2751 uws
3196 2698 3410 2752 acerbis
3477 2699 3669 2767 plena.»

2089 2788 2273 2843 subito
2305 2790 2624 2859 apparuisse
2661 2808 2673 2843 :
2711 2804 2892 2843 rorem
2920 2803 3049 2843 vero
3096 2806 3159 2842 ea
3199 2804 3327 2843 aere
3360 2788 3667 2859 delapsum,

2091 2882 2275 2935 tumin
2311 2882 2429 2949 ejus
2454 2881 2767 2951 chlamyde.
2806 2891 2921 2933 tum
2962 2882 3013 2933 in
3058 2882 3307 2935 vestibus
3340 2896 3530 2935 eorum
3574 2884 3668 2950 qui

2089 2980 2265 3045 ipsum
2307 2974 2701 3043 sequebantur,
2744 2976 2963 3042 signum
3005 2972 3188 3025 crucis
3237 2971 3469 3041 singulis
3500 2982 3669 3041 guttis

2088 3065 2427 3136 depinxnssr.
2506 3063 2569 3116 Et
2629 3068 2745 3132 ipsn
2795 3063 3052 3131 quidem,
3119 3062 3497 3131 comitumque
3552 3060 3668 3128 ejus

2087 3157 2521 3228 quamplurimi,
2582 3171 2715 3209 uvas
2764 3155 3147 3222 intempestive
3194 3161 3525 3223 apparentes
3571 3170 3667 3222 ιιι-υ

2086 3250 2231 3304 bono
2256 3249 2438 3302 omine
2477 3248 2853 3315 accipiebant;
2894 3261 3072 3299 rorem
3108 3259 3238 3299 vero
3268 3260 3398 3299 casu
3431 3245 3666 3312 quodam

2090 3342 2314 3397 fortuito
2355 3349 2532 3395 vestes
2576 3340 2630 3393 in
2666 3354 2805 3408 quas
2861 3337 3143 3393 ceciderat
3169 3376 3183 3395 ,
3225 3348 3297 3389 ita
3353 3337 3669 3406 depinxissi-

2086 3436 2473 3504 opinabantur.
2508 3431 2612 3485 Alii
2647 3431 2928 3490 dicebant,
2985 3447 3047 3484 ex
3088 3430 3172 3484 liis
3209 3427 3428 3482 duobus
3480 3431 3667 3494 prodi-

2086 3524 2213 3595 giis,
2242 3526 2475 3577 alterum
2503 3522 2728 3591 quidem
2777 3520 3102 3591 portendere
3146 3524 3531 3591 imperatorem
3574 3524 3666 3573 im-

2088 3627 2303 3670 maturo
2358 3620 2509 3669 exitu
2571 3616 2910 3683 periturum.
2966 3616 3189 3681 perinde
3238 3630 3293 3664 ac
3345 3628 3475 3667 uvas
3535 3614 3658 3667 illas

2088 3722 2431 3777 regnumque
2475 3706 2624 3759 illius
2670 3705 2819 3759 brevi
2857 3716 3101 3773 tempone
3142 3706 3476 3759 duraturum
3509 3720 3663 3759 esse;

2087 3802 2319 3854 alterum
2370 3813 2499 3852 vero
2538 3799 2832 3867 pradicere
2871 3796 3311 3851 Christianorum
3348 3797 3666 3867 religionem

2087 3891 2373 3948 cmlestem
2410 3906 2560 3955 esse,
2595 3900 2940 3959 cunctosque
2967 3890 3125 3958 signo
3153 3893 3335 3945 crucis
3355 3890 3667 3960 consignari

2086 3992 2365 4054 oportere.
2414 3988 2491 4038 Ac
2538 4000 2659 4038 meo
2688 3984 2911 4054 quidem
2944 3982 3188 4051 judicio,
3236 4000 3270 4035 ιι
3300 3984 3392 4051 qui
3437 3981 3667 4037 adversa

2088 4079 2403 4147 imperatori
2443 4077 2878 4147 augurabantur,
2917 4091 2946 4127 a
2984 4077 3213 4131 veritate
3256 4078 3476 4131 minime
3507 4076 3666 4129 aber—

2087 4180 2297 4223 rarunt.
2347 4168 2654 4239 Utrumque
2703 4184 2849 4223 enim
2902 4166 3051 4222 felici
3091 4170 3411 4238 conjectura
3447 4170 3515 4224 ab
3556 4169 3665 4221 illis

2085 4264 2292 4317 dictum
2352 4261 2546 4323 fuisse,
2614 4276 2938 4331 progressus
3010 4264 3275 4328 temporis
3334 4262 3659 4315 declaravit.

2085 4353 2447 4408 Constantius
2482 4367 2680 4422 porro,
2715 4367 2837 4404 cum
2874 4350 3152 4405 Julianum
3193 4352 3392 4407 bellum
3438 4352 3543 4422 ipsi
3578 4370 3664 4405 in-

2086 4446 2229 4501 l‘errc
2284 4444 2606 4507 didicisset,
2655 4444 2850 4498 relicto
2898 4443 3027 4497 belli
3080 4452 3345 4512 apparatu
3396 4444 3665 4500 adversus

2085 4534 2304 4600 Persas,
2336 4533 2873 4603 Constantinopolim
2906 4533 3212 4587 contendit.
3262 4533 3367 4588 Sed
3404 4534 3533 4587 dum
3563 4535 3666 4587 iter

406 4624 461 4676 δὲ
504 4624 886 4694 ἐτελεύτησεν,
932 4625 961 4676 ό
1015 4626 1114 4693 μὲν
1157 4625 1439 4687 Ἰουλιανὸς
1483 4625 1583 4693 ήδη
1630 4627 1726 4696 τὴν
1764 4626 1985 4698 Θρᾴκην
2016 4626 2060 4681 D
2091 4628 2164 4682 fat

1908 4643 1985 4698 μην
2016 4626 2060 4681 D
2091 4628 2314 4689 faceret,
2346 4624 2746 4696 Mopsucrcnis,
2776 4625 2872 4695 qui
2910 4624 3066 4679 locus
3100 4636 3182 4679 est
3216 4626 3364 4679 inter
3386 4625 3586 4679 Cilices
3612 4634 3666 4678 et

407 4713 574 4785 εἶχεν.
601 4717 713 4769 Οὐκ
744 4716 823 4778 εἰς
854 4715 1070 4785 μακρὰν
1100 4715 1157 4767 δὲ
1174 4718 1253 4779 είς
1286 4717 1384 4785 τὴν
1412 4716 1980 4771 Κωνσταντινούπολιν

407 4807 609 4870 ἐλθὼν,
664 4807 1020 4875 αὐτοκράτωρ
1074 4805 1439 4876 ἀνηγορεύθη.
1499 4806 1561 4858 Οἱ
1614 4805 1671 4857 δὲ
1718 4805 1979 4876 Ἕλληνες

407 4900 768 4968 ἐλογοποίουν,
799 4898 875 4961 ὠς
914 4898 1008 4951 καὶ
1040 4898 1146 4969 πρὸ
1170 4898 1266 4951 τοῦ
1299 4898 1545 4959 Γαλάτας
1570 4896 1855 4952 ἀπολιπεῖν
1885 4898 1981 4949 αύ-

407 4992 518 5054 τὸν,
562 4992 809 5061 μαντικοὶ
852 4992 946 5044 καὶ
978 4989 1230 5059 δαίμονες
1262 4992 1353 5042 ἐπὶ
1384 4993 1588 5060 ταύτην
1624 4990 1724 5061 τὴν
1752 4990 1983 5058 ἐκστρα-

409 5084 556 5136 τείαν
587 5083 864 5151 ἐκίνησαν,
894 5083 984 5137 τὸν
1011 5084 1389 5136 Κωνσταντιον
1433 5082 1660 5136 Οάνατον
1696 5082 1979 5152 προμηνύ-

411 5194 621 5238 σαντες,
658 5178 751 5230 καὶ
778 5176 875 5245 τὴν
901 5175 1008 5228 τῶν
1052 5175 1391 5247 πραγμάτων
1427 5176 1750 5245 μεταϐολήν.
1784 5172 1893 5227 Ἦν
1921 5174 1976 5227 δὲ

406 5271 516 5341 ἄρα
542 5270 763 5323 πιθανὸν
794 5271 1098 5341 πρόγνωσιν
1135 5269 1305 5321 ταῦτα
1335 5270 1538 5332 καλεῖν,
1573 5273 1620 5321 εί
1654 5269 1729 5337 μὴ
1754 5269 1845 5321 καὶ
1872 5269 1971 5320 αύ-

408 5362 497 5416 τὸν
546 5363 668 5415 ὅσον
719 5361 870 5416 οὔπω
913 5363 975 5414 τὸ
1018 5364 1110 5413 τοῦ
1160 5364 1272 5428 βίου
1322 5362 1472 5424 τέλος
1508 5362 1760 5429 ἔφθασεν,
1810 5362 1885 5424 ὡς
1913 5362 1972 5413 ὲν

407 5450 600 5521 ὀνείρῳ
630 5455 730 5522 τῆς
757 5450 1029 5521 βασιλείας
1062 5462 1419 5522 γευσάμενον.
1462 5452 1666 5523 Εὕηοες
1694 5456 1802 5523 γὰρ
1823 5448 1974 5522 οἶμαι

480 5630 497 5661 ⁸
541 5630 699 5686 Socr.
735 5633 827 5687 lib.
879 5647 939 5694 ll,
967 5645 1016 5685 c.
1045 5633 1140 5685 ult.
1173 5644 1220 5685 et
1258 5633 1350 5685 lib.
1387 5648 1466 5698 ιιι,
1504 5647 1554 5687 c.
1594 5635 1641 5685 1.

2089 4720 2449 4792 Cappadoces
2501 4719 2596 4789 qui
2644 4716 2886 4772 Taurum
2937 4718 3221 4773 accolunt.
3274 4718 3385 4771 fato
3443 4719 3666 4772 functus

2087 4822 2173 4869 est
2196 4853 2211 4877 ,
2249 4827 2425 4866 annos
2461 4819 2625 4865 natus
2654 4811 2898 4881 quinque
2926 4821 2977 4865 et
3004 4811 3386 4880 quadraginta.
3437 4810 3509 4864 Ex
3538 4814 3665 4880 qui-

2082 4906 2187 4959 bus
2232 4902 2494 4958 tredecim
2547 4901 2771 4971 quidem
2828 4918 2936 4954 uua
2992 4917 3115 4955 eum
3171 4910 3347 4971 patre,
3419 4904 3668 4971 quinque

2086 5011 2216 5052 vero
2248 5012 2310 5049 ac
2342 4994 2539 5064 viginti
2576 5002 2699 5063 post
2729 4998 2848 5062 ejus
2878 4995 3085 5047 obitum
3112 4994 3421 5063 imperavit.
3450 4993 3666 5049 Mortuo

2089 5089 2273 5155 itaque
2296 5084 2643 5151 Constantio,
2680 5084 2935 5140 Julianus
2969 5086 3188 5155 quidem
3222 5087 3330 5150 jam
3372 5084 3661 5140 Thraciam

2083 5178 2392 5235 obtinebat.
2435 5177 2638 5232 Verum
2674 5179 2834 5247 paulo
2867 5188 2989 5249 post
3038 5194 3319 5249 ingressus
3350 5176 3664 5235 Constanti—

2084 5274 2347 5343 nopolim,
2384 5273 2684 5341 imperator
2719 5280 2802 5327 est
2855 5273 3181 5343 appellatus.
3227 5272 3497 5327 Caeterum
3530 5289 3665 5343 gen-

2080 5366 2205 5420 tiles
2243 5365 2463 5419 aiebant
2520 5380 2680 5427 eunt,
2727 5366 2902 5419 multo
2965 5374 3089 5419 ante
3131 5379 3293 5433 quam
3352 5381 3416 5420 ex
3469 5362 3660 5419 Galliis

2081 5455 2423 5521 discederet,
2474 5454 2540 5509 ad
2597 5456 2737 5510 lianc
2791 5454 3195 5524 expeditionem
3250 5456 3658 5526 suscipiendam

1600 5784 1864 5839 VALEblI
1894 5782 2458 5841 ANNOTATIONES.

483 5881 592 5955 (51)
623 5882 730 5937 Καὶ
764 5879 1015 5943 nauci}:
1044 5878 1158 5933 τῶν
1192 5881 1544 5934 συνιόντων.
1586 5877 1798 5934 Mallem
1850 5877 2088 5934 scribere
2123 5878 2408 5933 συνόντων.
