4452 6584
789 415 924 473 1211

2248 410 2585 469 SOZOMENI

3909 407 4062 464 {212

787 534 1078 591 incitatum
1110 524 1284 583 luisse
1331 539 1362 582 a
1410 525 1628 581 vatibus
1666 529 1834 594 atque
1875 522 2243 589 daemonibus,
2276 526 2371 595 qui
2403 533 2449 589 Α
2476 526 2545 578 λέε

2307 526 2371 593 ui
2403 533 2449 589 Α
2476 526 2676 592 λέγειν,
2707 521 2783 586 ὡς
2815 523 2901 577 διὰ
2933 523 3031 594 τῆς
3063 522 3327 593 μαντικῆς
3362 519 3596 592 προῖδὼν
3627 519 3724 591 τὴν
3754 519 4065 589 αὐτόματον

789 629 845 678 et
869 617 1183 676 Constantii
1216 625 1473 680 mortem,
1505 623 1560 670 et
1599 614 1842 668 futuram
1888 629 2074 668 rerum
2116 615 2376 668 mutatio-

789 726 916 766 nem
947 710 998 765 ei
1025 707 1417 779 praedixerant.
1442 703 1639 760 Posset
1673 704 1726 757 id
1759 703 1978 773 quidem
2007 718 2116 757 non
2139 704 2375 759 absurde

790 800 981 856 vocari
1019 797 1364 869 praescientia
1404 811 1588 851 rerum
1624 798 1954 858 futurarum,
1989 795 2093 849 nisi
2144 797 2374 865 ipsemet

792 891 980 946 statim
1020 899 1195 944 morte
1226 897 1537 958 praeventus
1567 885 1800 948 fuisset,
1844 885 2076 955 imperio
2123 887 2272 938 velut
2317 887 2371 938 in

793 983 1004 1036 somnis
1041 981 1311 1034 duntaxat
1333 980 1645 1049 degustato.
1681 975 1922 1031 Stultum
1960 977 2128 1038 enim,
2167 984 2225 1028 ut
2255 978 2372 1044 opi-

794 1088 916 1136 nor,
957 1072 1121 1126 fuerit
1174 1059 1393 1135 dicere,
1429 1085 1577 1135 eum,
1631 1084 1756 1122 cum
1806 1069 2022 1123 fatalem
2066 1065 2374 1121 Constantii

795 1166 1179 1228 interitum,et
1203 1179 1356 1218 suam
1379 1163 1553 1231 ipsius
1583 1161 1783 1216 caedem
1807 1162 1860 1213 in
1890 1157 2112 1214 Perside
2135 1158 2372 1211 futuram

727 1238 731 1244 ’
797 1272 896 1326 per
929 1256 1212 1309 divinandi
1248 1263 1422 1308 artem
1465 1251 1830 1322 praevidisset,
1861 1250 2006 1304 ultro
2035 1249 2102 1302 ad
2145 1256 2374 1301 mortem

799 1358 925 1402 ante
961 1348 1152 1401 oculos
1189 1346 1423 1415 positam
1459 1357 1783 1414 properasse
1817 1361 1828 1396 :
1860 1357 1983 1411 quae
2015 1340 2120 1410 ipsi
2156 1339 2376 1410 quidem

2475 615 2854 669 Κωνσταντίου
2880 614 3155 685 τελευτὴν,
3187 617 3280 668 καὶ
3314 614 3412 685 τὴν
3441 612 3605 666 αὑτοῦ
3641 611 3790 680 παρὰ
3821 611 4065 680 Πέρσαις

2477 705 2713 776 σφαγὴν,
2745 707 2970 777 ἐκοντὴς
3000 708 3080 769 εἰς
3107 703 3381 778 προῦπτον
3408 707 3576 778 ἦλατο
3607 706 3834 759 θάνατον
3855 723 3868 736 ’
3909 703 4066 774 αὖτῷ

2483 799 2602 866 μὲν,
2636 798 2788 851 οὐδὲν
2821 801 2901 852 ὅτι
2937 799 3011 870 μὴ
3037 798 3292 862 ἀϐουλίας
3323 800 3417 853 καὶ
3445 799 3690 868 ἀμαθοῦς
3725 798 4067 868 στρατηγίας

2479 889 2836 959 προσάψαντα
2872 889 3031 955 δόξαν
3067 890 3178 959 (52)
3229 889 3381 962 παρὰ
3428 889 3674 953 πολλοῖς·
3730 893 3795 959 τῇ
3826 891 3883 944 δέ
3928 890 4069 942 Ῥω-

2485 980 2659 1049 μαίων
2707 981 2934 1052 ὑπηκόῳ
2972 981 3228 1036 τοσοῦτον
3257 983 3606 1051 ἐπαγαγόντα
3653 983 3930 1046 κίνδυνον,
3988 981 4069 1044 ὡς

2486 1073 2683 1141 μικροῦ
2719 1075 2917 1136 πᾶσαν,
2943 1074 2975 1144 ἦ
3006 1075 3067 1127 τὸ
3097 1074 3344 1128 πλεῖστον
3375 1076 3562 1145 αὐτῆς,
3593 1075 3936 1127 κινδυνεῦσαι
3959 1072 4071 1124 ὑπὸ

2483 1163 2722 1233 Πέρσαις
2750 1167 3026 1233 γενέσθαι.
3063 1168 3224 1221 Ἀλλά
3253 1167 3426 1222 ταῦτα
3459 1169 3576 1237 μὲν,
3607 1169 3692 1220 ἵνα
3729 1168 3803 1238 μὴ
3835 1167 4072 1236 παραλε-

2481 1254 2696 1322 λεῖφθαι
2725 1257 2878 1332 δόξῃ,
2921 1253 3024 1313 ὧδε
3059 1261 3300 1332 εἰρήσθω
3345 1261 3476 1331 ἡμῖν
3499 1301 3512 1325 ,
3568 1263 3662 1315 καὶ
3693 1263 3800 1332 ὅπη
3833 1261 4074 1320 ἕκαστος

2489 1345 2758 1414 βούλεται,
2788 1352 2958 1421 ταύτῃ
2992 1351 3244 1422 ἡγείσθω.

800 1440 941 1494 nihil
990 1440 1224 1492 allatura
1255 1447 1425 1502 esset,
1459 1444 1657 1506 praater
1701 1429 2016 1503 Opinionem
2065 1432 2450 1502 imprudentia:
2482 1446 2644 1506 atque
2714 1440 3002 1510 imperitia:
3049 1443 3128 1497 rei
3201 1443 3498 1497 militaris:
3575 1441 3821 1496 Romano
3886 1451 4073 1493 autem

799 1530 1030 1600 imperio
1060 1537 1273 1583 tantum
1308 1530 1589 1582 invectura
1622 1534 1767 1580 esset
1803 1523 2134 1594 periculum,
2183 1533 2242 1576 ut
2311 1539 2501 1590 parum
2545 1529 2782 1585 abfuerit
2846 1537 2980 1602 quin
3025 1534 3370 1596 universum,
3437 1547 3532 1590 aut
3592 1543 3740 1590 certe
3790 1551 3919 1604 pars
3948 1535 4076 1602 ejus

800 1625 1064 1686 maxima,
1097 1620 1283 1676 Persis
1312 1619 1699 1689 subjiceretur.
1736 1614 1934 1671 Verum
1967 1616 2083 1669 haec
2110 1614 2332 1684 quidem
2355 1629 2387 1669 a
2421 1621 2580 1676 nobis
2606 1622 2678 1676 ita
2702 1623 2848 1678 dicta
2878 1627 3013 1692 sint,
3043 1641 3111 1681 ne
3155 1629 3525 1698 praetermissa
3564 1644 3686 1684 esse
3739 1625 4076 1681 videantur?

802 1718 1006 1788 singuli
1031 1731 1161 1772 vero
1197 1717 1264 1770 de
1292 1714 1361 1770 iis
1392 1722 1656 1790 statuant,
1684 1718 1851 1782 prout
1885 1710 2178 1766 voluerint.

1455 1804 1610 1860 CAP.
1654 1797 1728 1858 ll.

805 1895 884 1953 De
913 1899 1020 1951 vita
1044 1905 1094 1951 et
1124 1897 1457 1950 institutione
1498 1913 1562 1948 ac
1596 1895 1736 1948 victu
1764 1893 1977 1946 Iuliani
1995 1910 2015 1959 ;
2045 1901 2095 1947 et
2120 1890 2380 1962 quomodo

1233 1968 1301 2019 ad
1329 1969 1606 2031 imperium
1633 1965 1942 2033 pervenerit.

881 2058 1013 2114 Pusl
1056 2060 1268 2114 obitum
1315 2067 1495 2112 autem
1541 2055 1885 2120 Constantii,
1938 2053 2384 2125 persecutionum

2411 1810 2458 1868 Β
2483 1896 2624 1965 Περὶ
2654 1876 2801 1961 ,βίού
2835 1899 2936 1953 καὶ
2976 1901 3013 1955 ἁ

3093 1809 3348 1864 ΚΕΦΑΛ.
3389 1810 3465 1861 B'.

3018 1900 3212 1970 γωτῆς
3260 1901 3360 1956 καί
3389 1901 3642 1967 διαίτης,
3687 1901 3786 1953 καὶ
3831 1900 3944 1967 τῆς
3981 1903 4070 1967 εις

2695 1969 2811 2036 τὴν
2841 1971 3176 2034 ,βασιλείαν
3201 1972 3468 2040 παρόδου
3503 1971 3858 2027 Ἰουλιανοῦ.

2557 2060 2941 2115 Κωνσταντίου
2973 2062 3032 2116 δὲ
3071 2063 3514 2134 τελευτήσαντος,
3553 2065 3632 2126 εἰς
3660 2062 3778 2123 δέος
3813 2063 4079 2132 διωγμῶν

814 2159 994 2204 metus
1051 2149 1351 2204 Ecclesiam
1393 2149 1618 2204 invasit.
1645 2147 1883 2218 Malique
1915 2145 2075 2216 179
2097 2151 2388 2215 exspecta-
2486 2152 2522 2223 ἡ
2566 2151 2572 2170 ‘

2321 2157 2388 2197 ιλ-
2486 2152 2522 2223 ἡ
2566 2151 2866 2223 Ἐκκλησία,
2901 2154 3194 2208 καθίστατο
3215 2172 3230 2187 ·
3277 2155 3372 2208 καὶ
3409 2154 3794 2226 φοϐερωτέραν
3820 2156 3920 2224 τῆς
3951 2156 4079 2208 πεί-

813 2242 1020 2296 tionem
1075 2243 1381 2312 graviorem
1428 2243 1547 2312 ipso
1593 2241 1734 2294 malo
1774 2239 2012 2294 faciebat
2058 2234 2388 2292 Christianis

2494 2260 2588 2315 ρας
2629 2245 2732 2316 τὴν
2776 2245 3101 2317 προσδοκίαν
3146 2249 3382 2302 ἐποιεῖτο
3419 2250 3533 2312 τοῖς
3570 2249 3940 2319 Χριπιανοῖς,
3986 2248 4083 2300 ὅτε

811 2345 867 2388 et
901 2336 1270 2404 longinquitas
1302 2333 1565 2403 temporis
1595 2333 1791 2403 elapsi,
1824 2346 1944 2402 quae
1989 2331 2122 2401 ipsis
2160 2329 2392 2386 oblivio-
2490 2334 2569 2387 διὰ

2330 2345 2392 2385 ο·
2490 2334 2580 2387 διὰ
2615 2335 2781 2406 μέσου
2813 2337 2981 2400 πολὺς
3028 2337 3239 2408 χρόνος,
3287 2339 3477 2408 ἀήθεις
3501 2339 3698 2401 αὐτοὺς
3727 2339 4083 2408 καταστήσας

814 2441 939 2479 netu
1011 2441 1074 2480 ac
1148 2425 1566 2480 desuetudinem
1628 2425 1948 2494 hujusmodi
2014 2423 2392 2495 periculorum

817 2518 1105 2585 attulerat,
1139 2525 1193 2572 et
1225 2525 1572 2572 vetustorum
1598 2517 1951 2571 cruciatuum
1977 2515 2312 2582 recordatio,
2341 2522 2396 2570 et

822 2610 1007 2665 odium
1058 2610 1324 2681 principis
1381 2609 1436 2662 in
1480 2609 1722 2679 ipsorum
1776 2608 2120 2680 religionem.
2174 2605 2394 2661 Etenim

821 2705 1006 2758 statim
1050 2704 1119 2757 ab
1164 2704 1322 2758 initio
1368 2701 1528 2757 ﬁdem
1586 2701 1793 2767 Christi
1850 2701 1988 2756 adeo
2049 2699 2397 2770 impudenter

820 2795 1124 2864 abnegasse
1173 2794 1373 2857 fertur,
1415 2804 1475 2848 ut
1529 2792 1822 2848 sacrificiis
1859 2773 2194 2862 quibusdam
2232 2798 2400 2860 atque

821 2887 1265 2942 invocationibus
1306 2900 1447 2956 quas
1493 2882 1669 2939 Graaei
1712 2883 2058 2954 depulsorias
2087 2889 2318 2947 vocant,
2347 2890 2403 2938 et

819 2978 1170 3033 victimarum
1221 2977 1490 3046 sanguine
1554 2975 1887 3045 baptismum
1959 2973 2403 3029 Christianorum

822 3071 1048 3133 eluerit,
1102 3069 1467 3124 sacramentis
1516 3066 1777 3122 Ecclesiae
1823 3066 2150 3122 renuntians
2186 3085 2200 3120 :
2240 3072 2404 3134 atque

2493 2426 2601 2481 τῶν
2645 2428 2901 2483 τοιούτων
2929 2429 3215 2496 κινδύνων,
3245 2432 3342 2484 καὶ
3380 2429 3488 2484 τῶν
3532 2431 3701 2485 πάλαι
3727 2430 4009 2502 τιμωριῶν
4045 2431 4083 2498 ἡ

2495 2519 2838 2590 ἀνάμνησις,
2888 2521 2983 2574 καὶ
3014 2521 3076 2574 τὺ
3111 2520 3207 2574 τοῦ
3249 2521 3584 2593 κρατοῦντος
3618 2524 3750 2592 περὶ
3797 2523 3860 2576 τὸ
3899 2522 4085 2592 δόγμα

2501 2613 2676 2682 μῖσος.
2706 2612 2939 2681 Λέγεται
2970 2613 3080 2685 γὰρ
3105 2612 3270 2676 εὐθὺς
3296 2615 3613 2685 περιφανῶς
3643 2615 3815 2678 οὕτως
3856 2615 4086 2684 ἀναίδην

2497 2701 2916 2772 ἀπαρνήσασθαι
2956 2701 3056 2773 τὴν
3101 2703 3184 2766 είς
3228 2704 3462 2774 Χριστὸν
3508 2703 3710 2768 πίστιν,
3757 2705 3833 2766 ὼς
3865 2703 4085 2766 θυσίαις

2497 2794 2611 2845 τισὶ
2643 2790 2739 2846 κα)⁵
2770 2791 3144 2862 ἐπικλήσεσιν,
3177 2792 3243 2858 ἃς
3274 2794 3678 2864 ἀποτροπαίους
3702 2793 3962 2864 ’Έλληνες
3988 2811 4088 2846 κα-

2500 2867 2674 2947 λοῦσι,
2706 2884 2802 2937 καὶ
2836 2884 3029 2954 αἵματι
3059 2884 3305 2953 σφαγίων
3345 2884 3442 2956 τὴν
3476 2884 3599 2938 καθ’
3640 2886 3787 2954 ἡμᾶς
3821 2883 4085 2952 βάπτισιν

2503 2975 2905 3046 ἀπονίψασθαι,
2947 2980 3013 3048 τῇ
3067 2979 3265 3048 μυήσει
3295 2980 3395 3049 τῆς
3436 2977 3760 3045 Ἐκκλησίας
3807 2975 4089 3041 ἀποταξά-

2511 3083 2668 3135 μενον
2687 3081 2702 3096 ·
2750 3067 2843 3119 καὶ
2873 3066 2936 3120 τὸ
2971 3067 3029 3134 ἐξ
3063 3067 3294 3132 ἐκείνου,
3327 3069 3432 3139 ἰδίᾳ
3461 3084 3540 3144 τε<
3559 3068 3651 3121 καὶ
3679 3067 3741 3138 δη
3751 3068 3912 3138 μοσία
3939 3067 4090 3120 ἐντό-

823 3177 976 3219 exeo
1010 3168 1257 3231 tempore
1301 3157 1675 3228 haruspicina,
1707 3165 1763 3212 et
1805 3158 2066 3222 victimis,
2103 3165 2156 3212 et
2184 3154 2401 3211 caeteris
2428 3152 2471 3211 C
2507 3174 2581 3226 μοι

2328 3154 2401 3210 ris
2428 3152 2471 3211 C
2507 3174 2646 3226 μοις,
2676 3158 2774 3218 καὶ
2803 3152 3043 3229 ἱερείοις,¹
3082 3160 3312 3224 καὶτοῖς
3341 3161 3440 3214 ὅσα
3467 3161 3625 3231 θέμις
3659 3162 3806 3214 ἐστὶν
3836 3160 4086 3230 Ἕλλησι,

824 3255 1112 3326 gentilium
1153 3252 1377 3315 ritibus,
1415 3258 1530 3304 tum
1566 3251 1843 3320 privatim,
1881 3257 1994 3302 tum
2025 3248 2242 3318 publice
2271 3261 2404 3301 usus

826 3348 921 3403 sit.
953 3345 1202 3411 Quodam
1237 3344 1406 3414 igitur
1464 3351 1731 3411 tempore,
1761 3355 1885 3395 cum
1927 3347 2052 3396 exta
2084 3339 2403 3408 inspiceret,
2459 3339 2466 3348 '

829 3437 986 3491 aiunt
1011 3427 1229 3504 signum
1265 3434 1451 3489 crucis
1493 3434 1543 3486 ei
1584 3433 1639 3486 in
1666 3432 1814 3487 extis
1853 3430 2173 3502 apparuisse
2197 3444 2408 3484 corona

829 3528 1257 3583 circumdatum.
1322 3525 1389 3580 Et
1456 3525 1698 3596 reliquos
1767 3524 1986 3593 quidem
2049 3520 2408 3576 divinationis

831 3622 979 3675 illius
1017 3621 1266 3675 conscios
1311 3632 1375 3673 ac
1406 3617 1721 3687 participes,
1763 3612 1908 3669 metu
1952 3614 2234 3683 perculsos
2263 3626 2406 3675 esse,

832 3713 1035 3782 quippe
1060 3712 1152 3781 qui
1201 3709 1724 3780 religionis'nostraz
1773 3707 1880 3760 vim
1913 3714 1968 3761 et
2000 3697 2310 3759 mansuram
2354 3705 2410 3757 in

833 3814 1161 3876 perpetuum
1209 3803 1512 3858 doctrinam
1563 3817 1628 3857 ex
1677 3817 1742 3857 eo
1790 3800 2149 3870 eonjicerent.
2197 3797 2410 3853 Corona

835 3897 1108 3966 siquidem
1147 3910 1254 3966 qua
1299 3909 1433 3949 crux
1486 3902 1605 3948 erat
1655 3893 2020 3960 circumdata,
2064 3891 2280 3960 signum
2329 3897 2414 3944 cst

835 3990 1120 4045 victoriw:
1153 3999 1203 4043 ct
1239 3988 1604 4057 undequaque
1653 3984 1935 4041 exordium
1964 4000 2221 4046 sumens,
2251 3991 2416 4052 atque

838 4081 895 4135 in
929 4097 987 4136 se
1017 4080 1308 4143 desinens,
1349 4078 1556 4132 ambitu
1603 4076 1795 4132 circuli
1844 4089 2114 4145 nusquam
2151 4074 2414 4128 termina-

844 4179 958 4223 tur.
1020 4167 1222 4223 Verum
1271 4169 1462 4223 doctor
1515 4167 1678 4236 hujus
1742 4165 1984 4221 scientiae
2033 4164 2416 4233 imperatorem

845 4261 989 4317 bono
1028 4263 1212 4316 animo
1249 4276 1373 4317 esse
1412 4260 1599 4330 jussit.
1640 4258 1775 4312 Exta
1825 4259 1970 4312 enim
2022 4255 2205 4312 fausta
2252 4264 2305 4309 et
2351 4271 2413 4309 ex

846 4352 1016 4406 animi
1054 4352 1323 4406 sententia
1378 4350 1514 4419 ipsis
1549 4364 1845 4420 apparere,
1879 4348 2079 4418 quippe
2109 4363 2230 4418 quae
2265 4363 2416 4417 sym-

843 4441 1028 4497 bolum
1071 4442 1354 4511 religionis
1381 4441 1821 4496 Christianorum
1848 4439 2091 4509 undique
2125 4438 2419 4495 conclude-

846 4542 995 4597 rent,
1040 4533 1290 4602 atquein
1326 4541 1618 4603 angustum
1664 4539 2045 4596 eoarctarent;
2083 4533 2156 4585 ita
2210 4538 2270 4585 ut
2317 4546 2417 4585 nec

847 4625 1087 4691 dilatari,
1124 4641 1224 4679 nec
1257 4626 1429 4680 libere
1470 4641 1578 4695 quo
1621 4626 1784 4679 vellet.
1821 4625 2040 4695 evagari
2075 4633 2282 4693 posset,
2327 4631 2419 4698 ut-

846 4726 974 4790 pote
1025 4718 1232 4772 ambitu
1289 4718 1480 4770 circuli
1529 4699 1967 4784 circumscripta.
2029 4713 2228 4768 Audivi
2279 4728 2419 4782 prae-

849 4820 997 4866 terea
1043 4825 1168 4866 eum
1212 4809 1505 4880 aliquando
1547 4809 1604 4863 in
1659 4809 2098 4863 illustrissimum
2149 4807 2422 4877 quoddam

849 4919 918 4958 ac
985 4903 1300 4972 religiosum
1364 4903 1586 4974 adytum
1651 4901 2040 4959 descendisse.
2100 4900 2426 4954 initiationis

850 4996 1183 5065 cujusdam,
1241 5003 1334 5050 aut
1384 5003 1532 5051 certe
1587 4993 1797 5050 oraculi
1856 4990 2177 5046 consulendi
2235 5005 2424 5046 causa.

853 5088 1106 5158 Cumque
1160 5096 1387 5158 repente
1446 5093 1700 5156 spcctra,
1753 5099 1873 5154 qua:
1930 5082 2428 5137 machinationibus

855 5179 1184 5253 quibusdam
1220 5187 1274 5234 et
1304 5179 1526 5249 magicis
1565 5177 1854 5247 praestigiis
1899 5175 1952 5229 in
1979 5174 2248 5244 ejusmodi
2290 5174 2425 5230 locis

859 5286 1122 5342 apparere
1169 5272 1368 5334 solent,
1398 5273 1447 5325 ei
1481 5271 1696 5338 obiecta
1739 5277 1945 5335 essent,
1975 5285 2085 5338 pra:
2120 5275 2332 5324 terrore
2363 5284 2427 5323 ac

859 5372 1031 5429 metu,
1069 5363 1277 5418 oblitus
1328 5378 1519 5418 eorum
1553 5378 1673 5433 qua:
1709 5364 2036 5432 gerebantur
2077 5378 2091 5414 :
2129 5359 2242 5428 jam
2282 5360 2424 5414 enim

2504 3249 2760 3319 χρῆσθαι.
2792 3250 2930 3303 Ποτέ
2977 3250 3108 3319 γοῦν
3139 3251 3295 3322 αὐτῷ
3341 3251 3627 3323 θεωμένῳ,
3673 3253 3829 3319 λόγος
3875 3252 4093 3306 ἀναδει-

2506 3339 2700 3411 χθῆναι
2728 3340 2961 3412 σταυροῦ
2997 3344 3222 3412 σημεῖον
3253 3345 3312 3414 ἐν
3338 3346 3451 3407 τοῖς
3486 3344 3815 3414 σπλάγχνοις
3836 3344 4093 3414 στεφάνῳ

2507 3433 2874 3503 κυκλούμενον
2903 3451 2915 3462 ·
2972 3436 3068 3488 καὶ
3109 3420 3238 3498 τοὺς
3281 3435 3382 3506 μὲν
3415 3435 3609 3499 ἄλλους
3655 3437 3946 3498 κοινωνοὺς
3987 3438 4092 3506 τῆς

2511 3523 2772 3594 μαντείας
2808 3526 2887 3587 είς
2922 3524 3041 3588 δέος
3069 3524 3350 3596 ἐμϐαλεῖν,
3399 3525 3810 3599 συμϐάλλοντας
3837 3526 4093 3579 ἐντεῦθεν

2508 3615 2608 3684 τὴν
2638 3615 2774 3685 μετὰ
2821 3615 2994 3669 ταῦτα
3021 3616 3120 3685 τῆς
3151 3616 3451 3686 θρησκείας
3496 3619 3672 3688 ἰσχὺν,
3705 3618 3799 3672 καὶ
3837 3617 3932 3670 τοῦ
3961 3618 4091 3685 δόγ-

2515 3723 2684 3776 ματος
2738 3708 2800 3758 τὸ
2825 3705 2995 3759 ἀΐδιον
3020 3721 3032 3734 ·
3075 3705 3263 3758 καθότι
3296 3709 3324 3760 ὁ
3350 3707 3616 3777 στέφανος
3642 3700 3687 3775 ᾧ
3717 3707 4094 3779 περιείληπτο,

2511 3799 2669 3868 νίκης
2696 3816 2756 3851 τε
2790 3799 3122 3882 σημαντιξιόν
3155 3800 3273 3851 ἐστι
3304 3816 3318 3829 ·
3363 3799 3456 3878 καὶ
3483 3802 3550 3872 τῇ
3579 3785 3827 3872 ’περιόδῳ
3864 3801 3958 3854 τοῦ
3991 3801 4094 3854 κύ-

2513 3891 2663 3953 κλου,
2712 3891 2975 3944 πάντοθεν
3013 3891 3333 3961 ἀρχόμενος,
3389 3896 3484 3946 καὶ
3531 3895 3610 3958 είς
3660 3895 3851 3948 ἐαυτὸν
3888 3894 4096 3964 λήγων,

2513 3981 2747 4054 οὐδαμοῦ
2787 3983 3129 4065 περαιοῦται.
3181 3987 3248 4039 '0
3281 4003 3344 4054 γε
3375 3987 3482 4057 μὴν
3527 3988 3770 4058 ἀρχηγὸς
3815 3988 3915 4058 τῆς
3963 3989 4099 4060 περὶ

2514 4077 2685 4129 ταῦτα
2735 4076 3111 4144 διαγνώσεως,
3158 4075 3382 4148 θαρρεῖν
3425 4077 3744 4144 ἐκέλευσεν,
3793 4079 3868 4142 to;
3902 4079 4098 4132 αίσίων

2518 4167 2657 4220 κατὰ
2686 4165 2910 4237 γνώμην
2945 4166 3056 4237 (55)
3107 4167 3290 4230 αὐτοῖς
3335 4167 3444 4221 τῶν
3491 4167 3737 4237 σφαγίων
3783 4169 4102 4222 ἀναδεικνυ-

2521 4245 2718 4329 μένων,
2752 4259 2844 4313 καὶ
2870 4257 3285 4330 περικλειόντων
3314 4258 3375 4311 τὸ
3394 4256 3488 4311 τοῦ
3516 4243 3783 4330 δόγματος
3808 4261 3870 4312 σύ
3879 4261 4098 4330 μϐολον,

2521 4350 2615 4403 καὶ
2647 4352 2726 4413 είς
2756 4350 2950 4403 ταύτὸν
2990 4349 3394 4412 συνωθούντων,
3425 4349 3564 4403 ὦστε
3598 4350 3671 4421 μὴ
3711 4350 4098 4416 πλατύνεσθαι,

2522 4441 2617 4492 καὶ
2643 4438 2816 4502 ἀδεῶς
2847 4443 3043 4511 χωρεῖν
3082 4441 3164 4509 ἐφ’
3195 4439 3288 4504 οὒς
3318 4439 3584 4510 βούλεται,
3621 4441 3745 4512 ὅρον
3779 4441 3969 4512 ἔχοντα
4004 4443 4101 4512 τὴν

2523 4531 2617 4586 τοῦ
2653 4531 2854 4584 κύκλου
2897 4534 3264 4603 περιγραφήν.
3325 4532 3633 4604 Ἐπυθόμην
3659 4528 3717 4586 δέ
3760 4534 3835 4597 ὡς
3869 4534 3962 4587 καὶ
3993 4535 4104 4587 τῶν

2525 4624 2941 4692 ἐπισημοτάτων
2990 4625 3082 4676 καὶ
3128 4623 3372 4693 φοϐερῶν
3421 4624 3630 4677 ἀδύτων
3673 4624 3754 4688 εἷς
3796 4642 3847 4677 τι
3887 4625 4102 4695 κατῄει,

2523 4716 2744 4786 τελετῆς
2779 4733 2924 4779 τινος
2961 4715 2993 4785 ἢ
3047 4715 3305 4785 μαντείας
3337 4714 3495 4785 χάριν
3519 4732 3534 4745 ·
3573 4715 3832 4785 ἐξαπίνης
3854 4717 3908 4769 δέ
3937 4733 4104 4786 προσ-

2524 4805 2825 4860 ϐαλλόντων
2874 4804 3020 4873 αύτῷ
3066 4805 3175 4858 τῶν
3219 4807 3312 4859 ἐπὶ
3339 4805 3548 4869 τούτοις
3580 4807 4100 4878 μεμηχανευμένων,

2525 4899 2616 4951 καὶ
2637 4898 2912 4969 γοητείαις
2951 4899 3443 4968 παραφαινομένων
3470 4898 3791 4968 φασμάτων,
3826 4899 3927 4951 ὑπὸ
3950 4898 4107 4968 θορύ-

2524 4990 2621 5042 ϐου
2660 4990 2754 5042 καὶ
2784 4988 2933 5050 δέους
2962 4987 3070 5040 τῶν
3111 4987 3398 5058 παρόντων
3431 4987 3916 5058 ἐπιλανθανόμενος
3941 5006 3954 5019 °
4002 4989 4102 5057 ὀψὲ

2527 5080 2635 5149 γὰρ
2660 5079 2759 5148 τῆς
2807 5077 3025 5148 ἡλικίας
3074 5078 3166 5131 ἐπὶ
3209 5078 3465 5148 τοιαύτην
3507 5074 3637 5151 ἦλθε
3682 5079 3779 5150 τὴν
3819 5079 4056 5150 μάθησιν
4082 5096 4096 5109 ·

2531 5171 2715 5224 ἔλαθεν
2748 5169 2851 5222 ὑπὸ
2874 5169 2974 5240 τῆς
3003 5169 3272 5241 προτέρας
3310 5169 3615 5240 συνηθείας,
3642 5166 3731 5224 οἷά
3754 5187 3817 5239 γε
3844 5173 4104 5242 Χριστια-

2531 5265 2620 5328 νὸς
2655 5265 2712 5317 ἐν
2743 5263 2969 5332 ἀπόροις
3002 5261 3271 5325 κινδύνοις
3302 5261 3684 5332 περιληφθεὶς,
3731 5261 3808 5332 τῷ
3853 5262 4104 5332 συμϐόλῳ

2533 5359 2626 5410 τοῦ
2657 5355 2890 5428 Χριστοῦ
2924 5356 3314 5425 κατασημάνας
3336 5353 3545 5410 ἑαυτόν.
3577 5354 3784 5409 Αὐτίκα
3810 5371 3869 5407 τε
3898 5353 4108 5426 φροῦδα

2057 5471 2331 5527 VALESll
2373 5465 2933 5528 ANNOTATIONES.

932 5570 1046 5638 (5'2)
1103 5569 1506 5639 Προσιὶψαντα
1533 5567 1854 5639 δόξανηιη
1885 5565 2186 5639 Fuketiano
2244 5567 2432 5621 codice

867 5636 1269 5708 script—unt‘cst
1316 5636 1698 5712 ’προσάξαιιτι
1749 5637 1939 5712 Quam
1994 5636 2429 5712 emendationem

865 5707 1396 5792 (lliristophorsontts
1455 5713 1616 5767 etiam
1670 5726 1733 5763 ac.
1776 5710 2015 5763 Savilius
2079 5709 2133 5761 in
2189 5707 2434 5777 margine

869 5792 1261 5850 ascripserunt.

941 5847 1051 5921 (55)
1131 5854 1224 5919 Ὠς
1286 5854 1496 5907 αἰσίων
1554 5853 1697 5906 κατὰ
1756 5852 2009 5920 τρώγων.
2073 5847 2428 5903 Sct'ibcntluut

2541 5573 2673 5634 puto
2704 5581 2720 5634 _:
2769 5562 2855 5624 Ὠς
2912 5562 3102 5634 αἰσίων
3157 5559 3251 5634 καὶ
3310 5557 3449 5634 κατὰ
3491 5555 3714 5634 γνώμην
3763 5555 3942 5623 αὐτοῖς
3997 5551 4108 5634 τῷν

2543 5622 2810 5702 σφαγίων,
2839 5622 2969 5702 ίριρ.
3003 5629 3172 5702 Porro
3207 5631 3319 5683 hzec
3368 5622 3628 5702 historia,
3670 5622 3721 5678 et
3762 5622 3996 5702 sequens
4027 5622 4109 5702 fa:

2540 5691 2687 5757 ct'uu't
2720 5691 2863 5771 quod
2899 5712 3084 5771 narrat
3114 5700 3473 5759 Sozumenus,
3501 5699 3753 5771 leguntur
3782 5694 3940 5771 etiam
3962 5691 4104 5761 apud

2541 5761 2861 5840 Gregorium
2928 5770 3364 5835 Nazianzcnmu,
3423 5774 3475 5822 in
3537 5761 3799 5820 lm'cctiva
3860 5761 4106 5817 adrersus

2538 5844 2836 5899 Juliumtm.
