4452 6584
364 482 501 542 ιέιῦ

1347 475 1670 535 HISTORIA
1706 468 2260 535 ECCLESIASTIGA.
2302 510 2373 520 ——
2410 478 2538 534 LIB.
2583 478 2647 533 V.

3484 479 3627 535 12M

360 601 431 655 τὰ
465 598 728 669 φάσματα
759 594 1006 665 ἐγένετο,
1052 593 1148 648 καὶ
1189 592 1251 647 τδ
1286 590 1719 661 σπουδαζόμενον
1764 590 1942 661 ὲμπε-
1971 596 2017 652 Α
2045 594 2108 647 λιι

1864 606 1942 642 τε-
1971 596 2017 652 Α
2045 594 2230 648 adulta
2277 600 2436 646 aetate
2462 593 2530 647 ad
2558 606 2678 647 eam
2721 590 3073 662 disciplinam
3107 605 3166 646 se
3211 590 3580 647 transtulerat
3608 608 3622 646 :

363 692 604 747 πόδιστο.
640 686 870 757 Ἀπορού
878 702 1037 757 μενος
1059 685 1116 739 δὲ
1142 684 1269 755 περὶ
1292 682 1478 737 τούτου
1502 684 1530 735 ὀ
1564 682 1942 753 μυσταγωγὸς,

365 781 553 851 ἐπειδὴ
582 778 724 848 ἔγνω
750 778 812 831 τὸ
838 778 1008 831 αῐτιον
1030 776 1131 846 τῆς
1160 776 1339 845 φυγῆς
1364 773 1471 828 τῶν
1504 774 1790 844 δαιμόνων,
1815 774 1945 841 ἄγος

366 872 428 925 τὸ
453 870 674 940 γεγονὸς
702 869 1070 930 ἀποκαλέσας,
1098 868 1193 920 καὶ⁹
1226 867 1471 937 ἀνδρεῖον
1502 866 1669 931 εἶναι,
1712 866 1805 920 καὶ
1846 883 1950 936 μη-

366 962 456 1016 δὲν
507 962 709 1031 πρᾶξαι
757 959 791 1031 ἢ
833 959 1083 1027 ἐννοῆσαι
1117 958 1505 1029 Χριστιανικὺν
1533 957 1949 1028 παρακελευσά-

372 1070 561 1124 μενος,
610 1048 764 1114 αὖθις
818 1051 910 1104 ἐπὶ
940 1050 1038 1120 τὴν
1077 1050 1297 1121 τελετὴν
1340 1050 1500 1103 αὑτὸν
1537 1046 1691 1121 ἦγεν.
1739 1049 1813 1103 Οὐ
1853 1066 1948 1119 με-

366 1146 535 1217 τρίως
581 1145 639 1197 δὲ
688 1132 875 1197 ἐλύπει
940 1145 1068 1207 τοὺς
1120 1144 1483 1214 Χριστιανοὺς
1535 1143 1631 1196 καί¹
1680 1142 1950 1211 περιδεεῖς

369 1237 543 1290 ἐποίει
578 1238 609 1307 ἡ
647 1237 775 1306 περὶ
811 1222 982 1289 ταῦτα
1008 1235 1210 1306 σπουδὴ
1250 1235 1344 1289 τοῦ
1381 1236 1664 1305 βασιλέως,
1710 1238 1805 1295 καὶ
1842 1237 1982 1310 μά·-

368 1329 523 1381 λιστα
570 1329 652 1381 ὃτι
700 1326 1025 1398 Χριστιανὸς
1069 1321 1137 1396 ῆν
1188 1327 1472 1399 πρότερον.
1529 1328 1789 1381 Εὑλαϐῶν
1840 1327 1951 1399 γὰρ

369 1422 500 1491 περὶ
542 1419 639 1491 τὴν
682 1420 978 1489 θρησκείαν
1031 1418 1284 1489 πατέρων
1348 1421 1674 1491 γενόμενος,
1722 1422 1787 1474 ὲκ
1829 1421 1951 1474 νέου

370 1512 589 1583 ἐμυήθη
636 1511 779 1565 κατὰ
825 1511 917 1565 τὸν
951 1510 1169 1592 θεσμὸν
1196 1512 1295 1590 τῆς
1340 1512 1682 1592 Ἐκκλησίας,
1726 1512 1952 1576 καὶτὰς

375 1604 525 1675 ἱεράς
552 1603 775 1675 Γραφὰς
822 1588 1138 1673 ἐπαιδεύθη,
1180 1588 1276 1656 καὶ
1326 1604 1431 1657 ὑπὸ
1481 1588 1802 1669 ἐπισκόποις
1835 1605 1949 1677 (54)

370 1698 467 1751 καὶ
515 1695 989 1766 ὲκκλησιαστικοίς
1033 1695 1291 1764 ἀνδράσιν
1322 1696 1566 1773 ἐτράφη.
1617 1698 1813 1765 Γέγονε
1844 1698 1952 1769 γὰρ

371 1787 521 1859 αὐτῷ
560 1788 654 1841 καὶ
701 1786 889 1855 Γάλλῳ
935 1786 1118 1857 πατὴρ
1151 1786 1568 1852 Κωνστάντιος,
1616 1788 1953 1859 ὁμοπάτριος

356 1864 601 1948 ⁹ιὶιδελιιιδδις
616 1875 1028 1931 Κωνσταντίνού
1053 1875 1157 1928 τοῦ·
1173 1876 1609 1947 βασιλεύσαντος,
1632 1880 1727 1931 καὶ
1749 1880 1954 1951 Δαλμα⁸

2049 696 2113 736 ex
2148 681 2379 750 pristina
2424 682 2842 748 consuetudine,
2894 688 3082 750 utpote
3132 680 3512 743 Christianus,
3570 682 3627 737 in

2052 773 2385 843 gravissimo
2454 772 2775 827 discrimine
2845 773 3227 836 constitutus,
3306 773 3628 843 imprudens

2052 862 2210 932 signo
2239 863 2421 917 crucis
2454 862 2695 930 seipsum
2741 864 3123 951 consignavit;
3178 864 3473 934 statimque
3500 878 3628 934 spe-

2055 964 2175 1010 ctra
2200 964 2565 1019 evanuerunt,
2595 966 2648 1009 et
2690 955 2743 1009 id
2781 958 2925 1025 quod
2963 957 3223 1025 perlicere
3249 957 3499 1011 volebant
3526 958 3629 1011 im-

2052 1046 2292 1115 peditum
2323 1057 2429 1102 est.
2461 1045 2755 1101 Sacrorum
2788 1057 2971 1101 autem
3017 1048 3243 1102 antistes
3291 1062 3353 1102 ea
3400 1063 3460 1102 re
3507 1063 3629 1116 per-

2053 1136 2330 1201 turbatus,
2374 1146 2663 1205 postquam
2713 1135 2905 1189 didicit
2944 1151 3105 1206 quam
3134 1138 3206 1191 ob
3244 1152 3466 1192 causam
3515 1138 3627 1191 dte-

2054 1242 2245 1281 moues
2275 1222 2637 1299 aufugissént,
2662 1228 2940 1296 piaculum
2974 1244 3096 1283 esse
3127 1229 3264 1282 dixit
3305 1230 3357 1283 id
3380 1230 3526 1300 quod
3560 1230 3631 1283 ab

2054 1319 2381 1387 imperatore
2449 1320 2655 1373 factum
2725 1328 2843 1373 erat
2891 1338 2908 1403 Ξ
2960 1302 3322 1391 hortatusque
3377 1332 3434 1399 ut
3502 1320 3629 1374 forti

2054 1412 2237 1483 animo
2270 1422 2438 1475 esset,
2491 1427 2592 1466 nec
2619 1411 2996 1467 Christianum
3025 1412 3331 1483 quidquam
3379 1424 3470 1466 aut
3501 1429 3631 1482 age-

2053 1510 2139 1557 ret
2158 1482 2185 1565 ,δ
2228 1511 2323 1556 aut
2373 1489 2668 1571 cogitaret,
2720 1518 2845 1557 eum
2896 1518 3091 1560 rursus
3136 1504 3203 1558 ad
3258 1485 3630 1575 peragendum

2053 1606 2271 1647 sacrum
2301 1592 2547 1646 deduxit.
2589 1592 2765 1648 Porro
2788 1593 3119 1663 Christianis
3148 1610 3255 1649 non
3299 1594 3630 1650 medicerem

2054 1684 2299 1746 dolorem
2346 1697 2409 1737 ac
2454 1692 2660 1758 pictum
2710 1684 3016 1740 incutiebat
3075 1686 3316 1741 studium
3369 1686 3632 1755 principis

2053 1791 2183 1845 erga
2218 1770 2528 1844 hujus'rnodi
2556 1777 3039 1845 superstitionem,
3074 1793 3139 1831 ac
3168 1779 3439 1848 praecipue
3486 1770 3643 1846 quod

2052 1867 2405 1921 Christianus
2442 1875 2569 1921 ante
2618 1868 2944 1923 exstitisset.
2983 1868 3115 1923 Nam
3147 1886 3270 1924 cum
3317 1870 3635 1940 parentibus

370 1939 528 2043 eleb:
580 1939 643 2024 οὗ
676 1972 807 2033 παῖς
852 1967 1143 2040 ὁμώνυμος
1173 1939 1411 2040 ’Καῖσαρ
1444 1939 1812 2040 ἀναδειχθεὶς,
1856 1939 1953 2025 άν-
1984 1939 2026 1994 Β
2055 1955 2128 2010 Ch

1874 1971 1953 2025 ειν-
1984 1939 2026 1994 Β
2055 1955 2379 2012 Christianae
2427 1955 2677 2026 religioni
2726 1959 3133 2034 addictissimis‘
3171 1939 3330 2017 ortus
3379 1970 3556 2025 esset,
3603 1976 3632 2014 a

371 2064 546 2138 ῃρέθη
584 2063 691 2116 ὑπὸ
718 2062 827 2115 τῶν
862 2060 1212 2131 στρατιωτῶν
1244 2060 1382 2132 μετὰ
1408 2063 1509 2133 τὴν
1543 2061 1953 2116 Κωνσταντίνου

371 2156 667 2226 τελευτήντ-
699 2154 954 2226 Ὀρφανοὶ
984 2154 1042 2207 δὲ
1089 2154 1297 2226 πατρὸς
1346 2154 1625 2223 γενόμενοι
1672 2156 1768 2210 καὶ
1804 2155 1956 2209 αὐτοὶ

372 2248 515 2312 τότε,
550 2224 840 2317 Δαίματίῳ
870 2224 1267 2301 συναπολέσθαι
1296 2248 1650 2303 ἐκινδύνευον.
1691 2248 1957 2316 Ἐξείλετο

374 2338 433 2392 δὲ
472 2338 572 2408 τῆς
601 2336 895 2407 ἐπιϐουλῆς
925 2337 1128 2391 Γάλλον
1163 2338 1282 2409 μὲν,
1328 2338 1410 2392 ὅτι
1450 2338 1621 2391 νοσῶν
1654 2338 1831 2409 ἔτυχε.
1864 2340 1958 2393 καὶ

324 2499 333 2510 κ
376 2432 499 2484 ὅσον
542 2429 697 2484 οὔπω
756 2430 1082 2500 αὐτομάτως
1142 2429 1494 2501 τεθνήξεσθαι
1540 2432 1912 2504 προσεδοκήθη
1941 2450 1956 2464 ο

389 2523 678 2577 Ἰουλιανὸν
719 2522 776 2576 δὲ
803 2524 865 2575 τὸ
894 2523 1017 2575 νέον
1039 2538 1052 2552 ο
1100 2522 1179 2577 ἔτι
1209 2523 1318 2594 γὰρ
1358 2523 1541 2591 ὃγδοον
1584 2523 1798 2594 ἡλικίας
1825 2520 1960 2596 ἦγεν

378 2616 517 2679 ἔτος.
550 2616 876 2688 Παραδόξως
899 2615 955 2669 δὲ
976 2610 1079 2670 ὦδε
1111 2616 1488 2683 διασωθέντες,
1510 2618 1959 2688 προσετάχθησαν

379 2710 439 2762 ὲν
480 2708 846 2780 Καππαδοκίᾳ
885 2709 1184 2782 διατρίϐειν
1216 2712 1274 2764 ὲν
1314 2697 1602 2780 Μακέλλῳ.
1652 2710 1865 2782 Χωρίον
1904 2711 1962 2765 δὲ

380 2800 539 2854 τοῦτο
574 2800 851 2871 βασιλικὸν
886 2801 1023 2872 πρὸς
1057 2801 1390 2872 τῷἈργαίῳ
1409 2799 1544 2871 ὄρει,
1572 2802 1671 2855 οὐκ
1696 2802 1804 2854 ἀπὸ
1831 2801 1962 2855 πολ-

382 2894 474 2947 λοῦ
514 2884 612 2964 τῆς
658 2870 986 2965 Καισαρέων
1021 2870 1249 2958 πόλεως,
1300 2870 1692 2964 μεγαλοπρεπῆ
1722 2910 1781 2946 τε
1813 2893 1964 2963 βασί-

382 2986 501 3038 λεια
549 2984 691 3055 ἔχον,
726 2970 1045 3057 καὶλουτρὰ
1088 2987 1181 3039 καὶ
1218 2986 1451 3056 κήπους,
1498 2988 1592 3039 καὶ
1630 2987 1817 3055 πηγὰς
1843 2987 1963 3040 ἀεν-

384 3077 565 3151 χάους.
604 3076 775 3130 Ἔνθα
818 3077 881 3148 δὴ
932 3077 1230 3142 θεραπείας
1276 3078 1371 3131 καὶ
1419 3077 1644 3147 ἀγωγῆς
1680 3077 1963 3147 βασιλικῆς

386 3166 656 3236 ⁴ἠξιοῦντο,
708 3170 803 3221 καὶ
853 3153 1280 3239 μαθήμαοικαλ⁸
1315 3169 1641 3238 γυμνασίοις
1684 3171 1796 3230 τοῖς
1841 3167 1962 3220 καθ’

384 3260 602 3330 ἡλικίαν
641 3259 915 3356 ἐχρῶντο,
970 3260 1066 3311 καὶ
1114 3260 1289 3327 λόγων
1330 3259 1691 3324 διδασκάλοις,
1726 3261 1820 3314 καὶ
1852 3262 1963 3324 τοῖς
1992 3298 2036 3357 C

387 3352 698 3427 ὑφηγηταῖς
720 3340 829 3403 τῶν
858 3350 1029 3418 ἁγίων
1054 3350 1290 3421 Γραφῶν
1316 3368 1328 3381 ·
1363 3351 1438 3413 ὡς
1463 3352 1557 3403 καὶ
1588 3352 1774 3422 κλήρῳ
1804 3354 1965 3419 ἐγκα-

386 3439 703 3509 ταλεγῆναι,
750 3439 846 3491 καὶ
877 3437 1348 3506 ὑπαναγινώσκειν
1379 3437 1457 3507 τῷ
1494 3438 1608 3508 λαῷ
1640 3439 1739 3501 τὰς
1764 3440 1965 3508 ἐκκλη-

390 3532 675 3592 σιαστικὰς
709 3529 944 3599 βίϐλους.
981 3530 1056 3582 Οὐ
1095 3529 1202 3601 μὴν
1235 3530 1372 3583 ἀλλὰ
1413 3529 1507 3583 καὶ
1551 3529 1639 3582 διά
1680 3529 1787 3582 τῶν
1820 3530 1966 3599 ἠθῶν

387 3625 614 3678 καὶτῶν
660 3624 871 3695 ἔργων,
917 3622 1016 3692 τὴν
1057 3622 1338 3675 εὐσέϐειαν
1378 3620 1752 3674 ἐπεδείκνυντο
1777 3637 1789 3648 ·
1842 3622 1967 3710 περὶ

391 3718 585 3771 πολλοῦ
617 3716 932 3786 ποιούμενοι
966 3717 1094 3778 τοὺς
1128 3716 1331 3784 ἱερέας,
1360 3714 1453 3807 καὶ
1481 3713 1607 3777 τοὺς
1635 3713 1807 3775 ἄλλως
1832 3714 1967 3781 ἀγα-

392 3812 535 3875 θοὺς,
569 3811 663 3863 καὶ
696 3810 824 3878 περὶ
848 3809 1026 3879 δόγμα
1062 3806 1411 3870 σπουδαίους,
1436 3810 1548 3879 τοῖς
1572 3823 1629 3857 τε
1660 3806 1966 3877 εύκτηρίοις

302 3930 309 3934 -
391 3901 557 3963 οἴκοις
590 3897 932 3969 θαμίζοντες,
962 3898 1056 3951 καὶ
1083 3900 1202 3959 ταῖς
1224 3892 1627 3966 προσηκούσαις
1657 3894 1839 3961 τιμαῖς
1869 3891 1968 3955 τὰς

392 3995 499 4046 τῶν
536 3990 830 4063 μαρτύρων
863 3989 1038 4061 θήκας
1077 3987 1448 4058 γεραίροντες.
1492 3982 1807 4054 Τηνικαῦτα
1840 3983 1970 4051 γοῦν

393 4086 555 4155 φασὶν
612 4082 852 4146 αὐτοὺς,
915 4080 1314 4143 σπουδάζοντας
1370 4077 1609 4147 μεγίστῳ
1661 4075 1974 4145 περιλαϐεῖν

394 4180 525 4248 οἴκῳ
558 4177 647 4230 τὴν
694 4177 864 4244 τάφον
909 4176 1085 4245 Μάμα
1131 4172 1226 4226 τοῦ
1270 4171 1607 4241 μάρτυροςει,
1668 4169 1746 4230 είς
1792 4169 1975 4238 ἀμφο-

397 4271 583 4339 τέρους
628 4270 850 4339 μερίσαι
884 4269 944 4322 τὸ
982 4268 1160 4338 ἔργον.
1198 4262 1601 4335 Ἀμιλλωμένου
1625 4261 1679 4313 δὲ
1712 4262 1971 4331 ἑκατέρου

397 4361 677 4432 φιλοτιμίᾳ
701 4361 795 4414 καὶ
821 4363 954 4431 τιμῇ
988 4356 1421 4430 ὑπερϐάλλεσθαι
1451 4354 1541 4408 τὸν
1573 4352 1775 4423 ἕτερον,
1804 4353 1977 4423 παρά-

398 4456 545 4521 δοξον
585 4453 854 4526 συμϐῆναι
884 4455 979 4507 καὶ
1013 4449 1287 4515 παντελῶς
1321 4450 1569 4510 ἄπιστον,
1599 4447 1647 4497 εί
1683 4444 1756 4514 μῆ
1793 4445 1979 4496 πολλοὶ

2058 2065 2227 2120 puero
2248 2052 2406 2119 juxta
2442 2048 2702 2106 Ecclesia:
2721 2052 2885 2105 ritum
2909 2051 3162 2107 initiatus
3189 2062 3245 2108 et
3274 2054 3447 2122 sacris
3476 2053 3635 2106 Litte-

2055 2140 2135 2195 ris
2174 2139 2467 2194 institutus
2493 2178 2508 2202 ,
2559 2141 2664 2193 sub
2702 2142 2981 2210 episcopis
3010 2142 3249 2213 denique
3287 2154 3340 2198 ct
3378 2144 3637 2198 ecclesia-

2057 2232 2211 2286 sticis
2269 2231 2403 2286 viris
2458 2232 2727 2312 educatus
2779 2231 2977 2287 fuerat.
3032 2234 3140 2303 ipsi
3190 2236 3338 2288 enim
3380 2245 3433 2289 et
3468 2235 3634 2289 Callo

2061 2332 2215 2394 pater
2240 2323 2345 2378 fuit
2372 2324 2754 2397 Constantius,
2790 2325 2949 2396 180
2968 2320 3263 2396 germanus
3303 2328 3469 2382 frater
3496 2328 3639 2383 Con-

2058 2417 2285 2485 stantini
2317 2418 2664 2488 imperatoris
2692 2455 2707 2480 ,
2748 2398 2914 2488 atque
2950 2419 3228 2486 Dalmatii,
3283 2422 3442 2488 cujus
3496 2422 3638 2476 tilius

2060 2508 2252 2564 eodem
2294 2511 2515 2575 nomine
2562 2510 2914 2578 nlmcupatus
2954 2510 3277 2572 Dalmatius,
3307 2528 3430 2566 cum
3459 2512 3641 2565 Caesar

2058 2602 2405 2656 renuntiatus
2463 2602 2692 2664 fuisset;
2749 2610 2876 2671 post
2925 2603 3157 2677 obituin‘
3196 2582 3542 2663 Constantini
3608 2612 3687 2672 a,‘

2062 2693 2328 2748 militibus
2350 2704 2434 2747 est
2464 2679 2809 2751 interfectus.
2850 2694 2972 2760 Quo
3005 2694 3225 2763 quidem
3260 2702 3503 2764 tempore
3536 2693 3640 2763 ipsi

2061 2799 2281 2853 quoque
2318 2794 2471 2853 patre
2505 2788 2718 2851 orbati,
2768 2803 2965 2856 parum
3022 2784 3199 2841 abfuit
3231 2784 3365 2854 quin
3402 2788 3642 2855 perirent

2063 2890 2172 2929 una
2207 2890 2331 2929 eum
2385 2875 2696 2944 Dalgnatio.-
2729 2877 2835 2932 Sed
2872 2879 3087 2933 Gallum
3127 2877 3346 2949 quidem
3398 2876 3642 2949 periculo

2062 2968 2265 3024 exemit
2302 2969 2527 3025 morbus
2556 2986 2667 3040 quo
2711 2981 2823 3025 tum
2876 2948 3185 3038 laborabat,
3217 2981 3273 3027 et
3300 2948 3409 3042 q‘uo
3450 2971 3643 3044 prope-

2063 3058 2206 3112 diem
2253 3059 2552 3154 moritur‘us
2606 3047 2901 3131 putabatur
2944 3079 2957 3115 :
2995 3059 3272 3116 Juliaiium
3329 3072 3642 3120 vero‘aitas

2065 3160 2269 3205 tenera.
2313 3153 2573 3206 Octavum
2605 3155 2753 3208 enim
2802 3156 2981 3208 aetatis
3016 3170 3220 3209 annum
3270 3157 3514 3211 nondum
3554 3172 3644 3211 ex-

2066 3252 2273 3311 egerat.
2311 3244 2385 3297 lta
2429 3256 2629 3313 printer
2662 3248 2907 3301 oumium
2954 3262 3103 3317 spem
3136 3257 3300 3317 atque
3330 3248 3643 3318 opinionem

2068 3320 2292 3403 ser‘vati,
2316 3340 2370 3392 in
2392 3328 2741 3409 Cappadocia
2772 3342 2967 3412 degere
2992 3342 3134 3411 jussi
3164 3353 3291 3397 sunt
3319 3344 3372 3397 in
3398 3343 3642 3398 Macella.

2069 3428 2211 3482 Villa
2266 3430 2381 3483 haac
2418 3436 2506 3484 est
2537 3431 2777 3500 publica,
2829 3432 2896 3485 ad
2947 3434 3199 3503 Argaaum
3245 3444 3481 3487 montem
3519 3434 3644 3499 sita,

2048 3515 2214 3605 ‘hahd
2256 3522 2448 3589 procul
2483 3524 2549 3577 ab
2587 3524 2721 3578 urbe
2754 3523 3026 3589 Caesarea,
3050 3541 3175 3595 quae
3201 3537 3254 3581 et
3299 3527 3645 3610 magnificum

2071 3612 2233 3665 habet
2258 3612 2542 3680 palatium,
2571 3622 2625 3670 et
2648 3617 2887 3681 lavacra,
2914 3625 2967 3670 et
3003 3618 3217 3683 hortos,
3250 3626 3304 3672 et
3328 3619 3503 3674 fontes
3532 3635 3656 3688 per-

2072 3714 2287 3771 petuos.
2332 3702 2445 3759 Illic
2477 3708 2641 3761 ambo
2683 3708 2853 3777 regali
2878 3709 3027 3763 cultu
3064 3711 3279 3763 educati
3315 3698 3649 3784 sunt.atq'ue

2074 3798 2308 3851 instituti
2360 3816 2374 3853 :
2421 3798 2493 3853 ibi
2534 3799 2843 3869 disciplinis
2889 3783 2942 3855 et
2981 3783 3466 3856 exercitationibus
3511 3805 3651 3872 ipso-

2076 3886 2379 3945 rum‘mtati
2434 3895 2890 3955 convenientibus
2927 3895 3156 3962 imbuti;
3220 3898 3291 3953 ibi
3315 3897 3550 3967 denique
3581 3898 3650 3951 ab

2073 3974 2457 4037 humaniorum
2509 3986 2708 4039 artium
2760 3987 3076 4055 magistris,
3131 3998 3185 4043 et
3240 4006 3270 4043 a
3335 3991 3649 4046 doctoribus

2075 4091 2358 4132 sacrarum
2385 4078 2719 4132 Litterarum
2746 4080 2821 4132 ita
2853 4089 2981 4135 sunt
3011 4082 3234 4147 eruditi,
3260 4091 3318 4136 ut
3355 4086 3407 4137 in
3435 4085 3641 4139 clerqu

2078 4169 2514 4233 ascriberentur,
2546 4178 2601 4225 et
2630 4171 3038 4228 ecclesiasticos
3081 4174 3250 4230 libros
3283 4178 3482 4246 populo
3517 4193 3651 4246 prm-

2080 4261 2344 4330 legerent.
2368 4261 2611 4319 Moribus
2635 4278 2855 4333 quoque
2880 4272 2935 4317 et
2962 4265 3121 4322 factis
3154 4268 3403 4337 pietatem
3443 4286 3551 4339 prae
3594 4286 3653 4325 se

2082 4351 2369 4407 ferebant:
2399 4354 2601 4424 quippe
2622 4355 2715 4424 qui
2751 4362 2864 4408 tum
2901 4358 3234 4423 sacerdotes,
3260 4369 3373 4413 tum
3415 4340 3653 4430 reliquos

2082 4448 2235 4510 viros
2261 4447 2436 4499 bonos
2472 4455 2529 4501 et
2560 4445 2893 4502 Christiana:
2925 4449 3185 4506 doctrina:
3210 4453 3507 4517 studiosos,
3535 4456 3653 4522 plu-

2664 4568 2689 4599 il

1537 4602 1808 4658 VALESII
1850 4604 2404 4664 ANNOTATIONES.
3309 4664 3319 4679 ,

473 4702 584 4767 (Sit)
636 4699 785 4771 ’Υπρ
832 4696 1209 4771 ἐπισκόποις.
1262 4696 1518 4751 Julianus
1548 4768 1555 4771 _
1580 4696 1764 4750 Caesar
1810 4696 1976 4756 Nico-
2011 4704 2055 4756 D
2085 4714 2285 4771 genere
2319 4701 2536 4771 longius
2563 4703 2939 4770 contingebat,
2971 4707 3028 4756 ut
3062 4703 3304 4771 loquitur
3334 4702 3655 4758 Ammianus

403 4774 591 4827 mediae
642 4772 708 4826 ab
748 4767 983 4823 Eusebio
1024 4767 1291 4824 educatus
1342 4778 1426 4823 est
1476 4768 1769 4837 episc0po,
1812 4784 1975 4837 quem

2084 4770 2432 4827 Marcellinus
2457 4772 2512 4826 in
2546 4772 2852 4838 libroxxn,
2888 4788 3010 4841 pag.
3041 4770 3167 4828 2l9.

1820 4915 2202 5004 vannonml.

475 5055 503 5093 τι
546 5044 657 5098 Τὸν
700 5043 893 5114 τάφον
940 5042 1120 5114 Μάμα
1137 5039 1268 5114 *τοῦ
1312 5039 1630 5114 μάρτυρος.
1688 5036 1977 5114 Mamantis

408 5115 662 5185 martyris
706 5110 904 5170 nomen
950 5110 1091 5181 apud
1124 5111 1345 5185 _Gr:eeos
1391 5110 1636 5185 celebre;
1684 5117 1836 5178 gesta
1879 5112 1978 5163 ob—

409 5178 589 5239 scura.
620 5184 941 5239 Laudarunt
968 5178 1093 5239 eum
1113 5178 1830 5251 GregoriusiNazianzenus,
1858 5194 1977 5251 ora-

411 5262 555 5311 tione
600 5258 689 5320 43,
725 5266 778 5311 et
808 5256 1046 5310 Basilius
1090 5254 1184 5315 Μ.,
1227 5249 1381 5305 temo
1414 5250 1453 5315 Ι,
1509 5250 1729 5303 homilia
1757 5250 1848 5310 ‘26,
1904 5249 1975 5303 De

410 5337 643 5397 martyre
706 5326 997 5380 Mamante.
1051 5323 1128 5378 Ex
1189 5323 1390 5392 quibus
1446 5321 1596 5375 locisr
1638 5321 1973 5397 nihil_a_|iud

410 5390 693 5459 discimus,
731 5413 891 5466 quam
940 5398 1114 5465 ipsum
1149 5390 1414 5462 agrestem
1462 5401 1738 5466 pastorem
1784 5390 1973 5466 fuisse,

411 5479 466 5523 et
499 5471 640 5523 inter
672 5462 940 5538 martyres
963 5462 1424 5538 celeberrimum.
1462 5462 1783 5538 Miraculinn
1809 5464 1972 5538 quod

415 5540 500 5593 hic
527 5548 709 5591 narrat
735 5531 1090 5599 Soiomenus,
1117 5535 1302 5589 retulit
1321 5532 1659 5600 etiamGreg.
1692 5531 1974 5600 N:izi:inz.,

412 5620 550 5663 oral.
586 5611 619 5664 3
669 5608 934 5663 adversus
968 5607 1244 5659 lulianum
1274 5646 1289 5669 ,
1335 5604 1585 5674 quamvis
1616 5603 1790 5657 sancti
1821 5620 1978 5674 _mar-

415 5681 549 5746 tyris
584 5695 777 5732 nomen
810 5695 915 5733 nou
961 5678 1250 5746 exprimat.
1282 5672 1553 5746 Antiquus
1587 5681 1672 5727 est
1722 5674 1774 5726 in
1804 5672 1976 5729 Gallia

504 5750 789 5803 Mamantis
820 5741 1110 5810 cultusfin
1142 5764 1246 5817 qua
1278 5748 1383 5799 sub
1408 5743 1709 5798 Mammetis
1736 5746 1981 5817 nomine,

416 5823 558 5875 sicut
587 5830 641 5874 et
673 5818 815 5888 apud
848 5820 984 5873 alios
1012 5816 1258 5873 Latinos.
1300 5827 1358 5871 ut
1399 5817 1691 5881 plurimum
1735 5816 1978 5888 celebra—

417 5905 524 5945 lur.
564 5890 678 5945 Sub
712 5887 883 5945 huius
942 5889 1160 5943 nomine
1224 5888 1333 5943 Deo
1385 5888 1559 5940 dicata
1615 5895 1696 5937 est
1748 5887 1976 5940 ecclesia

426 5962 754 6017 cathedralis
781 5954 1141 6031 Liugonensis
1169 5960 1270 6014 sub
1299 5958 1579 6027 metropoli
1604 5954 1976 6026 Lugdunensi.

2078 5042 2303 5095 Morte-ii
2350 5044 2468 5110 ejus
2499 5044 2565 5097 ad
2604 5050 2808 5099 ann‘um
2844 5044 3068 5099 circrter
3108 5044 3235 5105 274,
3268 5058 3391 5097 cum
3423 5045 3657 5111 vulgatis

2074 5113 2423 5178 auctoribus,
2467 5114 2797 5179 referimus,
2841 5118 3019 5169 donec
3075 5116 3145 5169 ab
3194 5116 3378 5183 aliquo
3424 5117 3656 5168 certiora

2074 5183 2427 5253 proferantur
2473 5195 2823 5239 monumenta
2869 5201 2992 5255 qua:
3035 5186 3180 5239 aliud
3239 5186 3396 5239 nobis
3432 5201 3656 5253 persna-

2073 5255 2672 5327 deant.hConsentiunt
2719 5258 2942 5325 antiqua
2982 5257 3381 5327 Martyrologia
3423 5256 3652 5318 Adonis,

2078 5324 2328 5390 Usuardi,
2373 5326 2603 5390 liahaui,
2644 5336 2697 5381 et
2757 5324 3016 5392 Notkeri,
3062 5324 3195 5389 etin,
3246 5328 3300 5379 S.
3341 5326 3652 5388 Mamantis,

2074 5405 2200 5453 aut.
2259 5391 2808 5467 prout'loquunlur.
2858 5398 3196 5461 Mammetis,
3248 5400 3364 5451 sive
3406 5395 3656 5450 Mametis

2076 5467 2399 5538 martyrium
2454 5469 2557 5522 sub
2608 5470 2938 5538 imperatore
2994 5469 3293 5522 Aureliano
3328 5469 3651 5533 contigisse.

2074 5537 2286 5591 Colitur
2316 5538 2437 5605 ejus
2474 5537 2733 5608 memoria
2766 5555 2795 5593 a
2840 5540 3048 5593 Latinis
3089 5540 3175 5593 die
3204 5539 3267 5591 l7
3298 5538 3507 5592 mensis
3542 5540 3655 5591 Au-

2075 5610 2218 5681 gusti
2242 5626 2255 5674 ;
2293 5623 2321 5660 a
2346 5610 2553 5665 Graecis
2574 5612 2610 5662 2
2643 5611 3002 5681 Septembris.
3030 5609 3269 5663 Tandem
3297 5610 3395 5681 hic,
3414 5608 3647 5681 Mauras,

2075 5678 2141 5734 de
2170 5696 2281 5748 quo
2312 5681 2547 5751 agimus,
2582 5678 3007 5753 distinguendus
3032 5690 3115 5735 est
3142 5682 3212 5753 ab
3234 5681 3342 5753 alio
3383 5679 3652 5734 Mamante

2076 5759 2354 5820 martyre.
2417 5767 2575 5819 quem
2635 5752 2777 5808 cum
2815 5752 3080 5807 Basilisco
3148 5752 3336 5804 itidem
3409 5761 3650 5816 martyre

2077 5819 2252 5875 Graeci
2295 5822 2382 5875 die
2422 5821 2644 5888 29,.lulii
2688 5825 2960 5877 recolunt.
2994 5822 3224 5893 (Theod.
3264 5821 3552 5881 Ruinam,
3593 5820 3650 5876 in

2080 5894 2221 5944 .‘lrlis
2270 5904 2584 5962 martyrum,
2631 5910 2686 5965 p.
2721 5894 2871 5963 276.)
