4452 6584
841 455 980 514 1215
2292 453 2599 512 SOZOME‘N

2347 453 2632 512 )ZOMENI
3958 463 4105 520 me

839 572 964 628 rimi
999 570 1243 626 facerent
1269 586 1283 636 ;
1319 566 1584 624 ecclesias
1613 565 1808 622 crebro
1851 563 2086 631 adirent,
2111 574 2167 622 et
2201 573 2410 636 marty-
2437 573 2483 628 Α
2509 567 2597 621 τῶς

2349 584 2410 636 y-
2437 573 2483 628 Α
2509 567 2618 622 τῶν
2643 569 2960 639 ἀκηκοότων
2993 571 3146 643 παρὰ
3177 573 3287 627 τῶν
3320 575 3665 647 τεθεαμένων
3697 579 3863 650 μέχρι
3891 579 3988 634 καὶ
4014 582 4107 636 είς

838 679 960 720 rum
990 662 1242 732 sepulcra
1261 660 1590 731 competenti
1635 659 1845 714 honore
1872 667 2292 715 venerarentur.
2333 658 2411 715 Eo
2516 660 2596 730 ἠμ

2344 658 2411 715 Eo
2516 660 2663 730 ἡμᾶς
2686 661 2974 730 περιῆσαν.
3015 660 3089 714 Τδ
3115 662 3212 732 μὲν
3244 663 3353 735 γὰρ
3385 664 3589 719 Γάλλου
3622 666 3788 738 μέρος
3815 669 4102 734 ἐπεδίδου,

837 755 1006 824 igitur
1038 761 1302 823 tempore,
1327 753 1481 808 aiunt
1511 752 1633 807 illos
1675 752 1990 821 sepulcrum
2035 750 2226 808 Mamze
2268 766 2414 807 mar-

839 846 978 916 tyris
1023 845 1363 914 amplissima
1416 843 1640 898 basilica
1713 843 2058 899 circumdare
2105 843 2406 907 studentes,

839 952 980 1007 opus
1007 939 1147 991 inter
1175 951 1234 991 se
1271 935 1507 1006 partitos
1547 950 1692 990 esse.
1726 935 1974 1005 Dumque
2011 935 2150 991 alter
2176 937 2411 991 alterum

838 1026 1244 1092 magniﬁcentia
1287 1035 1344 1082 et
1385 1027 1536 1082 cultu
1580 1042 1838 1096 superare
1878 1027 2258 1092 contenderet,
2296 1043 2409 1083 rem

838 1115 1218 1171 admirabilem
1279 1132 1616 1187 prorsusque
1667 1116 2047 1172 incredibilem
2106 1119 2408 1188 accidisse,

838 1209 943 1264 nisi
979 1209 1133 1263 multi
1168 1217 1353 1263 nostra
1386 1208 1564 1264 adhuc
1593 1216 1755 1264 aetate
1777 1218 2132 1280 superessent
2165 1211 2260 1281 qui
2294 1226 2410 1266 rem

838 1302 1012 1371 ipsam
1055 1302 1124 1356 ab
1166 1302 1274 1356 illis
1300 1302 1394 1372 qui
1429 1316 1549 1356 eam
1585 1302 1853 1369 viderant,
1895 1310 2240 1373 acceperunt.
2274 1301 2411 1358 Nam

838 1408 966 1464 pars
993 1394 1210 1463 quidem
1236 1395 1420 1465 operis
1450 1409 1571 1464 quae
1595 1392 1752 1448 Gallo
1778 1395 2098 1459 obvenerat,
2126 1395 2414 1452 attolleba-

840 1492 949 1546 tur,
983 1493 1036 1540 et
1062 1501 1127 1539 ex
1155 1486 1322 1539 animi
1353 1484 1682 1554 procedebat
1710 1484 2002 1539 sententia.
2039 1483 2119 1538 Ex
2147 1485 2411 1554 operibus

839 1585 1022 1631 autem
1048 1576 1272 1642 Juliani,
1299 1577 1406 1631 alia
1437 1577 1802 1643 corruebant;
1836 1575 1945 1629 alia
1973 1591 2040 1630 ex
2087 1575 2413 1632 fundamen-

839 1670 912 1724 tis
943 1683 1164 1724 sursum
1212 1667 1696 1738 propellehantur;
1748 1665 1854 1720 alia
1897 1681 1969 1721 ne
2021 1666 2140 1722 solo
2190 1666 2409 1736 quidem

837 1759 1119 1815 cohaerere
1156 1759 1225 1814 ab
1260 1759 1418 1813 initio
1464 1757 1831 1824 sustinebant,
1876 1772 1986 1813 non
2033 1772 2192 1814 secus
2243 1773 2307 1813 ac
2361 1759 2411 1815 si

838 1851 1114 1907 contraria
1150 1851 1385 1920 quadam
1420 1851 1476 1904 vi
1520 1850 1776 1906 deorsum
1811 1849 2111 1904 obsistente
2159 1851 2412 1908 retrude-

838 1949 1065 1998 rentur-
1097 1940 1161 1994 Et
1180 1941 1438 1998 omnibus
1464 1940 1684 2012 quidem
1722 1954 1787 1996 ea
1812 1955 1902 1996 res
1931 1941 2182 2011 prodigio
2211 1941 2412 1999 similis

836 2037 955 2094 visa
986 2043 1099 2100 est;
1125 2034 1286 2088 multi
1331 2047 1488 2098 vero,
1519 2032 1652 2102 quid
1698 2031 2070 2103 portenderet,
2116 2047 2180 2086 ex
2215 2041 2412 2088 eventu

832 2127 1242 2198 judicaverunt.
1283 2125 1389 2182 Sed
1420 2125 1666 2181 nonnulli
1701 2140 1768 2180 ex
1809 2139 1875 2181 eo
1915 2126 2282 2196 conjecturam
2321 2140 2415 2180 ce-

836 2227 1072 2291 perunt,
1120 2221 1270 2274 illum
1304 2220 1728 2290 haudquaquam
1778 2220 1994 2275 sincero
2046 2221 2231 2276 animo
2265 2233 2453 2290 'erga,

836 2311 1157 2382 religionem
1234 2326 1403 2378 esse,
1469 2326 1664 2367 verum
1737 2326 1864 2390 prie
1923 2321 2073 2366 metu
2148 2312 2412 2382 principis

837 2406 934 2477 qui
986 2413 1098 2458 tum
1171 2405 1432 2474 temporis
1493 2401 1847 2458 Christianus
1908 2410 2098 2467 esset,
2150 2399 2447 2472 pietatem‘

837 2497 1073 2575 lingere;
1120 2511 1311 2567 parum
1373 2502 1550 2551 tutum
1609 2509 1733 2550 esse
1786 2494 2230 2558 existimantem,
2283 2505 2413 2549 'sen-

835 2589 1062 2644 tentiam
1112 2602 1268 2642 suam
1313 2586 1369 2641 in
1395 2593 1643 2655 apertum
1680 2582 1950 2655 proferre.
2006 2581 2182 2636 Porro
2229 2589 2414 2652 pater-

835 2695 965 2736 nam
1006 2680 1330 2751 religionem
1379 2677 1688 2748 prodidisse
1741 2675 1984 2742 dicitur,
2014 2682 2202 2730 vatum
2254 2673 2415 2730 fami-

844 2773 1090 2828 liaritate
1155 2779 1209 2827 et
1270 2770 1564 2841 colloquiis
1616 2770 1858 2840 primum
1929 2768 2209 2826 inductus.
2274 2767 2413 2822 Nam

836 2865 1120 2935 aliquanto
1175 2851 1312 2933 pos?
1377 2865 1461 2919 ira
1524 2863 1830 2921 Constantii
1867 2863 2155 2934 placata,
2227 2859 2416 2917 Gallus

833 2958 1056 3029 quidem
1101 2957 1256 3027 181
1291 2956 1348 3012 in
1378 2957 1562 3012 Asiam
1593 2955 1895 3027 profectus,
1929 2953 2134 3026 Ephesi
2168 2953 2411 3011 mansit:

834 3063 948 3119 quo
986 3049 1043 3102 in
1088 3049 1210 3103 loco
1259 3032 1526 3117 majorem
1561 3055 1772 3119 partem
1804 3031 1890 3103 rei
1921 3045 2211 3101 familiaris
2248 3044 2414 3101 sitam

834 3140 1095 3198 habebat.
1126 3139 1378 3197 Julianus
1420 3155 1553 3196 vero
1576 3137 2109 3208 Constantinopolim
2131 3152 2413 3206 reversus,

2515 751 2609 803 καὶ
2631 751 2773 806 κατά
2792 752 3017 824 γνώμην
3037 754 3378 827 προύχώρει·
3409 756 3515 812 τῶν
3535 757 3595 811 δὲ
3617 759 3907 814 ’ἰουλιανοῦ
3931 778 4102 832 πονηο

2519 841 2722 911 μάτων,
2753 843 2821 896 τὰ
2847 844 2967 913 μὲν,
2995 845 3270 916 ἠρείπωτο
3291 864 3307 880 ο
3341 847 3410 902 τά
3445 849 3522 916 δὲ,
3558 851 3623 904 ἐκ
3649 853 3750 922 τῆς
3779 852 3885 922 γῆς
3913 852 4100 912 ἀνεδίτ

2513 932 2664 986 δοτο·
2713 935 2782 988 τά
2811 935 2888 1000 δὲ,
2923 937 3238 1006 παραυτίκα
3267 940 3634 994 συνάπτεσθαι
3662 943 3798 1012 πρὸς
3815 942 3877 995 τὸ
3895 942 4099 1011 ἔδαφος

2513 1023 2612 1076 οὐκ
2653 1024 2916 1096 ἠνείχετο,
2957 1022 3048 1081 οἷά
3083 1045 3148 1096 γε
3191 1029 3252 1094 ἐξ
3287 1031 3580 1086 ἀντιτύπου
3613 1033 3709 1085 καὶ
3741 1032 3914 1103 βιαίου
3939 1033 4097 1096 τινὸς

2512 1113 2789 1188 δυνάμεως
2830 1119 3074 1197 κάτωθεν
3107 1121 3452 1194 ἀντωθούσης
3481 1124 3913 1197 ἀνακρουόμενα.
3946 1126 4097 1179 nam

2512 1207 2568 1260 δὲ
2595 1210 2820 1274 εἰκότως
2843 1214 3126 1282 τεράστιον
3157 1213 3334 1267 ἐδόκει
3359 1215 3421 1269 τὸ
3442 1217 3696 1284 πρᾶγμα,
3732 1217 3826 1270 καὶ
3850 1220 3963 1281 τοῖς
3989 1216 4094 1288 μὲν

2513 1300 2746 1369 πολλοῖς,
2776 1305 2842 1374 τῇ
2876 1303 3142 1358 ἀποϐάσει
3171 1304 3385 1376 ἐκρίθη.
3428 1303 3600 1371 οιδδ,
3627 1307 3687 1372 ἐξ
3719 1307 3927 1362 ἐκείνου
3960 1325 4094 1362 συν-

2513 1391 2725 1457 έϐαλον,
2750 1395 2824 1466 μὴ
2851 1395 3019 1463 ὑγιῶς
3042 1394 3190 1467 ἔχειν
3204 1397 3295 1451 τὸν
3313 1397 3484 1468 ἄνδρα
3502 1395 3633 1464 περὶ
3647 1400 3744 1469 τὴν
3767 1399 4088 1470 θρησκείαν,

2513 1486 2626 1540 ἀλλ’
2659 1487 2905 1542 εὐσεϐεῖν
2935 1488 3290 1552 πλάττεσθαι,
3322 1490 3648 1562 Χριστιανὸν
3679 1490 3812 1546 ὅντα
3842 1491 3935 1544 τὸν
3967 1495 4096 1546 τότε

2513 1577 2817 1650 κρατοῦντα
2844 1580 3291 1652 ὑποκρινόμενον,
3342 1582 3440 1636 καὶ
3469 1582 3551 1646 είς
3584 1583 3647 1660 th
3695 1582 3975 1655 προφανὲς
4008 1582 4098 1647 ἐξ-

2513 1669 2669 1738 άγειν
2697 1669 2796 1741 τὴν
2821 1671 3048 1745 γνώμην
3065 1673 3166 1726 οὐκ
3183 1671 3422 1741 ἀσφαλὲς
3449 1673 3774 1744 ἡγούμενον.
3797 1673 4095 1746 Προῦδωκε

2510 1760 2601 1824 δὲ,
2653 1763 2728 1826 ὼς
2784 1763 3034 1832 λέγεται,
3082 1763 3183 1834 τὴν
3228 1765 3489 1835 πατρῴαν
3529 1765 3848 1836 θρησκείαν,
3901 1781 4094 1818 συνου-

2513 1854 2658 1918 σίαις
2683 1855 2927 1924 μάντεων
2959 1854 3222 1926 ὑπαχθεὶς
3240 1854 3310 1911 τά
3331 1856 3543 1928 πρῶτα.
3578 1855 3735 1910 Μετὰ
3763 1856 3952 1927 χρόνον
3979 1855 4093 1927 γάρ

2512 1962 2635 1999 τινα
2673 1946 3026 2018 παυσαμένου
3077 1947 3458 2001 Κωνσταντίου
3497 1947 3600 2018 τῆς
3651 1949 3844 2018 ὀργῆς,
3890 1947 4098 2010 Γάλλος

2518 2036 2614 2107 μὲν
2642 2037 2721 2099 είς
2748 2035 2848 2105 τὴν
2885 2036 3068 2090 Ἀσίαν
3095 2035 3286 2104 ἐλθὼν,
3312 2038 3370 2092 ἐν
3409 2033 3624 2109 Ἐὶρέσῳ
3650 2038 3941 2110 διέτριϐεν,
3962 2036 4100 2091 ἔνθα

2512 2126 2576 2199 δὴ
2602 2127 2668 2180 τά
2689 2127 2856 2180 πλείω
2880 2128 2980 2198 τῆς
2999 2129 3185 2193 οὐσίας
3207 2125 3374 2200 εῖχεν.
3423 2130 3710 2194 Ἰουλιανὸς
3733 2130 3810 2194 δέ,
3838 2131 3918 2190 είς
3937 2131 4100 2184 Κων-

2516 2218 2950 2273 σταντινούπολιν
2985 2220 3324 2287 ἐπανελθὼν,
3350 2213 3492 2284 θτοῖς
3533 2223 3711 2275 ἐκεῖσε
3750 2221 4100 2284 διδασκάλοις

2512 2312 2733 2380 ἐφοίτα·
2773 2311 2988 2382 φύσεως
3013 2313 3072 2367 δέ
3098 2309 3158 2366 εὖ
3193 2313 3352 2384 ἔχων,
3403 2315 3499 2369 καὶ
3525 2316 3638 2378 τοῖς
3679 2315 3966 2386 μαθήμασι
3999 2315 4098 2385 ῥα-

2513 2403 2642 2466 δίως
2705 2403 3001 2468 ἐπιδιδοὺς,
3051 2405 3151 2474 οὐκ
3207 2405 3518 2460 ἐλάνθανεν.
3590 2405 3678 2458 Ἐν
3730 2403 3938 2459 ἰδιώτου
3983 2404 4101 2476 γὰρ

2516 2497 2755 2567 σχήματι
2787 2495 2885 2558 τὰς
2923 2496 3181 2568 προόδους
3209 2497 3531 2568 ποιούμενος
3558 2535 3574 2562 ,
3624 2495 3840 2560 πολλοῖς
3879 2495 4100 2563 συνεγί-

2514 2603 2655 2641 νετο.
2705 2587 2862 2641 Ἐπεὶ
2889 2587 2969 2650 δὲ,
3000 2581 3088 2640 οἷα
3123 2587 3287 2657 φιλεῖ,
3329 2588 3387 2642 ἐν
3407 2588 3584 2659 ὁμίλῳ
3613 2586 3707 2640 καὶ
3735 2585 4100 2658 βασιλευούσῃ

2515 2679 2691 2744 πόλει,
2731 2679 2958 2751 ἀδελφρς
2991 2677 3067 2750 ὢν
3109 2679 3203 2734 τοῦ
3251 2679 3599 2750 κρατοῦντος,
3651 2679 3745 2732 καὶ
3789 2679 4100 2750 πράγματα

2513 2770 2731 2824 διοικεῖν
2767 2770 2948 2834 ἱκανὸς
2968 2765 3107 2824 εῐναι
3142 2771 3486 2842 φαινόμενος,
3528 2771 3901 2848 προσεδοκᾶτο
3938 2771 4100 2839 βασι-

2513 2859 2713 2924 λεύειν,
2747 2861 2990 2932 καὶπερὶ
3017 2859 3183 2915 αὐτοῦ
3213 2860 3450 2925 τοιοῦτος
3481 2861 3702 2933 ἐκράτει
3722 2861 3900 2930 λόγος,
3923 2877 4100 2931 προσ-

2515 2951 2718 3024 ετάχθη
2755 2953 2813 3005 ἐν
2844 2952 3186 3026 Νικομηδείᾳ
3211 2953 3441 3022 διάγειν.
3501 2954 3764 3008 Ἐνταῦθα
3787 2952 4100 3024 περιτυχὼν

2516 3042 2666 3120 αύτῷ
2723 3042 2977 3115 Μάξιμος
3027 3045 3055 3099 ό
3107 3043 3357 3132 Ἐφέσιος
3404 3044 3723 3138 φιλόσοφος,
3787 3043 4102 3115 φιλοσόφων

2517 3133 2670 3206 αὐτῷ
2715 3135 2892 3204 λόγων
2944 3134 3265 3206 καθηγητὴς
3312 3133 3560 3205 ἐγένετο,
3620 3137 3716 3190 καὶ
3758 3135 3952 3206 μίσους
3994 3134 4100 3204 τῆς

834 3233 1231 3303 magistrorum
1270 3232 1363 3302 qui
1405 3231 1520 3286 illic
1568 3237 1725 3286 erant
1763 3229 2038 3286 auditoria
2098 3229 2417 3302 frequenta-
2441 3224 2592 3312 G‘Xp

2341 3241 2417 3286 ta-
2441 3252 2488 3312 0
2510 3224 2858 3306 ⁸Χριστιανῶν
2881 3223 3181 3296 θρησκείας
3203 3243 3218 3258 ·
3253 3227 3346 3280 καὶ
3371 3221 3458 3280 οἶα
3489 3227 3700 3312 μάντις,
3728 3227 3929 3299 ἀληθὲς
3952 3221 4099 3279 εἶναι

833 3323 941 3387 vit;
971 3323 1063 3393 qui
1096 3337 1221 3377 cum
1251 3321 1472 3393 egregia
1511 3321 1696 3377 indole
1739 3321 2006 3391 praeditus
2039 3329 2208 3386 esset,
2243 3330 2299 3378 et
2354 3321 2412 3379 in
2452 3308 2484 3312 ⁷
2523 3317 2591 3386 ιο]

2354 3321 2412 3379 in
2452 3308 2484 3312 ⁷
2523 3315 2829 3388 ἰσχυρίζετο
2855 3315 2918 3368 τὸ
2945 3314 3074 3385 περὶ
3097 3315 3264 3370 αὑτοῦ
3293 3308 3706 3387 θρυλλούμένον.
3745 3317 3802 3372 '0
3833 3317 3910 3384 δέ,
3941 3316 4102 3371 τοῦτο

835 3413 1143 3484 disciplinis
1199 3429 1429 3484 magnos
1479 3429 1812 3485 progressus
1862 3413 2091 3479 faceret,
2121 3414 2448 3491 haudqua-I

835 3519 1004 3576 quam
1035 3506 1090 3560 in
1119 3506 1362 3561 obscuro
1390 3505 1609 3561 delituit
1640 3523 1655 3573 ;
1688 3507 1904 3578 privato
1956 3508 2101 3562 enim
2124 3506 2314 3563 habitu
2355 3508 2414 3564 in
2442 3561 2450 3571 ,

833 3597 1114 3666 publicum
1163 3597 1491 3668 procedens,
1556 3612 1681 3652 cum
1751 3596 2011 3668 plurimis
2060 3597 2416 3654 familiariter

832 3688 1185 3744 versabatur.
1233 3687 1341 3744 Sed
1393 3689 1680 3760 quoniam,
1730 3699 1794 3745 ut
1840 3691 1897 3745 in
1935 3691 2124 3761 populi
2153 3690 2414 3746 multitul-

833 3779 961 3835 dine
990 3786 1045 3834 et
1080 3780 1137 3834 in
1170 3781 1320 3851 regia
1343 3781 1570 3836 civitate
1605 3780 1726 3836 ﬁeri
1755 3782 1917 3853 solet,
1947 3781 2223 3852 tanquam
2244 3782 2416 3838 frater

834 3872 1102 3942 patruelis
1133 3873 1513 3944 imperatoris,
1545 3881 1601 3928 et
1638 3874 1804 3930 rebus
1860 3875 2116 3942 gerendis
2160 3875 2411 3941 idoneus,

833 3964 992 4021 brevi
1033 3966 1101 4021 ad
1135 3967 1428 4037 imperium
1455 3975 1827 4037 perventurus
1863 3968 2191 4038 sperabatur
2221 3985 2236 4036 ;
2272 3968 2416 4023 mul-

835 4055 992 4126 tique
1047 4055 1368 4127 hujusmodi
1420 4066 1705 4113 sermones
1733 4059 1802 4114 de
1848 4058 1941 4113 illo
1967 4058 2175 4128 passim
2199 4072 2416 4128 sparge-

831 4150 1274 4219 hantur,jussus
1338 4158 1426 4206 est
1473 4150 1808 4206 Nicomediae
1837 4150 2057 4223 degere.
2100 4149 2216 4205 lllic
2243 4143 2416 4204 Maxi-

835 4260 962 4301 mus
999 4244 1275 4316 Ephesius
1322 4243 1690 4314 philosOphus
1724 4244 1774 4299 ei
1804 4257 2124 4308 occurrens,
2148 4239 2211 4298 ‘et
2233 4242 2415 4312 philo-

835 4339 1090 4409 sophiam
1145 4353 1272 4395 eum
1321 4337 1534 4402 docuit,
1587 4347 1644 4394 et
1690 4337 1880 4392 odium
1930 4336 2218 4408 religionis
2254 4335 2416 4393 Chri-

841 4430 1039 4485 stiana:
1073 4446 1086 4483 :
1129 4435 1294 4497 atque
1334 4435 1395 4483 ut
1447 4435 1624 4493 vates,
1673 4429 1723 4483 ei
1759 4427 2051 4482 allirmavit
2070 4442 2262 4484 verum
2293 4443 2416 4485 esse

835 4521 984 4592 quod
1041 4520 1113 4575 de
1167 4519 1262 4574 illo
1298 4520 1446 4590 vulgi
1485 4519 1840 4575 sermonibus
1871 4511 2169 4575 ferebatur.
2203 4519 2319 4586 Ille,
2354 4526 2416 4574 ut

2517 3406 2583 3478 δὴ
2601 3405 2664 3460 τὸ
2687 3405 2903 3470 πολλοῖς
2919 3405 3239 3477 συμϐαῖνον,
3262 3409 3323 3462 ἐν
3352 3408 3578 3480 ὑπονοίᾳ
3606 3409 3884 3482 δυσχερῶν
3907 3427 4094 3481 πραγ-

2523 3499 2710 3570 μάτων
2739 3497 3258 3570 ταλαιπωρούμενος
3285 3499 3446 3579 (54‘),
3480 3499 3829 3572 βουκοληθεὶς
3890 3503 4102 3568 αίσίαις

2520 3589 2727 3656 ἐλπίσι,
2759 3579 2912 3658 φίλον
2941 3589 3068 3661 ἔσχε
3095 3590 3188 3646 τὸν
3216 3590 3492 3664 Μάξιμον.
3523 3593 3614 3665 Τῷ
3649 3593 3858 3664 βασιλεῖ
3880 3595 3939 3649 δὲ
3969 3595 4103 3650 τού-

2518 3700 2626 3739 των
2662 3682 3263 3756 μηνυθέντων,.δείσας
3308 3687 3366 3740 ἐν
3409 3685 3526 3757 χρῷ
3573 3687 3844 3759 ἐκείρατο,
3877 3689 3974 3742 καὶ
4003 3688 4103 3741 τὸν

2523 3775 2814 3847 μοναχικδν
2864 3776 3160 3832 ἐπλάττετο
3209 3777 3351 3854 βίον.
3406 3762 3596 3852 Λάθρα
3647 3781 3707 3835 δὲ
3744 3781 3844 3852 τῆς
3904 3783 4102 3854 ἐτέρας

2520 3867 2700 3940 εῖχετο
2727 3868 3047 3941 θρησκείας.
3093 3869 3312 3944 Ἐπειδὴ
3337 3871 3394 3926 δέ
3424 3873 3503 3936 είς
3526 3872 3724 3945 ἀνδρας
3749 3874 3849 3945 ἤδη
3879 3874 4102 3946 προῄει,

2521 3959 2862 4032 ἑτοιμότερον
2903 3960 3161 4036 ὑπήχθη,⁸
3195 3963 3292 4016 καὶ
3332 3948 3580 4044 tui-ostro.
3623 3965 3752 4037 περὶ
3788 3966 3916 4044 τάδε
3958 3967 4098 4037 (55).

2519 4053 2827 4124 Θαυμάζων
2871 4034 2946 4107 τε*
2971 4053 3026 4107 εί
3060 4034 3493 4128 animum
3536 4034 3984 4129 προσημαίνουσα
4036 4034 4100 4112 is

2524 4145 2737 4218 μέλλον,
2773 4146 2868 4201 καὶ
2895 4147 3204 4216 ἀναγκαίαν
3231 4148 3535 4221 ἡγούμενος
3560 4150 3660 4221 τὴν
3688 4150 3893 4222 ταύτης
3921 4152 4096 4224 μάθηι

2469 4247 2476 4266 ¹
2523 4255 2628 4307 σιν,
2677 4233 2753 4294 ὧν
2797 4238 2872 4326 μὴ
2923 4238 3005 4292 δεῖ
3034 4240 3400 4316 Χριστιανοῖς,
3446 4242 3527 4304 είς
3567 4242 3763 4312 πεῖραν
3809 4245 4097 4314 προήχθηο

2520 4332 2615 4386 καὶ
2640 4331 2700 4386 τὸ
2721 4328 2782 4396 ἐξ
2807 4330 3018 4410 ἐκείνου
3037 4333 3150 4396 τοῖς
3177 4331 3352 4388 ταῦτα
3377 4332 3651 4403 μετιοῦσιν
3669 4333 3866 4404 ἐχρῆτο
3897 4335 4095 4404 φίλοις.

2519 4419 2649 4478 ’Ὧδε
2681 4423 2738 4478 δὲ
2753 4422 2892 4495 ἔχων
2921 4421 3148 4496 γνώμης
3167 4424 3303 4497 (56),
3329 4421 3464 4499 ἧκεν
3488 4426 3569 4490 είς
3595 4425 3782 4480 Ἀσίαν
3797 4427 3906 4480 ἀπὸ
3930 4428 4097 4481 Nixo-

2523 4515 2770 4588 μηδείας·
2788 4515 2884 4569 καὶ
2913 4515 3308 4586 συγγενόμενος
3325 4517 3503 4571 ἐκεῖσε
3519 4517 3798 4583 τοιούτοις,
3817 4518 4098 4589 προθυμό-
4129 4553 4131 4555 ι

835 4615 1160 4684 plerumque
1191 4610 1413 4666 evenire
1445 4610 1587 4666 solet
1612 4609 1931 4665 hominibus
1986 4607 2082 4680 qui
2125 4609 2417 4663 imminen-
2449 4615 2494 4670 D
2518 4623 2593 4677 τει

2338 4622 2417 4662 ιιι·
2449 4615 2494 4670 D
2518 4623 2676 4677 τερος
2711 4623 2778 4660 πε
2788 4606 2841 4677 pi.
2883 4607 3055 4660 ταῦτα
3081 4606 3324 4676 γέγονεν.
3382 4608 3535 4661 Ἐπεὶ
3560 4608 3617 4662 δὲ
3650 4609 3851 4674 Γάλλος
3875 4609 3904 4662 ὁ
3930 4611 4096 4664 αὐτοῦ

833 4706 976 4758 tium
1011 4703 1388 4758 calamitatum
1420 4711 1568 4757 metu
1622 4702 1976 4766 alllictantur,
2025 4699 2272 4756 melioris
2307 4697 2422 4755 for-

832 4805 980 4850 tunae
1039 4807 1139 4863 spe
1185 4791 1449 4857 illectus,
1517 4791 1818 4847 Maximum
1878 4791 1933 4845 in
1988 4789 2418 4846 lamiliaritatem

834 4900 990 4940 suam
1020 4885 1241 4940 ascivit.
1272 4884 1482 4951 Quibus
1512 4883 1835 4954 imperatori
1881 4882 2178 4947 nuntiatis,
2225 4881 2420 4938 timore

834 4975 1126 5045 perculsus
1163 4990 1376 5030 comam
1430 4975 1592 5040 rasit,
1647 4981 1703 5031 et
1758 4974 2129 5030 monasticam
2190 4971 2411 5030 vivendi

832 5081 1009 5136 genus
1061 5066 1390 5122 simulavit:
1439 5067 1582 5121 clam
1635 5082 1765 5122 vero
1817 5067 2102 5136 gentilium
2140 5065 2413 5136 supersti-

838 5158 1042 5213 tionem
1104 5157 1394 5226 amplexus
1454 5165 1558 5214 est.
1601 5156 1732 5214 Post
1775 5157 1894 5213 hac
1922 5156 2037 5228 jam
2077 5157 2297 5214 virilem
2326 5158 2412 5212 in-

2363 5241 2375 5266 1

2517 4696 2764 4767 ἀδελφὸς,
2813 4699 3033 4770 Καῖσαρ
3072 4697 3386 4764 καταστὰς,
3439 4700 3700 4770 μηνυθεὶς
3753 4702 4096 4772 νεωτερίζειν

2517 4787 2780 4860 ἀνῃρέθη,
2837 4784 3123 4841 ὑπολαϐὼν
3161 4788 3538 4854 Κωνστάντιος
3582 4791 3677 4844 καὶ
3723 4792 3886 4846 αὐτὸν
3931 4792 4096 4863 ἔρωτι

2523 4877 2802 4949 βασιλείας
2831 4877 3182 4950 κατέχεσθαι,
3210 4879 3315 4932 ὑπὸ
3343 4879 3590 4952 φυλακῆς
3635 4879 3798 4952 εἶχεν.
3846 4884 4097 4954 Ἑξαιτη-

2521 4971 2762 5042 σαμὲνης
2788 4970 2846 5024 δὲ
2871 4970 3035 5026 αὑτὸν
3073 4970 3370 5035 Εὐσεϐείας
3395 4971 3497 5042 τῆς
3531 4973 3777 5044 γαμετῆς
3804 4975 4096 5028 Κωνσταν-

2518 5062 3148 5134 τίου,παραιτησάμενος
3164 5062 3345 5127 αὑτὸν,
3367 5063 3813 5142 ἀπεδήμησεν-είς
3840 5065 4098 5137 Ἀθήνας’

2519 5154 2789 5226 προφάσει
2820 5155 2917 5225 μὲν
2949 5153 3058 5209 τῶν
3088 5154 3428 5226 Ἑλληνικῶν
3455 5155 3634 5211 πόνων
3670 5158 3767 5212 καὶ
3812 5159 4095 5212 παιδευτε-

2038 5337 2313 5396 VALESII
2350 5306 2908 5396 ANNOTATlONES.

906 5492 1042 5563 (Μ’)
1059 5495 1159 5547 Ἑν
1168 5496 1420 5567 ὑπονοίᾳ
1435 5495 1749 5567 δυσχερῶν
1759 5495 2114 5566 πραγμάτων
2124 5499 2417 5551 ταλαιπω-

835 5567 1148 5634 ρούμενος.
1183 5566 1698 5638 Scribendumputo
1727 5567 2282 5638 ταλαιπωρουμένοις.
2311 5567 2419 5620 Re-

836 5584 1148 5634 ρουμενος.
1184 5584 1544 5622 scribendum
1604 5584 1698 5622 υιο
1727 5584 2282 5638 ταΑαιπωρουμενοις.
2311 5584 2418 5620 ne-

836 5639 1015 5709 t'etjtur
1070 5638 1226 5709 enim
1262 5637 1328 5690 ad
1361 5637 1413 5692 id
1439 5584 1598 5708 quod)
1637 5640 1947 5709 praecessit,
1996 5639 2152 5691 τοῦτο
2204 5638 2267 5708 δὴ
2305 5640 2418 5709 τοῖς

839 5707 1052 5770 πολλοῖς
1085 5705 1397 5779 συμϐαῖνον,
1446 5705 1548 5779 ﬁeu
1601 5705 1784 5778 potius
1822 5709 1882 5762 τὸ
1930 5709 2144 5779 πολλοῖς
2184 5705 2416 5779 συμϐαῖ-

835 5793 947 5848 νον,
968 5788 1026 5830 ut
1050 5778 1249 5848 legitur
1271 5778 1324 5831 in
1359 5777 1551 5834 codice
1583 5777 1910 5834 Fuketiano.
1949 5778 2062 5835 Hoc
2095 5789 2200 5847 est,
2238 5777 2417 5848 quem-

839 5845 1125 5901 αιέιειοιιιιηῐ
1174 5847 1441 5919 plerisque
1479 5853 1679 5905 evenire
1735 5852 1867 5904 solet
1914 5852 2004 5920 qui
2047 5845 2416 5905 calamitatum

840 5929 978 5972 metu
1047 5927 1368 5984 cruciantur,
1425 5938 1510 5990 spe
1572 5939 1741 5977 rerum
1793 5921 2142 5978 secundarum
2186 5921 2414 5985 illectus,

2514 5494 2816 5552 Maximum
2842 5496 2900 5550 in
2931 5496 3221 5550 amicorum
3253 5512 3468 5550 numero
3503 5497 3710 5550 habuit.

2588 5568 2699 5639 (55)
2736 5566 2848 5622 Καί
2893 5565 3146 5639 ἐποιεῖτο
3179 5568 3311 5639 περὶ
3341 5566 3498 5639 τάδε.
3539 5567 3715 5636 Hujus
3758 5565 3863 5618 loci
3900 5580 4092 5639 veram

2514 5636 2846 5709 scripturam
2880 5638 3118 5709 servavit
3165 5638 3350 5709 _codex_
3391 5636 3625 5700 Fulietii.
3675 5639 3729 5690 in
3761 5639 3973 5709 quoita
4004 5637 4082 5709 dii

2515 5705 2665 5764 serte
2689 5709 2956 5777 scriptum
2992 5707 3176 5763 inveni
3222 5725 3235 5760 :
3271 5706 3364 5759 καὶ
3410 5709 3652 5761 ἐπτοεῖτο
3683 5709 3810 5776 περί
3837 5707 3984 5760 τάδε.
4031 5705 4091 5758 Id

2513 5788 2620 5845 est,
2655 5789 2703 5833 et
2731 5795 2920 5845 earum
2956 5794 3132 5831 rerum
3163 5778 3518 5832 admiratione
3546 5777 3870 5845 capiebatur.

2587 5839 2700 5920 (δεῖ)
2725 5844 2866 5905 Ὧδε
2895 5849 2963 5920 δὲ
2995 5848 3151 5917 ἔχων
3197 5847 3452 5920 γνώμης.
3499 5839 3676 5903 Malim
3711 5848 3952 5904 scribere
3985 5839 4089 5900 ὧδε

2514 5921 2600 5990 δή.
2636 5921 2728 5978 Sic
2752 5920 2898 5976 enim
2924 5919 3096 5975 Gnaei
3135 5919 3282 5988 loqui
3313 5921 3511 5974 solent.
