4452 6584
409 463 541 521 1217

1354 470 1674 528 HISTORIA
1713 462 2263 530 ECCLESIASTICA.
2305 508 2372 517 —-
2426 480 2551 535 LIB.
2596 481 2658 538 γ.

3504 494 3642 551 1213

405 577 569 650 ρίωνσ
634 580 709 643 ὼς
766 580 821 632 δὲ
880 581 1124 649 λέγουσι,
1186 588 1577 654 κοινωσάμενος
1625 589 1738 649 τοῖς
1792 586 1967 639 ἐκεῖσε
1998 592 2163 658 Agre

1887 590 1967 639 ῖσε
1998 592 2042 648 Α
2073 604 2297 658 gressus
2354 603 2593 661 aetatem,
2646 600 2958 670 promptius
3012 602 3080 657 ad
3130 604 3245 659 haec
3280 606 3435 669 fern,
3472 625 3641 680 eaque

403 670 627 738 μάντεσι
675 670 800 737 περὶ
830 671 938 722 τῶν
982 672 1102 724 κατ’
1130 673 1310 727 αὐτόν.
1360 675 1882 744 Μετακαλεσάμενος
1911 677 1967 729 δὲ

393 759 558 813 αὐτὸν
602 760 809 812 ἐνθένδε
856 763 1254 829 Κωνστάντιος,
1322 767 1577 836 Καίσαρα
1628 766 1963 835 κατέστησεο

400 852 783 920 κατεγγυήσας
815 869 873 904 τε
903 853 1051 922 αὐτῷ
1086 856 1223 924 πρὸς
1257 857 1431 925 γάμον
1458 858 1839 910 Κωνσταντίαν
1869 858 1966 926 τὴν

399 943 562 994 αὐτοῦ
604 943 837 1013 ἀδελφὴν
860 945 995 1013 (57),
1048 946 1140 998 ἐπὶ
1189 948 1314 1009 τοὺς
1354 948 1491 1017 πρὸς
1536 947 1684 1001 δύσιν
1722 950 1966 1011 Γαλάτας

398 1034 706 1103 πέπομφεν.
764 1035 825 1087 Οἱ
868 1035 978 1104 γὰρ
1024 1036 1315 1107 Βάρϐαροι,
1368 1040 1461 1102 οὓς
1494 1041 1655 1104 αὐτὸς
1707 1043 1965 1113 πρότερον

397 1124 537 1178 κατὰ
567 1124 901 1191 Μαγνεντίου
948 1124 1289 1196 ἐμισθώσατο
1332 1130 1410 1191 εἰς
1447 1130 1780 1198 συμμαχίαν,
1815 1130 1965 1183 οὐδὲν

396 1215 583 1283 ὄφελος
623 1218 702 1278 είς
742 1216 899 1271 τοῦτο
947 1218 1249 1289 γενόμενοι,
1298 1220 1425 1281 τοὺς
1463 1220 1707 1283 Γαλάτας
1754 1222 1961 1292 ἐδῄουν.

409 1300 643 1385 Ἐπεὶκδὲ
670 1308 751 1361 ἔτι
768 1309 887 1373 νέος
914 1305 1137 1385 ἧψτοῖς
1164 1313 1449 1381 ἑπομένοις
1470 1312 1617 1383 αὐτῷ
1642 1320 1963 1384 στρατηγοῖς

394 1397 463 1450 τὰ
493 1380 737 1467 πρακτέα
783 1402 1070 1471 ἐπέτρεψε.
1103 1402 1224 1455 Τῶν
1260 1403 1315 1455 δέ
1365 1404 1770 1475 ῥᾳθυμούντων,
1804 1408 1964 1471 αὐτὸς

393 1486 468 1550 ὡς
509 1490 653 1559 ἐνῆν
675 1492 707 1541 ὁ
732 1491 952 1560 Καῖσαρ
996 1491 1089 1543 τοῦ
1125 1492 1367 1561 πολέμου
1396 1496 1640 1563 προενόει
1667 1512 1681 1527 ο
1726 1498 1963 1560 καὶτοὺς

397 1580 737 1651 στρατιώτας
754 1582 1192 1653 προθυμοτέρους
1222 1602 1289 1637 πε
1298 1586 1350 1655 pi.
1373 1587 1470 1656 τὴν
1504 1589 1682 1658 μάχην
1702 1592 1964 1660 κατέστη-

396 1697 507 1744 σεν,
532 1681 706 1744 ἄλλως
734 1700 793 1736 τε
829 1683 1311 1752 παρακινδυνεύειν
1360 1686 1700 1757 προτρέπων,
1737 1689 1831 1742 καὶ
1868 1692 1963 1760 ρη-

392 1771 483 1824 τὸν
541 1774 729 1841 μισθὸν
794 1774 962 1838 τάξας
1020 1775 1236 1843 ἑκάστῳ
1292 1776 1566 1847 βάρϐαρον
1627 1779 1955 1848 ἀναιροῦντι.

394 1865 803 1935 Κεχαρισμένος
836 1867 892 1919 δὲ
917 1863 1417 1939 τοῖς’στρατιώταις
1458 1871 1703 1924 ἐντεῦθεν
1737 1875 1960 1943 γενόμεο

390 1974 500 2019 νος,
549 1958 782 2026 ἐδήλωσε
823 1961 1185 2030 Κωνσταντίῳ
1222 1961 1318 2031 τὴν
1361 1960 1469 2013 τῶν
1501 1963 1818 2033 στρατηγῶν
1859 1968 1951 2035 ρᾳ-

391 2051 619 2120 στώνην.
680 2052 1096 2115 Ἀποσταλέντος
1144 2053 1202 2105 δέ
1252 2055 1459 2122 ἐτέρου,
1521 2055 1808 2124 συμϐαλὼν
1850 2060 1959 2119 τοῖς

390 2144 717 2215 Βαρόάροις,
771 2146 949 2208 καλῶς
993 2146 1217 2215 ἔπραξε.
1281 2148 1402 2200 Τῶν
1434 2148 1489 2200 δὲ
1537 2150 1663 2219 περὶ
1718 2150 1958 2203 σπονδῶν

387 2237 858 2307 πρεσϐευομένων,
918 2238 1014 2291 καὶ
1061 2240 1347 2302 ἐπιστολὰς
1396 2242 1773 2295 Κωνσταντίου
1820 2261 1956 2313 προ-

384 2330 710 2399 ϊσχομένων,
739 2332 1215 2401 μετακαλουμένου
1250 2333 1388 2399 σφᾶς
1416 2333 1508 2384 ἐπὶ
1536 2332 1633 2401 τὴν
1674 2334 1955 2403 Ῥωμαίων

386 2425 511 2491 γῆν,
529 2423 778 2491 ἐπίτηδες
799 2424 1122 2493 ἀποπέμψαι
1152 2423 1388 2493 μελήσας
1408 2423 1499 2475 τὸν
1516 2424 1638 2475 τάδε
1668 2443 1768 2496 πρε
1779 2426 1956 2478 σὸευό-

390 2530 568 2582 μενον,
599 2514 875 2583 ἀδοκήτως
907 2516 983 2584 τῷ
1013 2515 1205 2585 πλήθει
1249 2515 1358 2567 τῶν
1389 2515 1660 2583 πολεμίων
1690 2516 1950 2579 ἐπελθὼν,

385 2606 623 2672 ἐνίκησε.
687 2607 917 2672 Λέγεται
998 2606 1054 2658 δὲ
1109 2605 1484 2658 Κωνστάντιον
1542 2607 1954 2661 ἐπιϐουλεύοντα

384 2696 552 2765 αὐτῷ,
577 2695 763 2750 τοῦτον
794 2696 1080 2766 ἐπιτρέψαι
1105 2697 1196 2749 τὸν
1222 2696 1473 2766 πόλεμον.
1520 2699 1672 2767 Ἐμοὶ
1698 2700 1755 2750 δὲ
1783 2701 1842 2751 οὐ
1868 2719 1952 2753 πι-

384 2788 543 2840 Οανὸν
572 2784 711 2841 εἶναι
741 2787 899 2841 τοῦτο
930 2789 1094 2841 δοκεῖ.
1135 2782 1204 2856 ’ᾫ
1237 2790 1341 2860 γὰρ
1375 2790 1500 2859 ἐξῆν
1537 2791 1671 2860 μηδέ
1700 2792 1949 2863 Καίσαρα

379 2880 480 2949 τὴν
501 2880 673 2950 ἀρχὴν
696 2881 866 2931 ποιεῖν
896 2879 1079 2940 αὐτὸν,
1126 2879 1179 2931 τί
1206 2880 1296 2931 καὶ
1326 2879 1518 2943 ἐποίει,
1548 2880 1641 2932 καὶ
1666 2879 1763 2951 τὴν
1794 2883 1948 2935 ἀδελ-

382 2972 487 3039 φὴν
522 2970 692 3022 ἐδίδου
721 2969 985 3039 γαμετὴν,
1017 2970 1108 3021 καὶ
1137 2971 1469 3040 μεμφομένῳ
1502 2971 1629 3040 περὶ
1648 2972 1755 3023 τῶν
1786 2973 1948 3043 ῥᾳθύ-

384 3079 500 3132 μων
527 3061 842 3130 στρατηγῶν
877 3060 1140 3130 ὑπήκουε,
1169 3062 1260 3112 καὶ
1296 3061 1579 3113 σπουδαῖον
1604 3062 1723 3115 ἀντὶ
1745 3063 1948 3117 τούτων

380 3151 777 3217 ἐξαπέστειλεν,
811 3153 959 3215 ὅπως
998 3152 1302 3222 κατορθῶσι
1347 3152 1438 3205 τὸν
1475 3152 1730 3222 πόλεμον,
1771 3156 1819 3206 εἰ
1872 3156 1946 3225 μὴ

2071 696 2231 750 agere
2276 688 2463 753 erepit.
2519 691 2708 744 Artem
2768 692 2957 761 igitur,
2999 698 3044 749 si
3097 711 3205 765 qua
3261 699 3351 752 illa
3381 710 3487 766 est,
3519 718 3643 770 qua!

2068 789 2158 827 res
2209 777 2425 831 futuras
2482 782 2751 848 praedicit,
2802 788 3006 856 ingenti
3062 791 3427 847 admiratione
3462 797 3642 865 suspi-

2067 867 2241 929 ciens,
2306 870 2536 939 ejusque
2602 876 2851 929 notitiam
2919 884 3294 935 necessariam
3360 886 3467 938 sibi
3518 903 3641 943 esse

2066 956 2429 1021 existimans,
2497 965 2937 1031 experimentum
3003 974 3148 1038 cepit
3205 988 3391 1026 earum
3457 991 3638 1030 rerum

2065 1061 2186 1115 qua:
2235 1047 2569 1107 Christianis
2625 1054 2928 1113 interdicta:
2974 1069 3124 1113 sunt.
3176 1063 3251 1117 Et
3282 1079 3349 1118 eo
3394 1072 3637 1133 tempore

2064 1154 2160 1195 eos
2207 1143 2297 1209 qui
2349 1153 2521 1199 artem
2576 1146 2735 1201 istam
2796 1152 3190 1218 profiterentur
3234 1157 3287 1209 in
3333 1159 3636 1212 amicorum

2065 1233 2257 1288 habuit
2287 1252 2543 1292 numero.
2564 1238 2698 1294 Cum
2733 1244 2901 1313 igitur
2932 1261 2997 1299 eo
3026 1247 3213 1301 animo
3245 1258 3414 1314 esset,
3441 1251 3638 1304 relicta

2063 1327 2379 1386 Nicomedia
2437 1332 2493 1385 in
2546 1334 2731 1388 Asiam
2790 1339 3055 1406 perrexit,
3105 1348 3154 1394 et
3208 1356 3329 1393 cum
3364 1343 3637 1409 ejusmodi

2061 1419 2197 1475 viris
2247 1423 2361 1476 illic
2413 1439 2773 1495 congressus,
2825 1431 3142 1484 ardentiore
3205 1433 3391 1486 studio
3446 1434 3498 1486 in
3541 1450 3634 1489 eas

2064 1520 2210 1565 artes
2253 1513 2524 1569 incubuit.
2563 1518 2830 1572 Craterum
2873 1535 2995 1573 cum
3042 1522 3210 1576 frater
3242 1524 3413 1593 ipsius
3447 1526 3634 1581 Gallus

2064 1602 2265 1668 Caesar,
2323 1621 2410 1659 res
2433 1622 2606 1663 novas
2650 1610 2827 1663 moliri
2861 1611 3096 1678 delatus,
3132 1630 3362 1683 eamque
3394 1616 3462 1669 ob
3500 1633 3632 1671 cau-

2063 1710 2178 1749 sam
2237 1696 2563 1754 interfectus
2620 1701 2839 1767 fuisset,
2903 1706 3221 1772 suspicatus
3272 1706 3633 1763 Constantius

2060 1786 2344 1841 lulianum
2373 1805 2594 1860 quoque
2620 1793 2928 1862 imperandi
2955 1796 3257 1863 cupiditate
3287 1798 3500 1859 ardere,
3529 1801 3633 1854 sub

2061 1884 2310 1938 custodia
2364 1901 2487 1940 eum
2542 1890 2738 1943 tenuit.
2778 1890 2979 1945 Verum
3032 1909 3156 1946 cum
3212 1894 3446 1950 Eusebia
3493 1914 3632 1953 uxor

2061 1974 2365 2029 Constantii
2420 1992 2521 2046 pro
2573 1980 2669 2033 illo
2713 1980 3007 2049 deprecata
3048 1993 3219 2044 esset.
3255 1986 3377 2054 ipse
3412 1990 3565 2042 venia
3599 2004 3630 2043 a

2060 2064 2390 2119 Constantio
2450 2068 2739 2137 impetrata
2777 2112 2791 2136 ,
2848 2073 3095 2128 Athenas
3158 2077 3439 2144 profectus
3502 2090 3627 2134 est:

2060 2158 2241 2224 specie
2272 2158 2523 2226 quidem,
2571 2171 2630 2214 ut
2660 2162 2877 2219 Graecas
2915 2165 3238 2235 disciplinas
3274 2171 3626 2239 perdisceret,

2058 2256 2110 2299 et
2162 2247 2381 2301 scholas
2431 2249 2806 2320 frequentaret
2845 2272 2859 2307 :
2901 2271 2959 2310 re
2998 2273 3127 2312 vera
3158 2270 3360 2323 tamen,
3396 2271 3456 2317 ut
3480 2274 3629 2320 vates

2057 2335 2171 2388 illic
2221 2339 2481 2406 degentes
2527 2342 2594 2394 de
2644 2343 2815 2399 rebus
2867 2347 2986 2401 suis
3039 2352 3369 2406 consuleret.
3427 2353 3627 2410 Verum

2055 2427 2219 2493 paulo
2257 2437 2377 2496 post
2413 2430 2773 2488 Constantius
2806 2451 2931 2490 eum
2958 2437 3087 2492 inde
3145 2444 3478 2498 accersitum
3512 2446 3646 2505 Caa-.

2056 2530 2234 2570 sarem
2293 2520 2678 2577 renuntiavit:
2730 2524 3121 2597 desponsaque
3191 2533 3239 2585 ei
3301 2533 3626 2591 Constantia

2054 2622 2247 2662 sorore
2291 2625 2411 2674 sua,
2448 2626 2569 2665 eum
2616 2614 2672 2667 in
2716 2615 2922 2673 Gallias
2953 2622 3123 2676 misit.
3158 2622 3370 2678 Etenim
3402 2627 3626 2682 barbari

2052 2716 2193 2769 quos
2224 2702 2339 2771 ipse
2375 2704 2537 2772 paulo
2572 2712 2731 2760 antea
2776 2708 2845 2762 ad
2888 2712 3154 2766 auxilium
3190 2715 3296 2769 sibi
3337 2716 3623 2773 ferendum

2052 2802 2246 2846 contra
2308 2793 2676 2865 Magnentium
2739 2802 2995 2857 mercede
3054 2805 3438 2874 conduxerat,
3499 2826 3625 2863 cum

2050 2887 2262 2939 nullum
2308 2888 2393 2941 sui
2455 2904 2610 2943 usum
2661 2893 2715 2945 in
2740 2908 2805 2947 eo
2842 2894 2985 2949 bello
3019 2899 3404 2965 prmbuissent,
3437 2901 3624 2957 Gallos

2049 2977 2477 3046 populabantur.
2512 2981 2576 3034 Et
2597 2984 2858 3050 quoniam
2887 2985 3143 3042 Julianus
3174 2990 3355 3044 adhuc
3400 2992 3623 3062 juvenis

2050 3076 2188 3129 erat,
2223 3067 2455 3123 ducibus
2508 3070 2688 3140 ipsum
2741 3077 3139 3135 comitantibus
3194 3097 3376 3135 rerum
3433 3099 3622 3139 curam

2051 3161 2329 3214 commisit
2358 3160 2737 3218 Constantius.
2770 3166 2873 3231 Qui
2922 3170 3051 3224 dum
3103 3173 3328 3241 segnius
3373 3185 3620 3244 agerent,

379 3246 530 3313 φίλος
561 3246 893 3314 ἐτύγχανεν;
926 3244 1039 3297 ἀλλ’
1063 3244 1138 3307 ὼς
1173 3244 1487 3314 συμϐάλλω,
1519 3246 1616 3316 τὴν
1647 3247 1746 3316 μὲν
1772 3247 1944 3319 ἀρχὴν
1973 3274 2014 3331 C
2052 3250 2135 3319 ips

1860 3247 1944 3318 (ὴν
1973 3274 2014 3331 C
2052 3250 2285 3319 ipsemet
2319 3251 2505 3306 Caesar
2535 3269 2633 3323 pro
2682 3257 2828 3311 virili
2870 3268 3026 3327 parte
3051 3262 3178 3316 belli
3204 3278 3393 3318 curam
3428 3282 3618 3321 susce-

379 3336 567 3399 εὔνους
592 3336 667 3388 ὢν
694 3336 842 3406 αὐτῷ
865 3336 1262 3400 Κωνστάντιος,
1293 3337 1545 3407 Καίσαρα
1577 3338 1909 3406 κατέστησεν
1930 3357 1943 3369 ·

380 3430 498 3482 ἐπεὶ
530 3430 585 3481 δὲ
636 3428 787 3498 παρὰ
828 3427 1058 3497 γνώμην
1086 3425 1251 3479 αὑτοῦ
1289 3427 1547 3489 σεϐαστὸς
1577 3428 1945 3498 ἀνεκηρύχϐη,

374 3520 408 3590 ἢ
438 3517 620 3581 δεδιὼς
648 3517 763 3571 ἀνθ’
794 3511 869 3570 ὧν
902 3516 1064 3569 αὐτὸν
1101 3517 1193 3570 καὶ
1219 3517 1308 3569 τὸν
1337 3516 1564 3585 ἀδελφὸν
1599 3517 1751 3581 νέους
1789 3518 1947 3581 ὄντας

375 3610 657 3679 ἠδίκησεν,
694 3608 727 3680 ἢ
776 3608 1007 3677 φθονῶν,
1047 3608 1121 3671 ὡς
1165 3608 1330 3670 εἰκὸς,
1365 3608 1458 3660 ἐπὶ
1502 3611 1566 3678 τῇ
1603 3609 1760 3680 ὁμοίᾳ
1789 3612 1943 3679 τιμῇ,

376 3701 731 3753 ἐπεϐούλευεν
766 3698 912 3769 αὐτῷ
948 3698 1034 3751 διὰ
1075 3698 1183 3751 τῶν
1215 3698 1349 3769 πρὸς
1390 3699 1481 3750 τὸν
1522 3698 1709 3768 Ῥῆνον
1740 3698 1947 3769 βαρϐά-

376 3812 503 3864 ρων.
551 3794 707 3845 Ἀλλὰ
728 3793 851 3846 τάδε
888 3792 984 3861 μὲν
1018 3791 1197 3853 ἄλλοις
1232 3790 1403 3852 ἄλλως
1427 3790 1590 3845 δοκεῖ.

2047 3345 2126 3415 pit
2160 3362 2172 3397 :
2209 3353 2263 3398 et
2294 3346 2507 3399 milites
2540 3347 2609 3399 ad
2639 3350 2997 3416 pugnandum
3032 3354 3330 3409 alacriores
3359 3356 3617 3421 reddidit,

2044 3446 2157 3490 tum
2209 3437 2333 3491 aliis
2388 3438 2566 3493 modis
2621 3440 2779 3509 182
2818 3455 2914 3496 eos
2949 3442 3232 3498 incitando
3266 3454 3324 3498 ut
3355 3447 3618 3515 periculis

2044 3546 2167 3587 sese
2211 3530 2541 3599 objicerent,
2601 3541 2714 3586 tum
2758 3543 2911 3587 certa
2960 3538 3213 3592 mercede
3262 3541 3542 3608 proposita
3566 3542 3616 3594 ei

2043 3622 2137 3690 qui
2164 3622 2457 3674 barbarum
2509 3623 2901 3680 interfecisset.
2943 3626 3119 3692 Quam
3155 3629 3228 3683 ob
3268 3646 3490 3685 causam
3522 3646 3615 3686 ac—

2042 3719 2231 3779 ceptus
2280 3711 2552 3767 militibus
2603 3713 2807 3769 ducum
2859 3732 3085 3772 suorum
3150 3720 3417 3775 desidiam
3459 3723 3604 3777 Con-

2046 3802 2247 3855 stantio
2291 3819 2385 3871 per
2431 3804 2645 3859 litteras
2710 3806 2997 3862 indicavit.
3044 3811 3229 3866 Altero
3286 3814 3453 3883 igitur
3493 3831 3618 3869 ma~

372 3887 545 3955 gistro
581 3885 816 3936 militum
859 3883 1049 3947 misso,
1087 3895 1216 3935 cum
1275 3880 1527 3935 barbaris
1580 3898 1931 3953 congressus,
1972 3905 2085 3944 rem
2132 3892 2363 3948 feliciter
2415 3896 2613 3963 gessit.
2656 3897 2906 3969 Cumque
2956 3902 3035 3956 illi
3077 3904 3284 3974 legatos
3347 3907 3413 3962 de
3482 3924 3614 3979 pace

373 3977 680 4039 misissent,
728 3983 784 4027 et
818 3974 1070 4042 ;litteras
1126 3973 1482 4026 ostenderent
1543 3973 1878 4045 Constantii,
1945 3983 2147 4050 quibus
2202 3986 2354 4054 ipsos
2405 3988 2461 4041 in
2514 3989 2889 4046 Romanorum
2950 3994 3213 4050 ditionem
3261 4014 3611 4070 evocaverat,

371 4068 491 4138 ipse
545 4068 782 4135 legatum
835 4064 931 4134 qui
973 4079 1036 4118 ea
1076 4064 1144 4120 de
1193 4080 1252 4119 re
1300 4073 1545 4130 venerat,
1595 4065 1983 4129 dimittere'de
2022 4076 2295 4131 industria
2344 4090 2657 4147 cunctatus,
2700 4099 2952 4154 magnam
3002 4088 3240 4142 hostium
3303 4094 3612 4150 multitudi-

370 4175 495 4213 nem
538 4160 823 4226 inopinato
878 4157 1108 4210 adortus
1150 4156 1373 4211 devicit.
1407 4158 1578 4212 Aiunt
1607 4175 1775 4229 porro
1805 4162 2197 4223 Constantium
2238 4171 2470 4227 insidias
2506 4172 2728 4230 Juliano
2797 4186 3124 4243 struentem,
3195 4182 3395 4237 bellum
3463 4187 3608 4244 istud

370 4256 417 4308 ei
460 4253 760 4322 gerendum
806 4249 1156 4304 commisisse
1204 4265 1217 4302 :
1267 4249 1413 4318 quod
1464 4258 1649 4305 tamen
1703 4254 1839 4308 mihi
1902 4273 2249 4329 nequaquam
2311 4262 2532 4318 videtur
2600 4266 2905 4333 probabile.
2964 4268 3099 4322 Nam
3145 4286 3270 4325 eum
3320 4276 3371 4328 ei
3420 4276 3610 4336 licere;

367 4346 517 4399 illum
589 4358 655 4396 ne
710 4342 982 4396 Ctesarem
1043 4340 1262 4411 quidem
1322 4340 1484 4395 initio
1537 4342 1740 4408 facere,
1798 4347 1933 4414 quid
1968 4365 2152 4406 causa:
2204 4359 2289 4408 est
2348 4368 2449 4405 cur
2498 4354 2712 4421 fecerit,
2768 4372 2869 4411 cur
2908 4373 3151 4415 sororem
3184 4379 3339 4418 suam
3404 4368 3482 4421 illi
3551 4372 3607 4425 in

378 4435 790 4488 matrimonium
838 4431 1071 4496 dederit,
1112 4448 1215 4487 cur
1247 4432 1315 4486 de
1347 4433 1550 4487 ducum
1612 4434 1822 4490 desidia
1890 4443 2247 4509 conquerenti
2312 4458 2520 4498 morem
2580 4447 2835 4513 gesserit,
2896 4458 2950 4503 et
3016 4465 3207 4506 eorum
3263 4455 3385 4510 loco
3438 4459 3605 4514 alium

364 4540 652 4584 strenuum
680 4525 894 4579 miserit
937 4531 998 4577 ut
1026 4522 1317 4578 victoriam
1343 4524 1410 4578 de
1447 4523 1699 4580 hostibus
1733 4537 2066 4597 reportaret,
2102 4533 2207 4587 nisi
2237 4533 2501 4591 benevolo
2529 4551 2657 4607 erga
2722 4539 2876 4593 illum
2932 4542 3115 4595 animo
3184 4544 3413 4602 affectus
3469 4550 3605 4604 fuis-

364 4619 495 4672 set?
530 4615 753 4683 Verum,
801 4625 860 4669 ut
912 4614 1164 4685 equidem
1218 4613 1493 4681 conjieio,
1537 4615 1700 4669 initio
1769 4618 1988 4686 quidem
2044 4622 2404 4680 Constantius
2461 4641 2586 4680 cum
2643 4643 2767 4683 eum
2825 4631 3088 4688 benevole
3135 4637 3601 4706 complecteretur,

365 4713 631 4764 Caesarem
681 4707 1038 4776 nuncupavit.
1077 4705 1184 4760 Sed
1215 4713 1508 4775 postquam
1542 4716 1741 4776 prteter
1773 4709 1945 4777 ipsius
1981 4717 2307 4769 sententiam
2342 4718 2621 4788 Augustus
2652 4722 3003 4777 renuntiatus
3045 4735 3228 4789 esset;
3308 4745 3404 4784 seu
3432 4742 3601 4799 metu,

369 4821 435 4859 eo
475 4807 619 4873 quod
676 4806 856 4873 ipsum
888 4817 952 4856 ac
985 4802 1208 4857 fratrem
1238 4802 1419 4855 adhuc
1447 4801 1828 4860 adolescentes
1861 4807 2064 4875 injuria
2098 4811 2354 4868 affecerat
2386 4833 2400 4881 ;
2468 4832 2565 4871 seu
2632 4817 2862 4883 invidia,
2902 4828 2961 4872 ut
3012 4822 3249 4887 videtur,
3304 4826 3598 4897 impulsus,

364 4914 430 4952 eo
469 4897 614 4965 quod
653 4910 842 4964 parem
898 4893 1002 4962 ipsi
1055 4892 1283 4946 honoris
1331 4892 1562 4959 gradum
1616 4909 1948 4955 consecutus
1996 4910 2162 4965 esset,
2209 4904 2568 4961 barbarorum
2628 4909 2721 4978 qui
2777 4908 3029 4964 Rhenum
3081 4915 3334 4968 accolunt
3400 4934 3591 4990 opera,

362 4990 591 5046 insidias
636 4988 685 5041 ei
737 4985 1095 5055 comparavit.
1148 4982 1358 5037 Verum
1412 4984 1478 5037 de
1524 4983 1609 5040 his
1643 4987 1807 5042 rebus
1849 4991 1941 5044 alii
1984 4993 2139 5048 aliter
2173 4997 2439 5050 sentiunt.

958 5078 1211 5133 ΚΕΦΛΛ.
1243 5079 1317 5131 Γ’.
1956 5088 2001 5141 D

357 5174 477 5227 Ὀτι
537 5174 837 5239 καταστὰς
890 5176 976 5237 εις
1028 5170 1142 5237 τὴν·
1194 5171 1519 5234 ,βασιλειαν
1580 5174 1917 5241 Ἰουλιανὸς,

425 5244 611 5312 ἠρέμα
656 5260 779 5310 πως
818 5244 890 5296 τὰ
928 5242 1044 5295 τῶν
1072 5241 1443 5307 Χριστιανῶν
1468 5243 1776 5295 ἀνακινεῖν
1815 5246 1919 5312 ἥρ-

426 5315 596 5380 ξατο,
643 5316 741 5368 καὶ
782 5318 888 5367 τὸν
942 5314 1344 5380 Ἐλληνισμὸν
1385 5313 1750 5380 τεχνηέντως
1796 5321 1919 5369 εἱσ-

424 5403 607 5439 ανειν.

436 5433 480 5452 ,η
501 5433 562 5437 ,η
594 5433 606 5439 -

436 5478 586 5528 Ἐπεὶ
609 5476 664 5528 δὲ
696 5477 853 5545 μόνος
877 5478 954 5539 εἰς
984 5476 1083 5546 τὴν
1107 5474 1379 5545 βασιλείαν
1413 5475 1672 5545 κατέστη,
1697 5478 1788 5528 καὶ
1818 5477 1919 5530 ἀνὰ

352 5570 450 5640 τὴν
475 5570 585 5621 Ἕω
619 5571 742 5633 τοὺς
782 5569 1121 5638 Ἑλληνικοὺς
1155 5566 1315 5629 ναοὺς
1364 5566 1591 5636 ἀνέῳξε,
1647 5568 1741 5621 καὶ
1792 5570 1919 5631 τοὺς

2670 5089 2821 5145 CAP.
2858 5090 2945 5145 Ill.

2030 5181 2301 5246 Quomodo
2338 5180 2588 5234 Julianus
2651 5183 2719 5234 ad
2756 5185 3031 5246 imperium
3068 5198 3267 5239 erectus
3315 5206 3393 5242 res
3437 5192 3593 5244 Chri-

2096 5254 2389 5304 stianorum
2428 5252 2620 5329 sensim
2653 5252 2997 5321 labefactare,
3029 5266 3078 5308 et
3113 5260 3386 5326 gentilium
3413 5279 3592 5329 super-

2095 5324 2361 5376 stitionem
2385 5323 2575 5375 callide
2596 5324 2899 5379 instaurare
2927 5329 3097 5395 cwpil.

2101 5475 2203 5529 Ubi
2259 5491 2387 5530 vero
2437 5477 2586 5532 solus
2615 5476 2847 5548 imperio
2876 5482 3083 5549 potitus
3116 5490 3222 5547 est,
3257 5484 3310 5538 in
3345 5486 3585 5541 Orientis

2026 5582 2247 5637 quoque
2293 5566 2543 5635 partibus
2590 5569 2874 5635 gentilium
2913 5571 3112 5640 templa
3150 5575 3383 5641 aperuit.
3430 5578 3489 5628 lit
3522 5594 3584 5633 ea

1536 5735 1805 5790 VALESII
1838 5734 2386 5793 ANNOTAT-IONES.

423 5822 532 5891 (57)
567 5824 983 5876 Κωνσταντίαν
1023 5824 1137 5890 τὴν
1186 5825 1370 5880 αὐτοῦ
1407 5825 1697 5894 ἀδελφήν.
1754 5825 1911 5879 llelc-
2023 5827 2173 5880 Caesa

1822 5828 1911 5879 'lc-
2023 5827 2259 5882 Caesaris
2303 5827 2526 5882 Juliani.
2577 5828 2896 5912 Constantia
2932 5845 3058 5910 vero
3089 5830 3580 5912 ejusdem-ilclenae

349 5908 473 5950 nam
515 5893 697 5949 dicere
751 5895 1033 5949 debuerat.
1093 5896 1183 5951 Sic
1213 5898 1357 5950 enim
1420 5893 1605 5951 vocata
1649 5906 1732 5952 est
1771 5913 1907 5952 uxor
2021 5914 2194 5961 soror,
2238 5908 2404 5967 nupta
2441 5900 2615 5953 fuerat
2644 5900 2798 5954 Callo
2830 5900 3054 5959 CtL‘Sill‘i.
3093 5893 3248 5955 tratri
3281 5899 3506 5957 Juliani.
