4452 6598
816 437 955 500 1293

2271 436 2611 495 SOZOMENI

3924 436 4076 494 ιεει

809 562 1008 629 opibus
1050 558 1438 622 abundantem,
1493 565 1550 611 et
1596 557 1766 612 totius
1791 556 2154 628 Cappadociae
2187 564 2390 612 metro-
2419 565 2465 620 Α
2491 553 2567 612 οὗ(

2310 571 2390 610 1³0·
2419 565 2465 620 Α
2491 553 2656 612 οὖσαν
2677 552 2772 610 τοῦ
2804 555 3184 610 Καππαδοκῶν
3230 556 3492 626 κλίματος
3536 554 3600 606 ἐκ
3631 552 3723 606 τοῦ
3762 555 4068 624 καταλόγου

813 652 1004 723 polim,
1048 663 1113 705 ex
1152 649 1279 705 albo
1309 647 1596 705 civitatum
1621 649 1913 718 expunxit,
1972 657 2027 704 et
2055 662 2390 718 cognomen-

811 751 929 796 tum
957 741 1196 798 Caesaris
1239 741 1290 796 ei
1313 738 1546 805 ademit,
1581 739 1730 810 quod
1766 740 1895 795 olim
1931 750 2195 811 regnante
2227 737 2393 794 Clau-

811 833 909 889 dio
931 839 1234 899 meruerat,
1259 845 1383 886 cum
1412 829 1634 885 Mazaca
1656 829 1812 902 prius
1834 830 2132 886 diceretur.
2167 828 2302 884 Nam
2336 836 2392 884 et

811 931 974 978 antea
1025 922 1149 993 ejus
1187 921 1428 977 civitatis
1455 920 1667 977 incolas
1699 920 2027 992 gravissimo
2053 920 2180 976 odio
2202 933 2390 990 prose-

811 1012 1104 1083 quebatur,
1160 1017 1450 1081 propterea
1499 1009 1651 1081 quod
1699 1025 1891 1065 omnes
1925 1026 2063 1082 pene
2089 1009 2390 1065 Christiani

811 1111 1020 1167 essent,
1043 1109 1099 1157 et
1125 1102 1269 1172 quod
1295 1101 1406 1156 duo
1436 1100 1582 1172 apud
1613 1101 1762 1171 ipsos
1794 1101 2018 1172 templa,
2053 1099 2207 1157 Jovis
2235 1100 2388 1156 scili-

814 1203 904 1250 cet
936 1193 1187 1264 praesidis
1226 1192 1405 1259 urbis,
1447 1201 1503 1248 et
1531 1193 1802 1264 Apollinis
1843 1193 2029 1263 patrii,
2053 1190 2386 1264 jampridem

813 1284 1245 1342 destruxissent.
1293 1283 1398 1340 Ubi
1437 1299 1570 1341 vero
1625 1285 1887 1355 templum
1941 1283 2098 1339 Genii
2157 1283 2387 1356 publici,

813 1375 963 1446 quod
1014 1376 1193 1432 solum
1247 1384 1554 1446 supererat,
1597 1390 1658 1432 se
1703 1381 1971 1446 regnante
1999 1388 2029 1428 a
2058 1373 2389 1432 Christianis

814 1483 1070 1524 eversum
1104 1483 1228 1525 esse
1248 1467 1461 1535 didicit,
1485 1468 1811 1538 gravissima
1833 1467 2210 1538 indignatione
2239 1483 2389 1522 com-

817 1566 1001 1613 motus
1054 1566 1141 1613 est
1173 1557 1440 1613 adversus
1480 1558 1793 1614 universam
1817 1558 2116 1613 civitatem.
2148 1557 2226 1613 Ac
2259 1574 2389 1628 gen-

815 1651 938 1707 tiles
971 1651 1192 1722 quidem
1223 1649 1318 1721 qui
1350 1651 1460 1705 illic
1491 1656 1650 1705 erant
1681 1649 1976 1705 admodum
2004 1650 2191 1720 pauci,
2228 1653 2388 1704 incu-

815 1743 958 1797 savit
989 1741 1135 1813 quod
1170 1743 1239 1797 ad
1269 1757 1427 1813 opem
1450 1741 1729 1797 ferendam
1769 1757 1877 1795 non
1905 1742 2296 1806 accurrissent,
2335 1749 2390 1797 ct

815 1835 864 1889 si
903 1832 1036 1904 quid
1065 1832 1299 1904 periculi
1327 1831 1674 1888 subeundum
1707 1841 1828 1887 erat
1871 1847 1972 1903 pro
2004 1831 2161 1888 Genii
2201 1831 2391 1888 defcno

815 1903 994 1988 sione,
1036 1903 1206 1977 alacri
1240 1922 1426 1977 animo
1471 1935 1583 1976 non
1615 1921 1994 1991 pertulissent.
2029 1921 2234 1977 Omnes
2261 1936 2390 1976 vero
2421 1903 2461 1958 Β

813 2029 948 2086 opes
1004 2027 1071 2068 ac
1111 2013 1494 2084 possessiones
1532 2011 1928 2080 ecclesiarum,
1980 2019 2094 2067 tam
2157 2028 2279 2084 qua:
2332 2013 2389 2068 in

813 2109 951 2163 urbe
1000 2107 1270 2171 Czesarea,
1307 2121 1470 2176 quam
1506 2121 1627 2177 quae
1667 2106 1724 2161 in
1774 2105 1973 2162 vicinis
2012 2105 2151 2162 locis
2178 2113 2388 2170 essent,

812 2199 1102 2254 tormentis
1134 2198 1372 2269 exquiri,
1397 2206 1453 2254 et
1497 2199 1555 2254 in
1588 2198 1825 2253 medium
1847 2196 2081 2270 proferri
2108 2199 2291 2269 jussit.
2324 2199 2391 2253 Et

812 2289 1104 2346 confestim
1156 2289 1378 2361 quidem
1438 2298 1720 2346 trecentas
1769 2289 1891 2343 auri
1948 2289 2119 2344 libras
2149 2289 2392 2345 liscoin—

812 2381 971 2449 ferri,
1035 2382 1330 2440 universos
1361 2390 1542 2439 autem
1577 2382 1810 2438 clericos
1844 2380 2043 2438 referri
2097 2383 2154 2437 in
2207 2383 2390 2438 album

813 2476 982 2532 ollicii
1035 2476 1270 2532 rectoris
1300 2477 1640 2548 provinciae:
1674 2475 1823 2547 quod
1857 2476 2076 2546 quidem
2115 2476 2273 2547 185
2309 2491 2393 2548 ge-

813 2582 920 2623 nus
961 2567 1171 2621 militia:
1221 2581 1540 2631 onerosum,
1588 2574 1645 2622 et
1697 2567 1843 2621 inter
1873 2565 2153 2624 Romanos
2191 2568 2392 2624 milites

813 2659 922 2714 vile
977 2670 1141 2730 atque
1187 2658 1540 2714 inhonestum
1588 2657 1961 2714 existimatur.
2013 2657 2219 2730 Vulgus
2260 2675 2393 2716 vero

813 2750 1260 2807 Christianorum
1316 2765 1428 2805 una
1481 2765 1607 2805 cum
1669 2750 1937 2806 uxoribus
1991 2760 2048 2806 et
2079 2751 2268 2807 liberis
2293 2751 2393 2807 de-

815 2843 1030 2907 scribi,
1087 2851 1145 2899 et
1201 2842 1430 2912 perinde
1492 2856 1559 2896 ac
1607 2841 1663 2896 in
1714 2841 1893 2912 pagis,
1924 2842 2130 2896 tributa
2157 2841 2393 2913 pendere

816 2935 1097 3007 pracepit.
1149 2933 1352 2988 Addito
1381 2949 1603 3005 quoque
1641 2933 2002 3004 jurejurando
2024 2935 2264 2991 minatus
2287 2943 2390 3001 est,

815 3027 926 3084 nisi
969 3026 1376 3099 quamprimum
1430 3026 1632 3096 templa
1687 3027 2108 3089 instaurassent,
2154 3043 2214 3084 se
2268 3029 2391 3084 urbi

813 3132 1148 3175 succensere
1203 3131 1440 3187 eamque
1487 3118 1801 3186 opprimere
1843 3132 1953 3172 non
2005 3117 2387 3174 destiturum:

2490 647 2598 703 τῶν
2627 647 2834 702 πόλεων
2876 646 3156 717 ἐξήλειψεν
3181 647 3210 698 ὁ
3252 645 3536 716 βασιλεύς·
3585 645 3680 698 καὶ
3727 644 3828 715 τῆς
3855 647 4070 700 ἐπωνυ-

2494 739 2623 806 μίας
2657 736 2752 790 τοῦ
2797 736 3076 807 Καίσαρος
3114 735 3386 805 ἀφείλετο,
3437 730 3506 807 ἦς
3538 735 3710 790 πάλαι
3749 736 3938 805 ἔτυχεν
3969 738 4069 789 ἐπὶ

2489 830 2754 884 Κλαυδίου
2785 829 3066 902 Καίσαρος
3085 830 3129 894 ί,
3157 827 3396 892 Μάζακα
3413 828 3476 881 τὸ
3492 827 3708 900 πρῶτον
3730 829 3841 899 (65)
3863 829 4070 900 ὄνομα·

2490 923 2713 994 ζομένη.
2777 923 2987 994 Ἐμίσει
3030 921 3140 993 γὰρ
3190 921 3287 974 καὶ
3319 921 3582 992 πρότερον
3629 921 3863 986 ἐξαίσιον
3907 923 4070 992 μῖσος

2488 1017 2615 1078 τοὺς
2637 1013 2807 1085 αὐτῆς
2825 1015 3136 1084 οἰκήτορας,
3161 1012 3236 1076 ὡς
3261 1013 3536 1083 πανδημεὶ
3561 1013 4065 1085 Χριστιανίζοντας.

2490 1107 2583 1159 καὶ
2620 1105 2789 1160 πάλαι
2829 1104 3154 1169 καθελόντας
3188 1105 3314 1168 τοὺς
3344 1105 3474 1178 παρ’
3503 1105 3689 1168 αὐτοῖς
3718 1104 3875 1169 νεὼς,
3910 1107 4070 1160 πολι-

2488 1198 2647 1268 ούχου
2669 1198 2810 1263 Διὸς,
2844 1197 2940 1252 καὶ
2964 1195 3217 1269 πατρῴου
3233 1197 3584 1260 Ἀπόλλωνος.
3622 1197 3775 1250 Ἐπεὶ
3800 1197 3857 1251 δὲ
3891 1200 4069 1252 καὶτὸ

2489 1291 2589 1360 τῆς
2630 1289 2846 1361 Τύχης,
2877 1288 2905 1342 ὃ
2928 1288 3087 1358 μόνον
3138 1287 3249 1358 (66)
3289 1286 3660 1358 περιελείφθη,
3700 1286 3863 1340 αὑτοῦ
3908 1287 4067 1357 βασις

2487 1384 2734 1444 λεύοντος
2783 1383 2919 1454 πρὸς
2969 1381 3078 1435 τῶν
3119 1379 3461 1452 Χριστιανῶν
3511 1381 3793 1450 ἀνετράπη
3813 1419 3828 1443 ,
3871 1381 4068 1446 δεινῶς

2490 1471 2836 1544 ἀπηχθάνετο
2863 1469 3012 1542 πάσῃ
3044 1471 3110 1540 τῇ
3144 1469 3318 1534 πόλει,
3349 1469 3445 1522 καὶ
3475 1469 3778 1540 ἐδυσφόρει.
3802 1470 3912 1523 Καὶ
3929 1471 4065 1524 Ἕλ-

2488 1563 2655 1633 ληνας
2697 1561 2815 1630 μὲν,
2858 1562 2986 1624 τοὺς
3025 1560 3184 1623 ὄντας
3221 1556 3624 1630 εὐαριθμήτους
3671 1560 3840 1630 μάλα,
3887 1562 4068 1632 ἐμέμ-

2491 1673 2641 1724 φετο,
2681 1653 2756 1716 ὡς
2796 1651 2870 1723 μὴ
2918 1653 3316 1719 ἐπαμύνοντας,
3367 1653 3459 1704 καὶ
3499 1653 3549 1704 εί
3593 1652 3786 1705 παθεῖν
3828 1653 3934 1705 ἔδει
3984 1672 4065 1717 τι,

2493 1741 2785 1814 προθύμως
2833 1740 2974 1812 ὑπὲρ
3022 1741 3120 1811 τῆς
3173 1739 3354 1810 Τύχης
3403 1741 3818 1811 ὑπομείναντας.
3874 1743 4065 1798 Πάντα

2491 1835 2548 1888 δὲ
2606 1834 2675 1887 τὰ
2717 1833 2972 1903 κτήματα
3021 1833 3116 1886 καὶ
3148 1833 3238 1886 οτὲι
3285 1834 3544 1905 χρήματα
3586 1835 3694 1887 τῶν
3741 1836 3799 1888 ἐν
3847 1835 4065 1890 Καισα-

2492 1925 2614 1997 ρείᾳ
2644 1927 2738 1979 καὶ
2775 1924 2880 1978 ὑπὸ
2902 1925 3028 1988 τοὺς
3058 1923 3230 1993 αὐτῆς
3256 1923 3416 1995 ὅρους
3449 1924 3777 1994 ἐκκλησιῶν,
3824 1925 4065 1994 ἐρευνώ-

2493 2034 2630 2087 μενα
2683 2016 2821 2088 μετὰ
2866 2014 3134 2086 βασάνων,
3173 2015 3254 2078 εἰς
3300 2014 3463 2085 μέσον
3500 2015 3762 2086 φέρεσθαι
3793 2016 4068 2088 προσέτα-

2493 2110 2599 2176 ξεν.
2648 2110 2856 2165 Αὐτίκα
2896 2110 2953 2164 δὲ
3005 2109 3320 2182 τριακοσίας
3370 2107 3566 2180 λίτρας
3606 2109 3811 2180 χρυσοῦ
3845 2109 3921 2179 τῷ
3961 2125 4066 2163 τα-

2495 2203 2630 2274 μείῳ
2654 2201 2866 2256 ἐκτίσαι
2884 2219 2899 2233 ο
2953 2201 3250 2273 κληρικοὺς
3273 2200 3331 2253 δέ
3370 2199 3580 2263 πάντας
3605 2201 3954 2272 ἐγγραφῆναι
3981 2200 4066 2271 τῷ

2491 2296 2778 2367 καταλόγῳ
2822 2295 2932 2349 τῶν
2971 2295 3075 2349 ὑπὸ
3117 2295 3210 2350 τὸν
3254 2296 3491 2366 ἄρχοντα
3531 2294 3627 2350 τοῦ
3670 2295 3857 2359 ἔθνους
3898 2313 4067 2366 στρα-

2490 2387 2698 2440 τιωτῶν
2735 2402 2747 2415 ·
2789 2386 2819 2440 ὃ
2871 2386 3181 2458 δαπανηρὸν
3225 2384 3363 2443 εἶναι
3419 2389 3622 2460 σφόδρα
3667 2389 3763 2442 καὶ
3799 2389 4068 2443 ἐπονείδι-

2494 2496 2617 2532 στον
2643 2479 2756 2550 (67)
2782 2480 2839 2532 ἐν
2860 2481 2980 2542 ταῖς
3006 2478 3116 2533 τῶν
3142 2480 3426 2550 Ῥωμαίων
3447 2482 3724 2552 στρατιαῖς
3758 2481 4059 2551 νομίζεται.

2493 2572 2567 2623 Τὸ
2593 2570 2649 2624 δέ
2677 2570 2876 2641 πλῆθος
2902 2569 3010 2624 τῶν
3033 2571 3372 2642 Χριστιανῶν
3391 2572 3488 2625 σὺν
3512 2572 3724 2640 γυναιξὶ
3751 2572 3844 2625 καὶ
3873 2571 4065 2624 παισὶν

2491 2662 2938 2734 ἀπογράψασθαι,
2972 2663 3068 2716 καὶ
3095 2662 3348 2734 καθάπερ
3375 2665 3434 2718 ἐν
3462 2667 3585 2728 ταῖς
3612 2663 3824 2734 κώμαις
3863 2665 4064 2736 φόρους

2491 2755 2666 2808 τελεῖν
2687 2770 2704 2786 ο
2767 2754 2988 2826 ἔνορκον
3041 2754 3100 2808 δὲ
3151 2754 3466 2826 ἠπείλησεν,
3495 2755 3572 2818 ὡς
3607 2757 3656 2809 εί
3695 2756 3770 2827 μὴ
3800 2756 3964 2826 τάχος
3991 2757 4064 2811 τὰ

2495 2843 2616 2915 ίερὰ
2657 2843 3030 2915 ἀνεγείρωσιν,
3071 2842 3133 2895 οὐ
3182 2843 3450 2898 παύσεται
3481 2845 3708 2915 μηνιῶν,
3747 2846 3841 2898 καὶ
3890 2862 4062 2899 κακο-

2493 2936 2662 2991 ποιῶν
2682 2939 2782 3010 τὴν
2814 2937 2969 2990 πόλιν
2998 2953 3013 2967 ·
3047 2936 3142 2990 καὶ
3163 2937 3284 2992 οὐδὲ
3325 2937 3424 3001 τὰς
3450 2938 3692 3008 κεφαλάς
3716 2941 4062 3010 συγχωρήσει

2491 3030 2616 3092 τοὺς
2633 3028 2948 3092 Γαλιλαίους
2967 3028 3112 3099 ἔχειν
3148 3045 3163 3059 ο
3186 3021 3286 3082 ὧδε
3327 3029 3436 3100 γὰρ
3476 3028 3828 3092 ἐπιτωθάζων
3875 3029 4063 3082 καλεῖν

2495 3114 2652 3169 εἴωθε
2680 3115 2803 3179 τοὺς
2838 3115 3217 3187 Χριστιανούς.
3258 3117 3448 3187 Ἐξέϐη
3473 3117 3519 3170 δ’
3537 3116 3604 3171 ἂν
3625 3119 3754 3180 ἴσως
3781 3120 3859 3182 είς
3901 3118 4063 3189 ἔργον

813 3223 881 3264 ac
922 3223 992 3264 ne
1030 3207 1429 3279 permissurum
1475 3206 1694 3277 quidem
1736 3217 1797 3260 ut
1851 3207 2058 3262 (ἱαιίιωί
2095 3207 2199 3280 (sic
2246 3208 2390 3264 enim
2419 3231 2461 3289 ο
2491 3207 2571 3278 ἠὲ

2304 3208 2390 3262 lim
2419 3231 2461 3289 ο
2491 3208 2524 3278 ἠ
2554 3205 2773 3276 ἀπειλὴ,
2798 3207 2846 3260 εἰ
2879 3207 2954 3278 μὴ
2984 3206 3177 3261 θᾶττον
3198 3207 3567 3278 ἐτελεύτησεν.
3604 3207 3757 3262 Ἐπεὶ
3785 3209 3878 3263 καὶ
3904 3211 4062 3281 παρὰ

812 3298 1161 3355 Christianos
1196 3294 1294 3369 per
1319 3298 1617 3354 ludibrium
1647 3298 1902 3370 vocabat)
1965 3301 2146 3370 capita
2171 3316 2267 3356 sua
2308 3316 2394 3355 re-

2490 3297 2590 3369 τὴν
2618 3297 2812 3370 ἀρχὴν,
2847 3299 2947 3351 οὐκ
2970 3297 3136 3351 ἐλεῶν
3165 3300 3293 3362 τοὺς
3336 3301 3718 3370 Χριστιανοὺς,
3759 3299 4065 3371 φιλανθρω-

813 3389 1076 3445 tinerent.
1126 3389 1206 3446 Ac
1253 3388 1494 3445 fortasse
1540 3389 1606 3442 ad
1638 3404 1776 3460 opus
1803 3390 1982 3461 ipsum
2016 3391 2394 3461 pervenissent
2493 3392 2571 3445 πά

2305 3398 2394 3446 ent
2493 3392 2720 3462 πότερος
2749 3390 2921 3462 ἐφάνη
2948 3391 3056 3444 τῶν
3088 3391 3320 3462 πρόσθεν
3352 3392 3656 3458 διωξάντων
3690 3392 3789 3464 τὴν
3831 3393 4063 3464 Ἐκκλη-

814 3481 998 3545 minae,
1037 3481 1148 3536 nisi
1177 3488 1356 3536 morte
1390 3489 1694 3570 praereptus
1732 3480 1954 3538 fuisset.
1988 3482 2122 3538 Nam
2150 3492 2204 3538 et
2231 3484 2386 3538 initio
2494 3482 2572 3535 σία

2311 3484 2386 3537 tio
2494 3482 2616 3535 σίαν
2645 3495 2662 3513 °
2691 3482 2808 3535 ἀλλ’
2843 3483 2908 3536 ἐκ
2929 3483 3038 3537 τῶν
3072 3485 3395 3554 φθασάντων
3425 3484 3624 3558 εὑρὼν,
3672 3485 3825 3539 οὐδὲν
3867 3486 4063 3555 ὄφελος

815 3571 1073 3644 imperii,
1125 3567 1536 3628 clementiorem
1594 3587 1654 3628 se
1705 3575 1941 3643 praebuit
1990 3576 2059 3631 iis
2097 3576 2194 3646 qui
2233 3576 2386 3646 prius
2493 3567 2570 3624 εἶν

2303 3576 2386 3630 ius
2493 3567 2632 3625 εἶναι
2659 3573 2941 3642 τιμωριῶν
2966 3573 3046 3636 είς
3085 3572 3337 3627 σύστασιν
3376 3574 3766 3646 Ἐλληνισμοῦο
3805 3576 3978 3647 ταύτῃ
4003 3577 4061 3629 δέ

815 3663 1122 3721 Ecclesiam
1153 3666 1433 3736 persecuti
1462 3663 1704 3730 fuerant,
1732 3679 1840 3721 non
1868 3669 2013 3739 quod
2039 3665 2387 3724 Christianos
2497 3661 2573 3732 μά

2304 3681 2387 3722 ros
2497 3661 2732 3732 μάλιστα
2766 3661 2837 3717 τὰ
2873 3664 3217 3734 Χριστιανῶν
3254 3665 3550 3736 ηὐξῆσθαι,
3597 3667 3691 3720 καὶ
3748 3665 4062 3736 ἐνδοξότερα

2011 3841 2286 3897 VALESII
2315 3840 2865 3899 ANNOTATIONES.

889 3960 998 4030 (65)
1040 3958 1202 4021 Μάζα
1234 3959 1386 4030 κατὰ
1405 3958 1472 4013 τὸ
1491 3959 1747 4030 πρῶτον.
1783 3957 2146 4030 Scribendum
2202 3958 2395 4030 procul

819 4026 990 4087 diluo
1047 4037 1133 4085 est
1186 4029 1423 4100 Μάζακα
1469 4026 1783 4100 τὸπρῶτον
1813 4026 2220 4100 ὀνομαζομένηξ
2259 4026 2394 4081 Nam

821 4103 1070 4157 Caesarea
1123 4098 1502 4170 Cappadocia},
1529 4097 1685 4170 prius
1737 4097 1957 4170 Mazaca
1985 4097 2310 4170 vocabatur,
2337 4104 2398 4170 ut

819 4172 1049 4225 tradunt
1084 4165 1401 4239 geographi.
1441 4165 1598 4234 Quod
1631 4169 1958 4239 vocabulum
2001 4182 2059 4239 at
2075 4165 2239 4239 Syris
2263 4166 2398 4220 indi-

819 4251 936 4294 tum
989 4234 1117 4294 milii
1141 4234 1378 4300 videtur,
1409 4237 1836 4308 quorumcoloni
1876 4234 2394 4307 suutCappadoces,

819 4319 881 4365 ut
901 4318 1133 4363 testatur
1153 4308 1480 4364 Herodotus.

897 4379 1026 4452 (66),
1042 4379 1200 4452 Ἐπεὶ
1229 4378 1298 4452 δὲ
1316 4379 1413 4452 καὶ
1433 4379 1539 4452 τὸν
1555 4376 1664 4452 τῆς
1694 4377 1885 4452 Τύχης
1905 4375 1991 4452 ξς,
2015 4383 2123 4452 etc.
2165 4373 2394 4452 Rectius

819 4448 876 4504 iu
908 4444 1097 4504 Codice
1149 4444 1447 4503 Fuketia'no
1509 4448 1717 4516 legitur,
1755 4444 1815 4498 τὺ
1869 4447 1968 4514 τῆς
2011 4444 2180 4515 τύχης
2232 4445 2261 4498 ὃ
2297 4446 2394 4515 μό-

817 4535 930 4582 νον,
957 4527 1064 4572 etc.
1091 4517 1264 4584 Quam
1307 4515 1633 4586 scripturam
1661 4515 2198 4586 Christopllorsonus
2224 4515 2390 4569 etiam

819 4602 886 4642 ιε
937 4587 1178 4642 Savilius
1234 4588 1290 4642 in
1337 4585 1662 4657 quibusdam
1721 4585 2004 4657 codicibus
2052 4590 2388 4657 reperet'ant,

819 4657 1270 4712 Subaudiendum
1309 4653 1490 4711 autem
1543 4654 1828 4725 estttzpdv.
1871 4653 2175 4725 Detemplo
2229 4653 2386 4725 Genii

2493 3956 2646 4033 talis,
2675 3961 3125 4033 eortun__sci|icet
3156 3961 3248 4033 qui
3284 3961 3336 4014 iu
3383 3954 3562 4016 ollicio
3588 3960 3968 4033 praefectorum
3996 3979 4063 4019 ac

2492 4030 3130 4100 praesidummilitabant.
3155 4031 3278 4085 Haec
3304 4030 3666 4100 postrema,si
3695 4047 3818 4085 cum
3847 4033 4060 4089 duabus

2491 4099 2615 4156 aliis
2649 4099 2984 4172 conferatur,
3014 4101 3276 4156 vilissima
3304 4099 3441 4155 erat.
3484 4100 3587 4155 Sed
3619 4117 3718 4156 cur
3746 4102 4060 4172 δαπανηράν

2491 4178 2719 4226 vocetur
2743 4169 2846 4240 hoc
2905 4177 3077 4238 genus
3124 4171 3350 4231 militiae,
3384 4187 3494 4224 non
3521 4171 3656 4240 satis
3685 4171 3861 4240 capio.
3897 4169 4057 4238 Quaa-

2493 4248 2740 4296 stuosum
2764 4239 2908 4294 enim
2942 4241 3124 4308 potius
3141 4240 3352 4294 videtur
3371 4240 3560 4296 fuisse.
3585 4239 3739 4295 Unde
3756 4239 3820 4294 ’in
3850 4241 4057 4297 Codice

2493 4307 2874 4380 Tlteodosiano
2903 4310 3196 4380 peculiaris
3224 4310 3419 4380 titulus
3448 4320 3534 4365 est
3565 4309 3640 4364 De
3673 4310 3835 4364 lucris
3874 4313 4060 4380 oﬂicio-

2490 4396 2629 4450 rum.
2663 4377 2986 4450 llujusmodi
3027 4389 3176 4434 certe
3204 4379 3462 4435 olliciales
3478 4380 3750 4450 judicum,
3780 4377 4057 4437 tam'civi-

2489 4449 2622 4504 lium
2671 4464 2834 4518 quam
2889 4447 3230 4513 militarium,
3294 4447 3708 4517 multa'exigere
3751 4451 4055 4506 solebanta

2488 4518 2976 4589 litigantibusmaut
3019 4534 3050 4572 a
3108 4520 3554 4588 provim-ialibus.
3605 4518 3846 4574 Onerosa
3874 4529 4054 4575 tamen

2487 4587 2597 4644 fuit
2615 4589 2730 4670 haec
2767 4587 2998 4670 militia:
3031 4590 3264 4670 priutum
3290 4588 3379 4670 "in
3433 4604 3499 4643 eo
3524 4589 3686 4670 quod
3717 4591 3921 4644 novelli
3959 4592 4054 4659 qui

2487 4659 2700 4728 corpori
2731 4673 2825 4713 seu
2859 4657 3085 4726 collegio
3111 4657 3418 4713 oflicialium
3456 4657 3892 4721 ascribebantur,
3938 4657 4058 4713 uiu-

820 4727 974 4806 ιιι-δῖε
999 4727 1258 4806 (ἔπεσι-θαι
1272 4723 2065 4806 cappadocia:loquitur'etiam
2087 4723 2388 4806 Gregorius
2417 4737 2466 4795 ι)
2493 4723 2640 4806 neris
2667 4743 2761 4782 seu
2804 4723 3062 4806 sportulae
3089 4727 3210 4782 loco
3230 4728 3498 4806 grandem
3522 4729 3820 4806 pecuniam
3854 4729 4056 4806 inferre

817 4793 1196 4852 Nazianzenus
1226 4796 1280 4850 in
1307 4791 1568 4850 Inuecliva
1595 4791 1768 4862 priore
1795 4794 1849 4847 in
1873 4793 2171 4859 lulianum,
2208 4791 2260 4862 p.
2283 4791 2342 4847 91
2369 4809 2384 4858 ;

819 4873 874 4919 et
904 4865 957 4918 in
997 4867 1246 4920 oratione
1279 4867 1363 4926 l9,
1398 4879 1452 4935 p.
1489 4861 1611 4920 509.
1649 4861 1786 4918 Vide
1825 4879 1947 4933 qua:
1972 4864 2168 4934 scripsi
2199 4861 2255 4917 in
2285 4877 2387 4916 an-

821 4935 1200 4990 notationibus
1221 4934 1566 4990 Eusebianis.

891 5005 1003 5076 (67)
1047 5005 1400 5076 Δαπανηρὸν
1439 5005 1537 5058 καὶ
1565 5003 1997 5057 ἐπονείδιστον.
2028 5002 2148 5076 Cur
2174 5000 2386 5055 ἐπονεί-

818 5072 1019 5137 διστον,
1045 5075 1099 5129 id
1129 5083 1212 5130 est
1229 5072 1334 5129 vile
1354 5088 1417 5128 ac
1440 5076 1764 5143 probrosum
1791 5073 2072 5143 vocaverit
2097 5073 2199 5127 hoc
2215 5087 2384 5143 genus

821 5144 1054 5214 militiae,
1101 5145 1234 5201 satis
1297 5141 1559 5214 intelligo.
1596 5143 1814 5214 Triplex
1847 5143 1991 5214 enim
2051 5141 2156 5196 fuit
2188 5142 2382 5214 militia

2491 4799 2831 4868 cogebantur
2856 4797 3114 4868 intarcarn
3157 4798 3414 4867 collegii;
3451 4798 3647 4853 deinde
3700 4798 3753 4851 in
3794 4813 3859 4852 eo
3911 4801 4054 4868 quod

2491 4865 2790 4923 sententias
2815 4865 3060 4936 judicqu
3089 4875 3143 4920 ct
3165 4865 3429 4936 praecepta
3473 4869 3856 4936 imperatorum
3896 4865 4055 4923 eisc-

2432 4979 2440 4986 .
2489 4938 2697 4992 cutioni
2723 4935 3050 4989 mandabant
3076 4935 3177 4990 suo
3208 4938 3471 5006 periculo,
3516 4938 3568 4991 id
3598 4947 3680 4991 est
3706 4938 3857 5006 gravi
3885 4941 4054 4991 multa

2489 5007 2772 5077 puniendi,
2804 5006 2908 5059 nisi
2947 5006 3276 5076 paruissent.
3318 5005 3455 5060 Hinc
3485 5008 3540 5060 in
3575 5005 3777 5060 Codice
3802 5006 4056 5061 Theodo-

2486 5078 2832 5147 sianottoties
2859 5077 3156 5144 ascriptum
3182 5077 3380 5147 legitur
3401 5078 3608 5146 legibus
3641 5077 4055 5146 imperatorum,

2487 5155 2547 5200 ut
2579 5146 2814 5201 officium
2848 5147 3139 5216 praesidum
3166 5146 3352 5202 deocm
3382 5156 3476 5200 aut
3512 5149 3698 5216 plures
3735 5147 3851 5200 auri
3887 5149 4056 5201 libras

819 5213 962 5282 apud
991 5214 1287 5269 Romanos.
1308 5211 1496 5268 Prima
1523 5221 1578 5268 et
1629 5213 2053 5266 honoratissima
2086 5221 2186 5282 est
2224 5211 2376 5282 pala-

823 5283 960 5346 tina,‘
1001 5299 1187 5340 eorum
1229 5284 1438 5340 scilicet
1461 5284 1552 5352 qui
1584 5282 1636 5336 in
1664 5283 1883 5352 palatiq
1905 5281 2374 5352 militabant.‘Se-

820 5353 998 5409 cuuda
1022 5354 1436 5410 fuitcastrensis
1454 5349 1570 5409 sive
1594 5349 1821 5407 armata.
1845 5350 2030 5408 Tertia
2047 5350 2151 5406 fuit
2175 5349 2373 5406 cohor-

2487 5217 2618 5288 tisco
2665 5216 2865 5271 inferre
2907 5225 3152 5288 cogatur,
3205 5217 3253 5271 si
3311 5218 3586 5287 quidpiam
3635 5225 3827 5271 contra
3886 5218 4054 5288 legem

2480 5287 2658 5343 facere
2687 5287 3106 5358 praesumpserit.

2255 5529 2633 5588 VARIORUM.

893 5645 914 5684 ί
958 5645 1088 5700 Ἐπὶ
1122 5645 1422 5701 Κλαυδίου
1463 5646 1777 5713 Καῖσαρος.
1825 5646 1866 5699 Α
1900 5644 2122 5698 Tiberio
2161 5643 2384 5715 imposi-
2489 5645 2651 5715 profer

2300 5643 2384 5697 νεῖ·
2489 5645 2730 5715 profecta
2766 5645 2998 5709 videtur,
3030 5652 3090 5697 ut
3121 5658 3262 5713 smpe
3286 5643 3421 5697 alias
3455 5643 3674 5715 factum,
3723 5641 3847 5696 llaec
3880 5640 4058 5715 Span-

820 5715 1006 5769 tumid
1031 5732 1433 5786 nomeu,reguo
1451 5711 1773 5786 Archelaiin
1794 5716 2125 5784 provinciam
2140 5711 2380 5786 redacto,
2489 5711 2724 5774 itemius,
2759 5717 2979 5769 dissert.
3008 5715 3062 5776 9,
3095 5715 3167 5767 De
3191 5711 3503 5786 numinum.
3524 5711 3609 5765 W.
3648 5712 3870 5786 l.owru.
3905 5712 4055 5768 Idem

821 5785 1024 5840 diserte
1077 5785 1241 5839 tradit
1298 5783 1563 5841 Eusebius
1616 5786 1670 5839 in
1700 5783 1978 5856 Chronicq.
2006 5786 2187 5856 Causa
2220 5783 2380 5856 istius
2488 5796 2540 5841 ct
2562 5787 2726 5856 Pugio
2753 5789 3127 5849 observatum,
3163 5787 3226 5840 ad
3256 5801 3384 5839 ann.
3408 5784 3532 5852 5622,
3562 5800 3614 5837 ιι.
3647 5784 3700 5837 4.

819 5856 1024 5911 erroris
1056 5871 1120 5913 ea
1155 5857 1428 5912 communi
1469 5857 1682 5927 utrique
1710 5855 1910 5912 Caesari
1936 5853 2137 5910 Tiberii
2166 5853 2383 5907 nomine
