4452 6598
811 436 951 498 1223

2267 435 2606 493 SOZOMENI

3920 434 4069 492 122$

805 561 1003 627 opibus
1046 556 1433 620 abundantem,
1489 562 1545 609 et
1591 555 1761 610 totius
1787 554 2149 626 Cappadocia:
2183 563 2385 610 metro—
2414 564 2460 618 Α
2487 551 2563 610 οὗ‹

2304 570 2385 608 r0—
2414 564 2460 618 Α
2487 551 2651 610 οὖσαν
2672 550 2767 608 τοῦ
2800 554 3179 608 Καππαδοκῶν
3225 555 3487 624 κλίματος
3532 553 3596 605 ἐκ
3626 551 3718 605 τοῦ
3758 554 4062 623 καταλόγου

808 650 999 721 polim,
1044 662 1109 703 ex
1147 647 1274 703 albo
1305 646 1591 703 civitatum
1616 647 1908 716 expunxit,
1967 655 2022 701 et
2050 660 2385 716 cognomen-

807 749 925 794 tum
953 739 1191 795 Caesaris
1235 739 1286 795 ei
1308 736 1539 803 ademit,
1577 738 1726 808 quod
1761 738 1890 793 olim
1926 748 2190 809 regnante
2223 736 2388 792 Clau-

808 832 904 887 dio
926 837 1230 897 meruerat,
1254 844 1379 884 cum
1408 828 1629 883 Mazaca
1652 827 1806 900 prius
1829 828 2127 884 diceretur.
2162 826 2297 882 Nam
2331 835 2387 883 et

806 929 969 976 antea
1021 920 1144 991 ejus
1182 919 1423 975 civitatis
1450 919 1661 975 incolas
1694 919 2022 991 gravissimo
2048 919 2175 974 odio
2198 932 2386 988 prose-

807 1010 1099 1081 quebatur,
1155 1016 1445 1079 propterea
1495 1008 1646 1079 quod
1695 1023 1886 1064 omnes
1920 1024 2058 1079 pene
2085 1007 2385 1063 Christiani

807 1108 1014 1165 essent,
1039 1108 1094 1155 et
1120 1100 1265 1171 quod
1290 1100 1401 1154 duo
1431 1099 1577 1171 apud
1608 1100 1757 1169 ipsos
1790 1100 2013 1170 templa,
2049 1097 2202 1155 Jovis
2231 1098 2383 1153 scili-

809 1202 899 1249 cet
931 1191 1182 1262 praesidis
1222 1191 1401 1257 urbis,
1442 1199 1498 1247 et
1526 1192 1797 1261 Apollinis
1839 1192 2024 1261 patrii,
2048 1189 2382 1263 jampridem

809 1283 1241 1340 destruxissent.
1288 1281 1392 1338 Ubi
1433 1298 1565 1339 vero
1621 1283 1882 1353 templum
1937 1282 2093 1337 Genii
2153 1283 2382 1353 publici,

808 1374 958 1445 quod
1009 1375 1188 1430 solum
1242 1383 1549 1444 supererat,
1592 1389 1653 1429 se
1698 1380 1967 1444 regnante
1996 1388 2024 1426 a
2054 1372 2385 1431 Christianis

809 1482 1065 1522 eversum
1100 1482 1223 1523 esse
1243 1466 1456 1533 didicit,
1480 1466 1806 1536 gravissima
1828 1465 2205 1536 indignatione
2234 1481 2384 1521 com-

811 1565 996 1611 motus
1050 1564 1137 1612 est
1168 1556 1435 1612 adversus
1475 1557 1789 1612 universam
1813 1557 2112 1611 civitatem.
2144 1556 2221 1611 Ac
2255 1572 2384 1627 gen-

810 1649 934 1705 tiles
966 1649 1187 1720 quidem
1219 1648 1313 1720 qui
1345 1650 1456 1703 illic
1486 1655 1645 1703 erant
1677 1647 1971 1703 admodum
1999 1649 2187 1719 pauci,
2224 1651 2383 1703 incu—

811 1741 954 1795 savit
983 1740 1131 1811 quod
1166 1741 1234 1796 ad
1264 1755 1422 1811 opem
1445 1739 1724 1795 ferendam
1764 1755 1872 1793 non
1901 1741 2292 1804 accurrissent,
2330 1748 2385 1795 ct

811 1833 859 1887 si
899 1830 1031 1903 quid
1061 1830 1294 1903 periculi
1323 1830 1669 1886 subeundum
1703 1840 1823 1885 erat
1867 1846 1967 1901 pro
1999 1830 2156 1886 Genii
2196 1830 2386 1885 defen-

810 1902 990 1987 sione,
1032 1902 1201 1976 alacri
1235 1921 1422 1975 animo
1467 1934 1578 1974 non
1610 1919 1989 1990 pertulissent.
2024 1919 2229 1975 Omnes
2256 1934 2385 1975 vero
2416 1902 2457 1956 Β

809 2028 943 2084 opes
999 2026 1066 2067 ac
1107 2012 1490 2083 possessiones
1528 2012 1923 2079 ecclesiarum,
1976 2017 2089 2065 tam
2152 2027 2274 2082 qua:
2327 2011 2384 2067 in

809 2107 947 2161 urbe
996 2105 1265 2169 Caesarea,
1302 2120 1465 2175 quam
1502 2119 1622 2175 quae
1662 2105 1719 2159 in
1769 2104 1968 2160 vicinis
2007 2104 2146 2160 locis
2173 2112 2383 2168 essent,

808 2197 1098 2252 tormentis
1130 2196 1367 2267 exquiri,
1393 2205 1448 2252 et
1494 2197 1550 2251 in
1583 2196 1820 2251 medium
1843 2195 2077 2268 proferri
2103 2197 2286 2267 jussit.
2320 2198 2387 2251 Et

807 2287 1099 2344 confestim
1152 2287 1373 2359 quidem
1434 2296 1715 2343 trecentas
1765 2288 1886 2341 auri
1944 2288 2114 2342 libras
2145 2288 2280 2344 fisco
2304 2289 2388 2343 in-

808 2380 966 2447 ferri,
1030 2381 1325 2437 universos
1356 2389 1538 2437 autem
1572 2381 1805 2437 clericos
1839 2379 2038 2436 referri
2093 2381 2149 2436 in
2202 2382 2385 2436 album

809 2474 977 2530 olllcii
1031 2475 1265 2530 rectoris
1296 2475 1635 2545 provinciae:
1670 2474 1817 2545 quod
1852 2474 2072 2544 quidem
2110 2475 2268 2545 185
2304 2490 2388 2545 ge-

808 2580 915 2621 nus
957 2565 1166 2619 militiae
1217 2579 1535 2629 onerosum,
1583 2572 1640 2620 et
1693 2565 1838 2619 inter
1868 2563 2148 2622 Romanos
2187 2567 2387 2622 milites

810 2658 917 2713 vile
973 2668 1136 2728 atque
1183 2657 1535 2712 inhonestum
1584 2656 1956 2712 existimatur.
2008 2656 2214 2728 Vulgus
2256 2674 2389 2714 vero

809 2748 1255 2805 Christianorum
1311 2764 1423 2803 una
1476 2762 1602 2803 cum
1665 2748 1933 2804 uxoribus
1987 2758 2043 2805 et
2074 2750 2263 2805 liberis
2289 2750 2389 2806 de-

810 2842 1025 2905 scribi,
1083 2850 1141 2897 et
1197 2841 1426 2911 perinde
1488 2854 1554 2894 ac
1603 2839 1658 2894 in
1710 2839 1888 2911 pagis,
1919 2840 2125 2895 tributa
2153 2839 2388 2911 pendere

812 2934 1092 3005 praecepit.
1145 2932 1348 2986 Addito
1376 2947 1597 3002 quoque
1636 2932 1997 3002 jurejurando
2019 2934 2259 2989 minatus
2282 2941 2385 2999 est,

2486 646 2593 701 τῶν
2622 646 2829 700 πόλεων
2871 644 3151 715 ἐξήλειψεν
3177 645 3206 696 ό
3248 644 3532 715 βασιλεύς·
3581 644 3675 697 καὶ
3723 643 3823 714 τῆς
3852 645 4063 698 ἐπωνυ-

2489 738 2618 805 μίας
2653 734 2748 789 τοῦ
2792 734 3072 805 Καίσαρος
3110 734 3381 803 ἀφείλετο,
3432 728 3502 806 ἦς
3534 733 3706 788 πάλαι
3744 735 3933 804 ἔτυχεν
3966 736 4063 787 ἐπὶ

2485 829 2750 882 Κλαυδίου
2781 827 3061 900 Καίσαρος
3080 830 3125 893 ί,
3153 826 3391 890 Μάζακα
3409 826 3471 879 τὸ
3488 827 3704 898 πρῶτον
3726 827 3836 897 (65)
3860 827 4064 898 ὀνομα-

2486 922 2708 993 ζομένη.
2772 921 2982 992 Ἐμισει
3025 920 3135 991 γὰρ
3186 919 3282 973 καὶ
3314 919 3577 990 πρότερον
3625 919 3859 985 ἐξαίσιον
3904 922 4063 990 μῖσος

2484 1016 2610 1077 τοὺς
2633 1012 2802 1083 αὐτῆς
2821 1014 3132 1083 οἰκήτορας,
3156 1010 3231 1075 ὡς
3256 1011 3531 1081 πανδημεὶ
3556 1012 4060 1083 Χριστιανίζοντας.

2486 1106 2579 1157 καὶ
2617 1103 2784 1158 πάλαι
2825 1103 3149 1168 καθελόντας
3184 1103 3309 1166 τοὺς
3339 1104 3469 1175 παρ’
3499 1103 3685 1166 αὐτοῖς
3715 1103 3871 1167 νεὼς,
3906 1106 4064 1159 πολι-

2484 1197 2642 1267 ούχου
2665 1196 2805 1261 Διὸς,
2840 1196 2935 1250 καὶ
2959 1194 3213 1268 πατρῴου
3229 1195 3580 1259 Ἀπόλλωνος.
3617 1195 3771 1248 Ἐπεὶ
3796 1196 3852 1249 δὲ
3888 1198 3981 1249 καὶ
4001 1198 4064 1251 τὸ

2484 1289 2584 1358 τῆς
2625 1288 2841 1359 Τύχης,
2872 1286 3082 1357 ὃμόνον
3133 1285 3244 1356 (66)
3285 1284 3655 1357 περιελείφθη,
3696 1285 3858 1338 αὑτοῦ
3904 1286 4062 1356 βασι-

2483 1382 2730 1442 λεύοντος
2778 1381 2914 1452 πρὸς
2965 1380 3073 1433 τῶν
3115 1378 3457 1451 Χριστιανῶν
3506 1379 3823 1449 ἀνετράπη,
3868 1379 4063 1444 δεινῶς

2486 1470 2831 1542 ἀπηχθάνετο
2859 1468 3007 1540 πάσῃ
3039 1470 3105 1539 τῇ
3140 1468 3313 1533 πόλει,
3345 1467 3441 1520 καὶ
3470 1467 3774 1539 ἐδυσφόρει.
3798 1469 3907 1522 Καὶ
3924 1470 4060 1523 Ἕλ-

2484 1562 2650 1631 ληνας
2692 1559 2810 1629 μὲν,
2854 1560 2981 1622 τοὺς
3021 1558 3180 1621 ὄντας
3216 1556 3619 1628 εὐαριθμήτους
3667 1559 3835 1628 μάλα,
3883 1560 4063 1631 ἐμέμ-

2487 1671 2636 1723 φετο,
2676 1652 2752 1714 ὡς
2792 1650 2866 1721 μὴ
2913 1651 3312 1717 ἐπαμύνοντας,
3362 1651 3454 1703 καὶ
3495 1652 3545 1702 εί
3590 1651 3781 1703 παθεῖν
3823 1651 3930 1704 ἔδει
3979 1670 4059 1716 τι,

2488 1739 2780 1813 προθύμως
2829 1738 2969 1810 ὑπὲρ
3017 1740 3116 1809 τῆς
3169 1737 3349 1809 Τύχης
3398 1739 3813 1809 ὑπομείναντας.
3870 1742 4059 1797 Πάντα

2486 1834 2543 1886 δὲ
2602 1832 2671 1885 τὰ
2713 1831 2967 1902 κτήματα
3016 1832 3111 1885 καὶ
3144 1832 3234 1884 ατὰ
3280 1833 3539 1903 χρήματα
3582 1834 3689 1885 τῶν
3736 1834 3794 1886 ὲν
3842 1834 4058 1887 Καισα-

2488 1924 2609 1995 ρείᾳ
2640 1926 2733 1977 καὶ
2770 1923 2875 1976 ὑπὸ
2897 1923 3023 1986 τοὺς
3053 1921 3225 1991 αὐτῆς
3252 1921 3411 1993 ὅρους
3445 1922 3771 1992 ἐκκλησιῶν,
3819 1923 4060 1993 ἐρευνώ-

2489 2032 2626 2086 μενα
2679 2014 2816 2086 μετὰ
2862 2012 3129 2085 βασάνων,
3169 2014 3249 2077 εἰς
3296 2013 3459 2083 μέσον
3496 2014 3756 2085 φέρεσθαι
3789 2014 4062 2086 προσέτα-

2488 2108 2595 2174 ξεν.
2644 2109 2851 2163 Αὐτίκα
2891 2108 2948 2162 δὲ
3001 2108 3315 2180 τριακοσίας
3367 2106 3561 2179 λίτρας
3601 2108 3807 2178 χρυσοῦ
3840 2107 3916 2177 τῷ
3956 2124 4060 2161 τα-

2490 2201 2625 2272 μείῳ
2650 2200 2861 2254 ὲκτίσαι
2879 2217 2894 2231 ο
2949 2200 3245 2271 κληρικοὺς
3269 2198 3327 2252 δὲ
3366 2198 3575 2262 πάντας
3601 2200 3948 2270 ἐγγραφῆναι
3977 2199 4060 2269 τῷ

2487 2294 2774 2365 καταλόγῳ
2817 2293 2927 2347 τῶν
2967 2294 3070 2347 ὑπὸ
3112 2294 3205 2347 τὸν
3249 2294 3487 2365 ἄρχοντα
3527 2293 3622 2348 τοῦ
3666 2294 3852 2357 ἔθνους
3894 2312 4063 2364 στρα-

2486 2385 2693 2439 τιωτῶν
2730 2401 2742 2413 ⁸
2785 2384 2814 2438 ὃ
2866 2384 3176 2456 δαπανηρὸν
3221 2382 3359 2441 εἶναι
3414 2387 3618 2459 σφόδρα
3663 2388 3757 2440 καὶ¹
3796 2388 4063 2441 ἐπονείδι-

2489 2494 2612 2530 στον
2638 2478 2751 2549 (67)
2778 2478 2834 2531 ὲν
2855 2479 2975 2541 ταῖς
3003 2476 3111 2531 τῶν
3138 2478 3421 2548 Ῥωμαίων
3442 2481 3719 2550 στρατιαῖς
3753 2480 4055 2549 νομίζεται.

2488 2570 2562 2622 Τὸ
2588 2569 2644 2622 δὲ
2672 2568 2871 2639 πλῆθος
2898 2568 3005 2622 τῶν
3028 2569 3367 2640 Χριστιανῶν
3387 2571 3483 2623 σὺν
3507 2570 3719 2638 γυναιξὶ
3746 2570 3841 2623 καὶ
3868 2570 4059 2622 παισὶν

2486 2661 2933 2732 ἀπογράψασθαι,
2968 2661 3063 2715 καὶ
3091 2661 3343 2733 καθάπερ
3370 2664 3429 2716 ὲν
3458 2665 3580 2726 ταῖς
3607 2661 3821 2732 κώμαις
3858 2664 4060 2734 φόρους

2486 2754 2661 2806 τελεῖν
2683 2769 2698 2784 ⁸
2762 2753 2983 2824 ἔνορκον
3037 2753 3096 2806 δὲ
3146 2753 3462 2824 ἠπείλησεν,
3490 2754 3567 2817 ὡς
3603 2755 3651 2807 εί
3690 2754 3765 2826 μὴ
3795 2755 3959 2825 τάχος
3986 2756 4060 2809 τά

2490 2842 2611 2914 ἱερὰ
2653 2842 3025 2913 ἀνεγείρωσιν,
3067 2841 3128 2893 ού
3177 2842 3445 2896 παύσεται
3477 2843 3703 2913 μηνιῶν,
3743 2845 3837 2896 καὶ
3886 2861 4057 2897 κακο-

2488 2935 2657 2989 ποιῶν
2678 2937 2777 3008 τὴν
2810 2935 2964 2988 πόλιν
2994 2952 3008 2966 ο
3043 2935 3137 2989 καὶ
3158 2936 3279 2990 οὐδὲ
3320 2935 3419 2999 τὰς
3445 2936 3686 3006 κεφαλὰς
3712 2939 4059 3007 συγχωρήσει

810 3025 921 3083 nisi
964 3025 1371 3097 quamprimum
1425 3024 1627 3094 templa
1683 3026 2103 3087 instaurassent,
2150 3041 2209 3082 se
2264 3027 2386 3082 urbi
2487 3028 2568 3082 τοῐΙ

2304 3027 2386 3082 rbi
2487 3028 2611 3091 τοὺς
2629 3026 2943 3090 Γαλιλαίους
2963 3026 3108 3097 ἔχειν
3144 3020 3281 3081 ’ὧδε
3323 3027 3431 3099 γὰρ
3472 3027 3824 3090 ἐπιτωθάζων
3870 3028 4059 3080 καλεῖν

809 3130 1143 3173 succensere
1199 3130 1435 3185 eamque
1482 3116 1796 3185 opprimere
1839 3130 1949 3170 non
2001 3115 2381 3173 destiturum:
2490 3113 2567 3167 εἴα

2301 3132 2334 3170 n
2368 3135 2381 3173 :
2490 3113 2647 3167 εἴωθε
2676 3114 2798 3178 τοὺς
2834 3113 3212 3185 Χριστιανούς.
3253 3115 3443 3185 Ἐξέϐη
3469 3116 3514 3168 δ’
3532 3115 3598 3169 ἂν
3620 3118 3749 3178 ἴσως
3775 3118 3854 3180 εἰς
3897 3116 4059 3187 ἔργον

808 3221 876 3262 ac
917 3222 987 3262 ne
1026 3206 1425 3277 permissurum
1470 3204 1690 3275 quidem
1732 3215 1792 3258 ut
1847 3206 2053 3261 Galilaei
2091 3206 2194 3278 (sic
2241 3207 2385 3262 enim
2414 3229 2457 3287 ο
2486 3206 2566 3276 ἠὲ

2300 3207 2385 3260 lim
2414 3229 2457 3287 ρ
2486 3206 2520 3276 ἡ
2550 3204 2767 3275 ἀπειλὴ,
2794 3206 2841 3258 εἰ
2874 3205 2950 3276 μὴ
2980 3204 3172 3259 θᾶττον
3194 3206 3562 3276 ἐτελεύτησεν.
3599 3206 3751 3260 Ἐπεὶ
3780 3208 3873 3261 καὶ
3900 3210 4058 3279 παρᾶ

808 3296 1156 3353 Christianos
1191 3292 1288 3367 per
1314 3297 1612 3352 ludibrium
1643 3296 1898 3369 vocabat)
1960 3299 2141 3368 capita
2166 3314 2262 3354 sua
2304 3315 2389 3353 re-
2486 3296 2566 3367 rip

2304 3315 2389 3353 re-
2486 3296 2585 3367 τὴν
2613 3296 2807 3368 ἀρχὴν,
2842 3297 2942 3349 οὐκ
2966 3295 3131 3349 ἐλεῶν
3160 3298 3287 3361 τοὺς
3331 3299 3713 3369 Χριστιανοὺς,
3754 3298 4061 3369 φιλανθρω-

809 3388 1071 3443 tinerent.
1122 3387 1202 3444 Ac
1249 3387 1489 3443 fortasse
1536 3387 1603 3441 ad
1634 3403 1772 3458 opus
1800 3389 1978 3459 ipsum
2011 3390 2389 3459 pervenissent
2488 3390 2567 3443 πά

2302 3396 2389 3444 ent
2488 3390 2715 3460 πότερος
2745 3389 2916 3461 ἐφάνη
2943 3389 3051 3443 τῶν
3084 3390 3315 3461 πρόσθεν
3347 3390 3651 3455 διωξάντων
3685 3391 3783 3462 τὴν
3827 3392 4060 3462 Ἐκκλη-

810 3479 993 3543 mina,
1032 3480 1144 3534 nisi
1173 3487 1351 3534 morte
1385 3488 1689 3568 praereptus
1729 3478 1949 3537 fuisset.
1984 3480 2117 3536 Nam
2146 3490 2200 3536 et
2226 3482 2381 3537 initio
2490 3480 2568 3533 σία

2307 3482 2381 3535 tio
2490 3480 2612 3568 σίαν
2640 3494 2657 3511 ⁸
2686 3480 2803 3533 ἀλλ’
2838 3482 2903 3533 ὲκ
2924 3481 3034 3535 τῶν
3067 3483 3390 3552 φθασάντων
3420 3482 3619 3555 εὑρὼν,
3668 3484 3820 3537 οὐδὲν
3864 3484 4060 3553 ὄφελος

810 3570 1068 3642 ilnperii,
1120 3565 1531 3627 clementiorem
1590 3586 1650 3626 se
1700 3573 1937 3641 przebuit
1985 3574 2054 3629 iis
2093 3574 2188 3644 qui
2228 3575 2381 3644 prius
2489 3565 2565 3622 εῖν

2301 3575 2381 3628 ius
2489 3565 2627 3623 εἶναι
2654 3571 2936 3640 τιμωριῶν
2961 3572 3041 3634 εἰς
3080 3571 3332 3626 σύστασιν
3372 3573 3761 3644 Ἐλληνισμοῦο
3800 3574 3973 3645 ταύτῃ
3998 3575 4059 3627 δὲ

811 3662 1117 3719 Ecclesiam
1148 3665 1428 3734 persecuti
1458 3662 1699 3728 fuerant,
1729 3678 1835 3719 non
1864 3667 2008 3737 quod
2035 3664 2382 3722 Christianos
2493 3660 2569 3731 μά

2301 3680 2382 3720 nos
2493 3660 2727 3731 μάλιστα
2762 3660 2831 3715 τὰ
2868 3662 3212 3732 Χριστιανῶν
3249 3664 3545 3735 ηὐξῆσθαι,
3593 3665 3685 3718 καὶ
3744 3664 4059 3734 ἐνδοξότερα

2006 3839 2281 3895 VALESII
2311 3839 2860 3897 ANNOTATIONES.

884 3959 994 4028 (65)
1035 3957 1197 4019 Μάζα
1230 3957 1467 4011 κατὰτὸ
1487 3957 1742 4028 πρῶτον.
1779 3956 2141 4028 Scribendum
2198 3956 2390 4028 procul

814 4024 985 4085 dtliio
1043 4036 1128 4083 est
1182 4028 1418 4091 Μάζακα
1465 4024 1537 4080 es
1563 4026 1779 4097 πρῶτον
1809 4024 2215 4097 όνομαζομένηξ
2254 4024 2389 4079 Nam

816 4100 1065 4154 Caesarea
1118 4097 1497 4168 Cappadocia},
1524 4096 1681 4168 prius
1733 4096 1953 4168 Mazaca
1981 4096 2306 4168 vocabatur.
2332 4102 2393 4168 ut

814 4170 1044 4223 tradunt
1080 4164 1396 4237 geographi.
1436 4164 1593 4232 Quod
1627 4167 1953 4237 vocabulum
1996 4180 2054 4237 a_
2070 4164 2234 4237 Syris,
2261 4164 2394 4218 iudi-

815 4248 931 4293 tum
984 4232 1373 4307 miliividetur.
1404 4236 1832 4307 quorumcoloni
1871 4244 1999 4290 sunt
2018 4232 2389 4305 Cappadoces,

815 4318 876 4363 ut
897 4316 1129 4361 testatur
1148 4306 1475 4362 Herodotus.

892 4377 1006 4444 (66)
1037 4378 1195 4431 Ἐπεὶ
1226 4376 1294 4429 δὲ
1312 4377 1409 4444 καὶ
1429 4377 1534 4430 τὸν
1550 4374 1659 4441 τῆς
1689 4375 1880 4443 Τύχης
1900 4373 1986 4439 ὅς,
2011 4380 2119 4444 etc.
2162 4371 2389 4428 Rectius

814 4447 871 4503 in
903 4441 1092 4502 codice
1144 4441 1442 4501 Fuketia'no
1505 4446 1700 4514 legitur
1751 4441 1811 4496 τὸ
1865 4445 1963 4511 τῆς
2007 4442 2175 4513 τύχης
2228 4444 2257 4495 ὂ
2292 4444 2389 4513 μό-

813 4534 925 4580 νον,
952 4526 1060 4571 etc.
1087 4516 1260 4582 Quam
1303 4517 1629 4584 scripturam
1657 4514 2193 4582 Christophorsonus
2219 4514 2385 4567 etiam

814 4585 1172 4668 £:_Savilius
1230 4586 1285 4640 in
1332 4583 1674 4668 quibusdam.
1717 4583 1999 4668 codicibus
2048 4588 2383 4668 repenti-ant:
2482 4583 2594 4642 fuit
2611 4588 2725 4668 haec
2763 4585 2993 4668 militia:
3027 4583 3259 4668 priurum
3285 4587 3374 4668 __in
3429 4602 3495 4641 eo
3519 4588 3681 4668 quod
3712 4589 3915 4642 novelli
3955 4591 4051 4658 qui

815 4650 1486 4726 Subaudiendumkautem
1538 4653 1824 4726 εει-ἱερόν.
1867 4650 2170 4726 Βελιθηηῄο
2225 4650 2382 4726 Ge‘nii
2482 4657 2695 4726 corpori
2726 4671 2820 4710 seu
2854 4650 3080 4725 collegio
3107 4655 3413 4711 oilicialium
3452 4650 3887 4719 ascribebantur,
3934 4650 4055 4712 uiu-

816 4726 969 4796 p‘rbis
995 4725 1253 4796 Cmsareae
1267 4721 2061 4796 Cappadocia:loQuituretiam
2083 4721 2384 4796 Gregorius
2413 4735 2462 4793 ι)
2489 4721 2635 4782 neris
2662 4741 2756 4781 seu
2799 4721 3057 4793 sportula:
3085 4726 3206 4780 loco
3236 4726 3493 4796 grandem
3532 4727 3814 4795 pecuniam
3849 4727 4053 4783 inferre

812 4792 1191 4866 Nazianzenus
1222 4795 1275 4849 iu
1301 4790 1763 4866 Iniectivarprjore
1791 4793 1844 4845 in
1870 4791 2166 4866 lulianum,
2196 4790 2255 4866 p.
2279 4790 2337 4845 9f
2364 4807 2380 4857 ;
2416 4790 2447 4793 “
2487 4811 2570 4865 σοί

2292 4790 2380 4857 Μς
2416 4790 2447 4793 ”
2487 4790 2903 4866 cogebantttr'in
2929 4810 3110 4848 arcam
3153 4790 3365 4865 collegii
3396 4813 3410 4861 ;
3447 4790 3643 4851 deinde
3695 4797 3748 4849 in
3789 4812 3854 4850 eo
3906 4800 4050 4866 quod

814 4872 869 4918 et
899 4864 952 4917 in
993 4866 1241 4934 oratione
1274 4866 1358 4925 l9,
1393 4878 1447 4932 p.
1484 4860 1606 4919 509.
1645 4860 1781 4916 Vide
1821 4877 1942 4931 qua:
1967 4862 2164 4932 scripsi
2195 4863 2251 4915 in
2280 4875 2382 4914 an-
2487 4860 2786 4921 sententias
2810 4864 3055 4933 judicum
3085 4874 3138 4918 ct
3160 4860 3423 4934 prteccpta
3468 4867 3851 4934 imperatorum
3891 4860 4051 4921 eise-

816 4935 1195 5005 notationibus
1216 4933 1583 5005 Eusebianisa
1755 5002 1793 5005 _
2042 5000 2071 5005 _
2172 5002 2184 5005 _
2340 4999 2352 5005 _
2428 4977 2436 4984 .
2485 4933 3171 4989 cutionimandabantsuo
3204 4936 3466 5005 periculo,
3512 4937 3563 4989 id
3593 4946 3676 4990 est
3702 4937 3852 5005 gravi
3880 4939 4050 4989 multa

887 5004 997 5073 (67)
1042 5003 1395 5075 Δραπανηρὸν
1435 5004 1533 5056 καὶ
1560 5002 1993 5055 ἐπονείδιστον.
2023 5000 2143 5075 Cur
2170 4999 2382 5053 ἐπονεί-
2484 5006 2645 5075 punie

2292 4999 2382 5052 ἐί-
2484 5005 2767 5075 puniendi,
2799 5005 2904 5057 nisi
2943 4999 3271 5074 paruissent.
3313 5004 3450 5058 Hinc
3481 5006 3535 5059 in
3571 4999 3772 5059 Codice
3797 5005 4050 5059 Theodo-

813 5071 1014 5145 διστον,
1040 5074 1093 5128 id
1124 5082 1207 5145 est
1224 5071 1329 5127 vile
1350 5087 1417 5145 ac
1436 5075 1759 5145 probrosum
1786 5071 2070 5145 voca_verit_
2092 5071 2195 5145 hoc
2210 5085 2379 5145 genus
2482 5071 2827 5145 sianototies
2854 5071 3151 5142 ascriptum
3177 5075 3374 5145 legitur
3397 5076 3604 5144 legibus
3637 5076 4050 5144 imperatorum,

816 5143 1048 5214 militiae,
1096 5144 1229 5199 satis
1292 5140 1554 5214 intelligo.
1591 5142 1809 5214 Triplex
1843 5141 1987 5214 enim
2047 5140 2151 5195 fuit
2183 5140 2378 5214 militia
2483 5154 2542 5197 ut
2575 5144 2809 5199 oﬂicium
2843 5140 3134 5213 praesidum
3161 5140 3347 5199 decem
3378 5140 3471 5198 aut
3508 5147 3692 5214 plures
3714 5140 3846 5198 'auri
3882 5147 4052 5199 libras

814 5211 957 5286 apud
986 5210 1491 5286 Romanos._i?rima'
1519 5220 1589 5286 e_t_
1625 5211 2049 5286 honoratissima
2076 5220 2182 5286 _est
2220 5210 2371 5286 pala-
2483 5216 2613 5286 fisco
2660 5210 2861 5269 inferre
2903 5224 3147 5286 cogatur,
3200 5216 3248 5269 si
3306 5210 3581 5285 quidpiam
3631 5224 3821 5269 contra
3881 5217 4049 5286 legem

818 5279 955 5355 tina,
996 5298 1182 5355 eorum
1224 5284 1433 5355 scilicet
1456 5283 1547 5355 qui
1580 5281 1631 5335 in
1659 5281 1882 5355 palatio_
1901 5279 2370 5355 militab_ant._Se-
2476 5285 2654 5341 facere
2683 5279 3102 5355 praesumpserit.

815 5352 993 5408 cunda
1017 5354 1119 5408 fuit
1134 5354 1431 5409 castrensis
1450 5348 1566 5408 sive
1589 5348 1816 5406 armata.
1841 5348 2025 5406 Tertia
2042 5349 2146 5404 fuit
2170 5348 2368 5404 cohor-

2488 3958 2641 4031 talis,
2670 3960 3120 4031 coruinuscilicet
3151 3959 3243 4031 qui
3280 3959 3331 4012 in
3379 3952 3557 4014 ofiicio
3584 3959 3963 4031 praefectorum
3992 3977 4060 4017 ac

2488 4029 2776 4098 praesidum
2796 4028 3125 4083 militabant.
3150 4029 3273 4083 Hmc
3299 4028 3661 4098 postrema,si
3691 4046 3813 4083 cum
3843 4032 4057 4087 duabus

2487 4099 2610 4153 aliis
2644 4098 2979 4170 conferatur,
3010 4099 3271 4154 vilissima
3299 4108 3436 4153 erat.
3479 4098 3582 4153 Sed
3615 4116 3713 4154 cur
3741 4101 4058 4170 δαπανηράν

2486 4177 2715 4223 vocetur
2739 4168 2841 4221 hoc
2901 4176 3072 4237 genus
3119 4170 3344 4229 militiae,
3379 4185 3489 4222 non
3516 4170 3652 4225 satis
3681 4170 3856 4238 capio.
3892 4168 4055 4236 Quae-

2488 4246 2735 4294 stuosum
2759 4238 2903 4292 enim
2938 4239 3119 4305 potius
3137 4238 3347 4292 videtur
3366 4238 3555 4295 fuisse.
3580 4238 3734 4293 Unde
3762 4242 3814 4293 in
3845 4239 4055 4295 Codice

2488 4306 2869 4379 Tlteodosiano
2898 4308 3191 4379 peculiaris
3219 4308 3414 4379 tituius
3444 4319 3529 4363 est
3560 4308 3635 4362 De
3668 4309 3830 4362 lucris
3870 4312 4057 4379 ofﬁcio-

2486 4394 2624 4449 rum.
2658 4375 2989 4449 Hujusmodi
3022 4387 3171 4432 certe
3200 4377 3745 4449 oilicialesjudicum,
3775 4386 3883 4431 tam
3901 4375 4054 4435 "civi-

2485 4448 2616 4502 lium
2667 4462 2830 4515 quam
2884 4446 3225 4511 militarium,
3290 4448 3456 4501 multa
3476 4446 3703 4516 exigere
3746 4450 4051 4503 solebanta

2484 4516 2972 4588 litigantibus___aut
3015 4533 3044 4570 a
3104 4519 3549 4588 provincialibus.
3600 4517 3841 4573 Onerosa
3870 4528 4052 4573 tamen

2251 5528 2627 5586 VARIORUM.

888 5644 909 5681 ⁸
954 5644 1083 5698 Ἐπὶ
1118 5644 1417 5699 Κλαυδίου
1458 5644 1772 5711 Καῖσαρος.
1821 5645 1861 5697 Α
1895 5643 2117 5697 Tiberio
2157 5641 2379 5713 imposi-
2484 5643 2646 5713 proice

2294 5642 2379 5695 lSi-
2484 5643 2725 5713 profer-ta
2762 5644 2994 5707 videtur,
3026 5650 3086 5695 ut
3117 5657 3257 5711 smpc
3282 5641 3416 5695 alias
3451 5641 3669 5713 factum.
3719 5639 3842 5693 lizcc
3876 5639 4052 5713 Span-

816 5714 1002 5785 tumid
1026 5731 1428 5785 uonieu,reguo
1446 5709 1768 5785 Archelaiin
1789 5714 2120 5782 provinciam
2135 5709 2376 5785 reducto,
2484 5709 2719 5773 itemius,
2754 5715 2974 5767 dissert.
3004 5714 3057 5774 9,
3091 5713 3163 5765 De
3186 5709 3499 5785 uuniisuuit._
3520 5709 3604 5763 W.
3644 5710 3866 5785 l_.0\v'ru.
3900 5710 4049 5766 Idem

817 5784 1020 5839 diserte
1072 5784 1236 5838 tradit
1293 5782 1558 5840 Eusebius
1611 5785 1666 5837 in
1696 5783 1974 5854 Chronico;
2005 5784 2183 5854 Causa
2215 5782 2375 5854 istius
2483 5794 2535 5839 et
2558 5785 2721 5854 Pugio
2748 5787 3122 5847 obSCI'vututtt,
3159 5786 3221 5837 ad
3252 5799 3379 5837 aut).
3404 5782 3527 5849 562,
3558 5798 3609 5835 n.
3643 5782 3695 5835 4.

814 5855 1019 5910 erroris
1051 5870 1115 5911 ex
1150 5856 1423 5910 communi
1464 5856 1677 5925 utrique
1705 5854 1905 5910 Caesari
1932 5852 2132 5908 Tiberii
2161 5851 2378 5905 nomine
