4452 6598
381 485 519 540 ίὲτέὅ

1347 472 1669 529 HISTORIA
1714 467 2268 529 I‘ICCI.E5|ASTIC.\.
2409 473 2533 530 LIB.
2584 475 2641 529 V.

3497 487 3631 541 I226

378 599 709 671 γεγενῆσθαι
747 601 812 668 τῇ
859 596 1084 668 ἀνδρείᾳ
1111 595 1218 649 τῶν
1255 595 1342 649 διά
1370 595 1431 647 τὸ
1459 595 1638 665 δόγμα
1663 593 1953 648 ἀποθανεῖν
1985 600 2028 655 Λ
2060 596 2128 650 mi

1878 597 1953 647 εῖν
1985 600 2028 655 Α
2060 596 2468 650 miseraretur:
2517 595 2611 652 sed
2669 595 2930 665 quoniam
2988 612 3050 652 ex
3115 597 3408 667 praeteritis
3473 601 3636 657 rebus

377 693 672 762 ἑλομένων.
689 691 854 744 Ὅθεν
878 689 1035 759 δόξης
1067 689 1249 751 αὐτοῖς
1273 687 1504 757 φθονῶν,
1531 690 1592 742 οὑ
1623 688 1956 760 φειδόμενος,

380 785 514 854 πυρὶ
549 784 645 854 μὲν
697 782 728 852 ἢ
763 781 968 853 σιδήρῳ
1011 781 1148 850 (68),
1179 781 1212 852 ἢ
1249 783 1362 844 τοῖς
1389 779 1481 834 τοῦ
1523 778 1774 851 σώματος
1815 782 1959 834 αἰκι-

382 877 561 945 σμοῖς,
597 874 630 944 ἢ
669 873 748 944 τῷ
790 872 1232 937 καταποντῶσαι,
1290 873 1386 925 καὶ
1433 871 1644 936 ζῶντας
1695 871 1961 942 κατορὺτ·

377 983 514 1030 τειν,
543 965 578 1018 ἃ.
606 964 666 1017 τὸ
689 965 808 1033 τρ“ιν
834 963 1217 1028 ἐσπουδάζετο,
1249 964 1348 1016 οὐκ
1370 963 1664 1032 ἀναγκαῖον
1704 958 1842 1016 εἶδεν
1881 965 1961 1028 εἰς

385 1060 715 1131 μετάστασιν
747 1057 970 1127 γνώμης
999 1074 1011 1087 ·
1064 1057 1208 1128 λόγῳ
1239 1057 1294 1109 δὲ
1323 1058 1415 1110 καὶ
1453 1055 1809 1127 παραινέσεσι
1842 1074 1905 1109 πε
1919 1057 1961 1109 ί-

384 1154 707 1223 θεινήγεῖτο
735 1151 803 1204 τά
841 1151 1020 1221 πλήθη
1065 1153 1144 1214 είς
1197 1149 1551 1220 Ἐλληνισμὸν
1601 1147 1921 1218 μεταϐαλεῖν
1946 1166 1957 1178 ·

383 1246 478 1298 καὶ
507 1245 601 1298 τοῦ
634 1244 836 1298 σκοποῦ
869 1242 1216 1314 περιέσεσθαι
1245 1242 1462 1314 ῥᾳδίως,
1495 1244 1544 1295 εί
1570 1241 1859 1312 βιάσασθαι
1886 1242 1962 1314 μὴ

384 1336 619 1401 ἀξιώσας
651 1335 785 1405 (69),
829 1338 893 1388 ἐκ
932 1334 1238 1404 παραδόξου
1279 1334 1660 1405 φιλάνθρωπός
1691 1351 1772 1398 τις
1823 1331 1962 1387 εἶναι

382 1427 522 1490 δόξει
561 1429 686 1496 περὶ
719 1426 933 1490 αὐτούς.
971 1426 1201 1493 Λέγεται
1239 1426 1369 1494 γοῦν
1405 1426 1693 1496 πυθομένῳ
1719 1426 1867 1496 αὑτῷ
1909 1428 1964 1478 ὲν

386 1520 1013 1581 Κωνσταντινουπόλεως
1035 1518 1224 1588 τειχίῳ
1247 1518 1358 1587 (70)
1392 1517 1754 1588 προσελθόντα
1782 1518 1964 1588 Μάριν

384 1611 474 1663 τὸν
505 1611 846 1682 Χαλκηδόνος
872 1611 1202 1676 ἐπίσκοπον,
1244 1612 1413 1680 ἀσεϐῆ
1450 1627 1507 1663 τε
1541 1613 1776 1681 δημοσίᾳ
1813 1610 1966 1680 ὑϐρί-

387 1720 497 1766 σαι,
531 1705 624 1756 καὶ
656 1704 812 1757 ἄθεον
855 1704 947 1757 καί)⁸
979 1704 1305 1774 παραϐάτην
1334 1704 1669 1757 ἀποκαλέσαι
1699 1703 1842 1774 (71)·
1875 1703 1965 1756 τὸν

385 1793 463 1856 δὲ,
499 1795 668 1862 μόνην
699 1794 847 1864 αὐτῷ
885 1794 1140 1846 ὀνειδίσαι
1183 1793 1280 1865 τὴν
1320 1793 1594 1861 τύφλωσιν
1625 1809 1638 1823 ·
1674 1793 1778 1846 ὑπὸ
1819 1811 1966 1864 χειρ-

385 1876 586 1954 ἀγωγῷ
615 1886 723 1956 γάρ
767 1886 1032 1956 ἐληλύθει,
1062 1887 1241 1957 γέρων
1278 1885 1353 1938 ὢν
1380 1887 1473 1939 καὶ
1506 1887 1634 1948 τοὺς
1657 1886 1966 1956 ὀφθαλμοὺς

387 1978 811 2046 ὑποκεχυμένος.
858 1979 1009 2030 Ἐπεὶ
1061 1979 1117 2032 δὲ
1163 1979 1259 2031 καὶ
1303 1976 1685 2042 ἐπισκώπτων,
1730 1973 1820 2031 οἷά
1859 1995 1962 2046 περ
1998 1954 2039 2008 Β

386 2067 585 2133 εἰώθει,
624 2071 704 2132 εἰς
755 2071 846 2122 τὸν
879 2070 1112 2139 Χριστὸν
1157 2070 1512 2142 βλασφημῶν,
1551 2071 1683 2124 Οὐδὲ
1725 2072 1754 2123 ὁ
1794 2071 1961 2124 Ταλι-

387 2160 532 2223 λαῖός
572 2178 665 2214 σου
690 2162 842 2226 Θεὸς,
876 2162 1016 2229 εἷπε,
1052 2163 1379 2234 θεραπεύσει
1411 2181 1469 2217 σε
1497 2181 1510 2195 °
1537 2162 1822 2217 ὑπολαϐὼν
1844 2163 1962 2217 Μά-

391 2269 495 2320 ρις,
522 2253 664 2306 Ἀλλ’
692 2254 803 2322 ἐγὼ
823 2257 981 2326 χάριν
1007 2255 1114 2325 ἔχω
1136 2255 1213 2325 τῷ
1233 2256 1351 2326 Θεῷ
1371 2274 1472 2327 μου
1495 2258 1595 2327 τῆς
1614 2255 1958 2325 τυφλώσεως,

388 2345 514 2416 ἔφη,
532 2345 617 2397 ἵνα
641 2347 712 2415 μή
729 2364 788 2398 σε
808 2347 1089 2417 θεάσωμαι
1117 2348 1217 2418 τῆς
1253 2349 1532 2412 εὐσεϐείας
1548 2349 1962 2403 ἐκπεπτωκότα.

393 2437 499 2487 Καὶ
531 2439 558 2488 ὁ
595 2436 849 2506 βασιλεὺς
905 2439 1068 2508 μηδὲν
1120 2439 1547 2510 ἀποκρινόμενος
1594 2440 1962 2510 παρέδραμεν.

394 2527 550 2595 ᾭετο
583 2527 690 2596 γὰρ
724 2528 894 2598 ταύτῃ
927 2528 1147 2597 μᾶλλον
1170 2529 1522 2600 Ἐλληνισμὸν
1553 2530 1834 2599 κρατύναι,
1879 2530 1971 2582 ἀν-

389 2618 640 2683 εξίκακον
665 2621 757 2672 καὶ
783 2623 956 2691 πρᾶον
975 2622 1250 2693 ἀδοκήτως
1269 2622 1348 2692 τῷ
1373 2623 1566 2694 πλήθει
1587 2623 1969 2693 τῶνΧριστια-

388 2706 492 2758 νῶν
518 2708 708 2762 ἑαυτὸν
739 2710 1066 2773 ἐπιδεικνύς.

2059 685 2496 754 deprehenderat
2552 686 2691 740 nihil
2747 687 3012 757 prodesse
3051 689 3321 758 supplicia
3373 689 3439 745 ad
3501 704 3635 745 cou-

2063 777 2388 832 ﬁrmandam
2446 780 2734 849 gentilium
2797 779 3122 850 religionem
3159 800 3172 835 :
3215 783 3325 837 imo
3370 798 3502 839 vero
3545 799 3636 839 res

2061 867 2503 925 Christianorum
2535 885 2598 926 ea
2635 872 2982 942 potissimum
3010 875 3222 931 ratione
3260 882 3453 932 auctas
3491 893 3632 940 esse,

2061 961 2344 1030 multoque
2404 976 2570 1032 quam
2630 963 2782 1032 prius
2831 964 3165 1021 illustriores
3223 967 3524 1033 exstitisse,
3564 969 3638 1023 oh

2062 1051 2438 1108 fortitudinem
2485 1068 2673 1108 eorum
2723 1057 2816 1126 qui
2875 1056 3158 1126 religionis
3193 1073 3363 1114 causa
3403 1069 3634 1115 mortem

2061 1154 2323 1216 oppetere
2354 1161 2465 1202 non
2502 1146 2871 1204 dubitassem.
2905 1149 3179 1216 Quocirca
3215 1152 3466 1208 invidens
3521 1153 3640 1224 glo-

2062 1241 2156 1295 ria:
2178 1239 2649 1306 Christianorum,
2681 1256 2793 1296 non
2832 1251 3012 1298 autem
3048 1242 3119 1299 iis
3149 1259 3404 1314 parcens,
3427 1260 3640 1316 nequa-

2062 1347 2227 1402 quam
2266 1333 2642 1388 necessarium
2678 1347 2803 1388 esse
2824 1335 3157 1390 existimavit
3193 1335 3260 1390 ad
3292 1350 3388 1392 eos
3420 1336 3488 1391 de
3517 1351 3642 1392 sen—

2063 1425 2236 1479 tentia
2275 1425 2651 1489 deducendos,
2709 1427 2836 1496 igne
2897 1441 2963 1480 ac
3024 1425 3177 1482 ferro
3235 1436 3289 1484 et
3343 1442 3640 1500 corporum

2064 1513 2404 1568 cruciatibus
2444 1515 2546 1579 uti,
2571 1530 2673 1569 nec
2714 1515 2768 1568 in
2802 1530 2953 1570 mare
2979 1516 3320 1588 demergere,
3359 1529 3451 1573 aut
3490 1518 3643 1574 vivos

2066 1605 2219 1658 humi
2262 1603 2546 1668 defodere,
2604 1605 2750 1674 quod
2791 1623 2820 1660 a
2854 1610 3237 1679 superioribus
3273 1607 3450 1664 luerat
3484 1608 3644 1664 faeti-

2067 1702 2260 1750 tatum.
2319 1695 2424 1751 Sed
2457 1699 2687 1768 populos
2713 1701 2929 1757 ratione
2967 1711 3129 1771 atque
3164 1703 3644 1758 exhortationibus

2068 1787 2412 1844 inducendos
2463 1805 2586 1845 esse
2642 1795 2884 1855 censuit,
2918 1801 2977 1847 ut
3008 1795 3073 1848 ad
3105 1795 3391 1864 gentilium
3430 1795 3645 1865 religio-

2069 1896 2190 1934 nem
2223 1895 2282 1936 se
2312 1882 2629 1937 conferrent
2662 1905 2675 1938 :
2720 1901 2888 1954 seque
2936 1887 2988 1940 id
3018 1888 3164 1957 quod
3199 1887 3453 1956 cupiebat
3486 1886 3646 1942 facile

2069 1980 2481 2048 assecuturum,
2521 1976 2567 2029 si
2601 1975 2808 2030 omissa
2838 1977 2912 2042 vi,
2942 1988 3138 2048 praeter
3168 1979 3416 2034 omnium
3450 1994 3644 2049 exspe—

2069 2063 2368 2119 ctationem
2405 2067 2705 2121 clementer
2731 2083 2792 2122 se
2821 2083 2948 2138 erga
2978 2084 3074 2125 eos
3113 2084 3303 2140 gerere
3343 2069 3642 2126 videretur.

2068 2155 2246 2211 Porro
2288 2157 2525 2226 quadam
2579 2158 2689 2222 die,
2737 2175 2860 2213 cum
2911 2162 2964 2214 in
3000 2162 3204 2230 templo
3259 2159 3413 2215 Genii
3441 2163 3648 2232 publici

2068 2248 2543 2320 Constantinopoli
2597 2251 2954 2317 sacrificaret,
2983 2252 3149 2306 Maris
3177 2252 3644 2308 Chalcedonensis

2070 2341 2364 2410 episcopus
2397 2341 2520 2397 euin
2555 2342 2752 2397 adiisse
2777 2344 3002 2407 dicitur,
3033 2353 3087 2400 et.
3123 2354 3386 2415 tanquam
3418 2345 3646 2414 impium

2072 2434 2250 2502 palam
2303 2437 2637 2490 contumelia
2682 2435 2954 2501 affecisse,
3001 2436 3206 2507 Deique
3238 2437 3448 2492 hostem
3476 2447 3530 2492 et
3555 2438 3649 2492 de-

2071 2536 2340 2582 sertorem
2371 2527 2492 2582 fidei
2526 2529 2836 2598 appellasse
2872 2531 2909 2583 ¹.
2945 2529 3201 2586 Julianus
3234 2546 3365 2586 vero
3395 2530 3566 2586 solam
3597 2530 3649 2587 ei

2069 2619 2424 2687 exprobravit
2466 2620 2792 2675 caecitatem.
2852 2620 3064 2676 Etenim
3110 2637 3278 2676 senex
3340 2621 3648 2678 sttii'usione

2073 2712 2362 2765 oculorum
2400 2712 2684 2778 laborans,
2709 2728 2873 2768 manu
2909 2714 3064 2784 pueri
3094 2715 3362 2771 deductus
3390 2729 3645 2769 accesse-

390 2812 495 2853 rat.
547 2796 652 2852 Sed
696 2815 819 2853 cum
858 2817 1007 2856 more
1033 2802 1194 2858 solito
1235 2803 1492 2868 irridens,
1533 2811 1587 2858 et
1627 2803 1681 2857 in
1723 2802 2000 2858 Christum
2039 2801 2426 2870 blasphemans
2461 2803 2726 2858 dixisset:
2755 2802 3045 2874 Nunquam
3103 2802 3350 2874 profecto
3388 2803 3645 2860 Galilaeus

393 2885 534 2945 Deus
569 2900 699 2947 tuus
723 2901 776 2948 te
804 2895 1054 2962 sanabit;
1096 2900 1435 2967 respondens
1473 2896 1636 2952 Maris
1680 2914 1691 2947 :
1729 2900 1798 2950 At
1826 2913 1947 2968 ego,
1986 2897 2182 2966 inquit,
2214 2897 2415 2965 gratias
2461 2911 2562 2967 ago
2591 2896 2700 2951 Deo
2741 2913 2880 2962 meo,
2914 2897 3056 2967 quod
3093 2897 3394 2952 luminibus
3419 2897 3647 2952 orbatus

391 3001 538 3050 sum,
590 3003 658 3042 ne
703 2996 756 3042 te
785 2988 996 3043 videam
1027 2992 1121 3060 qui
1179 3009 1210 3046 a
1245 2995 1445 3062 pietate
1481 2995 1754 3049 excidisti.
1819 2992 2117 3064 Imperator
2144 3007 2295 3056 vero,
2325 2991 2461 3045 nihil
2492 2993 2853 3061 respondens,
2894 3002 3316 3064 praetergressus
3369 3003 3475 3048 est.
3533 2992 3649 3047 Hoc

390 3079 533 3131 enim
588 3088 746 3148 pacto
800 3095 858 3134 se
883 3083 1165 3150 gentilium
1198 3086 1642 3152 superstitionem
1681 3087 2138 3140 confirmaturum
2178 3098 2301 3139 esse
2346 3082 2716 3148 existimabat,
2751 3083 2796 3138 si
2829 3084 3162 3138 multitudini
3203 3081 3648 3140 Christianorum

393 3166 684 3235 patientem
722 3183 782 3221 se
819 3183 883 3222 ac
917 3171 1101 3224 mitem
1135 3181 1332 3241 pt'azter
1349 3166 1813 3242 exspectationem
1849 3173 2184 3230 ostenderet.

993 3262 1241 3316 ΚΕΦΛΛ.
1275 3263 1350 3317 E'.

394 3346 528 3425 ’Ὂζι
559 3348 752 3425 dminus
787 3353 1231 3425 xa0§1p7wéa‘01q
1265 3357 1644 3423 Χριστιαγοῖς
1668 3359 1782 3425 τὴν
1812 3361 1975 3414 ἐλευ-

462 3420 682 3494 θερίαν,
713 3421 810 3471 ἵνα
835 3421 1077 3494 μᾶλλον
1112 3425 1147 3489 ἡ
1212 3420 1540 3491 Ἐκκλησία
1577 3420 1935 3494 τὰράονσοιτο
1955 3448 1966 3460 ⁸

463 3489 557 3539 καὶ
584 3489 701 3541 ὅσα
738 3494 890 3543 κακὰ
920 3491 1066 3545 κατὰ
1094 3489 1462 3559 Χριστιανῶν
1481 3489 1737 3552 ἑπενῦει.

461 3581 644 3634 Ταῦτα
674 3583 730 3634 δὲ
772 3583 1110 3650 σπουδάζων,
1139 3587 1274 3639 πᾶσι
1296 3587 1394 3656 μὲν
1423 3593 1534 3652 τοῖς
1558 3591 1651 3642 ἐπὶ
1683 3595 1971 3647 Κώνσταν-

391 3671 505 3722 τίου
526 3672 909 3739 φυγαδευθεῖσι
933 3675 1019 3728 διὰ
1058 3677 1383 3746 θρησκείαν,
1431 3683 1598 3752 ἀνῆκε
1642 3683 1739 3753 τὴν
1772 3686 1969 3756 φυγὴν,

395 3763 488 3815 καὶ
517 3765 628 3825 τοῖς
649 3764 966 3834 δημευθεῖσι
994 3769 1142 3839 νόμῳ
1173 3770 1240 3823 τὰ
1264 3773 1505 3844 σφέτερα
1537 3774 1786 3829 ἀπέδωκε
1816 3794 1831 3807 δ
1852 3781 1964 3842 τοῖς

391 3853 448 3905 δὲ
484 3855 672 3924 δήμοις
713 3859 1070 3928 προηγόρευε,
1107 3859 1306 3931 μηδένα
1342 3863 1546 3919 ἀδικεῖν
1576 3867 1682 3920 τῶν
1709 3869 1972 3940 Χριστια-

393 3945 520 4010 νῶν,
553 3949 685 4017 μηδὲ
705 3949 963 4020 ὑϐρίζειν,
987 3953 1120 4023 μηδὲ
1144 3954 1373 4020 ἄκοντας
1395 3959 1529 4029 πρὸς
1557 3959 1745 4015 θυσίαν
1765 3964 1963 4017 ἕλκειν·

393 4041 517 4103 τοὺς
545 4040 803 4096 δὲ’ὲκοντὶ
822 4046 932 4106 τοῖς
962 4044 1163 4115 βωμοῗς
1203 4051 1548 4119 προσιόντας,
1585 4056 1850 4128 πρότερον
1879 4059 1965 4122 ἐξ·

397 4130 668 4186 ἀεοῦσθαι
706 4132 798 4197 ob;
829 4135 1082 4205 Ἕλληνες
1111 4137 1364 4193 καλοῦσιν
1400 4143 1825 4214 ’Λποτροπαίους
1855 4149 1970 4200 δαί-

399 4241 585 4293 μονας,
621 4227 712 4278 καὶ
731 4226 1085 4298 καθαίρεσθαι
1111 4231 1445 4303 καθαρσίοις,
1481 4232 1560 4300 οἷς
1601 4238 1717 4302 ἔθος
1765 4241 1964 4306 αὐτοῖς.

394 4314 703 4383 Κληρικοὺς
731 4315 933 4384 μέντοι,
961 4321 1140 4370 πᾶσαν
1163 4322 1408 4375 ἀτέλειαν
1433 4325 1524 4378 καὶ
1561 4328 1723 4399 τιμὴν
1758 4332 1851 4385 καὶ
1901 4332 1968 4386 τὰ

398 4404 684 4474 σιτηρέσια
728 4405 976 4472 ἀφείλετο
1015 4408 1122 4478 ζἹΞ)
1171 4411 1550 4468 Κωνσταντίου
1586 4426 1613 4455 ν
1647 4434 1659 4448 ·
1704 4421 1797 4473 καὶ
1842 4423 1964 4486 τοὺς

470 4543 484 4571 ¹
519 4539 699 4603 Socr.,
735 4540 824 4594 lib.
862 4556 943 4604 Ill,
978 4555 1029 4595 ς.
1071 4541 1151 4596 I2.

2631 3271 2791 3342 136
2828 3269 2980 3324 CAP.
3027 3271 3087 3325 ν.

2073 3357 2320 3424 Qualiter
2350 3361 2606 3417 Julianus
2637 3364 2963 3418 Christianis
3005 3366 3190 3418 vinctis
3228 3365 3525 3418 libertatem
3567 3381 3647 3419 re-

2146 3435 2414 3496 stituerit,
2451 3451 2510 3487 eo
2542 3437 2766 3488 consilio
2801 3447 2854 3488 ut
2894 3434 3144 3488 Ecclesia:
3180 3437 3558 3490 turbarentur:
3598 3445 3646 3491 et

2141 3516 2338 3578 quanta
2376 3506 2520 3557 mala
2551 3506 2604 3558 in
2637 3506 2973 3560 Christianos
3006 3507 3400 3576 excogitaverit.

2146 3601 2271 3654 Haec
2311 3600 2478 3668 igitur
2518 3608 2701 3653 mente
2747 3599 2957 3668 agitans
2985 3639 3000 3665 ,
3036 3615 3130 3654 eos
3168 3600 3387 3669 quidem
3429 3603 3522 3672 qui
3562 3619 3648 3658 re-

2073 3700 2280 3763 gnante
2309 3691 2634 3746 Constantio
2674 3691 2727 3744 in
2766 3692 3020 3746 exsilium
3059 3693 3205 3761 pulsi
3247 3692 3507 3760 fuerant,
3552 3713 3648 3752 ex-

2076 3785 2201 3839 silio
2257 3783 2545 3846 liberavit,
2594 3782 2926 3852 proscriptis
2981 3797 3142 3849 vero,
3198 3783 3315 3853 lege
3367 3784 3510 3851 lata,
3568 3787 3648 3841 fa-

2076 3876 2309 3928 cultates
2360 3887 2493 3928 suas
2544 3873 2805 3927 restituit.
2852 3871 3072 3942 Populis
3119 3881 3301 3930 autem
3360 3876 3648 3933 civitatum

2078 3969 2256 4038 palam
2293 3967 2577 4022 interdixit
2623 3983 2692 4022 ne
2750 3983 2911 4037 quem
2954 3963 3410 4025 Christianorum
3435 3982 3529 4026 aut
3564 3974 3648 4028 iu-

2073 4060 2218 4130 juria
2257 4059 2568 4123 adicerent,
2607 4067 2700 4113 aut
2741 4060 3109 4125 contumelia,
3151 4077 3287 4118 neve
3327 4063 3529 4118 invitos
3579 4064 3646 4119 ad

2077 4151 2505 4206 sacriﬁcandum
2535 4151 2840 4206 traherent.
2873 4151 2978 4207 Sed
3013 4164 3069 4207 ut
3099 4153 3189 4224 qui
3225 4170 3324 4209 sua
3355 4159 3549 4225 Sponte
3579 4157 3645 4210 ad

2077 4259 2203 4300 aras
2257 4244 2616 4309 accederent,
2674 4245 2830 4314 prius
2881 4245 3160 4315 placarent
3217 4262 3312 4302 eos
3366 4247 3646 4304 dzemonas

2077 4352 2218 4406 quos
2256 4337 2453 4406 pagani
2492 4338 2968 4392 Averruncatores
3009 4349 3250 4405 vocant;
3292 4346 3341 4394 et
3383 4340 3646 4410 expiatio-

2073 4428 2235 4482 nibus
2260 4440 2375 4494 quae
2403 4429 2538 4499 ipsis
2568 4429 2785 4485 usitatae
2807 4438 2954 4494 sunt,
2982 4440 3363 4501 purgarentur.
3395 4431 3462 4486 Et
3488 4434 3645 4490 cleri-

1587 4709 1854 4766 VALESII
1893 4711 2445 4774 ANNOTATIONES.

468 4792 913 4888 μέγ
1052 4797 1296 4888 σιδήρῳ.
1353 4801 1510 4856 Deest
1561 4805 1784 4888 verbm-tt
1835 4808 1970 4877 χρῆ·
2004 4813 2048 4867 D
2078 4812 2219 4888 phan

1888 4808 1970 4876 νῆ·
2004 4813 2048 4867 D
2078 4812 2312 4888 pllallills
2367 4812 2583 4881 quidem
2633 4815 2944 4888 sicrvertil,
2995 4817 3126 4871 Cum
3186 4819 3646 4888 Constantinopoli

400 4862 543 4946 abut,
570 4862 1266 4946 sicutin_Vi_ntcrp_retatione
1292 4887 1406 4925 mea
1437 4875 1704 4942 suppleri.
1739 4862 1970 4946 1ιοῖᾗῖιὸ-

397 4935 720 5008 queﬂl‘egisse
754 4935 1544 5008 videturChristophorsouus.

469 5003 606 5078 (69)_
650 5007 732 5058 Οὐ
790 5008 1099 5070 ,ϐιάζεσθαι
1140 5003 1225 5077 μίξ
1277 5013 1557 5078 ἀξιώσας.
1594 5013 1747 5067 Ilunc
1790 5015 1966 5070 locum

398 5073 610 5152 correxi
661 5091 742 5152 ex_
788 5080 994 5152 codice
1033 5073 1350 5152 Fukﬁetiunu'.
1408 5079 1470 5136 iii
1511 5073 1618 5152 quo
1657 5087 1857 5141 diserte
1895 5089 1966 5140 ita

399 5144 676 5206 scribitur,
697 5147 745 5196 εἰ
782 5149 1068 5224 βιάσασθαι
1100 5151 1173 5221 μὴ
1203 5153 1457 5217 ἀξιώσας,
1492 5144 1620 5218 ctu,
1644 5172 1802 5224 quam
1833 5159 1969 5212 scri-

400 5222 610 5286 pturam
642 5231 823 5278 neruo,
864 5228 921 5270 ttt
956 5221 1171 5286 Opinor,
1205 5224 1256 5274 in
1295 5223 1518 5276 dttbiutu
1561 5221 1858 5280 revue-abit.

468 5283 580 5364 (7Q)
606 5287 925 5364 llvdoye‘a‘gu
947 5283 1132 5364 “(ii)th
1167 5292 1236 5342 ἐν
1274 5297 1966 5364 Κωνσεαντινωυπόλεως

399 5354 919 5431 retzlcpi‘lneodice
946 5359 1245 5413 Fuketiano
1277 5365 1537 5431 scriptum
1571 5367 1749 5418 inveni
1784 5354 1966 5420 πειθοῖ

402 5422 1130 5506 pium.-Cltristophorsonus
1157 5441 1335 5486 autem
1368 5422 1421 5506 et
1458 5434 1692 5491 Savilius
1724 5438 1966 5506 θυομένῳ

398 5495 862 5576 ςοηιιιριιιιιιιξυιιιᾷέι
914 5502 1110 5576 τυχείῳ
1158 5504 1488 5576 ριὀ-τειχίῳ.
1531 5508 1706 5575 Atque
1737 5495 1968 5576 ita'lcgi't

403 5565 733 5633 iﬁlpiphanius
765 5565 1229 5627 Seholaéticus'ct
1267 5565 1631 5644 Nicephorus:
1664 5576 1798 5631 Nam
1837 5565 1964 5648 lipi-

2076 4883 2215 4950 apud
2248 4882 2572 4960 EorlunmttA
2599 4887 2922 4960 sueti/icere!
2947 4889 3136 4960 Aurbis,
3169 4899 3273 4944 etc.
3307 4882 3648 4960 Nicephorus

2076 4958 2256 5032 autent
2284 4954 2334 5032 in
2369 4969 2486 5023 cap.
2509 4953 2599 5020 ‘20,
2638 4953 2811 5032 lib},
2838 4958 3108 5032 sichahet
3186 4961 3273 5032 ξΕν
3295 4963 3360 5031 τῇ
3392 4953 3644 5032 βασιλικῇ

2074 5025 2137 5090 τῇ
2165 5023 2260 5101 τῆς
2284 5024 3107 5101 Κωνισταντινουπόλεωςἐπέθυε
3126 5029 3294 5101 Τύχῃ,
3318 5023 3421 5084 éic'.
3444 5031 3519 5084 Ex
3538 5023 3647 5101 quo

2077 5094 2350 5165 conjicere
2383 5094 2527 5165 licet.
2556 5094 2919 5165 Nicephorum
2963 5099 3017 5151 in
3061 5100 3162 5153 hoc
3195 5094 3483 5154 Sozomeni
3529 5094 3647 5155 loco

2075 5162 2271 5242 legisse
2304 5162 2848 5242 -en50uouévm,_'tiort,
2879 5177 2936 5242 ut
2961 5169 3166 5242 editum
3198 5179 3298 5237 est,
3331 5171 3641 5242 πυθομένῳ.

2143 5233 2252 5304 (TI)
2295 5234 2405 5287 Καὶ
2455 5233 2798 5304 παραϐάτην
2866 5233 3295 5293 ἀποκαλέσαι(
3331 5241 3386 5294 lu
3456 5233 3646 5296 codice

2073 5300 2374 5382 Fuketiano
2417 5300 2681 5382 scriptum
2735 5300 2937 5382 inveni,
2973 5311 3063 5382 καὶ
3106 5311 3427 5382 ἀποστάτην
3472 5329 3642 5380 προσ-

2071 5376 2266 5451 ειπεῖν,
2293 5376 2748 5451 quemadmodum
2767 5379 3298 5450 Christophorsonus
3331 5376 3385 5436 et
3409 5376 3643 5436 Savilius

2071 5445 2124 5495 in
2152 5445 2266 5497 suis
2299 5447 2579 5500 codicibus
2622 5449 2963 5504 invenerunt.

2145 5513 2255 5587 (72)
2295 5518 2370 5587 Τὰ
2403 5519 2713 5583 σιτηρέσια
2746 5521 3022 5587 ἀφείλετο
3069 5523 3508 5576 Κωνσταντιου.
3540 5523 3641 5575 As-

2070 5585 2797 5659 sentiorChristopborsono
2827 5599 2881 5646 et
2931 5591 3152 5659 Savilio,
3202 5598 3295 5664 qui
3352 5595 3643 5647 Κώνσταν-

1841 5694 2219 5755 VARIORUM.

465 5779 496 5809 γ
524 5775 1101 5856 Κᾼηρικοὺςιξτᾶσαῂ
1130 5783 1405 5856 ἀτέλειαν
1428 5786 1525 5839 καὶ
1562 5787 1738 5856 τιμὴν
1777 5789 1966 5844 καὶτὰ

397 5843 706 5928 τιιζτζρέρηα
745 5848 1040 5928 ἀφείλετο.
1069 5847 1374 5928 ςᾼιιῂοεονίι
1411 5858 1572 5911 etiam
1611 5843 1784 5928 legem
1821 5843 1964 5914 Con?

398 5921 620 5968 stantini
661 5933 767 5984 qua
799 5921 1012 5988 quidvis
1069 5921 1322 5980 EccleSiut
1354 5929 1434 5983 γει
1466 5921 1840 5986 ecclesiastico
1870 5948 1962 6003 per

668 6010 935 6071 Parum“
983 6015 1092 6075 Gn.
1138 6019 1361 6081 LXVII.

2075 5801 2470 5871 testamentum
2506 5801 2816 5871 relinquere
2873 5800 3045 5856 cuivis
3109 5814 3433 5855 concessum
3501 5806 3642 5854 erat.

2075 5865 2193 5923 Vid.
2239 5866 2408 5939 Epist.
2446 5865 2758 5928 luliani'Ad
2790 5873 3115 5930 Bostrcnscs.
3150 5871 3239 5926 W.
3281 5871 3500 5926 Low'rll.

3201 6033 3233 6090 3
3245 6039 3274 6089 ll
