4452 6598
469 471 604 529 1229

1449 471 1774 530 HISTORIA
1813 467 2363 531 ECCLESIASTICA.
2399 507 2466 516 —-
2502 475 2626 532 LIB.
2662 476 2726 534 V.

3575 485 3711 543 1230

468 579 692 655 μείζονα
722 581 821 652 τῆς
855 581 1141 653 βασιλικῆς
1168 581 1356 654 αὐλῆς,
1381 583 1593 655 Θανάτῳ
1616 584 1913 657 ἐζημίωσε.
1933 586 2041 638 Καὶ
2071 595 2113 651 Α
2142 602 2226 643 cut

1951 586 2041 638 (at
2071 595 2113 651 Α
2142 602 2265 643 cum
2305 588 2426 659 ipso
2479 589 2781 645 sentientes
2808 630 2821 655 ,
2878 588 3123 646 foveret:
3174 607 3271 648 eos
3315 607 3442 648 vero
3496 597 3589 663 qui
3619 598 3709 652 illo

470 674 578 746 ιδίᾳ
605 673 715 746 γὰρ
747 674 897 744 αὐτῷ
925 674 1071 745 λύπη
1091 692 1173 738 τις
1203 670 1272 746 ἦν
1304 676 1440 746 πρὸς
1471 675 1680 742 τοῦτον,
1710 676 1898 730 καθότι
1917 676 2048 729 Γάλ-

468 763 558 817 λον
592 763 685 817 τδν
709 763 938 833 ἀδελφὸν
986 766 1053 835 τῇ
1089 763 1256 818 αὐτοῦ
1297 764 1556 836 ὲπιὸουλῇ
1605 765 1913 837 ἀνῃρῆσθαι
1944 767 2047 819 ὑπ-

468 854 733 919 ώπτευεν,
760 853 963 908 Ἀέτιον
985 855 1040 908 δὲ
1068 869 1092 897 ι
1120 855 1212 909 τὸν
1234 857 1475 927 ἀρχηγὸν
1495 857 1594 928 τῆς
1616 857 1879 927 Εὐνομίου
1904 859 2047 928 αίρέο

471 963 626 1010 σεως,
661 945 767 1000 ὑπὸ
797 947 1179 1001 Κωνσταντίου
1207 948 1505 1020 ὑπερορίαν
1542 949 1722 1019 φυγὴν
1747 949 2043 1003 καταδικα-

468 1037 683 1104 σθέντα,
718 1037 814 1093 καὶ
863 1039 1037 1102 ἄλλως
1086 1037 1328 1092 ὕποπτον
1377 1040 1466 1094 διὰ
1515 1043 1617 1112 τὴν
1664 1040 1802 1112 πρὸς
1847 1041 2045 1095 Γάλλον

466 1129 718 1200 ὁμιλίαν,
743 1130 989 1202 εὐμενῶς
1024 1127 1084 1185 εὖ
1140 1131 1287 1202 μάλα
1323 1132 1542 1204 γράψας
1572 1133 1685 1204 (75)
1716 1133 2046 1204 προσεκαλέ-

469 1239 600 1274 σατο
649 1222 787 1294 πρὸς
844 1223 1008 1276 αὑτὸν
1032 1265 1047 1291 ,
1075 1223 1311 1295 δημόσια
1361 1224 1634 1294 ὑποζύγια
1667 1224 1914 1288 δεδωκώς
1934 1243 1948 1257 ο
1982 1228 2046 1279 ἐκ

465 1311 722 1386 τοιαύτης
749 1315 806 1368 δὲ
837 1315 1038 1378 αἰτίας,
1090 1317 1184 1368 καὶ
1221 1315 1492 1370 Ἐλεύσιον
1531 1317 1624 1369 τὸν
1658 1315 1897 1380 Κυζίκου
1926 1317 2046 1370 ὲπίο

469 1422 670 1459 σκοπον
700 1406 805 1459 ὑπὸ
830 1406 1117 1479 βαρυτάτῳ
1139 1407 1400 1478 ἐπιτιμίῳ
1430 1406 1731 1479 προσέταξε
1767 1411 2046 1473 τότε,ταῖς

467 1497 633 1550 αὑτοῦ
667 1497 932 1562 δαπάναις
964 1499 1023 1551 ὲν
1074 1499 1167 1552 δύο
1208 1498 1390 1569 μόνοις
1429 1501 1594 1571 μησὶν
1627 1501 2045 1571 ἀνοικοδομῆσαι

468 1587 565 1658 τὴν
615 1589 972 1644 Ναυατιανῶν
1016 1590 1312 1660 ἐκκλησίαν
1340 1631 1355 1654 ,
1395 1593 1462 1663 ἢν
1513 1592 1608 1646 ἐπὶ
1665 1593 2044 1647 Κωνσταντίου

469 1678 737 1734 καθεῖλεν.
781 1681 889 1734 Καὶ
921 1680 1057 1734 ἀλλα
1105 1681 1162 1732 δὲ
1197 1681 1366 1734 πολλά
1416 1681 1483 1735 ἂν
1537 1681 1688 1754 εὕροι
1737 1700 1840 1747 τις,
1877 1681 1912 1737 ἂ
1958 1684 2046 1738 διὰ

475 1772 625 1838 μῖσος
658 1772 750 1824 τοῦ
798 1772 904 1844 πρὸ
933 1771 1096 1825 αὐτοῦ
1125 1772 1608 1842 ἡγεμονεύσαντος,
1646 1775 1714 1827 τὰ
1756 1773 1856 1844 μὲν
1884 1776 2045 1840 αὐτὸς

471 1861 691 1932 ἐποίησε
711 1879 726 1894 ⁸
761 1865 828 1918 τά
857 1865 914 1917 δὲ
934 1863 1110 1920 ἀλλων
1148 1866 1456 1931 ποιούντων,
1481 1866 1756 1936 ἠνέσχετο.

475 1972 628 2022 rum,
678 1974 841 2028 quam
926 1960 1234 2016 Constantii
1295 1962 1641 2030 temporibus
1686 1961 2072 2024 deSIruxerat,

2147 685 2410 746 regnante
2475 687 2701 749 propter
2750 675 3034 735 Christum
3094 681 3237 736 male
3294 683 3514 740 multati
3575 684 3711 742 fuis-

2145 777 2304 832 sent,
2359 769 2717 825 miseratione
2758 779 3209 842 prosequeretur.
3243 775 3387 839 Quin
3435 784 3489 831 et
3533 791 3713 832 eunu-

2143 860 2279 915 ch’os
2299 898 2316 923 ,
2347 873 2414 914 eo
2441 860 2589 931 quod
2619 859 2695 914 illi
2729 861 2879 916 chari
2910 861 3180 927 fuissent,
3222 865 3424 933 palatio
3469 865 3633 936 eiecit
3670 870 3709 924 ⁸.

2144 951 2441 1006 Eusebium
2493 965 2627 1007 vero
2658 952 3014 1022 praepositum
3049 953 3241 1024 palatii
3283 963 3462 1010 morte
3513 957 3713 1011 multa-

2143 1043 2240 1097 vit.
2285 1041 2420 1098 Nam
2449 1051 2505 1100 et
2549 1043 2803 1113 privatim
2847 1043 2923 1097 illi
2969 1053 3088 1099 erat
3129 1044 3414 1116 infensus,
3459 1062 3524 1103 eo
3567 1047 3715 1119 quod

2144 1133 2358 1201 Gallum
2393 1134 2622 1189 fratrem
2653 1135 2772 1204 ejus
2802 1135 3038 1190 consilio
3080 1135 3422 1192 interfectum
3465 1153 3586 1194 esse
3621 1155 3716 1194 su-

2147 1228 2484 1299 spicabatur.
2524 1225 2630 1282 Sed
2664 1234 2718 1282 et
2761 1227 2976 1282 Aetium
3023 1237 3301 1283 auctorem
3329 1236 3492 1284 sectae
3532 1230 3717 1284 Euno-

2147 1317 2476 1382 mianorum,
2497 1317 2641 1387 quia
2664 1317 2989 1373 Constantio
3015 1319 3086 1373 ob
3117 1319 3168 1373 id
3191 1318 3465 1390 relegatus
3495 1319 3671 1375 fuerat
3695 1357 3712 1383 ,

2144 1417 2201 1470 et
2228 1409 2430 1481 alioqui
2460 1409 2532 1463 ob
2561 1408 2856 1463 amicitiam
2881 1424 3004 1464 cum
3034 1407 3187 1464 Gallo
3220 1417 3511 1481 suspectus
3535 1411 3714 1466 eidem

2112 1503 2462 1566 ~exstiterat,
2495 1501 2717 1572 scriptis
2742 1500 2810 1555 ad
2851 1516 2973 1556 eum
3015 1501 3216 1556 litteris
3254 1503 3431 1571 plenis
3460 1502 3716 1556 humani-

2145 1594 2311 1659 tatis,
2343 1593 2582 1663 dataque
2606 1595 2759 1663 copia
2792 1593 2995 1663 publici
3034 1608 3263 1660 cursus,
3303 1593 3370 1647 ad
3416 1609 3476 1650 se
3519 1609 3716 1650 evoca-

2145 1685 2244 1740 vit.
2274 1683 2450 1738 Simili
2477 1701 2543 1740 ex
2569 1699 2760 1747 causa,
2793 1683 3012 1738 Eleusio
3034 1683 3430 1754 Cyzicendrum
3456 1685 3716 1754 episcopo

2145 1775 2251 1832 sub
2295 1777 2622 1847 gravissima
2668 1775 2841 1829 multa
2898 1776 3133 1845 injunxit
3167 1785 3227 1829 ut
3273 1776 3417 1829 intra
3472 1778 3712 1845 spatium

2147 1867 2379 1923 duorum
2417 1868 2687 1922 duntaxat
2731 1867 3001 1922 mensium
3046 1866 3335 1921 ecclesiam
3378 1865 3710 1922 Novatiano-

2149 1963 2266 2018 suis
2315 1963 2627 2032 sumptibus
2680 1962 3011 2015 instauraret
3041 1963 3082 2012 '.
3135 1959 3298 2013 Multa
3345 1975 3562 2030 quoque
3609 1961 3713 2014 alia

473 2050 715 2123 reperire
747 2052 872 2106 licet
892 2092 906 2118 ,
939 2068 1059 2124 quae
1089 2056 1140 2106 in
1169 2052 1352 2107 odium
1382 2052 1691 2108 decessoris
1721 2053 1808 2108 sui
1841 2053 2040 2122 partim
2082 2052 2198 2124 ipse
2227 2054 2436 2126 gessit,
2468 2053 2662 2122 partim
2697 2053 2837 2107 alios
2865 2066 3054 2121 gerere
3089 2051 3360 2132 permisit.

1079 2145 1329 2200 ΚΕΦΑΛ.
1366 2145 1458 2212 ς’.

472 2239 594 2293 Ὅτι
632 2239 732 2292 καὶ
761 2239 1113 2306 Ἀθανάσιος
1145 2241 1277 2293 τότε
1317 2240 1413 2292 ἐπὶ
1448 2238 1685 2304 χρόνοις
1710 2237 1860 2291 ἑπτὰ
1886 2240 2044 2307 παρὰ

541 2309 814 2377 παρθένῳ
873 2310 1135 2378 σώφρονι
1198 2310 1297 2363 καὶ
1341 2310 1523 2374 ὡραίῃ
1587 2309 1994 2378 κρυπτόμενος
2023 2349 2040 2376 ,

538 2379 836 2448 ἀνεφάνη,
864 2381 962 2434 καὶ
1000 2379 1110 2449 τῆς
1149 2379 1536 2446 Ἀλεξάνδρου
1555 2378 1764 2444 ἐπέϐη.

559 2473 646 2525 Ἐν
671 2472 728 2524 δὲ
756 2471 834 2541 τῷ
865 2472 984 2524 τότε
1013 2511 1027 2535 ,
1079 2473 1172 2525 καὶ
1227 2472 1540 2533 Ἀθανάσιος
1582 2472 1672 2524 τὸν
1718 2469 1824 2540 πρὸ
1852 2470 2043 2524 τούτου

475 2561 665 2630 χρόνον
717 2559 993 2614 λανθάνων
1039 2562 1145 2632 ὅπη
1195 2560 1459 2631 διέτριϐεν
1487 2601 1501 2625 ,
1549 2559 1906 2638 ἀγγελθείσης
1946 2561 2046 2632 τῆς

477 2654 852 2706 Κωνσταντίου
867 2653 1139 2720 δτελευτῆς
1161 2692 1174 2715 ,
1199 2651 1436 2722 ἀνεφάνη
1466 2651 1680 2721 νύκτωρ
1711 2653 1769 2704 ὲν
1793 2655 1857 2722 τῇ
1890 2652 2043 2704 Ἀλε-

477 2745 741 2814 ξανδρέων
793 2740 1189 2815 ὲκκλησίᾳ.ἾΙν
1218 2745 1273 2797 δὲ
1300 2744 1456 2797 τοῦτο
1481 2744 1702 2826 είδκότως
1725 2743 2043 2812 παράδοξον,

484 2834 741 2904 ἐξαπίνης
769 2829 871 2886 ὧδε
905 2835 1052 2905 παρά
1091 2835 1188 2904 τὴν
1221 2835 1546 2905 προσδοκίαν
1578 2835 1807 2904 συμϐάν.
1855 2836 2070 2889 Ἦνίκα.

475 2926 582 2995 γὰρ
609 2925 667 2988 ἐξ
714 2923 1002 2991 ἐπιδουλῆς
1029 2924 1136 2975 τῶν
1170 2923 1443 2994 Γεωργίου
1473 2923 1794 2993 ἐπιτηδείων
1822 2963 1836 2988 ,
1870 2941 2042 3002 προσ-

476 3017 731 3080 τάξαντος
788 3015 881 3068 τοῦ
933 3014 1191 3083 βασιλέως
1246 3004 1548 3075 σποῦδὰσας
1582 3014 1744 3066 αὐτὸν
1790 3014 2047 3067 συλλαϐέ-

477 3107 599 3160 σθαι
628 3108 655 3157 ὁ
679 3106 786 3158 τῶν
822 3107 877 3158 ὲν
903 3105 1158 3175 Αἰγύπτῳ
1190 3105 1481 3174 ταγμάτων
1505 3105 1724 3178 ἡγεμὼν
1756 3105 2042 3175 ἀπέτυχεν,

473 3197 550 3260 ὡς
593 3199 650 3249 ὲν
676 3185 806 3259 ’τοῖς
840 3194 1072 3266 πρόσθεν
1125 3196 1338 3266 εἴρηται
1369 3234 1383 3258 ,
1413 3194 1688 3262 διαφυγὼν
1747 3195 1904 3265 μέχρι
1948 3196 2047 3265 τῆς

478 3288 757 3358 παρούσης
804 3287 1098 3357 ἡγεμονίας
1119 3329 1132 3353 ,
1163 3289 1312 3358 παρά
1350 3305 1469 3340 τινα
1495 3288 1769 3358 Ϊπαροένον
1803 3287 1954 3357 ίερᾶιν
1977 3289 2046 3345 ,ἐν

491 3380 862 3450 Ἀλεξανδρείᾳ
902 3378 1219 3448 ἐκρύπτετο.
1277 3381 1377 3430 Ἢν
1429 3379 1522 3430 ἐπὶ
1571 3379 1808 3448 τοσούτῳ
1859 3378 2043 3431 κάλλει

2791 2143 2945 2198 CAP.
2990 2141 3072 2196 Vl.

2148 2235 2420 2302 Quomodo
2437 2234 2786 2297 Athanasius,
2803 2230 2924 2285 cuni
2940 2248 3033 2301 per
3048 2242 3239 2301 septem
3258 2250 3425 2287 annos
3445 2235 3583 2301 apud
3602 2237 3711 2289 vir-

2215 2308 2386 2376 ginem
2415 2311 2698 2374 quamdam
2725 2304 2974 2376 pudicam
3002 2319 3064 2355 ac
3089 2314 3361 2376 uenustam
3379 2303 3672 2360 delituisset
3696 2347 3710 2372 ,

2215 2374 2427 2430 tandem
2458 2377 2703 2444 apparuit
2727 2416 2742 2437 ,
2772 2384 2819 2428 et
2857 2374 3238 2427 Alexandriam
3273 2391 3508 2428 reversus
3538 2386 3638 2430 est.

2212 2467 2417 2524 Eodem
2457 2476 2703 2538 tempore
2741 2466 3076 2521 Athanasius
3102 2507 3118 2531 ,
3159 2481 3286 2520 cum
3325 2477 3485 2522 antea
3525 2469 3714 2523 nescio

2145 2559 2236 2616 ubi
2287 2560 2634 2624 delituisset,
2689 2560 2944 2613 nuntiato
2989 2558 3298 2612 Constantii
3349 2559 3609 2627 interitu,
3658 2560 3715 2614 in

2142 2649 2517 2705 Alexandrina
2551 2647 2794 2703 Ecclesia
2830 2655 2997 2702 noctu
3033 2648 3361 2716 comparuit.
3399 2647 3556 2714 Quod
3590 2651 3716 2719 qui-

2143 2741 2266 2796 dem
2301 2742 2497 2797 merito
2529 2740 2880 2795 admirationi
2916 2739 3055 2803 fuit,
3086 2754 3210 2795 cum
3253 2749 3480 2810 repente
3519 2733 3716 2810 praeter

2144 2835 2392 2888 omnium
2429 2834 2899 2904 exspectationem
2931 2831 3277 2902 contigisset.
3313 2832 3446 2885 Nam
3489 2847 3617 2887 cum
3647 2848 3715 2888 ex

2145 2913 2362 2983 insidiis
2392 2929 2694 2981 amicorum
2727 2923 2977 2993 Georgii,
3003 2924 3233 2994 jubente
3257 2925 3421 2996 188
3445 2925 3714 2980 Constan-

2147 3021 2246 3084 tio,
2276 3012 2638 3089 dux‘IEgypti
2666 3032 2791 3071 eum
2822 3016 3284 3091 comprehendere
3321 3025 3552 3071 conatus
3595 3016 3716 3070 fru-

2147 3121 2260 3167 stra
2291 3110 2520 3174 fuisset,
2554 3109 2720 3163 sicuti
2753 3123 2918 3179 supra
2955 3107 3246 3162 retulimus
3274 3125 3287 3160 :
3329 3105 3453 3174 luga
3492 3106 3716 3175 elapsus

2145 3202 2480 3256 Athanasius
2502 3241 2514 3264 ,
2549 3199 2615 3252 ad
2647 3200 2755 3254 hoc
2786 3213 2960 3277 usque
2993 3206 3212 3277 tempus
3244 3195 3589 3265 Alexandria:
3622 3198 3714 3250 de-

2145 3295 2289 3349 lituit
2321 3291 2463 3365 apud
2498 3291 2789 3361 quamdam
2825 3273 3086 3359 virginem
3114 3298 3511 3344 consecratam.
3541 3289 3716 3355 Quam

2111 3385 2365 3456 -quidem
2413 3384 2604 3438 formae
2648 3392 2935 3437 venustate
2982 3383 3223 3449 reliquas
3273 3381 3530 3434 mulieres
3581 3381 3717 3436 adeo

477 3471 574 3534 τὰς
601 3472 719 3524 τότε
748 3473 1009 3541 γυναῖκας
1034 3469 1460 3541 ὑπερῦάλλεσοαι
1488 3470 1902 3539 παρειλήφαμεν
1928 3509 1941 3532 ,
1965 3467 2041 3529 ὡς
2066 3503 2110 3561 C
2150 3470 2235 3544 su'l

1965 3467 2041 3529 ὡς
2066 3503 2110 3561 C
2150 3470 2444 3544 su'perasse
2479 3474 2830 3542 accepimus,
2866 3481 2925 3525 ut
2960 3472 3334 3542 spectantibus
3370 3472 3589 3542 quidem
3629 3472 3715 3526 in-

479 3563 663 3633 θαῦμα
689 3563 785 3632 μὲν
812 3563 982 3630 αὐτὴν
1015 3557 1152 3615 εἶναι
1181 3565 1292 3624 τοῖς
1317 3561 1518 3632 ὁρῶσι·
1549 3562 1816 3630 φευκτέαν
1855 3560 1910 3612 δὲ
1931 3562 2041 3621 τοῖς

481 3656 775 3708 ἐπιείκειαν
807 3659 898 3707 καὶ
922 3653 1271 3724 σωφροσύνην
1302 3653 1813 3724 ἐπαγγελλομένοις,
1849 3654 1933 3706 ἵνα
1967 3653 2039 3723 μή

478 3765 597 3800 τινα
643 3747 808 3816 ψόγον
859 3745 918 3810 ἐξ
957 3746 1213 3808 ὑπονοίας
1260 3747 1438 3807 αὐτοῖς
1487 3740 1901 3816 προστρίψηταί.
1934 3741 2043 3798 ’Ἦν

467 3840 584 3914 γὰρ
619 3839 714 3892 καὶ
755 3841 813 3892 ὲν
845 3839 994 3908 ἀκμῇ
1025 3837 1123 3906 τῆς
1152 3837 1297 3906 ὥρας
1320 3877 1332 3898 ,
1362 3839 1530 3908 σεμνή
1584 3855 1646 3914 τε)
1677 3839 1769 3890 καὶ¹
1813 3823 2045 3905 σώφρων

481 3929 561 3990 εἰς
588 3927 744 3995 ἄγαν.
775 3928 844 3979 Ἢ
879 3927 952 3996 μὴ
974 3926 1030 3978 δὲ
1057 3927 1154 3995 τῆς
1183 3926 1394 3994 φύσεως
1417 3912 2043 3994 συλλαμϐανούσηςσϐ),

481 4020 794 4089 διακοσμεῖν
830 4018 986 4071 εἴωθε
1029 4017 1090 4070 τὸ
1128 4002 1285 4086 σῶμα
1324 4019 1401 4080 είς
1435 3999 1766 4085 εὐπρέπειαν
1797 4016 2043 4078 κάλλους.

482 4105 558 4162 Ἦ
583 4110 690 4179 γὰρ
715 4109 912 4178 ἀληθὲς
941 4110 1145 4174 εἰπεῖν,
1190 4109 1286 4178 οὺχ
1318 4108 1391 4170 ὥς
1421 4124 1528 4160 τισι
1573 4107 1752 4169 δοκεῖ,
1796 4109 1954 4161 ὁποῖα
1978 4108 2046 4161 τὰ

485 4200 730 4272 σώματα,
769 4202 1025 4270 τοιαύτην
1053 4197 1191 4254 εἶναι
1214 4202 1309 4272 τὴν
1337 4199 1535 4269 ψυχήν.
1567 4199 1705 4251 Ἀλλ’
1738 4201 1794 4251 ὲν
1818 4203 1928 4262 τοῖς
1949 4199 2047 4268 τῆς

553 4383 771 4448 istm,
803 4382 898 4435 lib.
926 4396 1078 4447 m,c.
1119 4381 1171 4433 l.
1245 4381 1265 4410 ν
1296 4377 1398 4440 ld.,
1429 4343 1584 4439 una"
1612 4329 1664 4428 ὀ.
1703 4374 1756 4427 2.

2147 3578 2264 3624 star
2323 3574 2468 3620 esset
2522 3565 2770 3618 miraculi
2815 3582 2828 3618 :
2879 3564 3012 3619 viris
3047 3573 3226 3618 autem
3279 3563 3606 3618 modestiam
3665 3572 3718 3618 et

2143 3654 2456 3716 castitatem
2502 3653 2919 3721 proﬁtentibus,
2955 3651 3206 3721 fugienda
3250 3668 3373 3707 esse
3417 3653 3717 3713 videretur,

2149 3765 2215 3804 ne
2253 3765 2317 3804 ex
2357 3748 2583 3804 sinistra
2633 3748 2948 3817 suSpicione
2999 3746 3223 3816 aliquod
3259 3735 3409 3815 ipsis
3457 3747 3718 3816 probrum

2149 3847 2484 3909 aspergeret.
2520 3837 2650 3891 Erat
2681 3837 2827 3891 enim
2871 3837 2924 3889 in
2971 3836 3091 3905 ipso
3133 3835 3310 3888 anatis
3355 3833 3489 3888 ﬂore
3535 3837 3720 3904 gravis

2148 3926 2441 3980 admodum
2487 3934 2542 3997 et
2583 3925 2871 3979 modesta:
2923 3939 3043 3993 qua:
3091 3939 3211 3988 res,
3253 3923 3464 3978 etiamsi
3511 3932 3720 3978 naturae

2151 4017 2534 4085 adiumentum
2589 4016 2771 4079 desit,
2827 4015 3133 4069 admirabili
3181 4021 3470 4069 venustate
3519 4029 3719 4084 corpus

2152 4121 2422 4162 exornare
2451 4106 2648 4160 solent.
2683 4104 2763 4158 Rc
2793 4120 2919 4159 vera
2951 4105 3095 4158 enim
3117 4144 3133 4172 ,
3164 4119 3270 4158 non
3303 4111 3361 4157 ut
3392 4103 3718 4174 quibusdam
3795 4175 3800 4179 _

2153 4198 2392 4263 videtur,
2449 4199 2633 4268 qualia
2682 4207 2810 4253 sunt
2861 4211 3092 4266 corpora
3123 4238 3138 4263 ,
3193 4196 3334 4252 tales
3379 4196 3542 4252 etiam
3591 4203 3721 4251 sunt

1673 4531 1942 4588 VALESII
1981 4527 2537 4583 ANNO'I‘ATIONES.

553 4653 663 4722 ('75)
690 4649 976 4722 genere);
993 4644 1252 4722 simila
1282 4647 1535 4715 γράψας.
1561 4645 1616 4697 In
1652 4644 1840 4722 codice
1875 4614 2045 4722 ιιίιιςεῖ
2077 4645 2123 4702 D
2148 4642 2293 4722 enim

1962 4614 2045 4696 lie1
2077 4645 2123 4702 D
2148 4642 2293 4695 enim
2325 4641 2508 4722 dicere
2529 4639 3072 4722 Sozomenusilorem
3091 4641 3286 4704 :ctatis,
3320 4653 3382 4694 ac
3401 4641 3720 4698 modestiam

483 4713 869 4779 tia‘no'desunt
902 4717 958 4774 εὖ
993 4713 1154 4787 μάλα,
1185 4713 1305 4785 qua:
1333 4732 1560 4785 prorsus
1587 4713 2044 4787 _superllua__sunt,

481 4803 576 4848 aut
603 4800 753 4847 certe
785 4783 1013 4843 alterum
1061 4783 1298 4850 illorum,
1334 4783 1498 4853 prius
1551 4785 1821 4853 videlicet.
1878 4783 2048 4834 l'orro

483 4867 598 4918 hinc
627 4861 856 4930 epistola
910 4858 1112 4930 Juliani
1142 4856 1206 4930 ad
1243 4849 1454 4930 Actium
1489 4849 1666 4930 esslat
1700 4852 1856 4930 hodie
1908 4853 2050 4930 inter

482 4921 1306 5002 epistolasiejusdcm“Juliani,
1346 4927 1448 5002 hoc
1503 4925 1659 5002 titulo
1716 4921 1902 4990 Ἀετίῳ
1933 4923 2049 5002 ἐπι-

485 4991 690 5071 σκόπῳ.
742 4991 899 5054 Certe
955 4997 1355 5071 Philostorgius
1421 4995 1481 5071 in_
1527 4994 1619 5071 lib.
1673 4991 2047 5071 vlt,"ca_p._6,

483 5060 685 5128 discrt'e
717 5079 950 5124 testatur
985 5069 1196 5120 Aetium
1231 5060 1259 5117 5
1296 5065 1542 5122 Leontio.
1575 5063 1758 5120 Serra.
1795 5060 2048 5114 lleliodo‘

485 5159 566 5208 ro,
600 5142 831 5208 aliisque
859 5139 1134 5208 episcoyis
1167 5137 1219 5190 in
1248 5151 1415 5189 unum
1440 5134 1706 5197 collectis,
1729 5133 2042 5200 episcopum

483 5228 605 5268 esse
643 5210 972 5263 ordinatum.
1201 5233 1205 5236 -

553 5283 664 5356 (iii)
702 5283 778 5356 ’ᾙ
807 5281 892 5348 μὴ
931 5278 998 5330 δὲ
1035 5277 1152 5356 τῆς,
1182 5277 1419 5356 ψύξεως
1474 5271 2046 5356 cacumini-«315ch

485 5339 848 5408 Scrib'endur'n
878 5339 1048 5420 ‘puto,
1095 5339 1136 5400 ἆ
1174 5339 1306 5416 μηδὲ
1335 5347 1432 5413 τῆς
1478 5345 1688 5412 φύσεως
1739 5340 1885 5392 συλλ.
1923 5339 2049 5392 Vult

2151 4721 2314 4778 atque
2344 4713 2688 4779 gravitatem,
2746 4710 2940 4776 puellis
2985 4712 3238 4763 decorem
3270 4725 3332 4761 ac
3383 4721 3721 4768 venustatem

2152 4782 2370 4834 addere.
2402 4782 2533 4845 Qua:
2568 4779 2816 4847 sequitur
2866 4789 3046 4832 autem
3090 4781 3384 4845 sententia,
3438 4796 3543 4834 non
3586 4786 3724 4838 tales

2151 4866 2273 4904 esse
2326 4852 2536 4904 animos
2567 4847 2749 4918 qualia
2799 4857 2925 4902 sunt
2980 4864 3233 4916 corpora,
3270 4850 3365 4903 sed
3430 4866 3492 4904 ex
3551 4855 3721 4906 animi

2154 4920 2423 4973 institutis
2455 4936 2518 4972 ac
2564 4919 2808 4990 moribus
2859 4918 3085 4990 formam
3114 4932 3402 4984 carporum
3443 4922 3675 4989 exprimi
3705 4964 3723 4990 ,

2153 5006 2274 5043 meo
2329 4991 2544 5057 quidem
2593 4989 2801 5059 judicio
2857 4989 3080 5059 puerilis
3145 4997 3247 5053 cst,
3314 5004 3415 5043 nec
3469 4993 3722 5059 gravitati

2153 5060 2436 5127 scriptoris
2495 5057 2880 5112 Ecclesiasticaz
2930 5057 3180 5110 Historia:
3233 5057 3507 5113 convenit.
3559 5060 3727 5113 Miror

2155 5137 2335 5182 tamen
2393 5145 2510 5183 eam
2572 5132 2702 5181 adeo
2761 5127 3034 5194 placuisse
3087 5127 3410 5194 Nicephoro,
3466 5138 3524 5182 ut
3577 5131 3723 5185 illam

2162 5197 2415 5252 Historia;
2465 5214 2576 5252 sua:
2620 5199 2932 5251 inseruerit.
2976 5199 3421 5252 Emendationem
3480 5208 3721 5256 nostram

2157 5267 2446 5390 ριῦιιίῑιηιιιοι
2502 5268 2874 5337 Νῆροριιοιηιε,
2930 5276 2985 5319 ut
3041 5268 3226 5322 videre
3273 5276 3356 5322 est
3410 5268 3464 5322 in
3517 5285 3640 5338 cap.
3679 5287 3710 5333 υ

2179 5357 2188 5390 ι
2237 5377 2248 5390 .
2289 5354 2339 5390 x.

2179 5354 2248 5390 ιι).
2289 5354 2339 5391 Χ.

1920 5513 2304 5571 VARIORUM.

567 5632 594 5662 ι
631 5622 846 5679 Ἀέτιον
883 5618 970 5673 δέ.
1002 5618 1187 5674 Brevis
1221 5625 1304 5673 est
1328 5615 1524 5690 Juliani
1553 5612 1630 5690 _ad
1659 5612 1873 5690 Actium
1933 5610 2048 5690 epi-

485 5695 648 5760 stola,
676 5703 730 5750 et
761 5695 840 5748 sic
867 5707 924 5746 se
949 5691 1110 5762 habet
1137 5708 1147 5742 :
1178 5691 1394 5762 Δοιποῖς
1429 5686 1525 5762 μὲν
1551 5685 1720 5737 ᾶπασι
1740 5682 2048 5762 _——_(_Jteteris

485 5755 724 5822 omnibus
757 5764 845 5833 qui
878 5779 908 5815 a
938 5759 1249 5816 Constantio
1281 5756 1671 5833 ritandefuncto
1701 5755 1849 5821 ejecti
1875 5755 2053 5833 patria

487 5840 719 5906 fuerant,
768 5822 977 5906 propter
1032 5832 1316 5884 amentiam
1381 5825 1743 5906 Galilwcrum,
1809 5822 2052 5906 ersilium

487 5894 796 5966 condonavi.
852 5894 920 5960 Te
968 5912 1143 5956 autent
1197 5917 1296 5954 non
1342 5900 1512 5954 solum
1560 5913 1620 5950 ea
1658 5911 1805 5964 pwua
1858 5894 2055 5958 lilicro,

2154 5609 2328 5662 rerum
2393 5609 2549 5661 etiam
2595 5623 2791 5660 memor
2840 5611 3076 5674 pristina:
3130 5608 3518 5661 consuetudinis
3572 5617 3727 5674 atque

2158 5679 2405 5732 amicitia:
2452 5689 2667 5742 nostra,
2709 5679 2893 5732 hortor
2951 5689 3006 5730 ut
3057 5679 3125 5731 ad
3170 5695 3262 5732 nos
3301 5679 3498 5731 venias.
3551 5675 3724 5731 Uteris

2160 5750 2581 5803 autenwehiculo
2609 5749 2814 5816 publica
2853 5765 3013 5817 usque
3049 5751 3116 5803 ad
3147 5760 3382 5805 nostram
3439 5747 3727 5814 cohortem,

2160 5833 2207 5874 et
2238 5838 2338 5874 uno
2365 5822 2635 5891 par/lippo.
2673 5819 2842 5892 Epist.
2869 5821 2953 5874 3i.
