4452 6598
829 421 959 479 1251

2269 422 2614 479 SOZOMl-INI

3943 427 4087 483 125?.

827 537 1021 591 animi.
1078 537 1184 591 Sed
1239 553 1302 593 ex
1339 540 1522 594 .anin'.‘
1586 538 1858 593 institutis
1912 537 2090 591 forma
2147 539 2585 607 corporisAql-J;

2327 541 2403 592 ris
2434 544 2475 597 Λ
2503 538 2684 608 ψυχῆς
2712 538 3140 610 ἐπιτηδεύμασιν
3164 542 3602 607 ἀπεικονίζεσοαι
3629 543 3688 595 τὸ
3712 542 3805 596 τοῦ
3828 543 4085 611 σώματος

827 630 1161 697 exprimitur
1190 649 1204 683 :
1238 642 1292 684 et
1324 636 1711 701 atriisqnisque
1740 632 2055 697 cuiusmodi
2082 630 2285 686 studiis
2311 632 2407 687 de-

827 721 975 774 ditus
1005 728 1090 773 est
1106 761 1122 784 ,
1157 721 1471 789 hujttsinodi
1494 724 1659 775 etiam
1686 732 1912 790 apparet
1932 735 2001 775 eo
2024 730 2270 791 tempore
2291 737 2406 790 quo

828 812 879 864 in
905 812 1106 865 studiis
1140 812 1252 864 illis
1293 819 1567 864 versatur.
1604 811 1672 865 Et
1699 812 1825 865 huic
1846 811 2069 881 quidem
2093 812 2403 878 sententiae,

827 903 873 954 si
909 902 1037 970 quis
1068 911 1261 956 exacte
1301 917 1413 956 rem
1456 904 1812 972 cxpenderit,
1854 920 2051 969 neruo,
2084 912 2145 957 ut
2182 902 2403 972 opinor,

825 991 1192 1046 contradicet.
1223 991 1493 1045 Caeterum
1524 994 1677 1046 aiunt
1704 993 2067 1046 Athanasium
2103 993 2403 1062 impulsum

826 1082 1012 1136 divina
1044 1083 1288 1147 visione,
1323 1100 1445 1153 qua:
1480 1084 1660 1153 ipsum
1714 1085 1817 1139 hac
1862 1085 2079 1139 ratione
2115 1092 2401 1139 servatura

828 1176 897 1228 iri
949 1183 1274 1237 monuerat,
1329 1175 1399 1228 ad
1447 1190 1567 1229 eam
1616 1176 1882 1245 virginem
1930 1177 2269 1248 confugisse.
2323 1180 2403 1232 Ac

828 1265 964 1319 mihi
1010 1266 1229 1336 quidem
1274 1267 1330 1319 in
1376 1265 1455 1319 rei
1500 1267 1670 1320 totius
1716 1270 1923 1321 exitum
1968 1267 2236 1330 intuenti,
2286 1266 2404 1322 haec

830 1372 938 1412 non
973 1358 1181 1426 absque
1214 1356 1309 1411 hci
1344 1367 1481 1412 nutu
1511 1358 1768 1412 videntur
1807 1373 1931 1413 esse
1961 1358 2268 1428 disposita:
2306 1358 2401 1414 sed

830 1458 890 1502 ut
930 1448 1224 1520 propinqui
1262 1449 1550 1503 Athanasii
1597 1450 1803 1503 nullam
1850 1451 2189 1504 sustinerent
2234 1451 2403 1505 mole-

828 1543 991 1594 stiam
1014 1581 1031 1606 ,
1064 1539 1112 1594 si
1143 1540 1396 1622 quiseos
1428 1541 1701 1604 serutari,
1732 1550 1785 1595 et
1826 1543 2043 1595 curiose
2086 1540 2155 1595 de
2195 1540 2288 1596 illo
2318 1541 2402 1594 in-

827 1631 1052 1701 quirere
1079 1631 1380 1693 volnisset,
1431 1640 1525 1684 aut
1557 1632 1749 1700 jurare
1793 1633 1959 1686 etiam
1997 1633 2355 1702 compulisset
2384 1651 2398 1687 :

827 1730 883 1776 et
914 1728 974 1774 ut
1007 1722 1126 1790 ipse
1168 1722 1419 1776 occultus
1462 1721 1703 1776 latitaret
1744 1722 1888 1791 apud
1933 1736 2056 1776 eam
2098 1722 2400 1792 virginem,

828 1828 950 1885 quae
975 1814 1046 1869 ob
1081 1813 1268 1869 forma:
1296 1815 1517 1884 quidem
1551 1823 1890 1871 venustatem
1924 1830 2038 1870 non
2070 1815 2289 1870 sinebat
2340 1822 2402 1869 ut

2508 626 2641 699 ἦθος
2673 643 2690 658 ⁸
2737 632 2958 683 καὶτὸν
3002 633 3166 684 αὐτὸν
3217 634 3366 697 ὅπως
3415 635 3483 688 ἂν
3533 634 3675 707 τύχῃ
3725 637 4080 705 ἐπιτηδεύων,

2508 720 2744 774 τοιοῦτον
2797 722 2894 774 καὶ
2931 723 3304 791 διαφαίνεσῡαι
3329 765 3345 787 ,
3394 724 3513 777 καθ’
3556 726 3616 778 ὃν
3661 726 3727 778 ἂν
3771 727 4083 795 ἐπιτηδεύει

2511 813 2701 883 καιρόν
2720 827 2736 841 ⁸
2785 814 2881 866 καὶ
2902 813 3078 881 τούτῳ
3102 814 3202 884 μὲν
3228 815 3306 884 τῷ
3346 815 3486 884 λόγῳ
3518 816 3573 867 εἴ
3599 833 3684 879 τις
3724 818 3961 887 ἀκριϐῶς
3990 817 4082 881 ἐξ·

2508 899 2783 964 ετάσειεν,
2819 900 2996 963 οὐδεὶς
3022 896 3173 970 οἶμαι
3204 903 3436 971 ἀντερεῖ.
3473 903 3784 957 Ἀθανασιον
3809 907 3864 958 δὲ
3896 908 4078 973 λόγος,

2507 990 2652 1044 κατὰ
2678 991 2828 1045 Θείαν
2865 992 2987 1061 ὄψιν
3022 992 3122 1046 ὡδὶ
3152 993 3492 1063 ὑποθεμένην
3536 995 3682 1064 αύτῷ
3712 996 4078 1064 σωθήσεσθαι,

2507 1083 2647 1153 πρὸς
2700 1082 2908 1153 ταύτην
2950 1084 3049 1153 τὴν
3098 1083 3364 1155 παρθένον
3415 1090 3768 1154 καταφυγεῖν.
3827 1088 3934 1139 Καί
3982 1106 4081 1156 μοι

2504 1174 2654 1226 δοκεῖ
2701 1172 2838 1247 πρὸς
2866 1174 2968 1246 τὴν
3001 1174 3269 1228 ἀπόϐασιν
3299 1175 3529 1245 ὁρῶντι,
3578 1178 3678 1229 οὐκ
3711 1178 3857 1229 ἀθεεὶ
3900 1180 4078 1232 ταῦτα

2506 1265 2925 1336 οἰκοωμηθῆναι
2946 1283 2962 1297 ·
2994 1264 3108 1319 ἀλλ’
3136 1265 3278 1319 ὥστε
3323 1268 3415 1320 καὶ
3449 1270 3577 1331 τοὺς
3598 1269 3919 1322 Ἀθανασίου
3961 1274 4080 1324 ἑπι-

2505 1358 2747 1428 τηδείους
2788 1359 2866 1427 μὴ
2920 1358 3067 1428 ἔχειν
3112 1359 3449 1429 πράγματα,
3480 1359 3534 1412 εἴ
3560 1378 3645 1424 τις
3693 1362 3883 1424 αὐτοὺς
3912 1363 4080 1414 πολυ-

2507 1453 2841 1523 πραγμονεῖν
2899 1452 3228 1522 περὶαύτοῦ
3280 1453 3716 1522 ἐπιχειρήσειεν,
3766 1455 3798 1522 ἦ
3842 1454 4078 1522 ὀμνύναι

2506 1542 2760 1596 ἐϐιάσατο
2778 1559 2792 1573 ·
2822 1543 2918 1596 καὶ
2948 1543 3109 1595 αὑτὸν
3153 1542 3425 1599 διαλαθεῖν
3462 1544 3609 1614 παρὰ
3637 1545 3809 1615 ταύτῃ
3837 1546 4077 1612 κρυπτὸ-

2509 1648 2669 1701 μενον
2688 1672 2705 1697 ,
2730 1634 2766 1703 ἢ
2809 1631 2887 1701 τῷ
2919 1633 3019 1703 μὲν
3046 1632 3230 1685 κάλλει
3256 1672 3271 1696 ,
3300 1635 3362 1685 οὐ
3411 1632 3705 1704 συνεχώρει
3735 1635 4077 1687 ὑπονοεῖσθαι

2506 1723 2692 1778 ἐνθάδε
2732 1724 2938 1792 διάγειν
2983 1724 3072 1777 τὸν
3113 1726 3281 1794 ἱερέα.
3313 1728 3391 1777 Δι’
3412 1726 3663 1795 ἀνδρείαν
3694 1726 3751 1779 δὲ
3781 1726 3944 1779 αὐτὸν
3971 1726 4079 1777 ὕπ-

2506 1810 2756 1876 εδέξατο,
2790 1814 2884 1865 καὶ¹
2924 1811 3014 1865 διὰ
3045 1813 3307 1883 φρόνησιν
3337 1813 3621 1866 ἀπέσωσεν
3645 1829 3660 1843 ·
3694 1813 3787 1866 ἐπὶ
3818 1812 4077 1867 τοσοῦτον

829 1907 955 1976 quis
1001 1906 1343 1961 sacerdotem
1398 1906 1511 1961 illic
1560 1906 1759 1975 degere
1812 1908 2229 1976 suspicaretur;
2286 1922 2400 1975 prae
2433 1896 2587 1954 Βπισ

2314 1922 2400 1961 ,τε
2433 1896 2475 1950 Β
2502 1902 2799 1971 πιστοτάτη
2847 1902 3020 1971 φύλαξ
3072 1903 3164 1954 καὶ
3215 1902 3461 1965 διάκονος
3494 1902 3757 1955 σπουδαία
3779 1904 4072 1973 γενομένη,

830 1996 1000 2049 animi
1033 2004 1214 2049 autem
1243 1996 1562 2051 fortitudine
1591 2013 1716 2050 cum
1750 1999 2001 2065 excepit,
2030 2005 2084 2051 et
2112 1996 2399 2064 prudentia
2494 1995 2570 2059 ὡς

2324 1997 2399 2050 tia
2494 1995 2570 2059 ὡς
2618 1995 2783 2058 πόδας
2824 1993 2989 2048 αὐτοῦ
3024 1995 3266 2057 νίπτειν,
3312 1997 3405 2048 καὶ
3450 1996 3519 2047 τὰ
3563 1996 3690 2065 περὶ
3732 1995 3933 2067 τροςὴν
3978 1995 4079 2047 καὶ

829 2102 929 2141 sua
963 2088 1224 2143 servavit.
1276 2084 1459 2154 USt|llB
1507 2086 1642 2140 adeo
1688 2086 1792 2139 lida
1837 2094 2067 2150 custos,
2108 2096 2161 2140 et
2211 2084 2399 2140 sedula
2496 2087 2587 2139 τ’ὶ

2317 2086 2399 2140 ula
2496 2087 2543 2137 τ’
2573 2085 2707 2139 ἄλλα
2739 2086 2915 2138 πάντα
2934 2124 2948 2145 ,
2976 2085 3067 2137 καὶ
3092 2085 3191 2136 ὅσα
3221 2086 3381 2152 φύσις
3411 2085 3700 2154 ὑπομένειν
3731 2086 3971 2154 βιάζεται
4011 2087 4075 2137 ἐν

830 2180 951 2248 ejus
999 2179 1285 2241 ministra,
1322 2185 1382 2232 ut
1426 2185 1483 2232 et
1532 2179 1695 2247 pedes
1725 2179 1776 2231 ei
1816 2178 2053 2242 lavaret,
2103 2186 2158 2232 et
2200 2192 2289 2232 res
2332 2178 2403 2231 ad
2498 2179 2588 2230 ταί

2332 2178 2403 2231 ad
2498 2179 2619 2239 ταῖς
2648 2174 3101 2241 κατεπειγούσαις
3134 2175 3375 2243 χρείαις,
3411 2175 3576 2244 μόνην
3617 2175 3785 2243 αὐτὴν
3810 2174 4077 2231 διακονεῖ-

831 2276 1036 2327 victum
1070 2271 1445 2337 necessarias,
1491 2285 1554 2325 ac
1592 2271 1800 2340 reliqua
1831 2271 2035 2331 omnia,
2066 2285 2405 2341 qumcunque
2502 2267 2589 2319 σοι

2318 2285 2405 2341 lue
2502 2267 2660 2319 σθαι·
2689 2267 2911 2336 προσέτι
2937 2267 2994 2318 δὲ
3019 2267 3114 2319 καὶ
3146 2265 3357 2333 βίϐλους
3388 2260 3463 2319 ὢν
3488 2266 3658 2319 ἐδεῖτο
3676 2308 3692 2331 ,
3741 2267 3869 2336 παρ’
3894 2265 4076 2318 ἄλλων

831 2375 1037 2421 naturze
1069 2365 1372 2421 necessitas
1401 2365 1603 2435 exigit,
1637 2365 1727 2417 ubi
1772 2380 1910 2434 opus
1937 2372 2115 2427 esset,
2152 2365 2268 2419 sola
2311 2378 2407 2433 per
2500 2374 2589 2426 κοίη

2321 2378 2407 2433 per
2500 2355 2766 2426 κομίζειν.
2796 2350 2910 2407 Κατ
2947 2355 3041 2406 ἐπὶ
3084 2352 3268 2422 πολλῷ
3296 2352 3472 2423 χρόνῳ
3515 2353 3628 2425 (τι)
3665 2352 3866 2404 τούτων
3919 2367 4079 2418 γενος

831 2474 892 2513 se
927 2458 1308 2514 ministraret:
1341 2458 1513 2512 libros
1543 2466 1805 2526 praeterea
1836 2458 2038 2526 quibus
2069 2457 2158 2511 ille
2190 2455 2401 2527 indige-

836 2549 970 2613 bat,
1002 2549 1074 2603 ab
1107 2549 1231 2604 aliis
1272 2548 1646 2604 commodatos
1692 2548 1912 2602 alTerret
1946 2567 1961 2603 :
2010 2555 2066 2602 et
2096 2544 2402 2617 longissimi

2512 2449 2687 2519 μένων
2705 2487 2721 2509 ,
2754 2446 2959 2515 μηδένα
2983 2443 3091 2497 τῶν
3124 2443 3519 2497 κατοικούντων
3550 2444 3650 2513 τὴν
3685 2441 4080 2512 Ἀλεξανδρέων

2508 2539 2666 2593 πόλιν
2693 2537 2903 2607 μαθεῖν.

831 2639 1095 2709 temporis
1126 2639 1308 2702 spatio
1350 2654 1460 2708 quo
1496 2640 1613 2694 haec
1645 2640 1996 2709 gerebantur,
2032 2654 2194 2694 nemo
2222 2646 2409 2692 tamen
2442 2648 2509 2690 ex
2542 2629 2934 2685 Alexandrinis
2965 2627 3181 2683 civibus
3210 2642 3324 2681 rem
3356 2633 3736 2697 cognosceret.

1362 2754 1525 2826 139
1560 2753 1713 2810 CAP.
1765 2753 1878 2809 vu.

834 2846 912 2901 De
942 2846 1083 2903 cede
1113 2855 1163 2902 et
1198 2848 1461 2901 tractionc
1494 2845 1708 2915 Georgii
1738 2846 2094 2900 Alexandrini
2126 2845 2400 2914 episcopi,

903 2917 967 2971 ob
994 2934 1058 2988 ca
1088 2934 1211 2988 quae
1243 2918 1301 2970 in
1339 2919 1529 2988 (arripio
1570 2914 1783 2988 ﬂium:
1813 2919 2162 2979 acciderant;
2192 2927 2241 2969 ct
2277 2914 2404 2984 quid

904 3004 970 3042 ea
998 2986 1065 3042 dc
1097 2984 1153 3042 re
1186 2988 1455 3055 scripserit
1484 2984 1761 3040 Julianus.

908 3135 976 3191 Et
1028 3136 1364 3194 Athanasius
1402 3137 1621 3209 quidem
1663 3139 1765 3193 hoe
1807 3137 1970 3195 modo
2010 3146 2299 3202 servatus,
2342 3150 2406 3191 ac
2432 3145 2476 3203 (ζ

838 3238 1037 3299 praeter
1063 3229 1306 3283 omnium
1336 3229 1795 3298 exspectationem
1829 3230 1884 3281 in
1912 3228 2154 3283 Ecclesia
2185 3243 2412 3298 conspe-

840 3328 1000 3384 ctus,
1048 3319 1322 3373 undenam
1374 3318 1670 3388 prodiisset
1727 3319 2107 3388 ignorabatur.
2168 3317 2410 3387 Populus

840 3420 1023 3465 autem
1056 3409 1464 3465 Alexandrinus
1493 3412 1703 3480 ingenti
1735 3412 1935 3480 gaudio
1969 3411 2249 3465 exsultans
2270 3450 2285 3472 ,
2318 3426 2410 3465 ec-

838 3504 1038 3558 clesias
1065 3502 1113 3556 ei
1148 3500 1393 3555 tradidit.
1424 3503 1610 3555 An’ani
1643 3503 1811 3571 igitur
1842 3502 2096 3558 ecclesiis
2144 3502 2316 3570 pulsi,
2353 3503 2408 3556 in

838 3595 1068 3664 privatis
1091 3592 1301 3648 aedibus
1324 3602 1630 3647 conventus
1664 3608 1797 3647 suos
1824 3595 2117 3661 separatim
2146 3604 2406 3663 egerunt,

837 3701 962 3739 cu-m
1011 3683 1241 3738 Lucium
1280 3682 1610 3753 quemdam,
1651 3682 1869 3754 Georgii
1904 3685 2058 3746 loco,
2087 3685 2405 3754 episcopum

840 3785 1003 3832 seetzae
1030 3789 1140 3829 suae
1172 3774 1607 3829 constituissent.
1642 3772 1760 3827 .lam
1786 3776 1933 3829 enim
1954 3775 2408 3847 Georgiusinter—

838 3877 1057 3938 emptus
1092 3866 1289 3921 fuerat.
1336 3864 1472 3919 Nam
1517 3866 1680 3920 simul
1726 3875 1889 3935 atque
1922 3869 2277 3937 magistratus
2312 3883 2410 3936 pa-

841 3958 947 4011 lam
981 3955 1243 4010 fecissent
1263 3992 1277 4017 ,
1310 3953 1691 4008 Constantium
1723 3956 1939 4023 quidem
1958 3959 2283 4023 ‘mortuuni,
2311 3956 2409 4011 Ju-

842 4051 1049 4103 lianum
1078 4061 1210 4101 vero
1250 4047 1316 4099 ad
1350 4046 1639 4115 imperium
1673 4055 1920 4100 evectum
1973 4064 2131 4111 esse,
2172 4048 2409 4113 Alexan-

844 4141 1133 4195 drinorum
1165 4138 1450 4208 gentiliqu
1498 4137 1689 4206 vulgus
1739 4139 2061 4192 seditionem
2095 4142 2406 4196 commovit.

840 4233 1274 4298 Clamantesque
1305 4228 1577 4288 universi,
1599 4236 1653 4281 et
1673 4229 1936 4282 conviciis
1964 4245 2088 4282 eum
2122 4230 2406 4285 incessen-

841 4336 953 4387 tes,
985 4322 1251 4389 impetum
1280 4320 1334 4374 in
1376 4334 1501 4374 eum
1541 4319 1822 4378 fecerunt,
1874 4320 2021 4373 velut
2062 4320 2290 4389 jamjam
2324 4322 2409 4375 iu-

841 4411 1154 4470 terlecturi.
1204 4410 1404 4466 Verum
1453 4412 1660 4480 impetu
1714 4410 1899 4466 statim
1955 4427 2240 4482 represso,
2290 4422 2406 4474 tum

3108 2745 3357 2803 KE‘I‘AA.
3410 2747 3484 2798 Z'.

2511 2840 2655 2906 Περὶ
2681 2837 2789 2904 τῆς
2811 2837 3172 2905 ἀναιρέσεως
3207 2838 3304 2907 καὶ
3338 2836 3443 2907 τοῦ
3468 2836 3749 2907 θριάμϐου
3782 2840 3831 2891 Γ
3831 2839 4083 2907 εωρτίσυ

2581 2908 2689 2961 τοῦ
2731 2907 3206 2974 Ἀλεξανδρείας,
3228 2906 3327 2961 διὰ
3362 2906 3434 2959 τὰ
3472 2907 3542 2959 ἐν
3572 2906 3652 2971 τῷ
3680 2910 3897 2974 Μιθρίῳ
3918 2906 4080 2972 σινι-

2580 2977 2767 3031 ϐάντα
2789 2995 2804 3009 ο
2849 2976 2948 3030 καὶ
2992 2972 3087 3029 οἵα
3140 2978 3402 3045 ἔγραψεν
3435 2977 3754 3043 Ἰουλιανὸς
3788 2972 3929 3045 ⁷περὶ
3966 2976 4084 3044 τῆς

2580 3049 2860 3112 τοιαύτης
2896 3047 3255 3112 ὑποθέσεως.

2594 3141 2653 3193 '0
2687 3139 2786 3210 μὲν
2810 3135 2904 3191 οὖν
2945 3137 3260 3202 Ἀθανάσιος
3294 3130 3395 3191 ὧδε
3421 3137 3702 3202 διασωθεὶς
3723 3178 3736 3202 ,
3756 3138 3851 3192 καὶ
3875 3139 4086 3204 ἀπροσ-

2511 3232 2754 3302 δοκήτως
2781 3233 2839 3283 ὲν
2865 3234 2933 3301 τῇ
2968 3231 3261 3301 Ἐκκλησία
3285 3231 3478 3299 φανεὶς
3494 3272 3510 3293 ,
3533 3230 3640 3284 οὐδ’
3662 3230 3784 3284 ὅθεν
3810 3230 4084 3301 προῆλθεν

2513 3320 2839 3389 ἐγινώσκετο
2856 3337 2870 3350 ·
2901 3321 3204 3391 περιχαρὴς
3229 3320 3286 3372 δὲ
3312 3318 3602 3388 γενόμενος
3628 3321 3657 3371 ὁ
3680 3317 3790 3370 τῶν
3821 3317 4081 3380 Ἀλεξανο

2510 3412 2680 3484 δρέων
2758 3412 2884 3475 λαὸς
2915 3452 2931 3476 ,
2992 3411 3092 3474 τὰς
3159 3409 3451 3480 ἐκκλησίας
3522 3410 3670 3479 αὐτῷ
3734 3408 4080 3481 παρέδωκεν.

2510 3504 2896 3573 Ἐκδληϐἐντες
2913 3503 2969 3554 δὲ
2988 3504 3039 3555 οἱ
3062 3503 3128 3555 τὰ
3155 3502 3360 3572 Ἀρείου
3392 3500 3710 3573 φρονοῦντες
3730 3541 3744 3563 ,
3769 3502 3827 3552 ἐν
3855 3499 4084 3554 ἰδιωτῶν

2510 3595 2707 3656 οἰκίαις
2775 3594 2896 3647 καθ’
2953 3594 3214 3655 ἑαυτοὺς.
3241 3592 3635 3662 ἐκκλησίαζον,
3680 3593 3907 3645 Λούκιον
3955 3592 4084 3645 ἀντὶ

2510 3686 2782 3756 Γεωργίου
2801 3725 2817 3747 ,
2847 3686 2949 3754 τῆς
2981 3685 3163 3739 αὐτῶν
3213 3685 3474 3753 αἱρέσεως
3516 3685 3810 3736 ἐπίσκοπον
3838 3683 4085 3754 προϐαλ-

2510 3774 2746 3844 λόμενοι.
2792 3776 2830 3826 Γ
2834 3774 3060 3845 εώργιος
3109 3773 3167 3827 δὲ
3210 3773 3399 3844 ἔτυχεν
3445 3774 3546 3844 ήδη
3600 3774 3931 3844 ἀναιρεθείς·
3960 3776 4082 3844 ἅμα

2511 3867 2618 3936 γὰρ
2645 3866 2877 3935 δημοσίᾳ
2919 3865 3074 3935 δῆλον
3098 3865 3360 3935 ἐποίησαν
3387 3866 3437 3916 οἱ
3478 3867 3733 3934 ἄρχονπες
3765 3865 4082 3935 τετελευτη-

2510 3959 2663 4011 κέναι
2686 3957 3059 4011 Κωνστάντιον
3082 3998 3097 4019 ,
3137 3957 3510 4028 αὐτοκράτορα
3531 3957 3586 4010 δὲ
3625 3956 3903 4010 Ἰουλιανδν
3938 3952 4080 4009 εἶναι

2510 4050 2798 4102 ἐστασίασε
2824 4050 2883 4102 τὸ
2925 4048 3233 4119 Ἑλληνικὸν
3276 4046 3475 4118 πλῆθος
3515 4048 3621 4101 τῶν
3662 4049 4074 4117 Ἀλεξανδρέων.

2511 4140 2855 4210 Κεκραγὸτες
2878 4156 2937 4192 τε
2966 4140 3059 4192 καὶ
3084 4138 3478 4209 λοιδορούμενοι
3503 4139 3764 4210 ὥρμησαν
3785 4140 3872 4190 ἐπ’
3891 4139 4076 4199 αὐτὸν,

2508 4232 2584 4294 ὡς
2628 4233 2969 4302 παραχρῆμα
3013 4231 3399 4300 ἀναιρήσοντες
3424 4245 3438 4259 ’
3482 4229 3848 4292 ἀνακοπέντες
3888 4229 3945 4281 δὲ
3976 4232 4078 4299 τῆς

2511 4324 2826 4393 παραυτίκα
2854 4323 3033 4394 ὁρμῆς
3059 4363 3074 4387 ,
3101 4323 3221 4376 τότε
3254 4322 3353 4392 μὲν
3391 4322 3553 4375 αὑτὸν
3586 4325 3644 4375 ὲν
3664 4323 3880 4393 δεσμοῖς
3907 4317 4074 4390 εἶχον.

2468 4414 2624 4468 Ὀύκ
2680 4417 2759 4480 εἰς
2817 4416 3035 4486 μακρὰν
3079 4416 3137 4469 δὲ
3191 4412 3629 4484 καταδραμόντες
3681 4413 3847 4466 ἕωθεν
3890 4416 3967 4476 εἰς
4012 4412 4078 4465 τὸ

2026 4590 2291 4645 VALESll
2319 4591 2865 4647 ANNOTATIONES.

911 4708 1163 4793 στλβᾳὶ
1182 4707 1278 4763 ἐπὶ
1306 4704 2088 4793 30.1.16!‘7_pr5r(p.‘Qlll(ll3llq1le
2120 4707 2409 4793 huiusca-
2443 4706 2487 4760 D
2515 4717 2601 4763 est
2621 4707 2669 4761 (ἶ

2316 4721 2409 4759 ea-
2443 4706 2487 4760 D
2515 4717 2601 4763 est
2621 4707 3006 4791 Constantius.
3039 4708 3307 4793 (galerum.
3334 4707 3692 4793 Athanasium
3728 4707 4073 4793 apiiduistam

842 4776 971 4851 pilis
997 4776 1563 4851 titulumcomposuit,
1607 4777 1723 4851 sive
1752 4776 2089 4844 Neephorus
2117 4776 2403 4851 Gallistus,

841 4846 955 4906 sive
982 4852 1107 4918 quis
1158 4848 1321 4907 alius.
1366 4846 1736 4918 Athanasium
1795 4854 1997 4918 septem
2036 4846 2219 4918 annis
2261 4847 2406 4918 apud

842 4915 1059 4975 sacram
1111 4918 1377 4987 virginem
1419 4916 1664 4970 latitasse
1694 4918 1907 4987 scribit.
1945 4915 2052 4969 Sed
2094 4918 2140 4970 si
2188 4915 2311 4971 rem’
2337 4917 2402 4985 ad

841 4998 1066 5044 exactos
1088 4986 1329 5041 calculos
1348 5000 1604 5040 revocare
1622 4986 1975 5049 voluerimus,
1992 5000 2084 5040 sex
2104 4990 2402 5048 tantum“,

840 5073 1047 5128 eosque
1082 5073 1191 5111 non
1234 5057 1694 5128 integroshannos
1730 5070 1853 5128 eum
1902 5055 2132 5128 latuisse
2161 5055 2405 5128 reperief

841 5125 973 5184 mus
1001 5146 1015 5181 :
1064 5128 1134 5182 ab
1167 5134 1366 5179 octavo
1397 5125 1608 5180 scilicet
1654 5125 1941 5179 consulatu
1979 5125 2309 5187 Constantii,
2334 5125 2401 5178 ad

841 5198 1189 5255 consulatum
1214 5192 1380 5249 Tauri
1408 5204 1465 5249 et
1505 5194 1784 5260 Florentii,
1815 5208 1927 5262 quo
1970 5209 2114 5249 anno
2152 5204 2404 5250 mortuus

2512 4793 2724 4831 sacram
2759 4779 3021 4847 virginem
3059 4778 3245 4847 tandiu
3295 4778 3522 4847 latuisse
3552 4778 3637 4830 vix
3681 4778 3941 4833 credibile
3964 4790 4072 4835 est.

2506 4849 2792 4902 Assentior
2845 4846 3027 4916 potius
3054 4846 3315 4916 Gregorio
3344 4846 3707 4911 Nazianzeno,
3738 4848 3828 4915 qui
3866 4851 3920 4900 in
3946 4864 4074 4902 ora-

2507 4922 2655 4971 tione
2678 4919 2739 4972 2l
2775 4918 2851 4971 ait
2870 4919 3252 4982 Athanasium,
3286 4925 3409 4986 post
3442 4918 3742 4983 ingressum
3773 4926 3827 4969 et
3854 4918 4075 4971 ordina-

2506 4989 2710 5041 tionem
2735 4986 2975 5056 Georgii.
3000 4987 3272 5056 recepisse
3295 5003 3354 5041 se
3385 4987 3439 5040 in
3466 4986 3683 5057 Egypti
3711 4991 4070 5057 monasteria,

2506 5057 2691 5126 ibique
2722 5058 2950 5111 latuisse
2985 5073 3158 5126 usque
3194 5057 3259 5109 ad
3294 5056 3662 5125 principatum
3701 5056 3925 5110 Iuliani.
3969 5059 4074 5112 So-

2510 5129 2721 5181 zomeni
2755 5137 2934 5181 tamen
2984 5128 3354 5181 narrationem
3383 5128 3671 5180 conﬁrmat
3711 5126 3984 5184 Palladius
4016 5129 4074 5182 in

2509 5195 2791 5260 Lausiaca,
2820 5212 2939 5266 cap.
2972 5196 3093 5251 l35.

2283 5372 2672 5431 VARIORUM.

919 5499 970 5534 ι’
997 5489 1331 5545 Athanasius
1360 5486 1741 5558 Alexandriam
1775 5490 1919 5543 circa
1949 5503 2188 5543 mensem
2223 5488 2408 5558 Augu-

845 5574 992 5620 stum
1037 5561 1165 5616 anni
1223 5559 1332 5613 362
1378 5557 1690 5627 adventavit
1743 5558 2037 5628 :ideoque
2084 5573 2272 5613 verum
2318 5557 2410 5613 est

845 5648 969 5687 eum
1005 5646 1102 5701 per
1144 5639 1350 5697 septem
1392 5642 1575 5701 annos
1605 5627 1908 5701 delituisse.
1953 5627 2034 5681 Illi
2064 5633 2245 5701 tamen
2278 5628 2408 5683 anni

847 5694 1120 5769 utrim'que
1171 5694 1881 5769 ineornpletimumerandi
1930 5705 2092 5769 sunt,
2140 5698 2209 5751 ab
2267 5711 2412 5752 anno

846 5771 973 5832 356.
1006 5766 1072 5823 ad
1105 5784 1307 5822 annmn
1338 5767 1460 5820 562.
1493 5766 1594 5832 Qui
1632 5767 1883 5835 loquendi
1918 5768 2134 5831 modus,
2173 5775 2230 5820 ut
2272 5782 2413 5836 saepe

849 5843 1001 5905 alibi,
1035 5840 1248 5908 decepit
1282 5838 1572 5893 \"alesium.
1607 5838 1873 5906 Antiquos
1909 5838 2263 5907 iucompletos
2296 5839 2409 5908 plc-

2506 5507 2736 5562 rumque
2766 5505 2889 5562 gpro
2936 5490 3165 5561 integris
3226 5505 3555 5562 numerare,
3611 5491 3758 5545 mille
3809 5492 4077 5561 exemplis

2508 5560 2695 5632 liquet.
2764 5560 3069 5626 Praeterea,
3118 5568 3201 5615 est
3248 5560 3338 5615 hic
3393 5571 3620 5616 octavus
3678 5560 4076 5632 persecutionis

2508 5630 2888 5687 Athanasianae
2944 5645 3143 5695 annus,
3179 5646 3301 5699 qua
3356 5640 3535 5700 empta
3595 5640 3680 5687 est
3731 5638 3857 5684 ante
3910 5630 4075 5684 liuent

2509 5701 2631 5771 Maii
2662 5703 2791 5755 anni
2816 5701 2943 5765 355,
2967 5716 2995 5753 a
3016 5699 3462 5771 rconeiliornempe
3478 5699 3887 5757 Mediolauensi.
3919 5703 4074 5771 (Ant.

2508 5770 2661 5844 Pagi,
2696 5774 2762 5826 ad
2798 5786 2930 5826 ann.
2962 5770 3087 5835 562,
3123 5786 3176 5823 n.
3210 5770 3323 5841 Η.)
