4452 6598
459 489 601 545 1-253

1394 478 1717 539 HISTORIA
1754 474 2307 537 ECCLESIASTICA.
2348 508 2416 522 —
2459 478 2587 535 LIB.
2645 478 2709 534 ν.

3566 471 3714 526 1234-

455 610 831 682 δεσμωτήριον
857 648 871 675 ,
902 608 1217 682 ἀναιροῦσιν
1265 609 1428 663 αὐτόν
1454 625 1467 639 ο
1500 608 1595 662 καὶ
1645 606 1875 677 καμήλῳ
1918 605 2036 658 ἐπι-
2070 611 2114 668 Α
2142 622 2213 677 qu

1949 621 2036 658 πι-
2070 611 2114 668 Α
2142 605 2363 677 quidem
2410 618 2534 659 cum
2586 602 2643 657 in
2685 599 2901 655 vincula
2946 595 3320 667 coniecerunt.
3365 591 3537 648 Paulo
3583 598 3707 661 post

455 702 660 765 θέντες,
685 700 1143 774 διημερεύσαντες
1172 718 1233 754 τε
1265 701 1324 754 ἐν
1342 703 1464 765 ταῖς
1490 700 1611 755 κατ’
1630 699 1795 753 αὐτοῦ
1822 697 2032 771 ὕϐρεσι,

457 793 583 864 περὶ
623 792 804 864 δείλην
838 792 998 863 ὀψίαν
1044 792 1177 861 πυρὶ
1209 791 1552 863 παρέδωκαν.
1583 792 1699 845 Οὐκ
1739 790 1919 861 ἀγνοῶ
1956 790 2032 857 δὲ,

455 884 530 947 ὡς
553 885 602 937 οἱ
629 884 737 939 ἀπὸ
767 884 869 955 τῆς
899 884 1106 955 Ἀρείου
1131 884 1426 954 αἱρέσεως,
1449 884 1575 939 τάδε
1598 882 1816 951 λέγουσι
1843 880 2036 935 παθεῖν

456 978 549 1031 τὸν
577 977 850 1049 Γεὼργιον
882 978 1017 1049 πρὸς
1045 978 1155 1031 τῶν
1187 977 1279 1031 τοῦ
1310 976 1631 1031 Ἀθανασίου
1661 974 2030 1029 σπουδαστῶν.

470 1068 612 1136 Ἐγὼ
648 1068 705 1122 δὲ
743 1070 856 1123 τῶν
896 1068 1256 1140 Ἑλληνιστῶν
1294 1069 1536 1140 ἠγοῦμαι
1569 1067 1769 1139 μᾶλλον
1806 1064 2035 1121 εἶναιτὸ

456 1160 640 1231 δρᾶμα
673 1178 687 1191 ·
723 1160 1073 1232 λογιζόμενος
1113 1163 1190 1226 ὠς
1218 1161 1434 1233 μείζους
1485 1154 1632 1215 οὗτοι
1674 1162 1769 1214 καὶ
1817 1160 2034 1222 πλείους

459 1252 713 1323 ἀφορμὰς
748 1253 946 1323 μίσους
972 1253 1107 1324 πρὸς
1135 1254 1297 1308 αὐτὸν
1330 1249 1476 1324 εἶχον
1498 1291 1515 1319 ,
1548 1253 1642 1308 καὶ⁵
1667 1253 1901 1324 μάλιστα
1936 1252 2032 1324 την

457 1344 682 1415 περὶτὰ
729 1344 892 1409 ξόανα
923 1346 1016 1400 καὶ
1047 1346 1173 1409 τοὺς
1214 1347 1377 1411 ναοὺς
1418 1345 1612 1417 ὓϐριν,
1648 1345 1741 1399 καὶ
1780 1346 1879 1415 τὴν
1922 1344 2032 1399 τῶν

459 1437 657 1491 θυσιῶν
689 1438 801 1509 (78)
832 1439 927 1493 καὶ
964 1440 1210 1510 πατρίων
1242 1439 1497 1495 κώλυσιν.
1542 1439 1818 1493 Ἐπέτεινε
1849 1439 1907 1491 δὲ
1933 1436 2032 1507 τὴν

457 1530 593 1599 πρὸς
629 1529 791 1583 αὑτὸν
830 1530 1127 1601 ἀπέχθειαν
1151 1571 1166 1595 ,
1195 1532 1289 1585 καὶ
1315 1532 1348 1603 ἡ
1382 1533 1441 1585 ἐν
1472 1532 1588 1595 τοῖς
1627 1529 1918 1601 βασιλείοις
1945 1529 2034 1582 δύ·-

458 1638 650 1691 ναμις·
684 1622 779 1674 καὶ
826 1617 916 1675 οἷα
963 1623 1109 1693 φιλεῖ
1137 1623 1309 1695 δῆμος
1365 1623 1501 1694 πρὸς
1542 1624 1670 1687 τοὺς
1716 1625 1774 1675 ἐν
1807 1622 2030 1691 δυνάμει

458 1714 707 1783 πάσχειν,
743 1714 846 1767 οὐκ
888 1713 1115 1769 ἀνεκτὸν
1159 1714 1409 1785 ἡγοῦντο.
1440 1714 1585 1785 Πρὸς
1617 1713 1673 1767 δὲ
1694 1713 1905 1775 τούτοις
1938 1712 2031 1764 καὶ

455 1804 655 1857 τοιόνδε
686 1804 810 1858 τότε
846 1804 1045 1876 συνέϐη
1089 1806 1218 1875 περὶ
1241 1805 1302 1858 τὸ
1336 1804 1668 1875 καλούμενον
1694 1804 1823 1873 παρ’
1849 1803 2030 1865 αὐτοῖς

454 1896 685 1967 Μίθριον
704 1915 718 1928 ·
748 1894 937 1950 τοῦτον
977 1898 1087 1968 γὰρ
1113 1898 1203 1950 τὸν
1234 1896 1398 1951 τόπον
1426 1898 1632 1967 ἔρημον
1668 1894 1834 1949 πάλαι
1878 1893 2029 1962 γενό-

459 2004 617 2056 μενον
645 2030 659 2053 ,
715 1988 1027 2059 ἐδωρήσατο
1080 1988 1457 2053 Κωνστάντιος
1504 1990 1569 2059 τῇ
1638 1986 2029 2058 Ἀλεξανδρέων

468 2080 788 2153 Ἐκκλησία.
828 2082 1101 2153 Γεωργίου
1153 2082 1212 2135 δὲ
1268 2084 1350 2145 είς
1402 2080 1705 2151 ἐπισκοπὴν
1739 2078 2029 2150 εὐκτηρίου

453 2171 603 2225 οἴκου
638 2173 748 2243 (79)
796 2174 1256 2243 ἀνακαθαίροντος
1280 2213 1295 2238 ,
1344 2175 1534 2229 ἄδυτον
1577 2173 1815 2244 ἀνεφάνη
1836 2189 1850 2203 ο
1902 2174 1959 2225 ἐν
1987 2164 2030 2239 ᾦ

454 2264 615 2330 ξόανα
648 2266 745 2335 μὲν
772 2266 903 2330 ἴσως
941 2268 1035 2320 καὶ
1060 2267 1269 2337 ὄργανά
1298 2284 1420 2320 τινα
1459 2266 1655 2337 εὑρέθη
1695 2266 1806 2319 τῶν
1842 2264 2028 2319 ἐνθάδε

454 2356 571 2409 τότε
604 2356 883 2426 μυούντων
921 2359 952 2428 ἢ
978 2358 1336 2429 τελουμένων,
1364 2359 1400 2413 ἃ.
1424 2361 1537 2421 τοῖς
1563 2358 1729 2429 ὁρῶσι
1759 2357 1946 2426 γέλοιά
1968 2375 2026 2411 τε

454 2450 547 2502 καὶ
586 2449 709 2513 ξένα
760 2450 955 2506 ἐδόκει.
1006 2451 1251 2521 Δημοσίᾳ
1304 2450 1362 2504 δέ
1416 2449 1591 2503 ταῦτα
1648 2449 1940 2520 προθέντες
1977 2450 2026 2502 οἰ

455 2540 804 2611 Χριστιανοὶ,
836 2541 1151 2609 ἐπόμπευον
1180 2539 1607 2603 ὲπιτωθάζοντες
1644 2542 1756 2602 τοῖς
1786 2539 2026 2608 Ἐλληνι-

456 2633 625 2695 σταῖς.
651 2631 717 2687 Οἱ
748 2632 826 2696 δέ,
861 2632 1062 2701 πλῆθος
1087 2635 1165 2695 είς
1190 2633 1354 2685 ταυτὸ
1376 2632 1725 2700 συλλεγέντες
1750 2671 1764 2691 ,
1798 2630 2028 2701 ἐπῆλθον

455 2728 568 2787 τοῖς
613 2726 959 2797 Χριπιανοίς
992 2740 1006 2755 ·
1053 2726 1103 2777 οἱ
1160 2725 1258 2795 μὲν
1295 2724 1501 2792 ξίφεσιν
1554 2721 1823 2794 ἢλίθοις·
1878 2723 1929 2774 οί
1970 2722 2027 2774 δὲ

453 2816 622 2885 ἐτέρῳ
679 2834 757 2886 τῳ
816 2817 892 2881 ὡς
945 2816 1134 2887 ἔτυχεν
1195 2817 1551 2887 ὁπλισάμενοι
1587 2833 1601 2847 ο
1652 2816 1746 2868 καὶ
1802 2814 2027 2877 πολλοὺς

452 2908 736 2971 ἀνελόντες
760 2948 775 2973 ,
800 2910 927 2972 τοὺς
956 2908 1011 2961 δὲ
1047 2909 1140 2962 καὶ
1172 2908 1583 2978 σταυρώσαντες
1624 2911 1710 2977 ἐφ’
1747 2909 1901 2979 ῦόρει
1928 2910 2026 2977 τῆς

454 2996 749 3067 θρησκείας
772 3038 788 3061 ,
815 2998 1153 3068 τραυματίας
1190 3000 1313 3061 τοὺς
1342 2998 1625 3061 πλείστους
1662 2999 2021 3068 κατέστησαν.

466 3086 558 3138 Ἐκ
595 3086 653 3139 δὲ
695 3087 883 3140 τούτου
911 3128 927 3152 ,
980 3088 1297 3159 Χριστιανοὶ
1335 3089 1432 3156 μὲν
1483 3088 1543 3141 τὸ
1581 3088 1781 3157 ἀρχθέν
1840 3087 2020 3157 ἔργον,

451 3176 637 3240 ἀτελὲς
662 3178 1019 3245 ἐγκατέλιπον
1040 3196 1053 3209 ·
1082 3180 1130 3231 οἱ
1159 3178 1213 3231 δὲ
1253 3177 1589 3248 Ἐλληνισταὶ
1616 3220 1628 3243 ,
1662 3178 2023 3249 ἐπιλαϐούσης

448 3269 545 3337 τῆς
607 3268 894 3339 Ἰουλιανοῦ
952 3268 1260 3339 βασιλείας,
1316 3269 1407 3322 τὸν
1459 3268 1730 3339 Γεώργιον
1786 3270 2017 3323 ἀνεῖλον.
2049 3293 2091 3350 C

450 3360 813 3429 Μαρτυρεῖδέ
851 3360 945 3414 καὶ
990 3359 1243 3430 βασιλεὺς
1277 3358 1439 3422 αὐτὸς
1479 3359 1625 3411 τοῦθ’
1656 3358 1825 3423 οὕτως
1854 3360 2018 3429 ἔχειν.

450 3451 627 3521 Ὅπερ
658 3452 757 3505 οὐκ
787 3452 855 3505 ἂν
884 3452 1233 3523 ὡμολόγησεν
1252 3492 1266 3516 ,
1301 3453 1350 3506 εί
1388 3453 1462 3522 μὴ
1488 3452 1611 3514 ,ὑπὸ
1634 3452 1733 3521 τῆς
1766 3452 2021 3522 ἀληθείας

448 3540 672 3611 ἐϐιάσθη
708 3556 721 3571 ⁸
761 3542 920 3613 ἤθελε
973 3542 1118 3613 γὰρ,
1155 3537 1308 3613 οἶμαι
1331 3582 1346 3607 ,
1380 3543 1741 3613 Χριστιανοὺς
1780 3543 2021 3613 οἱουσδή-

451 3648 577 3685 ποτε
603 3632 753 3702 (80),
786 3633 818 3703 ἢ
852 3634 1117 3704 Ἕλληνας
1154 3629 1294 3687 εῖναι
1320 3634 1445 3697 τοὺς
1482 3633 1755 3704 Γεωργίου
1802 3634 2016 3702 φονέας.

460 3723 600 3776 Ἀλλ’
631 3726 781 3793 ὅμως
838 3724 937 3778 οὐκ
964 3725 1320 3795 ἀπεκρύψατο
1342 3740 1356 3754 ·
1406 3724 1655 3793 φαίνεται
1705 3724 1832 3792 γοῦν
1862 3727 1919 3778 ἐν
1951 3726 2016 3795 τῇ

448 3816 574 3885 περὶ
600 3816 788 3869 τούτου
825 3817 954 3887 πρὸς
1002 3818 1382 3888 Ἀλεξανδρέας
1431 3818 1687 3887 ἐπιστολῇ
1740 3817 1894 3880 δόξας
1923 3836 2019 3887 χα-

447 3906 736 3959 λεπαίνειν.
780 3907 954 3978 Μέχρι
1002 3908 1059 3960 δὲ
1112 3908 1453 3978 γραμμάτων
1507 3908 1665 3977 μόνον
1712 3908 2015 3978 ἐμέμψατο,

446 3997 539 4049 καὶ
556 3996 654 4067 τὴν
675 3996 945 4068 τιμωρίαν
977 3999 1387 4070 συνεχώρησεν’
1412 4000 1569 4061 αἰδοῖ.
1604 4001 1757 4069 φησὶ,
1788 4003 1853 4070 τῇ
1883 4001 2018 4072 πρὸς

445 4087 688 4159 Σάραπιν
712 4087 803 4141 τὸν
847 4090 1027 4143 αὐτῶν
1068 4090 1351 4161 πολιοῦχον
1370 4133 1383 4155 ,
1412 4090 1505 4144 καὶ
1548 4092 1894 4169 Ἀλέξανδρον
1926 4093 2017 4145 τὸν

442 4178 725 4248 οἰκιστὴν,
775 4179 869 4233 καὶ
915 4180 1197 4235 Ἰουλιανὸν
1260 4182 1351 4235 τὸν
1385 4182 1550 4244 αὑτοῦ
1594 4183 1763 4253 θεῖον,
1815 4185 1873 4247 ὃς
1914 4186 2018 4259 πρὸ

443 4267 632 4323 τούτου
656 4270 935 4337 Αἰγύπτου
959 4272 1052 4324 καὶ
1074 4272 1174 4339 τῆς
1211 4272 1615 4348 Ἀλεξανδρείας
1636 4277 1805 4346 αὐτῆς
1827 4273 2012 4348 ἦρξεν⁹

444 4361 581 4431 ἀνὴρ
632 4362 689 4425 ἐς
735 4363 804 4416 τά
837 4363 1070 4433 μάλιστα
1104 4347 1443 4437 Ἑλληνισμῷ
1487 4368 1694 4441 χαίρων
1717 4411 1730 4435 ,
1765 4347 1859 4424 καῖ
1891 4374 2015 4437 τοὺς

326 4456 332 4463 ’
442 4450 798 4519 Χριστιανοὺς
825 4452 1115 4524 ὑπερφυῶς
1153 4456 1348 4525 μισῶν,
1383 4456 1459 4518 ὡς
1496 4458 1557 4511 τό
1588 4476 1652 4528 γε
1680 4464 1798 4515 κατ’
1831 4463 2012 4528 αὐτὸν,

442 4540 760 4593 ὑπεναντίον
784 4542 883 4611 τῆς
922 4544 1019 4596 τοῦ
1050 4547 1376 4615 κρατοῦντος
1405 4547 1629 4619 γνώμης
1653 4590 1666 4613 ,
1693 4550 1787 4606 καὶ
1824 4554 2016 4625 μέχρις

441 4626 670 4696 αἵματος
700 4628 885 4692 κακῶς
913 4629 1101 4685 παθεῖν
1138 4633 1262 4698 τοὺς
1298 4635 1675 4705 Χριστιανούς.

514 4777 528 4807 ¹
567 4774 868 4844 Socr.,llb.
902 4796 984 4847 ιιι,
1021 4794 1070 4835 c.
1112 4780 1165 4835 2.
1205 4784 1223 4814 ³
1253 4780 1414 4851 lbid.,
1440 4798 1490 4839 c.
1525 4784 1578 4839 3.

2139 713 2302 764 vero,
2340 698 2515 768 prima
2560 695 2684 749 luce
2722 692 2790 748 ad
2834 704 3114 746 carcerem
3150 687 3541 749 decurrentes,
3574 696 3702 737 eum

2138 788 2458 854 trucidant;
2490 797 2543 843 et
2571 786 2781 841 camelo
2808 783 3161 854 impositum,
3208 794 3333 834 cum
3385 793 3482 848 per
3528 783 3703 829 totum

2137 883 2283 937 diem
2329 878 2683 936 contumeliis
2725 877 3070 937 aﬂ‘ecissent,
3107 872 3327 927 tandem
3361 869 3464 924 sub
3516 882 3707 937 vespe-

2138 984 2260 1023 rum
2289 968 2546 1023 incendio
2572 971 3057 1035 consumpserunt.
3091 962 3202 1018 Nec
3243 962 3438 1031 ignoro
3470 957 3706 1013 Arianos

2136 1056 2353 1126 quidem
2398 1054 2671 1110 aﬂirmare
2728 1052 3023 1124 Georgium
3062 1053 3165 1107 ista
3221 1066 3445 1121 passum
3480 1063 3604 1104 esse
3639 1047 3706 1101 ab

2137 1146 2423 1201 Athanasii
2451 1145 2784 1201 fautoribus.
2838 1144 2951 1213 Ego
2998 1156 3127 1195 vero
3170 1141 3272 1195 hoc
3324 1140 3537 1196 facinus
3577 1154 3706 1209 gen-

2136 1237 2313 1291 tilium
2347 1235 2521 1292 fuisse
2562 1235 2745 1307 potius
2775 1220 3067 1299 existimo;
3114 1231 3472 1287 considerans
3516 1229 3706 1284 videli-

2133 1338 2220 1385 cet
2262 1344 2357 1385 eos
2388 1329 2575 1399 plures
2634 1336 2687 1383 et
2718 1328 3001 1399 graviores
3041 1325 3150 1380 odii
3196 1338 3399 1379 causas
3447 1322 3503 1375 in
3551 1322 3703 1375 illum

2136 1421 2431 1485 habuisse,
2464 1419 2738 1489 praecipue
2780 1419 2851 1473 ob
2880 1416 3244 1473 contumelias
3276 1414 3498 1484 templis
3531 1428 3594 1467 ac
3628 1412 3706 1467 si—

2133 1510 2398 1566 mulacris
2434 1511 2615 1565 illatas
2642 1549 2657 1575 ,
2688 1516 2743 1563 et
2774 1511 2844 1563 ob
2874 1506 3143 1562 sacriﬁcia
3194 1521 3257 1561 ac
3305 1506 3513 1575 patrios
3564 1504 3705 1557 ritus

2132 1601 2459 1671 prohibitos.
2498 1598 2602 1655 Sed
2634 1608 2688 1655 et
2722 1599 3021 1654 auctoritas
3056 1612 3165 1669 qua
3211 1598 3451 1668 pollebat
3498 1599 3552 1650 in
3601 1596 3705 1649 im-

2132 1694 2407 1763 peratoris
2441 1693 2645 1762 palatio
2669 1732 2682 1757 ,
2716 1692 2901 1746 odium
2930 1692 3130 1745 civium
3165 1691 3221 1744 in
3254 1690 3407 1743 illum
3435 1697 3660 1743 auxerat
3690 1705 3703 1741 :

2131 1792 2317 1854 atque,
2348 1794 2406 1839 ut
2437 1783 2789 1855 soletvulgus
2816 1784 3000 1838 animo
3027 1784 3281 1837 allectum
3315 1796 3435 1836 esse
3452 1795 3581 1851 erga
3608 1795 3706 1850 po-

2132 1877 2443 1942 lentiores,
2492 1891 2615 1932 eum
2672 1876 3073 1931 intolerabilem
3127 1875 3235 1930 sibi
3292 1873 3705 1929 existimabant.

2060 1954 2102 2015 Β
2130 1966 2422 2021 Acciderat
2452 1975 2715 2036 prazterea
2742 1965 3024 2036 quidpiam
3056 1965 3110 2019 in
3138 1966 3258 2018 loco
3282 1978 3443 2034 quem
3469 1963 3705 2017 Alexan-

2129 2058 2277 2113 drini
2312 2058 2587 2111 Mithrium
2628 2064 2824 2112 vocant
2860 2058 2896 2112 ¹.
2938 2056 3094 2111 Hunc
3138 2056 3283 2111 enim
3334 2056 3543 2116 locum,
3579 2070 3704 2109 cum

2126 2152 2238 2221 jam
2273 2151 2487 2221 pridem
2520 2151 2795 2206 desertus‘
2825 2157 3007 2212 esset,
3060 2146 3563 2202 Alexandrinorum
3606 2144 3705 2199 Ec-

2129 2246 2312 2301 clesia:
2362 2244 2728 2301 Constantius
2778 2244 3099 2298 donaverat.
3139 2241 3245 2297 Sed
3282 2255 3406 2295 cum
3435 2239 3705 2310 Georgius

2130 2338 2198 2391 ad
2222 2338 2606 2393 exstruendam
2632 2336 2743 2389 illic
2760 2334 3045 2389 ecclesiam
3062 2348 3184 2388 eum
3212 2338 3549 2401 repnrgaret,
3573 2330 3704 2400 ady-

2130 2439 2243 2484 tum
2276 2429 2551 2498 quoddam
2583 2426 2876 2497 apparuit:
2920 2425 2974 2478 in
3018 2439 3125 2494 quo
3168 2422 3464 2477 simulacra
3514 2422 3705 2476 nescio

2128 2538 2249 2593 qua:
2269 2562 2283 2588 ,
2312 2530 2366 2577 et
2397 2522 2762 2575 instrumenta
2792 2526 3009 2587 reperta
3040 2524 3202 2582 sunt,
3234 2530 3424 2571 eorum
3455 2517 3547 2587 qui
3576 2526 3704 2570 tunc

2130 2614 2399 2685 temporis
2448 2628 2609 2667 sacra
2652 2610 2942 2667 tradebant
2973 2619 3028 2666 et
3059 2610 3423 2680 accipiebant.
3468 2608 3542 2662 Ea
3574 2624 3703 2663 vero

2129 2709 2365 2763 ridicula
2401 2706 2695 2762 admodum
2728 2722 2791 2760 ac
2822 2707 3108 2775 peregrina
3143 2704 3522 2774 spectantibus
3570 2713 3703 2759 sunt

2128 2803 2266 2856 visa.
2301 2800 2432 2867 Qua:
2463 2799 2764 2855 Christiani
2798 2798 3014 2868 publice
3051 2805 3421 2868 proponentcs
3444 2835 3458 2859 ,
3506 2795 3701 2850 tradu-

2127 2908 2254 2947 cere
2286 2901 2614 2962 cmpcrunt,
2651 2890 2939 2945 irridendo
2969 2905 3231 2961 paganos.
3262 2889 3330 2942 At
3359 2888 3437 2942 illi
3472 2903 3702 2943 numero

2126 2984 2513 3055 quamplurimi
2536 3022 2551 3049 ,
2586 2984 2639 3037 in
2680 2998 2847 3036 unum
2877 2981 3231 3052 congregati,
3270 2981 3325 3035 in
3354 2979 3703 3035 Christianos

2125 3079 2343 3133 irruunt
2372 3094 2385 3142 ;
2416 3092 2547 3146 pars
2574 3076 2769 3147 gladiis
2792 3083 2848 3130 et
2880 3075 3151 3144 lapidibus
3180 3090 3193 3125 :
3224 3089 3351 3143 pars
3378 3073 3538 3128 obvio
3564 3087 3701 3142 quo-

2125 3185 2231 3239 que
2263 3170 2369 3223 telo
2400 3169 2621 3223 armati.
2655 3166 2952 3236 Multisque
2987 3166 3289 3221 interfectis
3314 3206 3329 3231 ,
3365 3164 3698 3235 quibusdam

2124 3262 2290 3316 etiam
2320 3261 2384 3315 ad
2410 3259 2695 3329 religionis
2724 3268 2929 3314 nostra:
2950 3258 3340 3315 contumeliam
3368 3259 3517 3313 cruci
3545 3258 3696 3314 sulli-

2125 3354 2229 3413 xis,
2259 3350 2529 3421 plurimos
2557 3350 2879 3405 vulneratos
2910 3350 3268 3419 reliquerunt.
3298 3349 3449 3404 Hanc
3476 3350 3546 3404 ob
3574 3364 3700 3405 cau-

2122 3459 2239 3500 sam
2271 3443 2576 3497 Christiani
2619 3441 2842 3513 quidem
2886 3457 3027 3512 opus
3069 3440 3219 3511 quod
3267 3441 3695 3503 inchoaveram,

2122 3535 2504 3606 imperfectum
2557 3536 2857 3591 dimisere:
2905 3534 3064 3604 190
3108 3533 3339 3603 gentiles
3385 3548 3549 3597 vero,
3602 3533 3699 3589 Ju-

2120 3630 2269 3683 liano
2322 3613 2609 3698 imperium
2667 3629 2927 3690 ineunte,
2981 3624 3275 3694 Georgium
3330 3624 3694 3679 trucidarunt.

2121 3721 2285 3791 quue
2336 3720 2412 3774 ita
2464 3735 2525 3776 se
2567 3720 2776 3774 habere
2818 3720 2935 3788 ipse
2967 3717 3267 3786 imperator
3305 3724 3560 3773 testatur.
3592 3718 3695 3787 Qui

2121 3813 2371 3884 proiecto
2407 3826 2690 3881 nunquam
2730 3811 2781 3866 id
2816 3810 3107 3864 confessus
3137 3815 3312 3873 esset,
3354 3809 3458 3864 nisi
3495 3810 3697 3865 veritas

2121 3908 2239 3975 ipsa
2292 3920 2417 3960 eum
2474 3904 2765 3973 adegisset.
2814 3902 3094 3957 Maluisset
3136 3904 3318 3968 enim,
3369 3910 3428 3956 ut
3476 3901 3692 3971 opinor,

2117 3996 2467 4052 Christianos
2497 4003 2593 4051 aut
2622 4010 2985 4065 quoscunque
3018 3995 3192 4061 alios,
3225 3993 3447 4064 Georgii
3475 3993 3696 4052 interfe-

2118 4096 2303 4145 ctores
2333 4103 2459 4145 esse
2482 4130 2497 4156 ,
2544 4104 2708 4158 quam
2753 4102 3017 4159 paganos.
3056 4086 3161 4143 Sed
3198 4098 3377 4142 tamen
3408 4087 3691 4141 veritatem

2118 4183 2199 4239 rei
2229 4197 2340 4237 non
2372 4181 2571 4238 celavit
2602 4183 2644 4235 ’.
2678 4179 2742 4234 Et
2776 4182 2829 4235 in
2870 4181 3103 4251 epistola
3146 4180 3366 4251 quidem
3408 4194 3574 4250 quam
3623 4181 3691 4234 ad

2118 4274 2524 4331 Alexandrinos
2552 4288 2616 4328 ea
2649 4276 2715 4328 de
2746 4288 2805 4328 re
2837 4274 3091 4343 scripsit,
3125 4273 3281 4329 visus
3320 4280 3405 4327 est
3447 4274 3692 4344 graviter

2117 4382 2467 4424 succensere.
2498 4364 2702 4421 Verum
2739 4367 2939 4421 litteris
2986 4364 3252 4420 duntaxat
3291 4380 3389 4419 eos
3433 4364 3690 4433 objurga-

2116 4457 2216 4512 vit.
2247 4456 2473 4512 Pmnam
2504 4470 2639 4512 vero
2669 4456 2919 4519 remisit,
2955 4456 3009 4509 in
3044 4456 3309 4526 gratiam,
3344 4461 3405 4509 ut
3434 4454 3549 4525 ipse
3581 4454 3687 4519 ait,

2122 4548 2407 4619 Serapidis
2436 4549 2687 4619 prmidis
2714 4562 2905 4603 eorum
2938 4548 3125 4613 urbis,
3151 4556 3206 4603 et
3235 4546 3529 4603 Alexandri
3559 4562 3689 4602 con-

2045 4633 2088 4688 Ῑ)
2117 4640 2355 4711 ditoris,
2389 4649 2443 4697 et
2472 4639 2677 4700 Juliani
2707 4640 2967 4696 avunculi
3001 4640 3125 4705 sui,
3170 4640 3264 4711 qui
3299 4648 3460 4696 antea
3498 4640 3688 4711 praefe-

1638 4920 1905 4979 VALESII
1937 4923 2490 4981 ANNOTATIONES.

508 5004 617 5074 ('78)
637 5006 743 5089 Καὶ
767 5007 880 5089 τὴν
902 5008 1287 5089 τῶν-οὐσιῶν.
1317 5016 1600 5089 Assentior
1616 5016 2007 5089 ChristOphor-

439 5090 573 5162 spno
600 5077 909 5162 et‘Savilio,
941 5084 1033 5162 qui
1064 5083 1263 5162 θυσιῶν
1317 5086 1699 5162 emendatum,
1721 5160 1730 5162 _
1753 5077 1879 5143 licet
1917 5107 2005 5145 re-

438 5146 805 5227 clamantibus
850 5146 1243 5227 libris.“_Certe
1310 5158 1573 5213 orationis
1627 5146 1799 5214 series
1846 5162 2005 5215 aliter

438 5215 601 5297 scribi
638 5232 744 5271 non
777 5220 1018 5297 patitur.
1039 5221 1377 5297 Nicephorus
1410 5236 1591 5283 tamen
1623 5229 1823 5283 οὓσιῶν
1852 5231 2003 5297 legit,

438 5286 1309 5373 et!bonorummpublieatiohenl
1349 5312 1378 5350 a
1418 5297 1722 5373 Sozomeno
1775 5286 2002 5373 intelligi

436 5357 787 5443 egisthnavit.
816 5357 907 5443 Sic
929 5363 1074 5443 enim
1110 5365 1253 5443 hunc
1276 5364 1564 5422 Sozomeni
1588 5370 1767 5443 locum
1788 5357 2007 5441 expres-

437 5426 836 5514 ιᾲενίςωλύοντι
856 5431 1077 5514 ἐκείνων
1098 5436 1163 5514 τά
1180 5436 1403 5514 πάτρια,
1430 5438 1777 5514 κατασπῶντί
1805 5426 2004 5507 τέτοὺς

436 5495 656 5582 ἐκείνων
686 5497 966 5582 νεὼςηκαλ.
987 5503 1084 5567 τὰς
1106 5495 1305 5568 οὐσίας’
1319 5495 1624 5582 δημεύοντι.
1654 5508 1851 5564 Verum
1888 5495 2001 5568 haec

434 5563 721 5688 Sigflqlphori
745 5563 1313 5644 conjectura'prorsu's
1344 5563 1579 5634 absurda
1600 5563 1722 5636 esse
1739 5563 1895 5635 mihi
1921 5563 1997 5637 vi:

471 5652 611 5689 CIUI'.

505 5705 738 5791 (79).
761 5708 1105 5791 ἐπισκρῖζὴν
1130 5717 1445 5791 εΑὐκτηρίλου
1475 5719 1661 5791 οἴκου.
1688 5721 1997 5791 Amplector

434 5776 873 5860 emendationem
898 5776 1379 5860 Christophorsdni
1412 5798 1465 5841 et
1496 5788 1706 5855 Savilii,
1740 5776 1837 5860 qdi
1880 5776 1995 5847 ἐπιξ

436 5846 635 5935 euch
664 5848 846 5935 legunt
871 5866 968 5920 pro
998 5846 1317 5929 ἐπισκοπὴν,
1345 5868 1505 5931 atque
1528 5861 1598 5915 ita
1628 5846 1821 5935 legisse
1846 5846 1996 5921 vide-

437 5928 525 5969 tur
557 5914 910 5990 Nic-ephorus.

2182 5022 2295 5090 (80)
2318 5023 2713 5093 Χριστιανοὺς
2742 5024 3158 5093 οἱουσδήποτε.
3180 5025 3336 5083 llunc
3360 5027 3539 5083 locqu
3580 5030 3678 5083 ali-

2108 5100 2188 5164 ter
2218 5092 2569 5164 scribendum
2598 5096 2806 5163 putavit
2835 5092 3197 5164 Nicephorus.
3230 5098 3319 5153 Sic
3342 5100 3487 5153 enim
3515 5099 3681 5154 habet

2108 5163 2181 5245 in.
2202 5178 2323 5247 cap.
2353 5162 2385 5216 6
2424 5163 2521 5247 ιξι).
2555 5162 2626 5218 x7:
2661 5166 2769 5247 ῌαὶ
2789 5167 2897 5247 γάρ
2935 5162 3116 5247 ᾑρεῖτο
3148 5169 3509 5247 Χριστιανοῦς
3538 5166 3678 5223 εἶναι

2109 5186 2323 5247 ιιιιυῖιρ.
2353 5186 2385 5216 υ
2424 5186 2521 5218 ιιυ.
2556 5186 2626 5218 x:
2661 5186 2769 5224 nat
2789 5186 2897 5238 γαρ
2935 5186 3116 5237 ῃρειτο
3148 5186 3509 5292 Λὲιστιανους
3538 5186 3678 5223 εινιιι

2106 5233 2524 5313 τουςΙεωργίου
2562 5235 2775 5317 ιρονέαθς,
2831 5238 2974 5361 ηιπερ
2999 5238 3143 5300 οἴους
3227 5240 3413 5309 ήποτε.
3462 5236 3678 5310 Langus

2108 5310 2313 5361 tamen,
2374 5312 2643 5361 interpres
2672 5304 2840 5361 Nicen
2882 5310 2997 5361 ori.
3044 5309 3369 5361 scrioturam
3424 5310 3675 5361 codicum

2108 5310 2313 5367 tamen,
2374 5304 2643 5376 interpres
2672 5304 2997 5375 Nicephori,
3044 5304 3369 5376 scripturam
3424 5304 3675 5363 codicum

2106 5383 2419 5429 nostrorum
2450 5375 2600 5444 sequi
2639 5377 2849 5430 maluit.
2885 5376 2975 5431 Sic
3007 5375 3339 5432 enim'vertit
3367 5398 3378 5431 :
3412 5378 3676 5433 Christia-

2106 5454 2415 5518 uosucerte,
2473 5446 2854 5518 qualescunque
2909 5448 3029 5503 illos
3076 5447 3305 5512 tandem,
3365 5448 3675 5518 Georgicum

2107 5516 2288 5577 ca’dis,
2328 5513 2493 5585 quam‘
2521 5513 3020 5579 Gra’cosaauclores
3050 5518 3213 5584 fuisse
3259 5513 3523 5573 maluisef.
3570 5518 3673 5575 Ubi

2106 5601 2208 5639 vox
2263 5586 2417 5657 illa,
2450 5587 2864 5657 qualescunque,
2921 5588 3170 5657 designat
3226 5596 3334 5642 tam
3391 5589 3672 5644 hmreticos

2105 5671 2266 5723 quam
2321 5656 2673 5711 ortliodoxos.
2722 5658 2909 5713 Posset
2951 5656 3114 5712 etiam
3179 5659 3265 5712 hic
3324 5659 3473 5713 locus
3517 5660 3672 5712 aliter

2104 5728 2401 5799 emendari,
2471 5728 2670 5781 inserta
2730 5730 2991 5796 particula
3051 5730 3161 5782 hoc
3195 5728 3671 5799 ηιοιίοεΧριστια·

2104 5798 2295 5866 νοὺςῆ
2350 5800 2493 5859 οἵους
2552 5799 2612 5865 δή
2668 5816 2815 5861 ποτε,
2866 5810 3009 5862 etc.,
3066 5799 3115 5852 id
3168 5807 3284 5861 est,
3341 5798 3669 5858 Christianos

2103 5878 2192 5991 alui
2228 5869 2609 5938 qualescunque
2638 5870 2771 5925 alios
2796 5911 2809 5937 ,
2860 5869 3072 5926 Jutlazos
3125 5870 3334 5927 scilicet
3379 5881 3471 5926 aut
3504 5869 3663 5927 Manl-

2103 5955 2125 5991 L‘
2151 5954 2297 5991 meus.

2100 5954 2297 5995 “121305.
