4452 6598
454 453 590 510 19.37

1426 444 1751 503 HISTORIA
1791 439 2352 503 ECCLESIASTICA.
2395 479 2463 490 —
2500 448 2628 504 LIB.
2678 448 2738 505 V.

3558 445 3697 501 ηδε

454 567 548 619 καὶ
575 564 725 621 ἄλλοι
768 564 907 630 τινὲς
935 563 1043 617 τῶν
1072 564 1128 617 ἐν
1165 562 1277 626 τοῖς
1303 560 1595 632 βασιλείοις
1636 560 1824 632 ἄρχειν
1851 560 2033 613 ἐπιτε·
2064 568 2107 625 Α
2136 568 2212 615 tut

1956 577 2033 613 ιε·
2064 568 2107 625 Α
2136 568 2257 627 tus,
2291 561 2479 615 cuncti
2514 561 2921 616 existimarunt.
2954 558 3093 612 Nam
3135 565 3192 613 et
3236 570 3423 612 comes
3468 554 3714 625 largitio-

454 660 789 733 τραμμένων
814 702 829 728 ,
865 659 1306 729 νεανιευσάμενοι
1356 655 1497 710 κατά
1544 655 1643 724 τῆς
1684 652 2032 723 Ἑκκλησίας,

456 753 775 824 παραδόξως
804 752 897 806 καὶ
925 749 1173 812 ἐλεεινῶς
1204 748 1294 803 τὸν
1328 747 1442 819 βίον
1474 745 1792 811 κατέλυσαν,
1825 746 1902 809 ὼς
1930 746 2036 800 ὑπὸ

458 843 605 907 θείας
639 842 808 915 ὀργῆς
836 837 1341 901 καταδικασθέντες.

1066 1013 1317 1072 ΚΕΦΑΛ.
1347 1013 1425 1069 Θ’.

461 1110 597 1180 Περὶ
624 1110 730 1165 τοῦ
745 1109 1073 1180 μαρτυρίου
1100 1107 1219 1162 τῶν
1244 1108 1785 1180 ἁγίων,νίξῠσςόίου,
1808 1108 2037 1163 Νεστά-

638 1176 765 1243 60v,
798 1176 896 1233 καί
926 1180 1236 1245 Ζήνωνος,
1272 1176 1342 1232 ἐν
1374 1176 1529 1247 Γάζῃ
1559 1177 1633 1247 τῇ
1666 1180 1859 1233 πόλει.

544 1272 697 1325 Ἐπεὶ
727 1272 783 1324 δὲ
808 1273 886 1335 εἰς
905 1271 1064 1325 τοῦτο
1093 1269 1375 1341 προήχθην
1404 1270 1562 1338 λόγου
1579 1311 1593 1333 ,
1620 1270 1714 1323 καὶ
1740 1271 1840 1341 τὴν
1870 1272 2039 1341 Γεωρ-

463 1363 582 1431 γίου
614 1364 708 1417 καὶ
739 1362 1013 1434 Θεοδώρου
1052 1362 1165 1433 (84)
1200 1362 1479 1432 ἀναίρεσιν
1503 1358 1779 1432 διεξῆλθον
1800 1402 1814 1427 ,
1848 1363 2038 1434 καιρὸν

462 1456 606 1525 ἔχειν
638 1454 779 1507 δοκῶ
805 1453 1134 1524 ποιήσασθαι
1160 1454 1381 1524 μνήμην
1404 1452 1687 1517 Εὑσεϐίου,
1715 1453 1810 1506 καὶ
1829 1453 2039 1508 Νεστά-

464 1549 593 1609 ϐου,
637 1547 734 1600 καὶ
783 1548 1029 1617 Ζήνωνος
1082 1545 1193 1599 τῶν
1246 1543 1523 1614 ἀδελφῶν
1557 1543 1652 1609 οὓς
1700 1545 1840 1598 κατά
1883 1545 2042 1599 τοῦτο

467 1639 639 1711 μισῶν
685 1641 713 1693 ό
759 1639 866 1691 τῶν
914 1638 1160 1701 Γαζαίων
1203 1637 1405 1707 δῆμος,
1442 1636 1579 1690 οῖκοι
1632 1636 2043 1708 κρυπτομένους

467 1731 820 1785 συνελάϐοντο
840 1773 854 1797 ,
884 1730 975 1784 καὶ
1000 1729 1362 1801 δεσμωτηρίῳ
1396 1729 1465 1782 τὰ
1493 1729 1686 1801 πρῶτα
1713 1729 2039 1800 παρέδοσαν,

468 1823 559 1876 καὶ
586 1823 990 1893 ἐμαστίγωσαν.
1038 1822 1266 1874 Ἔπειτα
1299 1822 1646 1885 συνελθόντες
1674 1823 1767 1886 είς,
1790 1821 2039 1892 θέατρον,

2137 668 2270 708 num
2306 667 2593 708 sacrarum
2617 693 2631 720 ,
2668 660 2723 708 et
2754 652 2847 707 alii
2876 651 3100 722 quidam
3129 648 3360 704 summis
3408 648 3462 701 in
3512 645 3715 715 palatio

2136 744 2498 815 dignitatibus
2549 746 2805 816 praediti,
2859 760 2983 801 cum
3037 743 3348 814 petulanter
3407 740 3717 796 illusissent

2137 835 2424 903 Ecclesiae,
2461 837 2749 907 insperato
2780 851 2845 892 ac
2874 834 3175 891 miserabili
3212 832 3363 889 exitu
3392 831 3715 903 perierunt,

2136 934 2400 998 tanquam
2432 927 2776 1001 indignantis
2808 927 2902 983 Dei
2933 927 3203 984 sententia
3231 922 3610 982 condemnati.

2784 1017 2942 1073 CAP.
2986 1016 3079 1073 IX.

2144 1112 2217 1169 De
2238 1113 2496 1186 martyrio
2518 1121 2825 1186 sanctorum
2858 1110 3093 1186 Eusebii,
3124 1108 3371 1177 Nestabi,
3395 1121 3444 1167 et
3468 1111 3718 1180 Zenonis,

2677 1183 2732 1235 in
2772 1182 2982 1236 civitate
3017 1180 3185 1236 Gaza.

2212 1272 2318 1329 Sed
2357 1273 2616 1345 quoniam
2660 1272 2728 1327 ad
2763 1273 2906 1328 hunc
2953 1288 3263 1328 sermonem
3298 1272 3640 1337 devenimus,
3668 1281 3723 1329 et

2138 1366 2359 1439 Georgii
2387 1382 2451 1424 ac
2474 1365 2751 1422 Theodori
2776 1364 2981 1422 caedem
3003 1366 3116 1436 jam
3146 1366 3719 1432 commemoravimus,

2138 1468 2512 1530 opportunum
2550 1474 2697 1514 nunc
2748 1457 2967 1513 videtur
3011 1466 3069 1511 ut
3116 1456 3359 1521 Eusebii,
3394 1455 3641 1525 Nestabi,
3669 1466 3724 1514 et

2140 1550 2380 1607 Zenonis
2412 1550 2646 1606 fratrum
2681 1532 3013 1607 mentionem
3045 1549 3332 1606 faciamus.
3376 1550 3528 1617 Quos
3554 1565 3726 1621 popu-

2140 1640 2227 1696 lus
2278 1640 2599 1696 Gazaeorum
2656 1640 2782 1695 odio
2839 1655 3215 1710 prosequens.
3270 1650 3402 1695 tunc
3462 1646 3724 1709 temporis

2140 1732 2288 1787 domi
2322 1732 2541 1789 abditos
2585 1731 3028 1803 comprehendit.
3086 1730 3165 1787 Ac
3211 1731 3448 1806 primum
3502 1730 3725 1800 quidem

2142 1822 2202 1876 in
2256 1836 2537 1878 carcerem
2586 1838 2684 1877 eos
2738 1822 3003 1891 conjecit,
3060 1827 3117 1876 et
3166 1820 3353 1893 ﬂagris
3395 1820 3726 1877 verberavit.

466 1916 692 1967 πλεῖστα
743 1913 921 1968 αὐτῶν
956 1914 1325 1983 κατεϐόησαν,
1348 1914 1423 1977 ὠς
1450 1914 1947 1984 κακουργήσαντων
1974 1915 2041 1969 τὰ
2072 1937 2113 1991 Β
2145 1914 2224 1968 De;

1974 1915 2041 1969 τὰ
2072 1937 2113 1991 Β
2145 1914 2348 1970 Deinde
2379 1929 2571 1970 omnes
2608 1914 2663 1968 in
2698 1914 2971 1969 theatrum
3004 1913 3435 1976 convenientes,
3461 1911 3727 1967 adversus

470 2006 607 2078 ἱερά,
636 2006 730 2059 καὶ
755 2007 848 2060 ἐπὶ⁵
881 2005 1199 2078 καθαιρέσει
1228 2007 1319 2059 καὶ
1354 2005 1507 2075 ὕϐρει
1533 2005 1626 2059 τοῦ
1659 2005 2037 2084 Ἑλληνισμοῦ,

467 2098 543 2170 τῷ
591 2098 915 2171 παρελθόντι
967 2098 1145 2169 χρόνῳ
1194 2098 1689 2170 ἀποχρησαμένων.
1742 2098 1829 2151 Ἐν
1862 2098 1917 2152 δὲ
1964 2099 2041 2169 τῷ

468 2191 830 2261 κεκραγέναι,
863 2191 961 2244 καὶ
998 2190 1361 2262 παροτρύνειν
1395 2189 1653 2259 ἀλλήλους
1678 2190 1758 2253 εἰς
1799 2190 1891 2242 τὸν
1922 2194 2038 2243 κατ’

467 2283 647 2337 αὐτῶν
674 2283 833 2352 φόνον
855 2323 868 2346 ,
899 2281 1311 2353 ἐνεπλήσθησαν
1340 2280 1535 2352 θυμοῦ.
1562 2280 1671 2333 Καὶ
1703 2284 2045 2353 παρακελευ-

471 2373 695 2445 ὁάμένοι
748 2377 993 2442 ἑαυτοῖς,
1039 2369 1128 2429 οἷά
1181 2391 1246 2444 γε
1297 2374 1469 2445 δῆμος
1513 2375 1815 2440 στασιάζων
1859 2376 2039 2444 εἴωθε,

414 2480 417 2485 ·
470 2450 823 2540 κατέδραμονι
866 2470 946 2531 εἰς
999 2467 1060 2521 τὸ
1105 2468 1511 2539 δεσμωτήριονο
1549 2468 1642 2521 καὶ
1686 2469 2043 2539 ἐξαγαγόντες

398 2558 427 2567 ”
469 2546 705 2623 αύέοὺς,
743 2556 1005 2627 ὡμότατα
1060 2557 1451 2630 διεχρήσαντοο
1505 2557 1583 2628 πῆ
1638 2558 1738 2629 μὲν
1784 2562 2041 2630 πρηνεῖς,

472 2650 547 2719 πῆ
575 2651 630 2704 δὲ
661 2651 886 2713 ὑπτίους
913 2649 1165 2713 ἕλκοντες
1190 2690 1205 2715 ,
1240 2650 1335 2704 καὶ
1355 2648 1432 2721 τῷ
1460 2650 1647 2720 ἐδάφει
1676 2653 2047 2722 προσρηγνύν-

471 2761 561 2807 τες
584 2760 597 2774 ·
632 2744 724 2796 καὶ
760 2744 807 2797 εί
840 2743 1028 2817 ἔτυχον
1062 2742 1311 2806 παίοντες
1333 2780 1352 2807 ,
1401 2727 1475 2795 οῖ’
1503 2742 1604 2813 μὲν
1635 2743 1803 2808 λίθοις
1827 2760 1841 2776 ·
1888 2746 1939 2798 οἱ
1989 2745 2047 2798 δὲ

475 2833 649 2899 ξύλοις
673 2851 687 2864 ·
712 2834 861 2887 ἄλλοι
887 2834 945 2887 δὲ
982 2833 1160 2896 ἄλλοις
1184 2833 1295 2886 τισὶ
1326 2834 1441 2897 τοῖς
1473 2832 1839 2904 ἐπιτυχοῦσιν.
1879 2835 2047 2889 Ἐπυ-

476 2928 647 2997 θόμην
675 2926 721 2981 δ’
754 2922 819 2981 αὖ
854 2926 929 3003 ᾡς
962 2926 1056 2980 καὶ
1080 2928 1338 2994 γυναῖκες
1368 2928 1433 2979 ἐκ
1457 2925 1565 3003 τᾶξν
1608 2927 1770 2981 ἱστῶν
1798 2926 2048 2995 ἐξελθοῦ-

480 3038 590 3079 σαι.
626 3022 745 3083 ταῖς
771 2999 1019 3090 κερκίσιν
1048 3006 1626 3102 αὐτοὺςεκατεκέντουν
1648 3036 1661 3049 ·
1696 3020 1791 3075 καὶ
1826 3021 1937 3073 τῶν
1962 3022 2047 3075 ἐπ’

478 3114 682 3184 ἀγορᾶ-ς
707 3099 983 3185 μαγείρῶν
1008 3114 1098 3196 ,κοί
1134 3099 1255 3183 μὲν,
1285 3110 1435 3165 ῦδατι
1467 3100 2053 3184 θερμῷκαχλάζοντας

2147 2021 2243 2060 eos
2280 2005 2566 2062 vociferati
2598 2014 2752 2069 sunt,
2792 2005 2938 2075 quod
2992 2006 3194 2076 templa
3234 2006 3482 2076 ipsorum
3526 2004 3729 2060 violas-

2149 2107 2290 2162 sent,
2338 2106 2393 2155 et
2437 2098 2789 2169 superiorum
2830 2104 3142 2167 temporum
3195 2096 3606 2168 opportunitate
3660 2097 3731 2151 ad

2148 2187 2490 2244 eversionem
2538 2197 2593 2243 et
2641 2186 3027 2243 contumeliam
3067 2186 3398 2242 Graecanica
3446 2186 3732 2257 religionis

2150 2280 2307 2335 abusi
2338 2287 2550 2336 essent.
2574 2279 2828 2350 Dumque
2849 2280 2924 2334 ita
2954 2279 3351 2344 vociferantur,
3370 2289 3424 2335 et
3446 2279 3500 2333 in
3528 2280 3728 2335 eaedem

2151 2371 2370 2426 illorum
2406 2384 2529 2426 sese
2565 2372 2757 2425 niutuo
2786 2370 3051 2438 incitant,
3091 2370 3330 2426 furorem
3372 2370 3573 2426 animis
3599 2386 3731 2426 con-

2108 2510 2116 2517 .
2150 2469 2437 2533 ceperunt.
2463 2461 2661 2530 Atque,
2694 2461 2966 2533 utvulgus
2995 2460 3321 2530 seditiosum
3353 2462 3513 2529 solet,
3536 2470 3735 2518 semet-

2152 2558 2302 2626 lpsos
2326 2555 2621 2620 cohortati,
2660 2554 2729 2610 ad
2759 2569 3040 2609 carcerem
3074 2564 3442 2625 properarunt
3475 2573 3489 2609 :
3529 2569 3735 2624 eosque

2153 2645 2282 2701 inde
2306 2646 2569 2711 eductos,
2598 2643 2988 2700 crudelissimo
3031 2644 3231 2699 mortis
3258 2659 3459 2715 genere
3506 2644 3723 2699 interfe-

2153 2744 2383 2803 cerunt;
2420 2753 2569 2792 nunc
2599 2752 2840 2808 pronos,
2891 2750 3041 2803 nunc
3084 2736 3313 2807 supinos
3342 2736 3644 2800 trahentes,
3683 2747 3738 2792 et

2155 2828 2470 2899 pavimento
2518 2827 2851 2894 allidentes;
2885 2836 2938 2882 et
2969 2842 3069 2898 pro
3119 2827 3373 2893 arbitrio,
3413 2828 3504 2882 alii
3536 2826 3736 2898 lapidi-

2153 2919 2278 2985 bus,
2308 2919 2402 2973 alii
2446 2918 2709 2983 fustibus,
2741 2927 2797 2974 et
2844 2919 3113 2990 cujusque
3162 2919 3312 2975 modi
3358 2920 3483 2975 telis
3520 2935 3642 2990 qua:
3670 2919 3738 2973 ad

2156 3024 2377 3064 manum
2404 3018 2611 3075 essent,
2642 3025 2740 3065 eos
2767 3009 3060 3066 caedentes.
3092 3009 3290 3065 Audivi
3326 3011 3489 3065 etiam
3543 3011 3741 3067 mulie-

2156 3116 2246 3158 res
2273 3102 2465 3158 relicta
2498 3102 2605 3158 tela
2630 3117 2698 3158 ex
2730 3102 2892 3159 domo
2928 3118 3253 3174 progressas
3281 3103 3451 3160 radiis
3480 3102 3605 3159 illos
3639 3120 3741 3173 pu-

477 3203 608 3266 τοίες
649 3202 880 3274 λέϐητας
926 3194 1324 3274 ἐξαρπάζοντες
1352 3200 1459 3253 τῶν
1484 3200 1877 3274 χυτροπόδων,
1921 3219 2055 3256 κατι
2158 3210 2231 3265 pu

1983 3219 2055 3255 me
2158 3194 2420 3266 pugisse:
2457 3202 2511 3250 et
2543 3210 2705 3251 cocos
2730 3194 2824 3267 qui
2872 3195 2930 3250 in
2977 3194 3323 3267 foro,erant,
3365 3196 3565 3266 partim
3603 3195 3741 3253 ollas

480 3294 633 3364 έχεον
654 3310 669 3325 ο
693 3272 743 3347 οι
760 3266 999 3371 ,δέμιοῖς
1026 3266 1328 3354 όέελίσκοις
1352 3266 1655 3361 διέτέέῖροῦ.
1697 3266 1929 3349 Ἐπεὶνδέ
1955 3293 2053 3345 αὑ-
2080 3275 2238 3371 C‘aql

2034 3323 2053 3333 -
2080 3275 2303 3371 C‘aqua
2337 3285 2573 3371 ferventi
2609 3286 2930 3352 bullientes,
2963 3266 3515 3357 focisabreptas,cis
3548 3301 3743 3357 super-
3786 3344 3792 3357 ,

480 3384 606 3464 τοὺς
626 3368 1017 3462 διεσπάραξαν,
1051 3380 1146 3435 καὶ
1170 3380 1269 3445 τάς
1298 3378 1541 3454 κεφαλὰς
1564 3379 1797 3459 ἐθλασαν
1817 3422 1831 3446 ,
1860 3380 1935 3445 ὡς
1960 3383 2054 3436 καὶ

479 3456 900 3545 τὺνξέγκέφαλον
942 3456 1118 3546 χαμαὶ
1154 3474 1269 3544 ῥεῖν
1290 3512 1305 3537 ,
1336 3467 1541 3547 ήγξιγον
1564 3456 1693 3545 Lupo
1720 3473 1813 3526 τοῦ
1839 3468 2052 3540 ἄστεος,
2092 3456 2099 3470 ⁴

482 3563 517 3640 ᾖ
546 3565 615 3619 τὰ
662 3564 1085 3637 ἀηιτοθνήσκοντίι⁸
1106 3564 1237 3627 τῶν,
1259 3550 1469 3635 ἀλόγων
1482 3565 1901 3640 ’ζώωνρίπτειν
1928 3563 2055 3619 είώ-

483 3658 645 3710 θεσαν
681 3646 710 3688 ί
746 3658 842 3709 καὶ
898 3655 1008 3729 πῦρ
1075 3649 1428 3746 ἀνάιξαντες,
1474 3632 1714 3712 έκαῗδσαν
1765 3652 1947 3711 αὐτῶν
1986 3629 2060 3711 τέ

484 3746 710 3818 σώματα
728 3764 742 3778 ⁸
774 3747 964 3824 καὶ,τά
992 3732 1405 3819 περιλειξρθέντα
1447 3732 1556 3803 τῖῦν
1584 3732 1785 3813 όστέῳν
1804 3790 1820 3815 ,
1846 3749 1948 3803 ὅσα
1982 3748 2057 3821 μὴ

484 3838 544 3889 τὸ
571 3837 677 3909 πῦρ
708 3836 1165 3908 ἐδαπάνησὲ,τοῖς
1196 3838 1551 3910 ὲρῤιμμένοις
1579 3838 1765 3892 αὐτόθι
1793 3840 2062 3925 καμήλωχ
2078 3834 2089 3883 Ὗ

484 3946 540 3982 τε
574 3930 666 3983 καὶ
704 3930 839 3983 δνων
874 3928 1080 3994 ὀστέοις
1116 3928 1379 4001 ἀνέμιξαν
1403 3970 1419 3997 ,
1448 3928 1589 3983 ὥστε
1621 3929 1694 4001 μὴ
1732 3929 1920 4001 ῥᾳδίαν
1958 3928 2056 3983 αύ-

485 4019 591 4073 τῶν
616 4016 753 4074 εἶναι
782 4019 879 4091 τὴν
909 4019 1156 4090 εὕρεσινο
1183 4016 1341 4085 ἐλμθέ
1374 4032 1437 4087 γε
1471 4020 1577 4090 μὴν
1609 4020 1710 4073 οὐκ
1754 4020 1846 4075 ἐπὶ
1876 4018 2007 4073 πολύ
2039 4036 2054 4052 ο

488 4099 767 4182 γυνήγάρ
800 4128 883 4174 τις
916 4110 1378 4196 Χριστιανὴμοὺκ
1416 4111 1522 4164 ἀπὸ
1551 4109 1730 4181 Γάζης
1752 4107 1906 4175 οὖσα,
1944 4100 2076 4165 ἀλλ”

488 4200 677 4255 ἐνθάδε
730 4203 827 4287 τὴν
864 4202 1080 4275 οἴκησιν
1128 4201 1324 4274 ἔχουσα
1354 4242 1368 4269 ,
1412 4201 1556 4256 κατά
1605 4200 1757 4257 θείαν
1808 4201 2060 4270 σύνταξιν

487 4293 788 4377 ἀνελέξατοι
817 4293 990 4348 ταῦτα
1040 4296 1255 4366 νύκτωρ
1287 4311 1302 4327 ο
1349 4294 1441 4347 καὶ
1498 4293 1808 4364 ἐμϐαλοῦσα
1861 4294 2058 4366 χύτρᾳ,

489 4388 693 4457 Ζήνωνι
713 4386 791 4458 τῷ
818 4386 999 4440 αὐτῶν
1023 4386 1227 4458 ἀνεψιῷ
1247 4386 1534 4455 φυλάττειν
1560 4385 1786 4458 ἔδωκεν,
1802 4378 1930 4439 ’Ὧδε
1952 4386 2061 4458 γὰρ

2159 3378 2399 3447 fudisse;
2426 3378 2624 3450 partim
2646 3378 2888 3435 verubus
2914 3393 3009 3434 eos
3038 3378 3406 3434 transflxisse.
3436 3377 3741 3448 Postquam

2165 3470 2323 3541 192
2349 3484 2444 3526 eos
2475 3470 2895 3535 dilacerassent,
2933 3480 2990 3524 et
3018 3469 3199 3540 capita
3246 3484 3437 3525 eorum
3486 3468 3562 3523 ita
3609 3484 3744 3523 con-

2162 3563 2461 3642 fregissent
2511 3570 2572 3617 ut
2622 3563 2911 3619 cerebrum
2959 3561 3112 3617 humi
3144 3552 3416 3628 elllue'ret,
3464 3546 3561 3616 eos
3589 3569 3744 3629 extra

2162 3634 2443 3710 civitatem
2508 3661 2836 3720 traxerunt,
2897 3654 2965 3709 ad
3030 3648 3212 3709 locum
3300 3671 3410 3724 quo
3460 3641 3742 3725 jumento-

2162 3761 2285 3801 rum
2309 3744 2580 3801 cadavera
2626 3746 2821 3818 projiei
2867 3746 3142 3802 solebant.
3198 3746 3275 3801 lbi
3321 3761 3554 3802 accenso
3588 3762 3744 3818 rogo,

2112 3892 2124 3918 τ
2163 3831 2398 3907 corpora
2426 3853 2617 3893 eorum
2649 3848 3077 3893 concremarunt
3116 3859 3128 3894 :
3166 3848 3223 3895 et
3251 3855 3371 3910 quae
3420 3848 3749 3910 supererant

2164 3945 2315 4008 ossa,
2351 3946 2476 4001 quae
2526 3928 2740 3986 scilicet
2773 3930 2917 3999 ignis
2950 3931 3177 3987 minime
3213 3932 3620 4003 absumpserat,
3650 3926 3746 3987 ca-

2164 4023 2435 4078 melorum
2473 4021 2869 4092 asinorumque
2914 4022 3138 4113 ossibus
3191 4023 3305 4078 illic
3340 4030 3547 4078 temere
3576 4022 3746 4093 disje-

2167 4116 2273 4172 ctis
2310 4115 2777 4187 permiscuerunt,
2805 4130 2873 4171 ne
2897 4114 3061 4171 facile
3101 4116 3331 4186 reperiri
3360 4123 3605 4186 possent.
3639 4115 3747 4170 Sed

2172 4216 2359 4263 tamen
2394 4222 2504 4263 non
2534 4207 2813 4262 latuerunt
2854 4206 2970 4265 diu.
3008 4207 3219 4263 Etenim
3271 4208 3469 4263 mulier
3497 4206 3747 4277 quaedam

2168 4298 2508 4363 Christiana,
2535 4315 2644 4355 non
2673 4299 2766 4353 illa
2787 4300 3009 4369 quidem
3042 4300 3275 4355 oriunda
3309 4315 3375 4356 ex
3410 4299 3549 4355 urbe
3577 4298 3745 4362 Gaza,

2171 4391 2267 4447 sed
2311 4406 2433 4462 qua:
2488 4390 2601 4446 illic
2649 4391 2997 4447 domicilium
3050 4392 3276 4457 ﬁxerat,
3339 4391 3449 4448 Deo
3495 4391 3746 4462 iubente,

488 4481 547 4532 ἐν
587 4482 698 4542 τοῖς
728 4457 957 4551 ὀνείροις
987 4478 1217 4550 ἔχρησεν
1260 4480 1288 4532 ό
1326 4477 1496 4542 Θεὸς,
1534 4477 1629 4530 καὶ
1659 4478 1751 4531 τὸν
1774 4457 1957 4549 ⁵ἄνδρα
1995 4480 2061 4549 τῇ
2171 4496 2243 4535 no

1995 4480 2061 4549 τῇ
2171 4457 2346 4535 noctu
2395 4495 2461 4536 ea
2519 4479 2737 4552 collegit
2768 4497 2785 4538 :
2820 4488 2876 4537 et
2913 4482 2968 4537 in
3002 4482 3167 4537 ollam
3220 4482 3468 4551 conjecta
3487 4457 3513 4546 ,⁷
3542 4482 3747 4538 Zenoni

489 4572 705 4639 γυναικὶ
730 4572 1109 4643 κατεμήνυσεν
1129 4613 1143 4637 ,
1244 4571 1421 4639 διάγοι
1443 4582 1460 4601 ⁸
1492 4570 1587 4622 καὶ
1620 4570 1750 4641 πρὶν
1808 4569 1933 4645 ἰδεῖν
1962 4558 2130 4645 ἐπι-⁸-
2172 4588 2247 4628 e01

1994 4558 2130 4645 πολ
2172 4588 2361 4628 eorum
2389 4571 2726 4628 consobrino
2755 4572 3119 4630 custodienda
3160 4574 3405 4630 tradidit.
3460 4571 3553 4628 Sic
3602 4574 3747 4629 enim

492 4637 680 4726 έδειξε,
710 4637 899 4715 καθότι
920 4637 1205 4731 ἀγνωστοξ
1226 4656 1295 4732 ἦν
1324 4637 1484 4730 αὐτῇ,
1508 4659 1602 4713 καὶ
1626 4637 1958 4729 προσφάτως
1972 4659 2063 4712 τοῦ
2173 4664 2250 4719 De

1991 4659 2063 4712 τοῦ
2173 4664 2312 4720 Deus
2341 4664 2396 4719 in
2448 4665 2659 4721 somnis
2704 4674 3057 4735 praeceperat,
3087 4673 3141 4721 et
3188 4667 3369 4723 locum
3404 4665 3497 4720 ubi
3528 4664 3614 4720 vir
3646 4665 3749 4720 iste

490 4750 729 4822 διωγμοῦ
766 4752 1124 4822 κεκινημένου
1148 4790 1163 4814 ,
1196 4750 1518 4821 ἐκρύπτετο.
1568 4748 1721 4803 Ἐπεὶ
1759 4750 1853 4803 καὶ
1900 4749 2063 4813 αὐτὸς
2170 4755 2248 4824 ἀει

1988 4749 2063 4813 τὸς
2170 4755 2411 4824 degeret,
2456 4756 2673 4811 mulieri
2725 4757 3085 4813 indicaverat.
3120 4758 3199 4812 Ac
3239 4757 3561 4829 priusquam
3594 4756 3746 4810 illum

492 4841 613 4895 τότε
670 4842 870 4913 μικροῦ
920 4842 1245 4914 συλληφθεὶς
1294 4842 1444 4913 παρά
1493 4843 1603 4895 τῶν
1648 4840 1929 4906 Γαζαίων,
1972 4841 2067 4895 ἀν·-
2170 4846 2250 4900 vid

1988 4841 2067 4894 Iw-
2170 4845 2421 4907 vidisset,
2452 4845 2503 4899 ei
2534 4845 2873 4903 ostenderat.
2920 4846 3049 4902 Erat
3081 4849 3225 4904 enim
3266 4849 3485 4920 ignotus
3513 4848 3746 4912 mulieri,

491 4934 689 5008 ῃρέθη·
725 4935 1124 5007 ἀσχολουμένου
1152 4935 1207 4990 δὲ
1238 4933 1333 4989 τοῦ
1365 4934 1603 5007 πλήθους
1633 4936 1763 5005 περὶ
1782 4933 1874 4987 τὸν
1908 4933 2067 5003 φόνον
2173 4945 2228 4993 et

1990 4951 2067 4987 θον
2173 4945 2228 4993 et
2265 4936 2337 4993 ob
2403 4952 2595 4993 recens
2668 4939 2961 4996 excitatam
3015 4940 3452 5011 persecutionem
3501 4940 3748 4995 occultus

1656 5114 1931 5173 VALESII
1966 5114 2519 5177 ANNOTATIONES.

567 5235 681 5305 (84)
702 5236 1016 5317 Τεωργίου
1049 5234 1147 5288 καὶ
1175 5232 1558 5316 βεοδωρίτοιξ.
1592 5232 1649 5287 1η
1668 5228 2062 5317 ᾳοᾱίςξῖιιιξςι-
2170 5234 2307 5317 ritus

1987 5245 2062 5317 ξει-
2170 5234 2307 5317 ritus
2356 5244 2535 5317 tamen
2590 5246 2820 5317 vocatur
2849 5238 2918 5292 ab
2957 5235 3262 5317 Epiphanio
3306 5235 3652 5317 S_cbolastico
3692 5237 3745 5316 in

498 5301 673 5379 tiano,
698 5314 810 5379 tam
844 5301 936 5379 hic
962 5305 1228 5379 quam_in
1266 5301 1536 5373 superiori
1575 5306 1772 5379 capite,
1808 5301 2062 5356 Theodo-
2170 5305 2310 5379 libro
2341 5322 2392 5360 vr
2431 5308 2691 5364 Historite
2729 5301 3076 5379 Tripartitaz;
3133 5318 3186 5365 et
3236 5324 3267 5363 a
3329 5306 3641 5379 Nieephoro
3692 5308 3745 5359 in

497 5393 593 5458 rus
619 5376 825 5458 dicitur
872 5372 2062 5458 hic—presbyter,inquemniulianusucontes
2172 5376 2264 5429 lib.
2299 5392 2352 5431 χ.

497 5447 740 5503 Orientis
780 5442 1026 5503 interfici
1050 5442 1219 5517 jussit
1246 5446 1319 5501 ob
1347 5442 1505 5502 (idem
1538 5445 1770 5501 Christi.
1809 5442 2063 5498 Theodo-

1942 5618 2333 5676 VARIORUM.

502 5735 689 5790 habent
746 5751 810 5791 ex
879 5735 1106 5790 Joannis
1166 5731 1529 5803 Chrysoslomi
1583 5732 1821 5785 oratione
1877 5740 2066 5783 contra
2177 5731 2415 5803 batur)et
2440 5730 2491 5783 in
2521 5728 2893 5803 Theodorimm
2919 5727 3434 5803 presbyternntmjns
3460 5726 3744 5803 custodem,

503 5806 710 5869 (lentes,
737 5807 790 5860 in
814 5824 916 5876 qua
942 5806 1149 5859 Iuliani
1183 5797 1412 5862 0riéntis
1448 5804 1679 5876 prcrferti
1708 5803 1978 5876 infestatio
2014 5807 2060 5853 in
2177 5797 2508 5864 describitur,
2576 5802 2830 5869 :imulqnc
2864 5800 3085 5853 ca’lcstis
3132 5799 3192 5852 de
3235 5797 3450 5853 Iuliano
3499 5798 3739 5851 ι’ἱριίίιτίει,

506 5872 835 5932 Dominicunt
873 5894 1088 5932 aureum
1118 5877 1215 5945 (sic
1262 5876 1579 5930 Antiochena
1635 5872 1870 5928 Ecclesia
1919 5888 2068 5926 θοι-ας
