4452 6598
481 498 622 556 i385

1474 483 1801 544 HISTORIA
1842 478 2483 540 ECCLESlASTlCA.—
2503 474 2629 533 LIB.
2677 476 2747 532 ν.

3595 472 3730 529 1246

484 603 851 680 πεφωνῆσθαι
896 603 1260 676 νομίσαντες,
1316 603 1427 667 πᾶς
1466 601 1495 655 ὁ
1545 600 1715 671 δῆμος
1766 596 1855 649 ἐπ’
1891 596 2054 652 αὑτὸν
2083 601 2128 659 Α
2162 593 2242 665 ιε

1973 596 2054 651 τὸν
2083 601 2128 659 Α
2162 592 2319 665 195
2355 590 2462 648 Sed
2500 592 2592 646 ubi
2625 589 2830 645 multos
2861 602 2960 644 sua
3002 602 3169 643 causa
3210 585 3508 667 periclitari
3554 597 3731 655 rapta-

475 700 724 769 ἐχώρησε
744 712 757 726 ·
789 695 882 748 καὶ
913 694 1001 749 διὰ
1037 694 1145 749 τῶν
1175 693 1383 763 ἀγυιῶν
1411 690 1612 755 εἷλκον,
1641 689 1909 754 ὠθοῦντες
1961 690 2056 743 καὶ

477 790 776 851 τίλλοντες,
813 786 908 838 καὶ
1002 784 1158 856 ἔτυχε
1186 785 1296 839 τῶν
1340 782 1518 856 μελῶν
1542 820 1559 845 ,
1608 782 1835 846 ἕκαστος
1866 781 2057 836 παίον-

477 899 568 943 τες
586 898 599 911 ·
640 878 1006 941 ἐσπουδάζετο
1029 877 1088 931 δὲ
1133 877 1195 930 τὸ
1217 877 1402 947 δρᾶμα
1444 871 1670 945 ἀνδράσι
1700 874 1795 926 καὶ
1821 872 2054 941 γυναιξὶ,

481 972 574 1025 καὶ
612 968 762 1039 πάσῃ
815 967 1002 1038 ἡλικίᾳ
1027 1005 1042 1029 ,
1085 967 1225 1035 μετά
1269 964 1579 1037 προθυμίας
1618 964 1710 1017 καὶ
1741 962 1944 1033 ὀργῆς·
1981 962 2057 1024 ὼς

481 1062 574 1113 καὶ
627 1058 909 1129 σπαρτίοις
952 1056 1168 1121 λεπτοῖς
1218 1056 1288 1110 τά
1335 1049 1451 1109 ὦτα
1506 1053 1675 1109 αὐτοῦ
1732 1054 2007 1123 διατεμεῖν
2037 1063 2055 1081 ⁶

483 1153 669 1215 παῖδες
739 1150 795 1203 δὲ
847 1150 926 1213 εἰς
985 1148 1339 1213 διδασκάλους
1407 1147 1740 1218 φοιτῶντες,
1810 1144 2057 1213 παίγνιον

484 1242 765 1296 ἐποιοῦντο
811 1242 873 1295 τδ
927 1243 1200 1313 πρᾶγμα’
1252 1242 1346 1296 καὶ
1400 1240 1819 1313 μετεωρίζοντες
1870 1236 2054 1301 αὐτὸν,

484 1336 576 1389 καὶ
624 1334 763 1404 πρὸς
818 1333 1008 1387 ἑαυτὸν
1068 1334 1378 1399 κυλίοντες,
1430 1331 1783 1401 ἀντέπεμπόν
1845 1346 1905 1383 τε
1962 1329 2057 1383 καὶ

484 1427 803 1495 ἀνεδέχοντο
830 1427 949 1489 ταῖς
978 1425 1207 1494 γραφίσι
1228 1464 1241 1488 ,
1277 1426 1371 1479 καὶ
1408 1424 1644 1492 ἀφειδῶς
1678 1422 2055 1475 κατεκέντουν.

495 1520 647 1571 Ἐπεὶ
694 1518 750 1571 δὲ
801 1518 944 1571 ἅπαν
994 1518 1055 1570 τὸ
1109 1516 1269 1587 σῶμα
1315 1516 1659 1587 τραυματίας
1692 1513 1943 1583 ἐγένετο,
1978 1512 2059 1565 έτι

481 1612 537 1663 δὲ
568 1613 715 1679 ὅμως
738 1608 1183 1678 ὲνέπνεε,,μέλιτι
1218 1608 1314 1662 καὶ
1343 1609 1498 1678 γάρῳ
1524 1606 1842 1675 ἀλείψαντες
1874 1604 2057 1667 αὐτὸν,

483 1702 575 1755 καὶ
617 1703 862 1774 σαργάνῃ
888 1701 1252 1771 ἐμϐαλόντες,
1282 1700 1501 1768 πλέγμα
1538 1701 1593 1774 δὲ
1628 1697 1787 1751 τοῦτο
1824 1697 2061 1766 ὁλόσχοι-

485 1809 594 1851 νον,
626 1764 705 1854 εἰς
896 1764 1057 1861 ἦραν.
1114 1789 1306 1842 Ἢνίκα
1338 1764 1646 1855 δὲ’λέγέται
1682 1786 1810 1856 (91)·
1836 1764 2060 1853 σφηκῶν

487 1881 579 1933 καὶ
622 1878 892 1950 μελισσῶν
948 1878 1331 1948 ἐφιπταμένων
1365 1868 1512 1948 αὖτῷ
1570 1878 1663 1930 καὶ
1708 1880 1807 1939 τὰς
1852 1877 2061 1947 σάρκας

486 1970 922 2035 κατεσθιουσῶν,
961 1970 1096 2037 πρὸς
1135 1970 1259 2029 τοὺς
1300 1967 1676 2039 Ἀρεθουσίους
1722 1968 1897 2019 εἰπεῖν
1920 2006 1934 2029 ,
1984 1948 2133 2029 ὡς’Β

486 2066 646 2128 αὐτὸς
676 2062 876 2133 ὑψηλὸς
906 2062 989 2133 εἴη
1012 2079 1024 2091 ·
1060 2062 1187 2124 τοὺς
1224 2061 1279 2113 δὲ
1304 2060 1595 2122 ταπεινοὺς
1622 2062 1724 2131 ὁρᾷ
1760 2060 1853 2112 καὶ
1886 2062 2061 2129 χαμαὶ

484 2156 850 2228 ἐρχομένους,
885 2154 977 2207 καὶ
1033 2152 1173 2206 κατά
1229 2152 1384 2207 τοῦτο
1444 2152 1620 2221 ἑαυτῷ
1667 2170 1727 2205 τε
1786 2152 2089 2213 κάκείνοις,

484 2247 813 2315 συμϐάλλειν
864 2245 1082 2299 ἔσεσθαι.
1132 2246 1201 2299 τὰ
1233 2245 1372 2316 μετά
1402 2244 1595 2300 ταῦτα.
1645 2246 1816 2313 Λόγος
1869 2244 1925 2297 δὲ
1968 2243 2074 2325 τὸν

482 2339 599 2388 τότε
638 2338 885 2407 ὕπαρχον
919 2337 1065 2407 (92),
1115 2338 1459 2409 Ἐλληνιστὴν
1489 2338 1588 2409 μὲν
1621 2338 1780 2423 ὲςίτά
1825 2337 2059 2407 μάλιστα

482 2427 643 2490 ὄντα,
671 2431 916 2494 γενναῖον
964 2428 1021 2481 δὲ
1076 2428 1138 2481 τὸ
1175 2424 1338 2499 ἦθος,
1380 2427 1456 2491 ὡς
1490 2428 1584 2480 καλ⁸
1608 2428 1773 2481 εἰσέτι
1818 2426 1914 2480 νῦν
1961 2426 2058 2496 τὴν

468 2521 615 2599 ,περὶ
648 2520 814 2573 αὑτοῦ
844 2520 1001 2585 δόξαν
1033 2524 1255 2591 κρατεῖν
1278 2560 1294 2587 ,
1326 2522 1683 2591 θαυμάσαντα
1713 2520 1938 2591 Μάρκον
1957 2518 2058 2587 τῆς

483 2610 833 2680 ἐγκρατείας,
869 2612 1278 2684 παρρησιάσθαι
1327 2612 1465 2681 πρὸς
1513 2611 1605 2663 τὸν
1657 2611 1920 2681 βασιλέα,
1965 2610 2061 2663 καὶ

486 2699 852 2767 μέμψασθαι,
910 2700 985 2764 ὠς
1044 2700 1271 2765 εἰκότως
1337 2699 1601 2770 αἰσχύνην
1650 2699 2057 2768 ὀφλισκάνουσι,

484 2791 886 2860 κεκρατημένοι
941 2792 1070 2862 παρ’
1115 2791 1235 2853 ένὸς
1282 2790 1570 2863 γέροντος,
1619 2791 1755 2862 πρὸς
1782 2790 2059 2875 ,τοσαύτας

486 2878 752 2948 βασάνους
793 2882 1053 2952 ἀνδρείως
1096 2882 1541 2953 ἀντιταξαμένου.
1578 2882 1693 2936 Kal!
1731 2882 2059 2935 κινδυνεύειν

484 2970 678 3032 αὐτοὺς
713 2970 955 3038 γελοίους
992 2968 1130 3025 εἶναι
1157 2991 1168 3003 ·
1224 2972 1595 3043 ἐνδοξοτέρους
1647 2974 1703 3025 δὲ
1748 2971 1841 3035 οὓς
1888 2972 2060 3043 ταυτα

486 3036 798 3129 δρῶσινίύ
830 3062 927 3133 μὲν
960 3057 1053 3116 οὖν
1085 3036 1505 3135 μακάριος-,Πέττί
1524 3063 1777 3117 τοσοῦτον
1800 3036 2059 3132 γενναίως

486 3149 623 3219 πρὸς
658 3153 747 3203 τὸν
800 3153 1154 3223 Ἀρεθουσίων
1181 3155 1349 3225 θυμὸν
1391 3155 1495 3208 καῖ
1527 3156 1850 3231 τάςδπολλάς
1893 3155 2060 3231 βασά-

488 3256 609 3302 νους
637 3242 916 3313 ἀντέσχεν,
942 3246 1014 3308 ὡς
1042 3246 1137 3300 καὶ
1167 3246 1302 3316 πρὸς
1340 3246 1519 3301 αὐτῶν
1553 3226 1904 3325 ὲπαινεδῆναι
1947 3248 2057 3303 τῶν

495 3332 873 3402 Ἑλληνιστῶν.
1881 3326 1904 3365 ⁸

2160 686 2337 755 rique,
2359 695 2413 739 et
2435 683 2641 752 judicia
2666 696 2731 736 ac
2754 688 3025 735 tormenta.
3044 678 3232 735 subire
3256 678 3548 747 comperit,
3573 678 3736 732 rediit

2155 789 2221 829 ex
2240 774 2389 842 luga,
2410 786 2575 842 seque
2592 784 2694 827 sua
2715 777 2914 841 sponte
2928 769 3128 825 obtulit
3150 767 3510 833 multitudini,
3532 775 3589 823 ut
3602 782 3736 833 quo-

2156 878 2376 934 cunque
2393 862 2685 933 placuisset
2706 861 2867 916 modo
2890 862 2943 915 in
2964 861 3144 932 ipsum
3170 860 3448 917 saevirent.
3474 858 3555 912 llli
3578 873 3733 921 vero,

2157 955 2250 1026 qui
2281 956 2556 1010 hominem
2586 952 2809 1008 laudare
2830 952 3157 1017 debuerant,
3178 960 3367 1023 utpote
3392 950 3485 1021 qui
3509 949 3735 1019 dignum

2158 1048 2489 1120 philosopho
2520 1045 2739 1102 facinus
2759 1044 3046 1109 edidisset,
3076 1052 3292 1117 spretos
3325 1059 3385 1099 se
3416 1045 3599 1112 potius
3631 1042 3737 1097 hoc

2160 1144 2312 1195 facto
2346 1141 2750 1202 existimantes,
2794 1138 3037 1194 universi
3085 1137 3229 1191 facto
3281 1136 3485 1204 impetu
3521 1134 3575 1189 in
3608 1147 3737 1187 eum

2158 1234 2483 1298 irrueruut;
2524 1242 2579 1289 et
2625 1247 2720 1303 per
2749 1232 2986 1302 compita
3017 1244 3143 1285 eum
3175 1227 3479 1291 trahentes,
3516 1225 3738 1297 pulsare

2159 1340 2225 1380 ac
2260 1327 2519 1381 vellicare
2552 1334 2860 1396 cmperunt,
2890 1339 3013 1395 qua:
3044 1322 3280 1392 quisque
3311 1320 3470 1375 veilet
3495 1319 3739 1373 membra

2159 1418 2441 1475 ferientes.
2478 1418 2591 1474 Nec
2621 1420 2723 1473 viri
2754 1419 2954 1481 solum,
2993 1416 3090 1472 sed
3120 1422 3176 1471 et
3210 1414 3444 1478 feminae,
3472 1421 3528 1468 et
3558 1410 3737 1465 omnis

2158 1512 2473 1582 promiscue
2504 1520 2656 1577 aetas,
2688 1512 2858 1565 alacri
2885 1491 3067 1565 anim’o
3097 1516 3152 1564 et
3186 1509 3268 1563 ira
3306 1506 3587 1571 succensi,
3620 1518 3741 1566 cer-

2159 1606 2313 1660 tatim
2355 1605 2484 1659 huic
2532 1604 2685 1673 operi
2728 1601 3164 1658 incumbebant:
3218 1600 3356 1655 adeo
3387 1608 3447 1653 ut
3483 1596 3740 1653 tenuibus

2161 1695 2423 1751 funiculis
2464 1710 2629 1752 aures
2673 1695 2796 1763 ejus
2826 1692 3186 1749 absciderint.
3224 1690 3333 1747 Sed
3369 1698 3425 1747 et
3459 1690 3614 1759 pueri
3645 1688 3739 1757 qui

2161 1787 2383 1843 scholas
2431 1786 2874 1856 frequentabant,
2916 1784 3191 1838 ludicrum
3238 1798 3305 1839 ex
3338 1797 3405 1837 eo
3456 1782 3739 1836 fecerunt:

2161 1893 2400 1948 cumque
2445 1880 2498 1933 in
2553 1879 2790 1934 sublime
2826 1877 3109 1941 tollentes,
3141 1885 3196 1931 et
3228 1876 3283 1931 in
3315 1890 3375 1931 se
3413 1874 3592 1944 ipsum
3628 1871 3736 1924 vol-

2162 1979 2371 2025 ventes.
2407 1970 2694 2040 jactahant
2720 1968 2787 2023 ad
2819 1984 2878 2023 se
2907 1968 3141 2024 invicem
3181 1975 3345 2037 atque
3370 1964 3741 2034 excipiebant.

2164 2060 2311 2115 stilis
2341 2075 2465 2113 eum
2498 2059 2763 2113 atrociter
2786 2057 3147 2127 conligentes.
3180 2058 3429 2125 Cumque
3457 2055 3571 2123 iam
3629 2062 3741 2108 toto

2162 2165 2395 2220 corpore
2423 2151 2769 2213 vulneratus,
2796 2150 2978 2204 adhuc
3009 2157 3189 2203 tamen
3212 2149 3468 2218 spiraret,
3504 2148 3662 2202 melle
3690 2154 3738 2202 et

2162 2243 2465 2312 liquamine
2517 2251 2865 2311 perunctum,
2914 2250 2966 2297 et
3011 2244 3064 2295 in
3112 2242 3413 2311 sportulam
3459 2258 3523 2297 ex
3558 2240 3740 2309 juncis

2162 2342 2364 2387 textam
2395 2333 2731 2402 conjectum,
2767 2334 3058 2389 sublimem
3093 2334 3433 2388 extulerunt.
3466 2332 3586 2397 Quo
3616 2332 3739 2401 qui-

2161 2424 2283 2479 dem
2316 2433 2579 2494 tempore:
2608 2438 2734 2479 cum
2767 2439 2897 2493 apes
2929 2435 2983 2480 et
3028 2438 3208 2493 vcspte
3238 2423 3304 2477 ad
3341 2438 3465 2477 eum
3519 2421 3739 2475 advola-

2160 2524 2308 2582 rent,
2339 2517 2650 2586 carnesque
2682 2516 2807 2586 ejus
2839 2515 3154 2582 exederent,
3188 2516 3504 2573 Arethusiis
3535 2513 3741 2571 dixisse

2162 2606 2360 2671 fertur,
2410 2623 2470 2663 se
2497 2607 2719 2677 quidem
2759 2608 3052 2663 sublimem
3092 2622 3215 2664 esse
3240 2648 3256 2673 ,
3309 2608 3458 2677 ipsos
3485 2622 3617 2662 vero
3648 2606 3737 2677 alb—

2156 2699 2337 2768 jectos
2372 2672 2639 2770 humique
2672 2708 2926 2768 repentes
2955 2698 3025 2753 ab
3056 2713 3116 2754 se
3143 2672 3421 2768 conspici:
3461 2706 3629 2769 atque
3674 2672 3742 2752 cs

2158 2807 2227 2848 eo
2259 2792 2540 2861 conjicere
2589 2808 2649 2848 se
2703 2806 2953 2862 quaenam
3005 2791 3111 2846 sibi
3157 2800 3213 2846 et
3248 2791 3385 2861 ipsis
3422 2804 3543 2845 sors
3592 2788 3741 2845 brevi

2158 2894 2424 2940 eventura
2451 2893 2619 2939 esset.
2654 2884 2826 2938 Aiunt
2855 2884 3017 2963 etiam
3046 2898 3168 2937 eum
3198 2883 3293 2952 qui
3326 2893 3454 2937 tunc
3484 2880 3748 2950 temporis

2160 2978 2450 3047 praefectus
2483 2986 2603 3033 erat
2632 2977 2872 3047 praetorii
2901 3016 2917 3041 ,
2966 2977 3252 3047 gentilium
3284 2976 3506 3047 quidem
3553 2986 3750 3044 super-

2160 3060 2372 3124 stitioni
2414 3068 2710 3124 admodum
2762 3068 3031 3131 deditum,
3072 3066 3323 3121 moribus
3373 3073 3559 3120 tamen
3609 3062 3753 3119 adeo

2158 3158 2445 3224 eximium,
2474 3165 2534 3211 ιιι
2567 3158 2633 3212 ad
2671 3157 2777 3212 hoc
2802 3172 2979 3226 usque
3007 3164 3226 3226 tempus
3257 3154 3403 3210 fama
3441 3154 3595 3209 illius
3622 3166 3750 3224 per-

2161 3260 2399 3315 severet,
2436 3251 2603 3306 Marci
2636 3250 2969 3305 admiratum
3007 3249 3399 3314 constantiam,
3430 3248 3604 3303 libere
3657 3261 3739 3303 re-

2156 3343 2515 3412 prehendisse
2548 3343 2973 3414 imperatorem:
3026 3357 3153 3396 cum
3180 3341 3394 3398 diceret
3426 3342 3581 3410 ip‘sos
3615 3354 3739 3411 pro.

486 3424 583 3478 bro
631 3437 685 3480 et
743 3427 1038 3497 ignominia
1100 3430 1293 3484 merito
1352 3428 1527 3496 allici,
1571 3431 1665 3500 qui
1705 3445 1736 3484 a
1805 3446 1937 3486 sene
1994 3440 2076 3489 tot
2127 3445 2425 3509 tantosque
2472 3438 2755 3494 cruciatus
2802 3436 3019 3493 fortiter
3068 3452 3330 3507 perpesso
3366 3437 3497 3492 victi
3536 3445 3742 3492 essent.

488 3518 904 3592 Periculumque
947 3539 1069 3579 esse
1119 3540 1187 3581 ne
1230 3518 1336 3594 ipsi
1382 3524 1602 3594 quidem
1648 3525 1870 3579 ridiculi
1912 3528 2247 3595 evaderent,
2294 3532 2329 3585 ii
2380 3548 2510 3586 vero
2540 3546 2683 3602 quos
2724 3531 2801 3585 ita
2840 3537 3177 3595 tractarent,
3236 3525 3571 3585 illustriores
3619 3529 3741 3584 red—

486 3615 765 3669 derentur.
818 3615 1035 3671 Marcus
1088 3616 1717 3688 igiturgArethusiorum
1773 3619 1947 3675 furori
2001 3637 2065 3677 ac
2103 3624 2503 3694 multiplicibus
2532 3623 2826 3680 tormentis
2851 3630 3003 3677 tanta
3036 3621 3211 3677 animi
3276 3620 3601 3677 fortitudine
3656 3633 3741 3675 re-

486 3708 645 3776 stitit,
682 3718 739 3762 ut
769 3710 836 3763 ab
885 3710 1020 3780 ipsis
1064 3709 1229 3764 etiam
1276 3710 1575 3779 gentilibus
1608 3724 1674 3765 eo
1719 3714 1945 3769 nomine
1988 3716 2061 3772 sit
2095 3718 2375 3773 laudatus.

1078 3800 1327 3853 ΚΕΦΑΛ.
1366 3798 1469 3852 IA'.
1636 3810 1647 3826 κ
2007 3838 2039 3907 λ

485 3894 624 3964 Περί
660 3892 1066 3958 Μακεδονιόυ,
1104 3892 1456 3964 Θεοδούλου.
1503 3895 1835 3961 Γρατιανοῦ
1856 3938 1869 3955 ,
1913 3892 2059 3952 Bov'.

553 3963 822 4032 σίριδος,
874 3965 1196 4018 Βασιλείου
1246 3963 1345 4015 καί
1404 3964 1761 4032 Εὺψυχίου,
1822 3966 1943 4022 τῶν
1990 3972 2060 4023 ἐν

554 4038 806 4100 ἐκείνοις
834 4034 957 4100 τοῖς
990 4035 1229 4103 χρόνοις
1260 4034 1825 4102 μαρτυρησάντων-,ι

564 4128 653 4180 Ἐν
679 4126 736 4179 δὲ
762 4125 839 4197 τῷ
866 4126 1007 4187 τότε,
1040 4124 1135 4179 καὶ
1166 4124 1497 4187 Μακεδόνως
1516 4163 1531 4189 ,
1559 4126 1929 4209 Θεόδουλόςιτε
1963 4133 2057 4185 καὶ

484 4217 746 4279 Τατιανὸς
777 4218 827 4269 οἰ
868 4214 1112 4285 Φρύγες,
1157 4215 1420 4285 ἀνδρείως
1458 4217 1865 4290 ἐμαρτύρησαν.
1904 4222 2058 4277 Ἐπεὶ

556 4404 571 4435 ¹
609 4401 789 4474 Socr.,
826 4404 921 4461 lib.
960 4420 1041 4477 ιιι,
1072 4421 1124 4462 c.
1156 4408 1247 4463 15.

2717 3804 2878 3875 196
2920 3800 3076 3859 CAP.
3112 3800 3183 3857 χι

2168 3900 2245 3953 De
2274 3897 2612 3959 Macedonio,
2661 3897 2703 3951 Τ
2706 3898 2954 3959 heodulo,
3000 3896 3280 3961 Gratiano,
3329 3895 3600 3958 Busiride,
3638 3895 3741 3950 Ba-

2234 3970 2360 4094 silii:
2406 3978 2455 4021 et
2498 3967 2822 4039 Eupsycltio,
2877 3970 2966 4039 qui
3016 3977 3138 4021 tunc
3184 3968 3443 4038 martyrio
3484 3968 3743 4037 perfuncti

2236 4056 2334 4094 sun
2367 4081 2379 4095 .

2237 4137 2442 4193 Eodem
2479 4145 2724 4206 tempore
2759 4134 3125 4201 Macedonius,
3153 4134 3468 4189 Theodulus
3483 4144 3538 4190 et
3559 4134 3746 4190 Tatia-

2167 4241 2296 4294 nus,
2314 4228 2571 4300 Phryges,
2609 4226 2734 4283 forti
2772 4226 2962 4283 animo
2990 4225 3308 4298 martyrium
3327 4225 3675 4296 pertulerunt
3703 4227 3743 4283 ί.

1676 4563 1951 4619 VALESII
1984 4562 2545 4621 ANNOTATIONES.

485 4740 832 4815 congcinn_i_us_
854 4741 987 4795 mihi
1032 4742 1251 4797 videtur
1278 4752 1332 4798 et
1362 4744 1687 4815 elegantius.
1720 4744 1881 4801 Certe
1918 4744 2054 4800 Gre-

2162 4744 2482 4797 beatissima:
2531 4747 2798 4798 memerita
2842 4740 3125 4807 Marcum,
3178 4756 3266 4794 cm
3314 4756 3502 4810 graves
3543 4755 3746 4810 semper

519 4812 670 4885 orius
705 4810 1104 4885 Nazianzenus,
1129 4815 1190 4885 in
1245 4814 1428 4884 priore
1450 4809 1749 4879 'lnvectiva
1800 4816 2053 4870 adversus
2087 4827 2132 4883 ι)
2161 4816 2392 4885 injurias
2416 4815 2693 4885 irrogavit,
2722 4822 2830 4869 etc.
2861 4812 2992 4878 Quae
3019 4813 3183 4866 verba
3209 4809 3324 4865 non
3344 4811 3448 4865 nisi
3472 4811 3539 4865 tle
3562 4809 3761 4865 Marco-

523 4882 761 4963 ulianum
782 4923 797 4947 ,
825 4896 955 5004 pag.
984 4881 1084 4944 88,
1127 4881 1266 4937 lianc
1294 4886 1701 4940 distinctidnem
1739 4886 2049 4939 confirmat.

523 4965 577 5004 ulc
608 4967 751 5004 enim
788 4961 864 5004 ait
938 4967 968 5004 e
1002 4950 1183 5004 Marco
1206 4954 1499 5004 Arethusia
1532 4971 1545 5004 :
1589 4955 1743 5004 Ἐπεὶ
1774 4955 1831 5004 δὲ
1856 4955 2049 5004 ᾔσθετο

487 4950 751 5026 Sic_e_nim
788 4954 864 5026 ait
898 4950 968 5026 de
1002 4950 1183 5026 Marco
1206 4954 1499 5026 Arethusia
1532 4971 1545 5007 :
1589 4955 1743 5009 Ἐπεὶ
1774 4955 1831 5008 δὲ
1856 4955 2052 5026 ᾔσθετο

484 5020 694 5095 πολλῶν
740 5023 850 5095 μὲν
902 5022 969 5095 δι’
999 5022 1162 5095 αὑτὸν
1208 5024 1514 5094 ἑλκομένων
1534 5065 1548 5088 ,
1604 5027 1700 5079 καὶ
1746 5012 2050 5095 ἀγομένων,

484 5092 695 5166 τεολλῶν
718 5093 791 5166 δὲ
820 5093 951 5166 περι
991 5092 1543 5166 ψυχῆςητρεχόντων,
1577 5107 1683 5152 etc.
1717 5092 1881 5150 Vides
1930 5104 2054 5165 post

486 5160 669 5243 fugam
715 5160 1204 5243 Marci'Arethjisii
1246 5160 1723 5243 inultos_t_r_actos,
1757 5160 1960 5243 multos
1994 5167 2049 5221 in

481 5231 745 5305 judicium
776 5243 1000 5291 vocatos
1029 5232 1220 5301 fuisse,
1247 5250 1315 5290 eo
1335 5237 1482 5305 quod
1513 5236 1751 5292 Marcum
1772 5237 2053 5292 occultare

484 5302 867 5377 crederentur,
899 5306 1103 5377 multos
1133 5307 1297 5377 etiam
1342 5302 1642 5376 periculum
1693 5308 1888 5377 capitis
1916 5311 2049 5362 sub.

486 5373 634 5446 iisse.
689 5372 805 5427 Non
857 5375 1024 5444 igitur
1072 5375 1248 5446 solum
1302 5372 1681 5431 ἐκινδύνευσαν
1736 5372 2050 5446 τὲειρᾶσθαι,

484 5442 578 5517 sed
618 5442 1321 5517 »τένθης-ἐπειράθησαν.
1371 5447 1545 5503 Porro
1608 5450 1755 5503 hunc
1807 5442 2050 5504 Marcum

483 5513 832 5568 Arethusium
863 5513 1139 5570 diversum
1183 5513 1307 5572 esse
1337 5518 1593 5573 existimo
1624 5534 1653 5572 a
1700 5518 1882 5574 Marco
1919 5519 2053 5574 Are-

483 5581 814 5665 thusio,_qui
841 5599 973 5665 cum
1002 5586 1459 5665 Arianissemper
1477 5589 1825 5665 conjunctus
1870 5590 2053 5644 fuerat

484 5651 591 5720 iam
618 5651 747 5710 inde
772 5670 801 5708 a
838 5657 1178 5725 temporibus
1206 5651 1574 5715 Constantini.
1599 5651 1711 5715 'liie
1738 5662 1881 5716 enim
1907 5676 2051 5714 mor-

485 5732 613 5803 tuus
650 5733 735 5803 est
781 5733 908 5780 ante
951 5727 1249 5803 concilium
1286 5730 1643 5803 Sardicense,
1694 5731 1942 5803 utdidici
1982 5749 2047 5786 ex

486 5792 725 5873 Epistola
803 5796 1062 5873 synodica
1107 5796 1486 5873 _Or_i_entalium
1563 5792 1704 5871 apud
1767 5800 2049 5873 Sardicam

482 5868 898 5936 episcoporum,
958 5868 1046 5922 ubi
1089 5868 1157 5924 de
1198 5870 1363 5926 Ilosio
1410 5872 1481 5926 ita
1523 5868 1773 5928 scribunt
1814 5890 1826 5925 :
1865 5871 1968 5928 Sed
2001 5882 2050 5925 et

491 5931 709 5990 Ηοδὶιιὴι
750 5949 961 6007 propter
1014 5940 1375 6009 supradictam
1430 5959 1678 6009 causam,
1742 5955 1790 6000 et
1840 5954 2051 6013 propter

2160 4884 2456 4939 Aretliusio
2479 4884 2714 4955 intelligi
2738 4890 2993 4955 possunt,
3008 4889 3424 4955 quemLutpote
3439 4888 3741 4955 mortuum,

2169 4954 2498 5009 beatissima:
2528 4951 2809 5009 memoria:
2842 4951 3141 5023 appellant.
3176 4951 3316 5005 Huic
3356 4951 3525 5023 igitur
3561 4951 3744 5023 Marco

2160 5024 2298 5078 alter
2336 5023 2555 5081 Marcus
2594 5021 2889 5086 successit,
2920 5025 3035 5091 ipse
3079 5037 3300 5093 quoque
3348 5021 3739 5093 semiarianus,

2158 5094 2252 5163 qui
2278 5096 2455 5149 eidem
2480 5094 3069 5166 ipseudo-Sardicensi
3102 5092 3335 5166 synodo
3385 5092 3739 5166 subscripsit,

2158 5162 2223 5247 ac
2252 5174 2441 5290 postea
2468 5162 2671 5222 Juliani
2712 5166 3054 5236 temporibus
3090 5162 3333 5234 gloriosa
3381 5162 3741 5221 confessione

2158 5252 2247 5290 inc
2274 5252 2389 5290 arui
2428 5282 2437 5290 .

2157 5238 2437 5293 inclaruit.

2229 5308 2340 5375 (9|)
2391 5309 2595 5363 Ἡνίκα
2647 5307 2717 5361 δὲ
2758 5307 3018 5377 λέγεται.
3076 5305 3219 5362 Leve
3258 5312 3374 5371 est,
3425 5304 3522 5377 sed
3554 5313 3738 5359 tamen

2158 5395 2267 5433 non
2293 5379 2777 5439 dissimulandum,
2816 5375 2961 5447 quod
2996 5378 3175 5431 dicam
3226 5375 3578 5433 scribendum
3613 5389 3743 5428 esse

2155 5450 2219 5516 δὴ
2259 5464 2358 5519 pro
2386 5449 2466 5516 δὲ,
2504 5450 2649 5519 quod
2679 5446 2967 5503 confirmat
3003 5446 3741 5519 GregoriusNazianzennus,

2157 5513 2416 5575 occurrit
2454 5513 2555 5575 hic
2595 5535 2750 5574 error
2798 5513 3141 5588 frequenter'
3162 5519 3216 5573 in
3270 5518 3356 5573 his
3391 5515 3569 5571 libris.
3628 5513 3738 5571 Sed

2158 5591 2310 5645 illum
2345 5590 2536 5645 lectori
2572 5590 2820 5645 studioso
2857 5589 3242 5659 corrigendum
3276 5588 3663 5659 relinquimus.

2230 5662 2341 5729 (92)
2394 5661 2507 5715 Τὸν
2558 5661 2691 5714 τότε
2731 5656 3026 5731 ὕπαρχονζ
3064 5659 3364 5731 Salustium
3420 5656 3753 5731 praefectum—

2158 5725 2417 5802 praetorio
2442 5731 2726 5801 “intelligit,
2756 5725 2935 5786 virum
2977 5731 3059 5785 sui
3086 5730 3351 5802 temporis
3385 5725 3740 5802 sapientissi-

2158 5798 2306 5857 inum
2358 5821 2371 5856 :
2418 5804 2485 5857 de
2530 5798 2649 5871 quo'
2678 5802 2800 5857 vide
2855 5817 2978 5872 qua:
3029 5802 3213 5856 notavi
3267 5801 3333 5854 ad
3383 5798 3735 5872 Ammianum

2160 5868 2562 5929 Marcellinum.
2592 5872 2852 5928 Eumdcm
2874 5868 2948 5926 'in
2981 5873 3083 5926 hac
3116 5872 3345 5927 historia
3381 5870 3563 5925 laudat
3592 5868 3733 5924 Gron

2159 5945 2347 6016 gorius
2378 5944 2780 6012 Nazianzenus,
2812 5944 2905 6002 sed
2940 5944 3109 6000 tacito
3139 5944 3259 6015 ejus
3290 5944 3532 5999 nomine.
