4452 6598
784 438 924 499 1247

2255 443 2599 504 SOZOMENI

3905 445 4047 500 1238

782 555 919 611 Nam
973 573 1097 613 cum
1153 556 1323 622 Mero,
1380 575 1502 632 qua
1550 563 1684 619 urbs
1730 572 1815 621 est
1858 562 2126 636 Phrygia,
2178 576 2359 623 rector
2389 576 2432 632 Α
2461 569 2540 638 γὰγ

2290 583 2359 623 οι·
2389 576 2432 632 Α
2461 569 2571 639 γὰρ
2608 571 2666 622 ἐν
2695 568 2873 640 Μίσῳ,
2898 566 3050 630 πόλις
3079 564 3137 620 δέ
3168 565 3262 638 ηδε
3285 563 3514 638 Φρυγῶν
3537 564 3653 636 (95)
3680 603 3697 631 ,
3730 564 3822 617 τὸν
3852 564 4048 618 ἐνθάδε

786 649 1086 719 provincia
1117 653 1378 721 templum
1412 655 1739 723 aperuisset,
1779 663 1833 712 et
1865 654 2129 711 diuturno
2157 657 2263 713 situ
2294 673 2360 715 ac

785 740 1046 797 sordibus
1076 743 1355 814 oppletum
1391 754 1765 816 repurgasset,
1802 748 1879 802 illi
1903 756 2067 803 noctu
2099 749 2359 819 ingressi,

785 832 1081 888 simulacra
1114 834 1513 891 contriverunt.
1546 838 1793 908 Cumque
1833 839 1927 893 alii
1962 847 2222 910 tanquam
2260 842 2363 897 hu-

781 922 875 992 jus
915 923 1181 980 facinoris
1214 934 1469 983 auctores
1500 930 1907 999 comprehensi,
1941 938 1995 986 et
2031 946 2222 1001 panas
2248 936 2362 1003 jam

786 1015 971 1069 daturi
999 1024 1210 1081 essent,
1230 1034 1352 1073 sese
1375 1018 1480 1089 ipsi
1503 1019 1835 1075 indicarunt.
1856 1020 1993 1077 Cum
2020 1029 2201 1078 autem
2228 1024 2363 1093 ipsis

790 1104 978 1160 liceret
1000 1106 1187 1162 illasis
1213 1108 1387 1172 abire,
1408 1109 1455 1163 si
1488 1110 1649 1164 modo
1678 1111 1786 1166 iliis
1817 1112 2132 1168 sacrificare
2159 1114 2364 1170 voluis-

789 1202 954 1261 sent,
1001 1206 1291 1268 postquam
1340 1216 1542 1270 prases
1578 1202 1715 1268 ipsis
1744 1204 2076 1273 persuadere
2112 1220 2220 1259 non
2267 1220 2366 1275 po-

788 1288 895 1343 tuit
948 1296 1007 1343 ut
1063 1292 1145 1345 vel
1195 1291 1298 1345 hoc
1345 1308 1455 1348 uno
1507 1294 1901 1350 satisfactionis
1945 1310 2143 1363 genere
2186 1297 2365 1353 scelus

787 1394 949 1434 suum
977 1380 1275 1449 diluerent,
1312 1385 1499 1439 multis
1532 1400 1628 1440 eos
1664 1385 1839 1441 modis
1870 1386 2228 1441 excruciavit.
2282 1387 2366 1443 Ad

787 1480 1097 1528 extremum
1128 1490 1261 1530 vero
1294 1476 1580 1532 craticulis
1603 1476 1885 1548 imposuit,
1919 1479 2211 1549 ignemque
2237 1480 2367 1534 sub-

785 1564 940 1635 iecit.
978 1566 1060 1621 llll
1093 1568 1222 1622 dum
1256 1577 1640 1625 cremarentur
1668 1588 1682 1624 :
1722 1570 1779 1625 Si
1812 1586 2008 1629 carnes
2039 1586 2217 1637 assas,
2252 1572 2367 1627 aie-

792 1657 945 1722 bant,
983 1660 1359 1730 concupiscis,
1397 1675 1430 1716 o
1462 1661 1716 1729 Amachi,
1750 1663 1805 1717 id
1828 1664 1973 1718 enim
2012 1678 2213 1718 nomen
2247 1670 2369 1717 erat

788 1748 1063 1818 prasidis,
1106 1736 1337 1805 alterum
1376 1752 1537 1807 nobis
1587 1752 1733 1807 latus
1784 1753 1853 1807 ad
1897 1753 2083 1835 ignem
2122 1754 2366 1820 obverte,

791 1856 860 1896 ne
886 1842 1135 1912 gustanti
1169 1842 1268 1897 tibi
1304 1845 1562 1899 insuaves
1589 1844 1899 1911 videamur,
1926 1846 1972 1902 si
2010 1847 2263 1903 scmiassi
2293 1848 2371 1903 si-

2464 659 2599 713 νεὼν
2627 658 2831 729 ὴνέῳξε
2853 698 2869 724 ,
2905 657 3001 711 καὶ
3030 656 3134 710 ὑπὸ
3163 657 3370 729 χρόνων
3402 654 3678 728 ρυποῦντα
3713 653 4050 725 ἐξεκάθῃρεν

2461 750 2491 803 ό
2528 750 2621 803 τοῦ
2663 751 2851 815 έθνους
2872 750 3175 821 ἡγούμενος
3199 789 3214 815 ,
3250 749 3465 818 νύκτωρ
3498 745 3903 810 ἐπεισελθόντες
3926 786 3941 811 ,
3972 746 4050 798 τά

2463 840 2755 911 ἀγάλματα
2796 838 3149 909 συνέτριψαν.
3200 838 3290 901 Ὧς
3342 837 3533 891 αἰτίων
3573 835 3631 889 δὲ
3676 835 3879 889 τούτων
3915 834 4049 887 συλ-

2462 931 2791 1001 ληφθέντων,
2812 930 2986 985 ἇλλων
3016 930 3111 984 καὶ
3132 928 3491 999 τιμωρεῖσθαι
3523 926 3824 998 μελλόντων
3844 968 3859 992 ,
3901 927 4051 993 σφᾶς

2463 1025 2659 1087 αὐτοὺς
2681 1024 3085 1094 κατεμήνυσαν.
3125 1021 3273 1086 Ἐξὸν
3297 1021 3353 1075 δέ
3374 1021 3428 1073 εῐ
3455 1037 3519 1088 γε
3552 1019 3702 1072 θύειν
3731 1019 4051 1088 ἠνέσχοντο,

2468 1114 2634 1183 μηδὲν
2672 1112 2888 1179 παθεῖν,
2922 1114 2997 1177 ῶς
3025 1114 3083 1167 ἐν
3111 1112 3284 1183 τούτῳ
3315 1113 3460 1182 μόνῳ
3488 1109 3883 1189 ἀπολογεῖσθαι
3902 1109 4054 1179 ὑπὲρ

2464 1204 2573 1258 τῶν
2605 1205 3011 1277 ἡμαρτημένων
3050 1207 3079 1259 ό
3106 1204 3290 1276 ἄρχων
3318 1205 3417 1258 οὐκ
3447 1203 3631 1256 ἔπειθε
3651 1244 3664 1266 ,
3700 1202 3913 1264 πολλοῖς
3945 1201 4053 1253 αὺ-

2466 1297 2592 1360 τοὺς
2619 1298 2848 1368 ᾐκίσατο
2892 1298 3144 1368 τρόποις·
3184 1295 3492 1349 τελευταῖον
3523 1293 3581 1348 δέ
3628 1293 3886 1364 ἐσχάραις
3924 1293 4055 1343 ἐπι-

2469 1389 2602 1456 θεὶς,
2633 1391 2746 1461 πῦρ
2774 1389 3013 1461 ὑφῆψενο
3042 1391 3091 1443 oi.
3112 1390 3190 1452 δὲ,
3218 1388 3517 1455 καιόμενοι,
3550 1386 3614 1439 Εἰ
3640 1386 3817 1456 κρεῶν
3840 1384 4053 1444 ὀπτῶν,

2469 1480 2694 1550 ἔφασαν,
2723 1481 3029 1551 ἐπιθυμεῖς,
3058 1473 3105 1534 ὦ
3142 1480 3368 1550 Ἀμάχιε
3393 1478 3503 1548 (94)
3520 1521 3534 1543 ,
3559 1476 3718 1531 τοῦτο
3742 1475 3850 1547 γάρ
3875 1476 4059 1545 ὄνομα.

2468 1566 2535 1642 ἦν
2566 1571 2645 1642 τῷ
2672 1572 2913 1642 ἄρχοντι,
2946 1570 3042 1626 καὶ
3077 1571 3169 1625 ἐπὶ
3197 1570 3295 1633 τὰς
3322 1572 3514 1641 ἐτέρας
3554 1568 3795 1641 πλευράς
3822 1566 3959 1638 πρὸς
3988 1568 4058 1619 τὸ

2471 1664 2583 1734 πῦρ
2622 1665 2768 1735 ἡμᾶς
2813 1663 3075 1734 στρέψον,
3110 1664 3196 1717 ἵνα
3227 1663 3299 1733 μή
3337 1679 3419 1714 σοι
3454 1662 3738 1732 γευομένῳ
3792 1663 4059 1733 ἡμίοπτοι

2470 1756 2780 1826 γενόμενοι,
2810 1754 2991 1824 ἀηδεῖς
3026 1753 3366 1825 φαινώμεθα.
3411 1755 3521 1808 Kal.
3551 1754 3598 1805 οί
3637 1753 3733 1823 μὲν
3770 1746 3871 1806 ὧδε
3920 1770 4053 1821 γενε-

2472 1846 2637 1909 ναίως
2666 1846 3035 1915 διαγενόμενοι
3059 1886 3073 1913 ,
3114 1847 3171 1897 ἐν
3208 1846 3327 1907 ταῖς
3355 1843 3645 1914 τιμωρίαις
3677 1843 3765 1896 τὸν
3796 1842 3908 1913 βίον
3946 1844 4060 1896 ἀπ-

792 1906 937 1989 mus.
984 1932 1051 1987 Et
1086 1934 1143 1988 hi
1183 1935 1406 2005 quidem
1441 1951 1566 1990 cum
1600 1937 1667 1991 ad
1715 1936 1863 1993 hunc
1885 1906 2118 1993 modum
2151 1937 2373 1995 fortiter
2402 1906 2446 1961 Β
2472 1938 2550 1992 έθε

2302 1955 2373 1995 .er
2402 1906 2446 1961 Β
2472 1906 2675 1992 έθεντο.
2707 1906 2845 1992 Φασὶ
2873 1906 2929 1990 δέ
2954 1906 3341 2014 καὶυΒούσιριν
3369 1906 3427 1990 ἐν
3472 1906 3717 2006 ’Ᾰγκύρᾳ
3746 1906 3844 2007 της
3873 1935 4060 1989 Γαλα-

790 2023 1213 2093 perstitissent,
1276 2026 1332 2078 in
1378 2027 1667 2082 tormentis
1724 2028 1961 2082 animam
2021 2029 2368 2084 exhalarunt.

793 2114 963 2169 Aiunt
993 2124 1280 2185 praterea,
1320 2119 1552 2189 Ancyra
1603 2119 1656 2173 in
1685 2119 1897 2176 Galatia
1951 2121 2190 2177 Busirim
2243 2123 2372 2177 forti

792 2220 858 2260 ac
887 2221 1157 2278 generosa
1194 2207 1545 2265 confessione
1595 2210 1722 2267 ﬁdei
1770 2221 1974 2269 nostra
2021 2214 2371 2270 inclaruisse.

793 2296 898 2365 Qui
938 2313 1063 2353 cum
1098 2306 1267 2363 esset,
1317 2316 1382 2355 eo
1427 2301 1647 2371 quidem
1697 2311 1963 2375 tempore,
1995 2322 2061 2361 ex
2096 2316 2244 2362 secta
2280 2323 2375 2362 eo-

797 2403 919 2443 rum
948 2389 1041 2458 qui
1080 2388 1376 2445 Encratita
1405 2390 1685 2457 dicuntur,
1717 2397 2153 2466 comprehensus
2181 2405 2267 2454 est
2316 2408 2377 2453 ut

796 2482 1103 2537 caederetur
1129 2498 1158 2537 a
1192 2484 1423 2553 praside
1459 2484 1607 2542 illius
1636 2487 1951 2556 provincia,
1970 2505 2038 2545 eo
2069 2491 2215 2561 quod
2240 2506 2376 2562 gen-

795 2572 986 2629 tilibus
1020 2574 1358 2630 insultasset.
1379 2574 1669 2631 Admotum
1700 2578 1861 2647 igitur
1888 2581 2143 2650 equuleo,
2171 2596 2378 2651 prases

795 2666 1086 2722 sublimem
1117 2668 1235 2723 tolli
1280 2669 1555 2740 praecpit.
1607 2671 1678 2724 At
1704 2666 1942 2738 Busiris,
1997 2674 2256 2730 manibus
2308 2674 2377 2728 ad

795 2766 962 2828 caput
1006 2759 1262 2825 sublatis,
1312 2762 1481 2817 latera
1534 2760 1784 2818 nudavit.
1834 2763 2090 2836 Dixitque
2133 2766 2376 2837 prasidi,

796 2866 908 2906 non
940 2866 1068 2908 esse
1100 2867 1240 2922 opus
1288 2861 1348 2908 ut
1389 2854 1613 2909 lictores
1644 2855 1824 2925 ipsum
1877 2857 1930 2911 in
1961 2859 2255 2928 equuleum
2302 2859 2380 2914 le-

802 2942 984 2998 vando
1034 2957 1099 2999 ac
1152 2956 1340 3014 postea
1373 2944 1717 3015 deponendo,
1760 2947 1965 3005 frustra
2000 2949 2380 3021 fatigarentur.

799 3032 873 3089 Se
898 3034 1044 3089 enim
1074 3036 1287 3106 absque
1318 3037 1424 3091 hoc
1455 3037 1762 3094 ministerio
1785 3039 1956 3095 latera
1988 3056 2109 3105 sua,
2138 3042 2381 3111 quandiu

795 3124 986 3191 vellet,
1016 3111 1323 3182 t'ortoribus
1349 3128 1490 3183 ultro
1516 3129 1896 3199 prabiturum.
1915 3130 2236 3187 Admiratus
2268 3134 2385 3203 pol-

2470 2031 2592 2101 τίας
2617 2030 2879 2101 λαμπρὰν
2909 2030 3002 2083 καλ⁵
3023 2028 3407 2101 ἀνδρειοτάτην
3436 2028 3727 2099 ὁμολογίαν
3758 2028 4057 2098 ὑπομεῖναι

2471 2098 2561 2173 διά
2590 2098 2702 2190 τὴν.
2726 2098 3041 2190 θρησκείαν.
3079 2098 3175 2171 Ὃν
3202 2118 3301 2188 τῆς
3341 2117 3607 2187 αἱρέσεως
3641 2117 3768 2170 ὅντα
3796 2119 3913 2171 τότε
3943 2117 4061 2171 τῶν

2474 2209 2823 2281 καλουμένων
2870 2209 3243 2281 Ἐγκρατιτῶν
3268 2249 3284 2273 ,
3340 2209 3620 2263 συλλαϐὼν
3669 2212 3698 2263 ό
3739 2210 3833 2264 τοῦ
3866 2211 4060 2273 ἔθνους

2473 2303 2690 2373 ἄρχων,
2724 2301 2799 2365 ῶς
2847 2302 3297 2373 νεανιευσάμενον
3344 2302 3485 2355 κατά
3534 2303 3642 2355 τῶν
3694 2303 4058 2372 Ἑλληνιστῶν

2473 2390 2779 2455 αἰκίζεσθαι
2809 2391 3088 2462 ἠϐούλετο.
3127 2394 3236 2447 Καὶ
3274 2391 3508 2464 δημοσίᾳ
3554 2394 3885 2466 προαγαγὼν
3914 2395 4057 2466 πρὸς

2474 2484 2537 2539 τὸ
2565 2484 2985 2557 βασανιπήριον
3012 2486 3188 2553 ξύλον,
3217 2488 3535 2559 αἰωρεῖσθαι
3566 2490 3952 2561 προσέταττεν.
3994 2489 4057 2544 Ὀ

2475 2576 2533 2630 δέ
2582 2576 2834 2646 Βούσιρις
2876 2576 3127 2648 ἀνασχὼν
3174 2577 3253 2632 τὼ
3296 2582 3446 2651 χεῖρε
3480 2581 3617 2651 πρὸς
3642 2581 3747 2651 τὴν
3788 2580 4055 2650 κεφαλὴν,

2478 2670 2762 2742 ἐγύμνωσε
2810 2670 2908 2734 τὰς
2954 2672 3192 2741 πλευράς
3216 2686 3231 2701 ⁸
3281 2673 3373 2725 καὶ
3407 2673 3482 2743 μὴ
3522 2673 3699 2743 μάτην
3730 2674 3927 2744 χρῆναι
3960 2690 4060 2725 πο-

2480 2765 2589 2817 νεῖν
2622 2763 2747 2825 τοὺς
2774 2762 3002 2833 δημίους
3026 2763 3162 2833 πρὸς
3189 2761 3281 2815 τὸν
3311 2763 3548 2835 ἄρχοντα
3579 2764 3680 2835 ἔφη
3709 2807 3721 2826 .
3756 2767 4062 2833 ἀνάγοντας

2481 2851 2642 2905 αὑτὸν
2675 2854 2770 2905 ἐπὶ
2799 2852 2858 2905 τὸ
2884 2852 3059 2916 ξύλον,
3081 2853 3177 2907 καὶ
3206 2854 3367 2908 πάλιν
3393 2855 3749 2924 κατάγοντας.
3794 2856 4061 2927 Ἐτοίμως

2480 2943 2591 3013 γὰρ
2620 2943 2716 2996 καὶ
2748 2942 2869 3014 δίχα
2891 2944 3078 2997 τούτου
3109 2944 3193 3013 ἐφ’
3225 2946 3346 2999 ὅσον
3378 2945 3644 3016 βούλεται,
3677 2946 3932 3016 παρέξειν
3958 2947 4063 3010 τὰς

2483 3034 2724 3106 πλευρὰς
2745 3038 2867 3099 τοῖς
2885 3035 3255 3106 βασανισταῖς.
3275 3037 3575 3108 Θαυμάσας
3603 3038 3660 3091 δὲ
3689 3040 3789 3109 τὴν
3826 3039 4065 3110 ὑπόσχε-

2487 3141 2570 3178 σιν
2611 3126 2639 3178 ό
2672 3124 2855 3196 ἄρχων
2877 3165 2891 3188 ,
2932 3125 3133 3195 μᾶλλον
3159 3129 3226 3197 τῇ
3264 3127 3441 3198 πείρᾳ,
3466 3129 3803 3199 κατεπλάγη.
3841 3129 4065 3194 Alxth-

799 3214 1157 3271 licitationem
1204 3231 1433 3286 prases,
1472 3218 1644 3289 ipsius
1676 3220 1756 3273 rei
1798 3219 2177 3289 experimento
2209 3221 2383 3291 magis
2410 3241 2453 3300 α
2492 3233 2557 3287 με

2307 3221 2383 3291 gis
2410 3241 2453 3300 ο
2492 3233 2648 3287 μενος
2702 3218 2811 3287 γὰρ
2852 3218 2973 3280 ταῖς
3010 3216 3156 3283 ὄνυξι
3190 3218 3289 3280 τὰς
3337 3218 3576 3290 πλευρὰς
3627 3214 3817 3290 μέχρίς
3846 3222 3933 3274 ὅτε
3983 3222 4065 3291 τῷ

798 3308 1140 3379 stupefactus
1172 3321 1278 3368 est.
1305 3310 1438 3365 Nam
1474 3327 1601 3367 cum
1635 3314 1809 3368 latera
1838 3314 1958 3382 ejus
1988 3313 2234 3384 quandiu
2258 3315 2377 3385 pla-

798 3402 918 3455 cuit
964 3401 1213 3471 prasidi,
1258 3403 1536 3474 unguibus
1570 3402 1767 3460 ferreis
1822 3405 2225 3470 lacerarentur,
2259 3421 2381 3461 ma-

802 3494 967 3549 nibus
997 3510 1165 3566 supra
1200 3505 1365 3566 caput
1396 3497 1576 3561 elatis,
1614 3497 1805 3566 plagas
1837 3496 2009 3551 alacri
2044 3497 2229 3553 animo
2262 3513 2385 3554 sus-

804 3583 983 3641 tinens
1009 3587 1399 3655 perseveravit.
1441 3585 1574 3642 Post
1613 3587 1729 3641 hae
1752 3588 2037 3657 conjectus
2062 3589 2117 3643 in
2140 3589 2383 3653 vincula,

808 3676 953 3733 haud
999 3678 1171 3731 multo
1224 3686 1349 3748 post
1386 3678 1651 3732 liberatus
1680 3684 1786 3742 est,
1829 3692 1955 3732 cum
1994 3693 2146 3734 mors
2179 3676 2385 3734 Iuliani

809 3769 1061 3823 nuntiata
1091 3777 1264 3836 esset;
1296 3778 1351 3823 et
1379 3770 1445 3824 ad
1478 3770 1848 3839 principatum
1894 3786 2068 3840 usque
2093 3771 2387 3827 Theodosii

806 3869 1092 3931 superstes
1126 3861 1262 3917 fuit:
1296 3861 1673 3932 damnataque
1707 3864 1892 3933 priore
1944 3864 2166 3928 haresi,
2198 3864 2266 3919 ad
2293 3878 2387 3919 ca-

805 3953 1071 4007 tholicam
1112 3952 1418 4009 Ecclesiam
1468 3970 1529 4011 se
1582 3955 1839 4010 contulit.
1891 3956 2097 4011 Eodem
2141 3964 2390 4028 tempore

809 4045 1075 4116 martyrio
1103 4046 1271 4100 vitam
1307 4045 1519 4103 (iniisse
1551 4047 1814 4102 dicuntur
1847 4047 2106 4109 Basilius,
2135 4048 2387 4120 Ancyra-

811 4150 893 4191 na
928 4134 1188 4191 Ecclesia
1219 4136 1595 4207 presbyter,et
1625 4135 1992 4208 Eupsychius,
2026 4136 2390 4192 Caesariensis

808 4227 1124 4300 Cappadox,
1142 4228 1310 4283 nobili
1334 4244 1530 4298 genere
1549 4239 1725 4290 ortus,
1752 4228 1847 4299 qui
1864 4242 2059 4284 recens
2079 4229 2236 4299 197
2252 4243 2394 4283 uxo-

811 4338 926 4377 rem
969 4322 1220 4389 duxerat,
1256 4330 1311 4378 et
1345 4322 1528 4378 adhuc
1558 4324 1718 4393 quasi
1749 4337 1986 4393 sponsus
2011 4332 2149 4377 erat.
2184 4324 2249 4378 Et
2281 4322 2393 4377 Eu-

814 4414 1073 4485 psychius
1110 4414 1354 4486 quidem,
1398 4400 1666 4485 quantum
1719 4415 2042 4482 conjectura
2102 4430 2390 4485 assequor,

814 4514 1038 4578 propter
1063 4507 1321 4577 templum
1351 4505 1511 4562 Genii
1539 4507 1744 4576 publici
1779 4502 2107 4562 interfectus
2129 4515 2250 4563 est:
2281 4521 2393 4577 quo

815 4604 950 4657 tunc
998 4598 1265 4670 temporis
1316 4598 1645 4663 destructo,
1704 4597 1948 4654 universi
2002 4597 2426 4667 Casariensest

2484 3309 2703 3379 ἄρχοντι
2734 3308 2907 3361 ἐδόκει
2932 3349 2947 3373 ,
2980 3309 3371 3380 διεκαρτέρησε
3401 3310 3478 3364 τὼ
3512 3313 3659 3381 χεῖρε
3689 3312 3897 3382 ἀνέχων
3916 3352 3931 3374 ,
3965 3314 4067 3365 καὶ

2482 3397 2580 3461 τὰς
2627 3396 2844 3467 πληγὰς
2889 3398 3184 3469 προθύμως
3235 3398 3547 3470 δεχόμενος.
3611 3403 3700 3455 Ἐν
3748 3402 3968 3474 δεσμοῖς
4005 3402 4066 3455 δὲ

2486 3489 2624 3559 μετὰ
2660 3488 2831 3543 ταῦτα
2858 3490 3149 3559 γενόμενος
3169 3531 3183 3555 ,
3220 3491 3407 3562 ἀνείθη
3445 3493 3547 3546 οὒκ
3574 3495 3654 3557 είς
3673 3494 3913 3565 ’μακρὰν
3955 3496 4063 3561 ἀγ-

2483 3581 2765 3651 γελθέντος
2785 3582 3091 3653 ἀνῃρῆσθαι
3130 3583 3414 3637 Ἰουλιανόν
3439 3601 3453 3615 ·
3483 3586 3578 3638 κα¹1¹
3609 3586 3771 3657 μέχρι
3797 3589 3895 3657 τῆς
3926 3587 4064 3639 Θεο-

2483 3672 2690 3745 δοσίου⁴
2722 3672 2999 3744 βασιλείας
3054 3675 3259 3729 ἐπεϐίω
3294 3690 3310 3707 ·
3359 3676 3453 3747 καλτ
3508 3677 3645 3748 πρὸς
3689 3678 3790 3748 τὴν
3831 3678 4066 3731 καθόλου

2498 3763 2825 3834 Ἐκκλησίαν
2864 3764 3119 3834 μετέθετο
3143 3805 3158 3831 ,
3206 3767 3510 3833 καταγνοὺς
3540 3766 3641 3834 τῆς
3675 3769 3943 3839 προτέρας
3979 3768 4069 3821 αί-

2491 3855 2707 3927 ρέσεως.
2736 3858 2907 3924 Λόγος
2952 3856 3009 3909 δέ
3051 3856 3193 3909 κατά
3222 3856 3409 3911 τοῦτον
3440 3856 3533 3910 τὸν
3566 3858 3753 3928 χρόνον
3790 3859 4068 3930 μαρτυρίᾳ

2485 3948 2576 4003 τὸν
2604 3949 2716 4019 βίον
2749 3949 3026 4020 μετελθεῖν
3049 3990 3063 4012 ,
3102 3949 3382 4002 Βασίλειον
3411 3949 3779 4020 πρεσϐύτερον
3814 3950 3839 3988 δ
3874 3949 3973 4021 τῆς
4004 3952 4069 4001 ἐν

2501 4042 2744 4114 Ἀγκύρᾳ
2803 4042 3169 4111 Ἐκκλησίας,
3225 4042 3318 4095 καὶ
3374 4040 3645 4111 Εύψύχιον
3698 4053 3722 4081 ι’
3778 4040 4069 4109 Καισαρέα

2489 4135 2866 4207 Καππαδόκην
2923 4135 3030 4188 τῶν
3085 4132 3466 4205 εὐπατριδῶν,
3532 4133 3759 4201 ἔναγχος
3819 4116 4069 4202 γαμετὴν

2491 4228 2786 4298 ἀγόμενον,
2817 4227 2911 4280 καὶ
2954 4222 3066 4279 οἷον
3093 4224 3173 4278 ἔτι
3210 4225 3441 4296 νυμφίον
3479 4225 3626 4277 ὄντα.
3663 4224 3960 4294 Συμϐάλλω
3985 4224 4067 4286 δὲ,

2490 4321 2580 4375 τὸν
2624 4320 2723 4391 μὲν
2748 4318 3015 4389 Εὺψύχιον
3055 4315 3408 4388 ἀναιρεθῆναι
3434 4316 3521 4369 διὰ
3552 4316 3643 4368 τὸν
3672 4316 3797 4369 ναὸν
3825 4316 3923 4385 τῆς
3954 4314 4069 4367 Τύ-

2490 4430 2593 4486 χης
2616 4454 2631 4477 ,
2677 4412 2761 4482 ἐφ’
2815 4407 2860 4481 ᾧ
2889 4411 3007 4465 τότε
3034 4408 3438 4480 καθαιρεθέντι,
3470 4407 3545 4471 ὡς
3575 4410 3633 4461 ἐν
3676 4409 3790 4471 τοῖς
3830 4405 4070 4477 πρόσθεν

2490 4507 2730 4578 εἴρηται,
2760 4507 2913 4577 κοινῇ
2956 4505 3159 4568 πάντες
3211 4505 3508 4574 Καισαρεῖς
3546 4502 3644 4572 τῆς
3670 4500 3765 4555 τοῦ
3803 4499 4069 4571 βασιλέως

2492 4594 2665 4678 ὀργῆς
2686 4595 3075 4667 ἐπειράθησαν.
3112 4595 3175 4647 Ol
3204 4593 3261 4646 δέ
3290 4591 3390 4663 τῆς
3413 4592 3801 4666 ,καθαιρέσεως
3840 4590 4069 4661 αὐτουρ-

2002 4792 2274 4851 VALESll
2314 4790 2762 4848 ANNOTATION
2768 4792 2874 4851 ES.

910 4917 1000 4983 95)
1041 4916 1145 4970 Ἐν
1171 4915 1379 4979 Murro),
1423 4913 1601 4977 πόλις
1642 4910 1752 4983 ἥδε
1798 4908 2066 4983 Φρρνῶν.
2108 4908 2166 4964 In
2198 4909 2390 4983 codice
2422 4910 2465 4965 ι)
2494 4907 2668 4983 Deltly

1570 4930 1601 4977 ς
1642 4910 1752 4983 ἥδε
1798 4908 2066 4983 Φρρνῶν.
2108 4908 2166 4964 In
2198 4909 2390 4983 codice
2422 4910 2465 4965 ι)
2494 4906 2943 4983 De‘therna‘tibus,
2980 4920 3102 4983 ca_p.
3133 4906 3156 4959 l
3187 4913 3247 4983 e_t_
3272 4906 3324 4959 6.

817 4980 1118 5044 Fuketiano
1165 4986 1437 5055 scriptum
1476 4992 1591 5055 est,»
1618 4980 1809 5051 Μύρῳ.
1872 4980 1985 5055 Sed
2032 4996 2143 5055 non
2191 4980 2386 5055 dubito

820 5062 950 5128 quin
999 5050 1365 5129 scribendum
1397 5053 1472 5129 sit
1510 5050 2215 5129 Mﬂpgg,nqu_emadmodu_m
2260 5050 2389 5129 legit

821 5121 1161 5199 Epiphanius
1204 5121 1619 5199 Scholasticusf
1643 5121 1769 5199 Fuit
1817 5122 1943 5199 hac
1965 5121 2113 5199 urbs,
2138 5121 2391 5199 Phrygia

823 5192 1101 5264 salutaris,
1128 5212 1249 5267 qua
1283 5196 1389 5249 alio
1419 5195 1637 5267 nomine
1667 5192 1979 5261 Comopolis
2010 5192 2156 5267 dicta
2182 5200 2288 5267 est,
2328 5196 2390 5243 ut

822 5271 983 5327 docet
1019 5261 1412 5326 Constantinus
1462 5263 2015 5339 Porphyrogcnnctus
2070 5262 2125 5317 in
2187 5261 2326 5316 libro
2371 5274 2387 5315 ι

2564 4977 2678 5045 (94)
2716 4973 2793 5032 Ὠ
2813 4976 3012 5046 μάχιε.
3044 4972 3099 5029 1η
3127 4976 3319 5029 codice
3344 4972 3647 5046 Fnketiano
3688 4974 3953 5044 scriptum
3983 4984 4072 5033 est

2492 5041 2538 5101 ὧ
2564 5041 2858 5118 Ἇμάχιμέ,
2888 5041 3298 5118 corruptepro,
3312 5046 3535 5118 ἁμάχιε.
3570 5044 3661 5118 S_ic
3692 5041 3837 5099 enim
3869 5048 4071 5117 impius

2494 5119 2584 5174 ille
2629 5114 2832 5185 brases
2879 5122 3106 5172 vocatur
3150 5117 3205 5169 in
3242 5115 3544 5185 Meuologio
3583 5114 4074 5185 erconm{die

2495 5186 2823 5246 duodecimo
2854 5186 3213 5258 Septembris.

2261 5433 2639 5492 VARIORUM.

901 5558 930 5597 ἀ
986 5557 1310 5619 Βασίλειον
1360 5554 1785 5622 πρεσϐύτερον.
1828 5584 1901 5597 -ν
1926 5550 2102 5620 Hujus
2157 5552 2405 5624 martyrii
2507 5550 2659 5619 goriu

2308 5552 2405 5623 yrii
2507 5550 2696 5619 gorius
2745 5545 3411 5624 Nazianzenlts,_.epistola
3551 5541 3921 5624 ράηρρείιίειηι
3946 5540 4066 5624 ρία-

833 5638 953 5684 acta
988 5610 1259 5681 habentur
1304 5610 1444 5694 apud
1480 5610 1688 5680 Theod.
1735 5624 1985 5695 Ruinart,
2011 5610 2142 5693 'pag.
2179 5610 2321 5695 65οξ
2338 5638 2405 5695 ex
2503 5610 2661 5695 gnum
2708 5636 2730 5695 :_
2764 5626 2819 5675 et
2872 5620 2989 5695 ipse
3043 5610 3305 5695 Basilius,
3371 5615 3600 5695 cpistola
3633 5610 4072 5695 291⁸..Ρρηιίοεε

839 5681 1029 5754 Martio
1060 5681 1415 5751 Bollandiano
1440 5705 1719 5765 excerpta,
1750 5704 1802 5749 et
1828 5694 1894 5749 ad
1919 5681 2164 5765 cia;ch
2197 5681 2407 5765 codicis
2504 5681 2764 5745 dioecesis
2820 5681 3111 5759 episcopos
3160 5688 3357 5765 invitat
3383 5681 3450 5741 ad
3508 5683 3827 5765 Bttpsychii,
3868 5681 4074 5765 Dama,

840 5770 1089 5822 Vaticani
1120 5766 1339 5821 collata.
1377 5765 1589 5821 Colitur
1610 5763 1859 5822 Basilius
1899 5781 1927 5819 a
1961 5764 2168 5820 Gracis
2214 5772 2269 5819 et
2300 5763 2405 5817 La-

840 5840 973 5895 tinis
1005 5838 1092 5891 die
1114 5838 1184 5891 22
1213 5836 1413 5890 Martii.

919 5922 941 5949 ε
979 5909 1309 5979 Εὺψὺχιον.
1355 5905 1650 5979 Eupsychii
1692 5907 1946 5979 martyris
1986 5906 2230 5963 meminit
2276 5904 2407 5960 Grc-

2474 5754 2943 5829 .caterorumque
3014 5754 3339 5829 'eorttmdem
3424 5754 3698 5829 socior_u_m
3752 5761 4074 5829 _m_artyrum

2514 5821 2905 5885 celebritatem.
2933 5829 3142 5884 Colitur
3164 5828 3253 5887 die
3278 5828 3311 5885 9
3331 5826 3553 5900 Aprilis.
3580 5823 3789 5881 Theod.
3806 5821 4065 5893 ιιωωτ,

2513 5902 2629 5957 Act.
2666 5908 2845 5968 mark,
2874 5916 2996 5972 pag.
3032 5900 3155 5956 656.
