4452 6598
821 407 950 468 1251

2226 391 2578 456 SOZOIENI

3924 401 4072 460 1252

817 521 990 595 ipsius
1037 511 1318 586 interfuit;
1352 516 1700 576 Antiochiam
1753 513 2056 588 profectus,
2086 510 2385 568 Ecclesiam
2414 514 2463 572 Α
2490 525 2575 575 παι

2312 525 2385 564 tut
2414 514 2463 572 Α
2490 509 2928 581 παραγινόμενος
2957 511 3038 576 είς
3073 511 3424 583 Ἀντιόχειαν,
3452 514 3510 567 ἐν
3547 514 3816 584 ταραχαῖς
3843 513 3943 587 τὴν
3971 518 4070 570 ἐν·

816 617 938 686 ejus
983 613 1090 668 loci
1136 611 1412 666 turbatam
1459 611 1678 681 reperit.
1713 609 1899 666 Scissa
1946 607 2096 663 enim
2132 613 2254 660 erat
2297 617 2393 675 per

816 707 1074 768 Arianos,
1091 702 1296 773 quibus
1312 700 1639 772 praesidebat
1661 700 1918 756 Euzoius.
1938 697 2042 754 Sed
2076 705 2132 752 et
2150 694 2394 751 fautores

818 795 1018 852 Meletii
1044 795 1116 848 ab
1143 793 1259 849 illis
1287 794 1384 862 qui
1416 791 1665 848 eamdem
1706 806 1832 846 cum
1865 789 2003 860 ipsis
2035 788 2192 843 fidem
2226 787 2393 857 proli-

820 888 1094 951 tebantur,
1112 885 1470 941 nihilominus
1485 883 1846 940 dissidebant.
1872 882 2120 952 Cumque
2142 879 2393 936 Meletius

819 977 1064 1032 nondum
1116 978 1185 1032 ab
1231 976 1428 1032 exsilio
1485 976 1768 1040 rediisset,
1823 974 2045 1030 Lucifer
2103 971 2392 1028 Paulinum

817 1069 1138 1137 episcopum
1177 1065 1448 1120 ordinavit
1476 1066 1516 1120 ³.
1542 1063 1686 1120 Inter
1723 1064 1837 1119 haec
1877 1063 2216 1120 diversarum
2257 1060 2396 1116 civi-

819 1167 996 1212 tatum
1045 1157 1288 1228 episcopi
1335 1155 1681 1213 Alexandria;
1710 1155 2025 1229 congregati
2062 1154 2228 1210 simul
2269 1169 2396 1209 cum

818 1249 1125 1306 Athanasio
1179 1258 1234 1304 et
1295 1247 1571 1316 Eusebio,
1624 1246 1832 1303 Nicani
1891 1247 2113 1303 concilii
2171 1246 2396 1301 decreta

820 1342 1168 1398 confirmant.
1215 1341 1282 1394 Et
1334 1339 1603 1410 Spiritum
1659 1346 1913 1395 sanctum
1959 1337 2108 1392 Patri
2155 1345 2210 1392 et
2257 1335 2397 1392 Filio

821 1433 1350 1488 consubstantialem
1387 1431 1622 1504 professi
1651 1441 1806 1496 sunt,
1829 1430 2270 1500 Trinitatemque
2297 1443 2399 1484 no.

823 1524 1134 1588 minarunt;
1165 1533 1223 1580 et
1253 1526 1528 1581 hominem
1552 1541 1713 1596 quem
1743 1524 1887 1581 Deus
1908 1522 2149 1579 Verbum
2181 1535 2398 1579 assum-

823 1618 952 1687 psit,
975 1633 1086 1673 non
1109 1619 1284 1673 solum
1305 1632 1561 1688 corpore,
1586 1618 1681 1673 sed
1701 1618 1865 1672 etiam
1890 1617 2073 1671 anima
2093 1615 2396 1687 perfectum

821 1709 973 1765 credi
1008 1710 1208 1766 debere
1242 1718 1582 1776 statuerunt,
1610 1709 2072 1782 quemadmodum
2102 1710 2268 1765 etiam
2284 1715 2398 1762 ‘an-

823 1801 993 1872 tiquis
1027 1800 1286 1858 Ecclesia:
1328 1802 1672 1878 philosophis
1705 1802 2004 1872 placuerat.
2035 1802 2102 1854 Et
2131 1800 2394 1870 quoniam

821 1893 1058 1964 quaestio
1095 1893 1163 1949 de
1202 1894 1510 1950 substantia
1545 1904 1601 1949 et
1644 1893 1923 1965 hypostasi
1953 1891 2231 1949 Ecclesias
2261 1907 2397 1948 con-

821 1986 1104 2052 turbabat,
1129 1987 1454 2056 crebraque
1480 1986 1550 2041 de
1585 1985 1672 2041 his
1706 1971 1932 2063 vocibus
1958 1987 2090 2040 rixa:
2125 1973 2193 2041 ac;
2217 1983 2401 2054 dispu-

823 2075 1065 2130 lationes
1119 2076 1521 2142 movebantur,
1569 2074 1871 2146 prudenter
1921 2074 2212 2130 admodum
2267 2073 2397 2149 mihi

821 2163 1081 2220 videntur
1137 2162 1486 2232 decrevisse,
1522 2165 1618 2220 ubi
1655 2163 1725 2220 de
1771 2163 1882 2219 Deo
1917 2178 2100 2221 sermo
2143 2172 2250 2230 est,
2291 2179 2400 2220 non

822 2268 949 2308 esse
970 2253 1158 2308 statim
1187 2253 1274 2308 his
1310 2253 1627 2310 nominibus
1659 2253 1946 2319 utendum,
1972 2253 2079 2310 nisi
2112 2254 2237 2324 quis
2262 2253 2402 2309 forte

824 2345 1158 2400 sententiam
1209 2344 1432 2401 Sabellii
1474 2346 1608 2401 velit
1641 2345 1895 2401 refellere
1926 2363 1941 2401 :
1976 2361 2044 2401 ne
2074 2347 2253 2414 inopia
2286 2361 2402 2400 ver-

825 2439 1044 2500 borum,
1087 2451 1256 2490 unam
1295 2436 1652 2506 eamdemque
1700 2451 1817 2491 rem
1863 2436 2041 2491 tribus
2087 2436 2400 2491 nominibus

826 2523 1102 2592 appellare
1130 2522 1408 2590 videatur;
1443 2525 1539 2584 sed
1571 2533 1630 2578 ut
1671 2539 2115 2595 unumquemque
2151 2539 2399 2580 seorsum

828 2614 1098 2684 intelligat
1148 2613 1422 2681 trifariam
1479 2613 1860 2686 distinguens.
1901 2614 1965 2669 Et
2013 2615 2128 2670 lucc
2177 2616 2400 2686 quidem

827 2707 1048 2762 decreta
1083 2712 1213 2761 sunt
1253 2705 1421 2762 abiis
1449 2707 1544 2776 qui
1585 2714 1718 2762 tunc
1761 2707 2027 2778 temporis
2063 2707 2404 2762 Alexandria

828 2798 883 2852 in
919 2811 1092 2852 unum
1135 2805 1535 2852 convenerunt.
1568 2797 1724 2868 Apud
1766 2814 1906 2869 quos
1953 2784 2312 2866 Athanasius,
2345 2808 2404 2854 ut

831 2891 972 2958 fuga:
1017 2901 1128 2943 suae
1167 2887 1435 2968 rationem
1488 2887 1765 2956 redderet,
1797 2890 2108 2947 orationem
2150 2891 2404 2948 recitavit

829 2995 995 3050 quam
1021 2980 1090 3035 de
1121 2987 1447 3050 argumento
1487 2979 1581 3034 illo
1605 2981 2040 3052 conscripserat.

1447 3069 1600 3126 CAP.
1638 3070 1775 3128 Xlll.

837 3163 908 3217 De
938 3161 1168 3236 Paulino
1209 3160 1547 3236 et__Meletio,
1573 3165 2194 3236 episeopiaAntiochim;
2217 3177 2265 3221 et
2297 3176 2396 3236 quo

902 3234 1056 3286 modo
1091 3234 1227 3286 inter
1262 3231 1549 3302 Eusebium
1589 3250 1651 3286 ac
1692 3234 1994 3302 Luciferum
2037 3246 2157 3289 orta
2185 3248 2261 3290 est
2288 3231 2398 3292 dis-

901 3305 1105 3374 sensio,
1134 3313 1181 3356 et
1211 3305 1348 3371 quod
1382 3296 1639 3357 Eusebius
1666 3296 2090 3374 atque'ﬂilarius
2125 3305 2402 3362 Nicwnam

903 3373 1057 3440 ﬁdem
1089 3383 1445 3426 asseruerunt.
1677 3435 1679 3437 ,
1735 3373 1741 3374 ί
2162 3387 2168 3396 ’

815 3498 821 3507 ι
905 3461 1082 3518 Finito
1110 3473 1290 3553 autem
1322 3464 1580 3530 concilio,
1609 3463 1878 3522 Eusebius
1907 3466 2252 3522 Antiochiam
2286 3483 2405 3540 pro-

834 3556 1034 3622 fectus,
1056 3560 1315 3629 populum
1337 3559 1447 3614 illic
1469 3559 1820 3615 dissidentem
1837 3563 2053 3629 reperit
2073 3561 2113 3613 ¹.
2139 3559 2404 3618 Fautores

836 3651 983 3705 enim
1039 3650 1240 3705 Meletii
1290 3667 1415 3706 cum
1467 3649 1697 3720 Paulino
1752 3653 2046 3709 convenire
2091 3664 2402 3720 renuentes,

833 3739 1132 3808 separatim
1185 3740 1446 3815 collectas
1489 3706 1855 3795 eelcbrab'aut.
1887 3739 2134 3812 Cumque
2180 3706 2407 3811 moleste

834 3821 1002 3888 ferrei
1055 3815 1203 3902 quod
1264 3831 1562 3895 Paulinus,
1622 3841 1814 3887 contra
1869 3849 2030 3902 quam
2084 3833 2404 3902 oportebat,

837 3927 1044 3996 absque
1087 3926 1256 3980 totius
1302 3925 1488 3995 pepuli
1537 3939 1810 3978 consensu
1857 3924 2142 3980 ordinatus
2188 3924 2441 3988 fuisset“

835 4017 970 4071 nihil
1017 4025 1198 4072 tamen
1234 4017 1411 4087 palam
1452 4024 1792 4086 conquestus
1816 4018 1918 4069 'eSt
1943 4016 2015 4070 ob
2050 4017 2407 4070 reverentiam

836 4107 1098 4163 Luciferi.
1125 4106 1232 4183 Sed
1254 4121 1376 4161 cum
1398 4105 1468 4160 ab
1497 4089 1787 4183 utriusque
1820 4090 1993 4177 pai-tis
2024 4106 2408 4182 communione
2440 4115 2448 4123 '

835 4217 898 4257 se
937 4179 1320 4263 abstinuisset,
1355 4179 1634 4270 pollicitus
1681 4205 1766 4253 est
1798 4179 2215 4254 emendaturum
2259 4214 2318 4254 se
2353 4199 2406 4252 in

835 4291 1064 4362 synodo,
1117 4306 1178 4345 ea
1228 4290 1296 4348 de
1343 4290 1546 4360 quibus
1579 4290 1797 4359 utrique
1844 4272 2239 4360 querebantur.
2270 4289 2406 4344 Dum

839 4383 1098 4452 populum
1133 4382 1199 4437 ad
1236 4380 1524 4452 pristinam
1554 4381 1909 4436 concordiam
1943 4397 2202 4437 revocare
2241 4396 2408 4436 cona-

836 4484 988 4527 retur
1034 4471 1327 4537 Eusebius,
1356 4473 1426 4526 ab
1463 4472 1658 4527 exsilio
1692 4486 1948 4526 reversus
1981 4471 2249 4532 Meletius.
2281 4487 2404 4526 cum

835 4570 1136 4618 sectatores
1179 4575 1404 4617 suarum
1455 4561 1698 4631 partium
1746 4561 2027 4629 sejunctos
2056 4562 2124 4614 ab
2160 4562 2280 4616 aliis
2306 4561 2402 4615 de-

837 4653 1237 4724 prehendisset,
1274 4667 1382 4728 una
1415 4667 1537 4706 cum
1582 4653 1694 4707 illis
1724 4667 1972 4709 seorsum
2005 4663 2159 4708 extra
2209 4656 2398 4726 urbem

835 4752 1144 4798 conventus
1209 4742 1621 4798 ecclesiasticos
1682 4742 1898 4800 habuit.
1951 4742 2215 4801 Paulinus
2278 4762 2408 4802 vero

837 4841 982 4893 intra
1035 4836 1224 4890 urbem
1271 4852 1393 4890 cum
1439 4837 1557 4891 suis
1607 4819 2238 4896 collectas'celebravit.
2270 4841 2407 4896 Nam

835 4943 961 4984 eum
1007 4926 1155 4985 mitis
1192 4934 1359 4990 esset,
1394 4935 1450 4982 et
1478 4936 1592 4982 tum
1617 4930 1688 4984 ob
1719 4931 2065 4988 sanctitatem
2117 4934 2259 4998 vitae,
2295 4945 2407 4989 tum
2438 4933 2442 4937 ’

836 5018 909 5072 ob
937 5025 1277 5073 senectutem
1317 5017 1682 5085 venerabilis,
1714 5005 1978 5076 reveritus
2013 5039 2135 5077 eum
2171 5023 2408 5083 Euzoius
2448 5044 2451 5047 ·

841 5110 1168 5165 Arianorum
1215 5109 1532 5180 episcopus,
1557 5127 1664 5166 non
1696 5113 1859 5167 modo
1897 5129 2003 5170 non
2047 5116 2206 5187 ejccit
2236 5134 2299 5172 ex
2328 5120 2405 5173 ci-

837 5201 1025 5264 vitate,
1059 5197 1155 5255 sed
1194 5213 1358 5252 unam
1391 5200 1441 5254 ei
1480 5198 1769 5256 ecclesiam
1815 5204 2086 5262 attribuit.
2131 5205 2404 5265 Eusebius

907 5379 922 5412 ¹
957 5371 1142 5443 δορὴ,
1178 5379 1376 5444 lib.m,
1414 5391 1468 5432 c.
1501 5377 1554 5434 6.
1629 5382 1650 5412 ¹
1673 5378 1833 5444 lbid.,
1872 5378 1926 5436 9.

2453 3689 2466 3698 .
2506 3657 2568 3708 Οἱ
2628 3653 2738 3724 γὰρ
2791 3651 3035 3720 Μελετίῳ
3089 3649 3368 3722 χαίροντες
3397 3686 3413 3710 ,

2493 600 2620 656 θάδε
2651 602 2944 674 ἐκκλησίαν
2985 605 3320 660 κατέλαϐεν·
3356 605 3600 678 ἐσχίζετο
3650 607 3750 676 μὲν
3796 607 3905 680 γὰρ
3949 613 4072 674 τοῖς

2490 692 2602 748 ἀπὸ
2643 693 2745 765 τῆς
2782 695 2994 769 Ἀρείου
3044 695 3350 768 αἱρέσεως,
3379 693 3456 753 ὧν
3473 701 3660 770 ἡγεῖτο
3686 697 3943 762 Εύζώῖος.
3981 705 4074 753 Δι-

2492 785 2748 857 εφέρσντο
2796 786 2853 840 δέ
2877 825 2892 848 .
2947 787 3021 852 ῶς
3062 788 3296 859 πρόσθεν
3328 788 3541 860 είρηται
3564 828 3581 854 ,
3638 789 3734 842 καὶ
3766 788 3903 861 πρὸς
3937 791 4072 852 τοὺς

2495 878 2680 946 σφίσιν
2708 876 2996 950 ὁμοδόξους
3019 882 3067 935 ol
3097 879 3357 935 Μελετίου
3392 883 3726 937 σπουδασταί
3745 898 3760 914 ·
3803 885 3971 954 μήπω
4008 882 4073 935 δὲ

2491 969 2683 1025 τούτου
2730 973 2836 1027 άπὸ
2874 973 2975 1043 τῆς
3015 973 3192 1044 φυγῆς
3234 973 3648 1041 ἐπανελθόντος,
3693 977 4073 1048 ἐχειροτόνησε

2493 1061 2758 1117 Παυλῖνον
2789 1065 3106 1118 ἐπίσκοπον.
3151 1066 3242 1121 Ἐν
3292 1065 3468 1136 τούτῳ
3501 1065 3560 1119 δὲ
3607 1066 3817 1120 πολλῶν
3859 1067 4076 1120 πόλεων

2494 1156 2782 1210 ἐπίσκοποι
2817 1155 3164 1220 συνελθόντες
3205 1159 3285 1222 είς
3330 1157 3736 1230 Ἀλεξάνδρειαν
3766 1159 3881 1229 ἅμα
3912 1158 4078 1214 Ἀθα-

2495 1247 2664 1317 νασίῳ
2709 1247 2804 1301 καὶ
2833 1247 3078 1319 Εὐσεϐίῳ
3097 1287 3112 1312 ,
3137 1246 3208 1301 τὰ
3231 1247 3526 1320 δεδογμένα
3553 1251 3611 1303 ἐν
3636 1250 3684 1302 Ν
3691 1249 3840 1322 ικαίᾳ
3867 1251 4080 1322 κρατύ-

2495 1354 2698 1392 νουσιν.
2727 1337 3044 1410 Ὀμοούσιόν
3070 1355 3132 1392 τε
3158 1337 3236 1410 τῷ
3258 1339 3433 1409 Πατρ)⁵
3461 1339 3553 1393 καὶ
3577 1340 3658 1410 τῷ
3686 1340 3801 1410 Υίῷ
3826 1341 3888 1394 τὸ
3916 1342 4077 1410 ἅγιον

2496 1429 2719 1501 Πνεῦμα
2737 1431 3114 1501 ὡμολόγησαν,
3141 1432 3236 1486 καὶ
3263 1433 3468 1502 Τριάδα
3488 1431 3802 1504 ὠνόμασαν·
3827 1435 3890 1486 ού
3924 1434 4077 1504 μόνῳ

2495 1537 2555 1574 τε
2589 1519 2831 1590 σώματι,
2865 1521 3002 1576 ἀλλὰ
3046 1523 3140 1575 καὶ
3170 1522 3316 1594 ψυχῇ
3362 1522 3566 1576 τέλειον
3603 1525 3799 1594 χρῆναι
3830 1523 4078 1588 δοξάζειν

2495 1613 2812 1686 ἄνθρωπον,
2841 1611 2901 1668 δν
2928 1615 2958 1668 δ
3000 1613 3134 1678 Θεὸς
3163 1614 3338 1683 Λόγος
3363 1615 3654 1680 ἀνέλαϐεν,
3689 1619 4075 1686 εἰσηγήσαντο,

2496 1706 2640 1760 καθὰ
2674 1706 2768 1774 καὶ
2817 1707 2929 1769 τοῖς
2979 1706 3148 1760 πάλαι
3197 1707 3706 1777 Ἐκκλησιαστικοῖς
3763 1694 4080 1779 ἓριλοσόφοις

2497 1798 2691 1852 ἐδόκει.
2728 1799 2879 1852 Ἐπεὶ
2905 1798 2962 1852 δέ
2995 1783 3185 1870 η’περὶ
3225 1800 3322 1870 τῆς
3350 1800 3540 1864 οὐσίας
3582 1801 3676 1854 καὶ
3720 1801 4078 1864 ὑποστάσεως

2501 1891 2726 1962 ζήτησις
2753 1892 2849 1954 τὰς
2885 1891 3210 1961 Ἐκκλησίας
3234 1891 3494 1963 ἐτάραττε
3516 1931 3531 1956 ,
3579 1895 3673 1946 καὶ
3714 1894 3904 1964 συχναὶ
3943 1895 4077 1965 περὶ

2499 1981 2703 2036 τούτων
2729 1980 2903 2052 ἔριδες
2947 1982 3043 2034 καὶ
3085 1982 3349 2049 διαλέξεις
3392 1978 3568 2053 ἦσαν,
3601 1981 3660 2038 εὖ
3699 1985 3845 2056 μάλα
3889 1986 4076 2055 σοφῶς

2503 2089 2593 2144 μοι
2631 2071 2880 2126 δοκοῦσιν
2922 2073 3132 2143 ὁρίσαι,
3178 2072 3252 2143 μὴ
3294 2074 3352 2140 ἐξ
3397 2075 3572 2146 ἀρχῆς
3608 2075 3769 2138 εὐθὺς
3812 2075 3903 2128 ἐπὶ
3931 2075 4072 2127 Θεοῦ

2459 2166 2710 2234 ι,τούτοις
2744 2165 2984 2237 ,χρῆσθαι
3019 2167 3132 2228 τοῖς
3179 2164 3406 2235 ὀνόμασι
3427 2205 3442 2230 ,
3475 2167 3614 2238 πλὴν
3663 2169 3823 2238 ἡνίκα
3861 2185 3943 2230 τις
3973 2167 4078 2238 τὴν

2501 2258 2786 2312 Σαϐελλίου
2820 2258 2974 2324 δόξαν
3002 2259 3283 2313 ἐκϐάλλειν
3321 2257 3588 2330 πειρῷτοο
3619 2259 3705 2312 ἵνα
3757 2258 3831 2330 μὴ
3867 2259 4077 2329 ἀπορίᾳ

2501 2351 2777 2422 ὀνομάτων
2799 2391 2815 2416 ,
2842 2351 3039 2405 ταυτὸν
3067 2351 3193 2422 δόξῃ
3224 2343 3308 2415 in;
3338 2351 3486 2422 τρισὶ
3538 2341 3950 2425 προσηγορίαις
3974 2368 4078 2404 κα-

2501 2444 2646 2507 λετν,
2690 2443 2807 2496 ἀλλ’
2855 2443 3086 2497 ἕκαστον
3131 2444 3238 2515 ίδίᾳ
3274 2446 3444 2509 νοοῖτο
3488 2444 3668 2514 τριχῆ.
3714 2445 3826 2498 Καὶ
3871 2443 3940 2496 τὰ
3974 2445 4077 2512 μὲν

2501 2529 2603 2590 ὦδε
2641 2538 2754 2598 τοῖς
2783 2535 2905 2588 τότε
2948 2535 3006 2589 ἐν
3069 2534 3446 2607 Ἀλεξανδρεία
3485 2534 3829 2611 συνελθοῦσιν
3872 2534 4071 2599 ἔδοξεν.

2484 2609 2973 2696 ΓἈτιτολογούμενος
3022 2625 3078 2678 δὲ
3130 2627 3188 2680 ἐν
3218 2625 3428 2688 τούτοις
3471 2625 3786 2689 Ἀθανάσιος
3810 2609 3944 2694 περὶ
3977 2626 4078 2693 τῆς

2501 2717 2664 2772 αὐτοῦ
2718 2718 2895 2789 φυγῆς
2944 2715 3188 2788 διεξῆλθε
3240 2715 3334 2771 τὸν
3375 2716 3567 2785 λόγον,
3605 2717 3664 2770 ὃν
3702 2717 3831 2787 περὶ
3881 2715 4076 2770 τούτου

2501 2808 2728 2882 ἔγραψεο

3033 3125 3044 3138 ,
3103 3073 3350 3128 ΚΕΦΑΛ.
3383 3072 3484 3128 II".

2425 3195 2468 3254 ο
2506 3167 2643 3254 ηερ
2666 3167 2786 3254 ειη
2807 3166 2891 3254 έν,
2917 3165 3238 3254 War-8.1.?
3257 3163 3582 3254 ἐρρκξερέςιξι
3600 3162 4078 3254 ’.ιῖφῖλττίῖξνυλιετξ

2527 3244 2535 3262 ‘
2569 3233 2860 3292 Μελετιόυ
2879 3251 2893 3266 °
2921 3236 3017 3290 καί
3054 3233 3442 3300 ὼξΕὑσέὄιος
3479 3233 3574 3286 καί
3601 3234 3898 3300 Λουκίφερ
3925 3233 4081 3298 πρὸς
4130 3264 4150 3274 -

2573 3311 2884 3373 ἀλλήλους
2915 3299 3322 3373 διηνέχθησαν
3342 3322 3356 3336 ο
3388 3305 3484 3356 καὶ
3515 3299 3617 3368 the"
3641 3299 3930 3367 Εὐσέϐιος
3973 3304 4080 3354 καὶ

2583 3378 2827 3446 Ἰλάριος
2856 3375 2970 3442 τὴν
2997 3377 3066 3429 ἐν
3091 3376 3311 3442 Νικαίᾳ
3334 3376 3542 3427 πίστιν
3565 3375 3868 3440 ἐκρότουν.

2575 3471 2686 3525 Καὶ
2714 3469 3057 3536 διαλυθείσης
3081 3466 3180 3537 τῆς
3228 3466 3444 3518 συνόδου
3465 3507 3478 3528 ,
3515 3463 3953 3534 παραγενόμενος
3977 3463 4082 3513 Εὑ-

2507 3563 2683 3626 σέϐιος
2722 3564 2813 3624 εἰς’
2847 3554 3174 3630 Ἀντιόχειαν
3195 3598 3208 3621 ,
3244 3551 3400 3625 εὗρεν
3431 3559 3488 3608 ἐν
3528 3554 3762 3624 διχονοίᾳ
3787 3553 3876 3606 τὸν
3925 3552 4078 3604 λαόν.

3459 3648 3537 3708 είς
3592 3645 3784 3698 ταυτὸν
3840 3644 4081 3696 συνιέναι

2506 3746 2754 3814 Παυλίνῳ
2779 3744 2879 3796 οὐκ
2905 3742 3200 3813 ἠνείχοντο,
3231 3739 3342 3793 ἀλλ’
3375 3739 3480 3812 ίδίιᾳ
3514 3737 3888 3807 ἐκκλησίαζον.
3907 3736 4084 3788 Χαλε-

2508 3838 2624 3901 πῶς
2673 3837 2729 3889 δέ
2777 3832 3050 3901 ἐνεγκὼν,
3097 3833 3179 3885 ὃτι
3232 3830 3306 3902 μὴ
3351 3831 3466 3883 δέον
3524 3829 3676 3900 παρὰ
3717 3828 3813 3900 τὴν
3842 3827 4081 3880 ’πάντων

2510 3929 2810 3996 συναίνεσιν
2841 3927 2952 3996 (96)
3006 3927 3040 3995 ἡ
3071 3917 3380 3994 ’χειροτονία
3429 3921 3698 3988 ἐγεγόνει,
3750 3919 3900 3972 οὒδέν
3931 3920 3987 3982 ἐς
4017 3918 4083 3971 τὸ

2509 3989 3422 4102 φανέρδνἐμέμφατᾴ-’Λουκίφερα
3466 4008 3661 4082 τιμῶν.
3702 4011 3977 4102 Οὸδετέριρ
4021 4009 4080 4062 δέ

2512 4112 2667 4182 μέρει
2693 4101 3029 4177 κοινωνήσας
3053 4145 3066 4168 ,
3092 4105 3359 4174 ὑπέσχετο
3385 4103 3452 4155 τὰ
3491 4101 3761 4154 λυτῖοῦντα
3787 4101 4082 4170 ἑκατέρους

2509 4205 2567 4256 ἐν
2619 4200 2818 4269 συνόδῳ
2869 4196 3224 4268 διορθώσεινο
3281 4197 3339 4248 ἐν
3389 4188 3434 4262 ᾧ
3483 4194 3538 4246 δέ
3583 4192 3642 4245 τὸ
3693 4191 3892 4263 πλῆθος
3943 4192 4079 4260 πρὸς

2507 4293 2758 4363 ὁμόνοιαν
2788 4290 3078 4343 συνάπτειν
3107 4285 3458 4348 ἐσπούδαζεν,
3482 4283 3791 4336 ἐπανελθὼν
3818 4283 4082 4345 Μελέτιος

2510 4387 2575 4437 ἐκ
2619 4384 2716 4454 τῆς
2763 4381 3087 4452 ὑπερορίας,
3139 4375 3575 4446 κεχωρισμένους
3617 4374 3789 4445 εὑρὼν
3831 4375 3958 4437 τοὺς
4008 4376 4082 4428 τὰ

2509 4474 2657 4543 αὐτῷ
2695 4463 3026 4544 φρονοῦντας
3057 4471 3205 4541 (97),
3256 4470 3361 4539 ίδίᾳ
3395 4471 3492 4522 σὺν
3542 4468 3783 4530 τούτοις,
3827 4467 3932 4529 ἐξω
3977 4466 4082 4535 τῆς

2510 4565 2715 4626 πόλεως
2744 4563 3100 4633 ἐκκλησίαζεν
3125 4580 3138 4593 ·
3169 4565 3196 4616 ὁ
3229 4563 3285 4614 δὲ
3311 4562 3598 4627 Παυλῖνος,
3628 4559 3773 4612 ἔνδον
3808 4558 3944 4628 μετὰ
3970 4557 4081 4611 τῶν

2508 4657 2722 4710 οἰκείων
2743 4628 2960 4726 Ἰπρᾴον
2991 4654 3098 4725 γὰρ
3120 4692 3134 4716 ,
3166 4654 3269 4705 ὑπό
3297 4669 3355 4725 τε
3392 4651 3505 4720 βίου
3548 4650 3642 4702 καὶ
3669 4651 3853 4719 γήρως
3881 4648 4082 4701 αίδοῐον

2503 4751 2634 4805 ὄντα
2659 4792 2675 4816 ,
2707 4750 2883 4818 τιμῶν
2916 4747 3153 4810 Εύζώϊος
3184 4748 3212 4795 ὁ
3249 4745 3346 4813 τῆς
3406 4743 3614 4812 Ἀρείου
3645 4741 3910 4810 αἱρέσεως
3945 4757 4080 4809 προ-

2505 4840 2710 4906 εστὼς,
2757 4839 2878 4891 οῦτε
2934 4836 3192 4902 ἐξέϐαλε,
3246 4835 3339 4888 καὶ
3389 4834 3518 4904 μίαν
3581 4831 3729 4910 αύτῷ
3783 4830 4079 4900 ἐκκλησίαν

2505 4934 2818 5002 ἀπένειμεν.
2882 4928 3138 4990 Εὐσέϐιος
3194 4927 3249 4980 δέ
3305 4922 3593 4994 ἀποτυχὼν
3651 4926 3750 4994 τῆς
3815 4923 4076 4991 σπουδῆς,

2505 5024 2839 5093 ἐξεδήμησεν
2883 5020 3230 5090 Ἀντιοχείας.
3269 5009 3626 5086 ’Υϐρισμένος
3655 5016 3711 5067 δὲ
3751 5015 3878 5084 παρ’
3907 5013 4078 5067 αῦτοῦ

2507 5116 2783 5185 Λουκίφερ
2809 5154 2824 5178 ,
2858 5115 2938 5167 ὃτι
2971 5113 3046 5182 μὴ
3065 5111 3162 5182 τὴν
3192 5109 3458 5162 Παυλίνου
3485 5108 3812 5178 χειροτονίαν
3838 5105 4074 5168 ἐδέξατο,

2509 5205 2831 5278 ἐχαλέπαινέ
2860 5222 2918 5258 τε
2941 5246 2954 5270 ,
2995 5203 3086 5258 καὶ
3131 5203 3404 5256 κοινωνεῖν
3437 5199 3585 5271 αὐτῷ
3630 5199 3906 5271 διεφέρετο
3929 5217 3940 5228 ·
3981 5200 4077 5251 καὶ

2028 5531 2300 5588 VALESII
2339 5530 2895 5588 ANNOTATIONES.

905 5686 1016 5758 {96)
1079 5689 1240 5758 Παρὰ
1294 5687 1409 5755 τὴν
1449 5688 1688 5744 πάντων
1745 5690 2018 5745 σύνεσιν.
2081 5691 2303 5748 Rectius
2344 5693 2397 5746 in

834 5762 1023 5813 codice
1072 5757 1373 5814 Fuketiano
1419 5761 1681 5832 scriptum
1716 5773 1799 5817 est
1841 5759 2178 5830 συναίνεσιν,
2235 5763 2288 5819 id
2316 5772 2399 5820 cst

833 5843 1160 5886 COIISCDSUD]

2575 5689 2687 5757 (97)
2734 5689 2880 5756 Τοὺς
2928 5689 3000 5743 τὰ
3041 5687 3202 5756 αὐτῷ
3239 5690 3629 5759 φρονοῦντας.
3680 5691 3874 5747 Procul
3906 5692 4077 5751 dubio

2507 5760 2857 5814 scribendum
2911 5770 2997 5815 cst
3046 5761 3112 5812 τὰ
3167 5760 3350 5815 αὑτοῦ.
3414 5761 3472 5816 In
3521 5765 3710 5818 codice
3770 5762 4076 5818 Fuketiano

2506 5830 2767 5900 scriptum
2793 5837 2875 5886 est
2905 5831 2972 5885 τὰ
2998 5831 3136 5886 αὐτὰ
3165 5831 3510 5904 φρονοῦντας,
3552 5836 3694 5904 quod
3737 5850 3842 5890 non
3880 5835 4072 5902 probo.
