4452 6598
825 413 956 473 1251

2231 397 2583 462 SOZOIIENI

3928 407 4077 465 I252

821 527 994 600 ipsius
1041 517 1322 591 interfuit;
1357 521 1704 581 Antiochiam
1758 519 2060 594 profectus,
2090 515 2389 573 Ecclesiam
2418 519 2468 577 Α
2495 530 2579 580 παι

2316 530 2389 569 IIII
2418 519 2468 577 Α
2495 514 2932 586 παραγενόμενος
2961 517 3042 581 είς
3077 517 3428 589 Ἀντιόχειαν,
3456 520 3514 572 ἐν
3551 519 3820 590 ταραχαῖς
3847 519 3947 592 τὴν
3976 523 4074 575 ἐν·

821 621 942 691 ejus
987 618 1095 673 loci
1140 617 1416 671 turbatam
1463 616 1683 686 reperit.
1717 615 1903 670 Scissa
1951 613 2100 668 enim
2136 617 2258 664 erat
2301 622 2398 680 per

821 711 1079 772 Arianos,
1096 707 1301 778 quibus
1317 705 1643 777 praesidebat
1665 705 1923 761 Euzoius.
1943 702 2046 759 Sed
2080 710 2136 757 et
2155 699 2398 756 fautores

823 800 1023 857 Meletii
1048 800 1121 854 ab
1148 798 1264 854 illis
1292 799 1388 868 qui
1421 796 1669 853 eamdem
1711 811 1837 851 cum
1869 795 2008 866 ipsis
2040 793 2197 848 fidem
2230 793 2397 862 proli-

824 893 1099 956 tehantur,
1117 891 1474 946 nihilominus
1490 888 1850 945 dissidebant.
1877 887 2125 957 Cumque
2147 884 2398 941 Heletius

823 983 1068 1038 nondum
1121 983 1190 1037 ab
1235 981 1432 1037 exsilio
1489 981 1772 1045 rediisset,
1828 979 2050 1035 Lucifer
2107 977 2396 1033 Paulinum

821 1074 1142 1142 episcopum
1182 1070 1453 1125 ordinavit
1481 1071 1520 1125 ⁸.
1547 1068 1690 1125 Inter
1727 1069 1841 1124 haec
1881 1068 2220 1125 diversarum
2262 1065 2400 1121 civi-

823 1173 1001 1218 tatum
1050 1163 1293 1233 episcopi
1339 1161 1686 1218 Alexandriae
1715 1161 2029 1234 congregati
2067 1159 2232 1216 simul
2274 1174 2400 1214 cum

823 1254 1130 1312 Athanasio
1183 1263 1239 1310 et
1299 1252 1575 1322 Eusebio,
1629 1251 1837 1308 Nicani
1896 1251 2117 1308 concilii
2176 1251 2401 1306 decreta

825 1347 1173 1403 confirmant.
1219 1346 1287 1400 Et
1339 1345 1607 1416 Spiritum
1664 1351 1918 1400 sanctum
1964 1343 2112 1396 Patri
2159 1350 2214 1398 et
2261 1340 2401 1396 Filio

826 1438 1355 1494 consubstantialem
1391 1437 1627 1509 professi
1656 1447 1810 1502 sunt,
1834 1435 2275 1504 Trinitatemque
2301 1448 2404 1489 no-

827 1529 1139 1593 minarunt;
1169 1538 1228 1585 et
1257 1531 1534 1586 hominem
1557 1546 1717 1601 quem
1747 1529 1891 1586 Deus
1913 1527 2154 1584 Verbum
2186 1541 2402 1584 assum-

827 1623 957 1692 psit,
980 1638 1090 1678 non
1113 1623 1289 1678 solum
1309 1637 1566 1694 corpore,
1591 1623 1686 1678 sed
1705 1623 1870 1676 etiam
1894 1622 2078 1676 anima
2098 1619 2401 1692 perfectum

825 1715 978 1770 credi
1013 1715 1213 1772 debere
1247 1723 1587 1780 statuerunt,
1614 1714 2076 1786 quemadmodum
2107 1715 2272 1770 etiam
2288 1721 2403 1768 ‘an-

827 1805 998 1878 tiquis
1031 1805 1290 1862 Ecclesiae
1333 1807 1677 1884 philosophis
1710 1807 2010 1877 placuerat.
2040 1807 2107 1860 Et
2135 1806 2398 1875 quoniam

825 1898 1062 1969 quaestio
1100 1899 1168 1954 de
1207 1899 1514 1955 substantia
1550 1909 1606 1955 et
1648 1897 1927 1970 hypostasi
1958 1897 2235 1954 Ecclesias
2266 1912 2402 1953 con-

825 1991 1109 2056 turbabat,
1135 1992 1459 2061 crebraque
1485 1991 1555 2047 de
1589 1991 1677 2047 his
1710 1977 1937 2047 vocibus
1962 1992 2094 2045 rixa:
2129 2005 2193 2047 ac
2221 1989 2406 2059 dispu-

828 2080 1070 2136 tationes
1123 2081 1526 2148 movebantur,
1575 2079 1876 2151 prudenter
1925 2079 2216 2136 admodum
2271 2079 2401 2154 mihi

826 2169 1086 2225 videntur
1142 2167 1490 2237 decrevisse,
1527 2170 1622 2225 ubi
1659 2169 1729 2225 de
1776 2168 1887 2224 Deo
1921 2184 2104 2226 sermo
2147 2177 2256 2236 est,
2295 2183 2405 2225 non

827 2273 953 2314 esse
975 2259 1162 2314 statim
1192 2258 1279 2314 his
1316 2258 1632 2315 nominibus
1663 2258 1950 2324 utendum,
1976 2259 2084 2315 nisi
2116 2259 2242 2329 quis
2266 2258 2406 2314 forte

829 2351 1163 2405 sententiam
1213 2349 1438 2406 Sabellii
1480 2351 1613 2406 velit
1645 2349 1899 2407 refellere
1931 2369 1946 2406 :
1981 2367 2049 2406 ne
2079 2352 2258 2419 inopia
2291 2366 2406 2405 ver-

830 2444 1048 2506 borum,
1091 2455 1260 2496 unam
1301 2442 1656 2512 eamdemque
1704 2457 1822 2496 rem
1869 2441 2045 2496 tribus
2092 2441 2405 2496 nominibus

831 2527 1107 2597 appellare
1135 2527 1413 2595 videatur;
1448 2530 1544 2589 sed
1576 2537 1634 2583 ut
1676 2544 2119 2600 unumquemque
2155 2544 2404 2585 seorsum

833 2619 1104 2690 intelligat
1153 2618 1427 2686 trifariam
1484 2618 1865 2691 distinguens.
1904 2619 1970 2674 Et
2017 2619 2133 2675 lucc
2182 2621 2404 2691 quidem

831 2712 1052 2767 decreta
1087 2717 1218 2766 sunt
1257 2711 1328 2768 ab
1357 2711 1426 2766 iis
1453 2712 1549 2781 qui
1591 2719 1723 2767 tunc
1766 2713 2032 2784 temporis
2067 2712 2408 2767 Alexandriae

832 2803 888 2857 in
924 2817 1097 2858 unum
1139 2810 1540 2858 convenerunt.
1573 2801 1729 2873 Apud
1771 2819 1911 2874 quos
1958 2789 2316 2871 Athanasius,
2350 2813 2409 2859 ut

835 2896 976 2964 fugae
1021 2907 1133 2948 suae
1171 2893 1439 2972 rationem
1493 2893 1770 2962 redderet,
1801 2895 2112 2952 orationem
2154 2897 2408 2953 recitavit

2497 606 2624 661 θάδε
2656 607 2948 679 ἐκκλησίαν
2989 609 3324 665 κατέλαϐεν·
3360 611 3605 683 ἐσχίζετο
3654 611 3754 682 μὲν
3799 612 3910 685 γὰρ
3953 618 4077 680 τοῖς

2495 698 2606 754 ἀπὸ
2647 699 2749 770 τῆς
2787 701 2998 774 Ἀρείου
3049 701 3354 774 αἱρέσεως,
3383 697 3460 758 ὧν
3478 705 3664 775 ἠγεῖτο
3690 702 3947 768 sectam.
3985 709 4078 758 At-

2497 791 2752 862 εφέροντο
2800 791 2858 845 δέ
2881 830 2897 853 .
2952 792 3025 858 ὡς
3066 793 3300 864 πρόσθεν
3332 793 3546 866 εἴρηται
3569 833 3585 859 ,
3642 795 3738 848 καὶ
3769 794 3906 866 πρὸς
3941 796 4078 858 τοὺς

2499 883 2684 951 σφίσιν
2713 881 3000 955 ὁμοδόξους
3024 888 3071 940 oi
3101 885 3361 940 Μελετίου
3397 887 3730 942 σπουδασταί
3749 903 3764 919 ·
3808 890 3976 959 μήπω
4013 888 4078 940 δέ

2496 975 2687 1030 τούτου
2735 979 2842 1032 ἀπὸ
2878 978 2979 1048 τῆς
3019 979 3196 1050 φυγῆς
3238 979 3653 1045 ἐπανελθόντος,
3697 981 4078 1053 ἐχειροτόνησε

2498 1066 2763 1122 Παυλῖνον
2793 1069 3111 1124 ἐπίσκοπον.
3155 1071 3246 1126 Ἐν
3297 1070 3472 1142 τούτῳ
3506 1070 3563 1124 δέ
3611 1071 3820 1125 πολλῶν
3863 1072 4081 1126 πόλεων

2499 1161 2786 1214 ἐπίσκοποι
2821 1161 3168 1225 συνελθόντες
3209 1164 3289 1226 είς
3334 1162 3740 1235 Ἀλεξάνδρειαν
3770 1164 3884 1234 ἅμα
3916 1163 4084 1219 Ἀθα-

2499 1252 2668 1322 νασίῳ
2713 1253 2808 1306 καὶ
2837 1253 3082 1324 Εὑσεϐίῳ
3101 1292 3116 1317 ,
3141 1251 3212 1306 τὰ
3236 1252 3530 1325 δεδογμένα
3558 1257 3616 1308 ἐν
3641 1255 3844 1326 Νικαίᾳ
3871 1257 4085 1326 κρατύ-

2499 1359 2702 1397 νουσιν.
2731 1342 3048 1415 Ὀμοούσιόν
3075 1361 3136 1397 τε
3162 1343 3241 1415 τῷ
3262 1345 3437 1414 Πατρὶ
3465 1345 3557 1398 καὶ
3582 1345 3662 1415 τῷ
3690 1345 3805 1416 Υἱῷ
3831 1346 3892 1399 τὸ
3921 1347 4083 1415 ἅγιον

2501 1435 2724 1507 Πνεῦμα
2741 1435 3118 1506 ὡμολόγησαν,
3146 1437 3241 1491 καὶ
3267 1438 3473 1507 Τριάδα
3493 1436 3806 1509 ὠνόμασαν·
3832 1439 3893 1492 οὐ
3928 1439 4083 1508 μόνῳ

2500 1543 2559 1579 τε
2593 1525 2835 1596 σώματι,
2870 1527 3006 1581 ἀλλὰ
3051 1528 3145 1580 καὶ
3175 1527 3321 1600 ψυχῇ
3367 1527 3571 1582 τέλειον
3607 1530 3804 1600 χρῆναι
3834 1528 4084 1594 δοξάζειν

2500 1619 2816 1691 ἄνθρωπον,
2845 1616 2905 1673 ὃν
2933 1621 2962 1673 ό
3005 1618 3138 1684 Θεὸς
3167 1620 3342 1688 Λόγος
3368 1620 3659 1685 ἀνέλαϐεν,
3693 1623 4081 1692 εἰσηγήσαντο,

2500 1711 2644 1766 καθὰ
2679 1711 2773 1778 καὶ
2822 1712 2934 1774 τοῖς
2983 1711 3152 1765 πάλαι
3201 1713 3711 1782 Ἑκκλησιαστικοῖς
3768 1699 4087 1784 ξριλοσόφοις

2501 1804 2695 1858 ἐδόκει.
2732 1804 2884 1857 Ἐπελ⁸
2909 1803 2967 1857 δέ
3001 1787 3189 1876 η’περὶ
3229 1805 3327 1876 τῆς
3354 1806 3544 1869 οὐσίας
3587 1807 3681 1859 καὶ
3725 1806 4083 1869 ὑποστάσεως

2505 1896 2731 1968 ζήτησις
2757 1897 2854 1959 τὰς
2890 1896 3214 1966 Ἐκκλησίας
3239 1897 3499 1968 ἐτάραττε
3520 1936 3536 1961 ,
3583 1901 3678 1952 καὶ
3719 1899 3908 1970 συχναὶ
3948 1901 4083 1970 περὶ

2503 1987 2707 2042 τούτων
2733 1985 2908 2057 ἔριδες
2952 1987 3048 2040 κα)⁵
3089 1987 3353 2054 διαλέξεις
3397 1983 3572 2059 ἦσαν,
3606 1986 3665 2043 εὖ
3703 1991 3850 2061 μάλα
3894 1991 4082 2060 σοφῶς

2507 2095 2598 2149 μοι
2636 2076 2884 2132 δοκοῦσιν
2926 2078 3138 2148 ὁρίσαι,
3183 2077 3257 2149 μὴ
3299 2079 3357 2146 ἐξ
3401 2080 3577 2152 ἀρχῆς
3611 2081 3774 2144 εὐθὺς
3816 2081 3908 2133 ἐπὶ
3936 2080 4077 2133 Θεοῦ

2463 2171 2715 2240 ,,τούτοις
2749 2171 2990 2242 ,χρῆσθαι
3023 2173 3136 2234 τοῖς
3184 2169 3410 2240 ὀνόμασι
3431 2211 3446 2236 ,
3479 2173 3619 2243 πλὴν
3668 2174 3828 2244 ἡνίκα
3865 2191 3948 2236 τις
3979 2173 4084 2243 τὴν

2505 2263 2790 2318 Σαϐελλίου
2825 2263 2979 2328 δόξαν
3007 2263 3288 2318 ἐκϐάλλειν
3326 2263 3593 2335 πειρῷτο·
3623 2264 3710 2318 ’ίνα
3761 2264 3836 2335 μὴ
3872 2265 4082 2334 ἀπορίᾳ

2505 2356 2781 2426 ὀνομάτων
2805 2396 2820 2422 ,
2846 2356 3044 2410 ταυτὸν
3071 2356 3198 2428 δόξῃ
3229 2348 3312 2420 τις
3342 2357 3490 2428 τρισὶ
3543 2347 3954 2430 προσηγορίαις
3979 2373 4084 2408 κα-

2505 2449 2650 2513 λεῖν,
2695 2448 2812 2502 ἀλλ’
2859 2449 3090 2502 ἕκαστον
3136 2449 3242 2520 ἰδία
3279 2451 3448 2514 νοοῖτο
3492 2449 3674 2519 τριχῆ.
3718 2450 3830 2503 Καὶ
3876 2449 3945 2502 τὰ
3980 2449 4083 2518 μὲν

2505 2534 2608 2595 ὧδε
2646 2543 2758 2604 τοῖς
2788 2540 2910 2593 τότε
2953 2541 3012 2594 ἐν
3074 2539 3450 2612 Ἀλεξανδρείᾳ
3490 2539 3833 2614 συνελθοῦσιν
3876 2539 4078 2604 ἔδοξεν.

2488 2614 2978 2701 ΓἈοττολογούμενος
3026 2630 3083 2683 δὲ
3135 2633 3192 2685 ἐν
3223 2631 3432 2693 τούτοις
3477 2630 3790 2694 Ἀθανάσιος
3823 2630 3948 2699 περὶ
3983 2631 4084 2699 τῆς

2506 2723 2668 2776 αὐτοῦ
2723 2723 2899 2794 φυγῆς
2948 2720 3193 2793 διεξῆλθε
3245 2721 3338 2775 τὸν
3380 2721 3572 2790 λόγον,
3610 2721 3669 2775 ὃν
3707 2723 3836 2792 περὶ
3886 2720 4082 2775 τούτου

2506 2813 2732 2886 ιγραιψεο

833 3000 999 3056 qwam
1026 2985 1094 3040 de
1126 2993 1452 3056 argumento
1491 2985 1586 3039 illo
1609 2987 2044 3056 conscripserat.

1452 3075 1606 3132 CAP.
1642 3075 1780 3133 XIII.
3038 3131 3048 3143 ,
3107 3080 3210 3134 ΚΕ1

1729 3076 1780 3133 il.
3038 3131 3048 3143 ,
3107 3078 3356 3134 ΚΕΦΑΛ.
3387 3077 3487 3133 Il".

841 3168 913 3222 De
943 3167 1172 3259 Pqulinq
1214 3165 1552 3259 etL‘Hel‘ctio,
1578 3170 2199 3259 episc'opistAntiochi‘m;
2221 3183 2270 3259 et
2301 3181 2400 3259 quo
2429 3200 2472 3259 ο
2511 3177 2599 3259 fle!

2323 3181 2400 3259 ,’."°
2429 3200 2472 3259 c
2511 3173 2648 3259 1.78.2!
2670 3172 2790 3259 si”:
2812 3171 2896 3259 έν,
2921 3169 3243 3259 armis
3261 3168 3586 3259 ἐεκξερέφῖ
3605 3167 4081 3259 ’.ιῖφῖλθίῗθυλαέξ

907 3239 1060 3312 modo
1096 3240 1232 3292 inter
1267 3236 1656 3312 Eusehi'unrac
1696 3239 1998 3312 Luciferum
2024 3251 2264 3312 νοτία-εει
2293 3236 2402 3297 dis-
2430 3236 2472 3259 υ
2532 3248 2540 3267 ί
2573 3236 2665 3297 Ms.

2396 3273 2402 3283 -
2430 3236 2472 3259 υ
2532 3248 2540 3267 ί
2573 3236 2865 3297 Μελετίου
2885 3257 2898 3271 ·
2925 3241 3022 3312 καὶ
3058 3236 3446 3312 Εὐσέϐιος
3474 3239 3579 3312 Δκαὶ
3591 3239 3902 3312 έὶοιᾳκίςερ
3930 3239 4086 3312 πρὸς
4136 3269 4154 3281 η

906 3309 1110 3380 sentio,
1139 3317 1186 3362 el
1215 3311 1353 3376 quod
1387 3302 1644 3363 Eusebius
1670 3302 2094 3380 atque'llilarius
2128 3310 2182 3364 Ν
2187 3314 2406 3367 ἱειεηαηι
2577 3315 2664 3367 ἀλ.

2325 3330 2406 3366 unt
2577 3315 2890 3378 ἀλλήλους
2919 3302 3327 3378 διηνέχθησαν
3346 3327 3360 3341 ·
3393 3302 3488 3361 καί
3520 3302 3621 3374 dic"
3646 3302 3934 3372 Εὐσέϐιος
3971 3302 4083 3359 θκιιι

907 3378 1061 3445 ﬁdem
1093 3389 1449 3432 asseruerunt.
1739 3378 1745 3380 ⁷
1891 3392 1893 3394 ·
2167 3393 2174 3401 ·
2588 3383 2664 3436 ἰλ

2167 3393 2174 3401 ”
2588 3383 2832 3451 ἰλὰριος
2861 3380 2974 3447 τὴν
3001 3382 3071 3434 ἐν
3095 3381 3315 3446 Νικαίςῑ
3338 3381 3546 3432 πίστιν
3569 3380 3872 3445 ἐκρότουν.

819 3503 825 3513 ι
909 3466 1086 3524 Finito
1115 3479 1294 3557 autem
1327 3469 1584 3534 concilio,
1613 3468 1882 3527 Eusebius
1912 3471 2257 3527 Antiochiam
2290 3489 2410 3545 pro-

2331 3489 2410 3529 ro-
2581 3476 2691 3530 Καὶ
2719 3473 3062 3541 διαλυθείσης
3085 3471 3185 3542 τῆς
3233 3471 3448 3524 συνόδου
3469 3513 3482 3533 ,
3520 3469 3957 3539 παραγενόμενος
3982 3468 4086 3518 Εὐ-

837 3561 1039 3629 fcctus,
1061 3565 1320 3634 papulum
1341 3564 1451 3619 illic
1473 3564 1824 3620 dissidentem
1842 3567 2058 3635 reperit
2079 3566 2118 3618 '.
2144 3564 2408 3623 Fautores
2511 3568 2595 3622 σέε

2323 3583 2408 3623 ms
2511 3568 2688 3630 σέϐιος
2726 3569 2818 3629 εἰς’
2851 3559 3213 3635 Ἀντιόχειαν,
3249 3557 3405 3630 εὗρεν
3435 3564 3492 3613 ὲν
3532 3559 3766 3630 διχονοίᾳ
3792 3558 3881 3610 τὸν
3930 3557 4081 3609 λαόν.

840 3655 988 3710 enim
1043 3655 1244 3709 Meletii
1294 3672 1420 3711 cum
1471 3654 1701 3730 Paulino
1756 3659 2050 3714 convenire
2095 3669 2406 3725 renuentes,
2458 3694 2472 3703 ι
2510 3661 2572 3713 Οἱ

2329 3677 2406 3725 es,
2458 3694 2472 3703 ι
2510 3661 2572 3713 Oi
2632 3658 2742 3730 γὰρ
2795 3656 3040 3724 Μελετίῳ
3093 3653 3418 3726 χαίροντες,
3463 3653 3541 3714 είς
3596 3651 3788 3703 ταυτὸν
3845 3650 4085 3702 συνιέναι

838 3745 1136 3821 separatim
1189 3745 1451 3821 collectas
1493 3711 1860 3800 celebrabant.
1892 3745 2139 3817 Cumque
2185 3711 2411 3816 moleste
2511 3753 2594 3805 Πα

2511 3711 2759 3819 Παυλίνῷ
2783 3749 2883 3801 οὐκ
2909 3711 3204 3818 ἠνείχοντο,
3235 3711 3485 3816 ἁλλ’νίδίια
3518 3711 3893 3812 ἐκκλησίαζον.
3913 3741 4088 3793 Χαλε-

839 3825 1007 3894 ferret
1060 3820 1207 3907 quod
1269 3836 1567 3900 Paulinus,
1627 3847 1819 3892 contra
1873 3853 2034 3907 quam
2089 3838 2408 3908 oportebat,
2512 3843 2597 3896 πῶ

2327 3847 2408 3902 ἂι,
2512 3843 2628 3906 πῶς
2678 3842 2734 3894 δέ
2781 3836 3054 3907 ἐνεγκὼν,
3103 3838 3184 3890 ὃτι
3236 3837 3310 3906 μὴ
3355 3836 3471 3888 δέον
3529 3834 3680 3905 παρὰ
3721 3833 3817 3904 τὴν
3847 3832 4085 3886 ’πάντων

842 3932 1048 4000 absque
1091 3931 1260 3985 totius
1307 3929 1492 4000 pepuli
1543 3944 1816 3983 consensu
1861 3929 2147 3984 ordinatus
2194 3928 2446 3994 fuisset,'
2515 3953 2600 3988 συν

2328 3937 2408 3994 κει,
2439 3952 2446 3962 '
2515 3934 2814 4022 συναίνεσ,ιν
2845 3932 2956 4001 (96)
3011 3931 3044 4001 ὴ
3075 3921 3384 4000 ’χειροτονία
3434 3927 3703 3993 ἐγεγόνει,
3755 3924 3905 3977 οὒδέν
3936 3925 3992 3987 ἐς
4024 3924 4086 3976 τὸ

840 4023 974 4077 nihil
1022 4031 1203 4077 tanien
1238 4023 1416 4092 palam
1457 4029 1797 4096 conquestus
1821 4023 1923 4096 'est
1948 4021 2019 4076 ob
2055 4023 2411 4076 reverentiam
2513 4044 2598 4095 φα·

2326 4037 2411 4075 ant
2513 4013 2742 4096 φανερὸν
2767 4021 3081 4096 ἐμέμψατο,
3117 4019 3427 4089 Λουκίφερα
3471 4013 3665 4087 τιμῶν.
3707 4017 3982 4086 Οὐδετέρῳ
4027 4015 4084 4067 δὲ

840 4113 1102 4169 Luciferi.
1130 4111 1237 4187 Sed
1258 4127 1380 4166 cum
1403 4111 1473 4165 ab
1502 4094 1792 4187 utriusque
1824 4095 1998 4182 pai'tis
2028 4112 2413 4187 gonimunione
2444 4120 2452 4128 '
2516 4093 2598 4186 μέι

2328 4127 2413 4165 )ne
2444 4120 2452 4128 '
2516 4117 2672 4186 μέρει
2698 4093 3034 4182 κοινωνήσας
3057 4150 3071 4172 ,
3096 4110 3364 4178 ὑπέσχετο
3390 4108 3457 4160 τὰ
3495 4107 3766 4159 λυποῦντα
3792 4105 4086 4175 ἑκατέρους

841 4223 902 4262 se
942 4184 1325 4268 abstinuisset,
1360 4184 1639 4275 pollicitus
1685 4210 1771 4258 est
1803 4184 2220 4258 emendaturum
2264 4219 2323 4259 se
2358 4204 2410 4257 in
2513 4184 2599 4261 iv‘

2358 4204 2410 4257 in
2513 4184 2823 4275 svcuv66q)
2873 4200 3229 4273 διορθώσειν·
3287 4202 3344 4252 ἐν
3394 4193 3438 4267 ᾧ
3487 4199 3542 4251 δὲ
3588 4197 3647 4250 τὸ
3697 4196 3897 4267 πλῆθος
3949 4197 4083 4266 πρὸς

840 4296 1069 4367 synodo,
1121 4311 1183 4350 ea
1233 4295 1301 4352 de
1348 4295 1550 4365 quibus
1584 4295 1802 4364 utrique
1849 4277 2243 4364 querebantur.
2274 4294 2410 4348 Dum
2513 4300 2598 4368 ὀμι

2328 4311 2410 4348 um
2513 4298 2762 4368 ὁμόνοιαν
2793 4295 3082 4348 συνάπτειν
3111 4290 3462 4353 ἐσπούδαζεν,
3487 4288 3795 4340 ἐπανελθὼν
3823 4288 4086 4350 Μελέτιος

843 4389 1103 4458 populum
1137 4387 1204 4442 ad
1241 4384 1529 4457 pristinam
1559 4386 1914 4441 concordiam
1948 4402 2207 4442 revocare
2246 4401 2413 4441 cona-

840 4489 993 4532 retur
1040 4477 1332 4541 Eusebius,
1361 4478 1430 4532 ab
1467 4477 1662 4532 exsilio
1697 4491 1953 4531 reversus
1986 4476 2254 4536 Meletius.
2286 4493 2409 4531 cum

839 4575 1140 4623 sectatores
1183 4581 1408 4622 suarum
1460 4567 1702 4636 partium
1751 4566 2032 4634 sejunctos
2061 4567 2128 4620 ab
2165 4567 2284 4620 aliis
2311 4567 2406 4620 de-

841 4658 1242 4729 prehendisset,
1279 4672 1387 4732 una
1419 4672 1542 4710 cum
1587 4658 1698 4712 illis
1728 4672 1977 4721 seorsum
2009 4668 2164 4713 extra
2214 4661 2402 4731 urbem

839 4756 1148 4803 conventus
1214 4747 1626 4803 ecclesiasticos
1687 4747 1902 4835 habuit.
1956 4747 2219 4806 Paulinus
2282 4767 2413 4808 vero

842 4846 986 4898 intra
1040 4841 1228 4895 urbem
1275 4857 1398 4896 cum
1444 4842 1561 4896 suis
1612 4833 1893 4899 collectas
1923 4845 2242 4902 celebravit.
2275 4845 2412 4901 Nam

841 4949 966 4989 cum
1011 4931 1160 4986 mitis
1197 4939 1364 4995 esset,
1399 4940 1454 4986 et
1483 4941 1596 4987 tum
1621 4935 1693 4989 ob
1723 4937 2070 4992 sanctitatem
2123 4939 2264 5003 vitze,
2299 4950 2411 4994 tum
2443 4937 2447 4942 ’

841 5023 914 5078 ob
941 5030 1282 5078 senectutem
1321 5023 1686 5091 venerabilis,
1718 5010 1983 5082 reveritus
2017 5043 2140 5082 eum
2175 5028 2413 5088 Euzoius
2452 5048 2457 5052 ·

845 5115 1173 5170 Arianorum
1220 5114 1536 5185 episcopus,
1561 5131 1669 5171 non
1700 5118 1864 5172 modo
1901 5134 2008 5174 non
2051 5121 2211 5192 ejccit
2241 5140 2304 5177 ex
2333 5125 2410 5178 ci-

841 5207 1030 5269 vitate,
1063 5202 1160 5260 sed
1198 5218 1362 5258 unam
1396 5205 1446 5260 ei
1485 5203 1774 5262 ecclesiam
1820 5209 2091 5267 attribuit.
2137 5211 2408 5270 Eusebius

912 5385 927 5416 ¹
961 5375 1146 5448 Soc'r.,
1183 5383 1278 5438 lib.
1299 5397 1381 5447 Ill,
1419 5396 1472 5436 c.
1506 5382 1559 5439 6.
1634 5383 1838 5449 ’Ibid.,
1877 5383 1931 5442 9.

2514 4392 2579 4442 ἐκ
2624 4389 2720 4459 τῆς
2767 4383 3092 4457 ὑπερορίας,
3144 4381 3580 4452 κεχωρισμένους
3623 4379 3793 4450 εὑρὼν
3836 4380 3963 4442 τοὺς
4013 4381 4087 4432 τὰ

2514 4479 2661 4548 αὑτῷ
2699 4466 3030 4549 φρονοῦντας
3061 4477 3210 4546 (97),
3261 4475 3366 4544 ἰδίᾳ
3401 4475 3497 4527 σὺν
3547 4473 3788 4536 τούτοις,
3833 4472 3938 4534 ἔξω
3981 4471 4087 4540 τῆς

2515 4570 2720 4631 πόλεως
2749 4569 3105 4638 ἐκκλησίαζεν
3130 4585 3142 4598 ·
3173 4570 3201 4620 ό
3233 4567 3290 4620 δὲ
3314 4567 3603 4632 Παυλῖνος,
3632 4564 3778 4617 ἔνδον
3813 4563 3950 4634 μετὰ
3974 4563 4086 4615 τῶν

2513 4663 2726 4715 οἰκείων
2748 4632 2964 4731 Ἰπρᾷον
2996 4659 3103 4730 γὰρ
3124 4697 3139 4722 ,
3171 4659 3274 4710 ὑπό
3301 4674 3360 4730 τε
3397 4656 3510 4725 βίου
3553 4655 3647 4707 καὶ
3674 4632 3858 4724 γήρως
3886 4653 4087 4706 αἰδοῖον

2508 4756 2638 4810 ὅντα
2664 4797 2680 4821 ,
2711 4755 2888 4823 τιμῶν
2922 4752 3158 4816 Εὺζώῖος
3189 4753 3216 4800 ὁ
3253 4750 3350 4818 τῆς
3411 4747 3619 4817 Ἀρείου
3649 4746 3915 4815 αἱρέσεως
3950 4761 4086 4814 προ-

2510 4845 2716 4911 εστὼς,
2761 4845 2884 4897 οὗτε
2939 4841 3196 4907 ἐξέϐαλε,
3251 4840 3344 4893 καὶ
3394 4839 3522 4909 μίαν
3586 4835 3733 4915 αῦτῷ
3788 4835 4084 4904 ἐκκλησίαν

2510 4938 2823 5008 ἀπένειμεν.
2887 4933 3143 4995 Εὐσέϐιος
3199 4933 3253 4985 δὲ
3310 4927 3597 5000 ἀποτυχὼν
3657 4931 3754 4998 τῆς
3821 4927 4081 4996 σπουδῆς,

2511 5029 2844 5098 ἐξεδήμησεν
2888 5025 3234 5094 Ἀντιοχείας.
3273 5015 3630 5092 Ὑϐρισμένος
3660 5021 3716 5072 δὲ
3756 5021 3882 5090 παρ’
3911 5017 4084 5072 αῦτοῦ

2513 5121 2788 5190 Λουκίφερ
2814 5159 2829 5183 ,
2863 5120 2942 5172 ὃτι
2976 5117 3050 5188 μὴ
3070 5116 3166 5188 τὴν
3196 5114 3462 5168 Παυλίνου
3489 5113 3817 5183 χειροτονίαν
3843 5110 4080 5173 ἐδέξατο,

2513 5210 2836 5283 ἐχαλέπαινέ
2864 5227 2922 5263 τε
2946 5251 2959 5275 ,
3000 5209 3092 5262 καὶ
3136 5208 3408 5261 κοινωνεῖν
3441 5204 3590 5276 αὐτῷ
3635 5204 3911 5276 διεφέρετο
3934 5222 3946 5232 ·
3986 5205 4083 5256 καὶ

2032 5536 2305 5594 VALESII
2343 5535 2900 5593 ANNOTATIONES.

910 5691 1021 5763 {96)
1083 5694 1245 5763 Παρὰ
1299 5692 1414 5761 τὴν
1453 5693 1692 5748 πάντων
1749 5696 2023 5750 σύνεσιν.
2085 5697 2308 5753 Rectius
2349 5697 2402 5751 in

839 5768 1028 5818 emtice
1077 5762 1378 5819 Fuketiano
1424 5766 1686 5836 scriptum
1720 5778 1804 5823 cst
1846 5765 2182 5835 συναίνεσιν,
2239 5769 2293 5824 id
2321 5776 2404 5824 est

837 5849 1164 5891 consensum

2580 5694 2692 5762 (97)
2739 5694 2885 5761 Τοὺς
2933 5693 3004 5748 τὰ
3046 5693 3206 5760 αὐτῷ
3245 5695 3634 5764 φρονοῦντας.
3685 5696 3879 5752 Procul
3911 5697 4082 5756 dubio

2512 5765 2862 5819 scribendum
2916 5775 3001 5820 cst
3051 5767 3116 5818 τὰ
3171 5765 3354 5820 αὐτοῦ.
3419 5766 3476 5820 In
3526 5770 3716 5823 codice
3775 5767 4081 5822 Fnketiano

2510 5835 2772 5905 scriptum
2798 5843 2880 5891 est
2910 5836 2977 5890 τὰ
3003 5836 3140 5891 αὐτὰ
3169 5836 3514 5908 φρονοῦντας,
3556 5841 3700 5909 quod
3743 5855 3847 5895 non
3885 5839 4077 5906 probo.
