4452 6598
852 401 982 462 1251

2257 399 2610 462 δοῑοηΕΝι

3955 422 4104 480 1252

847 515 1021 588 ipsius
1067 508 1349 583 interfuit;
1383 515 1730 575 Antiochiam
1784 516 2086 589 profectus,
2117 514 2415 572 Ecclesiam
2444 521 2494 578 Α
2521 533 2605 583 παγ

2343 531 2415 570 tm
2444 521 2494 578 Α
2521 518 2960 590 παραγενόμενος
2987 523 3068 587 εἰς
3104 525 3455 597 Ἀντιόχειαν,
3482 529 3540 582 ἐν
3577 532 3846 601 ταραχαῖς
3873 533 3973 605 τὴν
4003 537 4101 590 ἐν·

846 610 968 680 ejus
1013 607 1120 663 loci
1166 609 1442 663 turbatam
1489 611 1708 680 reperit.
1743 611 1928 667 Scissa
1976 610 2125 666 enim
2162 617 2284 664 erat
2326 623 2423 680 per

845 701 1103 762 Arianos,
1121 698 1325 768 quibus
1341 699 1668 770 praesidebat
1691 700 1948 758 Euzoius.
1967 700 2071 757 Sed
2105 709 2161 756 et
2179 699 2422 756 fautores

847 790 1046 846 Meletii
1072 791 1144 844 ab
1172 789 1288 845 illis
1317 792 1412 860 qui
1445 791 1693 847 eamdem
1734 807 1860 847 cum
1893 793 2031 863 ipsis
2064 792 2220 847 ﬁdem
2253 793 2421 862 proti-

847 882 1122 948 tehantur,
1139 882 1497 940 nihilominus
1513 882 1873 940 dissidebant.
1900 884 2148 955 Cumque
2171 883 2421 941 Meletius

846 972 1090 1027 nondum
1143 974 1213 1028 ab
1257 974 1456 1030 exsilio
1511 975 1794 1041 rediisset,
1849 975 2072 1032 Lucifer
2130 975 2418 1032 Paulinum

843 1062 1164 1131 episcopqu
1204 1062 1474 1118 ordinavit
1503 1065 1542 1119 ³.
1568 1063 1712 1119 Inter
1749 1065 1863 1120 haec
1902 1065 2242 1122 diversarum
2283 1066 2422 1122 civi-

844 1161 1022 1206 tatum
1071 1153 1314 1225 episeOpi
1360 1155 1706 1212 Alexandria:
1736 1159 2050 1231 congregati
2088 1159 2252 1214 simul
2295 1175 2421 1214 cum

842 1244 1150 1302 Athanasio
1203 1254 1260 1300 et
1320 1245 1595 1316 Eusebio,
1649 1246 1857 1304 Νίσιεηί
1915 1251 2138 1305 concilii
2196 1251 2421 1306 decreta

845 1336 1191 1392 confirmant.
1240 1338 1306 1392 Et
1358 1337 1627 1409 Spiritum
1683 1347 1937 1396 sanctum
1983 1340 2131 1396 Patri
2178 1349 2233 1397 et
2280 1340 2421 1397 Filio

845 1428 1373 1486 consubstantialem
1410 1430 1646 1502 professi
1675 1443 1829 1498 sunt,
1853 1432 2293 1504 Trinitatemque
2319 1449 2422 1490 no-

845 1518 1156 1584 minarunt;
1187 1529 1245 1576 et
1275 1522 1552 1580 hominem
1574 1540 1735 1595 quem
1765 1525 1909 1583 Deus
1931 1524 2172 1582 Verbum
2204 1542 2420 1584 assum-

844 1612 974 1680 psit,
997 1628 1107 1668 non
1130 1615 1306 1669 solum
1326 1629 1582 1686 corpore,
1608 1618 1703 1673 sed
1722 1619 1886 1672 etiam
1911 1619 2094 1674 anima
2114 1619 2417 1691 perfectum

842 1704 994 1759 credi
1029 1705 1230 1762 debere
1263 1715 1603 1775 statuerunt,
1631 1711 2093 1781 quemadmodum
2123 1714 2288 1768 etiam
2304 1721 2418 1768 ‘au-

843 1795 1012 1866 tiquis
1046 1795 1306 1854 Ecclesiae
1347 1800 1692 1878 philosophis
1725 1803 2024 1872 placuerat.
2055 1805 2122 1858 Et
2151 1806 2414 1874 quoniam

840 1887 1077 1957 quaestio
1115 1889 1182 1944 de
1221 1891 1529 1946 substantia
1565 1903 1627 1949 et
1663 1894 1941 1966 bypostasi
1973 1894 2250 1953 Ecclesias
2281 1912 2416 1953 con-

840 1981 1123 2047 turbabat,
1149 1983 1473 2054 crebraque
1499 1985 1569 2040 de
1604 1985 1691 2042 his
1724 1972 1951 2044 vocibus
1976 1990 2108 2044 rixa:
2143 2004 2207 2046 ac
2235 1989 2419 2060 dispu-

841 2069 1082 2125 tationes
1136 2073 1539 2141 movebantur,
1587 2074 1889 2145 prudenter
1934 2065 2229 2134 admodum
2284 2080 2414 2154 mihi

839 2157 1099 2214 videntur
1154 2159 1503 2230 decrevisse,
1539 2164 1635 2219 ubi
1672 2163 1742 2220 de
1789 2164 1900 2220 Deo
1934 2181 2117 2223 sermo
2160 2177 2268 2235 est,
2307 2184 2416 2226 non

839 2262 965 2302 esse
987 2249 1174 2304 statim
1203 2249 1291 2306 his
1327 2252 1643 2309 nominibus
1675 2254 1962 2322 utendum,
1988 2257 2095 2312 nisi
2128 2258 2254 2328 quis
2278 2258 2418 2314 forte

840 2341 1174 2395 sententiam
1224 2340 1448 2398 Sabellii
1491 2345 1624 2400 velit
1656 2345 1910 2403 refellere
1942 2366 1956 2404 :
1991 2364 2060 2404 ne
2089 2351 2269 2419 inopia
2301 2366 2417 2406 ver-

841 2432 1059 2495 borum,
1102 2447 1271 2486 uuam
1311 2435 1667 2506 eamdemque
1715 2452 1832 2492 rem
1879 2439 2056 2495 tribus
2101 2441 2415 2497 nominibus

841 2517 1117 2586 appellare
1145 2518 1422 2588 videatur;
1457 2524 1553 2583 sed
1585 2532 1644 2578 ut
1686 2539 2128 2598 unumquemque
2165 2543 2413 2586 seorsum

841 2608 1112 2679 intelligat
1162 2609 1435 2677 trifariam
1493 2612 1874 2688 distinguensq
1912 2616 1978 2672 Et
2025 2617 2141 2674 haec
2191 2621 2413 2690 quidem

839 2700 1061 2756 decreta
1095 2708 1226 2756 sunt
1265 2703 1336 2759 ab
1365 2704 1434 2759 iis
1461 2706 1556 2774 qui
1599 2713 1731 2762 tunc
1774 2710 2039 2781 temporis
2075 2711 2416 2768 Alexandria:

839 2791 895 2844 in
931 2806 1104 2848 unum
1147 2803 1547 2851 convenerunt.
1580 2796 1736 2868 Apud
1777 2816 1918 2870 quos
1965 2786 2324 2871 Athanasius,
2357 2814 2415 2860 ut

843 2884 982 2952 fugae
1028 2897 1140 2938 suae
1177 2883 1446 2966 rationem
1500 2887 1776 2957 redderet,
1807 2892 2118 2950 orationem
2161 2897 2415 2952 recitavit

839 2990 1006 3044 (luam
1032 2975 1101 3030 de
1132 2985 1458 3046 argumento
1498 2979 1592 3033 illo
1615 2983 2050 3053 conscripserat.

1457 3068 1610 3126 CAP.
1648 3071 1785 3129 χιιι.

2523 607 2649 663 θάδε
2682 611 2974 683 ἐκκλησίαν
3015 618 3350 674 κατέλαϐεν’
3385 621 3630 694 ἐσχίζετο
3679 624 3779 694 μὲν
3825 625 3934 698 γὰρ
3978 633 4103 695 τοῖς

2520 701 2631 756 ἀπὸ
2671 702 2774 774 τῆς
2811 705 3023 779 Ἀρείου
3073 708 3378 781 αἱρέσεως,
3409 707 3485 768 ὧν
3503 716 3688 785 ἡγεῖτο
3713 715 3972 780 Εὐζώῖος.
4010 723 4104 772 Δι-

2521 793 2776 865 εφέροντο
2824 796 2882 850 δέ
2905 836 2921 858 ,
2976 799 3050 864 ὡς
3091 801 3324 871 πρόσθεν
3356 803 3569 874 εἴρηται
3593 845 3608 870 ,
3665 807 3762 860 καὶ
3793 807 3930 879 πρὸς
3965 811 4102 873 τοὺς

2522 886 2707 953 σφίσιν
2736 887 3023 959 ὁμοδόξους
3047 894 3094 946 ol
3124 893 3384 948 Μελετίου
3419 898 3753 953 σπουδασταί
3771 915 3787 931 ·
3830 903 4000 973 μήπω
4035 902 4101 954 δὲ

2519 977 2710 1032 τούτου
2757 983 2864 1036 ἀπὸ
2901 983 3002 1054 τῆς
3041 986 3219 1056 φυγῆς
3260 989 3674 1057 ἐπανελθόντος,
3719 993 4100 1066 ἐχειροτόνησε

2519 1070 2784 1126 Παυλῖνον
2815 1074 3132 1130 ἐπίσκοπον.
3177 1079 3268 1134 Ἐν
3318 1080 3494 1152 τούτῳ
3527 1081 3584 1135 δὲ
3632 1083 3842 1137 πολλῶν
3885 1086 4104 1139 πόλεων

2520 1163 2808 1218 ἐπίσκοποι
2843 1166 3189 1233 συνελθόντες
3229 1173 3310 1235 εις
3355 1171 3760 1246 Ἀλεξάνδρειαν
3791 1177 3906 1248 ἅμα
3936 1177 4104 1233 Ἀθα-

2520 1255 2688 1325 νασίῳ
2733 1257 2828 1310 καὶ
2856 1259 3136 1330 Εὑσεσίῳ,
3161 1259 3231 1314 τὰ
3255 1260 3550 1334 δεδογμένα
3577 1267 3636 1320 ἐν
3660 1267 3864 1339 Νικαίᾳ
3891 1272 4107 1340 κρατὺ-

2519 1362 2722 1400 νουσιν.
2751 1348 3068 1420 Ὀμοούσιόν
3094 1367 3155 1404 τε
3182 1351 3260 1422 τῷ
3281 1353 3456 1423 Πατρὶ
3484 1355 3576 1409 καὶ
3601 1357 3681 1426 τῷ
3709 1358 3824 1429 Υίῷ
3849 1359 3912 1412 τὸ
3939 1361 4102 1429 ἅγιον

2519 1438 2742 1510 Πνεῦμα
2760 1440 3136 1512 ὡμολόγησαν,
3164 1445 3259 1499 καὶ
3285 1447 3491 1516 Τριάδα
3511 1447 3824 1520 ὠνόμασαν·
3850 1453 3914 1505 οὐ
3946 1453 4101 1524 μόνῳ

2517 1545 2576 1581 τε
2611 1528 2853 1598 σώματι,
2887 1532 3024 1586 ἀλλὰ
3068 1535 3163 1587 καὶ
3193 1535 3339 1607 ψυχῇ
3385 1536 3588 1592 τέλειον
3625 1542 3821 1612 χρῆναι
3851 1541 4102 1607 δοξάζειν

2517 1621 2832 1694 ἄνθρωπον,
2862 1621 2922 1678 ὃν
2949 1627 2979 1679 ὁ
3021 1625 3155 1690 Θεὸς
3183 1628 3360 1696 Λόγος
3385 1630 3675 1696 ἀνέλαϐεν,
3710 1636 4097 1705 εἰσηγήσαντο,

2517 1714 2660 1769 καθὰ
2695 1716 2789 1782 καὶ
2838 1717 2950 1780 τοῖς
2999 1718 3168 1798 παλαι
3218 1721 3727 1791 Ἐκκλησιαστικοῖς
3783 1712 4102 1798 ξριλοσόφοις

2516 1806 2710 1861 ἐδόκει.
2748 1808 2899 1862 Ἐπεὶ
2925 1809 2982 1862 δέ
3015 1794 3205 1882 η’περὶ
3245 1813 3342 1884 τῆς
3370 1815 3560 1879 οὐσίας
3602 1818 3695 1870 καὶ
3741 1794 4098 1884 ὑποστάσεως

2519 1898 2745 1970 ζήτησις
2771 1901 2868 1964 τὰς
2905 1901 3229 1972 Ἐκκλησίας
3253 1905 3514 1977 ἐτάραττε
3535 1947 3550 1972 ,
3599 1912 3692 1962 καὶ
3733 1912 3924 1982 συχναὶ
3961 1915 4095 1984 περὶ

2517 1989 2721 2044 τούτων
2747 1989 2922 2061 ἔριδες
2966 1994 3062 2045 καὶ
3103 1994 3368 2063 διαλέξεις
3411 1993 3585 2068 ἦσαν,
3619 1997 3678 2054 εὖ
3716 2003 3862 2073 μάλα
3908 2005 4095 2074 σοφῶς

2520 2097 2610 2152 μοι
2649 2080 2897 2136 δοκοῦσιν
2939 2084 3150 2154 ὁρίσαι,
3195 2085 3270 2157 μὴ
3312 2088 3370 2154 ἐξ
3414 2089 3590 2161 ἀρχῆς
3625 2092 3787 2156 εὐθὺς
3829 2095 3921 2146 ἐπὶ
3950 2095 4091 2147 Θεοῦ

2475 2174 2728 2243 ι,τούτοις
2761 2175 3002 2247 ,χρῆσθαι
3036 2179 3148 2240 τοῖς
3196 2178 3458 2249 ὀνόμασι,
3491 2183 3631 2254 πλὴν
3679 2186 3840 2255 ἡνίκα
3877 2204 3960 2249 τις
3990 2188 4096 2258 τὴν

2517 2266 2802 2321 Σαϐελλίου
2836 2268 2990 2334 δόξαν
3019 2271 3299 2326 ἐκϐάλλειν
3338 2273 3604 2346 πειρῷτο·
3635 2275 3721 2329 ἴνα
3772 2276 3848 2347 μὴ
3883 2278 4094 2349 ἀπορίᾳ

2515 2358 2792 2429 ὀνομάτων
2815 2401 2830 2426 ,
2857 2362 3054 2416 ταυτὸν
3082 2363 3208 2434 δόξῃ
3240 2354 3323 2429 τις
3353 2366 3502 2436 τρισὶ
3554 2360 3966 2441 προσηγορίαις
3989 2388 4095 2423 κα-

2515 2451 2660 2516 λεῖν,
2705 2452 2822 2505 ἀλλ’
2869 2454 3100 2508 ἕκαστον
3146 2456 3253 2528 ἰδίᾳ
3289 2460 3458 2523 νοοῖτο
3503 2460 3684 2530 τριχῆ.
3729 2463 3840 2515 Καὶ
3885 2462 3956 2515 τὰ
3988 2464 4094 2532 μὲν

2515 2537 2616 2598 ὧδε
2655 2547 2768 2608 τοῖς
2797 2544 2919 2598 τότε
2963 2547 3020 2600 ἐν
3083 2547 3460 2621 Ἀλεξανδρείᾳ
3499 2551 3843 2629 συνελθοῦσιν
3885 2553 4088 2618 ἔδοξεν.

2497 2615 2986 2706 Γ’.ιλιιτολογούμενος
3035 2636 3091 2690 δέ
3143 2640 3201 2692 ἐν
3231 2615 3446 2703 τούτοις
3485 2640 3799 2706 Ἀθανάσιος
3822 2616 3958 2713 ’περὶ
3985 2615 4093 2713 τῆς

2514 2725 2676 2779 αὐτοῦ
2730 2728 2908 2800 φυγῆς
2956 2727 3200 2800 διεξῆλθε
3253 2729 3346 2784 τὸν
3388 2730 3580 2800 λόγον,
3618 2733 3677 2786 ὃν
3715 2735 3844 2804 περὶ
3894 2734 4091 2788 τούτου

2513 2817 2739 2890 ἔγραψε.
3888 2834 3893 2840 ’

3043 3137 3052 3150 ,
3111 3087 3360 3142 ΚΕΦΑΛ.
3392 3087 3492 3142 ll".

846 3156 1556 3260 “‘..’Z$1‘.’i’1‘f.f‘.~¥f.‘ffi°;
1583 3165 2203 3260 εὲἒ³εοηέξᾼῖιιίοξ¹ιὶατι
2225 3182 2274 3260 εξ
2305 3182 2404 3260 ςτιο
2433 3201 2477 3260 c
2515 3179 2604 3260 ηε

2328 3182 2404 3254 the
2433 3201 2477 3260 ο
2515 3175 2652 3260 Περὶ
2674 3176 2794 3260 ζῶη
2815 3176 2886 3230 ἐν
2925 3175 3247 3260 Ἀητιρχε-ίᾳ
3273 3178 3950 3260 ἀρχιερέωκηηαυτῖίνου
3983 3183 4086 3260 κᾳῖ

911 3229 1065 3308 modo
1100 3230 1236 3283 inter
1270 3227 1660 3318 Eusebiunluac
1699 3227 2002 3318 Luciferum
2023 3227 2269 3318 -ortq:est
2296 3227 2406 3298 d'is-
2433 3227 2477 3260 υ
2515 3227 2669 3300 Τ

2397 3227 2477 3284 -“
2515 3227 2558 3269 Τ
2570 3227 2901 3300 ῖιένὶέέίόὺ·
2929 3227 3040 3318 alii
3059 3227 3465 3318 ᾦξᾞῦἆὲέὶὸῖ
3478 3227 3582 3302 ἱιῖιί
3599 3227 3904 3318 ξ(ὁῖαέιῷὲρ
3919 3227 4091 3317 ῖτῇὂςῖ
4137 3284 4155 3296 .

909 3299 1113 3385 stendo,
1142 3309 1189 3352 et
1219 3303 1356 3367 quod
1390 3295 1647 3357 Eusebius
1674 3295 2098 3375 atque'ﬂilarius
2131 3309 2184 3363 Ν
2190 3295 2409 3366 icwnain

2330 3295 2409 3366 αὶη
2577 3295 2892 3382 amasse
2922 3295 4088 3385 ἑῆνὶίξθῆἇξιῖἱῖῖαἶῶξ’ἑῦἑέἓῖὲςῖὶὶῖ

910 3367 1064 3434 ﬁdem
1096 3381 1452 3423 asseruerunt.
1741 3367 1753 3375 ’
1892 3387 1896 3390 ’
2169 3391 2176 3401 ’

2169 3391 2176 3401 ’

821 3491 827 3500 -
911 3455 1089 3513 Finito
1116 3469 1296 3548 autem
1329 3462 1586 3529 concilio,
1615 3462 1884 3523 Eusebius
1914 3469 2258 3526 Antiochiam
2292 3489 2411 3545 pro-

2333 3490 2411 3530 το·
2582 3479 2692 3533 Καὶ
2720 3479 3064 3548 διαλυθείσης
3087 3478 3186 3548 τῆς
3234 3479 3450 3532 συνόδου
3469 3523 3484 3543 ,
3521 3481 3959 3551 παραγενόμενος
3983 3482 4089 3532 Εὐ-

838 3549 1040 3618 fcctus,
1063 3556 1321 3624 p0pulum
1342 3556 1453 3612 illic
1474 3558 1825 3614 dissidentem
1843 3565 2059 3632 reperit
2079 3564 2118 3616 '.
2145 3563 2409 3624 Fautores
2512 3571 2596 3624 σέε

2326 3583 2409 3624 res
2512 3570 2688 3634 σέϐιος
2727 3573 2819 3634 εἰς’
2852 3565 3214 3641 Ἀντιόχειαν,
3249 3565 3406 3639 εὗρεν
3435 3574 3493 3623 ὲν
3533 3549 3768 3641 διχονοίᾳ
3793 3549 3882 3623 τὸν
3931 3571 4084 3624 λαόν.

841 3644 988 3698 enim
1044 3645 1244 3700 Meletii
1295 3664 1420 3703 cum
1471 3647 1702 3734 P‘aulino
1756 3655 2050 3711 convenire
2096 3669 2406 3726 renuentes,
2458 3695 2471 3704 ~
2511 3663 2572 3715 Οἱ

2329 3677 2406 3726 es,
2458 3695 2471 3704 -
2511 3663 2572 3715 Οί
2633 3661 2742 3733 γὰρ
2796 3661 3040 3730 Μελετίῳ
3093 3661 3417 3734 χαίροντες,
3463 3663 3541 3724 είς
3596 3662 3789 3715 ταυτὸν
3846 3663 4086 3715 συνιέναι

1654 3704 1691 3706 θ-
2098 3704 2406 3726 --.._....-.,.,,
2513 3704 2572 3715 ν.

838 3734 1136 3825 separatim
1189 3736 1451 3813 collectas
1493 3704 1860 3795 eelcbrabant.
1891 3741 2138 3815 Cumque
2185 3748 2410 3816 moleste
2510 3755 2594 3807 Πα

2331 3704 2406 3726 -ιυ,
2513 3704 2572 3715 υ-
2645 3704 2739 3730 νυ
2796 3704 3038 3730 "ww-ur
3096 3704 3370 3734 Λσπςσνν·νν
3401 3704 3417 3726 ν
3463 3704 3540 3724 --ν
3607 3704 3785 3715 mnu
3846 3704 4087 3715 "mn—-

2331 3756 2410 3803 ste
2510 3704 2758 3823 Παυλίνέρ
2783 3753 2882 3805 οὐκ
2908 3752 3204 3823 ἠνείχοντο,
3234 3752 3346 3806 ἀλλ’
3379 3753 3484 3826 ἰδίᾳ
3517 3754 4089 3824 ἐκκλησίαζον.Χαλε-

837 3815 1007 3882 ferret
1059 3811 1206 3896 quod
1268 3811 1565 3894 Paulinus,
1626 3841 1817 3887 contra
1872 3811 2407 3906 quam‘oportebat,
2511 3845 2595 3898 πῶ

2328 3847 2407 3902 λιν
2511 3845 2627 3908 πῶς
2677 3845 2732 3898 δὲ
2780 3841 3052 3911 ἐνεγκὼν,
3101 3845 3182 3896 ὃτι
3235 3844 3308 3914 μὴ
3353 3845 3470 3898 δέον
3529 3845 3679 3916 παρὰ
3720 3846 3816 3916 τὴν
3846 3845 4086 3900 ’πάντων

841 3920 1047 3989 absque
1090 3922 1258 3976 totius
1306 3923 1490 3992 pepuli
1541 3937 1814 3978 consensu
1860 3926 2145 3983 ordinatus
2191 3927 2444 3994 fuisset,'
2512 3955 2599 3990 O’UV

2333 3938 2406 3994 θῐ,
2435 3953 2444 3968 ’
2512 3937 2812 4025 συναινεσιν
2843 3936 2954 4005 (96)
3009 3937 3042 4007 ἡ
3073 3928 3382 4006 ’χειροτονία
3431 3937 3702 4004 ἐγεγόνει,
3753 3937 3904 3990 οὐδὲν
3934 3939 3992 4001 ἐς
4019 3938 4087 3991 τὸ

837 4011 972 4064 nihil
1020 4020 1200 4067 tamen
1236 4015 1414 4083 palam
1455 4019 1920 4100 conquestus-est
1945 4019 2016 4073 ob
2052 4023 2408 4075 reverentiam
2511 4046 2595 4097 φαη

2325 4037 2408 4075 am
2511 4011 2738 4100 φανερὸν
2763 4026 3078 4100 ἐμέμψατο,
3113 4027 3424 4098 Λουκίιρερα
3468 4023 3662 4098 τιμῶν.
3704 4029 3981 4100 Οὐδετέρῳ
4023 4029 4083 4082 δὲ

837 4101 1098 4157 Luciferi.
1127 4102 1234 4178 Sed
1255 4119 1377 4157 cum
1399 4103 1470 4158 ab
1499 4087 1788 4189 utriusque
1820 4093 1994 4177 pai'tis
2025 4112 2409 4185 communione
2441 4121 2449 4129 ‘
2513 4119 2595 4189 μέι

2326 4127 2409 4166 me
2441 4121 2449 4129 '
2513 4119 2668 4189 μέρει
2695 4097 3030 4188 κοινωνήσας
3053 4156 3067 4178 ,
3093 4117 3360 4186 ὑπέσχετο
3386 4117 3454 4169 τὰ
3491 4118 3762 4170 λυποῦντα
3788 4119 4084 4188 ἑκατέρους

836 4210 898 4250 se
938 4177 1320 4260 abstinuisset,
1355 4177 1634 4267 pollicitus
1681 4205 1766 4254 est
1799 4177 2215 4280 emendaturum
2260 4219 2318 4260 se
2353 4204 2406 4258 in
2509 4211 2567 4263 ὲν

2353 4204 2406 4258 in
2509 4177 2819 4278 ἐν’συνόδῳ
2869 4177 3340 4278 δίορθώσειψηέν
3389 4202 3434 4276 ᾦ
3483 4209 3538 4261 δὲ
3584 4208 3642 4260 τὸ
3693 4209 3894 4279 πλῆθος

835 4285 1064 4356 synodo,
1117 4301 1178 4340 ea
1228 4287 1296 4342 de
1343 4288 1545 4358 quibus
1579 4290 1797 4359 utrique
1843 4275 2238 4361 querebantur.
2269 4294 2406 4349 Dum
2507 4302 2593 4370 ὁμι

2324 4311 2406 4349 um
2507 4300 2758 4370 ὁμόνοιαν
2787 4300 3077 4353 συνάπτειν
3106 4299 3457 4362 ἐσπούδαζεν,
3482 4300 3791 4352 ἐπανελθὼν
3817 4301 4082 4364 Μελέτιος

838 4378 1097 4446 populum
1131 4378 1199 4432 ad
1236 4377 1523 4448 pristinam
1553 4382 1908 4436 concordiam
1942 4399 2201 4439 revocare
2240 4401 2407 4440 cona-
2508 4394 2574 4444 ἐκ

2326 4403 2407 4439 ta-
2508 4394 2574 4444 ἐκ
2618 4392 2714 4462 τῆς
2761 4388 3086 4463 ὑπερορίας,
3138 4391 3575 4460 κεχωρισμένους
3617 4391 3788 4462 εὑρὼν
3829 4393 3958 4456 τοὺς
4010 4395 4081 4447 τὰ

834 4477 987 4520 retur
1033 4466 1325 4533 Eusebius,
1354 4470 1424 4524 ab
1461 4471 1656 4526 exsilio
1690 4487 1946 4528 reversus
1979 4473 2247 4537 Meletius,
2279 4492 2402 4530 cum
2434 4529 2481 4555 ,ι
2508 4483 2592 4535 αὑπ

2323 4493 2402 4530 um
2434 4529 2481 4555 ,ι
2508 4481 2655 4551 αὐτῷ
2693 4469 3023 4553 φρονοῦντας
3054 4483 3203 4552 (97),
3254 4483 3359 4553 ἰδίᾳ
3394 4484 3491 4536 σὺν
3540 4483 3781 4548 τούτοις,
3826 4485 3930 4548 ἐξω
3976 4485 4081 4555 τῆς

832 4565 1133 4612 sectatores
1176 4572 1401 4612 suarum
1452 4561 1695 4629 partium
1744 4563 2024 4630 sejunctos
2054 4565 2121 4618 ab
2158 4566 2277 4620 aliis
2303 4566 2398 4621 de-

833 4647 1234 4716 prehendisset,
1271 4664 1379 4724 una
1411 4665 1534 4704 cum
1579 4652 1690 4707 illis
1720 4667 1969 4716 seorsum
2001 4666 2156 4712 extra
2206 4660 2395 4731 urbem

832 4745 1140 4793 conventus
1206 4740 1617 4796 ecclesiasticos
1678 4742 1893 4832 habuit,
1947 4744 2210 4806 Paulinus
2273 4768 2404 4809 vero

833 4834 976 4886 intra
1031 4831 1219 4885 urbem
1266 4849 1388 4887 cum
1435 4835 1552 4890 suis
1583 4828 1885 4908 collectas
1914 4843 2232 4901 celebravit.
2265 4845 2402 4902 Nam

831 4937 956 4977 cum
1001 4921 1149 4976 mitis
1187 4931 1353 4987 esset,
1389 4933 1444 4979 et
1473 4934 1586 4981 tum
1611 4930 1682 4984 ob
1713 4933 2060 4990 san’ctitatem
2112 4938 2253 5003 vitae,
2289 4950 2400 4995 tum
2433 4939 2436 4943 ’

831 5011 903 5066 ob
931 5020 1271 5067 senectutem
1311 5017 1675 5085 venerabilis,
1707 5007 1972 5079 reveritus
2007 5041 2129 5080 eum
2165 5027 2402 5089 Euzoius
2443 5049 2446 5054 '

834 5103 1161 5159 Arianorum
1208 5105 1525 5178 episcopus,
1550 5125 1656 5165 non
1689 5114 1851 5168 modo
1890 5131 1996 5172 non
2040 5119 2200 5191 ejccit
2229 5139 2291 5176 ex
2321 5125 2398 5179 ei-

830 5195 1018 5258 vitate,
1051 5191 1147 5250 sed
1187 5209 1350 5249 unam
1384 5197 1434 5252 ei
1473 5199 1761 5256 ecclesiam
1807 5206 2078 5265 attribuit.
2123 5209 2396 5271 Eusebius

898 5373 914 5405 ⁸
948 5365 1133 5438 5οοἰ·.,
1170 5374 1264 5429 lib.
1285 5389 1367 5440 Ill,
1405 5389 1458 5430 c.
1492 5375 1545 5432 6.
1621 5378 1823 5445 'lbid.,
1863 5380 1917 5438 9.

2507 4572 2712 4634 πόλεως
2741 4574 3098 4646 ἐκκλησίαζεν
3122 4593 3136 4605 ·
3165 4577 3193 4628 ὁ
3226 4575 3282 4628 δὲ
3307 4576 3595 4643 Παυλῖνος,
3625 4576 3771 4628 ἔνδον
3805 4577 3942 4646 μετὰ
3967 4577 4080 4631 τῶν

2505 4665 2718 4719 οἰκείων
2739 4639 2956 4736 ’δπρᾷον
2987 4666 3095 4737 γὰρ
3116 4704 3130 4729 ,
3162 4666 3265 4717 ὑπό
3293 4683 3352 4738 τε
3388 4666 3502 4734 βίου
3545 4666 3640 4717 καὶ
3666 4668 3850 4736 γήρως
3878 4667 4080 4719 αἰδοῖον

2499 4758 2629 4812 ὄντα
2654 4799 2670 4824 ,
2703 4760 2878 4828 τιμῶν
2912 4758 3148 4821 Εὑςώῐος
3180 4760 3207 4807 ὁ
3244 4758 3341 4826 τῆς
3402 4758 3610 4827 Ἀρείου
3641 4757 3907 4827 αἱρέσεως
3941 4776 4077 4828 προ-

2500 4848 2706 4914 εστὼς,
2751 4848 2873 4901 οὔτε
2929 4848 3186 4913 ἐξέϐαλε,
3241 4848 3334 4901 καὶ
3384 4848 3513 4918 μίαν
3576 4847 3724 4926 αυτῷ
3778 4849 4076 4918 ἐκκλησίαν

2499 4941 2812 5011 ἀπένειμεν.
2877 4939 3132 5003 Εὐσέϐιος
3189 4941 3244 4993 δὲ
3300 4937 3587 5010 ἀποτυχὼν
3646 4943 3744 5011 τῆς
3811 4942 4070 5010 σπουδῆς.

2499 5032 2832 5101 ἐξεδήμησεν
2877 5032 3222 5101 Ἀντιοχείας.
3262 5024 3619 5101 ’Υῆρισμξένος
3649 5033 3705 5084 δὲ
3745 5033 3872 5103 παρ’
3901 5032 4073 5086 alito?)

2501 5125 2776 5194 Λουκίφερ
2803 5163 2817 5187 ,
2851 5125 2930 5176 ὅτι
2963 5123 3038 5194 μὴ
3058 5123 3155 5194 τὴν
3185 5123 3450 5176 Παυλίνου
3478 5125 3805 5194 χειροτονίαν
3831 5124 4068 5188 ἐδέξατο,

2501 5215 2823 5285 ἐχαλέπαινέ
2851 5232 2910 5268 τε
2933 5257 2946 5281 ,
2986 5215 3079 5268 καὶ
3123 5216 3396 5268 κοινωνεῖν
3428 5215 3577 5287 αὑτῷ
3622 5215 3899 5289 διεφέρετο
3923 5236 3934 5246 ·
3973 5221 4070 5271 καὶ

2016 5535 2290 5593 VALESII
2327 5537 2884 5596 ANNOTATIONES.

893 5680 1005 5752 ξοδ)
1067 5685 1228 5752 Παρὰ
1283 5684 1398 5752 τὴν
1437 5687 1676 5743 πάντων
1733 5691 2007 5747 σύνεσιν.
2069 5695 2290 5752 Rectius
2332 5698 2385 5752 in

823 5751 1011 5807 cmlice
1060 5751 1362 5812 Fuketiano
1407 5759 1668 5830 scriptum
1703 5773 1787 5818 est
1829 5762 2165 5834 συναίνεσιν,
2222 5751 2283 5824 id
2303 5751 2386 5825 est

820 5837 1147 5880 COllSCDSUﬂ]

2563 5697 2675 5772 (ξι-ι)
2722 5698 2868 5772 Τοὺς
2916 5699 2987 5754 τὰ
3029 5700 3190 5767 αὐτῷ
3227 5705 3616 5772 φρονοῦντας.
3669 5708 3862 5765 Procul
3894 5711 4067 5770 dubio

2494 5769 2844 5823 scribendum
2899 5780 2984 5826 est
3033 5773 3099 5824 τὰ
3153 5769 3338 5828 αὑτοῦ.
3401 5775 3459 5830 1η
3509 5769 3697 5834 codice
3758 5769 4066 5838 Fnketiano

2492 5837 2754 5907 scriptum
2780 5847 2862 5895 est
2892 5841 2959 5895 τὰ
2985 5842 3122 5898 αὐτὰ
3151 5845 3497 5916 φρονοῦντας,
3539 5853 3681 5920 quod
3725 5867 3828 5907 non
3866 5837 4061 5919 probo.
