4452 6598
800 438 940 499 1259

2241 428 2584 492 SOZOMENI

3922 437 4069 496 ηεο

800 560 949 614 ntodi
990 556 1234 613 facinora
1267 564 1464 611 contra
1498 554 1647 625 leges
1676 552 2087 610 commisissent
2116 571 2129 608 :
2161 554 2257 609 sed
2282 569 2383 623 pro
2410 560 2455 617 Α
2484 555 2558 625 Χρ

2305 569 2383 609 tro
2410 560 2455 617 Α
2484 552 2820 625 Χριστιανοί.
2883 553 3100 625 Ταύτης
3125 553 3182 607 δὲ
3210 550 3311 624 τῆς
3354 552 3531 623 φυγῆς
3572 554 3831 625 μετέσχον
3872 552 4063 610 πολλοὶ

800 650 929 721 odio
972 663 1083 718 quo
1116 647 1439 718 religionem
1479 655 1727 701 nostram
1762 645 2222 715 prosequebatur,
2253 659 2377 699 ver-

802 742 888 795 his
940 740 1161 809 quidem
1215 738 1619 809 reprehendere
1672 737 1963 793 videbatur
1997 750 2096 791 eos
2138 735 2232 805 qui
2272 735 2377 789 ista

800 831 1086 896 fecerant,
1120 830 1285 884 rebus
1326 837 1509 884 tamen
1556 828 1694 900 ipsis
1729 843 1826 884 eos
1871 827 2160 882 incitabat.
2192 825 2377 895 Itaque

800 925 927 979 licet
956 924 1047 978 ille
1076 924 1256 993 palam
1278 936 1392 976 non
1417 929 1868 992 persequeretur,
1900 934 1998 990 per
2016 919 2170 974 vicos
2191 927 2375 972 tamen

798 1022 853 1069 et
907 1014 1159 1068 civitates
1208 1012 1422 1083 passim
1477 1010 1784 1067 Christiani
1846 1009 2151 1079 fugiebant.
2204 1006 2375 1076 Cujus

801 1108 943 1177 [ngas
968 1113 1083 1159 turn
1125 1104 1220 1158 alii
1252 1120 1321 1160 ex
1354 1103 1661 1173 majoribus
1693 1101 1835 1157 meis
1862 1108 2154 1155 consortes
2197 1097 2373 1166 fuere,

803 1210 915 1256 tum
971 1212 1106 1253 avus
1161 1213 1337 1253 meus.
1390 1195 1525 1250 Nam
1581 1210 1707 1251 cum
1762 1202 1918 1265 patre
1968 1191 2155 1263 gentili
2209 1198 2375 1246 natus

799 1295 967 1354 esset,
1002 1289 1120 1357 ipse
1162 1298 1344 1343 tamen
1384 1302 1508 1343 cum
1548 1287 1809 1343 universa
1845 1286 2032 1351 domo,
2075 1298 2377 1353 omnesque

800 1379 965 1434 simul
998 1379 1091 1448 qui
1131 1378 1292 1447 202
1324 1392 1390 1433 ex
1426 1383 1590 1447 gente
1630 1384 1785 1432 erant
1831 1372 2179 1444 Alapbionis,
2212 1370 2374 1441 primi

799 1468 959 1526 Iidem
990 1470 1198 1525 Christi
1240 1475 1614 1539 susceperunt
1645 1467 1904 1524 Bethelia:
1925 1508 1940 1532 ,
1971 1466 2065 1535 qui
2093 1464 2248 1519 vicus
2288 1470 2376 1518 est

799 1562 1136 1626 Gazaeorum,
1166 1561 1461 1616 abundans
1495 1561 1804 1616 incolarum
1840 1557 2214 1619 multitudine,
2239 1564 2376 1609 tem-

798 1654 1002 1724 plaque
1020 1652 1184 1706 habet
1204 1661 1319 1705 tum
1338 1651 1411 1706 ob
1430 1656 1907 1713 vetustatem,tum
1926 1648 1998 1702 ob
2016 1655 2372 1713 structuram,

800 1743 1071 1814 indigenis
1129 1742 1477 1809 veneranda;
1534 1741 1819 1811 precipue
1876 1754 2009 1794 vero
2068 1738 2371 1804 Pantheon,

798 1835 925 1888 colli
960 1833 1177 1887 cuidam
1210 1848 1374 1887 manu
1408 1831 1576 1897 laeto,
1614 1833 1762 1887 velut
1789 1832 1928 1896 arci,
1954 1832 2291 1902 impositum.
2320 1839 2374 1886 et

799 1942 964 1996 supra
1028 1927 1343 1979 universum
1409 1939 1605 1995 pagum
1669 1924 2033 1993 undequaque
2096 1925 2365 1979 eminens.

803 2015 954 2073 llnde
980 2016 1146 2072 etiam
1173 2016 1319 2070 hunc
1350 2016 1532 2071 locum
1564 2030 1762 2070 nomen
1797 2015 2078 2084 accepisse
2108 2014 2364 2083 conjicio,

797 2116 853 2164 et
904 2123 971 2164 ex
1030 2107 1295 2178 Syrorum
1350 2107 1539 2176 lingua
1596 2107 1651 2160 in
1700 2105 1948 2161 Graecam
2005 2120 2365 2171 conversum,

797 2200 1024 2253 deorum
1074 2197 1412 2254 domlcilium
1458 2198 1643 2252 vocari
1692 2197 1763 2253 ob
1812 2196 1947 2251 illud
1992 2196 2177 2249 fanum
2228 2194 2369 2249 Pan-

799 2292 987 2345 theon.
1023 2290 1197 2345 Porro
1247 2289 1486 2343 familias
1538 2303 1729 2343 eorum
1763 2303 1904 2357 quos
1940 2304 2103 2357 supra
2139 2286 2274 2352 dixi,
2299 2286 2366 2340 ad

796 2382 1165 2437 Christianam
1205 2381 1525 2450 religionem
1572 2394 1871 2434 conversas
1909 2394 2035 2433 esse
2084 2378 2367 2447 perhibent

798 2475 865 2529 ab
922 2470 1204 2526 Hilarione
1255 2470 1546 2524 monacho.
1589 2466 1727 2523 Nam
1775 2484 1900 2523 cum
1953 2468 2223 2538 Alaphion
2276 2467 2367 2522 ille

798 2564 1068 2618 dzemonio
1126 2569 1456 2627 vexaretur,
1513 2560 1710 2631 pagani
1769 2560 1994 2630 quidam
2050 2569 2103 2614 et
2156 2557 2364 2625 Judaei,

799 2652 1221 2709 incantamentis
1272 2659 1327 2707 et
1388 2652 1616 2721 magicis
1687 2651 2016 2722 quibusdam
2078 2650 2364 2705 maleﬁciis

797 2746 1010 2801 diutius
1052 2744 1162 2811 usi,
1206 2743 1341 2797 nihil
1395 2742 1764 2813 profecerunt.
1800 2741 1909 2796 Sed
1953 2756 2077 2795 cum
2121 2740 2365 2795 Hilarion

797 2837 918 2892 solo
964 2835 1059 2891 Dei
1106 2835 1327 2890 nomine
1379 2836 1633 2889 invocato
1679 2834 1977 2889 daemonem
2032 2834 2364 2902 expulisset,

798 2930 874 2983 illi
917 2929 986 2983 ad
1012 2927 1377 2982 Christianam
1408 2927 1727 2997 religionem
1757 2943 1817 2982 se
1844 2927 2269 2980 transtulerunt.
2300 2925 2366 2980 Et

796 3036 933 3076 avus
951 3021 1169 3088 quidem
1191 3037 1343 3075 meus
1365 3022 1420 3074 in
1440 3020 1777 3090 exponendis
1798 3019 1975 3074 sacris
1991 3018 2364 3073 voluminibus

2478 644 2586 697 τῶν
2610 643 2761 714 ὲμῶν
2802 645 3102 715 προγόνων,
3156 646 3250 699 καὶ
3300 647 3330 698 ὁ
3378 644 3510 715 ἐμὸς
3542 646 3783 709 πάππος.
3850 647 4065 702 Καθότι

2475 736 2679 806 πατρὸς
2716 736 2972 805 Ἕλληνος
3010 736 3117 801 ὢν,
3149 736 3314 800 αὑτός
3355 752 3416 789 τε
3445 737 3665 789 πανοικὶ
3713 737 3808 790 καὶ
3852 740 3901 790 οί
3947 740 4063 791 dub

2477 827 2571 882 τοῦ
2600 832 2793 895 γένους
2830 828 3179 896 ’Δλαφίωνος,
3216 828 3533 898 Χριστιανοὶ
3563 828 3770 898 πρῶτοι
3805 828 4063 896 ἐγένοντο

2474 922 2534 974 ἐν
2582 918 2816 990 Βηθελία
2859 918 3022 989 κώμῃ
3063 918 3297 990 Γαζαίᾳ,
3339 917 3750 990 πολυανθρώπῳ
3783 935 3845 972 τε
3885 919 4050 991 οὔσῃ,

2475 1010 2570 1064 καὶ
2590 1009 2710 1083 ίερὰ
2729 1009 2930 1083 ἐχούσῃ
2951 1009 3271 1082 ἀρχαιότητι
3292 1014 3386 1063 καὶ
3407 1013 3718 1081 κατασκευῇ
3742 1012 3916 1080 σεμνὰ
3938 1013 4059 1075 τοῖς

2475 1100 2820 1156 κατοικοῦσυ
2850 1103 2945 1156 καὶ
2989 1100 3226 1171 μάλιστα
3254 1100 3316 1154 τδ
3356 1100 3615 1166 Πάνθεον,
3658 1101 3735 1164 ὡς
3760 1103 3852 1155 ἐπὶ
3879 1105 4055 1176 ἀκροο

2477 1189 2685 1253 πόλεως
2710 1191 3089 1262 χειροποιήτου
3112 1190 3259 1255 τινὸς
3290 1189 3456 1259 λόφου
3485 1189 3758 1259 κείμενον,
3788 1193 3883 1244 καὶ
3912 1209 4057 1245 παν-

2474 1281 2702 1351 ταχόθεν
2730 1282 2910 1353 πάσης
2929 1284 3029 1352 τῆς
3054 1280 3251 1353 κώμης
3276 1282 3562 1352 ὑπερέχον.
3582 1281 3880 1352 Συμϐάλλω
3905 1284 3966 1338 δὲ
3989 1286 4059 1339 τὸ

2475 1376 2672 1444 χωρίον
2717 1372 2868 1426 ἐνθεν
2916 1373 3102 1443 λαχεῖν
3138 1374 3239 1443 τὴν
3271 1372 3667 1445 προσηγορίαν,
3721 1374 3815 1426 καὶ
3853 1376 3919 1428 ὲκ
3951 1376 4058 1445 τῆς

2475 1464 2661 1536 Σύρων
2690 1465 2873 1533 φωνῆς
2893 1466 2973 1528 είς
2992 1465 3093 1536 τὴν
3124 1464 3393 1535 Ἑλλήνων
3425 1464 4056 1535 έρμηνευόμενον,Θιῶν

2474 1557 2786 1626 οἰκητήριον
2819 1555 3198 1626 ὀνομάζεσθαι,
3238 1555 3333 1610 διὰ
3366 1555 3461 1608 τὸν
3502 1555 3599 1609 τοῦ
3622 1555 3863 1609 Πανθέου
3897 1558 4051 1609 ναόν.

2473 1646 2701 1715 Λέγεται
2730 1647 2786 1699 δὲ
2815 1644 3241 1717 Χριστιανισμοῦ
3265 1645 3437 1711 αἴτιος
3468 1645 3721 1715 γενέσθαι
3756 1648 3871 1710 τοῖς
3920 1648 4053 1700 τού-

2473 1753 2582 1790 των
2650 1736 2818 1800 οἴκοις
2852 1736 3093 1807 Ἰλαρίων
3130 1737 3162 1789 ὀ
3208 1736 3474 1807 μοναχός·
3535 1736 3895 1807 δαιμονῶντος
3937 1738 4052 1807 γὰρ

2487 1826 2813 1895 ’Δλαφίωνος
2838 1827 3051 1893 τούτου,
3082 1826 3176 1880 ἐπὶ
3203 1826 3339 1880 πολύ
3375 1843 3523 1891 τινες
3550 1827 3627 1897 (7)
3661 1828 3918 1897 Ἕλληνες
3952 1830 4050 1881 καὶ

2400 1901 2445 1957 Β
2484 1917 2748 1983 Ἰουδαῖοι,
2778 1919 3011 1989 ἐπῳδαῖς
3045 1919 3140 1972 καὶ
3169 1918 3514 1990 περιεργίαις
3541 1920 3654 1973 τισὶ
3682 1922 4046 1991 χρησάμενοι,

2467 2008 2616 2062 οὐδὲν
2642 2010 2831 2080 ήνυον·
2877 2011 2907 2063 ὁ
2936 2009 3013 2073 δὲ,
3048 2009 3207 2080 μόνον
3239 2010 3301 2063 τὸ
3328 2010 3422 2063 τοῦ
3461 2010 3698 2081 Χριστοῦ
3727 2012 3899 2083 ὕνομα
3922 2014 4050 2065 ἑπι-

2468 2101 2824 2173 σοησάμενος,
2854 2102 2914 2155 τὸ
2939 2102 3215 2173 δαιμόνιον
3238 2103 3537 2172 ἀπήλασεν,
3560 2105 3640 2168 είς
3660 2104 3761 2174 τὴν
3784 2106 4049 2177 Χριστιαο

2466 2193 2573 2248 νῶν
2599 2193 2677 2265 (8)
2721 2193 3086 2265 μετεὸάλοντο
3132 2194 3447 2266 θρησκείαν.
3504 2196 3775 2264 Διέπρεπε
3800 2197 3857 2250 δὲ
3887 2198 3916 2249 ὁ
3946 2198 4049 2267 μὲν

2466 2282 2599 2353 ἐμὸς
2618 2282 2840 2346 πάππος
2861 2285 2919 2338 ὲν
2937 2285 3059 2348 ταῖς
3080 2284 3372 2355 ἑξηγήσεσι
3393 2284 3503 2337 τῶν
3519 2285 3678 2357 ίερῶν
3690 2286 3940 2357 Γραφῶν,
3955 2289 4049 2339 εὐ-

2467 2375 2607 2445 φυής
2626 2391 2683 2428 τε
2705 2373 2802 2439 ὢν,
2820 2375 2914 2428 καὶ
2930 2368 3041 2439 οἶος
3054 2374 3257 2444 γνῶναι
3278 2375 3359 2428 δεῖ
3375 2375 3450 2445 (9)
3467 2392 3482 2406 ·
3507 2378 3758 2431 καὶκατὰ
3773 2378 3928 2446 λόγον
3949 2396 4048 2449 μεδ

2465 2467 2629 2536 τρίως
2644 2466 2901 2536 ἠγμένος,
2920 2467 2995 2531 ὡς
3015 2468 3111 2521 καὶ
3129 2466 3497 2538 ἀριθμητικῆς
3523 2470 3597 2541 μὴ
3630 2464 3773 2523 εἶναι
3794 2470 4043 2542 ἄμοιρος.

2468 2557 2631 2610 Ὅθεν
2660 2559 3056 2630 κεχαρισμένος
3080 2562 3161 2623 είς
3193 2560 3334 2628 ἄγαν
3364 2561 3625 2630 ἐτύγχανε
3661 2564 3775 2626 τοῖς
3812 2563 3920 2616 ἀνὰ
3940 2564 4046 2633 τὴν

2478 2649 2789 2703 Ἀσκάλωνα
2818 2651 2916 2704 καὶ
2941 2649 3141 2715 Γάζαν,
3194 2652 3289 2705 καὶ
3321 2656 3434 2716 τοῖς
3466 2654 3625 2724 πέριξ
3665 2655 4044 2725 Χριστιανοῐς·

2464 2740 2540 2803 ὡς
2580 2741 3026 2814 ἀναγκαίωςῌο)
3064 2746 3132 2815 τῇ
3168 2744 3455 2817 θρησκείᾳ,
3502 2747 3597 2798 καὶ⁵
3642 2746 3712 2799 τὰ
3759 2746 4047 2817 ἀμφίϐολα

2464 2832 2576 2885 τῶν
2638 2826 2797 2904 ἱερῶν
2828 2835 3060 2905 Γραφῶν
3102 2836 3357 2907 εὐμαρῶς
3380 2838 3637 2892 διαλύειν.
3701 2839 3823 2891 Τῶν
3850 2839 3908 2891 δὲ
3933 2839 4047 2891 ἀπὸ

2464 2924 2559 2977 τοῦ
2586 2926 2775 2996 ἑτέρου
2804 2928 2994 2995 γένους
3015 2929 3150 2999 (II),
3200 2929 3363 3000 σχολῇ
3398 2932 3449 2996 γ’
3491 2932 3556 2982 ἄν
3599 2948 3683 2994 τις
3712 2931 3811 3001 τὴν
3837 2932 4045 3001 ἀρετὴν

2463 3016 2811 3086 διηγήσαιτο’
2843 3020 3049 3089 πρῶτοι
3084 3021 3193 3091 γὰρ
3220 3015 3364 3074 οὗτοι
3395 3023 3583 3076 ἐνθάδε
3616 3024 3915 3092 ἐκκλησίας
3940 3025 4041 3075 καὶ

794 3110 1074 3171 excelluit,
1098 3125 1222 3164 cum
1248 3117 1393 3165 esset
1420 3107 1655 3179 eleganti
1690 3108 1907 3177 ingenio
1930 3114 1983 3160 et
2006 3104 2363 3174 intelligentia
2467 3123 2552 3177 pm

2289 3104 2363 3158 tia
2467 3110 2803 3179 μοναστήρια
2842 3112 3256 3180 συνεστήσαντο,
3309 3112 3403 3182 καί
3429 3114 3717 3183 σεμνότητι
3766 3114 3859 3166 καὶ
3887 3114 4040 3182 φιλο-

794 3203 999 3255 valeret
1026 3201 1094 3255 ad
1122 3215 1184 3255 ea
1222 3216 1344 3270 quae
1373 3202 1516 3255 scire
1543 3206 1763 3269 oportet
1808 3194 2213 3267 cognoscenda.
2238 3195 2363 3248 Erat
2390 3234 2431 3290 C
2466 3215 2552 3269 φρ(

2283 3202 2363 3248 rat
2390 3234 2431 3290 C
2466 3199 2706 3270 φροσύνῃ
2753 3200 2915 3263 ξένων
2965 3204 3060 3254 καὶ
3104 3202 3372 3271 δεομένων
3421 3205 3853 3275 συνεκόσμησαν.
3942 3205 4041 3258 Ἐκ

796 3300 1054 3359 ιιι-εειθνοο
1104 3290 1412 3360 disciplinis
1441 3289 1793 3345 mediocriter
1825 3286 2097 3353 eruditus,
2132 3286 2267 3339 adeo
2300 3295 2361 3339 ut
2400 3286 2429 3290 ⁷
2463 3291 2554 3343 ταιὶ

2300 3295 2361 3339 ut
2400 3286 2429 3290 ⁷
2463 3291 2667 3362 ταύτης
2696 3292 2752 3345 δὲ
2779 3293 2879 3362 τῆς
2908 3296 3101 3361 γενεᾶς
3164 3294 3328 3365 μέχρι
3358 3296 3453 3347 καὶ
3480 3298 3558 3359 εἰς
3593 3298 3741 3367 ἡμᾶς
3768 3297 4042 3367 περιῆσαν

796 3387 1015 3454 ignarus
1046 3400 1154 3438 non
1186 3391 1333 3438 esset
1391 3381 1772 3436 arithmeticae.
1808 3381 1992 3449 Itaque
2023 3378 2356 3433 Christianis
2471 3380 2554 3433 ἀνί

2282 3379 2356 3432 ais
2471 3380 2663 3449 ἄνδρες
2685 3380 2896 3449 ἀγαθοὶ,
2936 3378 3017 3446 οἷς
3043 3382 3141 3454 ήδη
3178 3382 3512 3452 πρεσϐύταις
3540 3384 3659 3448 νέος
3686 3384 3764 3438 ὣν
3821 3402 4040 3455 συνεγει

792 3474 1111 3529 Ascalonem
1142 3484 1197 3529 et
1218 3472 1419 3527 Gazam
1457 3481 1514 3527 et
1562 3472 1791 3525 linitima
1822 3472 1940 3525 loca
1987 3469 2353 3524 incolentibus
2459 3470 2550 3541 νόμ

2183 3469 2353 3523 ttibus
2459 3470 2648 3541 νόμην.
2670 3471 2829 3525 Ἀλλὰ
2856 3471 2963 3526 τῶν
2994 3474 3115 3544 μὲν,
3156 3474 3387 3545 ὕστερον
3414 3477 3815 3548 ἐπιμνησθῆναι
3840 3478 3941 3534 δεῖ.

794 3568 1085 3627 admodum
1110 3571 1311 3625 eharus
1335 3568 1732 3638 fuit,tanquam
1757 3568 1909 3622 utilis
1967 3582 2030 3621 ac
2084 3568 2437 3623 necessarius
2475 3572 2843 3643 religioni,{et
2883 3571 2977 3640 qui
3017 3588 3303 3631 sacrorum
3351 3576 3689 3632 voluminum
3736 3575 3912 3631 nodos
3951 3572 4040 3627 fa-

792 3663 992 3717 cillime
1018 3663 1361 3717 dissolveret.
1390 3661 1593 3715 Eorum
1627 3674 1756 3715 vero
1780 3663 1873 3730 qui
1905 3674 1970 3715 ex
2003 3660 2170 3713 altera
2199 3669 2354 3714 erant
2394 3659 2625 3729 familia,
2661 3663 2915 3719 virtutem
2950 3666 3041 3719 vix
3075 3666 3221 3722 ullus
3291 3667 3466 3737 possit
3502 3681 3797 3738 exponere.
3864 3664 4040 3723 Primi

789 3755 937 3811 enim
985 3753 1249 3808 ecclesias
1283 3752 1396 3805 illic
1433 3759 1489 3805 et
1526 3754 1859 3806 monasteria
1893 3750 2286 3817 condiderunt,
2311 3759 2364 3806 et
2403 3754 2696 3810 sanctitate
2760 3756 2886 3810 vitae
2931 3757 3095 3825 atQue
3158 3758 3503 3814 humanitate
3544 3772 3673 3828 erga
3716 3757 4038 3828 peregrinos

784 3854 845 3900 et
878 3858 1146 3915 pauperes
1179 3856 1241 3896 ea
1269 3849 1627 3896 exornarunt.
1658 3837 1735 3893 Ex
1758 3854 1819 3894 ea
1861 3855 2023 3909 porro
2065 3848 2224 3908 gente
2250 3839 2352 3893 viri
2392 3840 2617 3909 quidam
2656 3842 2788 3897 boni
2819 3844 2887 3898 ad
2916 3854 3164 3899 nostram
3232 3861 3408 3916 usque
3436 3853 3649 3901 aetatem
3711 3846 4037 3915 tsuperstite‘z

792 3940 1079 4001 vixerunt;
1112 3934 1439 4004 quibuscum
1471 3935 1583 4003 jam
1648 3940 1808 3987 aetate
1850 3934 2124 4001 provectis
2165 3932 2282 4004 ipse
2346 3932 2637 3990 admodum
2696 3937 3019 3994 adolescens
3063 3948 3315 3995 versatus
3369 3955 3516 3997 sum.
3593 3940 3791 3995 Verum
3832 3939 3899 3994 de
3945 3939 4037 4002 hi3

790 4020 1075 4085 aliquanto
1104 4030 1229 4093 post
1260 4021 1592 4076 mentionem
1619 4019 1733 4075 ﬁeri
1767 4021 2076 4076 conveniet.

1416 4111 1567 4168 CAP.
1604 4110 1744 4168 XVI.
3048 4116 3174 4170 KEd

1692 4111 1744 4168 'l.
3048 4116 3300 4170 ΚΕΦΑἈ.
3334 4119 3450 4183 ις’.

791 4206 868 4260 De
892 4204 1065 4277 studio
1100 4203 1407 4277 lulianiin
1435 4200 2068 4277 stabilienddgentilium
2106 4199 2355 4277 religione
2461 4205 2549 4272 IIsj

2275 4216 2355 4254 me
2461 4204 2600 4272 Περὶ
2636 4203 2745 4272 τῆς
2770 4205 3079 4277 ,σπουδῆς-ί
3109 4206 3190 4274 ἢν
3226 4204 3351 4277 εἶχε
3403 4208 3713 4277 συστῆσαι
3742 4210 3848 4263 τὸν
3890 4212 4033 4267 Ἐλο

858 4286 907 4329 et
941 4271 1247 4346 Christiana
1298 4272 1399 4346 ﬁde
1434 4272 1727 4346 abolendo;
1766 4273 1889 4324 item
1934 4272 2157 4346 epistola
2193 4287 2351 4339 quant
2526 4271 2616 4342 .1111

2274 4287 2351 4323 am
2526 4271 2848 4346 ληνισμρν,
2878 4271 3197 4346 amicae.
3226 4271 3398 4332 δέ’τὰ
3430 4271 3686 4346 ἡμέτερα
3707 4296 3723 4310 ο
3776 4283 3872 4334 καί
3903 4284 4032 4335 ἐπι-

858 4346 1066 4413 scripsit
1100 4343 1168 4397 ad
1199 4340 1475 4414 quemdam
1502 4342 1828 4396 sacerdotem
1860 4340 2156 4411 gentilium.
2524 4340 2616 4466 git

2556 4428 2616 4467 σε

2524 4340 2826 4468 ἷέοέὴῶν
2855 4340 2969 4399 nit
3000 4344 3119 4399 τῶν
3152 4340 3565 4416 Ἐμηνισῖῶν
3586 4340 3905 4419 ἀρχιερέων
3923 4353 4029 4407 dx-

2601 4431 2633 4466 τ
2667 4433 2682 4466 ι
2797 4455 2812 4469 .

861 4506 1160 4573 Imperator
1194 4518 1347 4568 vero,
1401 4500 1495 4572 qui
1527 4499 1850 4571 jampridem
1882 4500 1934 4554 id
1960 4498 2194 4554 maxime
2229 4508 2349 4554 stu-
2538 4504 2597 4557 '0

2271 4508 2349 4553 Lu-
2538 4504 2597 4557 Ὀ
2640 4505 2696 4558 δὲ
2728 4505 2977 4576 βασιλεὺς
3007 4507 3175 4562 πάλαι
3201 4508 3518 4573 σπουδάζων
3545 4507 3637 4563 τὸν
3675 4508 4029 4583 Ἑλληνισμὺν

788 4595 949 4653 debat
973 4605 1032 4650 ut
1057 4593 1347 4665 gentilium
1370 4593 1561 4664 religio
1584 4608 1680 4664 per
1706 4594 2019 4648 universum
2043 4591 2352 4647 Romanum
2457 4613 2546 4669 κρε

2265 4608 2352 4647 um
2457 4600 2678 4669 κρατεῖν
2713 4600 2854 4652 κατὰ
2890 4600 3071 4654 πᾶσαν
3108 4599 3207 4672 τὴν
3236 4600 3497 4671 ὑπήκοον,
3543 4602 3789 4673 χαλεπῶς
3838 4603 4023 4675 ἔφερε,

1987 4704 2257 4760 VALESII
2293 4706 2840 4766 ANNOTATIONES.

858 4798 935 4871 (7)
973 4797 1104 4854 Ἐπὶ
1125 4798 1283 4871 πολύ
1310 4815 1490 4871 τινες.
1524 4796 1597 4853 Ut
1635 4806 1747 4871 tota
1802 4797 2063 4871 periodus
2090 4797 2260 4871 _inter
2296 4812 2354 4851 se
2387 4803 2428 4857 ο
2459 4800 2611 4870 scrip

1187 4798 1283 4871 λιύ
1310 4815 1490 4871 τινες.
1524 4796 1597 4853 Ut
1635 4806 1747 4871 tota
1802 4797 2063 4871 periodus
2090 4797 2260 4871 _inter
2296 4812 2354 4851 se
2387 4803 2428 4857 ο
2459 4800 2748 4870 Scriptum
2778 4803 2945 4857 utilis.

787 4865 1083 4941 cohaereat,
1123 4868 1485 4941 supplendum
1521 4870 1744 4941 omnino
1774 4865 1856 4922 est
1883 4865 2200 4921 adverbium
2246 4867 2349 4921 hoc
2471 4872 2545 4941 Η(

2260 4882 2349 4921 IOC
2471 4939 2478 4941 Α
2506 4865 2637 4941 (Η)
2677 4871 2798 4926 Τῶν
2828 4873 2895 4925 δὲ
2924 4874 3038 4926 ἀπὸ
3068 4871 3174 4926 τοῦ
3213 4871 3419 4939 ἐτέρου
3452 4873 3686 4941 γένους.
3738 4871 4018 4930 Familiam

789 4938 1180 5017 modc,_i}_1tet6_h
1200 4938 1437 5017 ὲπιπολύ
1463 4955 1606 5017 τινες
1628 4938 1905 5017 Έλληνες,
1924 4946 2030 4991 etc.
2088 5004 2101 5017 .
2272 5012 2285 5017 Δ
2455 4938 2547 5017 με

2272 5012 2285 5017 Δ
2455 4938 2771 5017 ριοριιίοηξε
2797 4944 3070 5017 intelligit,
3104 4941 3197 5011 qui
3224 4938 3405 5017 frater:
3435 4938 3606 4997 finisse
3647 4944 3869 5017 videtur
3930 4948 4017 5017 avi

858 5011 932 5077 (8)
959 5004 1069 5091 Είς
1096 5004 1211 5076 τὴν·
1246 5005 1638 5094 Χρέστιανῶνςῖ
1662 5004 1949 5094 ξηιᾲμὴαιο
1986 5004 2153 5094 verba
2186 5012 2352 5094 aslte-
2458 5004 2616 5094 .Soz'ot

2256 5012 2352 5094 ille:
2458 5004 2770 5094 §ozomeni.
2802 5012 2856 5066 id
2879 5004 3343 5094 est'propatruus
3374 5011 3682 5094 Sozomeni.
3730 5011 3845 5094 Hoc
3868 5016 4014 5094 enim

788 5074 988 5134 riscum
1019 5074 1073 5133 in
1110 5074 1211 5133 suo
1240 5074 1429 5133 codice
1460 5077 1644 5147 posuit
1668 5077 1926 5143 Savilius,
1948 5084 2009 5147 ut
2034 5074 2236 5147 aliquid
2262 5077 2349 5128 hic

785 5150 976 5205 deesse
1008 5150 1176 5203 lector
1202 5144 1545 5219 intelligeret.
1574 5145 1753 5219 Locus
1784 5156 1962 5203 tamen
1999 5144 2098 5219 levi
2132 5147 2349 5219 negotio

786 5219 860 5289 ita
896 5219 1133 5289 suppleri
1159 5225 1355 5286 potest,
1382 5214 1431 5271 si
1466 5218 1627 5286 paulo
1651 5224 1777 5273 ante
1805 5219 2000 5289 legeris
2034 5214 2138 5267 hoc
2163 5215 2345 5279 modo,

779 5287 857 5351 ὡς
883 5288 991 5357 γὰρ
1010 5288 1408 5358 δαιμονῶντος,
1432 5298 1537 5341 etc.

854 5354 1189 5431 (9)]’νῶώ-αι
1234 5357 1340 5413 δεῖ.
1386 5357 1449 5431 _l_n
1494 5355 1686 5431 codice
1729 5354 2030 5431 Fuketiano
2080 5361 2338 5431 scriptum

781 5425 986 5498 estet},
1020 5429 1160 5497 quod
1187 5497 1193 5498 ί
1216 5426 1636 5498 ηοιιίύίεριίιεοι,
1702 5428 1746 5481 si
1780 5428 1851 5481 ita
1893 5425 2205 5485 scribamus
2230 5425 2340 5493 οἷος

780 5496 1004 5570 γνῶναι,
1038 5496 1241 5570 1915+]
1274 5497 1367 5550 καὶ
1417 5496 1556 5550 κατὰ
1592 5497 1749 5570 λόγον
1798 5498 2029 5569 μετρίως
2080 5500 2337 5570 ἠγμένοις.

782 5568 955 5635 Atque
986 5570 1059 5621 ita
1096 5567 1457 5622 Sozomenum
1498 5567 1785 5637 scripsisse
1820 5567 1925 5622 non
1968 5567 2182 5625 dubito.

851 5634 961 5710 (ιθ)
1003 5638 1099 5703 Ὠς
1132 5638 1489 5710 ἀναγκαίως-λ
1515 5634 1703 5710 $03130
1725 5654 1867 5710 Ameo
1905 5641 2147 5710 periculo
2175 5641 2340 5710 ἀναγ-

780 5706 951 5778 καῖος,
977 5710 1431 5776 quemadmodum
1480 5708 1610 5778 legit
1638 5706 1975 5778 Epiphanius
2035 5706 2339 5766 Scholasti-

777 5776 1019 5850 cus.ASie
1063 5780 1205 5850 enim
1260 5780 1421 5833 vertit
1448 5776 1593 5850 hunc
1643 5776 1861 5850 locum.
1891 5779 2165 5850 Tanquam
2210 5781 2337 5834 reli-

774 5848 915 5915 gioni
946 5849 1287 5918 necessarius,
1307 5859 1357 5904 et
1387 5848 1455 5902 ad
1483 5848 1753 5905 solvendas
1772 5848 2123 5907 dubitationes
2146 5852 2338 5906 divina:

2454 5080 2575 5153 I_oeo
2607 5080 2943 5153 Sozomenus
2971 5080 3209 5153 majores
3254 5097 3387 5136 suos
3416 5089 3683 5147 recenset,
3718 5085 3812 5151 qui
3871 5087 4016 5153 apud

2454 5149 2675 5221 Gazaaos
2730 5150 2930 5220 pietate
2980 5149 3380 5221 excelluerunt,
3432 5161 3485 5206 et
3532 5152 3585 5205 in
3636 5149 4018 5221 persecutione

2453 5221 2543 5291 illa
2562 5220 2764 5276 Juliani
2796 5237 2859 5275 ex
2889 5222 3063 5290 patria
3085 5236 3182 5276 sua
3211 5220 3399 5291 fugere
3438 5222 3611 5276 coacti
3638 5220 3801 5277 sunt.
3836 5222 4013 5278 Verba

2446 5288 2730 5345 Sozomeni
2756 5288 3056 5362 thaac'ﬂsunt
3073 5308 3097 5362 ε
3129 5288 3344 5362 Ταύτης
3394 5291 3451 5343 δὲ
3483 5294 3585 5362 τῆς
3627 5295 3801 5362 φυγῆς
3880 5312 4011 5362 μετ-

2443 5361 2622 5442 ἐξεῖχονΔ
2651 5361 2835 5414 πολλοὶ
2860 5361 2964 5414 τῶν
2989 5361 3137 5442 ἐμῶν
3174 5361 3478 5442 προγονων,
3509 5361 3601 5441 καὶ
3703 5361 3831 5432 ὲμδς
3866 5361 4013 5416 παπ-

2442 5430 2561 5493 πος.
2595 5434 2669 5484 Ac
2694 5446 2889 5485 nomen
2913 5430 3132 5500 quidem
3150 5430 3235 5485 avi
3265 5432 3347 5485 sui
3381 5431 3602 5485 reticuit
3624 5430 3963 5488 Sozomenus
3992 5451 4008 5486 :

2441 5501 2794 5569 Alaphionem
2825 5516 2956 5555 vero
3003 5516 3127 5555 cum
3178 5501 3418 5554 nominet
3466 5510 3519 5571 et
3577 5502 3695 5571 ejus
3738 5512 4008 5571 posteros,

2442 5586 2612 5624 unum
2647 5586 2711 5624 ex
2761 5571 3062 5639 majoribus
3112 5571 3434 5640 ipsiuseum
3469 5570 3638 5626 fuisse
3672 5570 4006 5639 colligimus.

2442 5655 2695 5713 magnum
2719 5641 2927 5713 scilicet
2966 5639 3243 5713 patruum.
3286 5639 3519 5713 Possunt
3544 5648 3724 5713 tamen
3760 5641 3872 5696 haec
3903 5644 4007 5697 So-

2444 5711 2653 5785 τοπιοηί
2676 5712 2840 5766 verba
2878 5712 2945 5766 de
2970 5711 3232 5785 materno
3272 5712 3393 5780 ejus
3411 5726 3610 5785 genere
3641 5711 3890 5785 intelligi,
3948 5726 4011 5769 ut

2443 5782 2673 5852 Alaphio
2712 5789 2993 5839 maternus
3022 5782 3143 5853 ejus
3175 5796 3310 5837 avus
3333 5781 3624 5837 exstiterit.
