4452 6598
436 478 567 538 ιῑῑϋι

1356 467 1673 528 ΙΗΞΤΟῘΞῙᾹ
1719 463 2279 527 Είῖίίιῐῖεἷλδτίίῖλ.
2328 504 2385 512 -ς
2431 471 2559 526 ΜΩ.
2601 471 2659 526 Υ.

3552 466 3688 522 ηδε

433 588 1002 664 παρευδοκιμούμενον
1061 584 1201 657 όριῖιν
1269 583 1372 636 ὑπὸ
1409 584 1501 636 τοῦ
1549 583 2003 654 Χριστιανισευιῦ.
2042 595 2080 646 Λ
2115 587 2183 638 im

1930 583 2003 636 νιῦ.
2042 595 2080 646 Λ
2115 587 2397 654 imperium
2453 588 2791 656 przevalerrt,
2841 600 2958 641 eain
3001 601 3028 640 a
3069 587 3504 646 Christianorum
3555 593 3688 644 reii-

430 687 570 742 Naoi
596 684 694 756 μὲν
719 685 826 755 γάρ
865 679 1216 750 άνεῲγεισαν,
1240 678 1333 730 καλ⁹
1359 678 1562 739 θυσίαι,
1598 677 1693 730 καὶ
1735 676 2002 746 Ἑλλήνων

432 777 648 848 πάτριοι
673 773 858 845 ἑορταὶ
886 770 994 826 τῶν
1016 770 1246 834 πόλεων,
1278 768 1421 822 κατὰ
1443 768 1671 839 γνώμην
1703 769 1849 839 αὐτῷ
1882 786 2007 840 προ-

430 869 628 938 χωρεῖν
684 864 922 918 ἐδόκουν.
1011 862 1226 915 ’Πνιᾶτο
1283 857 1341 911 δὲ
1391 859 1775 928 λογιζόμενος,
1831 858 1905 922 ὡς
1963 863 2008 910 εἰ

431 955 741 1028 γυμνωθείη
782 954 954 1008 ταῦτα
986 952 1083 1023 τῆς
1135 949 1299 1004 αὐτοῦ
1348 950 1605 1018 σπουδῆς,
1649 952 1869 1020 ταχεῖαν
1900 949 2009 1012 ἕξει

433 1050 529 1120 τὴν
567 1045 885 1118 μεταϐολήν.
951 1046 1062 1114 Οὐχ
1097 1044 1300 1114 ἣκιστα
1332 1043 1389 1096 δὲ
1429 1043 1645 1114 ἤχθετο.
1680 1043 1772 1094 καὶ
1800 1039 2009 1093 πολλῶν

440 1141 630 1211 ἱερέων
659 1136 1061 1207 Χριστιανίζειν
1093 1136 1306 1189 ἀκούων
1336 1135 1434 1198 τὰς
1471 1133 1716 1202 γαμετὰς
1761 1136 1854 1185 καὶ
1885 1134 2010 1194 τοὺς

435 1234 650 1299 παῖδας,
700 1233 793 1286 καὶ
836 1231 962 1293 τοὺς
1003 1229 1238 1292 οίκέτας.
1285 1226 1606 1281 ’Υπολαϐὼν
1651 1226 1709 1279 δὲ
1752 1225 1844 1277 τὸν
1877 1226 2010 1295 Χρι-

437 1324 750 1395 στιανισμδν
789 1324 886 1393 τὴν
927 1323 1187 1377 σύστασιν
1217 1320 1362 1392 ἔχειν
1395 1322 1457 1373 ὲκ
1498 1318 1593 1374 τοῦ
1627 1317 1741 1390 βίου
1788 1318 1881 1371 καὶ
1913 1319 2010 1388 τῆς

436 1413 708 1476 πολιτείας
745 1411 856 1465 τῶν
884 1412 1045 1465 αὑτὸν
1097 1413 1390 1482 μετιόντων
1412 1450 1426 1474 ,
1472 1411 1727 1462 διενοεῖτο
1760 1409 2008 1478 πανταχῆ

435 1506 562 1569 τοὺς
613 1505 958 1576 Ἑλληνικοὺς
987 1507 1150 1569 ναοὺς
1201 1507 1265 1576 τῇ
1298 1504 1618 1576 παρασκευῇ
1635 1502 1725 1554 καὶ
1757 1505 1823 1572 τῇ
1861 1500 2010 1564 τάξει

433 1600 530 1667 τῆς
576 1595 916 1668 Χριστιανῶν
951 1595 1248 1667 θρησκείας
1287 1595 1635 1662 διακοσμεῖν·
1693 1591 1900 1662 βήμασί
1952 1608 2009 1642 τε

435 1689 527 1741 καὶ
555 1688 886 1758 προεδρίαις,
929 1688 1020 1742 καὶ
1061 1686 1388 1758 Ἑλληνικῶν
1418 1685 1702 1755 δογμάτων
1738 1685 1834 1737 καὶ
1873 1701 2011 1752 παρ-

436 1782 694 1834 αινέσεων
725 1780 1067 1844 διδασκάλοις
1101 1795 1159 1833 τε
1193 1779 1290 1832 καὶ
1325 1776 1717 1847 άναγνώσταις,
1767 1775 1923 1845 ὡρῶν
1951 1793 2010 1828 τε

439 1873 616 1946 ῥητῶν
646 1873 742 1926 καὶ
771 1871 992 1944 ἡμερῶν
1040 1869 1399 1940 τεταγμέναις
1436 1869 1644 1939 εὐχαῖς,
1691 1882 2011 1939 φροντιστη-

2119 677 2282 744 gione
2330 678 2486 746 longe
2521 679 2768 744 superari
2815 694 3072 746 cernens,
3107 680 3296 748 inith
3329 683 3515 737 animo
3544 683 3688 738 tulit.

2119 766 2251 821 Nam
2283 769 2480 839 templa
2499 769 2721 837 quidem
2751 770 2975 823 deorum
3002 772 3292 839 patebant,
3317 781 3371 826 et
3395 774 3690 840 sacrificia,

2121 859 2353 930 festique
2397 861 2680 930 gentilium
2722 862 2863 928 dics,
2895 864 3144 932 ritusque
3184 863 3457 933 majorum
3490 865 3542 918 in
3573 865 3690 919 sin-

2119 955 2259 1022 gulis
2291 954 2614 1008 civitatibus
2641 969 2710 1008 ex
2741 961 2867 1008 voto
2910 956 3176 1025 principis
3209 957 3507 1026 procedere
3534 955 3690 1009 vidc-

2120 1045 2335 1099 hautur.
2383 1044 2610 1100 Dolebat
2663 1055 2869 1113 tamen,
2912 1062 3037 1100 cum
3091 1047 3234 1116 apud
3280 1064 3339 1104 se
3387 1057 3691 1117 reputaret,

2120 1138 2269 1191 brevi
2331 1138 2436 1192 ista
2489 1141 2877 1196 commutanda
2931 1156 3077 1204 esse,
3123 1142 3170 1196 si
3225 1155 3356 1195 cura
3406 1143 3581 1210 ipsius
3628 1157 3692 1195 ac

2119 1229 2498 1286 sollicitudine
2530 1228 2987 1286 destituerentur.
3021 1231 3334 1301 Angebatu-r
3361 1239 3542 1284 autem
3582 1247 3690 1285 non

2119 1321 2491 1389 mediocriter,
2516 1336 2640 1375 cum
2663 1321 2876 1378 audiret
2900 1323 3060 1394 203
3085 1323 3381 1378 multorum
3412 1321 3692 1376 ﬂaminum

2119 1427 2319 1467 uxores
2345 1426 2409 1466 ac
2432 1412 2635 1467 liberos
2655 1419 2709 1467 et
2732 1412 2964 1469 famulos
2983 1412 3354 1468 Christianam
3375 1413 3692 1483 religionem

2119 1504 2384 1574 proﬁteri.
2420 1504 2669 1574 Cumque
2717 1505 3062 1560 existimaret
3093 1504 3533 1560 Christianorum
3565 1506 3694 1559 reli-

2118 1595 2335 1659 gionem
2365 1608 2430 1648 ex
2464 1594 2572 1646 vita
2598 1603 2651 1645 et
2685 1594 2935 1647 moribus
2970 1609 3160 1648 eorum
3194 1595 3288 1664 qui
3323 1595 3472 1648 illam
3511 1603 3692 1650 secta-

2121 1693 2342 1750 rentur,
2399 1684 2634 1738 maxime
2689 1685 3094 1751 commendari,
3143 1686 3430 1756 gentilium
3492 1689 3690 1756 templa

2121 1788 2380 1847 apparatu
2430 1785 2597 1845 atque
2636 1775 2829 1830 ordine
2861 1775 3199 1830 Christianis
3246 1776 3450 1830 usitato
3493 1791 3695 1831 ornare

2119 1869 2408 1924 constituit
2439 1885 2452 1921 :
2484 1867 2744 1938 gradibus
2791 1877 3052 1937 pne-terea
3086 1882 3150 1922 ac
3193 1867 3351 1937 primi
3398 1883 3694 1924 consessus

439 1968 574 2039 ρίοις
624 1983 684 2020 τε
717 1966 925 2038 ἀνδρῶν
974 1965 1069 2019 καὶ
1108 1963 1381 2033 γυναικῶν
1423 1962 1730 2033 φιλοσοφεῖν
1781 1961 2017 2030 ὲγνωκό-
2046 1955 2087 2010 Β
2119 1976 2197 2032 pr:

1939 1961 2017 2012 ιιό-
2046 1955 2087 2010 Β
2119 1960 2516 2032 prazrogatira;
2557 1959 2842 2030 gentilium
2883 1959 3013 2014 item
3051 1959 3366 2030 dogmatum
3399 1968 3454 2015 et
3496 1962 3697 2015 exhor-

436 2078 566 2125 των,
611 2061 707 2114 καὶ
740 2059 1111 2128 καταγωγίοις
1152 2057 1318 2124 ξένων
1357 2056 1451 2109 καὶ
1501 2054 1752 2125 πτωχῶν,
1807 2051 1904 2107 καὶ
1950 2055 2012 2123 τῇ

439 2153 575 2226 ἄλλῃ
603 2156 670 2224 τῇ
695 2154 822 2222 περὶ
848 2153 974 2214 τοὺς
995 2149 1279 2220 δεομένους
1302 2145 1676 2218 φιλανθρωπίᾳ
1731 2145 1791 2198 τὸ
1829 2143 2015 2214 Έλλη-

438 2244 586 2299 νικὸν
627 2244 803 2313 δόγμα
838 2241 1128 2311 σεμνῦναι,
1194 2237 1456 2312 ἑκουσίων
1505 2255 1563 2291 τε
1605 2238 1700 2290 καὶ
1750 2236 2016 2291 ἀκουσίων

437 2335 852 2406 ἁμαρτημάτων
893 2334 1030 2387 κατὰ
1074 2333 1172 2403 τὴν
1203 2330 1311 2385 τῶν
1343 2327 1687 2402 Χριστιανῶν
1718 2328 2016 2401 παράδοσιν

436 2429 504 2480 ἐκ
535 2425 896 2496 μεταμελείας
930 2425 1242 2495 σύμμετρον
1273 2421 1430 2486 τάξαι
1464 2420 1860 2492 σωφρονισμόν.
1905 2421 2018 2491 Οὐχ

437 2519 638 2590 ἥκιστα
673 2519 728 2572 δὲ
773 2518 1008 2590 ζηλῶσαι
1060 2517 1277 2584 λέγεται
1322 2514 1389 2568 τά
1435 2514 1752 2586 συνθήματα
1775 2513 1885 2584 (12)
1905 2513 2018 2567 τῶν

439 2613 816 2667 ὲπισκοπικῶν
861 2612 1232 2685 γραμμάτιον,
1278 2601 1359 2672 οἷς
1408 2607 1526 2673 ἔθος
1570 2605 1863 2680 ἀμοιϐαδὸν
1891 2606 2018 2669 τοὺς

437 2705 622 2771 ξένους
653 2707 773 2759 ὅποι
805 2706 1005 2777 δήποτε
1023 2705 1279 2769 διιόντας,
1310 2703 1404 2758 καὶ
1431 2701 1559 2772 παρ’
1588 2694 1669 2764 οἷς
1694 2697 1760 2754 ἂν
1789 2697 2022 2767 ἀφίκων-

439 2815 550 2863 ται,
587 2797 805 2862 πάντως
848 2797 1183 2866 κατάγεσθαι
1222 2796 1322 2850 καὶ
1369 2793 1664 2868 θεραπείας
1717 2791 2018 2857 ἀξιοῦσθαι,

438 2887 526 2946 οἷά
571 2908 634 2959 γε
684 2889 990 2962 γνωρίμους
1020 2892 1114 2944 καὶ
1161 2890 1467 2959 φιλτάτους,
1499 2887 1586 2941 διὰ
1614 2886 1711 2957 τὴν
1740 2885 1834 2938 τοῦ
1883 2903 2020 2954 συμ-

439 2982 598 3034 6όλου
662 2980 989 3051 μαρτυρίαν.
1051 2979 1236 3033 Ταῦτα
1282 2976 1679 3047 διανοούμενος,
1719 2973 2018 3038 ἐσπούδαζε

437 3074 565 3135 τοὺς
604 3071 951 3142 Ἑλληνιστάς
988 3070 1332 3141 προσεθίζειν
1385 3059 1497 3131 τοῖς
1528 3067 1637 3120 τῶν
1679 3066 2019 3138 Χριστιανῶν

441 3164 888 3235 ἐπιτηδεύμασιν.
926 3165 1063 3217 Ἀλλ’
1097 3164 1282 3234 ἐπειδὴ
1311 3165 1422 3226 τοῖς
1453 3160 1663 3223 πολλοῖς
1689 3158 1820 3223 ἴσως
1859 3159 2016 3214 ἀπεί-

2119 2054 2386 2108 tationum
2431 2052 2756 2110 doctoribus
2811 2061 2974 2124 atque
3027 2055 3365 2122 lectoribus;
3411 2063 3690 2110 certorum

2117 2161 2340 2217 quoque
2393 2145 2606 2201 dierum
2646 2155 2809 2217 atque
2849 2146 3111 2200 horarum
3153 2147 3378 2202 statutis
3418 2151 3696 2217 precatio--

2120 2238 2283 2294 nibus
2309 2255 2322 2305 ;
2360 2237 2713 2295 monasteriis
2736 2245 3000 2308 pnetcrea
3030 2238 3269 2293 virorum
3304 2254 3370 2294 ac
3397 2239 3697 2295 mulierum

2118 2329 2495 2400 philosophari
2544 2329 2916 2398 cupientium;
2955 2331 3313 2387 xenodocbiis
3350 2331 3592 2402 denique
3639 2343 3697 2387 et

2125 2419 2590 2492 ptocbotrophiis,
2632 2428 2686 2476 et
2729 2421 2882 2476 omni
2917 2422 3128 2492 reliqua
3176 2438 3306 2492 erga
3347 2438 3550 2494 egenos
3598 2424 3700 2477 hu~

2120 2514 2388 2569 manitate
2436 2513 2760 2585 religionem
2797 2515 3088 2584 gentilium
3135 2515 3428 2572 illustrare.
3459 2516 3537 2570 Ad
3583 2517 3698 2572 luce

2119 2605 2360 2674 peccatis
2385 2620 2505 2675 quze
2523 2606 2604 2661 vel
2627 2613 2824 2676 sponte
2843 2606 2926 2661 vel
2944 2606 3012 2660 ab
3036 2608 3225 2663 invitis
3250 2609 3698 2677 committuntur,

2116 2697 2272 2766 juxta
2306 2712 2511 2752 morem
2553 2698 2998 2754 Christianorum
3023 2716 3326 2773 congruam
3366 2704 3701 2774 pmnitentia:

2120 2791 2560 2846 emendationem
2611 2791 2876 2848 adhibere
2911 2793 3249 2849 decreverat.
3282 2793 3391 2850 Sed
3427 2795 3700 2866 praecipue

2121 2893 2280 2938 notas
2315 2898 2379 2937 ac
2410 2892 2648 2939 tesseras
2677 2885 3075 2955 episcopalium
3115 2886 3424 2942 litterarum
3458 2889 3700 2942 admiraé

2119 2984 2210 3031 tus
2262 2990 2385 3032 esse
2434 2975 2672 3043 dicitur,
2723 2979 2926 3048 quibus
2987 2978 3166 3034 solent
3220 2979 3538 3050 peregrinos
3595 2979 3701 3037 sibi

2123 3068 2354 3123 invicem
2393 3064 2821 3134 commendare;
2863 3075 2921 3121 ut
2967 3068 3243 3124 undelibet
3292 3070 3596 3136 venientes,
3632 3071 3698 3125 ad

2120 3177 2484 3234 quoscunque
2516 3163 2883 3224 accesserint,
2909 3169 3170 3232 tanquam
3199 3161 3315 3216 noti
3343 3169 3506 3231 atque
3536 3162 3698 3216 amio

445 3254 605 3306 θανον
649 3249 787 3306 εἶναι
816 3254 976 3307 τοῦτο
1028 3253 1195 3316 δοκεῖ,
1255 3253 1356 3305 οὐκ
1397 3251 1617 3306 ἄλλοθεν
1649 3250 1683 3320 ἢ
1715 3251 1808 3304 ἀπ’
1840 3251 2019 3305 αὐτῶν
2047 3295 2089 3352 C
2123 3271 2203 3308 ext

1943 3251 2019 3305 ῶν
2047 3295 2089 3352 C
2123 3255 2474 3326 excipiantur
2505 3254 2746 3324 hospitio
2786 3265 2840 3309 et
2879 3254 3113 3324 benigne
3144 3263 3408 3310 curentur
3434 3255 3506 3310 ob
3549 3255 3701 3309 testi-

445 3344 553 3396 τῶν
577 3343 670 3397 τοῦ
704 3344 964 3414 βασιλέως
987 3346 1246 3416 ῥημάτων
1277 3343 1586 3414 παρέξομαι
1607 3341 1704 3413 τὴν
1735 3341 1844 3395 τῶν
1872 3343 2021 3414 εἰρη-

445 3436 622 3506 μένων
647 3436 936 3501 ἀπόδειξιν.
962 3437 1166 3507 Γράφει
1191 3436 1247 3490 δὲ
1273 3429 1371 3490 ὧδε
1393 3437 1439 3504 (ι
1451 3437 1524 3502 5)⁶

444 3529 838 3584 assuefaceret.
909 3529 1014 3585 Sed
1060 3531 1319 3599 quoniam
1359 3527 1505 3583 istud
1556 3527 1834 3599 plerisque
1877 3527 2199 3586 incredibile
2252 3532 2492 3587 fortasse
2549 3530 2865 3593 videbitur,

2131 3351 2376 3404 monium
2405 3348 2675 3418 ejusmodi
2710 3357 2876 3403 notae.
2911 3347 3038 3403 llaec
3065 3364 3191 3402 cum
3237 3350 3420 3404 animo
3448 3351 3699 3419 agitaret,

2128 3451 2350 3509 Operam
2389 3439 2549 3494 dabat
2583 3447 2644 3493 ut
2687 3439 2918 3508 gentiles
2950 3438 3390 3494 Christianorum
3436 3439 3705 3495 institutis

2952 3545 3061 3584 non
3115 3529 3338 3584 aliunde
3389 3547 3553 3600 quam
3635 3545 3700 3583 ex

443 3625 693 3696 ipsismet
747 3626 1099 3695 imperatoris
1150 3625 1332 3680 verbis
1370 3625 1535 3695 hujus
1588 3624 1664 3678 rei
1714 3623 1998 3680 veritatem
2038 3628 2427 3699 eomprobabo.
2461 3626 2553 3680 Sic
2575 3627 2718 3680 enim
2745 3626 2938 3682 scribit
2970 3643 2982 3678 :

777 3720 1062 3788 ’Λρσακίῳ
1088 3719 1351 3789 ἀρχιερεῖ
1371 3722 1693 3787 Γαλατίας.

524 3810 873 3882 Ἑλληνισμὸς
895 3811 1045 3864 οὔπω
1073 3811 1299 3882 πράττει
1324 3811 1463 3865 κατὰ
1482 3812 1656 3880 λόγον,
1682 3815 1837 3884 ἡμῶν
1858 3815 2020 3868 ἕνεκα

442 3901 549 3955 τῶν
596 3901 887 3972 μετιόντων
932 3901 1115 3957 αὐτόν.
1174 3901 1254 3955 Τὰ
1289 3901 1398 3975 γὰρ
1441 3903 1550 3958 τῶν
1592 3903 1729 3958 θεῶν
1791 3907 2021 3977 λαμπρᾶ

440 3994 535 4049 καὶ
571 3993 812 4064 μεγάλα,
874 3995 1158 4065 κρείττονα
1192 3993 1372 4065 πάσης
1417 3995 1514 4066 μὲν
1545 3996 1728 4068 εὐχῆς,
1758 3998 1935 4067 πάσης
1963 3999 2019 4051 δὲ

441 4085 672 4147 ἐλπίδος.
700 4086 884 4149 Ἵλεως
909 4085 965 4137 δὲ
992 4085 1129 4137 ἔστω
1153 4087 1264 4148 τοῖς
1292 4085 1472 4155 λόγοις
1494 4087 1653 4159 ἡμῶν
1683 4090 2014 4161 Ἀδράστεια.

441 4175 553 4246 Τὴν
584 4175 692 4245 γὰρ
719 4176 776 4228 ἐν
815 4175 978 4246 ὀλίγῳ
1006 4176 1275 4246 τοσαύτην
1310 4179 1405 4231 καὶ
1431 4179 1763 4250 τηλικαύτην
1793 4182 2019 4252 μεταϐο-

440 4265 538 4336 λὴν
569 4266 689 4318 οὐδὲ
722 4264 980 4329 εὔξασθαί
1035 4284 1118 4330 τις
1162 4266 1326 4337 ὀλίγῳ
1367 4269 1631 4340 πρότερον
1673 4272 1894 4342 ἐτόλμα.
1955 4274 2018 4325 Τί

436 4357 533 4415 οὖν
555 4363 718 4430 ἡμεῖς
740 4357 966 4429 οἰόμεθα
989 4360 1160 4412 ταῦτα
1192 4361 1415 4430 άρκεῐν;
1464 4361 1587 4414 οὐδὲ
1616 4363 2015 4436 ἀποϐλέπομεν,

440 4451 470 4506 ὃ
502 4451 737 4522 μάλιστα
766 4451 875 4520 (lli)
896 4451 993 4522 τὴν
1028 4451 1296 4520 ἀθεότητα
1327 4446 1658 4523 συνηύξησεν
1685 4455 1717 4526 ἡ
1741 4457 1866 4527 περὶ
1895 4456 2019 4519 τοὺς

441 4543 624 4610 ξένους
658 4542 1057 4614 φιλανθρωπία,
1109 4546 1204 4597 καὶ
1239 4545 1273 4614 ἡ
1306 4545 1433 4613 περὶ
1461 4546 1559 4609 τὰς
1588 4547 1766 4616 ταφὰς
1795 4548 1902 4599 τῶν
1933 4563 2019 4598 νε-

442 4634 591 4704 κρῶν
621 4633 952 4702 προμήθεια,
993 4635 1084 4685 καὶ
1118 4635 1151 4703 ἡ
1187 4635 1543 4705 πεπλασμένη
1578 4635 1844 4706 σεμνότης
1877 4635 2018 4689 κατὰ

2507 3722 2729 3776 Arsacia
2765 3720 3029 3776 sacerdoti
3069 3719 3318 3778 Galatiie.

2200 3812 2413 3884 Religio
2441 3813 2730 3883 gentilium
2776 3811 3019 3866 nondum
3051 3827 3118 3867 ex
3149 3813 3317 3866 animi
3361 3812 3538 3867 nostri
3582 3828 3705 3867 sen-

2131 3906 2298 3959 tentia
2347 3905 2524 3974 viget,
2570 3905 2733 3974 culpa
2779 3919 2967 3959 eorum
3015 3904 3108 3974 qui
3157 3904 3306 3957 illam
3357 3903 3703 3973 proﬁtentur.

2130 3999 2263 4059 Nam
2297 4014 2360 4053 ea
2390 3999 2608 4068 quidem
2641 4015 2765 4067 quin
2796 3999 2860 4053 ad
2909 4000 3043 4055 deos
3088 3999 3398 4069 pertinent,
3441 4000 3703 4066 prmclara

2059 4137 2070 4148 ,,
2130 4098 2259 4144 sunt
2302 4096 2467 4158 atque
2524 4089 2846 4159 magniﬁca,
2881 4091 3140 4160 onmique
3170 4098 3293 4143 voto
3318 4105 3383 4143 ac
3411 4105 3508 4160 spe
3537 4091 3706 4158 majo-

2131 4196 2212 4237 ra.
2243 4184 2418 4251 Atque
2446 4180 2498 4235 id
2527 4196 2662 4250 pace
2689 4180 2936 4237 Nemesis
2965 4181 3171 4236 dictum
3205 4182 3294 4235 sit.
3333 4181 3517 4236 'l‘alem
3556 4182 3701 4237 enim

2130 4290 2192 4328 ac
2225 4283 2428 4328 tantam
2455 4275 2653 4343 exiguo
2697 4274 2965 4344 temporis
3011 4277 3188 4343 spatio
3231 4275 3592 4329 mutationem
3637 4291 3705 4328 ne

2130 4374 2318 4436 optare
2347 4364 2566 4434 quidem
2595 4365 2887 4434 quisquam
2925 4367 3087 4435 paulo
3119 4374 3247 4420 ante
3274 4366 3530 4421 audebat.
3561 4365 3700 4432 Quid

2129 4453 2301 4520 ergo?
2333 4460 2665 4521 putamusne
2695 4468 2798 4508 nos
2828 4455 2932 4508 ista
2979 4452 3272 4509 sullicere?
3313 4453 3421 4510 Nec
3464 4455 3700 4509 attendi-

2126 4558 2246 4596 mus
2293 4543 2426 4609 quid
2477 4542 2922 4598 Christianorum
2973 4545 3298 4614 religionem
3355 4546 3699 4615 potissimum

2126 4634 2375 4699 auxerit;
2410 4632 2726 4690 humanitas
2759 4635 2966 4689 scilicet
2992 4636 3044 4688 in
3073 4636 3387 4704 peregrinos
3408 4675 3422 4698 ,
3449 4645 3501 4690 et
3527 4636 3579 4689 in
3611 4652 3699 4690 se-

442 4724 534 4777 τὸν
561 4723 674 4792 βίον
694 4760 708 4783 ,
746 4714 821 4774 ὧν
844 4721 1073 4774 ’ἑκαστον
1101 4723 1285 4790 οἴομαι
1312 4723 1507 4793 χρῆναι
1538 4724 1669 4794 παρ’
1701 4723 1858 4794 ἡμῶν
1888 4725 2018 4792 άλη-
2054 4737 2094 4790 ι)
2126 4727 2200 4792 pel

1940 4741 2018 4792 ιη·
2054 4737 2094 4790 ι)
2126 4723 2394 4792 peliendis
2443 4725 2678 4780 mortuis
2722 4725 2959 4780 sollicita
2986 4727 3303 4796 diligentia,
3347 4736 3400 4781 et
3443 4727 3698 4782 simulata

444 4815 552 4878 θῶς
575 4813 1008 4884 ἐπιτηδεύεσθαι.
1038 4814 1150 4868 Καὶ
1176 4815 1275 4867 οὐκ
1299 4815 1514 4887 άπόχρη
1537 4814 1598 4868 τὺ
1627 4816 1687 4868 σὲ
1712 4817 1869 4886 μόνον
1886 4815 2024 4869 εἶναι

443 4907 704 4971 τοιοῦτον,
749 4905 887 4959 ἀλλὰ
920 4906 1126 4970 πάντας
1166 4907 1503 4972 ἁπαξαπλῶς
1549 4907 1599 4960 οἳ
1632 4908 1759 4979 περὶ
1788 4909 1885 4978 τὴν
1919 4909 2023 4960 Γα-

445 5000 632 5054 λατίαν
661 4999 797 5051 εἰσὶν
829 4998 1012 5068 ἱερεῖς.
1043 4999 1150 5064 Οὓς
1177 5001 1210 5071 ἢ
1235 4998 1577 5071 δυσώπησον,
1611 5001 1645 5071 ἦ
1676 5002 1858 5052 πεῖσον
1885 4996 2023 5052 εἶναι

447 5092 789 5155 σπουδαίους,
825 5092 856 5162 ἢ
889 5091 987 5160 τῆς
1016 5089 1295 5162 ἱερατικῆς
1320 5090 1659 5163 λειτουργίας
1692 5092 2019 5160 άπόστησον,

447 5183 494 5236 εί
529 5183 602 5253 μὴ
633 5181 1024 5254 προσέρχονται
1063 5183 1200 5252 μετὰ
1244 5181 1517 5250 γυναικῶν
1568 5184 1660 5236 καὶ
1695 5182 1901 5237 παίδων
1930 5183 2023 5234 καὶ

2127 4827 2340 4866 morum
2396 4815 2661 4882 gravitas.
2721 4814 2969 4880 Quorum
3021 4817 3235 4885 singula
3283 4832 3410 4871 vere
3456 4833 3485 4869 a
3539 4819 3698 4872 nobis

2126 4902 2428 4957 exercenda
2455 4919 2580 4959 esse
2608 4905 2882 4960 existimo.
2912 4904 3023 4960 Nec
3053 4907 3426 4975 snllicitquud
3459 4916 3514 4960 tu
3557 4925 3698 4964 unus

2125 4997 2392 5067 ejusmodi
2427 4997 2544 5051 sis:
2587 4996 2681 5051 sed
2730 5007 2997 5068 quotquot
3030 5000 3081 5053 in
3111 4998 3323 5054 Galatia
3361 5009 3489 5053 sunt
3524 5000 3696 5054 [lami-

2126 5106 2223 5143 nes
2256 5089 2392 5142 tales
2421 5104 2543 5143 esse
2569 5087 2744 5144 decet.
2777 5089 2928 5155 Quos
2956 5099 3014 5143 tu
3045 5091 3127 5144 vel
3156 5091 3360 5160 pudore
3393 5092 3692 5150 alliciendo,

2125 5183 2206 5235 vel
2242 5179 2662 5247 pchuadeudo,
2693 5182 2866 5236 bonos
2899 5182 3100 5248 redde,
3154 5193 3249 5236 ant
3295 5200 3322 5234 ιι
3369 5183 3692 5237 sacerdotali

1645 5335 1914 5390 VALESII
1954 5335 2504 5390 ANNOTATIONES.

520 5425 631 5493 (l2)
667 5425 744 5478 Τὰ
777 5426 1152 5495 συνθήματα,
1186 5424 1420 5479 Litteras
1457 5424 2021 5496 formatasjatelligit.

450 5497 517 5549 tle
543 5497 741 5563 quibus
773 5499 926 5549 multi
981 5494 1111 5548 ante
1164 5513 1261 5550 nos
1311 5498 1671 5564 scripserintt.
1721 5494 1826 5549 Sed
1879 5494 2022 5549 unus

452 5567 621 5618 instar
647 5567 887 5619 omnium
922 5568 1023 5619 erit
1060 5565 1428 5620 Bernardinus
1455 5565 1757 5630 Ferrarius,
1781 5567 1870 5634 qui
1909 5576 2021 5620 tres

453 5638 620 5690 libros
667 5636 835 5690 edidit
860 5636 926 5690 de
957 5637 1180 5706 antiquo
1219 5639 1341 5708 jure
1371 5637 1867 5692 ecclesiasticarum
1906 5638 2022 5706 cpi-

453 5708 739 5760 stolarum.

522 5779 632 5845 €15)
669 5777 889 5846 Γράφει
920 5777 986 5830 δὲ
1022 5773 1248 5846 ὧδεειιι
1282 5778 1468 5834 codice
1527 5778 1828 5833 Fuketiano
1874 5779 2013 5831 srri-

452 5857 601 5912 ptum
620 5843 726 5901 est'
746 5843 946 5920 γράφει
1005 5850 1112 5919 γὰρ
1146 5843 1267 5903 ὦδε.
1324 5848 1495 5904 Verba
1551 5860 1730 5904 autem
1766 5851 1856 5920 illa
1893 5865 2013 5920 quae

451 5931 753 5988 sequuntur
788 5917 1093 5991 ⁷’Λρσακίῳ
1143 5922 1390 5991 ἀρχιερεῖ
1439 5921 1702 5984 Γαλατίας
1759 5917 2012 5989 ἐπιστολὴ

2143 5425 2426 5479 Ίουλιανοῦ
2460 5427 2736 5495 βασιλέως,
2767 5429 2830 5480 ad
2874 5431 3168 5499 marginem
3227 5428 3428 5497 scripta
3469 5438 3596 5483 sunt
3637 5431 3690 5484 in

2127 5500 2315 5549 eodem
2345 5500 2551 5559 codice,
2585 5515 2689 5550 non
2717 5510 2896 5552 autem
2932 5502 2982 5552 in
3015 5516 3264 5568 corpore.

2197 5568 2305 5635 (14)
2339 5569 2491 5620 Οὐδὲ
2509 5568 2927 5636 ἀποϐλέπομεν
2955 5571 2984 5620 ὂ
3010 5570 3294 5635 μάλιστα.
3331 5568 3688 5623 Scribentlunt

2123 5637 2343 5692 videtur
2383 5640 2453 5698 ὡς
2490 5640 2743 5708 μάλιστα,
2775 5652 2880 5694 etc.
2939 5644 3094 5694 (λιι-ιο
3151 5642 3487 5708 Epiphanius
3521 5641 3684 5691 Srho-

2126 5709 2351 5760 lastieus
2385 5712 2452 5760 ita
2479 5711 2626 5777 legit,
2660 5722 2709 5761 ul
2749 5728 2811 5763 ex
2847 5713 3096 5764 tersioue
3150 5730 3267 5777 ejus
3315 5724 3556 5779 apparet.
3600 5712 3634 5762 5
3661 5730 3690 5763 c

2120 5796 2264 5830 rnlm
2297 5783 2454 5832 vettit
2486 5782 2628 5832 hum:
2669 5784 2869 5839 imum,
2908 5798 3066 5848 neque
3106 5799 3408 5849 rapiamus
3447 5785 3691 5849 quuuutl-

2123 5849 2332 5900 modum
2364 5853 2783 5914 supersum-arm
2838 5853 3261 5906 Christianorum
3311 5854 3516 5905 auxerit
3557 5867 3689 5905 cura

2118 5923 2450 5990 peregrinari:
2462 5939 2505 5972 ιη
2517 5961 2528 5973 .
