4452 6598
852 437 876 484 1
885 426 991 484 263

2309 418 2656 478 SOZOMENI

3971 421 4120 482 1268

845 539 1154 595 ministerio
1183 552 1433 603 remove,
1462 539 1508 593 si
1541 551 1646 592 una
1675 551 1799 591 cum
1831 535 2099 592 uxoribus
2146 545 2201 592 et
2231 535 2424 592 liberis
2453 545 2499 600 Α
2528 534 2603 604 es.

2355 537 2424 592 ris
2453 545 2499 600 Α
2528 531 2873 604 θεραπόντων
2900 536 3010 598 τοῖς
3033 535 3192 598 θεοῖς.
3223 535 3360 590 ἁλλά
3386 535 3666 606 ἀνέχοιντο
3702 536 3813 590 τῶν
3859 540 4113 603 οἰκετῶν.

847 647 909 682 ac
953 631 1177 685 famulis
1205 630 1272 684 ad
1305 631 1437 685 deos
1469 644 1579 684 non
1616 629 1918 684 accedant:
1949 627 2044 684 sed
2075 635 2170 682 aut
2199 644 2421 695 servos,

846 727 939 774 aut
974 720 1118 775 ﬁlios
1138 760 1153 782 .
1187 728 1280 774 aut
1299 720 1565 790 conjuges
1587 718 1842 774 Galilmas
1872 718 2220 785 sustineant,
2244 719 2338 789 qui
2372 729 2426 773 et

845 812 997 882 impii
1034 812 1144 866 sint
1201 827 1330 881 erga
1367 811 1501 865 deos
1549 820 1604 866 et
1631 812 1973 880 impietatem
2003 811 2251 880 religioni
2282 827 2424 882 prac-

844 912 1074 973 ponant.
1107 903 1315 958 Deinde
1353 903 1603 974 singulos
1644 902 1899 957 ﬂamines
1939 905 2197 968 hortare,
2231 910 2293 958 ut
2323 918 2423 958 nec

835 995 915 1049 ad
969 998 1244 1050 theatrum
1292 996 1595 1059 accedant,
1642 1011 1748 1051 nec
1801 998 1856 1052 in
1903 998 2153 1054 tabernis
2196 996 2420 1060 bibant,

843 1086 1007 1157 204
1041 1101 1143 1142 nec
1181 1095 1354 1142 artem
1410 1087 1619 1151 ullam,
1676 1097 1772 1142 aut
1817 1091 2098 1160 opiﬁcium
2149 1099 2311 1159 turpe
2357 1103 2422 1142 ac

842 1178 1169 1246 probrosum
1217 1188 1534 1234 exerceant.
1578 1181 1645 1234 Et
1678 1197 1775 1238 eos
1815 1183 2039 1253 quidem
2085 1183 2177 1253 qui
2207 1181 2420 1237 obtem-

843 1274 1187 1342 peraverint,
1225 1274 1439 1330 honore
1473 1273 1627 1331 aﬂice
1658 1296 1671 1331 :
1717 1288 2074 1333 contumaces
2098 1293 2232 1332 vero
2257 1287 2420 1345 atque

841 1364 1230 1434 immorigeros
1251 1365 1486 1435 expelle.
1514 1365 1722 1422 Crebra
1750 1369 1805 1422 in
1832 1368 2071 1438 singulis
2098 1367 2419 1423 Civitatibus

837 1454 1181 1510 xenodochia
1228 1456 1508 1512 constitue
1531 1497 1547 1521 ,
1574 1468 1634 1511 ut
1661 1458 1940 1528 peregrini
1974 1473 2084 1511 non
2111 1473 2177 1512 ex
2211 1459 2418 1512 nostris

836 1545 1052 1611 solum,
1090 1544 1186 1598 sed
1227 1560 1293 1599 ex
1330 1545 1457 1600 aliis
1495 1546 1699 1611 etiam,
1734 1547 1782 1602 si
1835 1547 2071 1617 pecunia
2108 1547 2248 1601 forte
2278 1561 2417 1616 Opus

838 1633 1164 1698 habuerint,
1200 1635 1545 1690 humanitate
1577 1645 1776 1692 nostra
1809 1637 2200 1708 perfruantur.
2236 1637 2416 1693 Porro

838 1725 983 1777 unde
1027 1736 1282 1795 sumptus
1313 1727 1410 1780 tibi
1447 1736 1779 1797 suppetant,
1810 1743 1841 1782 a
1870 1745 1958 1784 me
1981 1728 2097 1799 jam
2131 1729 2413 1798 provisum

834 1823 942 1872 eat.
977 1814 1111 1870 Nam
1151 1818 1452 1886 quotannis
1488 1820 1715 1888 triginta
1757 1819 1929 1874 millia
1968 1819 2279 1874 modiorum
2315 1820 2415 1873 tri-

2528 625 2562 696 ἢ
2597 623 2778 690 υἱέων,
2808 625 2842 696 ἦ
2873 623 2981 677 τῶν
3005 624 3307 679 Γαλιλαίων
3328 626 3606 696 γαμετῶν,
3635 627 3977 682 ἀσεϐούντων
4005 631 4118 700 μὲν

2526 716 2607 778 εἰς
2629 715 2756 778 τοὺς
2777 713 2952 777 θεοὺς,
2975 715 3241 786 ἀθεότητα
3264 715 3320 768 δὲ
3359 715 3668 781 θεοσεδείας
3693 719 4110 791 προτιμώντων,

2530 805 2759 858 Ἔπειτα
2807 805 3136 876 παραίνεσον
3189 807 3359 878 ἱερέα,
3406 810 3542 880 μήτε
3585 807 3795 881 θεάτρῳ
3823 809 4117 881 παραϐάλ-

2524 897 2667 963 λειν,
2700 899 2835 968 μήτε
2870 898 2928 951 ἑν
2959 897 3242 970 καπηλείῳ
3272 900 3486 964 πίνειν,
3540 900 3575 971 ἢ
3611 905 3805 970 τέχνης
3838 903 3983 965 τινὸς
4015 902 4117 954 καὶ

2525 991 2788 1061 ἐργασίας
2813 991 3046 1061 αἰσχρᾶς
3073 991 3168 1044 καὶ
3195 993 3560 1046 ἐπονειδίστου
3594 993 3953 1064 προΐστασθαι
3970 1011 3982 1022 ·
4012 994 4114 1046 καὶ

2521 1085 2648 1147 τοὺς
2679 1084 2778 1156 μὲν
2798 1083 3155 1154 πειθομένους
3190 1084 3334 1155 τίμα
3356 1124 3372 1150 ,
3407 1085 3535 1149 τοὺς
3557 1084 3613 1138 δὲ
3637 1083 3993 1148 ἀπειθοῦντας
4020 1082 4114 1149 ἑξε-

2521 1176 2674 1230 ώθει.
2733 1174 3047 1247 Ξενοδοχεῖα
3093 1175 3213 1230 καθ’
3264 1177 3504 1249 ἑκάστην
3556 1176 3708 1230 πόλιν
3763 1179 4111 1244 κατάστησον

2522 1268 2722 1323 πυκνὰ.
2751 1269 2818 1323 ἵν’
2850 1269 3232 1323 ἀπολαύσωσιν
3255 1269 3306 1322 οἱ
3341 1267 3481 1334 ξένοι
3515 1268 3615 1340 τῆς
3639 1271 3770 1337 παρ’
3796 1269 3955 1340 ἡμῶν
3983 1262 4114 1340 ῳ·

2521 1361 2874 1433 ανθρωπίας,
2898 1361 2960 1414 οὐ
2988 1361 3098 1415 τῶν
3144 1360 3431 1433 ἡμετέρων
3474 1361 3656 1432 μόνον,
3695 1360 3830 1414 ἀλλὰ
3873 1361 3970 1413 καὶ
3994 1361 4112 1413 τῶν

2519 1451 2716 1514 ἄλλων,
2749 1452 2898 1516 ὅστις
2924 1451 2990 1504 ἂν
3018 1450 3183 1523 δεηθῇ
3225 1451 3540 1525 χρημάτων.
3588 1452 3751 1505 Ὅθεν
3783 1451 3840 1504 δὲ
3867 1441 4111 1523 εὐπορήῖ-

2520 1560 2656 1606 σεις.
2695 1544 3036 1614 ἑπινενόηταί
3084 1560 3175 1615 μοι
3209 1544 3368 1607 τέως.
3423 1544 3684 1598 Ἐκάστου
3721 1543 3828 1614 γὰρ
3854 1545 4109 1597 ἐνιαυτοῦ

2516 1634 2876 1706 τρισμυρίους
2920 1634 3136 1704 μοδίους
3165 1635 3309 1688 κατά
3348 1635 3528 1688 πᾶσαν
3561 1634 3660 1704 τὴν
3688 1634 3952 1688 Γαλατίαν
3977 1634 4108 1686 ἐκέ-

2517 1725 2682 1779 λευσα
2704 1725 2922 1798 δοθῆναι
2948 1725 3117 1791 σίτου,
3141 1727 3236 1780 καὶ
3257 1725 3680 1796 ἑξακισμυρίους
3699 1726 3840 1778 οἴνου
3867 1725 4064 1789 ξέστας
4089 1743 4105 1754 ·

2515 1809 2591 1871 ὧν
2616 1817 2678 1871 τὸ
2710 1817 2810 1887 μὲν
2832 1818 3083 1887 πέμπτον
3104 1818 3183 1881 είς
3201 1818 3326 1881 τοὺς
3348 1817 3610 1888 πένητας,
3636 1819 3762 1881 τοὺς
3787 1819 3897 1880 τοῖς
3923 1817 4101 1889 ίερεῦι

837 1907 929 1960 tici
962 1923 1060 1977 per
1087 1909 1404 1963 universam
1433 1906 1706 1963 Galatiam
1743 1910 1863 1964 dari
1912 1909 2056 1980 jussi
2084 1950 2098 1974 ,
2151 1919 2203 1964 et
2256 1925 2414 1964 sexa-
2448 1906 2487 1960 Β
2518 1924 2595 1961 σιν

2356 1926 2414 1963 a-
2448 1906 2487 1960 B
2518 1924 2601 1961 σιν
2630 1907 3127 1978 ὑπηρετουμένους,
3159 1906 3554 1961 ἀναλίσκεσθαί
3588 1924 3731 1977 φημι
3760 1905 3990 1977 χρῆναι·
4030 1906 4109 1960 τὰ

835 1997 984 2065 ginta
1019 1997 1191 2050 millia
1249 1999 1618 2051 sextariorum
1671 1998 1808 2051 vini.
1863 1996 2112 2063 Quorum
2162 1999 2411 2068 quintam

837 2095 1049 2156 partem
1111 2091 1164 2140 in
1214 2103 1490 2158 pauperes
1549 2090 1642 2159 qui
1681 2088 2000 2144 ﬂaminibus
2054 2090 2410 2154 ministrant,

837 2179 1219 2233 insumendum
1267 2194 1390 2234 esse
1435 2194 1682 2244 censeo;
1734 2179 1948 2250 reliqua
1998 2180 2312 2250 peregrinis
2345 2194 2411 2234 ac

835 2271 1280 2326 mendicantibus
1308 2285 1337 2322 a
1365 2271 1527 2326 vobis
1553 2270 1874 2326 dividenda.
1906 2271 2090 2341 Turpe
2118 2271 2263 2325 enim
2298 2270 2409 2325 fue-

834 2363 934 2425 rit,
970 2377 1033 2418 ex
1066 2361 1275 2417 ludatis
1317 2364 1540 2432 quidem
1587 2364 1862 2418 neminem
1907 2363 2223 2418 mendicare
2253 2382 2267 2417 :
2300 2363 2405 2416 im-

839 2456 959 2523 pios
1005 2471 1132 2510 vero
1181 2455 1437 2512 Galilaeos
1486 2469 1688 2525 ιιι-αξιοι·
1725 2471 1858 2512 suos
1887 2472 2194 2528 pauperes,
2245 2459 2410 2511 etiam

832 2556 1054 2601 nostrils
1106 2548 1292 2603 alere:
1350 2557 1576 2605 nostros
1645 2557 1828 2604 autem
1871 2549 2158 2606 mendicos
2223 2557 2410 2604 nostra

832 2653 936 2706 ope.
973 2655 1036 2692 ac
1074 2641 1326 2696 subsidio
1361 2641 1665 2697 destitutos
1702 2642 1899 2698 videri.
1938 2641 2084 2698 Doce
2113 2657 2248 2712 ergo
2283 2657 2413 2713 gen-

829 2730 953 2783 tiles
979 2773 991 2793 ,
1030 2740 1090 2784 ut
1124 2733 1191 2786 ad
1226 2733 1544 2802 hujusmodi
1580 2735 1891 2790 ministeria
1947 2735 2158 2805 aliquid
2219 2734 2408 2790 confe-

831 2830 994 2882 rant.
1040 2831 1094 2878 et
1134 2826 1421 2896 gentilium
1473 2827 1599 2898 pagi
1650 2828 1926 2898 primitias
1967 2829 2250 2884 fructuum
2299 2829 2406 2883 diis

835 2916 1089 2969 oderant.
1141 2917 1206 2971 Et
1253 2918 1472 2976 Graecos
1528 2921 1778 2976 homines
1827 2921 2145 2992 hujusmodi
2184 2920 2399 2975 beneﬁ-

2513 1999 2572 2052 δὲ
2600 1998 2737 2052 ἄλλα
2773 2001 2884 2063 τοῖς
2912 1997 3081 2063 ξένοις
3101 1997 3196 2052 καὶ
3216 2001 3330 2062 τοῖς
3361 1997 3704 2068 μεταιτοῦσιν
3721 1997 4104 2071 ,ἐπινέμεσθαι

2513 2090 2644 2159 παρ’
2673 2087 2852 2156 ὑμῶν.
2882 2085 3117 2158 Αίσχρὸν
3145 2085 3274 2159 γὰρ,
3298 2088 3346 2140 εί
3371 2087 3479 2140 τῶν
3511 2087 3609 2158 μὲν
3629 2087 3894 2142 Ἰουδαίων
3923 2088 4109 2152 οὐδεὶς

2515 2183 2798 2252 μεταιτεῖ,
2847 2181 3105 2254 τρέφουσι
3146 2180 3203 2233 δὲ
3231 2182 3280 2234 oi
3335 2180 3614 2246 δυσσεϐεῖς
3643 2181 3914 2234 Γαλιλαῖοι
3956 2182 4101 2251 πρὶς

2508 2275 2624 2336 τοῖς
2683 2272 2893 2326 ἑαυτῶν
2950 2271 3042 2325 καὶ
3073 2271 3200 2334 τοὺς
3234 2272 3558 2344 ἡμετέρους.
3623 2271 3688 2325 Οἱ
3725 2271 3784 2325 δὲ
3812 2272 4100 2343 ἡμέτεροι,

2507 2367 2606 2436 τῆς
2633 2367 2761 2436 παρ’
2786 2363 2943 2435 ἡμῶν
2965 2364 3281 2434 ἐπικουρίας
3304 2365 3498 2428 ἐνδεεῖς
3531 2364 3832 2434 φαίνονται.
3859 2365 4098 2418 Δίδασκε

2507 2457 2564 2510 δὲ
2597 2457 2693 2510 καὶ
2725 2457 3101 2526 συνεισφέρειν
3133 2458 3258 2520 τοὺς
3305 2457 3652 2530 Ἐλληνιστὰς
3680 2459 3760 2521 είς
3781 2457 3880 2522 τὰς
3908 2457 4099 2510 τοιαύ-

2507 2567 2604 2614 τας
2654 2548 3026 2618 λειτουργίας,
3058 2549 3152 2602 καὶ
3181 2549 3281 2612 τάς
3323 2549 3637 2621 Ἑλληνικὰς
3679 2548 3871 2620 κώμας
3909 2551 4090 2620 ὰπάρο

2509 2641 2702 2714 χεσθαι
2731 2643 2841 2704 τοῖς
2865 2641 3008 2703 θεοῖς
3036 2642 3143 2694 τῶν
3165 2641 3394 2713 καρπῶν
3417 2659 3430 2671 ·
3472 2642 3567 2695 καὶ
3593 2643 3720 2705 τοὺς
3746 2641 4100 2712 Ἑλληνικοὺς

2509 2737 2629 2798 ταῖς
2656 2732 2931 2797 τοιαύταις
2962 2733 3236 2797 εὐποιίαις
3273 2733 3546 2805 προέθιζε,
3595 2734 3860 2788 διδάσκων
3893 2733 4102 2796 αὐτοὺς

2511 2824 2586 2887 ὡς
2610 2823 2768 2877 τοῦτο
2801 2823 2970 2878 πάλαι
3012 2819 3081 2894 ἦν
3116 2825 3388 2896 ἡμέτερον
3432 2823 3614 2894 ἔργον.
3683 2825 3930 2894 Ὅμηρος
3958 2820 4099 2891 γοῦν

2507 2918 2638 2970 αὐτὸ
2667 2917 2966 2987 πεποίηκεν
2992 2915 3234 2986 Εὔμαιον
3264 2916 3510 2985 λέγοντα·

827 3011 1020 3060 rentia:
1059 3009 1436 3073 assuefacito,
1479 3012 1685 3065 docens
1722 3011 1886 3077 illos,
1928 3011 1981 3066 id
2012 3012 2142 3066 olim
2177 3027 2208 3066 a
2244 3010 2404 3066 nobis
2443 3008 2760 3064 institutum
2792 3007 2986 3064 fuisse.
3023 3006 3297 3062 Homerus
3327 3007 3474 3062 enim
3518 3005 3801 3061 Eumzcuni
3868 3006 3950 3062 sic
4017 3006 4098 3058 lo—

824 3112 1082 3170 quentem
1113 3101 1329 3157 inducit
1360 3105 1375 3134 ¹
1409 3122 1421 3156 :

927 3195 1087 3248 Haud
1121 3195 1252 3249 mihi
1281 3196 1363 3265 fas
1387 3235 1401 3262 ,
1433 3197 1508 3251 vel
1540 3201 1585 3252 si
1620 3199 1789 3252 veniat
1821 3209 1868 3252 te
1903 3199 2058 3252 vilior
2092 3199 2298 3267 hospes.

825 3331 1153 3400 Quemquam
1174 3329 1470 3398 despicere:
1494 3347 1528 3383 α
1543 3347 1750 3386 summa
1773 3349 1896 3386 nam
1915 3345 2037 3388 sunt
2056 3333 2185 3389 Jove
2202 3337 2398 3397 cuncti,

825 3402 931 3466 Qui
947 3417 1158 3471 peregre
1173 3404 1478 3465 adveniunt;
1493 3402 1757 3455 modicum
1774 3413 1950 3457 autem
1965 3408 2400 3547 munus[amicum

2194 3486 2292 3529 est.

2194 3486 2292 3529 est.

822 3558 902 3614 Ne
930 3560 1100 3629 igitur
1134 3559 1259 3615 aliis
1293 3568 1353 3614 ut
1384 3559 1528 3614 bona
1563 3569 1754 3616 nostra
1784 3562 2134 3626 mmulentur,
2169 3566 2396 3634 permit-

824 3660 1039 3716 tentes,
1071 3651 1174 3721 ipsi
1210 3667 1306 3721 per
1337 3651 1648 3706 socordiam
1681 3667 1784 3706 nos
1814 3655 2018 3723 probro
2049 3655 2394 3712 adiciamus:

829 3753 926 3798 aut
961 3744 1147 3816 pmius
1179 3743 1500 3813 religionem
1533 3759 1664 3814 erga
1695 3743 1828 3800 deos
1871 3745 2193 3814 prodamus.
2240 3747 2397 3813 Quod

825 3840 869 3891 si
900 3847 954 3891 te
991 3838 1104 3891 haac
1138 3852 1303 3907 agere
1339 3851 1606 3908 accepero
1630 3877 1646 3903 ,
1678 3837 1972 3893 exsultabo
2001 3840 2222 3910 gaudio.
2254 3839 2398 3895 Prae-

823 3929 970 3986 sides
1001 3929 1150 3984 domi
1186 3944 1314 3984 raro
1344 3919 1559 3984 invise:
1594 3931 1688 3985 sed
1725 3932 1936 3988 litteras
1969 3932 2038 3987 ad
2066 3947 2163 3988 eos
2194 3932 2397 4002 saepius

825 4023 996 4074 mitte.
1027 4020 1141 4076 Illis
1189 4021 1241 4074 iu
1272 4021 1464 4075 urbem
1501 4023 1943 4092 ingredientibus
1972 4025 2159 4079 nullus
2191 4025 2393 4079 ﬂamen

823 4120 1104 4167 occurrat.
1166 4111 1303 4166 Cum
1355 4123 1538 4167 autem
1583 4116 1784 4185 templa
1843 4117 2069 4171 deorum
2117 4117 2393 4184 adierint,

824 4206 967 4259 intra
991 4204 1326 4260 vestibulum
1353 4203 1621 4258 duntaxat
1647 4215 1906 4262 occurrat
1933 4207 2150 4264 ﬂamen.
2180 4206 2392 4264 Intran-

822 4307 903 4351 Ies
933 4313 1062 4351 vero
1093 4298 1217 4352 illos
1260 4296 1448 4353 nullus
1492 4302 1864 4368 apparitorum
1911 4302 2185 4372 praecedat
2231 4319 2245 4357 :
2291 4317 2394 4358 se-

820 4395 1022 4456 quatur
1065 4398 1247 4442 autem
1273 4389 1366 4458 qui
1391 4389 1718 4446 volet.Nam
1763 4394 1930 4447 simul
1975 4401 2140 4466 atque
2179 4395 2392 4466 ingres-

825 4496 922 4534 sus
953 4486 1037 4533 est
1065 4479 1231 4532 limen
1258 4478 1468 4534 delubri
1493 4521 1508 4545 ,
1539 4485 1785 4550 privatus
1811 4483 2065 4541 ellicitur.
2093 4484 2175 4540 Tu
2205 4487 2350 4544 enim
2371 4528 2387 4552 ,

823 4581 882 4626 ut
915 4571 1086 4640 probe
1113 4571 1299 4636 nosti,
1339 4571 1482 4625 intra
1510 4577 1774 4644 templum
1810 4578 2101 4648 imperium
2131 4580 2385 4647 obtines;

820 4663 1263 4734 quandoquidem
1297 4671 1349 4717 et
1383 4663 1568 4720 divina
1622 4667 1706 4721 lex
1741 4667 1890 4723 istud
1945 4670 2208 4739 postulat.
2252 4669 2325 4726 Et
2349 4670 2386 4726 ii

824 4751 1048 4822 quidem
1079 4752 1179 4823 qui
1221 4752 1636 4821 obtemperant,
1667 4771 1854 4813 revera
1886 4759 1960 4830 pii
1993 4771 2122 4815 sunt
2147 4761 2388 4817 cultores

817 4845 1042 4896 deorum
1087 4842 1226 4914 :qui
1267 4859 1398 4898 vero
1440 4843 1645 4900 fastum
1692 4864 1756 4902 ac
1801 4865 2054 4920 pompam
2095 4851 2388 4908 circumfe-

2433 3202 2476 3259 ο
2578 3190 2755 3255 Ξεῒν’,
2788 3189 2860 3242 οὔ
2895 3205 2997 3258 μοι
3035 3187 3201 3259 θέμις
3230 3188 3378 3254 ἐστ’,
3414 3189 3521 3243 οὔτ
3568 3191 3621 3242 ει
3650 3188 3872 3259 κακίων
3903 3188 4098 3243 σέθεν

3788 3256 4007 3330 [ἔλθοι.

2569 3352 2780 3407 Ξεῖνον
2798 3351 3086 3421 ἀτιμῆσαι
3111 3369 3124 3381 ’
3167 3349 3315 3419 πρὸς
3344 3349 3463 3421 γὰρ
3479 3350 3613 3416 Διός
3636 3353 3796 3404 εἰσιν
3819 3350 4090 3416 ἅπαντες

2571 3423 2764 3478 Ξεῖνοί
2783 3439 2866 3487 τε,
2889 3420 3112 3490 πτωχοί
3132 3421 3412 3490 τεχδόσις
3441 3420 3492 3473 δ’
3513 3422 3687 3490 ὀλίγη
3716 3437 3802 3486 τε,
3827 3422 3976 3490 φίλη
3997 3439 4089 3476 τε.

2502 3580 2654 3648 Μηδὲ
2691 3578 2762 3632 τὰ
2795 3579 2925 3650 παρ’
2971 3579 3102 3648 ἡμῖν
3131 3577 3314 3647 ἀγαθὰ
3337 3577 3469 3648 (ιδῃ
3502 3577 3852 3648 παραζηλοῦν
3899 3578 4088 3642 ἄλλοις

2501 3668 2943 3740 συγχωροῦντες,
2999 3668 3156 3721 αὐτοὶ
3203 3669 3271 3737 τῇ
3307 3665 3553 3738 ῥᾳθυμίᾳ
3601 3666 4083 3738 καταισχύνωμεν,

2503 3763 2702 3832 μᾶλλον
2729 3761 2786 3815 δὲ
2825 3759 3263 3831 καταπροώμεθα
3298 3759 3397 3828 τὴν
3427 3759 3507 3822 είς
3542 3759 3670 3822 τοὺς
3697 3756 3855 3823 θεοὺς
3912 3760 4081 3814 εὐλά-

2503 3852 2678 3906 6ειαν.
2706 3851 2769 3904 Et
2797 3850 2971 3905 ταῦτα
3001 3849 3274 3919 πυθοίμην
3301 3848 3412 3917 ἐγώ
3447 3865 3506 3902 σε
3531 3849 3860 3920 πράττοντα,
3880 3851 4085 3922 μεστὸς

2505 3943 2845 4016 εὐφροσύνης
2896 3941 3110 4014 ἔσομαι.
3174 3941 3314 4004 Τοὺς
3365 3940 3639 4012 ἡγεμόνας
3691 3941 3935 4010 ὀλιγάκις
3984 3945 4082 3997 ἐπὶ

2497 4037 2596 4106 τῆς
2627 4035 2802 4099 οίκίας
2845 4036 2984 4107 ὅραο
3043 4032 3113 4086 τὰ
3164 4032 3393 4086 πλεῖστα
3442 4031 3499 4085 δὲ
3545 4032 3728 4094 αὐτοῖς
3774 4033 4076 4088 ἐπίστελλε.

2499 4126 2736 4180 Εὶειοῦσι
2781 4126 2838 4179 δὲ
2873 4127 2952 4189 εἰς
2983 4124 3081 4196 τὴν
3130 4124 3304 4190 πόλιν,
3351 4125 3643 4179 ὑπαντάτω
3677 4125 3864 4197 μηδεὶς
3892 4126 4081 4190 αὐτοῖς

2498 4216 2687 4288 ἱερέων
2710 4232 2724 4246 ο
2773 4216 2887 4270 ἀλλ’
2938 4216 3066 4269 ὅταν
3115 4217 3196 4279 εἰς
3225 4214 3295 4269 τὰ
3343 4215 3463 4286 ίερά
3491 4216 3719 4285 φοιτῶσι
3761 4216 3872 4270 τῶν
3911 4216 4075 4281 θεῶν,

2499 4310 2632 4361 εἴσω
2692 4307 2802 4361 τῶν
2860 4307 3148 4380 προθύρων
3207 4307 3338 4379 (16).
3439 4307 3705 4378 Ἦγείσθω
3757 4308 3816 4363 δὲ
3881 4309 4076 4380 μηδεὶς

2493 4398 2672 4454 αὐτῶν
2711 4399 2842 4451 εῖσω
2879 4397 3214 4470 στρατιώτης
3237 4415 3251 4429 ·
3303 4397 3518 4452 ἑπέσθω
3559 4398 3616 4452 δὲ
3640 4400 3670 4452 ὁ
3705 4397 4030 4469 βουλόμενος
4053 4417 4068 4430 ο

2499 4487 2614 4558 ἅμα
2651 4489 2759 4558 γάρ
2793 4490 2872 4552 είς
2896 4487 2987 4541 τὸν
3015 4487 3165 4542 οὐδὸν
3207 4485 3334 4558 ἦλθε
3363 4487 3458 4540 τοῦ
3485 4488 3767 4559 τεμένους,
3794 4491 3888 4544 καὶ
3914 4490 4074 4560 γέγο-

2496 4595 2584 4630 νεν
2631 4578 2868 4650 ἰδιώτης.
2928 4580 3150 4652 Ἀρχεις
3199 4579 3308 4649 γὰρ
3353 4578 3537 4643 αὐτὸς,
3586 4578 3662 4644 ώς
3707 4575 3897 4649 οἶσθα,
3955 4583 4071 4635 τῶν

2490 4669 2658 4736 ἔνδον,
2689 4671 2812 4724 ἐπεὶ
2854 4671 2950 4725 καὶ
2976 4673 3005 4724 ὁ
3049 4670 3192 4734 θεῖος
3227 4669 3401 4724 ταῦτα
3431 4671 3658 4724 ἀπαιτεῖ
3686 4670 3908 4743 θεσμός.
3956 4673 4072 4727 Καὶ

2488 4761 2538 4814 οἱ
2574 4761 2673 4831 μὲν
2706 4763 3040 4833 πειθόμενοι,
3074 4759 3215 4816 κατὰ
3260 4760 3522 4831 ἀλήθειάν
3543 4761 3654 4815 είσι
3683 4761 3983 4826 θεοσεϐεῖςο
4016 4765 4069 4816 οἰ

2487 4853 2543 4906 δὲ
2571 4854 2916 4925 ἀντεχόμενοι
2947 4853 3040 4908 τοῦ
3075 4853 3269 4922 τύφου,
3304 4853 3588 4919 δοξοκόποι
3629 4855 3737 4908 sint
3783 4855 3876 4908 καὶ
3913 4854 4069 4908 me-

820 4942 984 5000 runt,
1022 4935 1149 4988 vani
1184 4941 1312 4988 sunt
1341 4943 1396 4988 et
1429 4933 1612 4991 inanis
1644 4937 1834 5008 gloria:
1865 4941 2074 5012 cupidi.
2117 4941 2382 5013 Equidem
2484 4945 2578 5012 δοξ‹

2309 4958 2382 4998 em
2484 4945 2624 5012 δοξοι
2651 4958 2666 4974 ⁸
2721 4947 2790 5017 τῇ
2834 4944 3175 5000 Πισσινοῦντι
3205 4943 3418 5016 βοηθεῖν
3445 4945 3662 5017 ἕτοιμός
3708 4947 3844 5016 εἰμι,
3886 4947 3938 4999 εί
3965 4945 4067 5016 τὴν

819 5036 1042 5096 paratus
1066 5041 1189 5082 sum
1215 5027 1514 5082 subvenire
1536 5027 1921 5099 Pessinuntiis,
1939 5035 1984 5089 si
2014 5044 2239 5090 matrem
2265 5034 2386 5090 deo-

821 5136 938 5174 rum
979 5120 1082 5174 sibi
1117 5119 1414 5190 prapitiam
1448 5120 1811 5180 reddiderint.
1844 5127 1942 5182 Sin
1975 5144 2104 5183 vero
2129 5143 2249 5183 eam
2290 5145 2386 5184 ne-

892 5296 1138 5368 ‘0dyss.
1172 5299 1233 5362 Ξ,
1272 5316 1325 5365 ν,
1361 5301 1412 5353 1.

2498 5037 2711 5110 μητέρα
2770 5037 2880 5092 τῶν
2937 5037 3076 5092 θεῶν
3135 5037 3263 5090 ἵλεω
3329 5039 3759 5109 καταστήσουσιν
3827 5040 4064 5104 ἑαυτοῖς.

2505 5129 2855 5202 Ἀμελοῦντες
2900 5129 2957 5184 δὲ
2999 5130 3188 5202 αὐτῆς,
3232 5127 3335 5182 ούκ
3377 5129 3658 5201 ἄμεμπτοι
3696 5129 3876 5200 μόνον,
3926 5128 4068 5183 ἀλλὰ

2012 5456 2285 5513 VALESII
2323 5460 2870 5524 ANNOTATIOVES.

884 5568 992 5639 (liii
1027 5564 1193 5639 Μηδὲ
1222 5566 1456 5639 τὰᾉπαβ
1495 5569 1638 5638 ἡμῖν
1665 5570 1873 5639 ἀγαθά.
1904 5571 2080 5625 Malim
2139 5573 2382 5630 scribere

815 5639 887 5704 μὴ
920 5638 983 5708 δὴ
1011 5638 1100 5701 τά,
1139 5647 1243 5691 ctc.
1278 5637 1368 5691 liae
1398 5637 1674 5708 particulae
1704 5637 1898 5695 crebro
1932 5643 2074 5696 inter
2132 5658 2192 5698 se
2246 5658 2379 5698 con-

810 5707 1139 5771 l'unduntnr,
1183 5719 1238 5761 ιιι
1268 5707 1442 5778 supra
1467 5712 1668 5765 notavi.

883 5778 994 5843 (lii)
1034 5779 1194 5830 Εἷσω
1215 5777 1333 5830 τῶν
1352 5777 1696 5846 ίπροθύρων.
1723 5780 1883 5835 Hunc
1906 5783 2085 5837 locum
2119 5784 2190 5839 ita
2210 5786 2375 5839 vertit

813 5844 1147 5917 Epiphanius
1177 5844 1583 5907 Scliolasticus:
1617 5851 1748 5906 Cum
1803 5853 1869 5905 od
1919 5853 2106 5910 tantula
2143 5857 2371 5910 rencrint

2487 5581 2728 5657 deorum,
2773 5585 2918 5639 intra
2964 5588 3162 5654 januas
3203 5604 3289 5642 eos
3338 5605 3486 5642 nemo
3531 5588 3791 5657 pra'cedat
3825 5589 4061 5644 militum

2487 5652 2624 5719 forte
2651 5665 2741 5706 aut
2761 5652 3165 5730 prwced’entium
3209 5652 3540 5728 ofﬁciorum;
3582 5659 3655 5713 Ex
3715 5659 3916 5730 quibus
3964 5678 4062 5730 ap-

2487 5732 2659 5806 paret,
2691 5741 2815 5806 eum
2849 5729 3004 5781 aliter
3059 5730 3206 5806 hunc
3256 5732 3437 5784 locqu
3463 5731 3806 5786 distinxisse.
3847 5729 3905 5785 In
3947 5729 4062 5802 quo

2486 5805 2664 5851 tamen
2688 5801 2736 5852 ei
2764 5812 2872 5852 non
2897 5801 3190 5855 assentior.
