4452 6598
442 496 582 553 1965

1434 477 1765 537 HISTORIA
1801 467 2463 532 ECCLESIASTICA.‘—-
2506 468 2631 521 LIB.
2673 466 2735 520 Υ.

3566 462 3696 518 5266

442 610 638 680 πικρὸν
680 608 853 661 εἰπεῖν
897 605 970 677 μὴ
1011 586 1106 659 καὶ
1145 604 1245 671 τῆς
1291 604 1421 673 παρ’
1461 600 1617 672 ήμῶν
1665 595 2012 654 ἀπολαύσωσι
2045 602 2086 656 Α
2115 593 2200 663 gle

1929 612 2012 648 υσι
2045 602 2086 656 Α
2115 589 2387 663 glexeriut
2411 627 2427 651 ,
2453 601 2564 640 non
2594 583 2757 638 modo
2786 581 3219 651 reprehensione
3252 596 3360 635 non
3387 582 3687 645 carebunt,

441 698 761 770 δυσμενείας
778 698 797 767 (
805 696 825 749 l
838 695 911 766 7).

520 870 605 922 Οὺ
630 866 741 938 γάρ
761 884 864 937 μοι
897 866 1057 935 θέμις
1084 866 1213 919 ἐστὶ
1242 864 1567 935 κομιζέμεν,
1588 863 1627 933 ἣ
1654 863 1947 932 ἐλεαίρων

516 997 784 1065 ’Ἂν-δρας,
802 998 860 1050 οἳ
870 997 967 1050 καὶ
993 995 1220 1051 θεοῖσιν
1235 994 1593 1064 ἀπέχθωνται
1608 994 2013 1048 ἀθανάτοισιν.

448 1088 603 1143 Πεῖθε
636 1088 813 1141 τοίνυν
862 1088 1095 1151 αὐτοὺς,
1141 1088 1190 1139 εἰ
1228 1086 1327 1156 τῆς
1362 1086 1492 1158 παρ’
1530 1086 1663 1156 ὲμοῦ
1692 1086 2017 1157 κηδεμονίας

446 1180 780 1251 ἀντέχονται,
808 1179 1081 1251 πανδημεὶ
1112 1180 1211 1249 τῆς
1261 1180 1465 1249 μητρὸς
1501 1178 1611 1230 τῶν
1654 1178 1792 1232 θεῶν
1832 1177 2016 1241 ἱκέτας

446 1274 723 1341 γενέσθαι.

1049 1362 1297 1414 ΚΕΦΑΛ.
1338 1363 1433 1415 lZ'.

447 1454 576 1507 Ὅτι
622 1454 722 1506 ἵνα
756 1451 841 1520 μὴ
870 1450 1225 1519 τυραννικὸς
1264 1450 1433 1518 δόξῃ,
1469 1450 1836 1518 τεχνηέντως
1874 1470 2013 1519 μετ-

515 1522 731 1591 ήρχετο
768 1521 909 1585 τοὺς
935 1523 1328 1591 Χριστιανούς
1360 1537 1372 1549 ·
1426 1521 1525 1572 καὶ
1564 1522 1696 1588 περὶ
1738 1520 1850 1587 τῆς
1876 1528 2013 1574 καθ-

514 1590 796 1660 αιρέσεως
817 1592 918 1645 τοῦ
940 1590 1263 1657 σταυρικοῦ
1293 1591 1545 1657 σημείου
1571 1606 1584 1619 ·
1607 1591 1704 1642 καὶ
1724 1592 1802 1656 ὡς
1835 1591 2012 1645 θῦσαι

516 1664 581 1715 τύ
613 1661 1034 1730 στρατιωτικὸν
1061 1662 1363 1724 ἀκουσίως
1400 1660 1712 1726 πεποίηκε.

527 1753 585 1804 'U
616 1753 715 1820 μὲν
746 1751 999 1819 βασιλεὺς
1021 1750 1197 1802 τοιάδε
1226 1749 1394 1801 ποιῶν
1421 1750 1514 1803 καὶ
1552 1750 1803 1820 γράφων,
1835 1752 2019 1820 ἡγεῖτο

448 1844 643 1915 ῥᾳδίως
664 1844 789 1905 τοὺς
821 1842 1156 1912 ἀρχομένους
1188 1842 1411 1905 ἑκόντας
1448 1843 1771 1913 μεταθήσειν
1804 1842 1894 1895 τοῦ
1930 1842 2015 1894 δό-

2116 682 2233 746 sed,
2265 678 2412 751 quod
2459 678 2610 733 dictu
2652 674 2785 729 mihi
2810 674 3070 729 acerbum
3094 680 3215 737 est,
3259 672 3692 744 indignationem

2115 786 2335 845 quoque
2362 778 2613 825 nostram
2645 766 3024 836 experientur.

2115 861 2276 931 205
2306 859 2548 930 Namque
2571 857 2697 911 mihi
2727 856 2870 910 haud
2910 857 2993 925 fas
3019 864 3098 911 est
3128 854 3379 909 miserari
3405 853 3499 931 hos
3533 862 3690 924 atque

3452 940 3598 977 avere

2117 1001 2222 1065 Qui
2252 1001 2356 1054 sint
2382 998 2577 1066 infensi
2615 997 2717 1051 diis
2749 996 3139 1050 immortalibus
3170 995 3363 1049 hostes.
3426 923 3456 992 ί
3604 962 3619 986 ’

2117 1092 2389 1147 Persuade
2414 1091 2579 1162 igitur
2613 1089 2743 1151 illis,
2778 1096 2834 1143 ut
2866 1090 2911 1145 si
2942 1103 3131 1143 curam
3174 1087 3259 1141 sui
3293 1101 3322 1139 a
3356 1099 3443 1138 me
3485 1080 3687 1152 suscipi

2116 1190 2323 1250 volunt,
2358 1186 2597 1240 universi
2634 1186 2792 1238 matri
2838 1185 3071 1239 deorum
3104 1182 3378 1251 supplices
3414 1178 3546 1233 sint.

2732 1360 2886 1415 CAP.
2923 1358 3086 1412 XVII.

2119 1457 2395 1522 Quomodo
2449 1457 2723 1521 Julianus,
2780 1470 2843 1508 ne
2909 1462 3163 1520 tyrannus
3218 1463 3329 1500 esse
3381 1447 3684 1522 videretur,

2191 1526 2522 1581 Christianos
2553 1516 2733 1580 dolose
2770 1516 3069 1590 persecutus
3095 1528 3207 1581 est,
3241 1528 3301 1590 et,
3328 1518 3514 1590 _crucis_
3536 1516 3689 1590 refril-

2192 1599 2299 1649 tum
2336 1598 2580 1665 deposuit
2614 1614 2633 1651 :
2668 1586 2863 1650 milites
2907 1591 3127 1659 denique
3159 1588 3467 1656 sacriﬁcare
3500 1586 3685 1638 incitos

2189 1668 2374 1721 coeait.

2189 1683 2277 1719 €08
2315 1683 2374 1721 ιι.

2188 1751 2255 1804 Ει
2279 1683 2577 1822 imperator
2614 1751 2833 1822 quidem
2864 1761 2989 1802 cum
3024 1745 3131 1802 ista
3155 1751 3210 1799 et
3242 1743 3445 1797 iaceret
3473 1753 3525 1796 et
3551 1740 3689 1795 scri-

2119 1844 2289 1907 beret,
2318 1844 2565 1899 subditos
2595 1859 2723 1898 suos
2751 1842 2906 1896 facile
2936 1855 3001 1894 ac
3022 1837 3229 1893 lubenti
3256 1837 3439 1890 animo
3470 1851 3498 1887 a
3526 1836 3685 1887 Chri-

446 1951 676 2003 γματος.
739 1932 849 1985 Καὶ
884 1933 1062 1985 πάντα
1093 1931 1408 1996 σπουδάζων
1434 1932 1527 1986 ἐπὶ
1568 1933 1885 2004 καθαιρέσει
1917 1934 2016 2002 τῆς
2050 1947 2089 2001 Β
2120 1936 2204 1990 sti;

1930 1934 2016 2002 τῆς
2050 1947 2089 2001 Β
2120 1936 2298 1990 stiana
2338 1936 2441 1991 ﬁde
2481 1936 2857 1991 traducturum
2892 1947 2951 1988 se
2980 1947 3102 1987 esse
3127 1927 3491 1985 existimabat.
3524 1927 3688 1981 Cum-

446 2027 555 2079 τῶν
583 2025 923 2094 Χριστιανῶν
967 2025 1284 2096 θρησκείας,
1332 2025 1456 2077 οὔτε
1503 2026 1707 2077 πείθειν
1741 2026 2017 2088 παντελῶς

446 2112 555 2181 οἷός
579 2134 633 2169 τε
660 2112 746 2186 ἦν,
783 2117 1095 2187 περιφανῶς
1124 2134 1184 2170 τε
1210 2118 1487 2187 βιάζεσοαι
1510 2118 1794 2189 ᾐσχύνετο,
1825 2118 1899 2189 μὴ
1925 2135 2019 2170 τυ-

450 2207 697 2281 ραννικὸς
718 2203 855 2261 εῖναι
876 2208 1022 2280 δόξῃ.
1043 2208 1117 2260 Ού
1144 2208 1249 2278 μὴν
1264 2209 1548 2279 καθυφῆκε
1564 2209 1664 2278 τῆς
1688 2208 2015 2280 προθυμίας,

447 2298 583 2350 ἀλλὰ
634 2298 809 2350 πάντα
850 2299 1180 2368 ἐμηχανᾶτο,
1225 2299 1361 2370 πρὸς
1404 2299 1755 2368 Ἐλληνισμὸν
1794 2298 1854 2350 τὸ
1912 2298 2018 2350 ὑπ·-

448 2390 626 2459 ήκοον,
661 2388 859 2458 μᾶλλον
878 2390 933 2442 δὲ
954 2391 1015 2442 τὸ
1043 2391 1454 2461 στρατιωτικὸν,
1488 2390 1551 2444 τὸ
1580 2392 1679 2463 μὲν
1707 2391 1773 2444 δι’
1798 2390 2013 2457 ἑαυτοῦ,

446 2483 508 2535 τὸ
550 2483 605 2535 δὲ
646 2482 731 2535 διὰ
762 2483 869 2535 τῶν
901 2484 1175 2553 ἀρχόντων
1212 2484 1569 2555 ἐπαγόμενος.
1639 2486 1905 2557 Ἀτεχνῶς
1959 2487 2015 2540 δὲ

446 2572 531 2625 διὰ
604 2574 819 2625 πάντων
870 2571 1202 2643 Ἐλληνίζειν
1257 2574 1625 2643 προσεθίζων,
1703 2578 2016 2645 μεταποιεῖν

447 2661 680 2727 ἔγνωκεν
712 2664 793 2725 εἰς
835 2662 895 2715 τὸ
932 2664 1194 2734 πρότερον
1238 2665 1441 2734 σχῆμα,
1475 2665 1538 2717 τὸ
1576 2668 1874 2735 κορυφαῖον
1906 2666 2014 2719 τῶν

459 2751 780 2820 Ῥωμαϊκῶν
832 2752 1208 2824 συνθημάτων,
1243 2755 1379 2824 ὅπερ
1420 2755 1824 2820 Κωνσταντῖνος
1871 2757 2014 2809 κατὰ

447 2847 588 2901 θεῖον
623 2850 971 2919 πρόσταγμα,
1025 2850 1099 2914 ὼς
1128 2852 1187 2902 ὲν
1225 2852 1337 2911 τοῖς
1370 2848 1606 2920 πρόσθεν
1656 2848 1892 2918 εἴρηται,
1933 2848 2015 2910 είς

448 2939 681 3010 σταυροῦ
721 2938 988 3010 σύμϐολον
1024 2939 1425 3008 μετετύπωσεν.
1493 2941 1580 2993 Ἐν
1611 2939 1667 2992 δὲ
1694 2942 1813 3003 ταῖς
1846 2939 2013 3009 δημο-

448 3030 590 3093 σὶαις
618 3032 821 3084 είκόσιν
860 3033 1115 3101 ἐπιμελὲς
1156 3034 1391 3085 ἐποιεῖτο
1420 3035 1805 3104 παραγράφειν
1839 3033 2010 3104 αύτῷ,

447 3124 545 3175 Δία
574 3122 672 3191 μὲν
724 3119 812 3175 οἷά
846 3140 908 3190 γε
942 3126 1007 3177 ὲκ
1044 3124 1139 3177 τοῦ
1164 3124 1393 3195 ούρανοῦ
1428 3126 1879 3196 προφαινόμενον,
1920 3126 2014 3180 καὶ

448 3214 707 3282 στέφανον
749 3215 845 3268 καὶ
887 3216 1176 3287 ἁλουργίδα
1219 3216 1288 3268 τά
1326 3216 1572 3286 σύμϐολα
1608 3218 1704 3287 τῆς
1735 3216 2012 3287 βασιλείας

446 3307 784 3377 παρέχοντα·
835 3308 1004 3379 ’Δρεα
1033 3309 1087 3360 δὲ
1120 3308 1214 3361 καὶ⁵
1241 3308 1330 3361 τὸν
1363 3308 1572 3379 Ἑρμῆν
1598 3310 1679 3372 εἰς
1700 3310 1862 3363 αὐτὸν
1893 3310 2011 3379 βλέ-

447 3414 663 3461 ποντας,
698 3400 792 3452 καὶ
824 3399 1075 3469 καθάπερ
1104 3399 1180 3469 τῷ
1208 3399 1468 3471 ὀφθαλμῷ
1512 3401 2014 3473 ὲπιμαρτυροῦντας

445 3491 522 3554 ὼς
552 3490 751 3558 ἀγαθὸς
784 3492 868 3561 εἴη
896 3492 1022 3562 περὶ
1041 3492 1230 3559 λόγους
1256 3492 1351 3544 καὶ
1374 3493 1685 3563 πολεμικός.
1732 3494 2013 3546 Ἐκέλευσε

444 3580 503 3635 δὲ
538 3581 727 3643 ταῦτα,
762 3582 856 3633 καὶ
883 3583 982 3634 ὃσα
1019 3581 1155 3635 ἄλλα
1184 3582 1321 3651 πρὸς
1360 3582 1668 3653 Ἑλληνικὸν
1691 3586 1793 3655 ὁρᾷ
1827 3584 2012 3650 σέϐας,

446 3674 891 3745 παραμίγνυσθαι
941 3677 1059 3738 ταῖς
1112 3675 1349 3728 εἰκόσιν·
1409 3674 1552 3728 ὥστε
1596 3677 1866 3747 προφάσει
1915 3678 2014 3749 τῆς

447 3768 527 3829 είς
557 3766 777 3836 βασιλέα
811 3765 1205 3836 νενομισμένης
1230 3766 1415 3835 τιμῆς,
1448 3767 1747 3837 λεληθότως
1777 3786 2014 3838 προσκυ-

446 3862 556 3911 νεῖν
610 3859 724 3921 τοῖς
771 3857 1270 3927 συγγεγραμμένοις
1293 3874 1306 3885 ο
1342 3857 1734 3928 ἀποχρώμενός
1789 3877 1847 3913 τε
1901 3862 2012 3923 τοῖς

445 3949 692 4019 ἀρχαίοις
737 3947 905 4011 ἔθεσι,
939 3949 1085 4017 πάσῃ
1118 3946 1365 4018 περινοίᾳ
1416 3947 1715 4012 ἐσπούδαζε
1760 3948 2012 4002 κλέπτειν

443 4040 552 4091 τῶν
585 4039 839 4110 ὑπηκόων
882 4038 982 4107 τὴν
1033 4040 1373 4109 προαίρεσιν.
1407 4039 1633 4093 Ἐνενόει
1679 4042 1789 4110 γὰρ
1838 4040 1912 4104 ὡς
1960 4042 2012 4094 εί

446 4131 700 4195 πείσειεν,
738 4130 1098 4201 ἑτοιμότερον,
1143 4130 1210 4183 ἂν
1247 4130 1398 4201 θέλῃ,
1422 4129 1483 4184 τὸ
1519 4131 1702 4185 λοιπὸν
1729 4133 2009 4204 ἐπιχειρή-

447 4238 588 4273 σειεν
611 4236 626 4250 ·
688 4223 736 4275 εἰ
769 4221 826 4274 δὲ
870 4220 1226 4284 ἀπειθοῦντας
1277 4221 1449 4289 εὖροι,
1488 4222 1815 4294 συγγνώμης
1854 4224 2010 4287 ὲκτδς

445 4313 730 4376 κολάσειν,
765 4311 841 4376 ὡς
886 4313 1015 4383 περὶ
1053 4311 1122 4364 τὰ
1178 4311 1274 4382 ἐθη
1327 4312 1615 4382 Ῥωμαίων
1666 4314 2009 4384 νεωτερίζον-

442 4421 545 4467 τας
574 4404 704 4473 (18),
735 4405 827 4458 καὶ
850 4407 928 4468 είς
953 4404 1227 4458 πολιτείαν
1247 4404 1355 4476 (19)
1383 4405 1477 4458 καὶ
1506 4404 1730 4474 βασιλέα
1770 4405 2009 4478 ἐξαμαρ-

442 4495 721 4557 τάνοντας.
760 4494 957 4564 Ὀλίγοι
989 4496 1087 4566 μὲν
1111 4492 1225 4563 οὖν,
1255 4497 1303 4549 οἳ
1337 4496 1432 4549 καὶ
1463 4496 1617 4568 δίκην
1646 4498 2006 4569 είσεπράχθηο

444 4606 564 4655 σαν,
596 4589 830 4659 συνῆκαν
861 4588 952 4640 τὸν
988 4588 1165 4657 λόγον,
1198 4590 1291 4643 καὶ¹
1324 4588 1398 4652 ὡς
1439 4588 1559 4653 ἔθος
1579 4585 1682 4679 ῌῆν,
1736 4592 1836 4643 οὐκ
1864 4593 2005 4661 ὴνεί-
2036 4626 2079 4679 D

440 4696 595 4750 χοντο
651 4681 973 4749 προσκυνεῖν
995 4696 1009 4711 ο
1056 4678 1117 4731 τὸ
1176 4678 1233 4731 δὲ
1279 4678 1500 4749 πλῆθος,
1549 4673 1635 4732 οἷα
1694 4679 1855 4748 φιλεῖ,
1912 4682 2003 4735 ὑπ’

439 4769 662 4837 ἀγνοίας
704 4769 737 4838 ἢ
768 4768 992 4841 γνώμης
1021 4769 1372 4840 ἀπεριέργου,
1403 4770 1552 4841 νόμῳ
1577 4770 1761 4834 ἁπλῶς
1791 4772 2004 4843 παλαιῷ

440 4860 666 4928 ἡγοῦντο
686 4860 986 4925 πείθεσθαι,
1011 4860 1105 4913 καὶ
1127 4860 1489 4932 ἁπλούστερον
1512 4865 1631 4926 ταῖς
1647 4864 1818 4916 εἰκόσι
1838 4881 2002 4935 προσ-

439 4950 626 5021 ῄεσαν.
684 4951 904 5003 Βασιλεῖ
933 4950 989 5004 δὲ
1034 4951 1195 5005 πλέον
1238 4952 1391 5005 οὐδὲν
1413 4951 1625 5022 ἠνύετο,
1674 4953 1770 5005 καὶ
1796 4954 2001 5027 ταύτης

436 5043 537 5113 τῆς
564 5042 755 5113 τέχνης
788 5042 901 5113 (20)
927 5044 1007 5106 είς
1036 5044 1230 5113 πεῖραν
1257 5042 1641 5115 προελθούσης.
1672 5045 1746 5097 Ού
1781 5044 1886 5114 μὴν
1911 5048 1999 5098 ὲν-

2120 2044 2225 2096 que
2253 2028 2436 2081 omnia
2468 2029 2750 2082 moliretur
2774 2026 2842 2079 ad
2876 2022 3221 2079 evertendam
3242 2018 3681 2074 Christianorum

2118 2120 2457 2188 religionem,
2491 2119 2819 2188 persuadere
2846 2116 3064 2186 quidem
3110 2113 3421 2167 nullatenus
3461 2111 3671 2162 valuit:

2117 2210 2293 2277 palam
2330 2218 2507 2262 autem
2536 2208 2643 2261 vim
2683 2207 2880 2263 inferre
2908 2204 3286 2263 erubescebat,
3320 2217 3385 2255 ne
3410 2210 3678 2270 tyrannus

2115 2315 2237 2355 esse
2266 2300 2559 2355 videretur.
2580 2298 2689 2353 Nec
2725 2308 2905 2353 tamen
2940 2296 3006 2350 de
3043 2293 3228 2349 studio
3256 2309 3356 2346 suo
3385 2292 3683 2362 quidquam

2116 2390 2327 2443 remisit
2359 2408 2372 2443 :
2410 2388 2507 2444 sed
2549 2388 2733 2442 omnia
2768 2384 3121 2457 excogitavit,
3164 2383 3362 2453 quibus
3406 2380 3678 2442 subditos,

2116 2494 2182 2534 ac
2213 2482 2483 2550 praecipue
2512 2480 2733 2546 milites,
2773 2478 2839 2533 ad
2862 2476 3143 2548 gentilium
3177 2475 3515 2545 religionem,
3549 2487 3681 2542 par-

2114 2569 2211 2622 tim
2243 2585 2340 2638 per
2369 2585 2449 2631 se,
2480 2568 2677 2639 partim
2718 2584 2814 2639 per
2850 2566 3110 2638 praesides
3151 2566 3413 2619 alliceret.
3446 2563 3685 2633 Denique

2118 2669 2179 2714 ut
2212 2661 2468 2715 omnibus
2494 2660 2671 2715 modis
2720 2676 2815 2715 eos
2843 2659 3127 2730 gentilium
3174 2655 3547 2727 superstitioni
3591 2669 3683 2709 as-

2115 2753 2438 2817 suefaceret,
2495 2752 2551 2806 in
2581 2752 2872 2823 pristinam
2930 2750 3159 2805 formam
3198 2758 3537 2804 commutare
3588 2747 3685 2801 de-

2117 2845 2287 2897 crevit
2337 2845 2551 2914 signum
2589 2844 2721 2898 illud
2754 2843 3157 2899 nobilissimum
3202 2843 3540 2897 exercituum
3582 2841 3688 2895 Ro-

2117 2951 2426 3003 manorum,
2460 2937 2608 3007 quod
2638 2937 3053 2997 Constantinus,
3091 2935 3197 2989 Deo
3227 2935 3471 3005 jubente,
3506 2943 3564 2987 ut
3592 2949 3683 2986 su-

2117 3030 2304 3099 perius
2357 3030 2667 3096 retulimus,
2718 3030 2773 3084 in
2810 3030 2989 3084 crucis
3030 3030 3257 3082 formam
3301 3038 3663 3085 converterat.

2111 3122 2168 3176 1η
2192 3121 2422 3189 publicis
2452 3131 2629 3176 autem
2656 3121 3004 3192 imaginibus,
3045 3122 3254 3174 curavit
3290 3128 3348 3173 ut
3384 3122 3538 3189 juxta
3578 3138 3676 3187 ap-

2113 3213 2425 3282 pingerctur
2454 3210 2665 3281 Jupiter
2699 3213 2849 3267 velut
2882 3227 2913 3266 e
2944 3211 3083 3264 emlo
3106 3225 3393 3279 apparens.
3429 3218 3483 3263 et
3513 3224 3674 3262 coro-

2114 3321 2237 3358 nam
2271 3321 2335 3359 ac
2368 3322 2687 3375 purpuram,
2721 3305 2935 3374 imperii
2968 3306 3227 3375 insignia,
3251 3305 3353 3374 ipsi
3388 3305 3636 3374 praebens
3667 3345 3678 3359 .

2114 3410 2209 3453 aut
2263 3399 2408 3454 Mars
2467 3416 2532 3453 ac
2590 3399 2913 3464 Mercurius,
2967 3399 3157 3454 oculos
3186 3400 3241 3451 in
3294 3401 3472 3468 ipsum
3514 3398 3683 3467 conji-

2113 3492 2344 3553 cientes,
2371 3504 2434 3545 ac
2453 3492 2619 3545 veluti
2667 3491 2953 3544 oculorum
2991 3499 3126 3543 nutu
3157 3489 3533 3549 testilicantes,
3558 3502 3680 3541 eum

2113 3581 2380 3637 disertum
2428 3598 2551 3637 esse
2586 3590 2640 3635 et
2692 3580 2770 3636 rei
2818 3582 3073 3635 militaris
3125 3580 3383 3649 peritum.
3450 3576 3578 3631 Haec
3628 3586 3683 3631 et

2114 3674 2381 3743 ejusmodi
2409 3675 2513 3726 alia
2541 3689 2662 3743 quae
2714 3674 2779 3727 ad
2826 3672 3109 3743 gentilium
3147 3673 3353 3725 cultum
3386 3670 3679 3740 pertinent,

2114 3763 2445 3834 imaginibus
2478 3765 2594 3818 suis
2644 3764 2810 3819 inseri
2855 3763 3039 3833 jussit,
3080 3778 3144 3816 eo
3193 3762 3444 3825 consilio,
3473 3769 3532 3814 ut
3575 3762 3679 3814 sub

2112 3858 2342 3911 obtentu
2382 3856 2611 3910 honoris
2650 3856 2741 3925 qui
2794 3854 3110 3924 imperatori
3145 3853 3347 3906 deferri
3378 3854 3537 3915 solet,
3572 3851 3681 3907 Ιίυο

2112 3948 2258 4003 mani
2285 3964 2379 4004 eos
2418 3951 2581 4004 etiam
2620 3949 2715 4019 qui
2746 3948 2909 4004 simul
2940 3947 3068 4017 picti
3098 3954 3274 4009 erant,
3307 3947 3678 4016 imprudentes

2111 4040 2436 4107 adorarent;
2478 4041 2822 4109 abutensque
2878 4038 3151 4093 veteribus
3199 4037 3488 4103 institutis,
3526 4040 3677 4097 omni

2110 4130 2381 4186 industria
2427 4131 2726 4196 laborabat,
2780 4138 2841 4184 ut
2887 4129 3229 4185 subditorum
3284 4128 3495 4181 animos
3528 4127 3677 4182 deci-

2110 4231 2280 4292 peret.
2310 4221 2403 4277 Sic
2433 4222 2577 4277 enim
2602 4222 2900 4291 cogitabat,
2937 4221 2983 4275 si
3023 4221 3240 4289 quidem
3274 4236 3338 4275 ea
3371 4223 3677 4290 persuasis-

2109 4325 2213 4380 set,
2266 4314 2474 4383 reliqua
2522 4329 2645 4382 quae
2684 4314 2879 4378 vellet,
2928 4328 2988 4367 se
3037 4312 3296 4380 deinceps
3325 4310 3539 4368 facilius
3588 4328 3675 4379 ag-

2108 4420 2446 4477 gressurum.
2484 4403 2540 4459 Si
2562 4419 2690 4459 vero
2715 4403 2977 4475 refragari
2999 4418 3094 4458 eos
3109 4402 3578 4472 deprehendisset,
3616 4420 3675 4457 se

2111 4498 2316 4567 absque
2346 4496 2453 4550 ulla
2480 4497 2640 4551 venia
2676 4495 2731 4550 in
2766 4495 2887 4550 illos
2928 4492 3462 4558 animadversurum,
3489 4504 3676 4565 utpote

2110 4590 2225 4659 qui,
2266 4596 2459 4643 contra
2520 4603 2704 4643 mores
2741 4595 2903 4657 atque
2963 4586 3214 4640 instituta
3262 4584 3673 4653 Romanorum,

2112 4681 2336 4735 novitati
2363 4678 2667 4745 studerent,
2687 4690 2743 4735 et
2768 4680 2823 4733 in
2846 4679 3234 4749 rempublicam
3257 4678 3421 4747 inque
3441 4679 3673 4748 impera-

2110 4785 2280 4827 torem
2336 4772 2514 4841 ipsum
2569 4777 2880 4840 peccarent.
2928 4768 3006 4823 Ac
3057 4770 3217 4837 pauci
3274 4769 3515 4839 quidem,
3576 4770 3672 4839 qui

2106 4869 2269 4918 etiam
2304 4879 2493 4934 poenas
2526 4862 2815 4925 dederunt,
2849 4861 3140 4916 consilium
3184 4860 3303 4929 ejus
3334 4861 3669 4926 intellexere,

2108 4973 2225 5019 nec,
2268 4963 2328 5010 ut
2356 4956 2525 5010 moris
2565 4963 2703 5018 erat,
2745 4954 2977 5008 adorare
3010 4952 3409 5007 sustinuerunt.
3462 4950 3671 5020 Vulgus

2106 5063 2257 5111 vero,
2312 5055 2370 5099 ut
2410 5046 2567 5110 solet,
2624 5044 2708 5099 vel
2759 5042 3123 5113 ignoratione,
3179 5040 3262 5095 vel
3315 5040 3670 5110 simplicitate

1623 5180 1890 5236 VALESII
1943 5182 2488 5238 ANNOTATIONES.

507 5270 619 5340 (Π)
667 5270 852 5348 Ἀλζὰ
870 5272 1084 5348 πικρὸν·
1110 5272 1414 5348 είλπεῖν
1443 5273 1583 5348 Lego
1600 5279 1793 5348 πικρὸν
1822 5280 1995 5332 εἰπεῖν

438 5357 549 5421 μοι.
583 5341 1035 5421 quemadmodum
1062 5344 1261 5421 legisse
1279 5341 1499 5421 videtur
1523 5341 1823 5421 ﬂosculus.
1851 5349 1995 5421 Lego

434 5411 639 5487 etiam“
660 5410 1047 5487 ἀπολαύσουσι,
1095 5410 1154 5487 ut
1193 5414 1386 5487 legitur
1424 5410 1566 5485 apud
1599 5410 1993 5487 Nicephorum.

436 5478 494 5562 In
524 5480 709 5562 codice
738 5488 915 5562 tamen
942 5478 1766 5562 Fuketi’anotscriptuminveni,
1799 5490 1994 5562 πικρὸν

435 5551 629 5625 εἰπεῖν,
660 5549 793 5625 μηδὲ
823 5550 944 5625 τῆς,
971 5560 1080 5625 etc:
1102 5552 1270 5625 Quod
1295 5549 1401 5608 non
1440 5557 1628 5625 probo.

487 5619 619 5700 μβ)
667 5620 759 5700 ᾯς
796 5620 1030 5700 περὶῖᾴ
1050 5621 1153 5690 ἔθη
1193 5619 1489 5700 Ῥφμαίῷν
1526 5630 1992 5700 νεῳτερίξονταςο

441 5687 582 5741 Libri
612 5689 829 5757 quidem
869 5687 1007 5744 nihil
1040 5687 1253 5746 mutant
1280 5687 1380 5749 lioc
1404 5696 1543 5752 loco.
1577 5687 1787 5753 Mallem
1814 5687 1993 5755 tamen

440 5758 683 5840 scribere
706 5759 857 5829 παρὰ
887 5764 955 5814 τὰ
986 5761 1102 5833 ἔθη.
1139 5763 1196 5817 ld
1226 5772 1330 5829 est,
1350 5776 1535 5820 contra
1553 5783 1732 5823 mores
1760 5780 1813 5824 et
1837 5772 1997 5824 insti—

437 5835 551 5880 tuta
582 5835 869 5893 majorum.

505 5897 617 5970 (l9)
652 5901 752 5966 Ε’ίς
799 5903 1105 5956 πολιτείαν
1156 5906 1253 5959 καὶ
1307 5907 1647 5971 βασιλείαν.
1700 5909 1754 5964 1η
1811 5910 1997 5967 codice

2100 5279 2399 5334 Fuketiano
2423 5280 2683 5349 scriptum
2731 5287 2816 5333 est
2865 5276 2959 5329 καὶ
3010 5275 3253 5349 βασιλέα,
3284 5273 3667 5349 quoddniagis

2102 5352 2290 5419 probo.
2321 5344 2661 5419 Nicephorus
2700 5356 2881 5402 tamen
2921 5348 2976 5400 in
3012 5344 3133 5417 cap.
3161 5346 3251 5409 25,
3284 5344 3377 5398 lib.
3428 5344 3513 5408 lO,
3548 5345 3667 5395 vul-

2100 5429 2276 5491 gatam
2303 5423 2626 5489 scripturam
2656 5426 2857 5491 tuetur.

2172 5492 2280 5560 (20)
2313 5482 2428 5544 Καί
2451 5491 2636 5543 ταῦτα
2672 5488 2782 5557 τῆς
2812 5488 3049 5557 τέχνης.
3101 5486 3170 5560 In_
3210 5482 3515 5560 Fuketiano
3566 5498 3664 5537 co-

2100 5553 2219 5635 dice
2244 5553 2744 5635 rectiusscriptum
2786 5553 3024 5635 estHxat‘
3072 5555 3275 5635 ταύτης
3301 5554 3405 5624 τῆς
3446 5553 3661 5635 τέχνης.

2101 5632 2273 5686 Porro
2295 5628 2657 5700 Nicephorus,
2687 5635 2742 5684 et
2773 5636 2884 5683 tam
2916 5628 3298 5700 scriptiquam
3358 5628 3545 5700 excusi
3578 5637 3664 5675 co-

2097 5703 2269 5767 dices,
2295 5702 2363 5755 ab
2402 5694 2489 5756 his
2548 5701 2728 5755 verbis
2769 5712 2963 5753 novam
3012 5694 3293 5767 periodum
3345 5694 3659 5767 ordi_ui..ur,

2094 5788 2235 5838 quos
2259 5762 2434 5826 seculi
2486 5780 2614 5826 sunt
2647 5762 3198 5839 interpretesAMusc.
3238 5772 3294 5818 et
3342 5762 3660 5832 Christopb.

2097 5836 2209 5907 Ego
2234 5857 2362 5896 vero
2391 5842 2549 5895 aliter
2582 5842 2727 5894 hunc
2767 5836 2941 5893 locum
2975 5836 3223 5899 distinxi,
3256 5844 3309 5889 ct
3344 5848 3467 5888 cum
3516 5847 3662 5903 pra:-

2096 5913 2319 5968 cedcnte
2353 5912 2595 5967 membro
2624 5909 2963 5981 jungendum
2993 5907 3201 5977 putavi.
