4452 6598
820 466 954 522 1261

2239 455 2595 513 SOZOM'ENt

3917 459 4068 518 1268

817 587 984 643 animi
1025 585 1273 652 ductum,
1318 592 1546 640 vetusta:
1593 583 1974 639 consuetudini
2021 580 2245 635 omnino
2288 578 2575 649 ριι-Δεδίὶ

2305 594 2382 647 )a-
2406 579 2458 636 Δ
2482 578 2675 641 εδίδου,
2703 576 2841 632 ἀλλά
2870 577 3047 632 πάντα
3066 577 3298 632 ἐπινοῶν
3322 577 3568 641 διετέλει,
3590 579 3664 643 ώς
3697 577 3764 633 ἂν
3788 581 4063 649 προσάγοι

817 676 1046 732 rendum
1082 689 1206 730 esse
1245 675 1616 738 existimabat,
1664 683 1719 727 et
1744 671 2108 727 inconsultius
2136 669 2205 724 ad
2243 669 2384 724 inia~

818 768 976 839 gines
1008 765 1322 821 accedebat.
1364 763 1921 834 Verum-imperator,
1961 777 2032 816 ne
2081 761 2223 815 hanc
2259 759 2384 831 qni-

817 861 939 916 dem
999 858 1251 914 fraudem
1303 866 1581 926 expertus,
1624 856 1920 926 quidquam
1963 855 2214 925 profecit.
2261 851 2382 909 Non

818 953 1063 1007 cessavit
1097 960 1309 1017 tamen,
1337 949 1434 1006 sed
1487 950 1724 1020 perstitit
1766 948 1929 1021 206
1972 946 2154 1002 omnia
2200 944 2383 1000 moliri

817 1053 980 1112 atque
1003 1045 1334 1114 excogitare,
1366 1049 1426 1096 ut
1467 1041 1718 1096 subditos
1738 1039 1805 1094 ad
1837 1041 2080 1095 eamdem
2109 1054 2232 1094 cum
2262 1038 2383 1108 ipso

817 1131 1134 1198 religionem
1168 1132 1452 1185 colendam
1491 1129 1803 1184 adduceret.
1832 1127 1889 1183 ld
1922 1143 2051 1184 vero
2079 1127 2228 1200 quod
2252 1135 2384 1184 tunc

819 1223 1078 1292 'entporis
1120 1222 1466 1277 machinatus
1517 1231 1621 1285 est,
1667 1236 1776 1276 non
1811 1221 1968 1277 valde
2012 1220 2286 1291 discrepat
2312 1220 2383 1276 ab

807 1321 886 1368 se
906 1311 1052 1382 quod
1075 1311 1188 1382 jam
1220 1312 1401 1367 retuli.
1435 1311 1696 1381 Apertius
1733 1319 1913 1366 tamen
1938 1326 2102 1381 quam
2141 1311 2297 1382 prius
2321 1310 2385 1366 il-

818 1403 934 1470 lud,
965 1411 1019 1457 et
1048 1403 1258 1472 majore
1288 1417 1413 1456 cum
1453 1403 1714 1456 violentia
1755 1409 2068 1472 susceptum
2101 1412 2187 1456 est
2229 1419 2244 1456 :
2285 1417 2386 1459 nec

817 1494 1008 1564 paucis
1037 1494 1132 1563 qui
1181 1494 1238 1548 in
1287 1493 1490 1564 palatio
1523 1494 1853 1557 militabant,
1907 1492 2243 1550 fortitudinis
2271 1509 2384 1550 sua:

816 1583 1166 1638 declarandae
1193 1585 1544 1639 occasionem
1569 1585 1818 1654 praebuit.
1855 1583 1989 1638 Nam
2020 1599 2144 1640 cum
2168 1592 2386 1654 tempus

817 1674 1154 1736 advenisset,
1204 1688 1314 1744 quo
1356 1673 1675 1728 donativum
1717 1688 1746 1727 a
1777 1673 2025 1745 principe
2049 1673 2380 1744 erogandum

817 1773 936 1821 erat
960 1766 1253 1831 militibus,
1279 1767 1332 1822 id
1365 1775 1545 1821 autem
1578 1769 1897 1838 plerumque
1925 1768 1981 1822 fit
2010 1766 2202 1822 diebus
2231 1766 2383 1822 festis

2483 671 2610 735 τοὺς
2659 671 2994 743 ἀρχομένους
3041 669 3440 742 παραπλησίως
3495 671 3643 742 αὐτῷ
3707 670 4072 742 θρησκεύεινι

2484 760 2608 818 Οἵον
2633 764 2689 818 δὲ
2718 765 2814 818 καὶ
2840 764 2960 818 τότε
2992 765 3395 835 ἐμηχανήσατο,
3427 763 3528 817 οὐκ
3555 766 3748 837 ἀπᾴδε.
3779 764 3873 820 τοῦ
3898 766 4062 836 εἰρη-

2488 858 2683 930 μένουο
2740 857 3206 928 περιφανέστερον
3252 855 3434 927 μέντοι
3482 853 3574 909 τοῦ
3638 857 3905 930 προτέρου
3959 858 4064 910 καὶ

2487 949 2784 1020 βιαιότερον
2815 948 3164 1020 ἐπεχειρήθη,
3216 947 3311 1001 καὶ
3349 947 3622 1018 πρόφασις
3666 947 3913 1017 ἀνδρείας
3954 947 4064 999 οὐκ

2483 1040 2681 1109 ὀλίγοις
2695 1039 2912 1108 ἐγένετο
2935 1038 3041 1094 τῶν
3063 1041 3119 1092 ἐν
3135 1041 3249 1102 τοῖς
3271 1037 3559 1108 βασιλείοις
3585 1036 4070 1108 στρατευομένων.,

2497 1132 2647 1188 Ἐπεὶ
2677 1132 2785 1204 γάρ
2804 1130 2990 1202 καιρὸς
3009 1133 3190 1202 παρῆν
3227 1129 3450 1202 βασιλέα
3475 1127 3766 1200 δωρεῖσθαι
3796 1125 4062 1199 στρατιώ-

2485 1243 2602 1288 ταις
2630 1225 2861 1294 (γίνεται
2897 1224 2952 1278 δέ
2981 1223 3137 1278 τοῦτο
3169 1223 3244 1287 ώς
3286 1222 3487 1276 ἐπίπαν
3519 1222 3576 1274 ἐν
3603 1223 3724 1286 ταῖς
3765 1219 4063 1290 Ῥωμαίων

2487 1317 2844 1390 ἱερομηνίαις.
2880 1315 2974 1370 καὶ
2997 1314 3280 1387 βασιλέων,
3309 1315 3406 1368 καὶ
3432 1313 3718 1384 βασιλῗδων
3751 1312 3958 1366 πόλεων
3993 1311 4062 1363 ἐν

2483 1408 2778 1477 γενεθλίοις
2813 1405 3099 1479 ἡμέραις),
3131 1405 3485 1476 λογισάμενος
3527 1403 3603 1467 ώς
3644 1401 3846 1464 ἁπλοῦν
3891 1401 4071 1471 φύσει

2484 1500 2577 1552 καὶ
2606 1499 2798 1568 εὔηθές
2825 1499 2940 1552 ἐστι
2981 1498 3044 1552 τὸ
3071 1497 3476 1567 στρατιωτικὸν,
3521 1495 3614 1550 καὶ
3652 1495 3756 1548 ὑπὸ
3791 1493 4062 1564 συνήθους

2486 1587 2797 1652 πλεονεξίας
2841 1586 3038 1658 ῥᾳδίοις
3081 1587 3309 1656 ἡττᾶται
3345 1585 3664 1656 χρημάτων.
3725 1583 3848 1636 Τῶν
3877 1582 3934 1635 δὲ
3959 1581 4061 1634 ἐπὶ

2482 1679 2685 1750 ταύτην
2715 1677 3018 1750 παριόντων
3050 1676 3160 1747 (21)
3215 1677 3442 1730 ἕκαστον
3474 1676 3524 1728 οἱ
3560 1673 3640 1745 τῷ
3674 1673 3883 1744 βασιλεῖ
3914 1689 4061 1742 παρ⁹

2485 1770 2720 1834 εστῶτες
2764 1768 3014 1822 ἐκέλευον
3059 1767 3275 1838 θυμιᾷν.
3334 1765 3635 1838 Προῦκειτο
3675 1764 3780 1836 gap
3823 1763 4060 1834 πλησίον

819 1857 1213 1922 Romanorum,
1247 1866 1301 1914 et
1337 1859 1610 1913 natalibus
1659 1859 2052 1930 imperatorum
2093 1867 2252 1930 atque
2287 1874 2382 1913 ur-
2416 1909 2456 1933 η
2483 1863 2577 1916 λί6λ

2305 1874 2382 1913 tr-
2416 1909 2456 1933 n
2483 1863 2699 1926 λίϐανος
2731 1860 2976 1933 καὶπῦρ,
3007 1859 3082 1923 th;
3111 1859 3174 1930 δὴ
3204 1857 3360 1913 τοῦτο
3387 1857 3555 1911 πάλαι
3591 1855 3880 1927 Ῥωμαίοις
3903 1870 4063 1908 νενοε

817 1949 966 2002 binm
1018 1948 1318 2018 regiarum,
1371 1962 1554 2001 secum
1596 1949 1712 2017 ipse
1757 1949 2131 2012 considerans,
2186 1948 2385 2003 milites
2415 1946 2457 1965 "
2492 1973 2575 2026 μισ

2305 1959 2385 2003 tes
2415 1946 2457 1965 ³³
2492 1954 2769 2026 μισμένον.
2845 1951 3106 2011 Ἐνταῦθα
3133 1951 3183 2004 οἱ
3227 1951 3324 2021 μὲν
3351 1948 3522 2013 ἀδεῶς
3547 1963 3644 2018 την
3675 1947 3922 2019 ἀνδρείαν
3955 1946 4058 1998 ἐπ-

818 2046 1018 2110 snopte
1070 2039 1290 2109 ingenio
1344 2040 1620 2108 simplices
1661 2053 1783 2094 esse
1816 2048 1980 2110 atque
2025 2040 2295 2102 incautos,
2333 2047 2389 2093 et

817 2131 889 2182 ob
926 2130 1148 2184 insitam
1181 2131 1318 2201 ipsis
1352 2131 1706 2201 cupiditatem
1731 2132 1975 2202 pecuniis
2001 2131 2158 2187 facile
2185 2130 2384 2201 decipi,

819 2229 938 2274 arte
975 2220 1213 2290 quadam
1255 2237 1388 2277 usus
1412 2231 1492 2277 est
1533 2231 1590 2277 ut
1621 2239 1714 2279 eos
1736 2223 1801 2278 ad
1837 2222 2250 2278 sacrificandum
2283 2224 2387 2276 im-

823 2310 1068 2378 pelleret.
1108 2310 1223 2365 Mos
1253 2313 1398 2366 enim
1441 2321 1558 2365 erat
1586 2311 1696 2382 jam
1718 2311 1842 2367 inde
1887 2327 1916 2367 a
1946 2311 2144 2382 priscis
2176 2320 2388 2382 tempo.

819 2403 998 2468 ribus,
1055 2410 1116 2456 ut
1173 2403 1492 2458 donativum
1541 2403 1813 2474 accepturi
1864 2402 1972 2458 diis
2016 2404 2385 2460 immolarent.

819 2495 956 2550 Cum
998 2495 1174 2566 igitur
1225 2495 1424 2566 singuli
1475 2494 1540 2549 ad
1571 2495 1889 2549 donativum
1935 2494 2280 2560 accederent,
2331 2495 2386 2550 bi

821 2586 913 2655 qui
962 2585 1282 2656 imperatori
1316 2585 1588 2649 astabant,
1616 2601 2057 2656 unumquemque
2093 2586 2220 2640 thus
2250 2587 2387 2642 ado-

824 2676 1240 2747 lerejubebant.
1289 2674 1441 2731 Thus
1472 2677 1617 2731 enim
1657 2684 1710 2731 et
1740 2677 1880 2749 ignis
1909 2692 2078 2747 prope
2106 2677 2387 2748 appositus

821 2777 983 2835 erat,
1019 2768 1184 2839 idque
1213 2783 1278 2823 ex
1312 2768 1483 2822 veteri
1531 2783 1683 2824 more
1716 2769 2077 2839 institutoque
2115 2768 2394 2841 Romano:

824 2879 967 2915 rum.
1009 2860 1149 2916 Tum
1175 2875 1304 2916 vero
1333 2859 1423 2914 alii
1452 2860 1670 2930 quidem
1703 2861 1910 2931 absque
1938 2871 2080 2916 metu
2112 2863 2386 2932 magnitu-

823 2957 1006 3009 dinem
1037 2953 1202 3008 animi
1234 2953 1322 3008 sui
1352 2951 1724 3018 declararunt,
1747 2969 1848 3008 nec
1879 2959 1975 3008 aut
1996 2953 2122 3010 thus
2145 2955 2382 3022 adolere,

823 3054 919 3098 ant
953 3045 1267 3099 donativum
1299 3043 1368 3098 ab
1414 3043 1746 3115 imperatore
1785 3045 2038 3114 accipere
2071 3047 2380 3103 voluerunt.

823 3137 928 3189 Alii
956 3149 1106 3199 vero,
1156 3133 1578 3190 consuetudinis
1634 3149 1698 3189 ac
1743 3137 2034 3190 vetustatis
2077 3138 2258 3207 specie
2295 3136 2382 3190 in-

2487 2045 2773 2111 εδείξαντο,
2820 2044 2914 2097 καὶ
2941 2041 3063 2096 οὕτε
3105 2040 3386 2111 θυμιᾶσαι,
3416 2037 3537 2092 οὔτε
3567 2038 3739 2110 δῶρον
3779 2036 3926 2108 παρά
3953 2035 4054 2089 τοῦ

2488 2135 2749 2206 βασιλέως
2776 2133 2960 2187 λαϐεῖν
2978 2132 3264 2204 ἠνέσχοντο
3281 2147 3294 2161 °
3330 2131 3379 2184 οἱ
3401 2129 3478 2195 δέ,
3501 2130 3847 2201 προσχήματι
3880 2127 4054 2194 νόμου

2486 2230 2580 2283 καὶ
2601 2226 2978 2298 ἀρχαιότητος,
3023 2224 3142 2278 ούδέ
3181 2225 3259 2286 εις
3283 2221 3408 2276 νοῦν
3432 2221 3622 2275 ἔλαϐον
3653 2222 3682 2274 ὃ
3710 2222 4048 2292 ἡμάρτανον.

2485 2323 2548 2375 Οἱ
2577 2320 2655 2384 δέ,
2687 2319 2766 2390 τῷ
2795 2318 3099 2388 φαινομένῳ
3127 2315 3307 2387 κέρδει
3334 2314 3732 2377 δελεασθέντες,
3763 2313 3796 2382 ἢ
3822 2312 3928 2365 δέει
3954 2311 4053 2364 καὶ

2487 2408 2701 2481 θορύϐῳ
2745 2406 3274 2480 προκατειλημμένοι
3314 2405 3379 2458 ἐκ
3423 2403 3524 2475 τῆς
3565 2402 3881 2473 παραυτίκα
3912 2401 4054 2453 ἀνα-

2487 2498 2784 2569 φανθείσης
2824 2497 3047 2568 σκηνῆς,
3093 2498 3142 2550 εἰ
3191 2495 3284 2549 κα).
3329 2494 3568 2566 συνῆκαν
3621 2492 4048 2564 Ἐλληνίζοντες,

2482 2591 2545 2646 τὸ
2573 2591 2646 2664 μὴ
2674 2590 2833 2645 τοῦτο
2857 2590 3049 2644 παθεῖν
3095 2589 3156 2642 ού
3196 2588 3465 2657 διέφυγον.
3517 2586 3638 2640 Τῶν
3673 2585 3732 2651 δ’,
3755 2582 3823 2640 αὖ
3854 2584 4058 2654 ἀγνοίᾳ

2485 2684 2888 2758 περιπεσόντων
2915 2681 3089 2754 ταύτῃ
3121 2682 3186 2751 τῇ
3221 2678 3484 2751 ἁμαρτίᾳ.
3515 2677 3760 2746 λέγονταί
3789 2693 3929 2740 τινες
3952 2675 4052 2729 τά-

2483 2778 2542 2832 δε
2568 2774 2702 2846 (22),
2725 2775 2799 2838 ὡς
2829 2772 3105 2827 εἱστιῶντο
3126 2771 3236 2843 (25)
3271 2769 3764 2841 φιλοφρονούμενοι,
3789 2765 3877 2821 οἷά
3903 2785 3966 2836 γε
3989 2767 4050 2820 ἐν

2481 2869 2595 2932 τοῖς
2620 2868 2802 2930 πότοις
2830 2865 3073 2936 γίνεσθαι
3098 2863 3260 2934 φιλεῖ,
3288 2863 3380 2915 κα)⁸
3405 2862 3756 2932 προπίνοντες
3775 2859 4050 2928 ἀλλήλοις,

2482 2958 2714 3033 Χριστὸν
2763 2956 3100 3028 ἐπονομάσαι
3135 2954 3254 3016 ταῖς
3298 2949 3526 3016 κύλιξιν.
3598 2947 3965 3004 ’Υπολαὸόντα
3988 2947 4049 3002 δέ

2480 3067 2602 3105 τινα
2634 3049 2745 3122 (24)
2790 3049 2900 3102 τῶν
2940 3046 3295 3117 δαιτυμόνων,
3342 3041 3688 3115 Θαυμαστὸν,
3736 3041 3862 3111 ἔφη,
3911 3042 4050 3096 ὑπο-

2486 3144 2696 3215 μένετε,
2746 3139 2978 3214 Χριστδν
3035 3136 3481 3208 ἐπικαλούμενοι,
3533 3134 3592 3188 ὃν
3644 3132 3749 3205 πρδ
3801 3132 4047 3204 βραχέως

823 3227 994 3290 ducti,
1044 3242 1112 3280 ne
1143 3225 1325 3281 scelus
1376 3225 1594 3295 quidem
1645 3241 1805 3282 suum
1859 3226 2452 3311 animadverterunLC
2482 3237 2581 3307 ὴρν

2290 3235 2378 3282 ιηῐ.
2406 3249 2452 3311 c
2482 3234 2815 3307 ἠρνήσασθε,
2839 3233 3001 3306 ἡνίκα
3026 3232 3086 3285 τὸ
3111 3231 3284 3300 δῶρον
3310 3229 3458 3301 παρά
3490 3226 3585 3281 τοῦ
3615 3225 3874 3296 βασιλέως
3899 3225 4048 3290 δεξάρ

822 3316 927 3370 Alii
964 3316 1116 3370 lucro
1144 3315 1426 3384 proposito
1468 3314 1719 3375 inescati,
1755 3321 1849 3368 aut
1879 3322 2027 3369 metu
2066 3330 2128 3369 ac
2164 3323 2381 3386 pertur-

822 3405 1044 3460 batione
1069 3403 1330 3474 praeventi
1355 3404 1427 3458 ob
1471 3418 1691 3459 scenam
1725 3419 1847 3474 qua:
1880 3415 2101 3475 repente
2138 3406 2378 3476 ipsorum

821 3497 999 3550 oculis
1041 3494 1357 3564 apparebat.
1406 3493 1536 3549 licet
1583 3510 1643 3550 se
1692 3496 1972 3566 gentilium
2018 3511 2168 3551 more
2223 3512 2378 3553 sacra

823 3589 1006 3642 facere
1064 3585 1457 3655 intelligerent,
1499 3585 1642 3640 haud
1676 3595 1855 3642 tamen
1912 3587 2055 3643 istud
2105 3590 2377 3659 piaculum

821 3679 1153 3745 etingerunt.
1189 3674 1387 3730 Fertur
1419 3685 1596 3733 autem
1629 3678 1893 3748 quosdam
1925 3695 1989 3734 ex
2019 3681 2086 3736 iis
2107 3681 2200 3750 qui
2233 3680 2379 3736 istud

825 3766 1052 3823 sceleris
1082 3765 1456 3838 imprudentes
1485 3769 1840 3835 admiserant,
1874 3787 1998 3826 cum
2032 3772 2084 3826 in
2107 3775 2379 3842 convivio,

824 3870 884 3918 ut
916 3859 1034 3916 lier’t
1071 3863 1235 3926 solet,
1264 3863 1366 3916 sibi
1393 3871 1584 3916 mutuo
1614 3863 1966 3931 propinarent
1993 3865 2382 3925 benevolentia:

826 3955 1192 4010 testiﬁcanda:
1243 3969 1428 4016 causa,
1475 3955 1750 4010 Christum
1806 3956 1870 4008 ad
1927 3957 2137 4028 singula
2188 3964 2381 4030 pocula

827 4046 1182 4111 nominasse;
1230 4045 1516 4113 quemdam
1553 4062 1681 4100 vero
1719 4063 1783 4101 ex
1829 4049 2078 4104 convivis
2113 4049 2226 4104 lucc
2277 4054 2382 4109 illis

826 4135 1217 4206 respondisse:
1253 4133 1454 4189 Mirum
1480 4135 1761 4205 quidpiam
1806 4139 2077 4207 patimini,
2100 4142 2378 4198 Christum

827 4229 1168 4289 invocant-es,
1195 4242 1353 4296 quem
1378 4227 1539 4294 paulo
1569 4236 1727 4282 antea
1759 4231 2070 4299 negavistis,
2098 4240 2230 4289 tunc
2258 4251 2380 4290 cum

825 4319 1149 4373 donativum
1193 4319 1533 4387 accipientes
1566 4335 1593 4373 a
1626 4321 1894 4392 principe,
1942 4325 2069 4382 thus
2101 4326 2153 4381 in
2199 4327 2379 4386 focum

825 4409 1195 4480 imposuistis.
1219 4408 1430 4476 Quibus
1465 4412 1687 4473 auditis,
1717 4427 1839 4467 cum
1870 4413 2080 4473 facinus
2112 4421 2254 4488 quod
2293 4421 2383 4476 ad-

826 4501 1096 4555 miserant
1155 4501 1459 4570 intelligere
1497 4504 1816 4572 cmpissent,
1861 4505 2008 4562 illico
2042 4511 2378 4580 exsilientes,

2483 3343 2654 3398 μενοι,
2695 3323 2776 3396 τῷ
2818 3323 2953 3395 πυρὶ
2990 3323 3082 3378 τὸν
3113 3317 3408 3375 λιϐανωτὸν
3436 3317 3831 3373 ἐπιτεθείκατε.
3891 3317 4047 3387 ’Δμα

2477 3418 2535 3472 δέ
2572 3418 2730 3472 τοῦτο
2769 3418 3005 3485 ἥκουσαν
3028 3455 3044 3479 ,
3092 3414 3187 3468 καὶ
3233 3411 3471 3481 συνῆκαν
3515 3411 3652 3480 ὅπερ
3695 3406 4044 3480 εἰργάσαντο,

2479 3508 2676 3562 αὐτίκα
2701 3507 3167 3578 ἀναπηδήσαντες,
3216 3501 3448 3573 δημοσίᾳ
3477 3500 3646 3566 ἔθεον,
3679 3499 3907 3572 βοῶντες
3947 3499 4057 3552 καὶ

2477 3601 2885 3672 δεδακρυμένοι,
2910 3598 3005 3653 καὶ
3031 3598 3166 3651 Θεὸν
3186 3596 3349 3649 αὐτὸν
3373 3595 3468 3649 καὶ
3491 3595 3697 3655 πάντας
3728 3590 4047 3664 ἀνθρώπους

2483 3693 2901 3765 μαρτυρόμενοι,
2922 3689 3279 3761 Χριστιανοὺς
3297 3681 3432 3740 εἶναι
3463 3687 3603 3754 σφᾶς
3631 3685 3725 3737 καὶ
3749 3684 4044 3753 διαμεῖναιο

2480 3787 2537 3840 ἐν
2571 3785 2762 3857 ἀγνοεᾳ
2801 3783 2858 3837 δέ
2901 3782 2995 3836 τοῦ
3027 3779 3332 3850 γεγονότος,
3374 3778 3485 3845 εἴγε
3520 3777 3656 3840 ὅλως
3685 3777 3859 3829 εἰπεῖν
3903 3775 4042 3834 ἐστι,

2484 3877 2650 3946 μόνην
2689 3875 2996 3944 Ἐλληνίσαι
3042 3871 3140 3942 τὴν
3181 3872 3359 3941 χεῖρα,
3407 3869 3481 3939 μὴ
3519 3866 3917 3938 συμπραξάσης
3939 3864 4045 3933 τῆς

2479 3967 2736 4029 διανοίας.
2803 3965 2957 4019 Ἐπεὶ
2987 3964 3042 4018 δέ
3071 3963 3146 4028 ώς
3178 3961 3396 4032 βασιλέα
3425 3957 3608 4031 ἦλθο),
3643 3957 4048 4030 προσρίψαντες

2478 4059 2536 4114 ὃν
2556 4060 2774 4115 δεδώκει
2797 4057 3015 4129 χρυσὸν,
3046 4053 3104 4110 εὖ
3125 4055 3266 4126 μάλα
3287 4053 3546 4124 ἀνδρείως
3573 4051 3636 4105 τὸ
3649 4053 3845 4106 οἰκεῖον
3869 4051 4046 4118 δῶρον

2479 4149 2774 4205 ἀπολαϐεῖν
2805 4149 2984 4219 ᾔτουν,
3017 4147 3213 4209 αὐτοὺς
3239 4145 3297 4198 δὲ
3326 4143 3535 4198 ἀνελεῖν
3556 4159 3572 4176 ο
3620 4143 3694 4212 μὴ
3729 4140 4042 4214 μεταμελη-

2480 4241 2740 4312 θήσεσθαι
2764 4241 2892 4310 γὰρ,
2925 4241 2974 4292 εί
3020 4238 3158 4309 ὑπὲρ
3184 4229 3258 4290 ὧν
3291 4237 3544 4300 προνοίας
3590 4236 3746 4298 ἐκτὸς
3791 4235 4044 4304 ἥμαρτεν

2479 4336 2512 4403 ή
2538 4331 2707 4396 δεξιὰ,
2745 4331 2823 4401 τῷ
2852 4330 3013 4384 παντὶ
3063 4329 3274 4400 σώματι
3309 4329 3463 4400 δίκην
3505 4327 3643 4380 δοῖεν
3667 4326 3753 4380 διὰ
3783 4326 4039 4397 Χριστόν.

2490 4427 2548 4479 Ὀ
2597 4425 2654 4478 δέ
2705 4423 2952 4494 βασιλεὺς
2996 4421 3194 4491 καίπερ
3237 4419 3486 4490 χαλεπῶς
3524 4416 3782 4486 ἐνεγκὼν,
3833 4418 4041 4469 κτεῖναι

2483 4515 2580 4584 μὲν
2608 4514 2804 4573 αὐτοὺς
2838 4509 3156 4579 ἐφυλάξατο,
3202 4509 3276 4579 μὴ
3312 4507 3614 4580 μαρτυρίας
3655 4505 3830 4577 γερῶν
3871 4504 4039 4568 ἀξιω-

828 4593 1050 4661 publice
1074 4591 1388 4648 discurrere
1429 4604 1730 4663 caaperunt,
1761 4598 2125 4658 vociferantes
2160 4613 2216 4659 et
2251 4621 2375 4660 cum
2407 4585 2454 4643 D
2481 4606 2586 4658 θεῖε

2286 4622 2375 4660 utn
2407 4585 2454 4643 D
2481 4606 2621 4659 θεῖεν
2651 4621 2666 4635 ·
2705 4604 3030 4674 ἀφελόμενος
3056 4601 3112 4655 δὲ
3139 4601 3234 4671 τῆς
3276 4598 3581 4672 στρατείας,
3625 4596 3889 4664 ἐξεώσατο
3925 4593 4039 4648 τῶν

827 4686 972 4754 lacry
987 4682 1092 4739 mis
1122 4681 1289 4738 Deum
1319 4682 1676 4756 hominesque
1709 4695 1988 4756 testantes,
2037 4690 2380 4751 Christianos

2483 4695 2782 4766 βασιλείων.

2001 4843 2269 4899 VALESII
2316 4845 2857 4904 ANNOTATIONES.

897 4960 1007 5027 (21)
1043 4958 1164 5012 Τῶν
1183 4957 1251 5011 δὲ
1285 4959 1383 5011 ἐπὶ
1432 4959 1651 5024 ταύτην
1689 4961 2039 5026 παριόντων.
2092 4962 2229 5016 Ante
2268 4963 2380 5018 hinc

827 5033 990 5082 verba
1021 5031 1221 5100 desunt
1253 5030 1536 5100 nonnulla,
1571 5044 1690 5100 quae
1710 5031 1952 5100 suppleti
1980 5047 2044 5082 ex
2075 5029 2380 5100 Niccpltoro

826 5102 881 5152 in
911 5101 1054 5151 hunc
1093 5097 1311 5151 modum
1345 5117 1360 5152 :
1390 5099 1550 5166 τέχνῃ
1578 5099 1680 5150 τινὶ
1708 5097 1853 5151 θύειν
1883 5101 1973 5151 καὶ
2010 5097 2236 5162 ἄκοντας
2267 5107 2380 5166 τοῖς

823 5170 1071 5238 δαίμοσιν
1095 5167 1358 5238 ᾠκονόμει
1378 5184 1410 5238 °_
1425 5167 1704 5238 νενόμιστο
1724 5167 1830 5237 γὰρ
1849 5168 2008 5236 δῆθεν
2033 5171 2096 5222 ἐκ
2125 5169 2376 5236 παλαιοῦ,

823 5236 949 5301 τοὺς
975 5238 1065 5306 ἐπὶ
1096 5236 1205 5306 τὴν
1252 5236 1457 5306 δωρεὰν
1501 5236 1997 5305 παριόνταςθύειν,
2025 5247 2126 5292 etc.
2181 5238 2374 5295 Utrum

826 5320 1004 5362 autem
1028 5305 1362 5375 Nicepltorus
1393 5308 1736 5376 integriorem
1766 5306 2005 5361 codicem
2037 5317 2232 5362 nactus
2263 5313 2377 5365 fne-

829 5387 921 5439 rtt,
956 5393 1020 5430 an
1060 5376 1174 5429 haec
1213 5391 1276 5429 ex
1329 5377 1641 5440 conjectura
1700 5377 2054 5444 suppleverit,
2103 5377 2374 5435 affirmare

827 5464 933 5501 non
964 5461 1204 5513 possum.
1227 5445 1491 5499 Caeterum
1531 5447 1668 5498 hanc
1697 5445 1943 5503 fraudem
1989 5445 2192 5502 Juliani
2224 5459 2372 5504 notat

823 5516 1122 5585 Gregorius
1152 5514 1281 5569 Naz.
1309 5515 1364 5585 in
1397 5517 1572 5585 priore
1615 5513 1898 5580 Invectiva,
1939 5532 2059 5585 pag.
2089 5517 2176 5571 8i.

895 5587 1004 5651 (22)
1034 5584 1316 5652 Λέγονταῐ
1339 5584 1495 5649 τινες
1515 5585 1668 5639 τάδε.
1702 5585 1818 5638 Aut‘
1843 5602 1942 5640 vox
1992 5584 2116 5640 τάδε
2145 5588 2368 5640 delenda

821 5664 923 5714 est.
954 5667 1043 5708 aut
1076 5657 1226 5722 plura
1257 5654 1356 5707 hoc
1406 5655 1522 5708 lovo
1567 5655 1966 5712 desiderantur.
2015 5657 2174 5710 Certe
2211 5657 2368 5712 Nice-

825 5728 1026 5788 phorus
1067 5726 1120 5777 in
1146 5724 1285 5777 libro
1316 5723 1523 5776 decimo
1553 5725 1732 5793 capite
1775 5723 1844 5780 25
1897 5727 2037 5780 hunc
2079 5725 2366 5782 Sozonteni

823 5797 997 5858 [pi-nni
1037 5796 1103 5847 ita
1125 5795 1339 5862 supplet
1379 5811 1390 5845 :
1419 5793 1661 5866 λέγονταί
1695 5813 1838 5866 τινες
1852 5797 1973 5849 τάδε
2002 5798 2222 5866 πρᾶξαι.

892 5866 999 5942 (23)
1034 5867 1128 5924 Ὠς
1155 5861 1259 5934 γὰρ
1298 5861 1615 5929 ριτίστιῶντετ,
1645 5875 1747 5918 etc.
1780 5864 1880 5919 Sed
1918 5884 1982 5922 ne
2033 5861 2108 5921 sic
2134 5861 2362 5936 quidem

2485 4964 2639 5018 locus
2669 4972 2754 5018 est
2787 4963 3013 5033 integer.
3042 4958 3213 5033 Porro
3249 4959 3392 5033 hanc
3428 4954 3708 5033 historiam
3734 4959 4034 5033 sumpsisse

2484 5034 2697 5087 videtur
2727 5023 3063 5087 Sozonienus
3088 5046 3150 5082 ex
3173 5026 3433 5094 Gregorio
3470 5023 3749 5084 Nazianz.,
3769 5026 3822 5078 in
3849 5026 4035 5083 Priora

2482 5104 2734 5157 invectiva
2765 5103 3010 5156 adversus
3064 5099 3361 5154 Julimmm.
3393 5111 3514 5163 pag.
3573 5095 3676 5158 85;
3711 5096 3801 5148 ubi
3856 5098 4034 5151 obiter

2482 5173 2697 5227 notabis
2728 5174 3008 5241 antiquum
3061 5184 3266 5241 morem
3315 5165 3777 5241 Christianorum,
3807 5167 3896 5235 qui
3927 5183 4029 5220 an-

2481 5250 2695 5311 tequam
2737 5236 2920 5295 vinu'tu
2981 5240 3280 5295 haurirent,
3334 5236 3608 5288 Christum
3661 5237 3914 5311 invocare
3964 5248 4032 5311 Aet

2475 5306 2657 5365 crucis
2683 5312 2838 5376 signo
2869 5327 2926 5364 se
2964 5311 3176 5363 munire
3206 5312 3625 5376 consueverant.
3661 5306 3715 5359 ld
3763 5309 3904 5376 enim
3945 5308 4028 5360 di-

2474 5394 2615 5436 sorte
2663 5373 2894 5435 testatur
2932 5373 3418 5449 Grt'gorius.“\'id_e
3462 5373 3856 5449 Gretscr_nm_ir.
3889 5376 4036 5449 libro

2473 5461 2670 5518 quarto
2735 5450 2807 5503 De
2858 5443 3181 5518 θνηταὶ-ιιι).
3223 5446 3309 5500 18.
3366 5444 3631 5518 Cit-terunt
3681 5446 3733 5518 in
3783 5443 4028 5518 Gregorii

2474 5514 2590 5574 loco
2619 5521 2988 5590 ψυχροποσίαν
3019 5514 3500 5590 ittterpretor,_tton
3545 5514 3753 5590 frigidm
3789 5517 4032 5590 potatio-

2474 5583 2894 5650 netn,'ntm\'erlit
2921 5590 3108 5642 Billius
3127 5629 3141 5652 ,
3163 5583 3178 5587 “
3199 5585 3292 5642 sed
3330 5583 3440 5636 Vini
3498 5584 3841 5654 refrigerati,
3905 5584 4028 5638 nive

2474 5661 2682 5715 Scilicet
2719 5670 2804 5712 aut
2838 5662 3008 5729 glacie
3041 5660 3240 5729 infusa.

2543 5729 2655 5796 (2i)
2703 5723 3108 5783 'Y‘milaifdrta
3138 5726 3204 5780 δέ
3249 5723 3829 5796 τιναί-(ἶτςιιιιηιοιίοξε
3883 5723 4028 5796 leges

2474 5792 2750 5866 postulant
2783 5807 2839 5850 ut
2863 5800 3168 5854 scribamus
3197 5792 3480 5850 ύπολαεὼν
3520 5793 3575 5846 δέ
3603 5811 3704 5858 τις.
3767 5793 4027 5862 Sequitur

2472 5885 2613 5922 enini
2651 5886 2752 5937 2w}
