  <div class='ocr_page' id='page_1' title='image "/cluster/home/n/w/nwhite01/storage/ocr_20150623/67/pst.000009865921/696.png"; bbox 0 0 4452 6598; ppageno 0'>
   <div class='ocr_carea' id='block_1_1' title="bbox 410 458 2168 531">
    <p class='ocr_par' dir='ltr' id='par_1_1' title="bbox 410 458 2167 528">
     <span class='ocr_line' id='line_1_1' title="bbox 410 458 2167 528; baseline -0.005 0"><span class='ocrx_word' id='word_1_1' title='bbox 410 470 548 528; x_wconf 67' lang='grc'><strong>1269</strong></span> <span class='ocrx_word' id='word_1_2' title='bbox 1394 464 1715 522; x_wconf 71' lang='lat' dir='ltr'><strong>lllSTORlA</strong></span> <span class='ocrx_word' id='word_1_3' title='bbox 1749 458 2167 521; x_wconf 81' lang='lat' dir='ltr'><strong>ECCLESIAST</strong></span> 
     </span>
    </p>
   </div>
   <div class='ocr_carea' id='block_1_2' title="bbox 1912 458 3670 531">
    <p class='ocr_par' dir='ltr' id='par_1_2' title="bbox 1912 460 3670 531">
     <span class='ocr_line' id='line_1_2' title="bbox 1912 460 3670 531; baseline 0.007 -12"><span class='ocrx_word' id='word_1_4' title='bbox 1912 460 2304 522; x_wconf 75' lang='lat' dir='ltr'><strong>.ESIASTICA.</strong></span> <span class='ocrx_word' id='word_1_5' title='bbox 2345 495 2412 508; x_wconf 88' lang='lat'><strong>-—</strong></span> <span class='ocrx_word' id='word_1_6' title='bbox 2435 466 2563 522; x_wconf 85' lang='lat' dir='ltr'><strong>LIB.</strong></span> <span class='ocrx_word' id='word_1_7' title='bbox 2587 467 2647 523; x_wconf 73' lang='grc' dir='ltr'><strong>ν.</strong></span> <span class='ocrx_word' id='word_1_8' title='bbox 3494 472 3670 531; x_wconf 67' lang='grc' dir='ltr'>ητα-</span> 
     </span>
    </p>
   </div>
   <div class='ocr_carea' id='block_1_3' title="bbox 406 582 3647 655">
    <p class='ocr_par' dir='ltr' id='par_1_3' title="bbox 406 582 3647 655">
     <span class='ocr_line' id='line_1_3' title="bbox 406 582 3647 655; baseline 0 -13"><span class='ocrx_word' id='word_1_9' title='bbox 406 602 468 642; x_wconf 82' lang='grc' dir='ltr'><strong>εο</strong></span> <span class='ocrx_word' id='word_1_10' title='bbox 503 600 646 651; x_wconf 90' lang='lat' dir='ltr'><strong>esse,</strong></span> <span class='ocrx_word' id='word_1_11' title='bbox 681 600 745 641; x_wconf 91' lang='lat' dir='ltr'><strong>ac</strong></span> <span class='ocrx_word' id='word_1_12' title='bbox 773 599 990 655; x_wconf 80' lang='lat' dir='ltr'><strong>semper</strong></span> <span class='ocrx_word' id='word_1_13' title='bbox 1012 582 1183 640; x_wconf 78' lang='lat' dir='ltr'><strong>fuisse</strong></span> <span class='ocrx_word' id='word_1_14' title='bbox 1208 600 1223 638; x_wconf 93' lang='lat'><strong>:</strong></span> <span class='ocrx_word' id='word_1_15' title='bbox 1246 597 1340 654; x_wconf 88' lang='lat' dir='ltr'><strong>per</strong></span> <span class='ocrx_word' id='word_1_16' title='bbox 1368 583 1767 655; x_wconf 75' lang='lat' dir='ltr'><strong>ignorationem</strong></span> <span class='ocrx_word' id='word_1_17' title='bbox 1794 591 1977 638; x_wconf 89' lang='lat' dir='ltr'><strong>autem</strong></span> <span class='ocrx_word' id='word_1_18' title='bbox 2016 582 2137 654; x_wconf 83' lang='lat' dir='ltr'><strong>ejus</strong></span> <span class='ocrx_word' id='word_1_19' title='bbox 2199 582 2348 655; x_wconf 89' lang='lat' dir='ltr'><strong>quod</strong></span> <span class='ocrx_word' id='word_1_20' title='bbox 2395 584 2571 649; x_wconf 83' lang='lat' dir='ltr'><strong>ﬁeret.</strong></span> <span class='ocrx_word' id='word_1_21' title='bbox 2639 584 2687 641; x_wconf 98' lang='lat' dir='ltr'><strong>si</strong></span> <span class='ocrx_word' id='word_1_22' title='bbox 2734 592 2915 642; x_wconf 86' lang='lat' dir='ltr'><strong>tamen</strong></span> <span class='ocrx_word' id='word_1_23' title='bbox 2964 586 3019 641; x_wconf 88' lang='lat' dir='ltr'><strong>id</strong></span> <span class='ocrx_word' id='word_1_24' title='bbox 3054 586 3185 643; x_wconf 88' lang='lat' dir='ltr'><strong>licet</strong></span> <span class='ocrx_word' id='word_1_25' title='bbox 3216 586 3421 650; x_wconf 84' lang='lat' dir='ltr'><strong>dicere,</strong></span> <span class='ocrx_word' id='word_1_26' title='bbox 3475 590 3647 644; x_wconf 90' lang='lat' dir='ltr'><strong>solam</strong></span> 
     </span>
    </p>
   </div>
   <div class='ocr_carea' id='block_1_4' title="bbox 405 676 3649 748">
    <p class='ocr_par' dir='ltr' id='par_1_4' title="bbox 405 676 3649 748">
     <span class='ocr_line' id='line_1_4' title="bbox 405 676 3649 748; baseline 0 -16"><span class='ocrx_word' id='word_1_27' title='bbox 405 694 627 733; x_wconf 77' lang='lat' dir='ltr'><strong>manum</strong></span> <span class='ocrx_word' id='word_1_28' title='bbox 682 678 1027 733; x_wconf 86' lang='lat' dir='ltr'><strong>sacriﬁcasse</strong></span> <span class='ocrx_word' id='word_1_29' title='bbox 1065 715 1082 741; x_wconf 89' lang='lat'><strong>,</strong></span> <span class='ocrx_word' id='word_1_30' title='bbox 1143 677 1327 731; x_wconf 82' lang='lat' dir='ltr'><strong>animo</strong></span> <span class='ocrx_word' id='word_1_31' title='bbox 1372 677 1690 747; x_wconf 70' lang='lat' dir='ltr'><strong>neutiquam</strong></span> <span class='ocrx_word' id='word_1_32' title='bbox 1749 678 1995 732; x_wconf 89' lang='lat' dir='ltr'><strong>conscio.</strong></span> <span class='ocrx_word' id='word_1_33' title='bbox 2068 676 2199 732; x_wconf 89' lang='lat' dir='ltr'><strong>Post</strong></span> <span class='ocrx_word' id='word_1_34' title='bbox 2238 678 2354 732; x_wconf 70' lang='lat' dir='ltr'><strong>haec</strong></span> <span class='ocrx_word' id='word_1_35' title='bbox 2404 677 2787 747; x_wconf 81' lang='lat' dir='ltr'><strong>imperatorem</strong></span> <span class='ocrx_word' id='word_1_36' title='bbox 2837 678 3142 743; x_wconf 75' lang='lat' dir='ltr'><strong>adeuntes,</strong></span> <span class='ocrx_word' id='word_1_37' title='bbox 3194 678 3438 748; x_wconf 89' lang='lat' dir='ltr'><strong>projecto</strong></span> <span class='ocrx_word' id='word_1_38' title='bbox 3500 678 3649 748; x_wconf 88' lang='lat' dir='ltr'><strong>quod</strong></span> 
     </span>
    </p>
   </div>
   <div class='ocr_carea' id='block_1_5' title="bbox 402 772 3642 845">
    <p class='ocr_par' dir='ltr' id='par_1_5' title="bbox 402 772 3642 845">
     <span class='ocr_line' id='line_1_5' title="bbox 402 772 3642 845; baseline -0.001 -17"><span class='ocrx_word' id='word_1_39' title='bbox 402 775 627 830; x_wconf 83' lang='lat' dir='ltr'><strong>dederat</strong></span> <span class='ocrx_word' id='word_1_40' title='bbox 661 789 817 839; x_wconf 83' lang='lat' dir='ltr'><strong>auro,</strong></span> <span class='ocrx_word' id='word_1_41' title='bbox 867 777 1141 845; x_wconf 89' lang='lat' dir='ltr'><strong>petierunt</strong></span> <span class='ocrx_word' id='word_1_42' title='bbox 1184 774 1477 829; x_wconf 81' lang='lat' dir='ltr'><strong>admodum</strong></span> <span class='ocrx_word' id='word_1_43' title='bbox 1514 772 1640 829; x_wconf 81' lang='lat' dir='ltr'><strong>forti</strong></span> <span class='ocrx_word' id='word_1_44' title='bbox 1670 773 1855 828; x_wconf 89' lang='lat' dir='ltr'><strong>animo</strong></span> <span class='ocrx_word' id='word_1_45' title='bbox 1919 782 1981 827; x_wconf 90' lang='lat' dir='ltr'><strong>ut</strong></span> <span class='ocrx_word' id='word_1_46' title='bbox 2052 772 2260 828; x_wconf 89' lang='lat' dir='ltr'><strong>donum</strong></span> <span class='ocrx_word' id='word_1_47' title='bbox 2320 789 2480 829; x_wconf 91' lang='lat' dir='ltr'><strong>suum</strong></span> <span class='ocrx_word' id='word_1_48' title='bbox 2539 774 2843 843; x_wconf 84' lang='lat' dir='ltr'><strong>reciperet,</strong></span> <span class='ocrx_word' id='word_1_49' title='bbox 2908 774 3060 843; x_wconf 90' lang='lat' dir='ltr'><strong>ipsos</strong></span> <span class='ocrx_word' id='word_1_50' title='bbox 3112 788 3245 829; x_wconf 87' lang='lat' dir='ltr'><strong>vero</strong></span> <span class='ocrx_word' id='word_1_51' title='bbox 3288 772 3642 827; x_wconf 89' lang='lat' dir='ltr'><strong>interﬁceret.</strong></span> 
     </span>
    </p>
   </div>
   <div class='ocr_carea' id='block_1_6' title="bbox 403 867 3646 940">
    <p class='ocr_par' dir='ltr' id='par_1_6' title="bbox 403 867 3646 940">
     <span class='ocr_line' id='line_1_6' title="bbox 403 867 3646 940; baseline -0.002 -17"><span class='ocrx_word' id='word_1_52' title='bbox 403 867 593 940; x_wconf 84' lang='lat' dir='ltr'><strong>Neque</strong></span> <span class='ocrx_word' id='word_1_53' title='bbox 627 870 772 925; x_wconf 82' lang='lat' dir='ltr'><strong>enim</strong></span> <span class='ocrx_word' id='word_1_54' title='bbox 808 885 871 925; x_wconf 92' lang='lat' dir='ltr'><strong>se</strong></span> <span class='ocrx_word' id='word_1_55' title='bbox 916 878 1227 925; x_wconf 85' lang='lat' dir='ltr'><strong>mutaturos</strong></span> <span class='ocrx_word' id='word_1_56' title='bbox 1257 868 1606 935; x_wconf 87' lang='lat' dir='ltr'><strong>sententiam,</strong></span> <span class='ocrx_word' id='word_1_57' title='bbox 1678 869 1724 924; x_wconf 92' lang='lat' dir='ltr'><strong>si</strong></span> <span class='ocrx_word' id='word_1_58' title='bbox 1790 882 1890 938; x_wconf 92' lang='lat' dir='ltr'><strong>pro</strong></span> <span class='ocrx_word' id='word_1_59' title='bbox 1955 868 2163 924; x_wconf 83' lang='lat' dir='ltr'><strong>scelere</strong></span> <span class='ocrx_word' id='word_1_60' title='bbox 2196 869 2345 939; x_wconf 80' lang='lat' dir='ltr'><strong>quod</strong></span> <span class='ocrx_word' id='word_1_61' title='bbox 2383 883 2581 923; x_wconf 88' lang='lat' dir='ltr'><strong>manus</strong></span> <span class='ocrx_word' id='word_1_62' title='bbox 2646 868 2890 939; x_wconf 90' lang='lat' dir='ltr'><strong>ipsorum</strong></span> <span class='ocrx_word' id='word_1_63' title='bbox 2926 867 3241 934; x_wconf 86' lang='lat' dir='ltr'><strong>admiserat,</strong></span> <span class='ocrx_word' id='word_1_64' title='bbox 3272 873 3388 921; x_wconf 90' lang='lat' dir='ltr'><strong>toto</strong></span> <span class='ocrx_word' id='word_1_65' title='bbox 3414 878 3646 934; x_wconf 84' lang='lat' dir='ltr'><strong>corpore</strong></span> 
     </span>
    </p>
   </div>
   <div class='ocr_carea' id='block_1_7' title="bbox 406 959 3647 1032">
    <p class='ocr_par' dir='ltr' id='par_1_7' title="bbox 406 959 3647 1032">
     <span class='ocr_line' id='line_1_7' title="bbox 406 959 3647 1032; baseline -0.002 -15"><span class='ocrx_word' id='word_1_66' title='bbox 406 976 599 1029; x_wconf 65' lang='lat' dir='ltr'><strong>pinnas</strong></span> <span class='ocrx_word' id='word_1_67' title='bbox 645 962 1041 1032; x_wconf 79' lang='lat' dir='ltr'><strong>persolverent,</strong></span> <span class='ocrx_word' id='word_1_68' title='bbox 1070 970 1291 1032; x_wconf 84' lang='lat' dir='ltr'><strong>propter</strong></span> <span class='ocrx_word' id='word_1_69' title='bbox 1326 961 1628 1016; x_wconf 85' lang='lat' dir='ltr'><strong>Christum.</strong></span> <span class='ocrx_word' id='word_1_70' title='bbox 1675 959 1977 1031; x_wconf 89' lang='lat' dir='ltr'><strong>Imperator</strong></span> <span class='ocrx_word' id='word_1_71' title='bbox 2014 974 2165 1027; x_wconf 90' lang='lat' dir='ltr'><strong>vero,</strong></span> <span class='ocrx_word' id='word_1_72' title='bbox 2190 961 2444 1031; x_wconf 83' lang='lat' dir='ltr'><strong>quamvis</strong></span> <span class='ocrx_word' id='word_1_73' title='bbox 2465 959 2693 1016; x_wconf 77' lang='lat' dir='ltr'><strong>eoiacto</strong></span> <span class='ocrx_word' id='word_1_74' title='bbox 2712 968 3069 1029; x_wconf 79' lang='lat' dir='ltr'><strong>exasperatus</strong></span> <span class='ocrx_word' id='word_1_75' title='bbox 3089 965 3263 1022; x_wconf 82' lang='lat' dir='ltr'><strong>esset,</strong></span> <span class='ocrx_word' id='word_1_76' title='bbox 3312 970 3416 1012; x_wconf 87' lang='lat' dir='ltr'><strong>eos</strong></span> <span class='ocrx_word' id='word_1_77' title='bbox 3463 963 3647 1010; x_wconf 87' lang='lat' dir='ltr'><strong>tamen</strong></span> 
     </span>
    </p>
   </div>
   <div class='ocr_carea' id='block_1_8' title="bbox 402 1049 3129 1123">
    <p class='ocr_par' dir='ltr' id='par_1_8' title="bbox 402 1049 3129 1123">
     <span class='ocr_line' id='line_1_8' title="bbox 402 1049 3129 1123; baseline -0.003 -15"><span class='ocrx_word' id='word_1_78' title='bbox 402 1053 663 1108; x_wconf 86' lang='lat' dir='ltr'><strong>occidere</strong></span> <span class='ocrx_word' id='word_1_79' title='bbox 687 1051 884 1117; x_wconf 89' lang='lat' dir='ltr'><strong>noluit,</strong></span> <span class='ocrx_word' id='word_1_80' title='bbox 920 1066 990 1107; x_wconf 82' lang='lat' dir='ltr'><strong>ne</strong></span> <span class='ocrx_word' id='word_1_81' title='bbox 1020 1050 1282 1106; x_wconf 80' lang='lat' dir='ltr'><strong>honorem</strong></span> <span class='ocrx_word' id='word_1_82' title='bbox 1310 1050 1559 1123; x_wconf 85' lang='lat' dir='ltr'><strong>martyrii</strong></span> <span class='ocrx_word' id='word_1_83' title='bbox 1594 1050 2028 1122; x_wconf 81' lang='lat' dir='ltr'><strong>adipiscerentur</strong></span> <span class='ocrx_word' id='word_1_84' title='bbox 2063 1068 2078 1105; x_wconf 90' lang='lat'><strong>:</strong></span> <span class='ocrx_word' id='word_1_85' title='bbox 2120 1054 2215 1107; x_wconf 91' lang='lat' dir='ltr'><strong>sed</strong></span> <span class='ocrx_word' id='word_1_86' title='bbox 2244 1057 2634 1107; x_wconf 70' lang='lat' dir='ltr'><strong>exauctoratos</strong></span> <span class='ocrx_word' id='word_1_87' title='bbox 2666 1049 2871 1122; x_wconf 89' lang='lat' dir='ltr'><strong>palatio</strong></span> <span class='ocrx_word' id='word_1_88' title='bbox 2900 1049 3129 1119; x_wconf 78' lang='lat' dir='ltr'><strong>expulit.</strong></span> 
     </span>
    </p>
   </div>
   <div class='ocr_carea' id='block_1_9' title="bbox 985 1141 1391 1198">
    <p class='ocr_par' dir='ltr' id='par_1_9' title="bbox 985 1141 1391 1198">
     <span class='ocr_line' id='line_1_9' title="bbox 985 1141 1391 1198; baseline 0.005 -3"><span class='ocrx_word' id='word_1_89' title='bbox 985 1144 1237 1196; x_wconf 80' lang='grc' dir='ltr'><strong>ΚΕΦΑΛ.</strong></span> <span class='ocrx_word' id='word_1_90' title='bbox 1279 1141 1391 1198; x_wconf 80' lang='lat' dir='ltr'><strong>IH&#39;.</strong></span> 
     </span>
    </p>
   </div>
   <div class='ocr_carea' id='block_1_10' title="bbox 414 1229 1981 1300">
    <p class='ocr_par' dir='ltr' id='par_1_10' title="bbox 414 1229 1981 1300">
     <span class='ocr_line' id='line_1_10' title="bbox 414 1229 1981 1300; baseline -0.002 -12"><span class='ocrx_word' id='word_1_91' title='bbox 414 1234 512 1300; x_wconf 80' lang='grc' dir='ltr'>Ὡς</span> <span class='ocrx_word' id='word_1_92' title='bbox 538 1232 856 1299; x_wconf 75' lang='grc' dir='ltr'>Ἰουλιανὸς</span> <span class='ocrx_word' id='word_1_93' title='bbox 892 1231 1118 1286; x_wconf 77' lang='grc' dir='ltr'>ἐκώλυε</span> <span class='ocrx_word' id='word_1_94' title='bbox 1153 1230 1545 1300; x_wconf 82' lang='grc' dir='ltr'>Χριστιανοὺς</span> <span class='ocrx_word' id='word_1_95' title='bbox 1591 1231 1690 1285; x_wconf 81' lang='grc' dir='ltr'><strong>καί</strong></span> <span class='ocrx_word' id='word_1_96' title='bbox 1730 1229 1981 1300; x_wconf 77' lang='grc' dir='ltr'>ἀγορῶν.</span> 
     </span>
    </p>
   </div>
   <div class='ocr_carea' id='block_1_11' title="bbox 471 1300 1988 1370">
    <p class='ocr_par' dir='ltr' id='par_1_11' title="bbox 471 1300 1988 1370">
     <span class='ocr_line' id='line_1_11' title="bbox 471 1300 1988 1370; baseline -0.003 -11"><span class='ocrx_word' id='word_1_97' title='bbox 471 1304 572 1359; x_wconf 75' lang='grc' dir='ltr'>καὶ</span> <span class='ocrx_word' id='word_1_98' title='bbox 602 1304 888 1370; x_wconf 80' lang='grc' dir='ltr'>κρίσεων,</span> <span class='ocrx_word' id='word_1_99' title='bbox 919 1311 1014 1357; x_wconf 74' lang='grc' dir='ltr'>καὶ</span> <span class='ocrx_word' id='word_1_100' title='bbox 1040 1303 1148 1357; x_wconf 83' lang='grc' dir='ltr'>τοῦ</span> <span class='ocrx_word' id='word_1_101' title='bbox 1188 1302 1578 1370; x_wconf 82' lang='grc' dir='ltr'><strong>μετέρχεσθαι</strong></span> <span class='ocrx_word' id='word_1_102' title='bbox 1617 1300 1734 1369; x_wconf 76' lang='grc' dir='ltr'><strong>τὴν</strong></span> <span class='ocrx_word' id='word_1_103' title='bbox 1774 1302 1988 1368; x_wconf 69' lang='grc' dir='ltr'>Ἐλλη-</span> 
     </span>
    </p>
   </div>
   <div class='ocr_carea' id='block_1_12' title="bbox 475 1371 1987 1439">
    <p class='ocr_par' dir='ltr' id='par_1_12' title="bbox 475 1371 1987 1439">
     <span class='ocr_line' id='line_1_12' title="bbox 475 1371 1987 1439; baseline -0.003 -12"><span class='ocrx_word' id='word_1_104' title='bbox 475 1373 652 1439; x_wconf 80' lang='grc' dir='ltr'>νικὴν</span> <span class='ocrx_word' id='word_1_105' title='bbox 694 1373 999 1426; x_wconf 78' lang='grc' dir='ltr'><strong>παιδείαν·</strong></span> <span class='ocrx_word' id='word_1_106' title='bbox 1038 1374 1136 1426; x_wconf 79' lang='grc' dir='ltr'>καὶ</span> <span class='ocrx_word' id='word_1_107' title='bbox 1190 1373 1324 1438; x_wconf 78' lang='grc' dir='ltr'>περὶ</span> <span class='ocrx_word' id='word_1_108' title='bbox 1363 1372 1686 1427; x_wconf 69' lang='grc' dir='ltr'>Βασιλείαν</span> <span class='ocrx_word' id='word_1_109' title='bbox 1731 1371 1836 1425; x_wconf 85' lang='grc' dir='ltr'>τοῦ</span> <span class='ocrx_word' id='word_1_110' title='bbox 1870 1374 1987 1425; x_wconf 82' lang='grc' dir='ltr'><strong>Με-</strong></span> 
     </span>
    </p>
   </div>
   <div class='ocr_carea' id='block_1_13' title="bbox 477 1441 1986 1510">
    <p class='ocr_par' dir='ltr' id='par_1_13' title="bbox 477 1441 1986 1510">
     <span class='ocr_line' id='line_1_13' title="bbox 477 1441 1986 1510; baseline -0.004 -13"><span class='ocrx_word' id='word_1_111' title='bbox 477 1443 684 1510; x_wconf 73' lang='grc' dir='ltr'>γάλου,</span> <span class='ocrx_word' id='word_1_112' title='bbox 718 1442 1049 1509; x_wconf 78' lang='grc' dir='ltr'>Γρηγορίου</span> <span class='ocrx_word' id='word_1_113' title='bbox 1099 1441 1207 1496; x_wconf 84' lang='grc' dir='ltr'>τοῦ</span> <span class='ocrx_word' id='word_1_114' title='bbox 1257 1442 1575 1510; x_wconf 67' lang='grc' dir='ltr'>Θεολόγου,</span> <span class='ocrx_word' id='word_1_115' title='bbox 1616 1442 1713 1497; x_wconf 77' lang='grc' dir='ltr'>καὶ</span> <span class='ocrx_word' id='word_1_116' title='bbox 1765 1442 1986 1493; x_wconf 75' lang='grc' dir='ltr'>Ἀπολι-</span> 
     </span>
    </p>
   </div>
   <div class='ocr_carea' id='block_1_14' title="bbox 472 1509 1986 1580">
    <p class='ocr_par' dir='ltr' id='par_1_14' title="bbox 472 1509 1986 1580">
     <span class='ocr_line' id='line_1_14' title="bbox 472 1509 1986 1580; baseline -0.001 -18"><span class='ocrx_word' id='word_1_117' title='bbox 472 1512 705 1579; x_wconf 77' lang='grc' dir='ltr'>ναρίου,</span> <span class='ocrx_word' id='word_1_118' title='bbox 734 1510 1189 1580; x_wconf 79' lang='grc' dir='ltr'><strong>ἀνθισταμένων</strong></span> <span class='ocrx_word' id='word_1_119' title='bbox 1233 1509 1413 1580; x_wconf 60' lang='grc' dir='ltr'>αὐτῷ,</span> <span class='ocrx_word' id='word_1_120' title='bbox 1452 1510 1549 1563; x_wconf 77' lang='grc' dir='ltr'><strong>καί</strong></span> <span class='ocrx_word' id='word_1_121' title='bbox 1590 1510 1986 1580; x_wconf 64' lang='grc' dir='ltr'>μεταϐαλλόνο</span> 
     </span>
    </p>
   </div>
   <div class='ocr_carea' id='block_1_15' title="bbox 469 1578 1979 1648">
    <p class='ocr_par' dir='ltr' id='par_1_15' title="bbox 469 1578 1979 1648">
     <span class='ocr_line' id='line_1_15' title="bbox 469 1578 1979 1648; baseline -0.003 -14"><span class='ocrx_word' id='word_1_122' title='bbox 469 1578 588 1634; x_wconf 74' lang='grc' dir='ltr'><strong>των</strong></span> <span class='ocrx_word' id='word_1_123' title='bbox 646 1581 719 1634; x_wconf 81' lang='grc' dir='ltr'>τὰ</span> <span class='ocrx_word' id='word_1_124' title='bbox 762 1580 891 1635; x_wconf 81' lang='grc' dir='ltr'>θεῖα</span> <span class='ocrx_word' id='word_1_125' title='bbox 951 1578 1103 1648; x_wconf 66' lang='grc' dir='ltr'>πρὸς</span> <span class='ocrx_word' id='word_1_126' title='bbox 1167 1581 1283 1646; x_wconf 82' lang='grc' dir='ltr'><strong>τὴν</strong></span> <span class='ocrx_word' id='word_1_127' title='bbox 1309 1578 1675 1645; x_wconf 72' lang='grc' dir='ltr'>Ἑλληνικὴν</span> <span class='ocrx_word' id='word_1_128' title='bbox 1725 1579 1979 1647; x_wconf 71' lang='grc' dir='ltr'>φράσιν·</span> 
     </span>
    </p>
   </div>
   <div class='ocr_carea' id='block_1_16' title="bbox 472 1648 1985 1718">
    <p class='ocr_par' dir='ltr' id='par_1_16' title="bbox 472 1648 1985 1718">
     <span class='ocr_line' id='line_1_16' title="bbox 472 1648 1985 1718; baseline -0.001 -15"><span class='ocrx_word' id='word_1_129' title='bbox 472 1651 584 1718; x_wconf 80' lang='grc' dir='ltr'><strong>καί</strong></span> <span class='ocrx_word' id='word_1_130' title='bbox 622 1648 861 1718; x_wconf 63' lang='grc' dir='ltr'>μᾶλλον</span> <span class='ocrx_word' id='word_1_131' title='bbox 905 1650 1355 1716; x_wconf 74' lang='grc' dir='ltr'>Ἀπολινάριος,</span> <span class='ocrx_word' id='word_1_132' title='bbox 1420 1650 1518 1702; x_wconf 80' lang='grc' dir='ltr'>καὶ</span> <span class='ocrx_word' id='word_1_133' title='bbox 1573 1649 1901 1717; x_wconf 80' lang='grc' dir='ltr'>Γρηγόριος</span> <span class='ocrx_word' id='word_1_134' title='bbox 1951 1650 1985 1702; x_wconf 83' lang='grc' dir='ltr'><strong>ό</strong></span> 
     </span>
    </p>
   </div>
   <div class='ocr_carea' id='block_1_17' title="bbox 470 1717 1979 1787">
    <p class='ocr_par' dir='ltr' id='par_1_17' title="bbox 470 1717 1979 1787">
     <span class='ocr_line' id='line_1_17' title="bbox 470 1717 1979 1787; baseline -0.002 -14"><span class='ocrx_word' id='word_1_135' title='bbox 470 1717 894 1786; x_wconf 66' lang='grc' dir='ltr'>Ναζῖανζηνός·</span> <span class='ocrx_word' id='word_1_136' title='bbox 935 1722 969 1773; x_wconf 81' lang='grc' dir='ltr'><em>ὁ</em></span> <span class='ocrx_word' id='word_1_137' title='bbox 1008 1719 1125 1787; x_wconf 78' lang='grc' dir='ltr'><strong>μὲν</strong></span> <span class='ocrx_word' id='word_1_138' title='bbox 1167 1719 1493 1787; x_wconf 68' lang='grc' dir='ltr'>ῥητορικῶς</span> <span class='ocrx_word' id='word_1_139' title='bbox 1536 1721 1677 1773; x_wconf 73' lang='grc' dir='ltr'>λίαν</span> <span class='ocrx_word' id='word_1_140' title='bbox 1710 1719 1979 1787; x_wconf 71' lang='grc' dir='ltr'><strong>γράςρων⁸</strong></span> 
     </span>
    </p>
   </div>
   <div class='ocr_carea' id='block_1_18' title="bbox 471 1788 1974 1857">
    <p class='ocr_par' dir='ltr' id='par_1_18' title="bbox 471 1788 1974 1857">
     <span class='ocr_line' id='line_1_18' title="bbox 471 1788 1974 1857; baseline -0.002 -14"><span class='ocrx_word' id='word_1_141' title='bbox 471 1792 504 1843; x_wconf 88' lang='grc' dir='ltr'><strong>ό</strong></span> <span class='ocrx_word' id='word_1_142' title='bbox 536 1788 605 1841; x_wconf 86' lang='grc' dir='ltr'>δὲ</span> <span class='ocrx_word' id='word_1_143' title='bbox 626 1788 901 1857; x_wconf 77' lang='grc' dir='ltr'>ὴρωτζων,</span> <span class='ocrx_word' id='word_1_144' title='bbox 936 1790 1034 1842; x_wconf 76' lang='grc' dir='ltr'>καὶ</span> <span class='ocrx_word' id='word_1_145' title='bbox 1081 1788 1278 1842; x_wconf 81' lang='grc' dir='ltr'>πάντα</span> <span class='ocrx_word' id='word_1_146' title='bbox 1314 1788 1571 1855; x_wconf 76' lang='grc' dir='ltr'>ποιητὴν</span> <span class='ocrx_word' id='word_1_147' title='bbox 1596 1790 1974 1857; x_wconf 81' lang='grc' dir='ltr'>μιμούμενος.</span> 
     </span>
    </p>
   </div>
   <div class='ocr_carea' id='block_1_19' title="bbox 472 1878 1981 1951">
    <p class='ocr_par' dir='ltr' id='par_1_19' title="bbox 472 1878 1981 1951">
     <span class='ocr_line' id='line_1_19' title="bbox 472 1878 1981 1951; baseline 0.001 -20"><span class='ocrx_word' id='word_1_148' title='bbox 472 1878 690 1950; x_wconf 84' lang='grc' dir='ltr'><strong>Ταύτης</strong></span> <span class='ocrx_word' id='word_1_149' title='bbox 746 1880 804 1933; x_wconf 84' lang='grc' dir='ltr'><strong>δέ</strong></span> <span class='ocrx_word' id='word_1_150' title='bbox 846 1880 943 1949; x_wconf 84' lang='grc' dir='ltr'>τῆς</span> <span class='ocrx_word' id='word_1_151' title='bbox 990 1879 1214 1951; x_wconf 85' lang='grc' dir='ltr'><strong>γνώμης</strong></span> <span class='ocrx_word' id='word_1_152' title='bbox 1272 1880 1367 1933; x_wconf 77' lang='grc' dir='ltr'>καὶ</span> <span class='ocrx_word' id='word_1_153' title='bbox 1422 1881 1549 1951; x_wconf 76' lang='grc' dir='ltr'>περὶ</span> <span class='ocrx_word' id='word_1_154' title='bbox 1614 1880 1817 1943; x_wconf 82' lang='grc' dir='ltr'><strong>πάντας</strong></span> <span class='ocrx_word' id='word_1_155' title='bbox 1857 1881 1981 1939; x_wconf 80' lang='grc' dir='ltr'>τοὺς</span> 
     </span>
    </p>
   </div>
   <div class='ocr_carea' id='block_1_20' title="bbox 402 1970 1977 2043">
    <p class='ocr_par' dir='ltr' id='par_1_20' title="bbox 402 1970 1977 2043">
     <span class='ocr_line' id='line_1_20' title="bbox 402 1970 1977 2043; baseline -0.001 -19"><span class='ocrx_word' id='word_1_156' title='bbox 402 1972 759 2042; x_wconf 80' lang='grc' dir='ltr'>Χριστιανοὺς</span> <span class='ocrx_word' id='word_1_157' title='bbox 805 1972 1071 2043; x_wconf 82' lang='grc' dir='ltr'><strong>ὑπῆρχεν,</strong></span> <span class='ocrx_word' id='word_1_158' title='bbox 1118 1972 1369 2041; x_wconf 80' lang='grc' dir='ltr'><strong>ἀφορμῆς</strong></span> <span class='ocrx_word' id='word_1_159' title='bbox 1404 1970 1722 2041; x_wconf 76' lang='grc' dir='ltr'>λαϐόμενος·</span> <span class='ocrx_word' id='word_1_160' title='bbox 1770 1972 1977 2039; x_wconf 83' lang='grc' dir='ltr'>ὃπουγε</span> 
     </span>
    </p>
   </div>
   <div class='ocr_carea' id='block_1_21' title="bbox 402 2062 1976 2134">
    <p class='ocr_par' dir='ltr' id='par_1_21' title="bbox 402 2062 1976 2134">
     <span class='ocr_line' id='line_1_21' title="bbox 402 2062 1976 2134; baseline 0 -18"><span class='ocrx_word' id='word_1_161' title='bbox 402 2064 495 2117; x_wconf 80' lang='grc' dir='ltr'>καὶ</span> <span class='ocrx_word' id='word_1_162' title='bbox 558 2063 722 2133; x_wconf 82' lang='grc' dir='ltr'>μηδὲν</span> <span class='ocrx_word' id='word_1_163' title='bbox 766 2063 1018 2132; x_wconf 78' lang='grc' dir='ltr'><strong>ἐγκαλεῖν</strong></span> <span class='ocrx_word' id='word_1_164' title='bbox 1065 2063 1201 2134; x_wconf 77' lang='grc' dir='ltr'>ἔχων</span> <span class='ocrx_word' id='word_1_165' title='bbox 1226 2106 1240 2129; x_wconf 88' lang='grc'><strong>,</strong></span> <span class='ocrx_word' id='word_1_166' title='bbox 1290 2063 1752 2133; x_wconf 83' lang='grc' dir='ltr'><strong>παραιτουμένους</strong></span> <span class='ocrx_word' id='word_1_167' title='bbox 1807 2062 1976 2127; x_wconf 85' lang='grc' dir='ltr'><strong>θύειν,</strong></span> 
     </span>
    </p>
   </div>
   <div class='ocr_carea' id='block_1_22' title="bbox 406 2154 1980 2225">
    <p class='ocr_par' dir='ltr' id='par_1_22' title="bbox 406 2154 1980 2225">
     <span class='ocr_line' id='line_1_22' title="bbox 406 2154 1980 2225; baseline -0.001 -17"><span class='ocrx_word' id='word_1_168' title='bbox 406 2155 762 2219; x_wconf 75' lang='grc' dir='ltr'>ἰσοπολιτείας</span> <span class='ocrx_word' id='word_1_169' title='bbox 792 2154 1003 2225; x_wconf 75' lang='grc' dir='ltr'><strong>ἐφθόνει</strong></span> <span class='ocrx_word' id='word_1_170' title='bbox 1044 2155 1138 2208; x_wconf 72' lang='grc' dir='ltr'><strong>καὶ</strong></span> <span class='ocrx_word' id='word_1_171' title='bbox 1178 2154 1451 2225; x_wconf 89' lang='grc' dir='ltr'>συλλόγων</span> <span class='ocrx_word' id='word_1_172' title='bbox 1478 2155 1571 2208; x_wconf 78' lang='grc' dir='ltr'>καὶ</span> <span class='ocrx_word' id='word_1_173' title='bbox 1594 2154 1816 2223; x_wconf 74' lang='grc' dir='ltr'>ἀγορῶν</span> <span class='ocrx_word' id='word_1_174' title='bbox 1854 2172 1980 2225; x_wconf 89' lang='grc' dir='ltr'>μετ-</span> 
     </span>
    </p>
   </div>
   <div class='ocr_carea' id='block_1_23' title="bbox 402 2245 1980 2318">
    <p class='ocr_par' dir='ltr' id='par_1_23' title="bbox 402 2245 1980 2318">
     <span class='ocr_line' id='line_1_23' title="bbox 402 2245 1980 2318; baseline 0.001 -19"><span class='ocrx_word' id='word_1_175' title='bbox 402 2248 565 2316; x_wconf 87' lang='grc' dir='ltr'>έχειν.</span> <span class='ocrx_word' id='word_1_176' title='bbox 604 2247 716 2299; x_wconf 77' lang='grc' dir='ltr'>Καὶ</span> <span class='ocrx_word' id='word_1_177' title='bbox 743 2245 836 2299; x_wconf 82' lang='grc' dir='ltr'>τοῦ</span> <span class='ocrx_word' id='word_1_178' title='bbox 860 2246 1096 2310; x_wconf 73' lang='grc' dir='ltr'><strong>δικάζειν</strong></span> <span class='ocrx_word' id='word_1_179' title='bbox 1122 2246 1155 2317; x_wconf 78' lang='grc' dir='ltr'>ἢ</span> <span class='ocrx_word' id='word_1_180' title='bbox 1182 2247 1367 2318; x_wconf 83' lang='grc' dir='ltr'>ἄρχειν</span> <span class='ocrx_word' id='word_1_181' title='bbox 1411 2246 1444 2318; x_wconf 81' lang='grc' dir='ltr'>ἢ</span> <span class='ocrx_word' id='word_1_182' title='bbox 1498 2246 1822 2317; x_wconf 79' lang='grc' dir='ltr'>ἀξιωμάτων</span> <span class='ocrx_word' id='word_1_183' title='bbox 1867 2264 1980 2300; x_wconf 84' lang='grc' dir='ltr'>κοι-</span> 
     </span>
    </p>
   </div>
   <div class='ocr_carea' id='block_1_24' title="bbox 401 2337 1979 2415">
    <p class='ocr_par' dir='ltr' id='par_1_24' title="bbox 401 2337 1979 2415">
     <span class='ocr_line' id='line_1_24' title="bbox 401 2337 1979 2415; baseline -0.001 -22"><span class='ocrx_word' id='word_1_184' title='bbox 401 2341 588 2393; x_wconf 85' lang='grc' dir='ltr'>νωνεῖν</span> <span class='ocrx_word' id='word_1_185' title='bbox 621 2338 682 2390; x_wconf 85' lang='grc' dir='ltr'><strong>οὐ</strong></span> <span class='ocrx_word' id='word_1_186' title='bbox 725 2338 1028 2415; x_wconf 73' lang='grc' dir='ltr'>μετεδίδουο</span> <span class='ocrx_word' id='word_1_187' title='bbox 1064 2338 1125 2390; x_wconf 86' lang='grc' dir='ltr'><strong>ού</strong></span> <span class='ocrx_word' id='word_1_188' title='bbox 1172 2337 1278 2409; x_wconf 84' lang='grc' dir='ltr'>μὴν</span> <span class='ocrx_word' id='word_1_189' title='bbox 1307 2338 1426 2391; x_wconf 83' lang='grc' dir='ltr'>οὐδὲ</span> <span class='ocrx_word' id='word_1_190' title='bbox 1469 2337 1595 2401; x_wconf 87' lang='grc' dir='ltr'>τοὺς</span> <span class='ocrx_word' id='word_1_191' title='bbox 1638 2338 1817 2391; x_wconf 83' lang='grc' dir='ltr'>αὐτῶν</span> <span class='ocrx_word' id='word_1_192' title='bbox 1849 2340 1979 2391; x_wconf 87' lang='grc' dir='ltr'>παῖ-</span> 
     </span>
    </p>
   </div>
   <div class='ocr_carea' id='block_1_25' title="bbox 401 2428 1978 2502">
    <p class='ocr_par' dir='ltr' id='par_1_25' title="bbox 401 2428 1978 2502">
     <span class='ocr_line' id='line_1_25' title="bbox 401 2428 1978 2502; baseline 0.001 -19"><span class='ocrx_word' id='word_1_193' title='bbox 401 2430 496 2492; x_wconf 85' lang='grc' dir='ltr'><strong>δας</strong></span> <span class='ocrx_word' id='word_1_194' title='bbox 522 2428 810 2499; x_wconf 79' lang='grc' dir='ltr'>ξυνεχώρει</span> <span class='ocrx_word' id='word_1_195' title='bbox 834 2430 1246 2485; x_wconf 79' lang='grc' dir='ltr'>ἐκδιδάσκεσθαι</span> <span class='ocrx_word' id='word_1_196' title='bbox 1274 2432 1400 2495; x_wconf 80' lang='grc' dir='ltr'>τοὺς</span> <span class='ocrx_word' id='word_1_197' title='bbox 1423 2430 1554 2501; x_wconf 80' lang='grc' dir='ltr'>παρ’</span> <span class='ocrx_word' id='word_1_198' title='bbox 1577 2430 1799 2498; x_wconf 87' lang='grc' dir='ltr'>Ἕλλησι</span> <span class='ocrx_word' id='word_1_199' title='bbox 1824 2449 1978 2502; x_wconf 81' lang='grc' dir='ltr'>ποιη-</span> 
     </span>
    </p>
   </div>
   <div class='ocr_carea' id='block_1_26' title="bbox 402 2520 1980 2591">
    <p class='ocr_par' dir='ltr' id='par_1_26' title="bbox 402 2520 1980 2591">
     <span class='ocr_line' id='line_1_26' title="bbox 402 2520 1980 2591; baseline 0.001 -20"><span class='ocrx_word' id='word_1_200' title='bbox 402 2520 501 2583; x_wconf 85' lang='grc' dir='ltr'>τὰς</span> <span class='ocrx_word' id='word_1_201' title='bbox 542 2520 634 2572; x_wconf 76' lang='grc' dir='ltr'><strong>καὶ</strong></span> <span class='ocrx_word' id='word_1_202' title='bbox 677 2520 1048 2591; x_wconf 80' lang='grc' dir='ltr'>συγγραφέας,</span> <span class='ocrx_word' id='word_1_203' title='bbox 1089 2521 1210 2574; x_wconf 83' lang='grc' dir='ltr'>οὐδὲ</span> <span class='ocrx_word' id='word_1_204' title='bbox 1250 2524 1362 2585; x_wconf 88' lang='grc' dir='ltr'>τοῖς</span> <span class='ocrx_word' id='word_1_205' title='bbox 1400 2520 1603 2574; x_wconf 89' lang='grc' dir='ltr'>τούτων</span> <span class='ocrx_word' id='word_1_206' title='bbox 1642 2520 1980 2583; x_wconf 82' lang='grc' dir='ltr'>διδασκάλοις</span> 
     </span>
    </p>
   </div>
   <div class='ocr_carea' id='block_1_27' title="bbox 403 2611 1979 2684">
    <p class='ocr_par' dir='ltr' id='par_1_27' title="bbox 403 2611 1979 2684">
     <span class='ocr_line' id='line_1_27' title="bbox 403 2611 1979 2684; baseline 0.002 -22"><span class='ocrx_word' id='word_1_207' title='bbox 403 2612 617 2681; x_wconf 79' lang='grc' dir='ltr'>φοιτᾷν.</span> <span class='ocrx_word' id='word_1_208' title='bbox 664 2611 881 2664; x_wconf 85' lang='grc' dir='ltr'>Ἐλύπει</span> <span class='ocrx_word' id='word_1_209' title='bbox 910 2611 1019 2683; x_wconf 86' lang='grc' dir='ltr'>γὰρ</span> <span class='ocrx_word' id='word_1_210' title='bbox 1051 2612 1211 2665; x_wconf 83' lang='grc' dir='ltr'>αὑτὸν</span> <span class='ocrx_word' id='word_1_211' title='bbox 1238 2612 1298 2665; x_wconf 85' lang='grc' dir='ltr'><strong>οὐ</strong></span> <span class='ocrx_word' id='word_1_212' title='bbox 1333 2612 1567 2684; x_wconf 82' lang='grc' dir='ltr'>μετρίως</span> <span class='ocrx_word' id='word_1_213' title='bbox 1609 2612 1979 2683; x_wconf 79' lang='grc' dir='ltr'>Ἀπολινὰριος</span> 
     </span>
    </p>
   </div>
   <div class='ocr_carea' id='block_1_28' title="bbox 402 2699 1982 2771">
    <p class='ocr_par' dir='ltr' id='par_1_28' title="bbox 402 2699 1982 2771">
     <span class='ocr_line' id='line_1_28' title="bbox 402 2699 1982 2771; baseline 0.001 -18"><span class='ocrx_word' id='word_1_214' title='bbox 402 2702 432 2753; x_wconf 86' lang='grc' dir='ltr'><strong>ό</strong></span> <span class='ocrx_word' id='word_1_215' title='bbox 465 2700 654 2769; x_wconf 84' lang='grc' dir='ltr'>Σύρος,</span> <span class='ocrx_word' id='word_1_216' title='bbox 695 2699 831 2771; x_wconf 80' lang='grc' dir='ltr'>πρὸς</span> <span class='ocrx_word' id='word_1_217' title='bbox 882 2700 1230 2771; x_wconf 71' lang='grc' dir='ltr'>παντοδαπὴν</span> <span class='ocrx_word' id='word_1_218' title='bbox 1268 2700 1472 2770; x_wconf 79' lang='grc' dir='ltr'>εἴδησιν</span> <span class='ocrx_word' id='word_1_219' title='bbox 1498 2701 1592 2754; x_wconf 81' lang='grc' dir='ltr'><strong>καὶ</strong></span> <span class='ocrx_word' id='word_1_220' title='bbox 1634 2700 1805 2770; x_wconf 85' lang='grc' dir='ltr'>λόγων</span> <span class='ocrx_word' id='word_1_221' title='bbox 1840 2701 1982 2755; x_wconf 80' lang='grc' dir='ltr'>ἰδέαν</span> 
     </span>
    </p>
   </div>
   <div class='ocr_carea' id='block_1_29' title="bbox 404 2792 1979 2863">
    <p class='ocr_par' dir='ltr' id='par_1_29' title="bbox 404 2792 1979 2863">
     <span class='ocr_line' id='line_1_29' title="bbox 404 2792 1979 2863; baseline 0.001 -19"><span class='ocrx_word' id='word_1_222' title='bbox 404 2792 950 2862; x_wconf 75' lang='grc' dir='ltr'>παρεσκευασμένος·</span> <span class='ocrx_word' id='word_1_223' title='bbox 1004 2792 1280 2856; x_wconf 86' lang='grc' dir='ltr'>Βασίλειός</span> <span class='ocrx_word' id='word_1_224' title='bbox 1324 2809 1384 2845; x_wconf 87' lang='grc' dir='ltr'><strong>τε</strong></span> <span class='ocrx_word' id='word_1_225' title='bbox 1442 2794 1537 2846; x_wconf 81' lang='grc' dir='ltr'><strong>καὶ</strong></span> <span class='ocrx_word' id='word_1_226' title='bbox 1584 2793 1880 2863; x_wconf 85' lang='grc' dir='ltr'>Γρηγόριος</span> <span class='ocrx_word' id='word_1_227' title='bbox 1928 2792 1979 2846; x_wconf 82' lang='grc' dir='ltr'><strong>σί</strong></span> 
     </span>
    </p>
   </div>
   <div class='ocr_carea' id='block_1_30' title="bbox 406 2883 1977 2956">
    <p class='ocr_par' dir='ltr' id='par_1_30' title="bbox 406 2883 1977 2956">
     <span class='ocr_line' id='line_1_30' title="bbox 406 2883 1977 2956; baseline 0 -19"><span class='ocrx_word' id='word_1_228' title='bbox 406 2884 791 2947; x_wconf 72' lang='grc' dir='ltr'>Καππαδόκαι,</span> <span class='ocrx_word' id='word_1_229' title='bbox 823 2883 1353 2956; x_wconf 68' lang='grc' dir='ltr'>παρευδοκιμῶντες</span> <span class='ocrx_word' id='word_1_230' title='bbox 1393 2884 1517 2946; x_wconf 79' lang='grc' dir='ltr'>τοὺς</span> <span class='ocrx_word' id='word_1_231' title='bbox 1561 2883 1677 2936; x_wconf 90' lang='grc' dir='ltr'>τότε</span> <span class='ocrx_word' id='word_1_232' title='bbox 1708 2885 1942 2955; x_wconf 78' lang='grc' dir='ltr'>ῥήτορας</span> <span class='ocrx_word' id='word_1_233' title='bbox 1964 2901 1977 2915; x_wconf 83' lang='grc'><em>’</em></span> 
     </span>
    </p>
   </div>
   <div class='ocr_carea' id='block_1_31' title="bbox 406 2969 1981 3046">
    <p class='ocr_par' dir='ltr' id='par_1_31' title="bbox 406 2969 1981 3046">
     <span class='ocr_line' id='line_1_31' title="bbox 406 2969 1981 3046; baseline 0 -17"><span class='ocrx_word' id='word_1_234' title='bbox 406 2975 555 3029; x_wconf 77' lang='grc' dir='ltr'>ἄλλοι</span> <span class='ocrx_word' id='word_1_235' title='bbox 588 2993 646 3027; x_wconf 87' lang='grc' dir='ltr'><strong>τε</strong></span> <span class='ocrx_word' id='word_1_236' title='bbox 684 2975 775 3029; x_wconf 77' lang='grc' dir='ltr'>ἐπὶ</span> <span class='ocrx_word' id='word_1_237' title='bbox 813 2976 1022 3037; x_wconf 83' lang='grc' dir='ltr'>τούτοις</span> <span class='ocrx_word' id='word_1_238' title='bbox 1059 2976 1297 3028; x_wconf 86' lang='grc' dir='ltr'>πλεῖστοι</span> <span class='ocrx_word' id='word_1_239' title='bbox 1344 2975 1641 3045; x_wconf 83' lang='grc' dir='ltr'>ἐλλόγιμοι,</span> <span class='ocrx_word' id='word_1_240' title='bbox 1679 2969 1751 3027; x_wconf 80' lang='grc' dir='ltr'>ὧν</span> <span class='ocrx_word' id='word_1_241' title='bbox 1789 2977 1838 3029; x_wconf 78' lang='grc' dir='ltr'><strong>οἱ</strong></span> <span class='ocrx_word' id='word_1_242' title='bbox 1885 2978 1981 3046; x_wconf 80' lang='grc' dir='ltr'><strong>μὲν</strong></span> 
     </span>
    </p>
   </div>
   <div class='ocr_carea' id='block_1_32' title="bbox 407 3066 1981 3139">
    <p class='ocr_par' dir='ltr' id='par_1_32' title="bbox 407 3066 1981 3139">
     <span class='ocr_line' id='line_1_32' title="bbox 407 3066 1981 3139; baseline -0.001 -19"><span class='ocrx_word' id='word_1_243' title='bbox 407 3068 630 3139; x_wconf 79' lang='grc' dir='ltr'>ἐζήλουν</span> <span class='ocrx_word' id='word_1_244' title='bbox 659 3071 726 3120; x_wconf 86' lang='grc' dir='ltr'><strong>τά</strong></span> <span class='ocrx_word' id='word_1_245' title='bbox 758 3068 815 3121; x_wconf 89' lang='grc' dir='ltr'><strong>ἐν</strong></span> <span class='ocrx_word' id='word_1_246' title='bbox 844 3068 1048 3139; x_wconf 82' lang='grc' dir='ltr'>Νικσίᾳ</span> <span class='ocrx_word' id='word_1_247' title='bbox 1077 3068 1302 3133; x_wconf 80' lang='grc' dir='ltr'>δόξαντα</span> <span class='ocrx_word' id='word_1_248' title='bbox 1322 3105 1338 3129; x_wconf 91' lang='grc'><strong>,</strong></span> <span class='ocrx_word' id='word_1_249' title='bbox 1374 3067 1423 3119; x_wconf 82' lang='grc' dir='ltr'><strong>οἰ</strong></span> <span class='ocrx_word' id='word_1_250' title='bbox 1453 3066 1509 3119; x_wconf 93' lang='grc' dir='ltr'><strong>δέ</strong></span> <span class='ocrx_word' id='word_1_251' title='bbox 1538 3069 1601 3120; x_wconf 87' lang='grc' dir='ltr'><strong>ἐκ</strong></span> <span class='ocrx_word' id='word_1_252' title='bbox 1639 3069 1739 3138; x_wconf 79' lang='grc' dir='ltr'>τῆς</span> <span class='ocrx_word' id='word_1_253' title='bbox 1769 3067 1981 3137; x_wconf 81' lang='grc' dir='ltr'>’Δρείου</span> 
     </span>
    </p>
   </div>
   <div class='ocr_carea' id='block_1_33' title="bbox 408 3153 1985 3229">
    <p class='ocr_par' dir='ltr' id='par_1_33' title="bbox 408 3153 1985 3229">
     <span class='ocr_line' id='line_1_33' title="bbox 408 3153 1985 3229; baseline -0.001 -18"><span class='ocrx_word' id='word_1_254' title='bbox 408 3158 663 3229; x_wconf 85' lang='grc' dir='ltr'>ὥρμηντο</span> <span class='ocrx_word' id='word_1_255' title='bbox 706 3158 987 3229; x_wconf 77' lang='grc' dir='ltr'>αἱρέσεως.</span> <span class='ocrx_word' id='word_1_256' title='bbox 1037 3156 1317 3210; x_wconf 80' lang='grc' dir='ltr'>Ἐντεῦθεν</span> <span class='ocrx_word' id='word_1_257' title='bbox 1382 3153 1477 3210; x_wconf 79' lang='grc' dir='ltr'><strong>οὖν</strong></span> <span class='ocrx_word' id='word_1_258' title='bbox 1520 3158 1680 3227; x_wconf 88' lang='grc' dir='ltr'>μόνον</span> <span class='ocrx_word' id='word_1_259' title='bbox 1727 3157 1985 3228; x_wconf 87' lang='grc' dir='ltr'>δημιουρ-</span> 
     </span>
    </p>
   </div>
   <div class='ocr_carea' id='block_1_34' title="bbox 407 3246 1984 3319">
    <p class='ocr_par' dir='ltr' id='par_1_34' title="bbox 407 3246 1984 3319">
     <span class='ocr_line' id='line_1_34' title="bbox 407 3246 1984 3319; baseline -0.001 -17"><span class='ocrx_word' id='word_1_260' title='bbox 407 3249 618 3319; x_wconf 89' lang='grc' dir='ltr'>γεῖσθαι</span> <span class='ocrx_word' id='word_1_261' title='bbox 649 3248 710 3301; x_wconf 85' lang='grc' dir='ltr'><strong>τὸ</strong></span> <span class='ocrx_word' id='word_1_262' title='bbox 746 3248 930 3302; x_wconf 84' lang='grc' dir='ltr'>πεῖθον</span> <span class='ocrx_word' id='word_1_263' title='bbox 981 3247 1243 3317; x_wconf 86' lang='grc' dir='ltr'>οἰόμενος,</span> <span class='ocrx_word' id='word_1_264' title='bbox 1282 3248 1344 3301; x_wconf 84' lang='grc' dir='ltr'><strong>οὑ</strong></span> <span class='ocrx_word' id='word_1_265' title='bbox 1379 3246 1670 3319; x_wconf 84' lang='grc' dir='ltr'>συνεχώρει</span> <span class='ocrx_word' id='word_1_266' title='bbox 1696 3250 1808 3311; x_wconf 89' lang='grc' dir='ltr'><strong>τοίς</strong></span> <span class='ocrx_word' id='word_1_267' title='bbox 1851 3250 1984 3319; x_wconf 77' lang='grc' dir='ltr'>Χρι-</span> 
     </span>
    </p>
   </div>
   <div class='ocr_carea' id='block_1_35' title="bbox 410 3336 1984 3408">
    <p class='ocr_par' dir='ltr' id='par_1_35' title="bbox 410 3336 1984 3408">
     <span class='ocr_line' id='line_1_35' title="bbox 410 3336 1984 3408; baseline -0.001 -15"><span class='ocrx_word' id='word_1_268' title='bbox 410 3343 647 3402; x_wconf 87' lang='grc' dir='ltr'>στιανοῖς</span> <span class='ocrx_word' id='word_1_269' title='bbox 688 3340 746 3392; x_wconf 88' lang='grc' dir='ltr'><strong>ἐν</strong></span> <span class='ocrx_word' id='word_1_270' title='bbox 776 3341 889 3401; x_wconf 89' lang='grc' dir='ltr'>τοῖς</span> <span class='ocrx_word' id='word_1_271' title='bbox 928 3336 1037 3390; x_wconf 86' lang='grc' dir='ltr'>τῶν</span> <span class='ocrx_word' id='word_1_272' title='bbox 1087 3337 1350 3407; x_wconf 85' lang='grc' dir='ltr'>Ἑλλήνων</span> <span class='ocrx_word' id='word_1_273' title='bbox 1390 3337 1674 3390; x_wconf 83' lang='grc' dir='ltr'>ἀσκεῖσθαι</span> <span class='ocrx_word' id='word_1_274' title='bbox 1732 3337 1984 3408; x_wconf 86' lang='grc' dir='ltr'>μαθήμα-</span> 
     </span>
    </p>
   </div>
   <div class='ocr_carea' id='block_1_36' title="bbox 412 3425 1981 3500">
    <p class='ocr_par' dir='ltr' id='par_1_36' title="bbox 412 3425 1981 3500">
     <span class='ocr_line' id='line_1_36' title="bbox 412 3425 1981 3500; baseline -0.003 -16"><span class='ocrx_word' id='word_1_275' title='bbox 412 3448 516 3487; x_wconf 84' lang='grc' dir='ltr'>σιν.</span> <span class='ocrx_word' id='word_1_276' title='bbox 561 3430 753 3484; x_wconf 82' lang='grc' dir='ltr'>Ἦνίκα</span> <span class='ocrx_word' id='word_1_277' title='bbox 799 3429 863 3500; x_wconf 81' lang='grc' dir='ltr'>δὴ</span> <span class='ocrx_word' id='word_1_278' title='bbox 912 3428 1286 3500; x_wconf 83' lang='grc' dir='ltr'>Ἀπολινάριος</span> <span class='ocrx_word' id='word_1_279' title='bbox 1341 3425 1516 3492; x_wconf 78' lang='grc' dir='ltr'>οὗτος,</span> <span class='ocrx_word' id='word_1_280' title='bbox 1551 3431 1629 3491; x_wconf 89' lang='grc' dir='ltr'><strong>εἰς</strong></span> <span class='ocrx_word' id='word_1_281' title='bbox 1680 3430 1869 3499; x_wconf 82' lang='grc' dir='ltr'>καιρὸν</span> <span class='ocrx_word' id='word_1_282' title='bbox 1916 3430 1981 3500; x_wconf 75' lang='grc' dir='ltr'><strong>τῇ</strong></span> 
     </span>
    </p>
   </div>
   <div class='ocr_carea' id='block_1_37' title="bbox 409 3519 1984 3592">
    <p class='ocr_par' dir='ltr' id='par_1_37' title="bbox 409 3519 1984 3592">
     <span class='ocr_line' id='line_1_37' title="bbox 409 3519 1984 3592; baseline -0.002 -16"><span class='ocrx_word' id='word_1_283' title='bbox 409 3521 721 3592; x_wconf 76' lang='grc' dir='ltr'>πολυμαθία</span> <span class='ocrx_word' id='word_1_284' title='bbox 750 3521 845 3574; x_wconf 77' lang='grc' dir='ltr'><strong>καὶ</strong></span> <span class='ocrx_word' id='word_1_285' title='bbox 887 3524 953 3592; x_wconf 74' lang='grc' dir='ltr'>τῇ</span> <span class='ocrx_word' id='word_1_286' title='bbox 986 3519 1144 3590; x_wconf 85' lang='grc' dir='ltr'>φύσει</span> <span class='ocrx_word' id='word_1_287' title='bbox 1178 3521 1542 3591; x_wconf 81' lang='grc' dir='ltr'>χρησάμενος,</span> <span class='ocrx_word' id='word_1_288' title='bbox 1575 3521 1696 3573; x_wconf 73' lang='grc' dir='ltr'>ἀντὶ</span> <span class='ocrx_word' id='word_1_289' title='bbox 1748 3521 1844 3590; x_wconf 86' lang='grc' dir='ltr'>μὲν</span> <span class='ocrx_word' id='word_1_290' title='bbox 1884 3521 1984 3589; x_wconf 80' lang='grc' dir='ltr'>τῆς</span> 
     </span>
    </p>
   </div>
   <div class='ocr_carea' id='block_1_38' title="bbox 420 3611 1987 3685">
    <p class='ocr_par' dir='ltr' id='par_1_38' title="bbox 420 3611 1987 3685">
     <span class='ocr_line' id='line_1_38' title="bbox 420 3611 1987 3685; baseline -0.003 -18"><span class='ocrx_word' id='word_1_291' title='bbox 420 3616 658 3685; x_wconf 81' lang='grc' dir='ltr'>Ὀμήρου</span> <span class='ocrx_word' id='word_1_292' title='bbox 711 3614 1018 3682; x_wconf 89' lang='grc' dir='ltr'>ποιήσεως,</span> <span class='ocrx_word' id='word_1_293' title='bbox 1065 3615 1122 3666; x_wconf 83' lang='grc' dir='ltr'><strong>ἐν</strong></span> <span class='ocrx_word' id='word_1_294' title='bbox 1172 3612 1358 3665; x_wconf 74' lang='grc' dir='ltr'>ἔπεσιν</span> <span class='ocrx_word' id='word_1_295' title='bbox 1408 3611 1606 3683; x_wconf 81' lang='grc' dir='ltr'>ήρῴοις</span> <span class='ocrx_word' id='word_1_296' title='bbox 1633 3612 1730 3680; x_wconf 79' lang='grc' dir='ltr'><strong>τὴν</strong></span> <span class='ocrx_word' id='word_1_297' title='bbox 1770 3611 1987 3681; x_wconf 81' lang='grc' dir='ltr'><strong>Ἑδραῖ-</strong></span> 
     </span>
    </p>
   </div>
   <div class='ocr_carea' id='block_1_39' title="bbox 409 3703 1986 3777">
    <p class='ocr_par' dir='ltr' id='par_1_39' title="bbox 409 3703 1986 3777">
     <span class='ocr_line' id='line_1_39' title="bbox 409 3703 1986 3777; baseline -0.002 -17"><span class='ocrx_word' id='word_1_298' title='bbox 409 3707 510 3776; x_wconf 81' lang='grc' dir='ltr'>κὴν</span> <span class='ocrx_word' id='word_1_299' title='bbox 542 3704 921 3777; x_wconf 81' lang='grc' dir='ltr'>ἀρχαιολογίαν</span> <span class='ocrx_word' id='word_1_300' title='bbox 956 3704 1333 3774; x_wconf 80' lang='grc' dir='ltr'>συνεγράψατο</span> <span class='ocrx_word' id='word_1_301' title='bbox 1365 3704 1525 3774; x_wconf 83' lang='grc' dir='ltr'>μέχρι</span> <span class='ocrx_word' id='word_1_302' title='bbox 1561 3704 1659 3774; x_wconf 83' lang='grc' dir='ltr'>τῆς</span> <span class='ocrx_word' id='word_1_303' title='bbox 1690 3703 1784 3756; x_wconf 80' lang='grc' dir='ltr'>τοῦ</span> <span class='ocrx_word' id='word_1_304' title='bbox 1814 3703 1986 3757; x_wconf 78' lang='grc' dir='ltr'>Σαοὺλ</span> 
     </span>
    </p>
   </div>
   <div class='ocr_carea' id='block_1_40' title="bbox 2009 1146 2057 1202">
    <p class='ocr_par' dir='ltr' id='par_1_40' title="bbox 2009 1146 2057 1202">
     <span class='ocr_line' id='line_1_40' title="bbox 2009 1146 2057 1202; baseline 0 0"><span class='ocrx_word' id='word_1_305' title='bbox 2009 1146 2057 1202; x_wconf 75' lang='grc' dir='ltr'>Α</span> 
     </span>
    </p>
   </div>
   <div class='ocr_carea' id='block_1_41' title="bbox 2570 1136 3148 1211">
    <p class='ocr_par' dir='ltr' id='par_1_41' title="bbox 2570 1136 3148 1211">
     <span class='ocr_line' id='line_1_41' title="bbox 2570 1136 3148 1211; baseline -0.005 -15"><span class='ocrx_word' id='word_1_306' title='bbox 2570 1141 2731 1211; x_wconf 73' lang='lat'><strong>207</strong></span> <span class='ocrx_word' id='word_1_307' title='bbox 2769 1139 2920 1195; x_wconf 81' lang='lat' dir='ltr'><strong>CAP.</strong></span> <span class='ocrx_word' id='word_1_308' title='bbox 2961 1136 3148 1193; x_wconf 80' lang='lat' dir='ltr'><strong>xvnl.</strong></span> 
     </span>
    </p>
   </div>
   <div class='ocr_carea' id='block_1_42' title="bbox 2088 1230 3646 1301">
    <p class='ocr_par' dir='ltr' id='par_1_42' title="bbox 2088 1230 3646 1301">
     <span class='ocr_line' id='line_1_42' title="bbox 2088 1230 3646 1301; baseline -0.001 -14"><span class='ocrx_word' id='word_1_309' title='bbox 2088 1233 2360 1300; x_wconf 72' lang='lat' dir='ltr'><strong>Quomodo</strong></span> <span class='ocrx_word' id='word_1_310' title='bbox 2395 1232 2645 1288; x_wconf 80' lang='lat' dir='ltr'><strong>Julianus</strong></span> <span class='ocrx_word' id='word_1_311' title='bbox 2675 1232 3006 1287; x_wconf 82' lang='lat' dir='ltr'><strong>Christianos</strong></span> <span class='ocrx_word' id='word_1_312' title='bbox 3047 1232 3162 1301; x_wconf 80' lang='lat' dir='ltr'><strong>foro</strong></span> <span class='ocrx_word' id='word_1_313' title='bbox 3191 1248 3255 1285; x_wconf 81' lang='lat' dir='ltr'><strong>ac</strong></span> <span class='ocrx_word' id='word_1_314' title='bbox 3283 1230 3503 1299; x_wconf 68' lang='lat' dir='ltr'><strong>iudiciis</strong></span> <span class='ocrx_word' id='word_1_315' title='bbox 3530 1232 3646 1295; x_wconf 92' lang='lat' dir='ltr'><strong>uti,</strong></span> 
     </span>
    </p>
   </div>
   <div class='ocr_carea' id='block_1_43' title="bbox 2154 1302 3650 1371">
    <p class='ocr_par' dir='ltr' id='par_1_43' title="bbox 2154 1302 3650 1371">
     <span class='ocr_line' id='line_1_43' title="bbox 2154 1302 3650 1371; baseline -0.003 -12"><span class='ocrx_word' id='word_1_316' title='bbox 2154 1314 2206 1359; x_wconf 79' lang='lat' dir='ltr'><strong>et</strong></span> <span class='ocrx_word' id='word_1_317' title='bbox 2241 1303 2547 1359; x_wconf 66' lang='lat' dir='ltr'><strong>Graecorum</strong></span> <span class='ocrx_word' id='word_1_318' title='bbox 2585 1303 2880 1371; x_wconf 77' lang='lat' dir='ltr'><strong>disciplinis</strong></span> <span class='ocrx_word' id='word_1_319' title='bbox 2915 1303 3124 1356; x_wconf 86' lang='lat' dir='ltr'><strong>institui</strong></span> <span class='ocrx_word' id='word_1_320' title='bbox 3156 1302 3463 1370; x_wconf 80' lang='lat' dir='ltr'><strong>prohibuit:</strong></span> <span class='ocrx_word' id='word_1_321' title='bbox 3499 1310 3550 1356; x_wconf 79' lang='lat' dir='ltr'><strong>at</strong></span> <span class='ocrx_word' id='word_1_322' title='bbox 3585 1302 3650 1355; x_wconf 86' lang='lat' dir='ltr'><strong>de</strong></span> 
     </span>
    </p>
   </div>
   <div class='ocr_carea' id='block_1_44' title="bbox 2158 1371 3652 1442">
    <p class='ocr_par' dir='ltr' id='par_1_44' title="bbox 2158 1371 3652 1442">
     <span class='ocr_line' id='line_1_44' title="bbox 2158 1371 3652 1442; baseline -0.003 -14"><span class='ocrx_word' id='word_1_323' title='bbox 2158 1374 2362 1430; x_wconf 79' lang='lat' dir='ltr'><strong>Basilio</strong></span> <span class='ocrx_word' id='word_1_324' title='bbox 2392 1373 2587 1441; x_wconf 76' lang='lat' dir='ltr'><strong>Magno</strong></span> <span class='ocrx_word' id='word_1_325' title='bbox 2612 1414 2626 1437; x_wconf 90' lang='lat'><strong>,</strong></span> <span class='ocrx_word' id='word_1_326' title='bbox 2660 1371 2907 1442; x_wconf 85' lang='lat' dir='ltr'><strong>Gregorio</strong></span> <span class='ocrx_word' id='word_1_327' title='bbox 2937 1372 3195 1442; x_wconf 82' lang='lat' dir='ltr'><strong>Theologo</strong></span> <span class='ocrx_word' id='word_1_328' title='bbox 3221 1409 3236 1432; x_wconf 85' lang='lat'><strong>,</strong></span> <span class='ocrx_word' id='word_1_329' title='bbox 3268 1380 3422 1441; x_wconf 88' lang='lat' dir='ltr'><strong>atque</strong></span> <span class='ocrx_word' id='word_1_330' title='bbox 3449 1371 3652 1442; x_wconf 73' lang='lat' dir='ltr'><strong>Apolli-</strong></span> 
     </span>
    </p>
   </div>
   <div class='ocr_carea' id='block_1_45' title="bbox 2156 1440 3651 1514">
    <p class='ocr_par' dir='ltr' id='par_1_45' title="bbox 2156 1440 3651 1514">
     <span class='ocr_line' id='line_1_45' title="bbox 2156 1440 3651 1514; baseline -0.002 -18"><span class='ocrx_word' id='word_1_331' title='bbox 2156 1460 2315 1514; x_wconf 72' lang='grc' dir='ltr'>παι-ς,</span> <span class='ocrx_word' id='word_1_332' title='bbox 2343 1445 2451 1514; x_wconf 78' lang='lat' dir='ltr'><strong>qui,</strong></span> <span class='ocrx_word' id='word_1_333' title='bbox 2483 1440 2789 1512; x_wconf 78' lang='lat' dir='ltr'><strong>imperatori</strong></span> <span class='ocrx_word' id='word_1_334' title='bbox 2819 1440 3153 1514; x_wconf 75' lang='lat' dir='ltr'><strong>resistentes,</strong></span> <span class='ocrx_word' id='word_1_335' title='bbox 3185 1455 3342 1514; x_wconf 50' lang='lat' dir='ltr'><strong>sacra</strong></span> <span class='ocrx_word' id='word_1_336' title='bbox 3384 1440 3651 1514; x_wconf 47' lang='lat' dir='ltr'><strong>uolumina</strong></span> 
     </span>
    </p>
   </div>
   <div class='ocr_carea' id='block_1_46' title="bbox 2155 1508 3651 1578">
    <p class='ocr_par' dir='ltr' id='par_1_46' title="bbox 2155 1508 3651 1578">
     <span class='ocr_line' id='line_1_46' title="bbox 2155 1508 3651 1578; baseline -0.003 -13"><span class='ocrx_word' id='word_1_337' title='bbox 2155 1514 2211 1566; x_wconf 89' lang='lat' dir='ltr'><strong>in</strong></span> <span class='ocrx_word' id='word_1_338' title='bbox 2244 1508 2482 1567; x_wconf 65' lang='lat' dir='ltr'><strong>Cnet-um</strong></span> <span class='ocrx_word' id='word_1_339' title='bbox 2522 1508 2808 1566; x_wconf 75' lang='lat' dir='ltr'><strong>sermonem</strong></span> <span class='ocrx_word' id='word_1_340' title='bbox 2837 1512 3236 1564; x_wconf 81' lang='lat' dir='ltr'><strong>transtulerunt.</strong></span> <span class='ocrx_word' id='word_1_341' title='bbox 3269 1508 3337 1562; x_wconf 86' lang='lat' dir='ltr'><strong>Et</strong></span> <span class='ocrx_word' id='word_1_342' title='bbox 3361 1509 3497 1578; x_wconf 84' lang='lat' dir='ltr'><strong>quod</strong></span> <span class='ocrx_word' id='word_1_343' title='bbox 3531 1508 3651 1561; x_wconf 71' lang='lat' dir='ltr'><strong>Gre-</strong></span> 
     </span>
    </p>
   </div>
   <div class='ocr_carea' id='block_1_47' title="bbox 2153 1579 3642 1653">
    <p class='ocr_par' dir='ltr' id='par_1_47' title="bbox 2153 1579 3642 1653">
     <span class='ocr_line' id='line_1_47' title="bbox 2153 1579 3642 1653; baseline -0.004 -18"><span class='ocrx_word' id='word_1_344' title='bbox 2153 1584 2333 1653; x_wconf 70' lang='lat' dir='ltr'><strong>gorius</strong></span> <span class='ocrx_word' id='word_1_345' title='bbox 2370 1583 2579 1652; x_wconf 73' lang='lat' dir='ltr'><strong>quidem</strong></span> <span class='ocrx_word' id='word_1_346' title='bbox 2619 1581 3029 1653; x_wconf 67' lang='lat' dir='ltr'><strong>Nazianzenus,</strong></span> <span class='ocrx_word' id='word_1_347' title='bbox 3066 1582 3243 1653; x_wconf 72' lang='lat' dir='ltr'><strong>soluta</strong></span> <span class='ocrx_word' id='word_1_348' title='bbox 3272 1582 3512 1653; x_wconf 66' lang='lat' dir='ltr'><strong>oratione</strong></span> <span class='ocrx_word' id='word_1_349' title='bbox 3542 1579 3642 1629; x_wconf 77' lang='lat' dir='ltr'><strong>atl-</strong></span> 
     </span>
    </p>
   </div>
   <div class='ocr_carea' id='block_1_48' title="bbox 2153 1649 3649 1720">
    <p class='ocr_par' dir='ltr' id='par_1_48' title="bbox 2153 1649 3649 1720">
     <span class='ocr_line' id='line_1_48' title="bbox 2153 1649 3649 1720; baseline -0.004 -15"><span class='ocrx_word' id='word_1_350' title='bbox 2153 1649 2667 1720; x_wconf 33' lang='lat' dir='ltr'><strong>ntodum‘eleganter</strong></span> <span class='ocrx_word' id='word_1_351' title='bbox 2695 1651 2865 1703; x_wconf 88' lang='lat' dir='ltr'><strong>multa</strong></span> <span class='ocrx_word' id='word_1_352' title='bbox 2889 1650 3101 1718; x_wconf 84' lang='lat' dir='ltr'><strong>scripsit</strong></span> <span class='ocrx_word' id='word_1_353' title='bbox 3127 1666 3147 1713; x_wconf 90' lang='lat'><strong><em>;</em></strong></span> <span class='ocrx_word' id='word_1_354' title='bbox 3172 1649 3506 1715; x_wconf 82' lang='lat' dir='ltr'><strong>Apollinaris</strong></span> <span class='ocrx_word' id='word_1_355' title='bbox 3531 1663 3649 1701; x_wconf 81' lang='lat' dir='ltr'><strong>vero</strong></span> 
     </span>
    </p>
   </div>
   <div class='ocr_carea' id='block_1_49' title="bbox 2152 1720 3648 1788">
    <p class='ocr_par' dir='ltr' id='par_1_49' title="bbox 2152 1720 3648 1788">
     <span class='ocr_line' id='line_1_49' title="bbox 2152 1720 3648 1788; baseline -0.002 -14"><span class='ocrx_word' id='word_1_356' title='bbox 2152 1722 2417 1776; x_wconf 78' lang='lat' dir='ltr'><strong>heroicum</strong></span> <span class='ocrx_word' id='word_1_357' title='bbox 2462 1737 2674 1773; x_wconf 83' lang='lat' dir='ltr'><strong>carmen</strong></span> <span class='ocrx_word' id='word_1_358' title='bbox 2720 1720 3049 1788; x_wconf 83' lang='lat' dir='ltr'><strong>composuit,</strong></span> <span class='ocrx_word' id='word_1_359' title='bbox 3098 1728 3414 1788; x_wconf 82' lang='lat' dir='ltr'><strong>cunctosque</strong></span> <span class='ocrx_word' id='word_1_360' title='bbox 3457 1726 3648 1771; x_wconf 81' lang='lat' dir='ltr'><strong>ueteres</strong></span> 
     </span>
    </p>
   </div>
   <div class='ocr_carea' id='block_1_50' title="bbox 2151 1792 2738 1861">
    <p class='ocr_par' dir='ltr' id='par_1_50' title="bbox 2151 1792 2738 1861">
     <span class='ocr_line' id='line_1_50' title="bbox 2151 1792 2738 1861; baseline -0.005 -15"><span class='ocrx_word' id='word_1_361' title='bbox 2151 1804 2337 1861; x_wconf 78' lang='lat' dir='ltr'><strong>poetas</strong></span> <span class='ocrx_word' id='word_1_362' title='bbox 2368 1792 2609 1844; x_wconf 81' lang='lat' dir='ltr'><strong>imitatus</strong></span> <span class='ocrx_word' id='word_1_363' title='bbox 2640 1797 2738 1843; x_wconf 81' lang='lat' dir='ltr'><strong>est.</strong></span> 
     </span>
    </p>
   </div>
   <div class='ocr_carea' id='block_1_51' title="bbox 2152 1875 3653 1947">
    <p class='ocr_par' dir='ltr' id='par_1_51' title="bbox 2152 1875 3653 1947">
     <span class='ocr_line' id='line_1_51' title="bbox 2152 1875 3653 1947; baseline -0.003 -12"><span class='ocrx_word' id='word_1_364' title='bbox 2152 1880 2355 1937; x_wconf 83' lang='lat' dir='ltr'><strong>Eodem</strong></span> <span class='ocrx_word' id='word_1_365' title='bbox 2384 1881 2568 1935; x_wconf 91' lang='lat' dir='ltr'><strong>animo</strong></span> <span class='ocrx_word' id='word_1_366' title='bbox 2599 1877 2705 1932; x_wconf 81' lang='lat' dir='ltr'><strong>fuit</strong></span> <span class='ocrx_word' id='word_1_367' title='bbox 2735 1892 2867 1947; x_wconf 89' lang='lat' dir='ltr'><strong>erga</strong></span> <span class='ocrx_word' id='word_1_368' title='bbox 2895 1875 3139 1946; x_wconf 90' lang='lat' dir='ltr'><strong>reliquos</strong></span> <span class='ocrx_word' id='word_1_369' title='bbox 3164 1891 3357 1931; x_wconf 89' lang='lat' dir='ltr'><strong>omnes</strong></span> <span class='ocrx_word' id='word_1_370' title='bbox 3381 1875 3653 1931; x_wconf 82' lang='lat' dir='ltr'><strong>Christia—</strong></span> 
     </span>
    </p>
   </div>
   <div class='ocr_carea' id='block_1_52' title="bbox 2080 1967 3649 2039">
    <p class='ocr_par' dir='ltr' id='par_1_52' title="bbox 2080 1967 3649 2039">
     <span class='ocr_line' id='line_1_52' title="bbox 2080 1967 3649 2039; baseline -0.004 -10"><span class='ocrx_word' id='word_1_371' title='bbox 2080 1989 2216 2038; x_wconf 88' lang='lat' dir='ltr'><strong>nos,</strong></span> <span class='ocrx_word' id='word_1_372' title='bbox 2257 1973 2349 2028; x_wconf 90' lang='lat' dir='ltr'><strong>ubi</strong></span> <span class='ocrx_word' id='word_1_373' title='bbox 2382 1972 2735 2028; x_wconf 90' lang='lat' dir='ltr'><strong>occasionem</strong></span> <span class='ocrx_word' id='word_1_374' title='bbox 2776 1977 2977 2025; x_wconf 89' lang='lat' dir='ltr'><strong>nactus</strong></span> <span class='ocrx_word' id='word_1_375' title='bbox 3019 1969 3217 2024; x_wconf 80' lang='lat' dir='ltr'><strong>fuerat.</strong></span> <span class='ocrx_word' id='word_1_376' title='bbox 3260 1967 3333 2024; x_wconf 91' lang='lat' dir='ltr'><strong>lis</strong></span> <span class='ocrx_word' id='word_1_377' title='bbox 3365 1968 3512 2023; x_wconf 90' lang='lat' dir='ltr'><strong>enim</strong></span> <span class='ocrx_word' id='word_1_378' title='bbox 3554 1969 3649 2039; x_wconf 86' lang='lat' dir='ltr'><strong>qui</strong></span> 
     </span>
    </p>
   </div>
   <div class='ocr_carea' id='block_1_53' title="bbox 2081 2059 3653 2129">
    <p class='ocr_par' dir='ltr' id='par_1_53' title="bbox 2081 2059 3653 2129">
     <span class='ocr_line' id='line_1_53' title="bbox 2081 2059 3653 2129; baseline -0.004 -7"><span class='ocrx_word' id='word_1_379' title='bbox 2081 2066 2400 2122; x_wconf 89' lang='lat' dir='ltr'><strong>sacriﬁcare</strong></span> <span class='ocrx_word' id='word_1_380' title='bbox 2427 2064 2775 2125; x_wconf 88' lang='lat' dir='ltr'><strong>abnuerunt,</strong></span> <span class='ocrx_word' id='word_1_381' title='bbox 2811 2061 2915 2117; x_wconf 85' lang='lat' dir='ltr'><strong>etsi</strong></span> <span class='ocrx_word' id='word_1_382' title='bbox 2946 2061 3082 2115; x_wconf 86' lang='lat' dir='ltr'><strong>nihil</strong></span> <span class='ocrx_word' id='word_1_383' title='bbox 3109 2060 3335 2115; x_wconf 87' lang='lat' dir='ltr'><strong>haberet</strong></span> <span class='ocrx_word' id='word_1_384' title='bbox 3362 2059 3508 2129; x_wconf 92' lang='lat' dir='ltr'><strong>quod</strong></span> <span class='ocrx_word' id='word_1_385' title='bbox 3541 2060 3653 2115; x_wconf 86' lang='lat' dir='ltr'><strong>illis</strong></span> 
     </span>
    </p>
   </div>
   <div class='ocr_carea' id='block_1_54' title="bbox 2085 2151 3652 2227">
    <p class='ocr_par' dir='ltr' id='par_1_54' title="bbox 2085 2151 3652 2227">
     <span class='ocr_line' id='line_1_54' title="bbox 2085 2151 3652 2227; baseline -0.004 -15"><span class='ocrx_word' id='word_1_386' title='bbox 2085 2156 2384 2227; x_wconf 90' lang='lat' dir='ltr'><strong>objiceret,</strong></span> <span class='ocrx_word' id='word_1_387' title='bbox 2435 2155 2529 2224; x_wconf 86' lang='lat' dir='ltr'><strong>jus</strong></span> <span class='ocrx_word' id='word_1_388' title='bbox 2567 2152 2813 2209; x_wconf 84' lang='lat' dir='ltr'><strong>civitatis</strong></span> <span class='ocrx_word' id='word_1_389' title='bbox 2851 2151 3149 2206; x_wconf 86' lang='lat' dir='ltr'><strong>adimebat.</strong></span> <span class='ocrx_word' id='word_1_390' title='bbox 3204 2152 3251 2204; x_wconf 83' lang='lat' dir='ltr'><strong>A</strong></span> <span class='ocrx_word' id='word_1_391' title='bbox 3288 2151 3652 2205; x_wconf 84' lang='lat' dir='ltr'><strong>conventibus</strong></span> 
     </span>
    </p>
   </div>
   <div class='ocr_carea' id='block_1_55' title="bbox 2078 2242 3654 2320">
    <p class='ocr_par' dir='ltr' id='par_1_55' title="bbox 2078 2242 3654 2320">
     <span class='ocr_line' id='line_1_55' title="bbox 2078 2242 3654 2320; baseline -0.006 -17"><span class='ocrx_word' id='word_1_392' title='bbox 2078 2262 2301 2320; x_wconf 90' lang='lat' dir='ltr'><strong>quoque</strong></span> <span class='ocrx_word' id='word_1_393' title='bbox 2339 2255 2395 2302; x_wconf 81' lang='lat' dir='ltr'><strong>et</strong></span> <span class='ocrx_word' id='word_1_394' title='bbox 2431 2262 2471 2301; x_wconf 81' lang='lat' dir='ltr'><strong>a</strong></span> <span class='ocrx_word' id='word_1_395' title='bbox 2502 2246 2622 2301; x_wconf 82' lang='lat' dir='ltr'><strong>foro</strong></span> <span class='ocrx_word' id='word_1_396' title='bbox 2654 2261 2749 2301; x_wconf 91' lang='lat' dir='ltr'><strong>eos</strong></span> <span class='ocrx_word' id='word_1_397' title='bbox 2789 2244 3105 2315; x_wconf 89' lang='lat' dir='ltr'><strong>prohibuit,</strong></span> <span class='ocrx_word' id='word_1_398' title='bbox 3138 2257 3240 2297; x_wconf 87' lang='lat' dir='ltr'><strong>nec</strong></span> <span class='ocrx_word' id='word_1_399' title='bbox 3274 2242 3524 2312; x_wconf 84' lang='lat' dir='ltr'><strong>judicare</strong></span> <span class='ocrx_word' id='word_1_400' title='bbox 3558 2249 3654 2295; x_wconf 92' lang='lat' dir='ltr'><strong>aut</strong></span> 
     </span>
    </p>
   </div>
   <div class='ocr_carea' id='block_1_56' title="bbox 2080 2333 3653 2411">
    <p class='ocr_par' dir='ltr' id='par_1_56' title="bbox 2080 2333 3653 2411">
     <span class='ocr_line' id='line_1_56' title="bbox 2080 2333 3653 2411; baseline -0.003 -18"><span class='ocrx_word' id='word_1_401' title='bbox 2080 2340 2441 2411; x_wconf 77' lang='lat' dir='ltr'><strong>magistratus</strong></span> <span class='ocrx_word' id='word_1_402' title='bbox 2469 2353 2661 2409; x_wconf 77' lang='lat' dir='ltr'><strong>gerere</strong></span> <span class='ocrx_word' id='word_1_403' title='bbox 2680 2376 2696 2401; x_wconf 96' lang='lat'><strong>,</strong></span> <span class='ocrx_word' id='word_1_404' title='bbox 2731 2345 2827 2391; x_wconf 90' lang='lat' dir='ltr'><strong>aut</strong></span> <span class='ocrx_word' id='word_1_405' title='bbox 2857 2334 3164 2391; x_wconf 87' lang='lat' dir='ltr'><strong>honoribus</strong></span> <span class='ocrx_word' id='word_1_406' title='bbox 3200 2349 3266 2389; x_wconf 91' lang='lat' dir='ltr'><strong>ac</strong></span> <span class='ocrx_word' id='word_1_407' title='bbox 3291 2333 3653 2403; x_wconf 85' lang='lat' dir='ltr'><strong>dignitatibus</strong></span> 
     </span>
    </p>
   </div>
   <div class='ocr_carea' id='block_1_57' title="bbox 2080 2418 3655 2499">
    <p class='ocr_par' dir='ltr' id='par_1_57' title="bbox 2080 2418 3655 2499">
     <span class='ocr_line' id='line_1_57' title="bbox 2080 2418 3655 2499; baseline -0.008 -16"><span class='ocrx_word' id='word_1_408' title='bbox 2080 2428 2185 2484; x_wconf 81' lang='lat' dir='ltr'><strong>frui</strong></span> <span class='ocrx_word' id='word_1_409' title='bbox 2211 2428 2480 2499; x_wconf 87' lang='lat' dir='ltr'><strong>permisit.</strong></span> <span class='ocrx_word' id='word_1_410' title='bbox 2511 2426 2618 2482; x_wconf 90' lang='lat' dir='ltr'><strong>Sed</strong></span> <span class='ocrx_word' id='word_1_411' title='bbox 2647 2434 2702 2481; x_wconf 92' lang='lat' dir='ltr'><strong>et</strong></span> <span class='ocrx_word' id='word_1_412' title='bbox 2729 2424 3173 2481; x_wconf 85' lang='lat' dir='ltr'><strong>Christianorum</strong></span> <span class='ocrx_word' id='word_1_413' title='bbox 3206 2422 3409 2475; x_wconf 91' lang='lat' dir='ltr'><strong>liberos</strong></span> <span class='ocrx_word' id='word_1_414' title='bbox 3429 2460 3445 2486; x_wconf 95' lang='lat'><strong>,</strong></span> <span class='ocrx_word' id='word_1_415' title='bbox 3481 2418 3655 2472; x_wconf 88' lang='lat' dir='ltr'><strong>haud-</strong></span> 
     </span>
    </p>
   </div>
   <div class='ocr_carea' id='block_1_58' title="bbox 2080 2510 3655 2591">
    <p class='ocr_par' dir='ltr' id='par_1_58' title="bbox 2080 2510 3655 2591">
     <span class='ocr_line' id='line_1_58' title="bbox 2080 2510 3655 2591; baseline -0.007 -17"><span class='ocrx_word' id='word_1_416' title='bbox 2080 2535 2358 2591; x_wconf 90' lang='lat' dir='ltr'><strong>quaquam</strong></span> <span class='ocrx_word' id='word_1_417' title='bbox 2391 2532 2592 2589; x_wconf 89' lang='lat' dir='ltr'><strong>passus</strong></span> <span class='ocrx_word' id='word_1_418' title='bbox 2625 2523 2709 2572; x_wconf 89' lang='lat' dir='ltr'><strong>est</strong></span> <span class='ocrx_word' id='word_1_419' title='bbox 2744 2523 2938 2587; x_wconf 88' lang='lat' dir='ltr'><strong>poetas</strong></span> <span class='ocrx_word' id='word_1_420' title='bbox 2994 2522 3159 2584; x_wconf 91' lang='lat' dir='ltr'><strong>atque</strong></span> <span class='ocrx_word' id='word_1_421' title='bbox 3212 2520 3466 2567; x_wconf 89' lang='lat' dir='ltr'><strong>oratores</strong></span> <span class='ocrx_word' id='word_1_422' title='bbox 3505 2510 3655 2564; x_wconf 66' lang='lat' dir='ltr'><strong>Grae-</strong></span> 
     </span>
    </p>
   </div>
   <div class='ocr_carea' id='block_1_59' title="bbox 2081 2602 3655 2679">
    <p class='ocr_par' dir='ltr' id='par_1_59' title="bbox 2081 2602 3655 2679">
     <span class='ocr_line' id='line_1_59' title="bbox 2081 2602 3655 2679; baseline -0.008 -12"><span class='ocrx_word' id='word_1_423' title='bbox 2081 2626 2271 2667; x_wconf 89' lang='lat' dir='ltr'><strong>corum</strong></span> <span class='ocrx_word' id='word_1_424' title='bbox 2301 2609 2549 2665; x_wconf 80' lang='lat' dir='ltr'><strong>ediscere</strong></span> <span class='ocrx_word' id='word_1_425' title='bbox 2569 2647 2585 2673; x_wconf 91' lang='lat'><strong>,</strong></span> <span class='ocrx_word' id='word_1_426' title='bbox 2620 2614 2676 2663; x_wconf 90' lang='lat' dir='ltr'><strong>et</strong></span> <span class='ocrx_word' id='word_1_427' title='bbox 2707 2606 2993 2679; x_wconf 88' lang='lat' dir='ltr'><strong>gentilium</strong></span> <span class='ocrx_word' id='word_1_428' title='bbox 3022 2602 3403 2675; x_wconf 81' lang='lat' dir='ltr'><strong>professorum</strong></span> <span class='ocrx_word' id='word_1_429' title='bbox 3434 2602 3655 2656; x_wconf 86' lang='lat' dir='ltr'><strong>scholas</strong></span> 
     </span>
    </p>
   </div>
   <div class='ocr_carea' id='block_1_60' title="bbox 2082 2692 3655 2774">
    <p class='ocr_par' dir='ltr' id='par_1_60' title="bbox 2082 2692 3655 2774">
     <span class='ocr_line' id='line_1_60' title="bbox 2082 2692 3655 2774; baseline -0.009 -16"><span class='ocrx_word' id='word_1_430' title='bbox 2082 2704 2451 2774; x_wconf 84' lang='lat' dir='ltr'><strong>frequentare.</strong></span> <span class='ocrx_word' id='word_1_431' title='bbox 2479 2698 2722 2755; x_wconf 88' lang='lat' dir='ltr'><strong>Urebant</strong></span> <span class='ocrx_word' id='word_1_432' title='bbox 2749 2697 2870 2769; x_wconf 90' lang='lat' dir='ltr'><strong>ejus</strong></span> <span class='ocrx_word' id='word_1_433' title='bbox 2897 2696 3139 2750; x_wconf 89' lang='lat' dir='ltr'><strong>animum</strong></span> <span class='ocrx_word' id='word_1_434' title='bbox 3169 2709 3281 2749; x_wconf 93' lang='lat' dir='ltr'><strong>non</strong></span> <span class='ocrx_word' id='word_1_435' title='bbox 3304 2692 3655 2748; x_wconf 88' lang='lat' dir='ltr'><strong>mediocriter</strong></span> 
     </span>
    </p>
   </div>
   <div class='ocr_carea' id='block_1_61' title="bbox 2081 2781 3655 2864">
    <p class='ocr_par' dir='ltr' id='par_1_61' title="bbox 2081 2781 3655 2864">
     <span class='ocr_line' id='line_1_61' title="bbox 2081 2781 3655 2864; baseline -0.009 -16"><span class='ocrx_word' id='word_1_436' title='bbox 2081 2793 2420 2864; x_wconf 87' lang='lat' dir='ltr'><strong>Apollinaris</strong></span> <span class='ocrx_word' id='word_1_437' title='bbox 2464 2789 2637 2862; x_wconf 81' lang='lat' dir='ltr'><strong>Syrus</strong></span> <span class='ocrx_word' id='word_1_438' title='bbox 2677 2788 2826 2843; x_wconf 91' lang='lat' dir='ltr'><strong>omni</strong></span> <span class='ocrx_word' id='word_1_439' title='bbox 2868 2785 3288 2856; x_wconf 89' lang='lat' dir='ltr'><strong>disciplinarum</strong></span> <span class='ocrx_word' id='word_1_440' title='bbox 3330 2797 3531 2854; x_wconf 88' lang='lat' dir='ltr'><strong>genere</strong></span> <span class='ocrx_word' id='word_1_441' title='bbox 3571 2781 3655 2835; x_wconf 87' lang='lat' dir='ltr'><strong>in-</strong></span> 
     </span>
    </p>
   </div>
   <div class='ocr_carea' id='block_1_62' title="bbox 2080 2874 3653 2948">
    <p class='ocr_par' dir='ltr' id='par_1_62' title="bbox 2080 2874 3653 2948">
     <span class='ocr_line' id='line_1_62' title="bbox 2080 2874 3653 2948; baseline -0.009 -8"><span class='ocrx_word' id='word_1_442' title='bbox 2080 2892 2330 2940; x_wconf 89' lang='lat' dir='ltr'><strong>structus</strong></span> <span class='ocrx_word' id='word_1_443' title='bbox 2358 2923 2373 2948; x_wconf 94' lang='lat'><strong>,</strong></span> <span class='ocrx_word' id='word_1_444' title='bbox 2424 2889 2478 2936; x_wconf 89' lang='lat' dir='ltr'><strong>et</strong></span> <span class='ocrx_word' id='word_1_445' title='bbox 2526 2880 2765 2935; x_wconf 87' lang='lat' dir='ltr'><strong>Basilius</strong></span> <span class='ocrx_word' id='word_1_446' title='bbox 2812 2876 3221 2948; x_wconf 82' lang='lat' dir='ltr'><strong>Gregoriusque</strong></span> <span class='ocrx_word' id='word_1_447' title='bbox 3267 2874 3653 2945; x_wconf 88' lang='lat' dir='ltr'><strong>Cappadoces,</strong></span> 
     </span>
    </p>
   </div>
   <div class='ocr_carea' id='block_1_63' title="bbox 2080 2968 3655 3047">
    <p class='ocr_par' dir='ltr' id='par_1_63' title="bbox 2080 2968 3655 3047">
     <span class='ocr_line' id='line_1_63' title="bbox 2080 2968 3655 3047; baseline -0.009 -17"><span class='ocrx_word' id='word_1_448' title='bbox 2080 2977 2175 3047; x_wconf 90' lang='lat' dir='ltr'><strong>qui</strong></span> <span class='ocrx_word' id='word_1_449' title='bbox 2205 2982 2437 3030; x_wconf 91' lang='lat' dir='ltr'><strong>cunctos</strong></span> <span class='ocrx_word' id='word_1_450' title='bbox 2472 2973 2621 3027; x_wconf 91' lang='lat' dir='ltr'><strong>illius</strong></span> <span class='ocrx_word' id='word_1_451' title='bbox 2655 2971 2923 3042; x_wconf 85' lang='lat' dir='ltr'><strong>temporis</strong></span> <span class='ocrx_word' id='word_1_452' title='bbox 2951 2978 3205 3023; x_wconf 90' lang='lat' dir='ltr'><strong>oratores</strong></span> <span class='ocrx_word' id='word_1_453' title='bbox 3233 2968 3393 3038; x_wconf 85' lang='lat' dir='ltr'><strong>longe</strong></span> <span class='ocrx_word' id='word_1_454' title='bbox 3426 2979 3655 3035; x_wconf 88' lang='lat' dir='ltr'><strong>supera-</strong></span> 
     </span>
    </p>
   </div>
   <div class='ocr_carea' id='block_1_64' title="bbox 2082 3061 3656 3137">
    <p class='ocr_par' dir='ltr' id='par_1_64' title="bbox 2082 3061 3656 3137">
     <span class='ocr_line' id='line_1_64' title="bbox 2082 3061 3656 3137; baseline -0.008 -13"><span class='ocrx_word' id='word_1_455' title='bbox 2082 3071 2213 3126; x_wconf 87' lang='lat' dir='ltr'><strong>bant</strong></span> <span class='ocrx_word' id='word_1_456' title='bbox 2238 3088 2251 3123; x_wconf 92' lang='lat'>:</span> <span class='ocrx_word' id='word_1_457' title='bbox 2288 3069 2555 3136; x_wconf 82' lang='lat' dir='ltr'><strong>multique</strong></span> <span class='ocrx_word' id='word_1_458' title='bbox 2576 3073 2841 3137; x_wconf 84' lang='lat' dir='ltr'><strong>praeterea</strong></span> <span class='ocrx_word' id='word_1_459' title='bbox 2871 3063 3219 3119; x_wconf 82' lang='lat' dir='ltr'><strong>disertissimi</strong></span> <span class='ocrx_word' id='word_1_460' title='bbox 3249 3061 3389 3126; x_wconf 90' lang='lat' dir='ltr'><strong>viri,</strong></span> <span class='ocrx_word' id='word_1_461' title='bbox 3420 3073 3656 3130; x_wconf 91' lang='lat' dir='ltr'><strong>quorum</strong></span> 
     </span>
    </p>
   </div>
   <div class='ocr_carea' id='block_1_65' title="bbox 2082 3150 3655 3227">
    <p class='ocr_par' dir='ltr' id='par_1_65' title="bbox 2082 3150 3655 3227">
     <span class='ocr_line' id='line_1_65' title="bbox 2082 3150 3655 3227; baseline -0.009 -11"><span class='ocrx_word' id='word_1_462' title='bbox 2082 3162 2174 3216; x_wconf 90' lang='lat' dir='ltr'><strong>alii</strong></span> <span class='ocrx_word' id='word_1_463' title='bbox 2222 3161 2383 3215; x_wconf 88' lang='lat' dir='ltr'><strong>ﬁdem</strong></span> <span class='ocrx_word' id='word_1_464' title='bbox 2426 3158 2631 3213; x_wconf 67' lang='lat' dir='ltr'><strong>Nieazni</strong></span> <span class='ocrx_word' id='word_1_465' title='bbox 2672 3156 2893 3212; x_wconf 91' lang='lat' dir='ltr'><strong>concilii</strong></span> <span class='ocrx_word' id='word_1_466' title='bbox 2933 3155 3304 3227; x_wconf 87' lang='lat' dir='ltr'><strong>sequebantur</strong></span> <span class='ocrx_word' id='word_1_467' title='bbox 3336 3191 3352 3218; x_wconf 97' lang='lat'><strong>,</strong></span> <span class='ocrx_word' id='word_1_468' title='bbox 3403 3151 3495 3205; x_wconf 90' lang='lat' dir='ltr'><strong>alii</strong></span> <span class='ocrx_word' id='word_1_469' title='bbox 3534 3150 3655 3220; x_wconf 91' lang='lat' dir='ltr'><strong>opi-</strong></span> 
     </span>
    </p>
   </div>
   <div class='ocr_carea' id='block_1_66' title="bbox 2082 3243 3658 3318">
    <p class='ocr_par' dir='ltr' id='par_1_66' title="bbox 2082 3243 3658 3318">
     <span class='ocr_line' id='line_1_66' title="bbox 2082 3243 3658 3318; baseline -0.008 -11"><span class='ocrx_word' id='word_1_470' title='bbox 2082 3254 2302 3308; x_wconf 91' lang='lat' dir='ltr'><strong>nionem</strong></span> <span class='ocrx_word' id='word_1_471' title='bbox 2360 3251 2473 3305; x_wconf 82' lang='lat' dir='ltr'><strong>Arii</strong></span> <span class='ocrx_word' id='word_1_472' title='bbox 2519 3257 2677 3305; x_wconf 90' lang='lat' dir='ltr'><strong>erant</strong></span> <span class='ocrx_word' id='word_1_473' title='bbox 2725 3247 2979 3318; x_wconf 83' lang='lat' dir='ltr'><strong>amplexi.</strong></span> <span class='ocrx_word' id='word_1_474' title='bbox 3024 3246 3160 3302; x_wconf 89' lang='lat' dir='ltr'><strong>Cum</strong></span> <span class='ocrx_word' id='word_1_475' title='bbox 3202 3243 3373 3315; x_wconf 91' lang='lat' dir='ltr'><strong>igitur</strong></span> <span class='ocrx_word' id='word_1_476' title='bbox 3431 3256 3658 3313; x_wconf 90' lang='lat' dir='ltr'><strong>persua-</strong></span> 
     </span>
    </p>
   </div>
   <div class='ocr_carea' id='block_1_67' title="bbox 2082 3335 3659 3409">
    <p class='ocr_par' dir='ltr' id='par_1_67' title="bbox 2082 3335 3659 3409">
     <span class='ocr_line' id='line_1_67' title="bbox 2082 3335 3659 3409; baseline -0.008 -11"><span class='ocrx_word' id='word_1_477' title='bbox 2082 3344 2248 3399; x_wconf 88' lang='lat' dir='ltr'><strong>dendi</strong></span> <span class='ocrx_word' id='word_1_478' title='bbox 2285 3342 2596 3397; x_wconf 81' lang='lat' dir='ltr'><strong>facultatem</strong></span> <span class='ocrx_word' id='word_1_479' title='bbox 2632 3340 2762 3395; x_wconf 90' lang='lat' dir='ltr'><strong>hinc</strong></span> <span class='ocrx_word' id='word_1_480' title='bbox 2799 3347 3017 3393; x_wconf 85' lang='lat' dir='ltr'><strong>tantum</strong></span> <span class='ocrx_word' id='word_1_481' title='bbox 3057 3336 3245 3409; x_wconf 87' lang='lat' dir='ltr'><strong>parari</strong></span> <span class='ocrx_word' id='word_1_482' title='bbox 3284 3335 3659 3397; x_wconf 81' lang='lat' dir='ltr'><strong>existimaret,</strong></span> 
     </span>
    </p>
   </div>
   <div class='ocr_carea' id='block_1_68' title="bbox 2083 3424 3659 3505">
    <p class='ocr_par' dir='ltr' id='par_1_68' title="bbox 2083 3424 3659 3505">
     <span class='ocr_line' id='line_1_68' title="bbox 2083 3424 3659 3505; baseline -0.008 -14"><span class='ocrx_word' id='word_1_483' title='bbox 2083 3452 2191 3491; x_wconf 90' lang='lat' dir='ltr'><strong>non</strong></span> <span class='ocrx_word' id='word_1_484' title='bbox 2225 3434 2478 3505; x_wconf 86' lang='lat' dir='ltr'><strong>permisit</strong></span> <span class='ocrx_word' id='word_1_485' title='bbox 2514 3432 2850 3487; x_wconf 89' lang='lat' dir='ltr'><strong>Christianis</strong></span> <span class='ocrx_word' id='word_1_486' title='bbox 2891 3437 2952 3483; x_wconf 92' lang='lat' dir='ltr'><strong>ut</strong></span> <span class='ocrx_word' id='word_1_487' title='bbox 2987 3428 3305 3483; x_wconf 62' lang='lat' dir='ltr'><strong>Graecorum</strong></span> <span class='ocrx_word' id='word_1_488' title='bbox 3344 3424 3659 3493; x_wconf 87' lang='lat' dir='ltr'><strong>disciplinis</strong></span> 
     </span>
    </p>
   </div>
   <div class='ocr_carea' id='block_1_69' title="bbox 2083 3514 3655 3592">
    <p class='ocr_par' dir='ltr' id='par_1_69' title="bbox 2083 3514 3655 3592">
     <span class='ocr_line' id='line_1_69' title="bbox 2083 3514 3655 3592; baseline -0.01 -9"><span class='ocrx_word' id='word_1_489' title='bbox 2083 3528 2434 3584; x_wconf 88' lang='lat' dir='ltr'><strong>erudirentur</strong></span> <span class='ocrx_word' id='word_1_490' title='bbox 2462 3524 2503 3579; x_wconf 72' lang='grc' dir='ltr'><strong>ί.</strong></span> <span class='ocrx_word' id='word_1_491' title='bbox 2537 3522 2659 3589; x_wconf 88' lang='lat' dir='ltr'><strong>Quo</strong></span> <span class='ocrx_word' id='word_1_492' title='bbox 2696 3522 2915 3592; x_wconf 91' lang='lat' dir='ltr'><strong>quidem</strong></span> <span class='ocrx_word' id='word_1_493' title='bbox 2959 3528 3205 3590; x_wconf 89' lang='lat' dir='ltr'><strong>tempore</strong></span> <span class='ocrx_word' id='word_1_494' title='bbox 3234 3515 3566 3587; x_wconf 80' lang='lat' dir='ltr'><strong>Apollinaris</strong></span> <span class='ocrx_word' id='word_1_495' title='bbox 3602 3514 3655 3567; x_wconf 91' lang='lat' dir='ltr'><strong>in</strong></span> 
     </span>
    </p>
   </div>
   <div class='ocr_carea' id='block_1_70' title="bbox 2084 3605 3658 3689">
    <p class='ocr_par' dir='ltr' id='par_1_70' title="bbox 2084 3605 3658 3689">
     <span class='ocr_line' id='line_1_70' title="bbox 2084 3605 3658 3689; baseline -0.01 -17"><span class='ocrx_word' id='word_1_496' title='bbox 2084 3634 2249 3689; x_wconf 88' lang='lat' dir='ltr'><strong>quem</strong></span> <span class='ocrx_word' id='word_1_497' title='bbox 2286 3630 2455 3686; x_wconf 89' lang='lat' dir='ltr'><strong>supra</strong></span> <span class='ocrx_word' id='word_1_498' title='bbox 2489 3614 2642 3679; x_wconf 91' lang='lat' dir='ltr'><strong>dixi,</strong></span> <span class='ocrx_word' id='word_1_499' title='bbox 2679 3612 2972 3681; x_wconf 88' lang='lat' dir='ltr'><strong>multiplici</strong></span> <span class='ocrx_word' id='word_1_500' title='bbox 3007 3609 3317 3665; x_wconf 90' lang='lat' dir='ltr'><strong>eruditione</strong></span> <span class='ocrx_word' id='word_1_501' title='bbox 3350 3616 3403 3662; x_wconf 90' lang='lat' dir='ltr'><strong>et</strong></span> <span class='ocrx_word' id='word_1_502' title='bbox 3434 3605 3658 3676; x_wconf 88' lang='lat' dir='ltr'><strong>ingenio</strong></span> 
     </span>
    </p>
   </div>
   <div class='ocr_carea' id='block_1_71' title="bbox 2086 3696 3659 3781">
    <p class='ocr_par' dir='ltr' id='par_1_71' title="bbox 2086 3696 3659 3781">
     <span class='ocr_line' id='line_1_71' title="bbox 2086 3696 3659 3781; baseline -0.011 -17"><span class='ocrx_word' id='word_1_503' title='bbox 2086 3725 2195 3781; x_wconf 90' lang='lat' dir='ltr'><strong>quo</strong></span> <span class='ocrx_word' id='word_1_504' title='bbox 2226 3710 2443 3761; x_wconf 80' lang='lat' dir='ltr'><strong>valebat</strong></span> <span class='ocrx_word' id='word_1_505' title='bbox 2464 3746 2479 3771; x_wconf 94' lang='lat'><strong>,</strong></span> <span class='ocrx_word' id='word_1_506' title='bbox 2519 3713 2831 3775; x_wconf 89' lang='lat' dir='ltr'><strong>opportune</strong></span> <span class='ocrx_word' id='word_1_507' title='bbox 2867 3717 3040 3766; x_wconf 87' lang='lat' dir='ltr'><strong>usus,</strong></span> <span class='ocrx_word' id='word_1_508' title='bbox 3074 3716 3171 3771; x_wconf 79' lang='lat' dir='ltr'><strong>Pro</strong></span> <span class='ocrx_word' id='word_1_509' title='bbox 3204 3696 3429 3754; x_wconf 83' lang='lat' dir='ltr'><strong>Homeri</strong></span> <span class='ocrx_word' id='word_1_510' title='bbox 3459 3696 3659 3750; x_wconf 75' lang='lat' dir='ltr'><strong>carmi-</strong></span> 
     </span>
    </p>
   </div>
   <div class='ocr_carea' id='block_1_72' title="bbox 411 3787 2169 3870">
    <p class='ocr_par' dir='ltr' id='par_1_72' title="bbox 411 3794 2155 3870">
     <span class='ocr_line' id='line_1_72' title="bbox 411 3794 2155 3870; baseline -0.002 -19"><span class='ocrx_word' id='word_1_511' title='bbox 411 3799 702 3870; x_wconf 83' lang='grc' dir='ltr'>βασιλείας,</span> <span class='ocrx_word' id='word_1_512' title='bbox 741 3797 835 3851; x_wconf 76' lang='grc' dir='ltr'><strong>καὶ</strong></span> <span class='ocrx_word' id='word_1_513' title='bbox 880 3797 961 3860; x_wconf 82' lang='grc' dir='ltr'><strong>είς</strong></span> <span class='ocrx_word' id='word_1_514' title='bbox 1012 3795 1427 3867; x_wconf 78' lang='grc' dir='ltr'>εἰκοσιτέσσαρα</span> <span class='ocrx_word' id='word_1_515' title='bbox 1478 3795 1618 3865; x_wconf 79' lang='grc' dir='ltr'>μέρη</span> <span class='ocrx_word' id='word_1_516' title='bbox 1668 3794 1766 3865; x_wconf 79' lang='grc' dir='ltr'>τὴν</span> <span class='ocrx_word' id='word_1_517' title='bbox 1806 3796 1983 3847; x_wconf 78' lang='grc' dir='ltr'>πᾶσαν</span> <span class='ocrx_word' id='word_1_518' title='bbox 2011 3811 2052 3870; x_wconf 76' lang='lat' dir='ltr'>c</span> <span class='ocrx_word' id='word_1_519' title='bbox 2086 3816 2155 3855; x_wconf 85' lang='lat' dir='ltr'><strong>ne</strong></span> 
     </span>
    </p>
   </div>
   <div class='ocr_carea' id='block_1_73' title="bbox 1894 3787 3652 3870">
    <p class='ocr_par' dir='ltr' id='par_1_73' title="bbox 1894 3787 3652 3870">
     <span class='ocr_line' id='line_1_73' title="bbox 1894 3787 3652 3870; baseline -0.003 -27"><span class='ocrx_word' id='word_1_520' title='bbox 1894 3811 2052 3870; x_wconf 74' lang='lat' dir='ltr'><strong>mc</strong></span> <span class='ocrx_word' id='word_1_521' title='bbox 2086 3816 2191 3865; x_wconf 89' lang='lat' dir='ltr'><strong>ne,</strong></span> <span class='ocrx_word' id='word_1_522' title='bbox 2247 3798 2603 3854; x_wconf 67' lang='lat' dir='ltr'><strong>Hebraeorum</strong></span> <span class='ocrx_word' id='word_1_523' title='bbox 2652 3794 3037 3863; x_wconf 88' lang='lat' dir='ltr'><strong>antiquitatem</strong></span> <span class='ocrx_word' id='word_1_524' title='bbox 3087 3805 3265 3861; x_wconf 89' lang='lat' dir='ltr'><strong>usque</strong></span> <span class='ocrx_word' id='word_1_525' title='bbox 3316 3787 3383 3842; x_wconf 88' lang='lat' dir='ltr'><strong>ad</strong></span> <span class='ocrx_word' id='word_1_526' title='bbox 3427 3800 3652 3857; x_wconf 79' lang='lat' dir='ltr'><strong>regnum</strong></span> 
     </span>
    </p>
   </div>
   <div class='ocr_carea' id='block_1_74' title="bbox 410 3885 1981 3961">
    <p class='ocr_par' dir='ltr' id='par_1_74' title="bbox 410 3885 1981 3961">
     <span class='ocr_line' id='line_1_74' title="bbox 410 3885 1981 3961; baseline -0.005 -18"><span class='ocrx_word' id='word_1_527' title='bbox 410 3890 790 3961; x_wconf 71' lang='grc' dir='ltr'>πραγματείαν</span> <span class='ocrx_word' id='word_1_528' title='bbox 850 3888 1078 3954; x_wconf 80' lang='grc' dir='ltr'>διεῖλεν,</span> <span class='ocrx_word' id='word_1_529' title='bbox 1131 3887 1344 3954; x_wconf 82' lang='grc' dir='ltr'>ἑκάστῳ</span> <span class='ocrx_word' id='word_1_530' title='bbox 1403 3886 1552 3956; x_wconf 86' lang='grc' dir='ltr'>τόμῳ</span> <span class='ocrx_word' id='word_1_531' title='bbox 1610 3885 1981 3955; x_wconf 85' lang='grc' dir='ltr'>προσηγορίαν</span> 
     </span>
    </p>
   </div>
   <div class='ocr_carea' id='block_1_75' title="bbox 406 3973 1982 4052">
    <p class='ocr_par' dir='ltr' id='par_1_75' title="bbox 406 3973 1982 4052">
     <span class='ocr_line' id='line_1_75' title="bbox 406 3973 1982 4052; baseline -0.005 -17"><span class='ocrx_word' id='word_1_532' title='bbox 406 3982 634 4052; x_wconf 83' lang='grc' dir='ltr'>θέμενος</span> <span class='ocrx_word' id='word_1_533' title='bbox 655 3982 941 4051; x_wconf 83' lang='grc' dir='ltr'>ὁμώνυμον</span> <span class='ocrx_word' id='word_1_534' title='bbox 967 3982 1080 4043; x_wconf 87' lang='grc' dir='ltr'>τοῖς</span> <span class='ocrx_word' id='word_1_535' title='bbox 1100 3979 1227 4049; x_wconf 87' lang='grc' dir='ltr'>παρ’</span> <span class='ocrx_word' id='word_1_536' title='bbox 1263 3976 1483 4046; x_wconf 88' lang='grc' dir='ltr'>Ἕλλησι</span> <span class='ocrx_word' id='word_1_537' title='bbox 1527 3974 1807 4045; x_wconf 86' lang='grc' dir='ltr'>στοιχείοις</span> <span class='ocrx_word' id='word_1_538' title='bbox 1844 3973 1982 4028; x_wconf 80' lang='grc' dir='ltr'>κατὰ</span> 
     </span>
    </p>
   </div>
   <div class='ocr_carea' id='block_1_76' title="bbox 407 4067 1981 4144">
    <p class='ocr_par' dir='ltr' id='par_1_76' title="bbox 407 4067 1981 4144">
     <span class='ocr_line' id='line_1_76' title="bbox 407 4067 1981 4144; baseline -0.004 -16"><span class='ocrx_word' id='word_1_539' title='bbox 407 4075 499 4128; x_wconf 72' lang='grc' dir='ltr'><strong>τὸν</strong></span> <span class='ocrx_word' id='word_1_540' title='bbox 527 4073 729 4128; x_wconf 87' lang='grc' dir='ltr'>τούτων</span> <span class='ocrx_word' id='word_1_541' title='bbox 756 4071 986 4144; x_wconf 80' lang='grc' dir='ltr'>ἀριθμὸν</span> <span class='ocrx_word' id='word_1_542' title='bbox 1012 4071 1103 4124; x_wconf 77' lang='grc' dir='ltr'><strong>καὶ</strong></span> <span class='ocrx_word' id='word_1_543' title='bbox 1126 4070 1223 4141; x_wconf 86' lang='grc' dir='ltr'><strong>τὴν</strong></span> <span class='ocrx_word' id='word_1_544' title='bbox 1253 4068 1429 4134; x_wconf 83' lang='grc' dir='ltr'>τάξιν.</span> <span class='ocrx_word' id='word_1_545' title='bbox 1461 4067 1981 4140; x_wconf 83' lang='grc' dir='ltr'>Ἐπραγματεύσατο</span> 
     </span>
    </p>
   </div>
   <div class='ocr_carea' id='block_1_77' title="bbox 406 4159 1981 4235">
    <p class='ocr_par' dir='ltr' id='par_1_77' title="bbox 406 4159 1981 4235">
     <span class='ocr_line' id='line_1_77' title="bbox 406 4159 1981 4235; baseline -0.005 -16"><span class='ocrx_word' id='word_1_546' title='bbox 406 4167 464 4219; x_wconf 77' lang='grc' dir='ltr'>δὲ</span> <span class='ocrx_word' id='word_1_547' title='bbox 497 4165 728 4229; x_wconf 75' lang='grc' dir='ltr'>καὶτοῖς</span> <span class='ocrx_word' id='word_1_548' title='bbox 768 4163 1077 4235; x_wconf 77' lang='grc' dir='ltr'>Μενάνδρου</span> <span class='ocrx_word' id='word_1_549' title='bbox 1104 4162 1371 4233; x_wconf 89' lang='grc' dir='ltr'>δράμασιν</span> <span class='ocrx_word' id='word_1_550' title='bbox 1413 4159 1741 4230; x_wconf 85' lang='grc' dir='ltr'>εἰκασμένας</span> <span class='ocrx_word' id='word_1_551' title='bbox 1783 4176 1981 4230; x_wconf 85' lang='grc' dir='ltr'>κωμῳ-</span> 
     </span>
    </p>
   </div>
   <div class='ocr_carea' id='block_1_78' title="bbox 407 4250 1979 4328">
    <p class='ocr_par' dir='ltr' id='par_1_78' title="bbox 407 4250 1979 4328">
     <span class='ocr_line' id='line_1_78' title="bbox 407 4250 1979 4328; baseline -0.005 -17"><span class='ocrx_word' id='word_1_552' title='bbox 407 4257 556 4323; x_wconf 69' lang='grc' dir='ltr'>δίας·</span> <span class='ocrx_word' id='word_1_553' title='bbox 588 4258 682 4311; x_wconf 75' lang='grc' dir='ltr'>καὶ</span> <span class='ocrx_word' id='word_1_554' title='bbox 707 4256 806 4328; x_wconf 86' lang='grc' dir='ltr'><strong>τὴν</strong></span> <span class='ocrx_word' id='word_1_555' title='bbox 848 4254 1139 4327; x_wconf 82' lang='grc' dir='ltr'>Εὐριπίδου</span> <span class='ocrx_word' id='word_1_556' title='bbox 1180 4252 1508 4324; x_wconf 83' lang='grc' dir='ltr'>τραγῳδίαν,</span> <span class='ocrx_word' id='word_1_557' title='bbox 1562 4251 1658 4304; x_wconf 68' lang='grc' dir='ltr'>καὶ</span> <span class='ocrx_word' id='word_1_558' title='bbox 1705 4250 1802 4323; x_wconf 84' lang='grc' dir='ltr'>τὴν</span> <span class='ocrx_word' id='word_1_559' title='bbox 1847 4253 1979 4305; x_wconf 87' lang='grc' dir='ltr'>Πιν-</span> 
     </span>
    </p>
   </div>
   <div class='ocr_carea' id='block_1_79' title="bbox 407 4345 1981 4423">
    <p class='ocr_par' dir='ltr' id='par_1_79' title="bbox 407 4345 1981 4423">
     <span class='ocr_line' id='line_1_79' title="bbox 407 4345 1981 4423; baseline -0.004 -18"><span class='ocrx_word' id='word_1_560' title='bbox 407 4352 571 4422; x_wconf 77' lang='grc' dir='ltr'>δάρου</span> <span class='ocrx_word' id='word_1_561' title='bbox 604 4350 771 4423; x_wconf 89' lang='grc' dir='ltr'>λύραν</span> <span class='ocrx_word' id='word_1_562' title='bbox 802 4350 1111 4421; x_wconf 86' lang='grc' dir='ltr'>ἐμιμήσατο</span> <span class='ocrx_word' id='word_1_563' title='bbox 1132 4389 1149 4415; x_wconf 92' lang='grc'><strong>,</strong></span> <span class='ocrx_word' id='word_1_564' title='bbox 1198 4348 1292 4401; x_wconf 79' lang='grc' dir='ltr'><strong>καὶ</strong></span> <span class='ocrx_word' id='word_1_565' title='bbox 1321 4346 1505 4410; x_wconf 83' lang='grc' dir='ltr'>ἁπλῶς</span> <span class='ocrx_word' id='word_1_566' title='bbox 1545 4347 1737 4410; x_wconf 86' lang='grc' dir='ltr'>εἰπεῖν,</span> <span class='ocrx_word' id='word_1_567' title='bbox 1764 4346 1829 4405; x_wconf 77' lang='grc' dir='ltr'><strong>ἐκ</strong></span> <span class='ocrx_word' id='word_1_568' title='bbox 1872 4345 1981 4399; x_wconf 82' lang='grc' dir='ltr'><strong>τῶν</strong></span> 
     </span>
    </p>
   </div>
   <div class='ocr_carea' id='block_1_80' title="bbox 411 4436 1981 4513">
    <p class='ocr_par' dir='ltr' id='par_1_80' title="bbox 411 4436 1981 4513">
     <span class='ocr_line' id='line_1_80' title="bbox 411 4436 1981 4513; baseline -0.004 -16"><span class='ocrx_word' id='word_1_569' title='bbox 411 4442 568 4497; x_wconf 88' lang='grc' dir='ltr'>θείων</span> <span class='ocrx_word' id='word_1_570' title='bbox 598 4442 827 4513; x_wconf 85' lang='grc' dir='ltr'>Γραφῶν</span> <span class='ocrx_word' id='word_1_571' title='bbox 861 4440 960 4503; x_wconf 86' lang='grc' dir='ltr'><strong>τάς</strong></span> <span class='ocrx_word' id='word_1_572' title='bbox 986 4439 1267 4502; x_wconf 81' lang='grc' dir='ltr'>ὑποθέσεις</span> <span class='ocrx_word' id='word_1_573' title='bbox 1311 4437 1491 4491; x_wconf 77' lang='grc' dir='ltr'>λαὸὼν</span> <span class='ocrx_word' id='word_1_574' title='bbox 1530 4436 1639 4490; x_wconf 89' lang='grc' dir='ltr'>τῶν</span> <span class='ocrx_word' id='word_1_575' title='bbox 1680 4436 1981 4506; x_wconf 80' lang='grc' dir='ltr'>ἐγκυκλίων</span> 
     </span>
    </p>
   </div>
   <div class='ocr_carea' id='block_1_81' title="bbox 412 4530 1983 4605">
    <p class='ocr_par' dir='ltr' id='par_1_81' title="bbox 412 4530 1983 4605">
     <span class='ocr_line' id='line_1_81' title="bbox 412 4530 1983 4605; baseline -0.003 -18"><span class='ocrx_word' id='word_1_576' title='bbox 412 4534 757 4605; x_wconf 86' lang='grc' dir='ltr'>καλουμένων</span> <span class='ocrx_word' id='word_1_577' title='bbox 789 4531 1143 4603; x_wconf 82' lang='grc' dir='ltr'>μαθημάτων,</span> <span class='ocrx_word' id='word_1_578' title='bbox 1186 4531 1244 4587; x_wconf 82' lang='grc' dir='ltr'><strong>ἐν</strong></span> <span class='ocrx_word' id='word_1_579' title='bbox 1286 4531 1451 4601; x_wconf 83' lang='grc' dir='ltr'>ὀλίγῳ</span> <span class='ocrx_word' id='word_1_580' title='bbox 1487 4530 1663 4602; x_wconf 85' lang='grc' dir='ltr'>χρόνῳ</span> <span class='ocrx_word' id='word_1_581' title='bbox 1688 4530 1983 4601; x_wconf 82' lang='grc' dir='ltr'>ἐπενόησεν</span> 
     </span>
    </p>
   </div>
   <div class='ocr_carea' id='block_1_82' title="bbox 414 4620 1983 4696">
    <p class='ocr_par' dir='ltr' id='par_1_82' title="bbox 414 4620 1983 4696">
     <span class='ocr_line' id='line_1_82' title="bbox 414 4620 1983 4696; baseline -0.002 -20"><span class='ocrx_word' id='word_1_582' title='bbox 414 4624 733 4696; x_wconf 76' lang='grc' dir='ltr'>ἰσαρίθμους</span> <span class='ocrx_word' id='word_1_583' title='bbox 756 4622 849 4677; x_wconf 76' lang='grc' dir='ltr'>καὶ</span> <span class='ocrx_word' id='word_1_584' title='bbox 875 4622 1225 4692; x_wconf 81' lang='grc' dir='ltr'>ἱσοδυνάμους</span> <span class='ocrx_word' id='word_1_585' title='bbox 1255 4620 1792 4694; x_wconf 77' lang='grc' dir='ltr'>πραγματείας,ἦθει</span> <span class='ocrx_word' id='word_1_586' title='bbox 1809 4638 1869 4674; x_wconf 90' lang='grc' dir='ltr'><strong>τε</strong></span> <span class='ocrx_word' id='word_1_587' title='bbox 1891 4621 1983 4673; x_wconf 75' lang='grc' dir='ltr'><strong>καὶ</strong></span> 
     </span>
    </p>
   </div>
   <div class='ocr_carea' id='block_1_83' title="bbox 413 4710 1979 4785">
    <p class='ocr_par' dir='ltr' id='par_1_83' title="bbox 413 4710 1979 4785">
     <span class='ocr_line' id='line_1_83' title="bbox 413 4710 1979 4785; baseline -0.004 -18"><span class='ocrx_word' id='word_1_588' title='bbox 413 4714 610 4785; x_wconf 76' lang='grc' dir='ltr'>φράσει</span> <span class='ocrx_word' id='word_1_589' title='bbox 624 4712 717 4766; x_wconf 71' lang='grc' dir='ltr'>καὶ</span> <span class='ocrx_word' id='word_1_590' title='bbox 751 4715 1057 4783; x_wconf 83' lang='grc' dir='ltr'>χαρακτῆρι</span> <span class='ocrx_word' id='word_1_591' title='bbox 1084 4714 1176 4765; x_wconf 72' lang='grc' dir='ltr'>καὶ</span> <span class='ocrx_word' id='word_1_592' title='bbox 1203 4711 1484 4782; x_wconf 77' lang='grc' dir='ltr'>οἰκονομία</span> <span class='ocrx_word' id='word_1_593' title='bbox 1515 4710 1677 4782; x_wconf 78' lang='grc' dir='ltr'>ὁμοίᾳ</span> <span class='ocrx_word' id='word_1_594' title='bbox 1708 4712 1821 4774; x_wconf 89' lang='grc' dir='ltr'>τοῖς</span> <span class='ocrx_word' id='word_1_595' title='bbox 1848 4710 1979 4781; x_wconf 78' lang='grc' dir='ltr'>παρ’</span> 
     </span>
    </p>
   </div>
   <div class='ocr_carea' id='block_1_84' title="bbox 416 4802 1972 4875">
    <p class='ocr_par' dir='ltr' id='par_1_84' title="bbox 416 4802 1972 4875">
     <span class='ocr_line' id='line_1_84' title="bbox 416 4802 1972 4875; baseline -0.002 -17"><span class='ocrx_word' id='word_1_596' title='bbox 416 4804 668 4875; x_wconf 81' lang='grc' dir='ltr'>Ἕλλησιν</span> <span class='ocrx_word' id='word_1_597' title='bbox 705 4806 761 4858; x_wconf 92' lang='grc' dir='ltr'><strong>ἐν</strong></span> <span class='ocrx_word' id='word_1_598' title='bbox 792 4804 1001 4868; x_wconf 87' lang='grc' dir='ltr'>τούτοις</span> <span class='ocrx_word' id='word_1_599' title='bbox 1025 4804 1461 4874; x_wconf 84' lang='grc' dir='ltr'>εὐδοκιμήσασιν.</span> <span class='ocrx_word' id='word_1_600' title='bbox 1491 4805 1654 4858; x_wconf 81' lang='grc' dir='ltr'>Ὥστε</span> <span class='ocrx_word' id='word_1_601' title='bbox 1694 4806 1741 4857; x_wconf 91' lang='grc' dir='ltr'><strong>εἰ</strong></span> <span class='ocrx_word' id='word_1_602' title='bbox 1774 4803 1848 4875; x_wconf 82' lang='grc' dir='ltr'>μὴ</span> <span class='ocrx_word' id='word_1_603' title='bbox 1878 4802 1972 4873; x_wconf 68' lang='grc' dir='ltr'>τὴν</span> 
     </span>
    </p>
   </div>
   <div class='ocr_carea' id='block_1_85' title="bbox 412 4894 1982 4968">
    <p class='ocr_par' dir='ltr' id='par_1_85' title="bbox 412 4894 1982 4968">
     <span class='ocr_line' id='line_1_85' title="bbox 412 4894 1982 4968; baseline -0.002 -17"><span class='ocrx_word' id='word_1_604' title='bbox 412 4897 743 4968; x_wconf 77' lang='grc' dir='ltr'>ἀρχαιότητα</span> <span class='ocrx_word' id='word_1_605' title='bbox 773 4896 973 4966; x_wconf 86' lang='grc' dir='ltr'>ἐτίμων</span> <span class='ocrx_word' id='word_1_606' title='bbox 1009 4897 1059 4949; x_wconf 79' lang='grc' dir='ltr'><strong>οἱ</strong></span> <span class='ocrx_word' id='word_1_607' title='bbox 1083 4894 1376 4967; x_wconf 78' lang='grc' dir='ltr'>ἄνθρωποι,</span> <span class='ocrx_word' id='word_1_608' title='bbox 1402 4894 1587 4948; x_wconf 78' lang='grc' dir='ltr'>καὶτὰ</span> <span class='ocrx_word' id='word_1_609' title='bbox 1622 4896 1823 4966; x_wconf 85' lang='grc' dir='ltr'>συνήθη</span> <span class='ocrx_word' id='word_1_610' title='bbox 1854 4895 1982 4965; x_wconf 86' lang='grc' dir='ltr'>φίλα</span> 
     </span>
    </p>
   </div>
   <div class='ocr_carea' id='block_1_86' title="bbox 411 4982 1983 5059">
    <p class='ocr_par' dir='ltr' id='par_1_86' title="bbox 411 4982 1983 5059">
     <span class='ocr_line' id='line_1_86' title="bbox 411 4982 1983 5059; baseline -0.003 -18"><span class='ocrx_word' id='word_1_611' title='bbox 411 4987 677 5058; x_wconf 76' lang='grc' dir='ltr'>ἐνόμιζον,</span> <span class='ocrx_word' id='word_1_612' title='bbox 706 4987 920 5059; x_wconf 87' lang='grc' dir='ltr'>ἐπίσης,</span> <span class='ocrx_word' id='word_1_613' title='bbox 951 4982 1124 5057; x_wconf 80' lang='grc' dir='ltr'>οῖμαι,</span> <span class='ocrx_word' id='word_1_614' title='bbox 1172 4988 1284 5049; x_wconf 91' lang='grc' dir='ltr'>τοῖς</span> <span class='ocrx_word' id='word_1_615' title='bbox 1329 4985 1576 5049; x_wconf 78' lang='grc' dir='ltr'>παλαιοῖς</span> <span class='ocrx_word' id='word_1_616' title='bbox 1624 4984 1721 5055; x_wconf 83' lang='grc' dir='ltr'><strong>τὴν</strong></span> <span class='ocrx_word' id='word_1_617' title='bbox 1770 4983 1983 5038; x_wconf 80' lang='grc' dir='ltr'>Ἀπολι-</span> 
     </span>
    </p>
   </div>
   <div class='ocr_carea' id='block_1_87' title="bbox 414 5073 1980 5147">
    <p class='ocr_par' dir='ltr' id='par_1_87' title="bbox 414 5073 1980 5147">
     <span class='ocr_line' id='line_1_87' title="bbox 414 5073 1980 5147; baseline 0.001 -18"><span class='ocrx_word' id='word_1_618' title='bbox 414 5077 601 5147; x_wconf 85' lang='grc' dir='ltr'>ναρίου</span> <span class='ocrx_word' id='word_1_619' title='bbox 627 5077 857 5147; x_wconf 82' lang='grc' dir='ltr'>σπουδὴν</span> <span class='ocrx_word' id='word_1_620' title='bbox 879 5077 1131 5147; x_wconf 80' lang='grc' dir='ltr'>ἐπῄνουν,</span> <span class='ocrx_word' id='word_1_621' title='bbox 1149 5076 1243 5130; x_wconf 63' lang='grc' dir='ltr'><strong>καὶ⁸</strong></span> <span class='ocrx_word' id='word_1_622' title='bbox 1264 5074 1600 5129; x_wconf 87' lang='grc' dir='ltr'>ἐδιδάσκοντο</span> <span class='ocrx_word' id='word_1_623' title='bbox 1620 5073 1822 5145; x_wconf 77' lang='grc' dir='ltr'>ταύτην</span> <span class='ocrx_word' id='word_1_624' title='bbox 1844 5074 1980 5145; x_wconf 71' lang='lat'><strong>(25),</strong></span> 
     </span>
    </p>
   </div>
   <div class='ocr_carea' id='block_1_88' title="bbox 2090 3881 3656 3954">
    <p class='ocr_par' dir='ltr' id='par_1_88' title="bbox 2090 3881 3656 3954">
     <span class='ocr_line' id='line_1_88' title="bbox 2090 3881 3656 3954; baseline -0.008 -10"><span class='ocrx_word' id='word_1_625' title='bbox 2090 3891 2273 3945; x_wconf 88' lang='lat' dir='ltr'><strong>Saulis</strong></span> <span class='ocrx_word' id='word_1_626' title='bbox 2294 3889 2512 3943; x_wconf 89' lang='lat' dir='ltr'><strong>heroico</strong></span> <span class='ocrx_word' id='word_1_627' title='bbox 2538 3902 2700 3942; x_wconf 85' lang='lat' dir='ltr'><strong>versu</strong></span> <span class='ocrx_word' id='word_1_628' title='bbox 2725 3884 3078 3954; x_wconf 87' lang='lat' dir='ltr'><strong>conscripsit,</strong></span> <span class='ocrx_word' id='word_1_629' title='bbox 3096 3889 3150 3938; x_wconf 90' lang='lat' dir='ltr'><strong>et</strong></span> <span class='ocrx_word' id='word_1_630' title='bbox 3169 3881 3489 3936; x_wconf 89' lang='lat' dir='ltr'><strong>universum</strong></span> <span class='ocrx_word' id='word_1_631' title='bbox 3514 3894 3656 3948; x_wconf 91' lang='lat' dir='ltr'><strong>opus</strong></span> 
     </span>
    </p>
   </div>
   <div class='ocr_carea' id='block_1_89' title="bbox 2087 3970 3657 4053">
    <p class='ocr_par' dir='ltr' id='par_1_89' title="bbox 2087 3970 3657 4053">
     <span class='ocr_line' id='line_1_89' title="bbox 2087 3970 3657 4053; baseline -0.008 -16"><span class='ocrx_word' id='word_1_632' title='bbox 2087 3984 2142 4038; x_wconf 92' lang='lat' dir='ltr'><strong>in</strong></span> <span class='ocrx_word' id='word_1_633' title='bbox 2175 3992 2411 4053; x_wconf 89' lang='lat' dir='ltr'><strong>quatuor</strong></span> <span class='ocrx_word' id='word_1_634' title='bbox 2438 3995 2503 4035; x_wconf 91' lang='lat' dir='ltr'><strong>ac</strong></span> <span class='ocrx_word' id='word_1_635' title='bbox 2535 3979 2725 4049; x_wconf 83' lang='lat' dir='ltr'><strong>viginti</strong></span> <span class='ocrx_word' id='word_1_636' title='bbox 2764 3986 2946 4049; x_wconf 83' lang='lat' dir='ltr'><strong>partes</strong></span> <span class='ocrx_word' id='word_1_637' title='bbox 2980 3974 3300 4038; x_wconf 89' lang='lat' dir='ltr'><strong>distribuit,</strong></span> <span class='ocrx_word' id='word_1_638' title='bbox 3331 3987 3395 4029; x_wconf 88' lang='lat' dir='ltr'><strong>ac</strong></span> <span class='ocrx_word' id='word_1_639' title='bbox 3426 3970 3657 4041; x_wconf 86' lang='lat' dir='ltr'><strong>singulis</strong></span> 
     </span>
    </p>
   </div>
   <div class='ocr_carea' id='block_1_90' title="bbox 2086 4061 3654 4134">
    <p class='ocr_par' dir='ltr' id='par_1_90' title="bbox 2086 4061 3654 4134">
     <span class='ocr_line' id='line_1_90' title="bbox 2086 4061 3654 4134; baseline -0.008 -9"><span class='ocrx_word' id='word_1_640' title='bbox 2086 4071 2242 4125; x_wconf 89' lang='lat' dir='ltr'><strong>libris</strong></span> <span class='ocrx_word' id='word_1_641' title='bbox 2280 4084 2344 4124; x_wconf 90' lang='lat' dir='ltr'><strong>ex</strong></span> <span class='ocrx_word' id='word_1_642' title='bbox 2376 4068 2690 4124; x_wconf 67' lang='lat' dir='ltr'><strong>Graecorum</strong></span> <span class='ocrx_word' id='word_1_643' title='bbox 2732 4067 2929 4122; x_wconf 89' lang='lat' dir='ltr'><strong>litteris</strong></span> <span class='ocrx_word' id='word_1_644' title='bbox 2969 4070 3393 4134; x_wconf 89' lang='lat' dir='ltr'><strong>cognomentum</strong></span> <span class='ocrx_word' id='word_1_645' title='bbox 3426 4061 3654 4125; x_wconf 90' lang='lat' dir='ltr'><strong>indidit,</strong></span> 
     </span>
    </p>
   </div>
   <div class='ocr_carea' id='block_1_91' title="bbox 2084 4152 3657 4233">
    <p class='ocr_par' dir='ltr' id='par_1_91' title="bbox 2084 4152 3657 4233">
     <span class='ocr_line' id='line_1_91' title="bbox 2084 4152 3657 4233; baseline -0.006 -17"><span class='ocrx_word' id='word_1_646' title='bbox 2084 4162 2241 4233; x_wconf 87' lang='lat' dir='ltr'><strong>juxta</strong></span> <span class='ocrx_word' id='word_1_647' title='bbox 2298 4176 2485 4216; x_wconf 91' lang='lat' dir='ltr'><strong>earum</strong></span> <span class='ocrx_word' id='word_1_648' title='bbox 2537 4174 2828 4215; x_wconf 90' lang='lat' dir='ltr'><strong>numerum</strong></span> <span class='ocrx_word' id='word_1_649' title='bbox 2882 4165 3045 4224; x_wconf 87' lang='lat' dir='ltr'><strong>atque</strong></span> <span class='ocrx_word' id='word_1_650' title='bbox 3097 4154 3366 4210; x_wconf 88' lang='lat' dir='ltr'><strong>ordinem.</strong></span> <span class='ocrx_word' id='word_1_651' title='bbox 3423 4152 3657 4224; x_wconf 89' lang='lat' dir='ltr'><strong>Scripsit</strong></span> 
     </span>
    </p>
   </div>
   <div class='ocr_carea' id='block_1_92' title="bbox 2087 4234 3655 4309">
    <p class='ocr_par' dir='ltr' id='par_1_92' title="bbox 2087 4234 3655 4309">
     <span class='ocr_line' id='line_1_92' title="bbox 2087 4234 3655 4309; baseline -0.006 -1"><span class='ocrx_word' id='word_1_652' title='bbox 2087 4255 2252 4309; x_wconf 83' lang='lat' dir='ltr'><strong>etiam</strong></span> <span class='ocrx_word' id='word_1_653' title='bbox 2301 4251 2601 4307; x_wconf 63' lang='lat' dir='ltr'><strong>comoedias</strong></span> <span class='ocrx_word' id='word_1_654' title='bbox 2652 4250 2827 4306; x_wconf 91' lang='lat' dir='ltr'><strong>instar</strong></span> <span class='ocrx_word' id='word_1_655' title='bbox 2860 4248 3167 4304; x_wconf 83' lang='lat' dir='ltr'><strong>fabularum</strong></span> <span class='ocrx_word' id='word_1_656' title='bbox 3202 4244 3503 4301; x_wconf 86' lang='lat' dir='ltr'><strong>Menandri.</strong></span> <span class='ocrx_word' id='word_1_657' title='bbox 3540 4234 3655 4299; x_wconf 86' lang='lat' dir='ltr'><strong>Eu-</strong></span> 
     </span>
    </p>
   </div>
   <div class='ocr_carea' id='block_1_93' title="bbox 2087 4336 3655 4416">
    <p class='ocr_par' dir='ltr' id='par_1_93' title="bbox 2087 4336 3655 4416">
     <span class='ocr_line' id='line_1_93' title="bbox 2087 4336 3655 4416; baseline -0.008 -15"><span class='ocrx_word' id='word_1_658' title='bbox 2087 4346 2282 4416; x_wconf 91' lang='lat' dir='ltr'><strong>ripidis</strong></span> <span class='ocrx_word' id='word_1_659' title='bbox 2298 4359 2515 4415; x_wconf 90' lang='lat' dir='ltr'><strong>quoque</strong></span> <span class='ocrx_word' id='word_1_660' title='bbox 2543 4342 2837 4413; x_wconf 58' lang='lat' dir='ltr'><strong>tragoedias</strong></span> <span class='ocrx_word' id='word_1_661' title='bbox 2857 4382 2873 4405; x_wconf 88' lang='lat'><strong>,</strong></span> <span class='ocrx_word' id='word_1_662' title='bbox 2893 4348 2947 4397; x_wconf 87' lang='lat' dir='ltr'><strong>et</strong></span> <span class='ocrx_word' id='word_1_663' title='bbox 2968 4338 3187 4394; x_wconf 89' lang='lat' dir='ltr'><strong>Pindari</strong></span> <span class='ocrx_word' id='word_1_664' title='bbox 3210 4338 3381 4410; x_wconf 90' lang='lat' dir='ltr'><strong>lyram</strong></span> <span class='ocrx_word' id='word_1_665' title='bbox 3408 4336 3655 4391; x_wconf 89' lang='lat' dir='ltr'><strong>imitatus</strong></span> 
     </span>
    </p>
   </div>
   <div class='ocr_carea' id='block_1_94' title="bbox 2086 4428 3656 4507">
    <p class='ocr_par' dir='ltr' id='par_1_94' title="bbox 2086 4428 3656 4507">
     <span class='ocr_line' id='line_1_94' title="bbox 2086 4428 3656 4507; baseline -0.009 -13"><span class='ocrx_word' id='word_1_666' title='bbox 2086 4448 2193 4493; x_wconf 90' lang='lat' dir='ltr'><strong>est.</strong></span> <span class='ocrx_word' id='word_1_667' title='bbox 2232 4436 2493 4507; x_wconf 89' lang='lat' dir='ltr'><strong>Denique,</strong></span> <span class='ocrx_word' id='word_1_668' title='bbox 2517 4444 2576 4489; x_wconf 94' lang='lat' dir='ltr'><strong>ut</strong></span> <span class='ocrx_word' id='word_1_669' title='bbox 2614 4432 2939 4503; x_wconf 85' lang='lat' dir='ltr'><strong>compendio</strong></span> <span class='ocrx_word' id='word_1_670' title='bbox 2976 4432 3178 4493; x_wconf 90' lang='lat' dir='ltr'><strong>dicam,</strong></span> <span class='ocrx_word' id='word_1_671' title='bbox 3210 4428 3441 4499; x_wconf 88' lang='lat' dir='ltr'><strong>sumptis</strong></span> <span class='ocrx_word' id='word_1_672' title='bbox 3470 4441 3535 4483; x_wconf 87' lang='lat' dir='ltr'><strong>ex</strong></span> <span class='ocrx_word' id='word_1_673' title='bbox 3566 4442 3656 4492; x_wconf 81' lang='lat' dir='ltr'><strong>sa-</strong></span> 
     </span>
    </p>
   </div>
   <div class='ocr_carea' id='block_1_95' title="bbox 2086 4520 3653 4599">
    <p class='ocr_par' dir='ltr' id='par_1_95' title="bbox 2086 4520 3653 4599">
     <span class='ocr_line' id='line_1_95' title="bbox 2086 4520 3653 4599; baseline -0.007 -16"><span class='ocrx_word' id='word_1_674' title='bbox 2086 4544 2179 4583; x_wconf 91' lang='lat' dir='ltr'><strong>cra</strong></span> <span class='ocrx_word' id='word_1_675' title='bbox 2206 4529 2489 4599; x_wconf 90' lang='lat' dir='ltr'><strong>Scriptura</strong></span> <span class='ocrx_word' id='word_1_676' title='bbox 2517 4526 2851 4597; x_wconf 87' lang='lat' dir='ltr'><strong>argumentis</strong></span> <span class='ocrx_word' id='word_1_677' title='bbox 2878 4523 3183 4579; x_wconf 88' lang='lat' dir='ltr'><strong>liberalium</strong></span> <span class='ocrx_word' id='word_1_678' title='bbox 3206 4520 3617 4591; x_wconf 84' lang='lat' dir='ltr'><strong>disciplinarum</strong></span> <span class='ocrx_word' id='word_1_679' title='bbox 3635 4557 3653 4583; x_wconf 90' lang='lat'><strong>,</strong></span> 
     </span>
    </p>
   </div>
   <div class='ocr_carea' id='block_1_96' title="bbox 2088 4616 3655 4692">
    <p class='ocr_par' dir='ltr' id='par_1_96' title="bbox 2088 4616 3655 4692">
     <span class='ocr_line' id='line_1_96' title="bbox 2088 4616 3655 4692; baseline -0.008 -15"><span class='ocrx_word' id='word_1_680' title='bbox 2088 4622 2239 4677; x_wconf 88' lang='lat' dir='ltr'><strong>brevi</strong></span> <span class='ocrx_word' id='word_1_681' title='bbox 2296 4630 2543 4692; x_wconf 90' lang='lat' dir='ltr'><strong>tempore</strong></span> <span class='ocrx_word' id='word_1_682' title='bbox 2592 4620 2999 4676; x_wconf 90' lang='lat' dir='ltr'><strong>lucubrationes</strong></span> <span class='ocrx_word' id='word_1_683' title='bbox 3049 4616 3391 4687; x_wconf 91' lang='lat' dir='ltr'><strong>composuit,</strong></span> <span class='ocrx_word' id='word_1_684' title='bbox 3442 4620 3499 4668; x_wconf 91' lang='lat' dir='ltr'><strong>et</strong></span> <span class='ocrx_word' id='word_1_685' title='bbox 3548 4628 3655 4666; x_wconf 91' lang='lat' dir='ltr'><strong>nu-</strong></span> 
     </span>
    </p>
   </div>
   <div class='ocr_carea' id='block_1_97' title="bbox 2090 4704 3653 4784">
    <p class='ocr_par' dir='ltr' id='par_1_97' title="bbox 2090 4704 3653 4784">
     <span class='ocr_line' id='line_1_97' title="bbox 2090 4704 3653 4784; baseline -0.007 -16"><span class='ocrx_word' id='word_1_686' title='bbox 2090 4728 2239 4769; x_wconf 91' lang='lat' dir='ltr'><strong>mero</strong></span> <span class='ocrx_word' id='word_1_687' title='bbox 2276 4722 2330 4769; x_wconf 91' lang='lat' dir='ltr'><strong>et</strong></span> <span class='ocrx_word' id='word_1_688' title='bbox 2368 4712 2689 4784; x_wconf 65' lang='lat' dir='ltr'><strong>praestantia</strong></span> <span class='ocrx_word' id='word_1_689' title='bbox 2727 4712 2965 4783; x_wconf 60' lang='lat' dir='ltr'><strong>aquales</strong></span> <span class='ocrx_word' id='word_1_690' title='bbox 3002 4710 3069 4765; x_wconf 89' lang='lat' dir='ltr'><strong>iis</strong></span> <span class='ocrx_word' id='word_1_691' title='bbox 3108 4709 3199 4779; x_wconf 93' lang='lat' dir='ltr'><strong>qui</strong></span> <span class='ocrx_word' id='word_1_692' title='bbox 3247 4706 3389 4779; x_wconf 87' lang='lat' dir='ltr'><strong>apud</strong></span> <span class='ocrx_word' id='word_1_693' title='bbox 3433 4704 3653 4761; x_wconf 67' lang='lat' dir='ltr'><strong>Graecos</strong></span> 
     </span>
    </p>
   </div>
   <div class='ocr_carea' id='block_1_98' title="bbox 2087 4799 3650 4877">
    <p class='ocr_par' dir='ltr' id='par_1_98' title="bbox 2087 4799 3650 4877">
     <span class='ocr_line' id='line_1_98' title="bbox 2087 4799 3650 4877; baseline -0.01 -14"><span class='ocrx_word' id='word_1_694' title='bbox 2087 4809 2144 4867; x_wconf 84' lang='lat' dir='ltr'><strong>in</strong></span> <span class='ocrx_word' id='word_1_695' title='bbox 2172 4822 2239 4863; x_wconf 91' lang='lat' dir='ltr'><strong>eo</strong></span> <span class='ocrx_word' id='word_1_696' title='bbox 2262 4821 2459 4877; x_wconf 88' lang='lat' dir='ltr'><strong>genere</strong></span> <span class='ocrx_word' id='word_1_697' title='bbox 2486 4804 2729 4861; x_wconf 89' lang='lat' dir='ltr'><strong>celebres</strong></span> <span class='ocrx_word' id='word_1_698' title='bbox 2765 4804 3024 4861; x_wconf 87' lang='lat' dir='ltr'><strong>exstitere</strong></span> <span class='ocrx_word' id='word_1_699' title='bbox 3043 4841 3058 4864; x_wconf 94' lang='lat'><strong>,</strong></span> <span class='ocrx_word' id='word_1_700' title='bbox 3108 4815 3203 4857; x_wconf 90' lang='lat' dir='ltr'><strong>seu</strong></span> <span class='ocrx_word' id='word_1_701' title='bbox 3250 4799 3469 4871; x_wconf 89' lang='lat' dir='ltr'><strong>genium</strong></span> <span class='ocrx_word' id='word_1_702' title='bbox 3491 4837 3506 4862; x_wconf 94' lang='lat'><strong>,</strong></span> <span class='ocrx_word' id='word_1_703' title='bbox 3554 4810 3650 4850; x_wconf 89' lang='lat' dir='ltr'><strong>seu</strong></span> 
     </span>
    </p>
   </div>
   <div class='ocr_carea' id='block_1_99' title="bbox 2087 4888 3656 4963">
    <p class='ocr_par' dir='ltr' id='par_1_99' title="bbox 2087 4888 3656 4963">
     <span class='ocr_line' id='line_1_99' title="bbox 2087 4888 3656 4963; baseline -0.009 -8"><span class='ocrx_word' id='word_1_704' title='bbox 2087 4899 2380 4955; x_wconf 90' lang='lat' dir='ltr'><strong>dictionem</strong></span> <span class='ocrx_word' id='word_1_705' title='bbox 2402 4936 2417 4960; x_wconf 90' lang='lat'><strong>,</strong></span> <span class='ocrx_word' id='word_1_706' title='bbox 2447 4912 2541 4953; x_wconf 92' lang='lat' dir='ltr'><strong>seu</strong></span> <span class='ocrx_word' id='word_1_707' title='bbox 2571 4896 2797 4950; x_wconf 83' lang='lat' dir='ltr'><strong>formam</strong></span> <span class='ocrx_word' id='word_1_708' title='bbox 2818 4935 2833 4958; x_wconf 92' lang='lat'><strong>,</strong></span> <span class='ocrx_word' id='word_1_709' title='bbox 2882 4910 2982 4950; x_wconf 90' lang='lat' dir='ltr'><strong>seu</strong></span> <span class='ocrx_word' id='word_1_710' title='bbox 3025 4892 3441 4963; x_wconf 89' lang='lat' dir='ltr'><strong>dispositionem</strong></span> <span class='ocrx_word' id='word_1_711' title='bbox 3474 4888 3656 4958; x_wconf 82' lang='lat' dir='ltr'><strong>aperis</strong></span> 
     </span>
    </p>
   </div>
   <div class='ocr_carea' id='block_1_100' title="bbox 2087 4976 3653 5062">
    <p class='ocr_par' dir='ltr' id='par_1_100' title="bbox 2087 4976 3653 5062">
     <span class='ocr_line' id='line_1_100' title="bbox 2087 4976 3653 5062; baseline -0.011 -15"><span class='ocrx_word' id='word_1_712' title='bbox 2087 4999 2334 5062; x_wconf 87' lang='lat' dir='ltr'><strong>spectes;</strong></span> <span class='ocrx_word' id='word_1_713' title='bbox 2359 4988 2495 5044; x_wconf 87' lang='lat' dir='ltr'><strong>adeo</strong></span> <span class='ocrx_word' id='word_1_714' title='bbox 2519 4997 2576 5043; x_wconf 91' lang='lat' dir='ltr'><strong>ut</strong></span> <span class='ocrx_word' id='word_1_715' title='bbox 2597 4988 2703 5043; x_wconf 89' lang='lat' dir='ltr'><strong>nisi</strong></span> <span class='ocrx_word' id='word_1_716' title='bbox 2725 4986 2978 5042; x_wconf 90' lang='lat' dir='ltr'><strong>homines</strong></span> <span class='ocrx_word' id='word_1_717' title='bbox 3001 4983 3384 5054; x_wconf 89' lang='lat' dir='ltr'><strong>antiquitatem</strong></span> <span class='ocrx_word' id='word_1_718' title='bbox 3406 4976 3653 5035; x_wconf 85' lang='lat' dir='ltr'><strong>venerari</strong></span> 
     </span>
    </p>
   </div>
   <div class='ocr_carea' id='block_1_101' title="bbox 2088 5076 3653 5150">
    <p class='ocr_par' dir='ltr' id='par_1_101' title="bbox 2088 5076 3653 5150">
     <span class='ocr_line' id='line_1_101' title="bbox 2088 5076 3653 5150; baseline -0.009 -12"><span class='ocrx_word' id='word_1_719' title='bbox 2088 5082 2345 5144; x_wconf 83' lang='lat' dir='ltr'><strong>solerent,</strong></span> <span class='ocrx_word' id='word_1_720' title='bbox 2365 5089 2414 5135; x_wconf 85' lang='lat' dir='ltr'><strong>et</strong></span> <span class='ocrx_word' id='word_1_721' title='bbox 2437 5095 2500 5136; x_wconf 90' lang='lat' dir='ltr'><strong>ea</strong></span> <span class='ocrx_word' id='word_1_722' title='bbox 2525 5080 2759 5136; x_wconf 88' lang='lat' dir='ltr'><strong>maxime</strong></span> <span class='ocrx_word' id='word_1_723' title='bbox 2780 5078 3005 5150; x_wconf 87' lang='lat' dir='ltr'><strong>diligere</strong></span> <span class='ocrx_word' id='word_1_724' title='bbox 3025 5076 3226 5147; x_wconf 91' lang='lat' dir='ltr'><strong>quibus</strong></span> <span class='ocrx_word' id='word_1_725' title='bbox 3252 5079 3613 5129; x_wconf 90' lang='lat' dir='ltr'><strong>assueverunt</strong></span> <span class='ocrx_word' id='word_1_726' title='bbox 3634 5108 3653 5135; x_wconf 94' lang='lat'><strong>,</strong></span> 
     </span>
    </p>
   </div>
   <div class='ocr_carea' id='block_1_102' title="bbox 415 5163 2173 5246">
    <p class='ocr_par' dir='ltr' id='par_1_102' title="bbox 415 5163 2173 5246">
     <span class='ocr_line' id='line_1_102' title="bbox 415 5163 2173 5246; baseline -0.002 -23"><span class='ocrx_word' id='word_1_727' title='bbox 415 5170 578 5224; x_wconf 83' lang='grc' dir='ltr'>πλέον</span> <span class='ocrx_word' id='word_1_728' title='bbox 609 5169 773 5223; x_wconf 79' lang='grc' dir='ltr'>αὐτοῦ</span> <span class='ocrx_word' id='word_1_729' title='bbox 807 5170 906 5240; x_wconf 79' lang='grc' dir='ltr'><strong>τὴν</strong></span> <span class='ocrx_word' id='word_1_730' title='bbox 935 5170 1163 5239; x_wconf 75' lang='grc' dir='ltr'>εὐφυΐαν</span> <span class='ocrx_word' id='word_1_731' title='bbox 1208 5167 1599 5239; x_wconf 76' lang='grc' dir='ltr'>θαυμάζοντες,</span> <span class='ocrx_word' id='word_1_732' title='bbox 1646 5168 1756 5237; x_wconf 84' lang='grc' dir='ltr'><strong>ὅσῳ</strong></span> <span class='ocrx_word' id='word_1_733' title='bbox 1786 5185 1849 5236; x_wconf 90' lang='grc' dir='ltr'><strong>γε</strong></span> <span class='ocrx_word' id='word_1_734' title='bbox 1877 5169 1985 5221; x_wconf 86' lang='grc' dir='ltr'>τῶν</span> <span class='ocrx_word' id='word_1_735' title='bbox 2016 5163 2061 5219; x_wconf 85' lang='lat' dir='ltr'><strong>D</strong></span> <span class='ocrx_word' id='word_1_736' title='bbox 2090 5176 2173 5246; x_wconf 78' lang='lat' dir='ltr'><strong>Ap</strong></span> 
     </span>
    </p>
   </div>
   <div class='ocr_carea' id='block_1_103' title="bbox 1897 5163 3655 5246">
    <p class='ocr_par' dir='ltr' id='par_1_103' title="bbox 1897 5163 3655 5246">
     <span class='ocr_line' id='line_1_103' title="bbox 1897 5163 3655 5246; baseline -0.007 -17"><span class='ocrx_word' id='word_1_737' title='bbox 1897 5169 1985 5221; x_wconf 76' lang='grc' dir='ltr'><strong>τῶν</strong></span> <span class='ocrx_word' id='word_1_738' title='bbox 2016 5163 2061 5219; x_wconf 80' lang='lat' dir='ltr'><strong>D</strong></span> <span class='ocrx_word' id='word_1_739' title='bbox 2090 5174 2419 5246; x_wconf 83' lang='lat' dir='ltr'><strong>Apollinaris</strong></span> <span class='ocrx_word' id='word_1_740' title='bbox 2450 5173 2624 5229; x_wconf 89' lang='lat' dir='ltr'><strong>libros</strong></span> <span class='ocrx_word' id='word_1_741' title='bbox 2651 5187 2805 5243; x_wconf 75' lang='lat' dir='ltr'><strong>aeque</strong></span> <span class='ocrx_word' id='word_1_742' title='bbox 2836 5184 2903 5226; x_wconf 84' lang='lat' dir='ltr'><strong>ac</strong></span> <span class='ocrx_word' id='word_1_743' title='bbox 2934 5177 3179 5225; x_wconf 89' lang='lat' dir='ltr'><strong>veterum</strong></span> <span class='ocrx_word' id='word_1_744' title='bbox 3210 5167 3427 5222; x_wconf 89' lang='lat' dir='ltr'><strong>illorum</strong></span> <span class='ocrx_word' id='word_1_745' title='bbox 3462 5164 3655 5219; x_wconf 83' lang='lat' dir='ltr'><strong>lauda-</strong></span> 
     </span>
    </p>
   </div>
   <div class='ocr_carea' id='block_1_104' title="bbox 421 5260 1987 5333">
    <p class='ocr_par' dir='ltr' id='par_1_104' title="bbox 421 5260 1987 5333">
     <span class='ocr_line' id='line_1_104' title="bbox 421 5260 1987 5333; baseline -0.001 -17"><span class='ocrx_word' id='word_1_746' title='bbox 421 5263 519 5332; x_wconf 77' lang='grc' dir='ltr'><strong>μὲν</strong></span> <span class='ocrx_word' id='word_1_747' title='bbox 553 5263 793 5333; x_wconf 86' lang='grc' dir='ltr'>ἀρχαίων</span> <span class='ocrx_word' id='word_1_748' title='bbox 833 5261 1059 5325; x_wconf 76' lang='grc' dir='ltr'>ἕκαστος</span> <span class='ocrx_word' id='word_1_749' title='bbox 1097 5262 1224 5333; x_wconf 82' lang='grc' dir='ltr'>περὶ</span> <span class='ocrx_word' id='word_1_750' title='bbox 1268 5261 1325 5313; x_wconf 80' lang='grc' dir='ltr'>ἓν</span> <span class='ocrx_word' id='word_1_751' title='bbox 1366 5261 1524 5331; x_wconf 89' lang='grc' dir='ltr'>μόνον</span> <span class='ocrx_word' id='word_1_752' title='bbox 1558 5260 1887 5315; x_wconf 82' lang='grc' dir='ltr'>ἐσπούδασεν</span> <span class='ocrx_word' id='word_1_753' title='bbox 1909 5280 1923 5293; x_wconf 79' lang='grc'><em>’</em></span> <span class='ocrx_word' id='word_1_754' title='bbox 1958 5264 1987 5315; x_wconf 91' lang='grc' dir='ltr'><strong>ό</strong></span> 
     </span>
    </p>
   </div>
   <div class='ocr_carea' id='block_1_105' title="bbox 416 5350 1986 5429">
    <p class='ocr_par' dir='ltr' id='par_1_105' title="bbox 416 5350 1986 5429">
     <span class='ocr_line' id='line_1_105' title="bbox 416 5350 1986 5429; baseline -0.001 -22"><span class='ocrx_word' id='word_1_755' title='bbox 416 5354 494 5417; x_wconf 83' lang='grc' dir='ltr'><strong>δὲ,</strong></span> <span class='ocrx_word' id='word_1_756' title='bbox 536 5354 608 5407; x_wconf 83' lang='grc' dir='ltr'>τὰ</span> <span class='ocrx_word' id='word_1_757' title='bbox 658 5355 833 5408; x_wconf 83' lang='grc' dir='ltr'>πάντα</span> <span class='ocrx_word' id='word_1_758' title='bbox 873 5353 1251 5425; x_wconf 86' lang='grc' dir='ltr'>ἐπιτηδεύσας,</span> <span class='ocrx_word' id='word_1_759' title='bbox 1287 5352 1345 5406; x_wconf 89' lang='grc' dir='ltr'><strong>ἐν</strong></span> <span class='ocrx_word' id='word_1_760' title='bbox 1382 5350 1785 5429; x_wconf 75' lang='grc' dir='ltr'>κατεπειγούσῃ</span> <span class='ocrx_word' id='word_1_761' title='bbox 1826 5353 1986 5423; x_wconf 79' lang='grc' dir='ltr'>χρεία</span> 
     </span>
    </p>
   </div>
   <div class='ocr_carea' id='block_1_106' title="bbox 498 5496 1193 5567">
    <p class='ocr_par' dir='ltr' id='par_1_106' title="bbox 498 5496 1193 5567">
     <span class='ocr_line' id='line_1_106' title="bbox 498 5496 1193 5567; baseline 0 -14"><span class='ocrx_word' id='word_1_762' title='bbox 498 5496 516 5526; x_wconf 86' lang='grc'>¹</span> <span class='ocrx_word' id='word_1_763' title='bbox 556 5496 713 5553; x_wconf 90' lang='lat' dir='ltr'><strong>Socr.</strong></span> <span class='ocrx_word' id='word_1_764' title='bbox 750 5496 790 5554; x_wconf 93' lang='lat' dir='ltr'><strong>l.</strong></span> <span class='ocrx_word' id='word_1_765' title='bbox 824 5512 923 5564; x_wconf 85' lang='grc' dir='ltr'>ιιι,</span> <span class='ocrx_word' id='word_1_766' title='bbox 954 5512 1073 5567; x_wconf 90' lang='lat' dir='ltr'><strong>cap.</strong></span> <span class='ocrx_word' id='word_1_767' title='bbox 1109 5497 1193 5553; x_wconf 78' lang='grc'><strong>16.</strong></span> 
     </span>
    </p>
   </div>
   <div class='ocr_carea' id='block_1_107' title="bbox 2091 5254 3656 5333">
    <p class='ocr_par' dir='ltr' id='par_1_107' title="bbox 2091 5254 3656 5333">
     <span class='ocr_line' id='line_1_107' title="bbox 2091 5254 3656 5333; baseline -0.01 -12"><span class='ocrx_word' id='word_1_768' title='bbox 2091 5267 2197 5321; x_wconf 91' lang='lat' dir='ltr'><strong>turi</strong></span> <span class='ocrx_word' id='word_1_769' title='bbox 2228 5272 2410 5322; x_wconf 91' lang='lat' dir='ltr'><strong>essent</strong></span> <span class='ocrx_word' id='word_1_770' title='bbox 2431 5280 2495 5321; x_wconf 88' lang='lat' dir='ltr'><strong>ac</strong></span> <span class='ocrx_word' id='word_1_771' title='bbox 2521 5264 2773 5321; x_wconf 91' lang='lat' dir='ltr'><strong>diseituri</strong></span> <span class='ocrx_word' id='word_1_772' title='bbox 2799 5305 2813 5329; x_wconf 95' lang='lat'><strong>,</strong></span> <span class='ocrx_word' id='word_1_773' title='bbox 2836 5276 3013 5333; x_wconf 90' lang='lat' dir='ltr'><strong>eoque</strong></span> <span class='ocrx_word' id='word_1_774' title='bbox 3044 5259 3219 5329; x_wconf 85' lang='lat' dir='ltr'><strong>magis</strong></span> <span class='ocrx_word' id='word_1_775' title='bbox 3241 5255 3525 5329; x_wconf 89' lang='lat' dir='ltr'><strong>ingenium</strong></span> <span class='ocrx_word' id='word_1_776' title='bbox 3560 5254 3656 5307; x_wconf 88' lang='lat' dir='ltr'><strong>ho-</strong></span> 
     </span>
    </p>
   </div>
   <div class='ocr_carea' id='block_1_108' title="bbox 2090 5344 3655 5427">
    <p class='ocr_par' dir='ltr' id='par_1_108' title="bbox 2090 5344 3655 5427">
     <span class='ocr_line' id='line_1_108' title="bbox 2090 5344 3655 5427; baseline -0.012 -13"><span class='ocrx_word' id='word_1_777' title='bbox 2090 5360 2255 5415; x_wconf 91' lang='lat' dir='ltr'><strong>minis</strong></span> <span class='ocrx_word' id='word_1_778' title='bbox 2286 5357 2604 5414; x_wconf 87' lang='lat' dir='ltr'><strong>admiraturi</strong></span> <span class='ocrx_word' id='word_1_779' title='bbox 2630 5399 2645 5423; x_wconf 94' lang='lat'><strong>,</strong></span> <span class='ocrx_word' id='word_1_780' title='bbox 2675 5355 2821 5427; x_wconf 88' lang='lat' dir='ltr'><strong>quod</strong></span> <span class='ocrx_word' id='word_1_781' title='bbox 2852 5361 3097 5410; x_wconf 90' lang='lat' dir='ltr'><strong>veterum</strong></span> <span class='ocrx_word' id='word_1_782' title='bbox 3118 5349 3341 5421; x_wconf 90' lang='lat' dir='ltr'><strong>quidem</strong></span> <span class='ocrx_word' id='word_1_783' title='bbox 3370 5344 3573 5411; x_wconf 78' lang='lat' dir='ltr'><strong>singuli</strong></span> <span class='ocrx_word' id='word_1_784' title='bbox 3599 5344 3655 5397; x_wconf 91' lang='lat' dir='ltr'><strong>in</strong></span> 
     </span>
    </p>
   </div>
   <div class='ocr_carea' id='block_1_109' title="bbox 1614 5648 2463 5707">
    <p class='ocr_par' dir='ltr' id='par_1_109' title="bbox 1614 5648 2463 5707">
     <span class='ocr_line' id='line_1_109' title="bbox 1614 5648 2463 5707; baseline -0.001 -1"><span class='ocrx_word' id='word_1_785' title='bbox 1614 5650 1881 5706; x_wconf 72' lang='lat' dir='ltr'><strong>YALESII</strong></span> <span class='ocrx_word' id='word_1_786' title='bbox 1917 5648 2463 5707; x_wconf 80' lang='lat' dir='ltr'><strong>ANNOTATIONES.</strong></span> 
     </span>
    </p>
   </div>
   <div class='ocr_carea' id='block_1_110' title="bbox 493 5740 1979 5812">
    <p class='ocr_par' dir='ltr' id='par_1_110' title="bbox 493 5740 1979 5812">
     <span class='ocr_line' id='line_1_110' title="bbox 493 5740 1979 5812; baseline -0.001 -15"><span class='ocrx_word' id='word_1_787' title='bbox 493 5742 607 5811; x_wconf 74' lang='grc'><strong>(25)</strong></span> <span class='ocrx_word' id='word_1_788' title='bbox 642 5742 750 5797; x_wconf 82' lang='lat' dir='ltr'><strong>Kal</strong></span> <span class='ocrx_word' id='word_1_789' title='bbox 777 5741 1165 5797; x_wconf 77' lang='grc' dir='ltr'>ἐδιδάσκοντο</span> <span class='ocrx_word' id='word_1_790' title='bbox 1193 5744 1436 5812; x_wconf 78' lang='grc' dir='ltr'>ταύτην.</span> <span class='ocrx_word' id='word_1_791' title='bbox 1476 5740 1632 5797; x_wconf 85' lang='lat' dir='ltr'><strong>Hunc</strong></span> <span class='ocrx_word' id='word_1_792' title='bbox 1672 5742 1852 5796; x_wconf 91' lang='lat' dir='ltr'><strong>locum</strong></span> <span class='ocrx_word' id='word_1_793' title='bbox 1904 5742 1979 5795; x_wconf 89' lang='lat' dir='ltr'><strong>ita</strong></span> 
     </span>
    </p>
   </div>
   <div class='ocr_carea' id='block_1_111' title="bbox 424 5812 1979 5883">
    <p class='ocr_par' dir='ltr' id='par_1_111' title="bbox 424 5812 1979 5883">
     <span class='ocr_line' id='line_1_111' title="bbox 424 5812 1979 5883; baseline -0.005 -14"><span class='ocrx_word' id='word_1_794' title='bbox 424 5812 772 5883; x_wconf 70' lang='lat' dir='ltr'><strong>scribendum</strong></span> <span class='ocrx_word' id='word_1_795' title='bbox 830 5828 891 5867; x_wconf 91' lang='lat' dir='ltr'><strong>ac</strong></span> <span class='ocrx_word' id='word_1_796' title='bbox 922 5813 1365 5883; x_wconf 87' lang='lat' dir='ltr'><strong>distinguendum</strong></span> <span class='ocrx_word' id='word_1_797' title='bbox 1406 5823 1559 5883; x_wconf 90' lang='lat' dir='ltr'><strong>puto,</strong></span> <span class='ocrx_word' id='word_1_798' title='bbox 1600 5812 1831 5883; x_wconf 82' lang='grc' dir='ltr'>ἐπῄνουν</span> <span class='ocrx_word' id='word_1_799' title='bbox 1885 5812 1979 5864; x_wconf 81' lang='grc' dir='ltr'><strong>καὶ</strong></span> 
     </span>
    </p>
   </div>
   <div class='ocr_carea' id='block_1_112' title="bbox 423 5882 1981 5957">
    <p class='ocr_par' dir='ltr' id='par_1_112' title="bbox 423 5882 1981 5957">
     <span class='ocr_line' id='line_1_112' title="bbox 423 5882 1981 5957; baseline -0.003 -20"><span class='ocrx_word' id='word_1_800' title='bbox 423 5882 761 5943; x_wconf 70' lang='grc' dir='ltr'>ἐδιδάσκοντο</span> <span class='ocrx_word' id='word_1_801' title='bbox 803 5884 971 5957; x_wconf 79' lang='grc' dir='ltr'>ταύτῃ</span> <span class='ocrx_word' id='word_1_802' title='bbox 1004 5882 1163 5938; x_wconf 81' lang='grc' dir='ltr'>πλέον</span> <span class='ocrx_word' id='word_1_803' title='bbox 1204 5882 1366 5940; x_wconf 76' lang='grc' dir='ltr'>αὑτοῦ</span> <span class='ocrx_word' id='word_1_804' title='bbox 1384 5882 1478 5955; x_wconf 77' lang='grc' dir='ltr'>τὴν</span> <span class='ocrx_word' id='word_1_805' title='bbox 1510 5882 1749 5952; x_wconf 79' lang='grc' dir='ltr'>εὐφυΐαν.</span> <span class='ocrx_word' id='word_1_806' title='bbox 1768 5882 1981 5953; x_wconf 83' lang='grc' dir='ltr'>θαυμά-</span> 
     </span>
    </p>
   </div>
   <div class='ocr_carea' id='block_1_113' title="bbox 2085 5729 3653 5815">
    <p class='ocr_par' dir='ltr' id='par_1_113' title="bbox 2085 5729 3653 5815">
     <span class='ocr_line' id='line_1_113' title="bbox 2085 5729 3653 5815; baseline -0.005 -19"><span class='ocrx_word' id='word_1_807' title='bbox 2085 5743 2289 5815; x_wconf 68' lang='lat' dir='ltr'><strong>(av-reg,</strong></span> <span class='ocrx_word' id='word_1_808' title='bbox 2314 5754 2442 5815; x_wconf 87' lang='lat' dir='ltr'><strong>etc..</strong></span> <span class='ocrx_word' id='word_1_809' title='bbox 2475 5744 2619 5812; x_wconf 88' lang='lat' dir='ltr'><strong>quod</strong></span> <span class='ocrx_word' id='word_1_810' title='bbox 2650 5739 2841 5815; x_wconf 87' lang='lat' dir='ltr'><strong>procul</strong></span> <span class='ocrx_word' id='word_1_811' title='bbox 2881 5736 3048 5797; x_wconf 87' lang='lat' dir='ltr'><strong>dubio</strong></span> <span class='ocrx_word' id='word_1_812' title='bbox 3077 5734 3381 5809; x_wconf 88' lang='lat' dir='ltr'><strong>elegantius</strong></span> <span class='ocrx_word' id='word_1_813' title='bbox 3422 5740 3506 5790; x_wconf 89' lang='lat' dir='ltr'><strong>est</strong></span> <span class='ocrx_word' id='word_1_814' title='bbox 3533 5729 3653 5789; x_wconf 84' lang='lat' dir='ltr'><strong>vul-</strong></span> 
     </span>
    </p>
   </div>
   <div class='ocr_carea' id='block_1_114' title="bbox 2086 5813 2488 5885">
    <p class='ocr_par' dir='ltr' id='par_1_114' title="bbox 2086 5813 2488 5885">
     <span class='ocr_line' id='line_1_114' title="bbox 2086 5813 2488 5885; baseline 0.002 -17"><span class='ocrx_word' id='word_1_815' title='bbox 2086 5821 2208 5885; x_wconf 83' lang='lat' dir='ltr'><strong>gata</strong></span> <span class='ocrx_word' id='word_1_816' title='bbox 2240 5813 2488 5870; x_wconf 87' lang='lat' dir='ltr'><strong>lectione.</strong></span> 
     </span>
    </p>
   </div>
  </div>
