4452 6598
781 431 912 489 1271

2215 418 2562 477 SOZOMFNI

3893 409 4042 470 im

781 561 892 600 uno
919 553 1130 599 tantum
1147 559 1345 614 genere
1363 543 1625 600 doctrina:
1650 543 1851 599 versati
1878 553 2005 598 sunt
2032 562 2041 571 ·
2075 542 2164 596 hic
2192 555 2341 605 vero,
2376 548 2418 602 Α
2446 542 2539 612 τὴν

2278 555 2341 605 ’0,
2376 548 2418 602 Α
2446 542 2546 612 τὴν
2571 537 2802 594 ἑκάστου
2830 539 3028 610 ἀρετὴν
3054 536 3393 605 ἀπεμάξατο.
3424 543 3537 589 Οὐκ
3569 534 3799 603 αγεννὴς
3840 534 3892 588 δὲ
3939 535 4036 589 καὶ

779 635 964 688 omnia
1006 636 1362 703 complexus,
1407 635 1516 688 vim
1561 649 1625 688 ac
1663 634 2038 703 praestantiam
2084 633 2344 686 uniuscu-

775 724 1010 795 jusque,
1063 723 1157 777 ubi
1208 740 1342 779 usus
1390 724 1442 778 id
1497 725 1832 794 postularet,
1888 723 2180 792 expressit.
2235 720 2346 775 Nec

782 815 1040 882 ignobilis
1069 823 1154 870 est
1185 816 1430 884 ejusdem
1464 816 1627 876 liber,
1666 831 1829 884 quem
1866 816 2132 869 adversus
2171 813 2346 882 impe-

780 912 1052 967 ratorem,
1093 913 1147 960 et
1185 907 1473 975 gentilium
1514 907 1867 976 philosophos
1911 908 2073 976 208
2124 919 2348 971 compo-

781 995 912 1061 suit,
934 996 1027 1062 qui
1055 995 1130 1050 De
1159 998 1388 1052 veritate
1415 999 1756 1052 inscribitur.
1795 997 1849 1051 In
1877 1015 1985 1068 quo
2018 998 2181 1052 etiam
2219 999 2341 1051 abs-

779 1102 888 1155 que
943 1089 1055 1141 ullo
1087 1089 1402 1144 testimonio
1436 1106 1716 1144 sacrorum
1747 1090 2069 1151 Librorum.
2104 1090 2345 1144 ostendit

781 1179 903 1231 ﬁlos
946 1193 1087 1231 vano
1130 1193 1315 1234 errore
1353 1178 1649 1248 deceptos,
1684 1196 1844 1235 secus
1882 1196 2044 1249 quam
2083 1181 2240 1235 decet
2277 1178 2345 1233 de

783 1265 892 1321 Deo
920 1269 1146 1325 sentire.
1186 1268 1395 1324 Etenim
1429 1269 1744 1339 imperator,
1776 1279 1961 1325 nostra
1994 1271 2253 1328 irridens.
2273 1269 2342 1323 ad

781 1353 1183 1411 illustrissimos
1207 1357 1492 1427 episcopos
1547 1359 1856 1428 hujusmodi
1887 1360 2173 1428 epistolam
2205 1361 2343 1415 scri-

782 1453 966 1512 pserat
996 1463 1008 1498 :
1037 1444 1188 1515 Legi,
1213 1446 1477 1510 intellexi,
1501 1446 1774 1500 damnavi.
1814 1447 2027 1512 Quibus
2051 1448 2127 1500 illi
2160 1447 2233 1501 ita
2267 1464 2344 1503 re-

782 1535 1068 1604 scripsisse
1093 1536 1350 1591 dicuutur
1381 1558 1396 1592 :
1437 1537 1638 1606 Legisti
1670 1537 1929 1607 quidem,
1977 1538 2070 1593 sed
2102 1554 2209 1593 non
2258 1540 2342 1592 in-

782 1623 1070 1689 tellexisti;
1101 1640 1227 1678 nam
1263 1626 1309 1681 si
1345 1627 1738 1686 intellexisses,
1776 1642 2054 1695 nunquam
2089 1626 2342 1681 condem-

783 1728 992 1767 nasses.
1025 1712 1145 1768 Non
1167 1715 1367 1770 desunt
1391 1725 1568 1770 tamen
1593 1717 1683 1786 qui
1715 1716 1915 1771 Basilio
1940 1716 2193 1771 Ecclesiae
2213 1719 2346 1787 Cap-

2450 633 2588 703 πρὸς
2612 630 2774 684 αὑτὸν
2806 633 2895 684 τὸν
2924 631 3146 700 βασιλέα
3177 631 3295 699 ἦτοι
3322 629 3448 691 τοὺς
3476 629 3608 697 παρ’
3636 626 3857 695 Ἕλλησι
3883 626 4034 692 φιλο-

2452 723 2649 790 σόφους
2683 721 2830 776 ἐστὶν
2855 720 3018 774 αὑτοῦ
3053 721 3082 772 ό
3115 720 3293 786 λόγος,
3320 720 3380 772 ὃν
3428 718 3600 786 ’Υπὲρ
3629 716 3884 786 ἀληθείας
3919 710 4031 785 (26)

2451 814 2788 886 ἐπέγραψεν·
2840 813 2897 864 ἐν
2951 805 2997 879 ᾧ
3046 815 3140 864 καὶ
3179 811 3301 880 δίχα
3338 811 3438 878 τῆς
3482 809 3590 861 τῶν
3642 807 3803 876 ἱερῶν
3842 807 4035 874 Λόγων

2457 907 2797 979 μαρτυρίας,
2853 903 3051 970 ἔδειξεν
3098 904 3294 965 αὐτοὺς
3356 899 3887 969 ἀποϐουκοληθέντας
3934 897 4036 949 τοῦ

2451 999 2659 1062 δέοντος
2701 997 2829 1068 περὶ
2871 995 3004 1048 Θεοῦ
3049 995 3285 1065 φρονεῖν.
3327 993 3466 1046 Τάδε
3495 991 3602 1060 γὰρ
3629 989 4038 1052 ἐπιτωθάζωνὸ

2452 1090 2720 1159 βασιλεὺς,
2746 1091 2859 1150 τοῖς
2884 1086 3002 1140 τότε
3033 1086 3418 1156 διαπρέπουσιν
3439 1082 3761 1142 ἐπισκόποις
3783 1080 4038 1132 ἐπέστει-

2448 1181 2568 1234 λενο
2613 1179 2904 1249 Ἀνέγνων,
2959 1178 3164 1246 ἔγνων,
3218 1175 3530 1242 κατέγνωνο
3578 1173 3706 1234 τοὺς
3756 1170 3842 1237 δὲ,
3893 1170 4036 1238 πρὸς

2446 1270 2618 1324 ταῦτα
2652 1269 2983 1339 ἀντιγράψαι
3019 1266 3154 1338 (27)°
3194 1266 3480 1333 Ἀνέγνως,
3505 1261 3621 1318 ἀλλ’
3674 1261 3776 1314 οὐκ
3821 1260 4031 1327 ἔγνωςο

2447 1362 2496 1413 εἰ
2528 1363 2636 1431 γὰρ
2682 1360 2874 1428 ἔγνως,
2907 1360 3006 1412 οὐκ
3042 1357 3108 1412 ἂν
3143 1357 3443 1424 κατέγνως.
3494 1353 3618 1408 Εἰσὶ
3663 1352 3718 1407 δέ
3768 1351 3817 1404 οἳ
3865 1351 4033 1403 Βασι-

2449 1451 2576 1522 λείῳ
2607 1451 2683 1521 τῷ
2706 1450 2982 1520 προστάτῃ
3014 1453 3114 1519 τῆς
3139 1445 3523 1502 Καππαδοκῶν
3548 1443 3876 1513 Ἐκκλησίας
3899 1440 4039 1492 ταύ-

2445 1557 2545 1609 την
2603 1543 2703 1612 τὴν
2745 1540 3031 1610 ἐπιστολὴν
3086 1539 3432 1593 ἀνατιθέασι·
3486 1535 3582 1589 καὶ
3631 1535 3731 1588 οὐκ
3768 1530 4030 1592 ἀπεικός·

2462 1631 2600 1684 Ἀλλ’
2632 1630 2742 1686 εἴτε
2793 1631 2980 1694 αὑτοῦ,
3015 1632 3122 1684 εἴτε
3152 1630 3312 1684 ἄλλου
3350 1628 3745 1690 ταῦτάῖστιν,
3792 1623 4030 1694 ἄγασθαι

2449 1722 2654 1775 δίκαιον
2680 1723 2930 1794 ἀνδρείας
2962 1723 3054 1775 καὶ
3091 1720 3429 1783 παιδεύσεως
3455 1719 3546 1772 τὸν
3584 1717 3887 1788 γράψαντα.

784 1809 1049 1881 padocum
1083 1809 1400 1880 episcOpum
1436 1811 1580 1866 hanc
1609 1811 1896 1880 epistolam
1930 1812 2214 1865 tribuant:
2256 1827 2433 1882 neque
2502 1817 2552 1869 id
2621 1832 2651 1870 ε
2683 1832 2813 1872 νοω
2855 1818 3132 1870 abhorret.
3198 1814 3401 1869 verum
3445 1815 3560 1868 sive
3620 1811 3687 1864 al:
3727 1811 3864 1870 hoc,
3914 1807 4037 1868 sive

783 1903 851 1953 ab
890 1902 997 1954 alio
1035 1905 1293 1971 quopiam
1335 1903 1540 1972 scripta
1579 1911 1695 1968 est,
1737 1901 2060 1972 scriptorem
2097 1901 2217 1972 ejus
2255 1902 2442 1957 mirari
2475 1907 2723 1976 proiecto
2751 1907 3048 1969 debemus,
3083 1914 3195 1959 tum
3230 1906 3301 1960 ob
3342 1904 3774 1974 magnitudinem
3819 1899 3987 1954 animi
4014 1926 4031 1948 ο

798 2002 915 2047 tum
952 1995 1025 2048 ob
1062 1994 1458 2051 eruditionem.

1392 2091 1547 2147 CAP.
1588 2090 1728 2146 XIX.

789 2177 1018 2252 De‘libro
1042 2181 1246 2235 Iuliani
1272 2199 1418 2251 quem
1448 2182 1854 2252 Μισοπώτωνα
1880 2183 2184 2249 inscripsit:
2214 2193 2262 2236 et
2289 2182 2353 2236 de

859 2249 1074 2322 Daphne
1099 2249 1402 2306 suburbano
1430 2249 1758 2316 Antiochia};
1791 2255 2006 2322 ejusque
2026 2253 2305 2320 descriptio
2331 2265 2352 2304 :

857 2330 901 2372 et
938 2320 1000 2373 de
1034 2322 1384 2402 translatione
1414 2324 1760 2392 reliquiarum
1793 2320 2014 2395 Babyla:
2042 2323 2271 2392 episcopi
2302 2331 2350 2376 et

854 2405 988 2443 rnart
996 2408 1125 2460 ym.

859 2548 1129 2604 Czeterurn
1171 2551 1471 2619 imperator
1509 2564 1636 2604 cum
1676 2550 1878 2606 bellum
1920 2551 2105 2608 Persis
2146 2551 2354 2608 inferre

785 2650 1009 2711 cuperet
1031 2681 1044 2699 .
1074 2643 1420 2696 Antiochiam
1457 2640 1629 2714 Syria:
1656 2643 1804 2698 venit
1835 2643 1875 2698 ⁸.
1912 2643 1989 2696 lbi
2021 2659 2144 2698 cum
2181 2659 2354 2714 popu-

789 2734 875 2787 lus
925 2731 1260 2786 vociferatus
1313 2739 1496 2796 esset,
1534 2733 1826 2787 maximam
1866 2733 2088 2804 quidem
2139 2737 2352 2807 copiam

785 2840 910 2880 esse
950 2823 1201 2898 frugum,
1238 2823 1334 2880 sed
1371 2839 1464 2881 eas
1493 2826 1681 2880 carius
1711 2824 1870 2880 vendi
1901 2845 1915 2880 :
1957 2827 2257 2898 imperator
2289 2827 2354 2881 li-

787 2914 1076 2969 beralitate
1107 2929 1206 2969 sua
1243 2915 1451 2984 plebem
1476 2954 1492 2977 ,
1541 2926 1601 2970 ut
1647 2916 1865 2985 opinor,
1913 2916 2188 2972 demereri
2230 2925 2352 2972 stu-

788 3008 963 3072 dens,
994 3022 1085 3060 res
1119 3007 1174 3060 in
1215 3005 1338 3060 foro
1372 3007 1593 3060 venales
1629 3007 1828 3062 viliore
1873 3021 2042 3076 quam
2089 3023 2189 3078 par
2233 3018 2355 3063 erat

791 3095 969 3164 pretio
997 3095 1232 3150 distrahi
1259 3097 1444 3165 jussit.
1477 3096 1727 3165 Cumque
1762 3105 2097 3152 mercatores
2136 3096 2264 3166 luga
2295 3113 2356 3153 se

789 3185 1204 3249 subduxissent,
1229 3201 1317 3241 res
1346 3184 1566 3255 quidem
1593 3186 1658 3239 ad
1685 3186 1886 3240 victum
1909 3189 2238 3242 necessaria:
2257 3190 2354 3244 de-

793 3280 955 3331 iicere
982 3286 1295 3347 coeperunt.
1329 3278 1656 3332 Antiochcni
1702 3295 1861 3344 vero,
1909 3281 2148 3350 graviter
2176 3282 2229 3336 id
2279 3281 2357 3337 fe-

791 3377 975 3422 rentes
995 3407 1009 3429 ,
1037 3367 1423 3436 imperatorem
1453 3367 1668 3436 probris
1692 3367 2025 3433 affecerunt,
2058 3378 2114 3424 et
2143 3370 2198 3424 in
2226 3370 2356 3424 bar-

795 3459 917 3511 bam
970 3458 1131 3526 ejus,
1186 3470 1254 3511 eo
1305 3457 1451 3527 quod
1501 3457 1828 3527 promissior
1877 3469 2059 3524 esset,
2115 3461 2355 3515 cavillati

793 3557 962 3602 sunt:
1005 3563 1261 3603 nummos
1299 3565 1519 3619 quoque
1560 3549 1890 3616 irridentes,
1932 3550 2138 3620 quibus
2176 3552 2356 3622 imago

796 3640 939 3693 tauri
978 3652 1094 3696 erat
1144 3641 1443 3710 insculpta.
1499 3640 1695 3696 Orbem
1733 3642 1882 3696 enim
1923 3643 2018 3699 illo
2056 3643 2357 3712 imperante

796 3746 1048 3786 eversum
1079 3746 1236 3797 esse,
1266 3731 1492 3800 perinde
1521 3746 1586 3786 ac
1609 3739 1797 3787 tauros
1827 3733 2054 3802 supinos
2078 3777 2093 3801 ,
2121 3734 2358 3803 jocando

797 3821 1074 3876 dicebant.
1109 3821 1178 3874 At
1216 3820 1536 3892 imperator,
1574 3823 1732 3876 initio
1767 3823 1989 3892 quidem
2030 3824 2111 3877 ira
2129 3840 2358 3879 succen-

799 3926 932 3975 sus,
987 3911 1354 3969 Autiochenis
1405 3914 1647 3970 minatus
1701 3923 1820 3980 est,
1871 3930 1992 3970 sese
2046 3915 2171 3971 illos
2218 3917 2362 3971 male

801 4003 1206 4058 multaturum:
1259 4002 1606 4073 Tarsumque
1649 4004 1886 4074 migrare
1934 4003 2047 4075 jam
2110 4006 2358 4074 parabat.

872 4185 891 4216 ³
930 4183 1088 4242 Socr.
1117 4185 1156 4240 l.
1187 4199 1282 4251 In,
1317 4199 1440 4257 cap.
1474 4184 1564 4240 i7.

3045 2087 3292 2142 ΚΕΦΛΛ.
3327 2090 3428 2144 ῙΘ’.

2455 2178 2595 2244 Περὶ
2652 2179 2756 2233 τοῦ
2807 2181 2992 2248 λόγου
3044 2177 3150 2230 τοῦ
3194 2179 3514 2236 Ἰουλίαν-οῦ
3532 2220 3548 2243 ,
3604 2180 3678 2234 ὃν
3732 2179 4038 2247 ἐπέγραψε

2521 2247 2954 2329 Μισοπὼτωτῖαο
2985 2247 3081 2299 καὶ
3127 2251 3258 2329 περι
3313 2252 3421 2329 τῇς
3464 2253 3534 2329 ei:
3576 2251 4039 2329 Ἀντιοχείᾳᾌά-

2526 2337 2710 2386 φνης·
2743 2319 2839 2372 καὶ
2869 2321 3162 2389 ἐκφρασις
3186 2322 3374 2375 αὐτοῦ
3392 2338 3421 2384 ’,
3439 2321 3536 2373 καὶ
3565 2319 3835 2389 περὶτῆς
3860 2336 4041 2389 μετιε-

2524 2385 2778 2457 ἇιομιὸἦς
2829 2385 2954 2443 ι’ιῆ
2987 2385 3291 2454 λειψάνων
3336 2390 3578 2444 Βαϐύλα
3620 2385 3727 2444 Δἑοῦ
3771 2385 4038 2458 ιερὸμάίμ

2523 2476 2725 2527 τυρος.

2536 2550 2593 2603 'U
2617 2549 2674 2602 δέ
2699 2549 2949 2620 βασιλεὺς
2976 2553 3212 2622 Πέρσαις
3239 2549 3663 2621 ἐπιστρατεῦσαι
3693 2546 4034 2608 σπουδάζων.

2452 2636 2589 2713 ἧκεν
2621 2645 2701 2706 εἰς
2727 2642 3056 2714 Ἀντιόχειαν
3092 2645 3191 2715 τὴν
3219 2643 3404 2714 Σύρων
3423 2659 3436 2671 ⁸
3473 2641 3833 2710 ἐπιϐοήσαντος
3857 2638 3913 2690 δὲ
3938 2637 4041 2689 τοῦ

2455 2733 2711 2804 πλήθους,
2763 2734 2840 2796 ὡς
2883 2735 3050 2788 πολλὰ
3088 2736 3184 2807 μέν
3217 2736 3331 2788 ἐστι
3375 2733 3445 2787 τὰ
3486 2732 3788 2801 ἐπιτήδεια,
3835 2729 4040 2782 πο).λοῦ

2452 2825 2509 2876 δὲ
2540 2823 2798 2876 πωλοῖτο’
2835 2825 2939 2879 ὑπὸ
2963 2825 3291 2896 φιλοτιμίας,
3317 2819 3491 2895 οἶμαι,
3517 2822 3608 2876 τὸν
3635 2821 3805 2890 δῆμον
3831 2820 4040 2886 ἐπαγό-

2457 2931 2633 2985 μενος,
2655 2917 2748 2969 ἐπὶ
2775 2916 2956 2986 ἥττονι
2977 2917 3010 2988 ἢ
3039 2917 3144 2971 ἔδει
3167 2919 3436 2987 τιμήματι
3462 2915 3530 2968 τὰ
3563 2914 3648 2968 ἐπ’
3672 2913 3876 2983 ἀγορᾶς
3901 2911 4040 2964 ὥνια

2456 3007 2745 3061 πωλεῖσθαι
2798 3009 3150 3079 προσέταξεν.
3191 3007 3568 3077 Ἐκφυγόντων
3605 3005 3662 3058 δὲ
3691 3005 3800 3057 τῶν
3849 3005 4036 3072 κακή-

2454 3100 2585 3166 λων,
2611 3099 2680 3153 τὰ
2709 3100 2807 3171 μὲν
2835 3101 3114 3172 ἐπιτήδεια
3139 3099 3414 3153 ἐπέλιπεν.
3446 3098 3736 3166 Ἀντιοχεῖς
3774 3095 3830 3147 δὲ
3863 3093 4041 3146 δεινὸν

2456 3188 2612 3244 τοῦτο
2645 3191 2981 3261 ποιούμενοι,
3005 3191 3098 3246 τὸν
3146 3190 3366 3262 βασιλέα
3406 3187 3646 3259 ὕϐριζον,
3689 3188 3782 3240 καὶ
3823 3189 3902 3249 εἰς
3944 3185 4042 3238 τὸν

2459 3281 2699 3350 πώγωνα
2723 3282 2912 3346 αὑτοῦ,
2933 3284 3008 3348 ὼς
3035 3284 3200 3354 βαθὺς
3218 3284 3330 3354 εἴη,
3359 3282 3730 3344 ἐπέσκωπτον,
3755 3279 3845 3331 καὶ
3869 3280 3948 3341 εἰς
3976 3277 4043 3328 τὸ

2457 3372 2720 3442 νόμισμα,
2743 3375 2824 3427 ὅτι
2872 3375 3076 3446 ταύρου
3118 3371 3262 3444 εἶχεν
3308 3373 3511 3427 εἰκόνα.
3555 3371 3661 3424 Τὸν
3687 3372 3796 3439 γὰρ
3835 3370 4042 3437 κόσμον

2462 3464 2658 3534 ἐπίσης
2689 3467 2796 3518 τῶν
2835 3467 3039 3519 ὑπτίων
3075 3467 3291 3536 ταύρων
3325 3464 3436 3535 (28)
3483 3465 3573 3517 ὑπ’
3619 3463 3766 3531 αὐτῷ
3811 3461 4043 3530 ἡγεμόνι

2464 3557 2863 3626 ἀνατετράφθαι
2913 3559 3277 3622 ἐπετώθαζον.
3310 3559 3368 3611 '0
3419 3558 3496 3621 δὲ,
3532 3557 3601 3611 τὰ
3646 3555 3838 3627 πρῶτα
3883 3555 4046 3625 ὀργι-

2467 3645 2648 3708 σθεὶς,
2693 3647 2905 3715 ὴπείλει
2936 3650 3241 3717 Ἀντιοχέας
3284 3648 3468 3712 κακῶς
3510 3649 3786 3717 ποιήσειν’
3830 3646 3922 3698 καὶ
3959 3643 4044 3706 εἰς

2466 3733 2676 3804 Ταρσὸν
2736 3735 3166 3804 μετοικίζεσθαι’
3199 3737 3654 3808 παρεσκευάζετο.
3721 3732 4044 3806 ’Υπερφυῶς

2465 3823 2524 3875 δὲ
2560 3822 2653 3874 τοῦ
2700 3821 2872 3893 θυμοῦ
2926 3824 3466 3896 μεταϐαλῘλὶόμενος,
3517 3825 3693 3893 λόγοις
3718 3825 3896 3895 μόνοις
3939 3822 4044 3891 τὴν

2468 3912 2622 3985 ὓϐριν
2660 3913 2931 3983 ἠμύνατο·
2967 3915 3250 3970 κάλλιστον
3284 3919 3377 3970 καὶ
3420 3917 3562 3988 μάλα
3600 3918 3812 3970 ἀστεῖον
3861 3914 4043 3981 λόγον,

2467 4006 2526 4060 ὃν
2564 4007 2942 4075 Μισοπώγωνα
2978 4009 3277 4080 ἐπέγραψε,
3317 4011 3455 4063 κατὰ
3495 4009 3807 4077 Ἀντιοχέων
3844 4006 4054 4072 aeger.

1999 4340 2267 4397 VALESII
2307 4339 2856 4397 ANNOTATIONES.

882 4433 987 4504 (26)
1019 4430 1229 4504 Λόγος,
1258 4432 1330 4486 ὃν
1353 4432 1366 4451 '
1381 4431 1532 4500 Υπὲρ
1550 4433 1851 4499 ἀληθείας.
1868 4433 2212 4504 Apollinaris
2234 4450 2373 4502 quo-

805 4519 910 4573 que
945 4503 1385 4571 Hierapolitanus
1438 4504 1750 4572 episc0pus,
1787 4503 1876 4571 qui
1929 4506 2062 4557 vixit
2110 4514 2374 4568 regnante

807 4575 1009 4636 Marco,
1061 4575 1260 4628 librum
1311 4573 1533 4642 scripsit
1562 4577 1750 4626 eodem
1801 4575 1978 4634 titulo,
2033 4581 2090 4626 ut
2148 4584 2377 4628 testatur

808 4645 1078 4699 Eusebius
1111 4645 1165 4698 iu
1221 4645 1357 4697 libro
1406 4641 1602 4712 quarto
1636 4641 1908 4708 llistoriw,
1953 4651 2007 4697 et
2058 4643 2285 4698 Photius
2323 4647 2374 4698 in

809 4713 1156 4770 Bibliotheca.

878 4785 988 4855 (27)
1034 4785 1198 4855 deq
1245 4783 1430 4855 ταῦτα
1480 4781 1856 4855 ἀντιπράψαι.
1909 4782 2229 4837 Addendum
2295 4795 2378 4838 est

806 4851 1034 4911 verbum
1070 4853 1234 4922 φασίν
1256 4870 1319 4906 ex
1350 4851 1676 4922 lflicephoro.

881 4924 990 4994 (28)
1031 4920 1274 4988 Ἰἰπίσης
1312 4920 1428 4994 τῶν
1452 4924 1676 4975 ὑπτίων
1705 4922 2154 4994 ταιτρων.η11ιιηο
2198 4923 2375 4977 locum

811 5011 919 5048 non
946 4994 1340 5062 intellexerunt
1381 4993 1733 5062 interpretes.
1765 4993 1901 5046 Nam
1949 4993 2232 5048 Musculus
2259 4994 2378 5060 qui-

810 5067 932 5119 dem
963 5065 1036 5117 ita
1066 5064 1255 5125 vertit,
1290 5061 1520 5116 Mundus
1556 5062 1638 5115 hic
1681 5065 1746 5115 ab
1777 5065 2089 5128 imperatore
2120 5065 2219 5116 isto
2267 5076 2379 5116 tan-

809 5150 1030 5204 quamia
1061 5136 1229 5186 tauris
1260 5133 1455 5204 supina
1499 5149 1697 5204 cornua
1740 5134 2067 5203 jactantibus
2101 5134 2377 5188 subrersus

810 5202 910 5259 est.
969 5203 1100 5274 Parii
1149 5203 1312 5257 modo
1376 5202 1916 5274 ChristOphorSOnus
1966 5205 2376 5274 interpretatur,

813 5276 923 5329 nisi
958 5273 1106 5342 quod
1132 5289 1231 5343 pro
1267 5272 1786 5343 supinistaurorum
1835 5272 2126 5335 cornibus,
2169 5285 2379 5329 vertere

814 5344 1028 5409 maluit,
1063 5342 1264 5398 cornua
1293 5345 1346 5395 in
1383 5342 1962 5412 sublimejacwntibus.
2001 5344 2219 5413 Langus
2250 5360 2378 5397 vero

813 5413 1106 5483 Nicephori
1142 5414 1414 5482 interpres
1438 5414 1512 5466 ita
1551 5416 1850 5479 transtulit,
1897 5413 2121 5469 Perinde
2169 5425 2320 5481 atque
2346 5433 2379 5466 a

814 5485 1068 5553 pra'cipiti
1103 5493 1276 5553 tauro,
1314 5483 1563 5536 mundum
1613 5487 1675 5536 ab
1724 5486 1835 5551 ipso
1888 5485 2174 5552 imperante
2222 5486 2379 5537 everti

819 5551 1096 5617 iactantes.
1148 5551 1298 5606 Hanc
1332 5558 1512 5623 autem
1565 5553 2068 5623 interpretationem
2127 5555 2378 5608 hausisse

820 5625 948 5676 mihi
979 5624 1232 5676 videntur
1261 5638 1326 5676 ex
1349 5621 1650 5693 Epiphanio
1681 5621 2044 5687 Seholastim,
2072 5626 2162 5693 qui
2197 5625 2374 5678 locum

819 5693 1064 5746 Socratis
1099 5695 1170 5746 ita
1201 5693 1360 5747 vertit
1393 5710 1408 5746 :
1444 5693 1512 5744 Et
1556 5696 1803 5762 quoniam
1850 5696 2232 5760 superstitionis
2265 5710 2378 5747 sua:

816 5779 978 5815 causa
1010 5774 1221 5816 taurum
1259 5762 1414 5815 idolis
1474 5763 1790 5831 frequentius
1841 5765 2166 5820 immolabat.
2225 5781 2375 5817 aram

817 5833 893 5885 ιιιέ
923 5845 1133 5887 taurum
1164 5834 1216 5887 in
1235 5833 1402 5887 solido
1426 5850 1519 5886 suo
1541 5834 1764 5902 formari
1807 5837 2067 5902 prtecepil.
2107 5834 2182 5889 0b
2219 5851 2374 5904 quam

2479 4451 2587 4489 rem
2614 4431 3146 4502 proscindenteseum
3195 4428 3479 4502 dicebant;
3518 4427 3641 4502 ⁸ἔστι
3680 4436 3862 4502 taurus
3897 4444 4045 4502 ever-

2483 4516 2552 4559 tet
2580 4497 2855 4556 rnundum.
2908 4501 3014 4557 Sed
3046 4501 3180 4555 nihil
3211 4503 3316 4556 tale
3342 4499 3485 4568 apud
3511 4499 3790 4568 Socratem
3823 4497 4048 4566 legitur.

2411 4547 2450 4600 θ
2483 4547 2863 4628 enim
2908 4547 2992 4626 Si:
3039 4547 3315 4632 Socrates:
3369 4547 3738 4623 Kniiochenos
3768 4547 4054 4623 Juliiinuui

2481 4645 2785 4698 deridentes
2809 4643 3018 4698 dixisse
3051 4662 3064 4696 :
3113 4642 3330 4694 Nummi
3361 4643 3438 4692 tui
3487 4651 3698 4691 taurum
3749 4638 3961 4700 habent,
3993 4647 4046 4691 et

2479 4716 2619 4769 orbis
2652 4730 2856 4768 eversus
2889 4724 2987 4766 est.
3020 4711 3368 4765 Gloriahatur
3393 4711 3599 4763 scilicet
3625 4707 3874 4760 Julianus
3895 4711 4047 4776 quod

2479 4787 2758 4852 gentilium
2792 4785 2993 4845 templa
3013 4797 3076 4836 ac
3106 4781 3374 4852 sacriﬁcia
3395 4787 3751 4852 reparasset,
3783 4777 4046 4852 quodque

2478 4849 2740 4909 centenos
2767 4854 3042 4907 interdum
3081 4862 3264 4906 tauros
3290 4849 3408 4904 Jovi
3454 4851 3782 4909 immolaret,
3817 4857 3875 4900 ut
3904 4850 4045 4902 seri-

2479 4927 2557 4979 bit
2606 4925 2930 4978 Ammianus
2979 4921 3344 4977 Marcellinus.
3388 4919 3569 4984 Quare
3628 4932 3754 4971 cum
3812 4920 3866 4970 in
3922 4920 4048 4987 ejus

2479 4995 2719 5049 numinis
2753 5004 2944 5048 taurus
2980 5006 3127 5047 esset
3157 4993 3487 5061 insculplus,
3543 4987 3916 5061 hinc_jocandi
3948 5004 4048 5061 an-

2479 5081 2595 5118 sam
2633 5064 2958 5132 arripientes
2991 5062 3316 5116 Antioche-ni
3349 5059 3627 5132 dicebant,
3650 5059 3782 5132 _Non
3815 5059 4054 5132 taurosa.

2477 5134 2720 5198 Juliano,
2748 5127 2861 5187 sed
2911 5135 3087 5188 orbem
3121 5141 3408 5185 mactatum
3445 5145 3574 5182 esse.
3620 5127 4046 5198 Ἀνατετρὰφθαι

2479 5206 2758 5276 proprium
2791 5214 2876 5276 est
2898 5206 3287 5276 victimarum,
3319 5215 3441 5269 quae
3472 5215 3596 5252 cum
3627 5199 4046 5276 immolarentur

2479 5267 2953 5338 iliis-caelestibus,
2985 5273 3289 5342 resupinari
3319 5267 3740 5342 consueverant,
3762 5267 3905 5342 quod
3933 5268 4048 5342 Ho-

2479 5362 2662 5400 merus
2695 5356 2853 5398 vocat
2881 5338 3149 5414 ἁνερύειν.
3183 5342 3316 5414 Vide
3337 5340 3698 5414 Scholiastem
3718 5407 3730 5414 _
3749 5338 4047 5414 Apollonii,

2478 5425 2531 5471 ct
2561 5416 2886 5469 Favorinum
2935 5407 2992 5468 in
3026 5429 3156 5469 voce
3194 5413 3516 5482 ’Avépuoav,
3544 5407 3824 5482 ubi_eti_am
3875 5409 4048 5482 utitur

2478 5487 2644 5557 verbo
2699 5485 3096 5557 ἀναστρέφεται
3154 5483 3221 5537 ad
3266 5477 3386 5538 eam
3436 5495 3552 5557 rem
3608 5477 4045 5557 signiﬁcandam.

2479 5555 2617 5609 llinc
2647 5572 2779 5626 ergo
2842 5548 3197 5626 intelligimus
3226 5592 3255 5626 ,ί
3301 5567 3403 5606 cur
3435 5550 3773 5603 Sozomcnus
3820 5548 4049 5626 ύπτίους

2477 5618 2959 5696 caupone-“dixerit.
3001 5618 3148 5678 Colla
3164 5625 3320 5696 enim
3333 5618 4048 5696 _taurorum_resupinaban-

2478 5687 2622 5750 tura
2651 5687 2994 5764 victimariis,
3023 5695 3240 5764 quoties
3272 5692 3379 5748 diis
3419 5689 3740 5746 coelestibus
3769 5687 4047 5744 sacriﬁca-

2478 5769 2608 5822 baut
