4452 6598
412 465 551 519 1273

1352 451 1673 511 HISTORIA
1699 445 2259 507 ECflLESlASTlLA.
2299 484 2362 493 —
2400 450 2529 505 LIB.
2571 450 2633 505 γ.

3505 445 3647 504 1174

410 584 537 637 θων.
559 578 898 649 Χριστιανοῖς
934 574 991 628 δὲ
1020 573 1293 628 κάνταῦθα
1321 573 1520 642 ὁμοίως
1542 572 1762 643 ἐχρῆτο,
1789 571 1884 624 καὶ
1918 569 1978 622 τὸ
2008 574 2050 629 Α
2083 569 2168 625 Set

1918 569 1978 622 τὸ
2008 574 2050 629 Α
2083 569 2186 625 Sed
2236 569 2403 623 animi
2445 576 2582 624 testu
2621 572 2843 636 repente
2876 572 3083 619 mutato
3104 603 3119 627 ,
3148 561 3333 617 verbis
3381 561 3646 619 duntaxat

419 659 726 741 Ἕλληνὰδν
774 667 1061 739 κρατύνειν
1123 664 1471 728 ἐσπούδαζεν.
1530 659 1633 717 Οἷα
1674 662 1805 733 γοῦν
1859 663 1979 717 τότε

411 761 608 831 συνέϐη
656 760 785 829 περὶ
828 764 927 829 την
968 758 1143 826 θήκην
1188 756 1403 810 Βαδύλα
1436 755 1530 809 τοῦ
1563 756 1856 826 μάρτυρος,
1888 756 1982 807 καὶ

407 853 486 920 τῷ
516 854 573 905 ἐν
620 851 804 922 Δάφνῃ
846 848 958 920 ναῷ
989 848 1085 901 τοῦ
1122 849 1472 910 ’Δπόλλωνος,
1506 847 1653 911 ἄξιον
1698 848 1985 917 ἀφηγήσα-

413 940 553 991 σθαι.
592 940 866 1007 ’Δρχομαι
887 937 944 990 δέ
971 936 1239 990 ἐντεῦθεψ
1279 937 1461 1005 Δάφνη
1500 935 1560 988 τὸ
1588 934 1855 1005 ἐπίσημον
1884 934 1983 1005 τῆς

423 1030 747 1099 ’Δντιοχείας
777 1029 1116 1097 προάστειον,
1150 1028 1295 1098 κομᾷ
1326 1028 1422 1097 μὲν
1449 1027 1599 1081 ἀλσει
1630 1026 1983 1097 κυπαρίσσων

411 1120 648 1175 πολλῶνο
677 1120 1007 1174 ποικίλλεται
1037 1120 1095 1173 δέ
1133 1121 1227 1173 καὶ
1265 1122 1371 1182 τοῖς
1404 1119 1583 1183 ἀλλοις
1620 1121 1809 1187 φυτοῖς
1851 1120 1984 1171 ἀνα-

414 1212 507 1283 μὶξ
537 1214 654 1276 ταῖς
682 1212 1058 1283 κυπαρίσσοις.
1095 1212 1231 1264 Ὑπὸ
1259 1211 1316 1264 δὲ
1360 1213 1471 1275 τοῖς
1502 1211 1795 1280 δένδρεσιν,
1825 1212 1986 1281 ἀμοι-

412 1305 570 1357 ϐαδὸν
591 1304 698 1358 τῶν
720 1305 879 1375 ὡρῶν
914 1304 1089 1373 εὐώδη
1128 1304 1222 1357 καὶ
1253 1304 1567 1357 παντοδαπά
1602 1306 1716 1375 εἴδη
1745 1296 1921 1359 ἀνθῶν
1952 1307 1984 1374 ή

412 1396 482 1465 γῆ
512 1397 686 1464 φέρει.
727 1394 926 1465 Ὀροφὴ
973 1392 1031 1446 δέ
1074 1410 1159 1455 τις
1207 1392 1426 1463 μᾶλλον,
1462 1392 1494 1463 ἢ
1540 1393 1667 1446 σκιά
1711 1391 1985 1462 πανταχοῦ

410 1487 501 1537 τὸν
546 1486 719 1555 χῶρον
776 1484 1099 1554 περίκειται,
1140 1486 1207 1554 τῇ
1252 1484 1545 1555 πυκνότητι
1608 1483 1716 1537 τῶν
1778 1482 1986 1537 κλάδων

414 1577 505 1627 καὶ
556 1575 663 1627 τῶν
701 1574 911 1641 φύλλων
968 1574 1042 1644 μὴ
1103 1572 1457 1643 συγχωροῦσα
1520 1571 1620 1640 τὴν
1664 1572 1856 1624 ἀκτῖνα
1907 1568 1986 1640 τῷ

414 1665 601 1734 ἐδάφει
664 1664 981 1735 ἐμϐάλλειν·
1044 1662 1174 1733 ἡδύς
1230 1680 1289 1715 τε
1343 1663 1439 1715 καὶ
1507 1661 1627 1714 λίαν
1688 1661 1989 1732 ἐπέραστός

413 1760 595 1821 ἐστιν,
648 1756 878 1826 ἀφθονίᾳ
920 1771 981 1807 τε
1032 1753 1125 1807 καὶ
1168 1752 1354 1805 κάλλει
1401 1752 1629 1814 ὑδάτων,
1681 1753 1777 1804 καὶ
1829 1750 1986 1818 ὡρῶν

414 1848 716 1918 εὐκρασίᾳ,
777 1851 873 1899 καὶ
945 1843 1233 1915 προσηνῶν
1292 1843 1507 1913 ἀνέμων
1576 1845 1784 1905 πνοαῖς.
1867 1844 1984 1895 Ἐν-

411 1939 586 1993 ταῦθα
612 1940 669 1992 δέ
707 1938 896 1999 παῖδες
939 1934 1206 2006 Ἑλλήνων
1245 1935 1534 2005 μυθεύουσι
1565 1974 1581 1997 ,
1631 1934 1848 2003 Δάφνην
1888 1934 1985 2001 τὴν
2015 1921 2059 1977 Β

413 2032 659 2093 Λάδωνος
698 2027 964 2096 ποταμοῦ,
1010 2027 1070 2092 ἐξ
1112 2026 1398 2096 ’Λρκαδίας
1450 2025 1752 2095 φεύγουσαν
1794 2025 1987 2078 Ἀπόλ-

414 2122 555 2173 λωνα
584 2120 674 2173 τὸν
703 2119 957 2191 ἐραστὴν,
992 2119 1072 2180 είς
1102 2116 1391 2188 ὁμώνυμον
1418 2118 1583 2186 φυτὸν
1615 2116 1786 2188 αὐτὴν
1820 2134 1988 2186 μετα-

416 2212 623 2264 δαλεῖν-
654 2212 744 2264 τὸν
764 2211 840 2271 δὲ,
873 2208 1007 2281 μηδὲ
1036 2207 1209 2272 οὕτως
1234 2208 1612 2277 ἀπαλλαγέντα
1639 2209 1731 2262 τοῦ
1759 2207 1985 2271 πάθους,

418 2301 824 2371 στεφανωθῆναι
854 2302 963 2362 τοῖς
997 2298 1213 2363 κλάδοις
1258 2301 1360 2369 τῆς
1400 2299 1702 2370 ἐρωμένης,
1734 2302 1829 2353 καλ⁵
1865 2301 1986 2353 δένο

414 2391 538 2463 δρον
587 2388 752 2447 οὖσαν
796 2394 1249 2465 περιπτύξασθαι,
1300 2392 1397 2444 καὶ
1451 2395 1517 2462 τῇ
1575 2392 1870 2462 προσεδρίᾳ
1920 2393 1989 2445 τά

421 2482 650 2549 μάλιστα
700 2484 925 2555 τιμῆσαι
956 2484 1017 2538 τὸ
1048 2484 1264 2555 χωρίον,
1311 2481 1469 2553 είπερ
1504 2500 1556 2533 τι
1594 2472 1721 2535 ἀλλο
1762 2499 1985 2554 κεχαριο

420 2573 611 2643 σμένον
659 2575 824 2646 αὐτῷ.
878 2575 1115 2646 Τοιούτῳ
1163 2574 1219 2628 δὲ
1271 2574 1384 2627 ὄντι
1441 2571 1517 2641 τῷ
1563 2572 1869 2643 προαστείῳ
1920 2576 1985 2643 τῇ

416 2665 619 2739 Δάφνῃ,
645 2667 945 2720 ἐπιϐαίνειν
976 2669 1088 2730 τοῖς
1113 2666 1426 2727 ἐπιεικέσιν,
1451 2665 1673 2735 αἰσχρὸν
1692 2665 1985 2734 ἐνομίζετο.

420 2757 490 2809 Ἥ
518 2774 577 2810 τε
608 2758 718 2828 γάρ
747 2758 895 2822 θέσις
931 2760 1026 2813 xal.
1060 2761 1093 2829 ή
1134 2757 1296 2827 φύσις
1339 2756 1431 2809 τοῦ
1480 2758 1677 2827 χωρίου
1714 2757 1848 2827 πρὸς
1894 2760 1990 2827 ῥᾳ-

421 2847 627 2918 στώνην
656 2849 954 2920 ἐπιτηδεία,
995 2852 1089 2904 καὶ
1131 2851 1165 2920 ἡ
1216 2849 1468 2911 ὑπόθεσις
1513 2848 1605 2901 τοῦ
1650 2848 1817 2918 μύθου
1848 2850 1988 2918 ἐρω-

414 2938 541 3008 τική
584 2955 669 3002 τις
713 2934 870 3000 οὖσα,
922 2942 1124 3010 μικράς
1164 2938 1434 3010 λαϐομένη
1476 2940 1746 3009 ἀφορμῆς,
1773 2938 1990 2991 διπλοῦν

417 3029 665 3083 ἀπετέλει
716 3029 779 3083 τὸ
824 3031 993 3096 πάθος
1044 3033 1157 3094 τοῖς
1209 3029 1623 3101 διεφθαρμένοις
1674 3030 1834 3093 νέοις.
1897 3031 1991 3094 Et;

416 3122 745 3193 παραίτησιν
772 3123 879 3195 γὰρ
918 3123 1298 3194 προϊσχόμενοι
1338 3122 1409 3175 τὰ
1447 3121 1805 3193 μυθευόμενα.
1833 3122 1990 3192 χαλε-

417 3212 533 3276 πῶς
562 3213 886 3278 ἐξεκαίοντο,
920 3215 1016 3267 καὶ
1047 3213 1240 3283 ἀνέδην
1285 3215 1365 3277 είς
1405 3212 1733 3275 ἀκολάστους
1761 3213 1986 3283 πράξεις
2012 3248 2054 3305 C

416 3305 674 3376 ἐχώρουν.
727 3307 788 3359 ού
837 3309 1130 3379 σωφρονεῖν
1179 3305 1483 3375 δυνάμενοι,
1533 3304 1655 3359 οὔτε
1705 3305 1984 3375 σώφρονας

415 3394 555 3447 κατά
598 3397 792 3448 ταύτὸν
835 3398 967 3467 ὀρᾷν
1007 3396 1338 3467 ἀνεχόμενοι.
1379 3390 1449 3467 Ὦ
1498 3395 1606 3466 γὰρ
1656 3397 1689 3466 ἠ
1739 3396 1985 3466 διατριῦὴ

416 3484 569 3546 ἐκτὸς
592 3485 873 3558 ἐρωμένης
902 3489 959 3539 ἐν
988 3488 1170 3557 Δάφνη
1211 3485 1527 3556 ἐτύγχανεν,
1563 3488 1765 3555 ἠλίθιός
1794 3504 1853 3538 τε
1894 3488 1987 3538 καὶ

416 3576 611 3646 ἄχαρις
651 3578 851 3629 ἐδόκει·
886 3578 978 3631 καὶ¹
1014 3576 1200 3647 ῶσπερ
1249 3594 1302 3630 τι
1348 3576 1477 3644 ἄγος
1517 3577 1549 3646 ἢ
1599 3576 1980 3647 ἀποτρόπαιος,

416 3669 699 3732 φευκταῖος
751 3664 840 3737 ἦν.
888 3669 994 3721 Καὶ
1039 3667 1214 3729 ἄλλως
1260 3667 1317 3719 δὲ
1367 3668 1662 3736 σεϐάσμιος
1712 3668 1806 3720 καὶ
1858 3669 1986 3737 περὶ

420 3759 609 3811 πολλοῦ
640 3762 750 3822 τοῖς
794 3758 1157 3828 Ἐλληνισταῖς
1198 3759 1226 3809 ὀ
1257 3758 1430 3827 χῶρος
1466 3753 1617 3820 οὗτος
1659 3758 1982 3826 ἐτύγχανεν·

417 3844 485 3920 ἦν
535 3852 643 3922 γάρ
700 3850 886 3903 ἐνθάδε
955 3851 1224 3919 Δαφναίου
1284 3848 1615 3911 Ἀπόλλωνος
1671 3849 1989 3917 περικαλλὲς

416 3939 665 4009 ἄγαλμα,
725 3941 819 3992 καὶ
862 3938 996 4003 νεὼς
1050 3939 1401 4010 μεγαλοφυῶς
1452 3955 1512 3991 τε
1560 3939 1655 3990 καὶ
1695 3938 1987 4008 φιλοτίμως

417 4029 862 4101 ἐξειργασμένος·
908 4031 966 4083 ὂν
1005 4030 1159 4097 λόγος
1200 4030 1548 4099 οἰκοδομῆσαι
1592 4030 1850 4083 Σέλευκον
1896 4031 1987 4083 τὸν

430 4120 698 4191 ’Δντιόχου
735 4119 970 4192 πατέρα,
1012 4115 1057 4188 ᾧ
1095 4118 1382 4190 ἐπώνυμόν
1426 4120 1573 4173 ἐστιν
1606 4122 1639 4190 ἡ
1673 4120 1987 4190 ’Δντιοχέων

418 4211 589 4274 πόλις.
634 4210 976 4263 Ἐπιστεύετο
1009 4210 1067 4263 δὲ
1109 4210 1258 4281 παρὰ
1300 4212 1410 4274 τοῖς
1453 4210 1580 4264 τάδε
1607 4212 1983 4282 πρεσϐεύουσι,

420 4304 530 4372 ῥεῖν
573 4302 761 4354 αὐτόθι
803 4303 895 4355 καὶ
934 4302 1078 4373 ὕδωρ
1112 4302 1366 4372 μαντικὸν
1395 4302 1503 4355 ἀπὸ
1548 4303 1860 4367 Κασταλίας
1888 4306 1987 4375 τῆς

416 4394 621 4463 πηγῆς,
649 4393 848 4463 ὁμοίως
872 4395 969 4464 τῆς
997 4395 1054 4446 ἐν
1082 4393 1302 4461 Δελφοῖς
1325 4393 1602 4464 ἐνεργείας
1624 4412 1683 4447 τε
1709 4394 1802 4449 καὶ
1828 4412 1989 4466 προσ-

417 4488 639 4556 ηγορίας
666 4487 951 4557 λαχούσης.
990 4486 1287 4556 ’Δμέλειτοι
1330 4488 1425 4540 καὶ
1457 4487 1716 4557 Ἀδριανῷ
1741 4488 1820 4541 ἐτι
1847 4489 1987 4541 ίδιω-

2080 662 2468 717 contumeliam
2502 674 2658 716 suam
2691 658 2841 712 ultus
2870 666 2974 721 est,
3032 655 3446 725 elegantissimo
3475 665 3529 710 et
3554 655 3653 710 ad-

2081 754 2300 808 modum
2333 752 2512 805 faceto
2543 751 2811 804 adversus
2840 748 3216 802 Antiochenos
3251 746 3396 799 libro
3420 761 3649 815 compo-

2081 845 2221 911 sito,
2282 857 2443 913 quem
2488 840 2868 908 Μισοπώγωνα
2914 840 3215 907 inscripsit.
3267 835 3439 891 Porro
3493 837 3651 890 Chri-

2083 938 2294 991 stianos
2340 935 2508 989 etiam
2546 934 2599 986 in
2644 933 2748 986 hac
2788 933 2921 985 urbe
2966 932 3131 985 solito
3169 944 3321 984 more
3356 928 3649 990 tractavit,

2082 1037 2138 1083 et
2168 1028 2484 1097 religionem
2521 1025 2805 1096 gentilium
2853 1024 2965 1077 illic
3005 1022 3256 1078 stabilire
3301 1021 3534 1076 studuit.
3583 1019 3652 1072 Et

2082 1134 2215 1174 vero
2259 1133 2382 1187 qua:
2432 1126 2565 1171 tunc
2621 1115 2887 1185 temporis
2941 1115 3091 1167 circa
3146 1112 3385 1167 loculum
3438 1110 3656 1180 Babyl:e

2083 1212 2342 1283 martyris
2362 1252 2377 1275 ,
2409 1220 2463 1264 et
2494 1210 2549 1263 in
2578 1210 2783 1278 templo
2814 1206 3084 1276 Apollinis
3115 1204 3373 1275 Daphnaei
3405 1204 3652 1273 contige—

2084 1312 2215 1359 runt
2234 1343 2250 1367 ,
2286 1317 2467 1373 operae
2496 1304 2734 1372 pretium
2764 1299 2930 1355 fuerit
2961 1311 3419 1352 commemorare.
3448 1294 3654 1349 Narra-

2087 1397 2290 1451 tionem
2324 1392 2487 1464 209
2513 1401 2696 1447 autem
2729 1391 2861 1447 hinc
2895 1388 3176 1446 exordiar.
3218 1386 3440 1457 Daphne
3470 1387 3659 1441 nobile

2085 1486 2390 1543 Antiochia;
2419 1484 2825 1546 suburbanum.
2847 1482 3144 1537 multarum
3177 1480 3399 1549 quidem
3428 1494 3656 1548 cupres-

2085 1594 2276 1636 sorum
2301 1592 2528 1632 nemore
2562 1576 2781 1631 nitescit
2806 1594 2814 1602 ·
2837 1573 2930 1629 sed
2958 1582 3011 1629 et
3042 1572 3168 1627 aliis
3194 1573 3335 1625 inter
3358 1584 3658 1639 cupressos

2086 1670 2319 1726 consitis
2353 1668 2645 1723 arbaribus
2682 1666 2947 1719 variatur.
2985 1664 3101 1717 Sub
3133 1662 3420 1718 arboribus
3450 1669 3655 1725 autem,

2086 1775 2187 1830 pro
2216 1768 2523 1828 temporum
2544 1754 2954 1819 vicissitudine,
2974 1751 3450 1821 fragrantissimos
3476 1749 3656 1802 omnis

2088 1849 2305 1920 generis
2351 1846 2515 1901 ﬂores
2552 1845 2719 1899 tellus
2756 1842 2949 1913 gignit.
2991 1839 3165 1894 Porro
3202 1839 3433 1893 lacunar
3475 1837 3656 1905 potius

2086 1938 2385 2007 quoddam,
2428 1950 2592 2005 quam
2646 1934 2861 1993 umbra,
2901 1931 3081 1985 locum
3134 1929 3381 1997 undique
3424 1927 3656 1995 obtegit,

2088 2044 2199 2098 pra:
2237 2025 2516 2081 frondium
2547 2040 2611 2079 ac
2656 2038 2935 2077 ramorum
2982 2022 3274 2086 densitate,
3302 2020 3438 2076 solis
3472 2019 3657 2072 radios

2085 2122 2311 2176 humum
2367 2134 2542 2188 usque
2596 2118 2908 2188 pertingere
2972 2130 3083 2169 non
3135 2114 3346 2169 sinens.
3394 2112 3658 2168 Amoenus

2087 2221 2352 2282 praeterea
2382 2225 2446 2264 ac
2467 2210 2749 2277 jucundus
2775 2214 2861 2263 est
2881 2207 3034 2262 locus
3052 2205 3121 2261 ob
3148 2219 3415 2275 aquarum
3441 2203 3657 2273 copiam

2088 2318 2153 2357 ac
2178 2301 2669 2372 pulchritudinem,
2689 2308 2744 2353 et
2767 2298 2842 2351 ob
2863 2296 3183 2365 temperiem
3210 2293 3334 2347 caeli
3358 2300 3412 2347 et
3435 2300 3660 2361 propter

2088 2410 2252 2449 auras
2313 2394 2554 2448 molliter
2617 2392 2915 2460 spirantes.
2964 2388 3047 2442 lbi
3098 2386 3421 2442 fabulantur
3479 2384 3657 2440 ϐῖκρί

2087 2485 2374 2555 Daphnen,
2400 2482 2643 2537 Ladonis
2672 2482 2822 2536 ﬂuvii
2854 2481 3045 2545 filiam,
3070 2493 3136 2533 ex
3169 2477 3405 2532 Arcadia
3442 2476 3660 2547 fugien~

2088 2586 2196 2633 tem
2252 2577 2561 2646 Apollinem
2622 2583 2945 2637 amatorem,
2997 2573 3054 2626 in
3108 2572 3363 2625 arborem
3417 2569 3661 2623 nominis

2090 2669 2174 2725 sui
2198 2683 2521 2723 conversam
2558 2683 2721 2733 esse;
2752 2666 3058 2735 Apollinem
3091 2677 3222 2717 vero
3267 2677 3336 2715 ne
3374 2668 3491 2714 tum
3538 2661 3661 2727 qui-

2089 2762 2212 2817 dem
2274 2761 2687 2832 perturbatione
2753 2757 2922 2811 animi
2986 2756 3318 2819 liberatum,
3372 2766 3439 2807 ex
3493 2753 3661 2805 ramis

2089 2864 2285 2910 amatae
2324 2867 2588 2909 coronam
2630 2851 2735 2907 sibi
2767 2849 3031 2913 texuisse,
3062 2861 3294 2915 eamque
3331 2844 3462 2900 licet
3502 2844 3663 2898 arbo-

2088 2962 2202 3001 rem
2254 2945 2500 3002 brachiis
2536 2942 2880 3013 complexum
2930 2941 3125 2996 fuisse.
3172 2938 3238 2992 Et
3285 2940 3434 2991 hunc
3477 2935 3662 2990 locum

2088 3054 2200 3108 prae
2231 3036 2443 3092 caeteris
2493 3050 2633 3105 quos
2680 3035 2921 3097 amabat,
2954 3030 3248 3098 praesentia
3297 3043 3396 3084 sua
3439 3040 3505 3083 ac
3541 3026 3664 3081 diu-

2088 3140 2256 3185 turno
2292 3126 2579 3183 domicilio
2608 3127 2942 3183 honorasse.
2968 3125 3107 3178 Cum
3149 3121 3314 3192 igitur
3346 3118 3663 3189 huiusmodi

2088 3229 2235 3277 esset
2270 3220 2649 3276 suburbanum
2686 3216 2933 3288 Daphne,
2965 3214 3158 3286 pedem
3183 3228 3249 3270 eo
3279 3212 3484 3269 inferre
3526 3208 3664 3266 viris

2088 3311 2246 3366 bonis
2272 3317 2435 3379 turpe
2464 3309 2790 3364 habebatur.
2821 3304 2955 3361 Nam
2987 3313 3041 3360 et
3071 3307 3211 3359 situs
3238 3319 3301 3358 ac
3333 3311 3528 3356 natura
3557 3296 3664 3354 loci

2086 3404 2153 3457 ad
2177 3404 2513 3473 voluptatem
2547 3399 2983 3459 accommodata.
3002 3405 3056 3453 et
3078 3398 3253 3466 ipsius
3277 3394 3475 3448 fabulae
3496 3404 3666 3462 argu-

2087 3502 2326 3547 mentum
2367 3492 2726 3554 amatorium,
2762 3490 2864 3543 levi
2902 3496 3120 3556 arrepta
3151 3486 3449 3541 occasione
3470 3525 3485 3547 ,
3510 3499 3667 3538 mor-

2088 3588 2217 3640 bum
2255 3586 2422 3653 duplo
2471 3582 2780 3650 graviorem
2829 3582 3172 3635 accendebat
3218 3580 3496 3646 corruptis
3528 3574 3665 3629 ado-

2089 3674 2443 3729 lescentibus.
2482 3672 2547 3725 lli
2573 3672 2743 3734 enim,
2782 3670 3021 3723 fabulam
3061 3670 3208 3721 illam
3257 3666 3326 3721 ad
3351 3664 3666 3719 excusatio-

2089 3782 2214 3819 nem
2272 3763 2465 3826 ﬂagitii
2516 3762 2600 3817 sui
2651 3761 3079 3831 praetendentes,
3129 3760 3300 3813 multo
3351 3758 3526 3827 magis
3575 3756 3665 3810 in-

2087 3854 2535 3914 ﬂammabantur,
2581 3851 2845 3919 omnique
2891 3849 3112 3903 licentia
3160 3848 3228 3901 ad
3274 3854 3463 3917 turpes
3507 3854 3665 3898 actus

2088 3951 2533 4015 prorumpentes,
2572 3957 2675 3997 nec
2724 3941 2829 4010 ipsi
2878 3940 3129 3994 modeste
3176 3954 3337 4007 agere
3385 3944 3662 4006 poteram,

2089 4052 2187 4090 nec
2217 4035 2498 4090 modestos
2531 4035 2680 4088 viros
2714 4033 2828 4086 illic
2858 4047 3087 4086 cernere
3127 4030 3496 4085 sustinebant.
3528 4026 3661 4080 Nam

2087 4126 2181 4196 qui
2216 4125 2426 4194 absque
2472 4124 2650 4177 amica
2694 4122 3073 4177 diversaretur
3104 4120 3250 4190 apud
3293 4119 3579 4188 Daphnen,
3614 4118 3663 4171 is

2085 4217 2341 4286 stupidus
2380 4226 2432 4270 et
2469 4215 2793 4279 inurbanus,
2839 4222 2893 4266 et
2942 4224 3202 4281 tanquam
3255 4211 3439 4265 scelus
3483 4208 3663 4278 quod—

2086 4310 2210 4365 dam
2246 4324 2311 4363 ac
2338 4307 2615 4377 piaculum
2668 4305 2962 4375 fugiendus
3002 4303 3319 4357 videbatur.
3354 4301 3419 4355 Et
3458 4300 3663 4367 alioqui

2086 4404 2241 4457 locus
2287 4402 2377 4455 hic
2419 4400 2650 4470 paganis
2698 4399 3032 4453 venerabilis
3096 4411 3405 4467 magnoque
3456 4395 3511 4449 in
3562 4394 3662 4448 ho—

2087 4511 2224 4551 nore
2255 4502 2395 4549 erat.
2430 4492 2564 4546 Erat
2597 4492 2745 4546 enim
2780 4492 2891 4545 illic
2926 4488 3194 4560 Apollinis
3245 4488 3501 4558 Daphnaei
3544 4486 3665 4557 pul~

415 4577 645 4640 τεύοντι,
672 4579 738 4631 τὰ
776 4580 905 4647 περὶ
936 4579 1037 4647 τῆς
1069 4577 1341 4649 βασιλείας
1368 4578 1620 4648 αὐχοῦσιν
1649 4580 1834 4635 ἐνθάδε
1857 4598 1983 4651 προ-
2013 4589 2057 4643 D
2086 4589 2173 4643 ch;

1905 4600 1983 4651 ρο·
2013 4589 2057 4643 D
2086 4588 2418 4643 cherrimum
2447 4584 2801 4639 simulacrum
2823 4590 2881 4637 et
2907 4583 3169 4651 templum
3196 4581 3478 4649 magnilice
3501 4589 3663 4647 atque

420 4668 737 4738 μηνιῖθῆναι.
771 4671 907 4723 Φασὶ
950 4671 1057 4740 γὰρ
1114 4671 1273 4725 αὐτὸν
1314 4670 1510 4738 φύλλον
1553 4672 1768 4740 Δάφνης
1818 4673 1986 4743 ἐμϐά-

416 4757 592 4825 ψαντα
622 4761 687 4828 τῇ
723 4762 895 4828 πηγῇ,
930 4759 1233 4829 ἀρύσασθαι
1264 4758 1362 4828 τὴν
1404 4758 1512 4811 τῶν
1550 4759 1822 4828 ἐσομένων
1850 4762 1987 4828 γνῶ-

420 4868 522 4913 σιν,
575 4853 863 4920 ἐγγράφως
920 4854 1011 4906 ἐπὶ
1060 4851 1152 4905 τοῦ
1201 4853 1397 4921 φύλλου
1442 4853 1793 4925 δηλωθήσαν·
1839 4873 1984 4927 παρ-

418 4943 637 4997 ελθόντα
666 4944 722 4995 δέ
754 4946 833 5007 είς
862 4945 962 5015 τὴν
990 4945 1282 5014 ἡγεμονίαν
1313 4946 1627 5015 καταχῶσαι
1655 4947 1752 5017 τὴν
1781 4950 1984 5019 πηγὴν,

417 5036 556 5090 ὥστε
587 5035 661 5107 μὴ
694 5036 889 5101 ἐξεῖναι
920 5037 1013 5089 καὶ
1044 5037 1222 5100 ἄλλοις
1255 5038 1652 5108 προμανθάνειν
1680 5040 1741 5091 τὸ
1774 5039 1982 5109 μέλλον.

432 5127 587 5183 Ἀλλά
619 5126 787 5180 ταῦτα
828 5127 946 5197 μὲν,
997 5122 1077 5192 οἷς
1108 5128 1307 5181 τούτων
1337 5130 1505 5199 μέλει,
1542 5130 1779 5199 ἀκριϐῶς
1820 5131 1986 5199 μυθο-

418 5218 750 5286 λογούντων*
814 5221 936 5273 ἐπεὶ
988 5221 1045 5272 δὲ
1108 5221 1305 5284 Γάλλος
1356 5222 1385 5272 ὁ
1425 5220 1709 5274 Ἰουλιανοῦ
1764 5221 1988 5291 ἀδελφὸς

418 5312 635 5383 Καῖσαρ
667 5311 941 5375 καταστὰς
983 5311 1131 5381 παρά
1166 5313 1563 5377 Κωνσταντίου,
1595 5313 1652 5364 ἐν
1692 5313 1988 5386 ’Δντιοχείᾳ

416 5403 589 5473 διῆγε,
628 5405 950 5474 Χριστιανὸς
980 5403 1053 5457 ῶν
1086 5404 1179 5457 καὶ
1214 5408 1270 5468 ἐς
1304 5408 1369 5459 τὰ
1400 5406 1628 5475 μάλιστα
1676 5408 1987 5476 πρεσϐεύων

416 5495 542 5555 τοὺς
572 5496 713 5564 ὑπὲρ
758 5494 851 5548 τοῦ
898 5495 1165 5565 δόγματος
1211 5498 1715 5568 μεμαρτυρηκότας,
1751 5498 1986 5566 ἔγνωκεν

428 5587 747 5656 Ἑλληνικῆς
796 5586 1210 5658 δεισιδαιμονίας
1239 5590 1331 5641 καὶ
1397 5587 1605 5659 ὕϐρεως
1675 5591 1989 5645 ἀκολάστων

417 5675 735 5747 ἀνθρώπων,
766 5676 951 5729 τοῦτον
1000 5678 1301 5746 ἐκκαθᾶραι
1329 5677 1417 5729 τὸν
1444 5677 1640 5749 χῶρον.
1675 5677 1987 5731 ’Υπολαδὼν

417 5768 473 5819 δὲ
520 5766 714 5837 ῥᾳδίως
764 5767 1145 5838 περιέσεσθαι,
1196 5769 1243 5819 εἰ
1291 5768 1574 5839 εύκτήριον
1614 5751 1801 5822 ἐνθάδε
1845 5770 1989 5821 ἀντι-

423 5856 805 5924 λιταστήσειεν
841 5851 1006 5918 οἷκον,
1041 5854 1338 5925 μετέθηκεν
1371 5858 1445 5919 εἰς
1476 5858 1686 5929 Δάφνην
1724 5857 1820 5929 τὴν
1858 5857 1987 5927 λάρ-

2088 4680 2383 4733 amhitiose
2446 4684 2857 4731 constructum.
2922 4672 3098 4742 Cujus
3157 4672 3345 4741 templi
3412 4670 3663 4726 conditor

2088 4770 2257 4823 fuisse
2285 4766 2490 4820 dicitur
2515 4763 2803 4829 Seleucus,
2824 4771 2981 4833 pater
3008 4763 3266 4817 Antiochi
3291 4762 3459 4824 illius,
3492 4775 3522 4813 a
3552 4777 3660 4831 quo

2086 4859 2374 4914 Antiochia
2432 4872 2630 4911 nomen
2685 4858 2919 4925 accepit.
2976 4855 3319 4909 Credebatur
3372 4854 3537 4907 etiam
3590 4852 3660 4903 ab

2088 4954 2197 5007 illis
2232 4954 2325 5020 qui
2374 4953 2478 5006 ista
2513 4950 2704 5004 colunt
2736 4964 2801 5004 ac
2844 4948 3169 5017 prredicant,
3202 4960 3398 5014 aquam
3433 4944 3546 4998 illic
3577 4944 3662 4997 di-

2086 5044 2411 5097 vinatricem
2446 5042 2615 5094 ﬂuere
2645 5055 2713 5094 ex
2763 5038 2912 5095 fonte
2954 5037 3221 5102 Castalio,
3258 5038 3352 5107 qui
3384 5035 3527 5090 idem
3559 5051 3660 5088 no-

2087 5151 2212 5188 men
2264 5133 2625 5202 eamdemque
2678 5131 2975 5187 eﬂicaciam
3033 5131 3293 5195 haberet,
3348 5144 3509 5199 quam
3570 5127 3661 5183 ille

2087 5224 2403 5295 Delphicus.
2459 5221 2703 5292 Denique
2763 5230 2818 5277 et
2882 5222 3129 5276 Adriano
3206 5220 3385 5274 adhuc
3444 5219 3660 5290 privato

2086 5314 2372 5386 imperium
2430 5331 2494 5370 eo
2554 5315 2679 5369 loco
2744 5314 3171 5384 praenuntiatum
3239 5327 3363 5367 esse
3421 5311 3653 5379 jactant.

2086 5407 2220 5460 Nam
2252 5422 2377 5461 cum
2417 5405 2607 5458 folium
2636 5406 2776 5459 lauri
2811 5404 3177 5458 immersisset
3210 5403 3263 5457 in
3294 5402 3464 5464 fonte,
3490 5401 3655 5455 futuri

2087 5499 2335 5553 notitiam
2371 5496 2627 5552 hausisse
2664 5496 2873 5551 dicitur
2910 5510 3031 5564 qua:
3057 5494 3112 5548 in
3144 5493 3341 5549 fronde
3382 5494 3657 5562 descripta

2086 5588 2412 5645 esset.Cmn
2445 5596 2625 5642 autem
2648 5598 2837 5657 postea
2868 5589 2936 5642 ad
2965 5586 3256 5655 imperium
3293 5584 3653 5655 pervenisset.

2088 5678 2296 5732 fontem
2342 5678 2694 5733 obstruxisse
2727 5677 2923 5741 fertur,
2970 5692 3039 5733 ne
3084 5678 3206 5731 aliis
3256 5677 3418 5731 etiam
3466 5676 3652 5732 liceret

2087 5787 2176 5825 res
2206 5770 2420 5823 futuras
2461 5784 2832 5838 praanoscere.
2865 5768 3070 5825 Verum
3104 5770 3205 5823 has
3242 5767 3459 5823 fabulas
3508 5768 3657 5837 ejus--

2089 5858 2232 5915 modi
2287 5876 2472 5915 rerum
2515 5858 2781 5917 studiosis
2825 5861 3139 5916 accuratius
3181 5860 3533 5930 exponendas
3565 5872 3655 5913 re-
