  <div class='ocr_page' id='page_1' title='image "/cluster/home/n/w/nwhite01/storage/ocr_20150623/67/pst.000009865921/699.png"; bbox 0 0 4452 6598; ppageno 0'>
   <div class='ocr_carea' id='block_1_1' title="bbox 824 439 967 499">
    <p class='ocr_par' dir='ltr' id='par_1_1' title="bbox 824 439 967 499">
     <span class='ocr_line' id='line_1_1' title="bbox 824 439 967 499; baseline 0 0"><span class='ocrx_word' id='word_1_1' title='bbox 824 439 967 499; x_wconf 69' lang='lat' dir='ltr'><strong>m5</strong></span> 
     </span>
    </p>
   </div>
   <div class='ocr_carea' id='block_1_2' title="bbox 2284 442 2627 502">
    <p class='ocr_par' dir='ltr' id='par_1_2' title="bbox 2284 442 2627 502">
     <span class='ocr_line' id='line_1_2' title="bbox 2284 442 2627 502; baseline -0.015 -1"><span class='ocrx_word' id='word_1_2' title='bbox 2284 442 2627 502; x_wconf 74' lang='lat' dir='ltr'><strong>SOZOMENI</strong></span> 
     </span>
    </p>
   </div>
   <div class='ocr_carea' id='block_1_3' title="bbox 3932 436 4084 495">
    <p class='ocr_par' dir='ltr' id='par_1_3' title="bbox 3932 436 4084 495">
     <span class='ocr_line' id='line_1_3' title="bbox 3932 436 4084 495; baseline 0.013 -2"><span class='ocrx_word' id='word_1_3' title='bbox 3932 436 4084 495; x_wconf 68' lang='grc' dir='ltr'>ιετσ</span> 
     </span>
    </p>
   </div>
   <div class='ocr_carea' id='block_1_4' title="bbox 824 546 2582 630">
    <p class='ocr_par' dir='ltr' id='par_1_4' title="bbox 824 553 2582 628">
     <span class='ocr_line' id='line_1_4' title="bbox 824 553 2582 628; baseline 0.004 -20"><span class='ocrx_word' id='word_1_4' title='bbox 824 568 1155 624; x_wconf 81' lang='lat' dir='ltr'><strong>unquamus.</strong></span> <span class='ocrx_word' id='word_1_5' title='bbox 1194 553 1494 627; x_wconf 78' lang='lat' dir='ltr'><strong>Postquam</strong></span> <span class='ocrx_word' id='word_1_6' title='bbox 1543 573 1675 613; x_wconf 89' lang='lat' dir='ltr'><strong>vero</strong></span> <span class='ocrx_word' id='word_1_7' title='bbox 1714 558 1905 616; x_wconf 88' lang='lat' dir='ltr'><strong>Gallus</strong></span> <span class='ocrx_word' id='word_1_8' title='bbox 1949 559 2119 616; x_wconf 97' lang='lat' dir='ltr'><strong>frater</strong></span> <span class='ocrx_word' id='word_1_9' title='bbox 2160 560 2385 628; x_wconf 81' lang='lat' dir='ltr'><strong>Juliani,</strong></span> <span class='ocrx_word' id='word_1_10' title='bbox 2418 565 2464 623; x_wconf 75' lang='grc' dir='ltr'>Α</span> <span class='ocrx_word' id='word_1_11' title='bbox 2490 579 2582 614; x_wconf 57' lang='lat' dir='ltr'><strong>vam</strong></span> 
     </span>
    </p>
   </div>
   <div class='ocr_carea' id='block_1_5' title="bbox 2321 546 4079 630">
    <p class='ocr_par' dir='ltr' id='par_1_5' title="bbox 2321 546 4079 630">
     <span class='ocr_line' id='line_1_5' title="bbox 2321 546 4079 630; baseline -0.006 -13"><span class='ocrx_word' id='word_1_12' title='bbox 2321 566 2385 628; x_wconf 81' lang='lat' dir='ltr'><strong>ni,</strong></span> <span class='ocrx_word' id='word_1_13' title='bbox 2418 565 2464 623; x_wconf 75' lang='grc' dir='ltr'>Α</span> <span class='ocrx_word' id='word_1_14' title='bbox 2490 578 2629 614; x_wconf 85' lang='grc' dir='ltr'>νακα</span> <span class='ocrx_word' id='word_1_15' title='bbox 2666 556 2762 612; x_wconf 79' lang='grc' dir='ltr'>τοῦ</span> <span class='ocrx_word' id='word_1_16' title='bbox 2810 558 3020 613; x_wconf 81' lang='grc' dir='ltr'>Βαϐύλα</span> <span class='ocrx_word' id='word_1_17' title='bbox 3064 560 3157 613; x_wconf 83' lang='grc' dir='ltr'><strong>τοῦ</strong></span> <span class='ocrx_word' id='word_1_18' title='bbox 3196 559 3507 630; x_wconf 79' lang='grc' dir='ltr'>μάρτυρος’</span> <span class='ocrx_word' id='word_1_19' title='bbox 3548 553 3607 617; x_wconf 82' lang='grc' dir='ltr'>ὃς</span> <span class='ocrx_word' id='word_1_20' title='bbox 3643 546 3701 607; x_wconf 85' lang='grc' dir='ltr'>εὗ</span> <span class='ocrx_word' id='word_1_21' title='bbox 3739 551 3884 622; x_wconf 77' lang='grc' dir='ltr'>μάλα</span> <span class='ocrx_word' id='word_1_22' title='bbox 3926 552 4079 624; x_wconf 83' lang='grc' dir='ltr'>λαμ-</span> 
     </span>
    </p>
   </div>
   <div class='ocr_carea' id='block_1_6' title="bbox 820 643 2391 719">
    <p class='ocr_par' dir='ltr' id='par_1_6' title="bbox 820 643 2391 719">
     <span class='ocr_line' id='line_1_6' title="bbox 820 643 2391 719; baseline 0.006 -23"><span class='ocrx_word' id='word_1_23' title='bbox 820 644 1007 697; x_wconf 72' lang='lat' dir='ltr'><strong>Caesar</strong></span> <span class='ocrx_word' id='word_1_24' title='bbox 1034 659 1065 697; x_wconf 90' lang='lat' dir='ltr'><strong>a</strong></span> <span class='ocrx_word' id='word_1_25' title='bbox 1098 643 1425 701; x_wconf 86' lang='lat' dir='ltr'><strong>Constantio</strong></span> <span class='ocrx_word' id='word_1_26' title='bbox 1467 657 1841 719; x_wconf 89' lang='lat' dir='ltr'><strong>nuncupatus,</strong></span> <span class='ocrx_word' id='word_1_27' title='bbox 1877 651 2179 706; x_wconf 71' lang='lat' dir='ltr'><strong>Antiochiae</strong></span> <span class='ocrx_word' id='word_1_28' title='bbox 2210 654 2391 707; x_wconf 88' lang='lat' dir='ltr'><strong>sedem</strong></span> 
     </span>
    </p>
   </div>
   <div class='ocr_carea' id='block_1_7' title="bbox 824 730 2394 812">
    <p class='ocr_par' dir='ltr' id='par_1_7' title="bbox 824 730 2394 812">
     <span class='ocr_line' id='line_1_7' title="bbox 824 730 2394 812; baseline 0.007 -28"><span class='ocrx_word' id='word_1_29' title='bbox 824 730 943 785; x_wconf 75' lang='lat' dir='ltr'><strong>fixit</strong></span> <span class='ocrx_word' id='word_1_30' title='bbox 975 748 988 785; x_wconf 91' lang='lat'>:</span> <span class='ocrx_word' id='word_1_31' title='bbox 1023 747 1148 786; x_wconf 90' lang='lat' dir='ltr'><strong>cum</strong></span> <span class='ocrx_word' id='word_1_32' title='bbox 1180 746 1327 789; x_wconf 90' lang='lat' dir='ltr'><strong>esset</strong></span> <span class='ocrx_word' id='word_1_33' title='bbox 1350 735 1724 803; x_wconf 89' lang='lat' dir='ltr'><strong>Christianus,</strong></span> <span class='ocrx_word' id='word_1_34' title='bbox 1751 754 1957 809; x_wconf 88' lang='lat' dir='ltr'><strong>eosque</strong></span> <span class='ocrx_word' id='word_1_35' title='bbox 1983 741 2076 810; x_wconf 86' lang='lat' dir='ltr'><strong>qui</strong></span> <span class='ocrx_word' id='word_1_36' title='bbox 2109 740 2394 812; x_wconf 74' lang='lat' dir='ltr'><strong>religionis</strong></span> 
     </span>
    </p>
   </div>
   <div class='ocr_carea' id='block_1_8' title="bbox 820 826 2389 899">
    <p class='ocr_par' dir='ltr' id='par_1_8' title="bbox 820 826 2389 899">
     <span class='ocr_line' id='line_1_8' title="bbox 820 826 2389 899; baseline 0.004 -24"><span class='ocrx_word' id='word_1_37' title='bbox 820 836 988 877; x_wconf 87' lang='lat' dir='ltr'><strong>causa</strong></span> <span class='ocrx_word' id='word_1_38' title='bbox 1025 826 1343 896; x_wconf 74' lang='lat' dir='ltr'><strong>martyrium</strong></span> <span class='ocrx_word' id='word_1_39' title='bbox 1374 829 1716 896; x_wconf 81' lang='lat' dir='ltr'><strong>pertulerant</strong></span> <span class='ocrx_word' id='word_1_40' title='bbox 1749 830 1993 899; x_wconf 86' lang='lat' dir='ltr'><strong>impense</strong></span> <span class='ocrx_word' id='word_1_41' title='bbox 2016 837 2389 893; x_wconf 82' lang='lat' dir='ltr'><strong>veneraretur,</strong></span> 
     </span>
    </p>
   </div>
   <div class='ocr_carea' id='block_1_9' title="bbox 819 913 2393 990">
    <p class='ocr_par' dir='ltr' id='par_1_9' title="bbox 819 913 2393 990">
     <span class='ocr_line' id='line_1_9' title="bbox 819 913 2393 990; baseline 0.006 -25"><span class='ocrx_word' id='word_1_42' title='bbox 819 924 946 965; x_wconf 82' lang='lat' dir='ltr'><strong>eum</strong></span> <span class='ocrx_word' id='word_1_43' title='bbox 981 913 1158 967; x_wconf 93' lang='lat' dir='ltr'><strong>locum</strong></span> <span class='ocrx_word' id='word_1_44' title='bbox 1193 918 1585 984; x_wconf 82' lang='lat' dir='ltr'><strong>superstitione</strong></span> <span class='ocrx_word' id='word_1_45' title='bbox 1624 920 1908 989; x_wconf 83' lang='lat' dir='ltr'><strong>gentilium</strong></span> <span class='ocrx_word' id='word_1_46' title='bbox 1938 928 1993 976; x_wconf 91' lang='lat' dir='ltr'><strong>et</strong></span> <span class='ocrx_word' id='word_1_47' title='bbox 2019 921 2393 990; x_wconf 87' lang='lat' dir='ltr'><strong>intemperan-</strong></span> 
     </span>
    </p>
   </div>
   <div class='ocr_carea' id='block_1_10' title="bbox 821 1003 2390 1080">
    <p class='ocr_par' dir='ltr' id='par_1_10' title="bbox 821 1003 2390 1080">
     <span class='ocr_line' id='line_1_10' title="bbox 821 1003 2390 1080; baseline 0.007 -27"><span class='ocrx_word' id='word_1_48' title='bbox 821 1003 959 1055; x_wconf 91' lang='lat' dir='ltr'><strong>tium</strong></span> <span class='ocrx_word' id='word_1_49' title='bbox 1000 1004 1277 1061; x_wconf 90' lang='lat' dir='ltr'><strong>hominum</strong></span> <span class='ocrx_word' id='word_1_50' title='bbox 1314 1006 1535 1075; x_wconf 79' lang='lat' dir='ltr'><strong>ﬂagitiis</strong></span> <span class='ocrx_word' id='word_1_51' title='bbox 1582 1025 1819 1080; x_wconf 89' lang='lat' dir='ltr'><strong>purgare</strong></span> <span class='ocrx_word' id='word_1_52' title='bbox 1864 1012 2171 1066; x_wconf 87' lang='lat' dir='ltr'><strong>constituit.</strong></span> <span class='ocrx_word' id='word_1_53' title='bbox 2205 1011 2259 1064; x_wconf 94' lang='lat' dir='ltr'><strong>ld</strong></span> <span class='ocrx_word' id='word_1_54' title='bbox 2292 1027 2390 1065; x_wconf 86' lang='lat' dir='ltr'><strong>au-</strong></span> 
     </span>
    </p>
   </div>
   <div class='ocr_carea' id='block_1_11' title="bbox 824 1095 2390 1165">
    <p class='ocr_par' dir='ltr' id='par_1_11' title="bbox 824 1095 2390 1165">
     <span class='ocr_line' id='line_1_11' title="bbox 824 1095 2390 1165; baseline 0.007 -19"><span class='ocrx_word' id='word_1_55' title='bbox 824 1101 936 1147; x_wconf 88' lang='lat' dir='ltr'><strong>tem</strong></span> <span class='ocrx_word' id='word_1_56' title='bbox 960 1110 1018 1148; x_wconf 90' lang='lat' dir='ltr'><strong>se</strong></span> <span class='ocrx_word' id='word_1_57' title='bbox 1041 1095 1203 1153; x_wconf 81' lang='lat' dir='ltr'><strong>facile</strong></span> <span class='ocrx_word' id='word_1_58' title='bbox 1225 1110 1650 1155; x_wconf 88' lang='lat' dir='ltr'><strong>consecuturum</strong></span> <span class='ocrx_word' id='word_1_59' title='bbox 1683 1102 2007 1165; x_wconf 86' lang='lat' dir='ltr'><strong>arbitratus,</strong></span> <span class='ocrx_word' id='word_1_60' title='bbox 2033 1105 2078 1157; x_wconf 88' lang='lat' dir='ltr'><strong>si</strong></span> <span class='ocrx_word' id='word_1_61' title='bbox 2102 1102 2390 1159; x_wconf 85' lang='lat' dir='ltr'><strong>ecclesiam</strong></span> 
     </span>
    </p>
   </div>
   <div class='ocr_carea' id='block_1_12' title="bbox 826 1185 2390 1264">
    <p class='ocr_par' dir='ltr' id='par_1_12' title="bbox 826 1185 2390 1264">
     <span class='ocr_line' id='line_1_12' title="bbox 826 1185 2390 1264; baseline 0.008 -27"><span class='ocrx_word' id='word_1_62' title='bbox 826 1185 938 1240; x_wconf 92' lang='lat' dir='ltr'><strong>illic</strong></span> <span class='ocrx_word' id='word_1_63' title='bbox 965 1203 1031 1242; x_wconf 79' lang='lat' dir='ltr'><strong>ex</strong></span> <span class='ocrx_word' id='word_1_64' title='bbox 1058 1190 1291 1246; x_wconf 83' lang='lat' dir='ltr'><strong>adverso</strong></span> <span class='ocrx_word' id='word_1_65' title='bbox 1317 1194 1501 1262; x_wconf 90' lang='lat' dir='ltr'><strong>templi</strong></span> <span class='ocrx_word' id='word_1_66' title='bbox 1532 1195 1804 1264; x_wconf 88' lang='lat' dir='ltr'><strong>Apollinis</strong></span> <span class='ocrx_word' id='word_1_67' title='bbox 1839 1195 2275 1261; x_wconf 80' lang='lat' dir='ltr'><strong>construxisset;</strong></span> <span class='ocrx_word' id='word_1_68' title='bbox 2307 1196 2390 1250; x_wconf 87' lang='lat' dir='ltr'><strong>lo-</strong></span> 
     </span>
    </p>
   </div>
   <div class='ocr_carea' id='block_1_13' title="bbox 825 1276 2388 1355">
    <p class='ocr_par' dir='ltr' id='par_1_13' title="bbox 825 1276 2388 1355">
     <span class='ocr_line' id='line_1_13' title="bbox 825 1276 2388 1355; baseline 0.006 -26"><span class='ocrx_word' id='word_1_69' title='bbox 825 1276 1008 1329; x_wconf 92' lang='lat' dir='ltr'><strong>culum</strong></span> <span class='ocrx_word' id='word_1_70' title='bbox 1040 1278 1255 1350; x_wconf 67' lang='lat' dir='ltr'><strong>Babylm</strong></span> <span class='ocrx_word' id='word_1_71' title='bbox 1294 1283 1455 1352; x_wconf 76' lang='lat'><strong>210</strong></span> <span class='ocrx_word' id='word_1_72' title='bbox 1487 1284 1763 1355; x_wconf 81' lang='lat' dir='ltr'><strong>martyris,</strong></span> <span class='ocrx_word' id='word_1_73' title='bbox 1788 1285 1877 1353; x_wconf 92' lang='lat' dir='ltr'><strong>qui</strong></span> <span class='ocrx_word' id='word_1_74' title='bbox 1912 1285 2040 1340; x_wconf 91' lang='lat' dir='ltr'><strong>olim</strong></span> <span class='ocrx_word' id='word_1_75' title='bbox 2091 1284 2388 1341; x_wconf 87' lang='lat' dir='ltr'><strong>Ecclesiam</strong></span> 
     </span>
    </p>
   </div>
   <div class='ocr_carea' id='block_1_14' title="bbox 826 1366 2391 1447">
    <p class='ocr_par' dir='ltr' id='par_1_14' title="bbox 826 1366 2391 1447">
     <span class='ocr_line' id='line_1_14' title="bbox 826 1366 2391 1447; baseline 0.008 -30"><span class='ocrx_word' id='word_1_76' title='bbox 826 1366 1226 1424; x_wconf 82' lang='lat' dir='ltr'><strong>Antiochenam</strong></span> <span class='ocrx_word' id='word_1_77' title='bbox 1269 1388 1481 1427; x_wconf 91' lang='lat' dir='ltr'><strong>summa</strong></span> <span class='ocrx_word' id='word_1_78' title='bbox 1532 1390 1655 1428; x_wconf 90' lang='lat' dir='ltr'><strong>cum</strong></span> <span class='ocrx_word' id='word_1_79' title='bbox 1711 1376 1873 1430; x_wconf 87' lang='lat' dir='ltr'><strong>laude</strong></span> <span class='ocrx_word' id='word_1_80' title='bbox 1909 1384 2124 1430; x_wconf 81' lang='lat' dir='ltr'><strong>rexerat</strong></span> <span class='ocrx_word' id='word_1_81' title='bbox 2170 1385 2225 1430; x_wconf 90' lang='lat' dir='ltr'><strong>et</strong></span> <span class='ocrx_word' id='word_1_82' title='bbox 2272 1378 2391 1447; x_wconf 80' lang='lat' dir='ltr'><strong>glo-</strong></span> 
     </span>
    </p>
   </div>
   <div class='ocr_carea' id='block_1_15' title="bbox 825 1457 2385 1537">
    <p class='ocr_par' dir='ltr' id='par_1_15' title="bbox 825 1457 2385 1537">
     <span class='ocr_line' id='line_1_15' title="bbox 825 1457 2385 1537; baseline 0.01 -29"><span class='ocrx_word' id='word_1_83' title='bbox 825 1457 976 1511; x_wconf 87' lang='lat' dir='ltr'><strong>rioso</strong></span> <span class='ocrx_word' id='word_1_84' title='bbox 1025 1462 1290 1530; x_wconf 86' lang='lat' dir='ltr'><strong>martyrio</strong></span> <span class='ocrx_word' id='word_1_85' title='bbox 1321 1465 1675 1530; x_wconf 78' lang='lat' dir='ltr'><strong>occubuerat,</strong></span> <span class='ocrx_word' id='word_1_86' title='bbox 1711 1466 1973 1537; x_wconf 89' lang='lat' dir='ltr'><strong>Daphnen</strong></span> <span class='ocrx_word' id='word_1_87' title='bbox 2022 1471 2307 1524; x_wconf 86' lang='lat' dir='ltr'><strong>transtulit</strong></span> <span class='ocrx_word' id='word_1_88' title='bbox 2342 1473 2385 1523; x_wconf 83' lang='lat'><strong>&#39;.</strong></span> 
     </span>
    </p>
   </div>
   <div class='ocr_carea' id='block_1_16' title="bbox 828 1544 2389 1617">
    <p class='ocr_par' dir='ltr' id='par_1_16' title="bbox 828 1544 2389 1617">
     <span class='ocr_line' id='line_1_16' title="bbox 828 1544 2389 1617; baseline 0.012 -20"><span class='ocrx_word' id='word_1_89' title='bbox 828 1544 904 1598; x_wconf 80' lang='lat' dir='ltr'><strong>Ex</strong></span> <span class='ocrx_word' id='word_1_90' title='bbox 926 1562 991 1599; x_wconf 90' lang='lat' dir='ltr'><strong>eo</strong></span> <span class='ocrx_word' id='word_1_91' title='bbox 1017 1556 1259 1617; x_wconf 91' lang='lat' dir='ltr'><strong>tempore</strong></span> <span class='ocrx_word' id='word_1_92' title='bbox 1285 1553 1438 1606; x_wconf 90' lang='lat' dir='ltr'><strong>aiunt</strong></span> <span class='ocrx_word' id='word_1_93' title='bbox 1460 1554 1758 1611; x_wconf 65' lang='lat' dir='ltr'><strong>darmonetn</strong></span> <span class='ocrx_word' id='word_1_94' title='bbox 1795 1574 1944 1613; x_wconf 88' lang='lat' dir='ltr'><strong>more</strong></span> <span class='ocrx_word' id='word_1_95' title='bbox 1976 1560 2140 1614; x_wconf 89' lang='lat' dir='ltr'><strong>solito</strong></span> <span class='ocrx_word' id='word_1_96' title='bbox 2164 1562 2389 1615; x_wconf 85' lang='lat' dir='ltr'><strong>oracula</strong></span> 
     </span>
    </p>
   </div>
   <div class='ocr_carea' id='block_1_17' title="bbox 826 1636 2389 1715">
    <p class='ocr_par' dir='ltr' id='par_1_17' title="bbox 826 1636 2389 1715">
     <span class='ocr_line' id='line_1_17' title="bbox 826 1636 2389 1715; baseline 0.013 -28"><span class='ocrx_word' id='word_1_97' title='bbox 826 1636 1057 1691; x_wconf 77' lang='lat' dir='ltr'><strong>reddere</strong></span> <span class='ocrx_word' id='word_1_98' title='bbox 1087 1639 1341 1695; x_wconf 79' lang='lat' dir='ltr'><strong>desiisse.</strong></span> <span class='ocrx_word' id='word_1_99' title='bbox 1375 1642 1439 1695; x_wconf 88' lang='lat' dir='ltr'><strong>Et</strong></span> <span class='ocrx_word' id='word_1_100' title='bbox 1469 1645 1625 1696; x_wconf 90' lang='lat' dir='ltr'><strong>initio</strong></span> <span class='ocrx_word' id='word_1_101' title='bbox 1652 1647 1873 1715; x_wconf 88' lang='lat' dir='ltr'><strong>quidem</strong></span> <span class='ocrx_word' id='word_1_102' title='bbox 1904 1650 2231 1704; x_wconf 88' lang='lat' dir='ltr'><strong>credebatur</strong></span> <span class='ocrx_word' id='word_1_103' title='bbox 2266 1651 2389 1707; x_wconf 89' lang='lat' dir='ltr'><strong>ideo</strong></span> 
     </span>
    </p>
   </div>
   <div class='ocr_carea' id='block_1_18' title="bbox 826 1726 2387 1808">
    <p class='ocr_par' dir='ltr' id='par_1_18' title="bbox 826 1726 2387 1808">
     <span class='ocr_line' id='line_1_18' title="bbox 826 1726 2387 1808; baseline 0.013 -33"><span class='ocrx_word' id='word_1_104' title='bbox 826 1726 1189 1790; x_wconf 88' lang='lat' dir='ltr'><strong>obmutuisse,</strong></span> <span class='ocrx_word' id='word_1_105' title='bbox 1237 1730 1382 1798; x_wconf 90' lang='lat' dir='ltr'><strong>quod</strong></span> <span class='ocrx_word' id='word_1_106' title='bbox 1435 1734 1672 1787; x_wconf 89' lang='lat' dir='ltr'><strong>victimis</strong></span> <span class='ocrx_word' id='word_1_107' title='bbox 1716 1747 1769 1789; x_wconf 91' lang='lat' dir='ltr'><strong>et</strong></span> <span class='ocrx_word' id='word_1_108' title='bbox 1817 1739 1969 1792; x_wconf 89' lang='lat' dir='ltr'><strong>cultu</strong></span> <span class='ocrx_word' id='word_1_109' title='bbox 2022 1740 2114 1793; x_wconf 93' lang='lat' dir='ltr'><strong>illo</strong></span> <span class='ocrx_word' id='word_1_110' title='bbox 2152 1750 2387 1808; x_wconf 88' lang='lat' dir='ltr'><strong>careret,</strong></span> 
     </span>
    </p>
   </div>
   <div class='ocr_carea' id='block_1_19' title="bbox 825 1817 2387 1895">
    <p class='ocr_par' dir='ltr' id='par_1_19' title="bbox 825 1817 2387 1895">
     <span class='ocr_line' id='line_1_19' title="bbox 825 1817 2387 1895; baseline 0.01 -30"><span class='ocrx_word' id='word_1_111' title='bbox 825 1829 935 1880; x_wconf 87' lang='lat' dir='ltr'><strong>quo</strong></span> <span class='ocrx_word' id='word_1_112' title='bbox 963 1817 1112 1882; x_wconf 82' lang='lat' dir='ltr'><strong>prius</strong></span> <span class='ocrx_word' id='word_1_113' title='bbox 1145 1818 1561 1876; x_wconf 84' lang='lat' dir='ltr'><strong>observabatur.</strong></span> <span class='ocrx_word' id='word_1_114' title='bbox 1596 1820 1794 1877; x_wconf 85' lang='lat' dir='ltr'><strong>Verum</strong></span> <span class='ocrx_word' id='word_1_115' title='bbox 1826 1840 1891 1879; x_wconf 86' lang='lat' dir='ltr'><strong>ex</strong></span> <span class='ocrx_word' id='word_1_116' title='bbox 1926 1825 1994 1880; x_wconf 90' lang='lat' dir='ltr'><strong>iis</strong></span> <span class='ocrx_word' id='word_1_117' title='bbox 2036 1842 2156 1895; x_wconf 78' lang='lat' dir='ltr'><strong>quae</strong></span> <span class='ocrx_word' id='word_1_118' title='bbox 2199 1837 2387 1883; x_wconf 89' lang='lat' dir='ltr'><strong>secuta</strong></span> 
     </span>
    </p>
   </div>
   <div class='ocr_carea' id='block_1_20' title="bbox 827 1894 2463 1985">
    <p class='ocr_par' dir='ltr' id='par_1_20' title="bbox 827 1894 2463 1985">
     <span class='ocr_line' id='line_1_20' title="bbox 827 1894 2463 1985; baseline 0.012 -28"><span class='ocrx_word' id='word_1_119' title='bbox 827 1913 956 1958; x_wconf 85' lang='lat' dir='ltr'><strong>sunt</strong></span> <span class='ocrx_word' id='word_1_120' title='bbox 976 1910 1248 1977; x_wconf 89' lang='lat' dir='ltr'><strong>apparuit,</strong></span> <span class='ocrx_word' id='word_1_121' title='bbox 1278 1920 1576 1982; x_wconf 90' lang='lat' dir='ltr'><strong>martyrem</strong></span> <span class='ocrx_word' id='word_1_122' title='bbox 1601 1915 1692 1982; x_wconf 90' lang='lat' dir='ltr'><strong>qui</strong></span> <span class='ocrx_word' id='word_1_123' title='bbox 1717 1915 1771 1969; x_wconf 90' lang='lat' dir='ltr'><strong>in</strong></span> <span class='ocrx_word' id='word_1_124' title='bbox 1802 1894 2065 1985; x_wconf 79' lang='lat' dir='ltr'><strong>proximo</strong></span> <span class='ocrx_word' id='word_1_125' title='bbox 2083 1920 2388 1976; x_wconf 91' lang='lat' dir='ltr'><strong>collocatus</strong></span> <span class='ocrx_word' id='word_1_126' title='bbox 2420 1894 2463 1949; x_wconf 75' lang='grc' dir='ltr'><strong>Β</strong></span> 
     </span>
    </p>
   </div>
   <div class='ocr_carea' id='block_1_21' title="bbox 824 1998 2386 2075">
    <p class='ocr_par' dir='ltr' id='par_1_21' title="bbox 824 1998 2386 2075">
     <span class='ocr_line' id='line_1_21' title="bbox 824 1998 2386 2075; baseline 0.01 -26"><span class='ocrx_word' id='word_1_127' title='bbox 824 2004 966 2057; x_wconf 86' lang='lat' dir='ltr'><strong>erat.</strong></span> <span class='ocrx_word' id='word_1_128' title='bbox 990 1998 1277 2056; x_wconf 88' lang='lat' dir='ltr'><strong>obstitisse</strong></span> <span class='ocrx_word' id='word_1_129' title='bbox 1298 2003 1599 2072; x_wconf 88' lang='lat' dir='ltr'><strong>quominus</strong></span> <span class='ocrx_word' id='word_1_130' title='bbox 1636 2021 1902 2075; x_wconf 89' lang='lat' dir='ltr'><strong>responsa</strong></span> <span class='ocrx_word' id='word_1_131' title='bbox 1928 2009 2133 2064; x_wconf 87' lang='lat' dir='ltr'><strong>ederet.</strong></span> <span class='ocrx_word' id='word_1_132' title='bbox 2152 2009 2386 2075; x_wconf 82' lang='lat' dir='ltr'><strong>Etenim,</strong></span> 
     </span>
    </p>
   </div>
   <div class='ocr_carea' id='block_1_22' title="bbox 825 2086 2388 2155">
    <p class='ocr_par' dir='ltr' id='par_1_22' title="bbox 825 2086 2388 2155">
     <span class='ocr_line' id='line_1_22' title="bbox 825 2086 2388 2155; baseline 0.011 -17"><span class='ocrx_word' id='word_1_133' title='bbox 825 2101 949 2139; x_wconf 90' lang='lat' dir='ltr'><strong>cum</strong></span> <span class='ocrx_word' id='word_1_134' title='bbox 981 2086 1234 2147; x_wconf 80' lang='lat' dir='ltr'><strong>Julianus</strong></span> <span class='ocrx_word' id='word_1_135' title='bbox 1281 2095 1468 2148; x_wconf 91' lang='lat' dir='ltr'><strong>orbem</strong></span> <span class='ocrx_word' id='word_1_136' title='bbox 1516 2095 1821 2152; x_wconf 82' lang='lat' dir='ltr'><strong>Romanum</strong></span> <span class='ocrx_word' id='word_1_137' title='bbox 1856 2101 2007 2155; x_wconf 90' lang='lat' dir='ltr'><strong>solus</strong></span> <span class='ocrx_word' id='word_1_138' title='bbox 2036 2102 2388 2155; x_wconf 89' lang='lat' dir='ltr'><strong>administra-</strong></span> 
     </span>
    </p>
   </div>
   <div class='ocr_carea' id='block_1_23' title="bbox 825 2182 2386 2264">
    <p class='ocr_par' dir='ltr' id='par_1_23' title="bbox 825 2182 2386 2264">
     <span class='ocr_line' id='line_1_23' title="bbox 825 2182 2386 2264; baseline 0.012 -34"><span class='ocrx_word' id='word_1_139' title='bbox 825 2186 933 2243; x_wconf 87' lang='lat' dir='ltr'><strong>ret,</strong></span> <span class='ocrx_word' id='word_1_140' title='bbox 954 2183 1208 2249; x_wconf 84' lang='lat' dir='ltr'><strong>quamvis</strong></span> <span class='ocrx_word' id='word_1_141' title='bbox 1236 2182 1530 2240; x_wconf 85' lang='lat' dir='ltr'><strong>libamenta</strong></span> <span class='ocrx_word' id='word_1_142' title='bbox 1561 2195 1615 2241; x_wconf 89' lang='lat' dir='ltr'><strong>et</strong></span> <span class='ocrx_word' id='word_1_143' title='bbox 1644 2189 1805 2245; x_wconf 89' lang='lat' dir='ltr'><strong>nidor</strong></span> <span class='ocrx_word' id='word_1_144' title='bbox 1823 2202 1877 2245; x_wconf 91' lang='lat' dir='ltr'><strong>et</strong></span> <span class='ocrx_word' id='word_1_145' title='bbox 1906 2193 2209 2248; x_wconf 86' lang='lat' dir='ltr'><strong>hostiarum</strong></span> <span class='ocrx_word' id='word_1_146' title='bbox 2232 2196 2386 2264; x_wconf 88' lang='lat' dir='ltr'><strong>copia</strong></span> 
     </span>
    </p>
   </div>
   <div class='ocr_carea' id='block_1_24' title="bbox 824 2266 2385 2344">
    <p class='ocr_par' dir='ltr' id='par_1_24' title="bbox 824 2266 2385 2344">
     <span class='ocr_line' id='line_1_24' title="bbox 824 2266 2385 2344; baseline 0.013 -26"><span class='ocrx_word' id='word_1_147' title='bbox 824 2266 1060 2323; x_wconf 75' lang='lat' dir='ltr'><strong>daemoni</strong></span> <span class='ocrx_word' id='word_1_148' title='bbox 1094 2270 1308 2327; x_wconf 91' lang='lat' dir='ltr'><strong>abunde</strong></span> <span class='ocrx_word' id='word_1_149' title='bbox 1343 2284 1676 2344; x_wconf 88' lang='lat' dir='ltr'><strong>suppeteret,</strong></span> <span class='ocrx_word' id='word_1_150' title='bbox 1713 2278 2071 2337; x_wconf 90' lang='lat' dir='ltr'><strong>nihilominus</strong></span> <span class='ocrx_word' id='word_1_151' title='bbox 2098 2283 2385 2338; x_wconf 90' lang='lat' dir='ltr'><strong>conticuit.</strong></span> 
     </span>
    </p>
   </div>
   <div class='ocr_carea' id='block_1_25' title="bbox 825 2354 2387 2439">
    <p class='ocr_par' dir='ltr' id='par_1_25' title="bbox 825 2354 2387 2439">
     <span class='ocr_line' id='line_1_25' title="bbox 825 2354 2387 2439; baseline 0.012 -31"><span class='ocrx_word' id='word_1_152' title='bbox 825 2354 1179 2430; x_wconf 88' lang='lat' dir='ltr'><strong>Tandemque</strong></span> <span class='ocrx_word' id='word_1_153' title='bbox 1210 2377 1477 2431; x_wconf 89' lang='lat' dir='ltr'><strong>responso</strong></span> <span class='ocrx_word' id='word_1_154' title='bbox 1505 2365 1655 2430; x_wconf 87' lang='lat' dir='ltr'><strong>dato,</strong></span> <span class='ocrx_word' id='word_1_155' title='bbox 1687 2382 1911 2423; x_wconf 83' lang='lat' dir='ltr'><strong>causam</strong></span> <span class='ocrx_word' id='word_1_156' title='bbox 1954 2371 2156 2439; x_wconf 89' lang='lat' dir='ltr'><strong>prioris</strong></span> <span class='ocrx_word' id='word_1_157' title='bbox 2184 2372 2387 2427; x_wconf 89' lang='lat' dir='ltr'><strong>silentii</strong></span> 
     </span>
    </p>
   </div>
   <div class='ocr_carea' id='block_1_26' title="bbox 822 2446 2387 2532">
    <p class='ocr_par' dir='ltr' id='par_1_26' title="bbox 822 2446 2387 2532">
     <span class='ocr_line' id='line_1_26' title="bbox 822 2446 2387 2532; baseline 0.012 -32"><span class='ocrx_word' id='word_1_158' title='bbox 822 2446 1057 2511; x_wconf 86' lang='lat' dir='ltr'><strong>ipsemet</strong></span> <span class='ocrx_word' id='word_1_159' title='bbox 1109 2451 1368 2519; x_wconf 88' lang='lat' dir='ltr'><strong>prodidit.</strong></span> <span class='ocrx_word' id='word_1_160' title='bbox 1398 2452 1532 2507; x_wconf 85' lang='lat' dir='ltr'><strong>Nam</strong></span> <span class='ocrx_word' id='word_1_161' title='bbox 1557 2496 1572 2521; x_wconf 97' lang='lat'><strong>,</strong></span> <span class='ocrx_word' id='word_1_162' title='bbox 1598 2470 1723 2510; x_wconf 88' lang='lat' dir='ltr'><strong>cum</strong></span> <span class='ocrx_word' id='word_1_163' title='bbox 1764 2458 2062 2528; x_wconf 88' lang='lat' dir='ltr'><strong>imperator</strong></span> <span class='ocrx_word' id='word_1_164' title='bbox 2090 2460 2158 2516; x_wconf 91' lang='lat' dir='ltr'><strong>de</strong></span> <span class='ocrx_word' id='word_1_165' title='bbox 2187 2463 2387 2532; x_wconf 87' lang='lat' dir='ltr'><strong>quibus</strong></span> 
     </span>
    </p>
   </div>
   <div class='ocr_carea' id='block_1_27' title="bbox 822 2538 2388 2615">
    <p class='ocr_par' dir='ltr' id='par_1_27' title="bbox 822 2538 2388 2615">
     <span class='ocr_line' id='line_1_27' title="bbox 822 2538 2388 2615; baseline 0.013 -25"><span class='ocrx_word' id='word_1_166' title='bbox 822 2538 927 2607; x_wconf 88' lang='lat' dir='ltr'><strong>ipsi</strong></span> <span class='ocrx_word' id='word_1_167' title='bbox 968 2540 1144 2596; x_wconf 88' lang='lat' dir='ltr'><strong>visum</strong></span> <span class='ocrx_word' id='word_1_168' title='bbox 1190 2551 1308 2596; x_wconf 88' lang='lat' dir='ltr'><strong>erat.</strong></span> <span class='ocrx_word' id='word_1_169' title='bbox 1341 2546 1573 2615; x_wconf 83' lang='lat' dir='ltr'><strong>negotiis</strong></span> <span class='ocrx_word' id='word_1_170' title='bbox 1620 2550 1906 2603; x_wconf 90' lang='lat' dir='ltr'><strong>oraculum</strong></span> <span class='ocrx_word' id='word_1_171' title='bbox 1942 2550 2055 2607; x_wconf 91' lang='lat' dir='ltr'><strong>illic</strong></span> <span class='ocrx_word' id='word_1_172' title='bbox 2097 2554 2388 2610; x_wconf 89' lang='lat' dir='ltr'><strong>consulere</strong></span> 
     </span>
    </p>
   </div>
   <div class='ocr_carea' id='block_1_28' title="bbox 822 2629 2385 2707">
    <p class='ocr_par' dir='ltr' id='par_1_28' title="bbox 822 2629 2385 2707">
     <span class='ocr_line' id='line_1_28' title="bbox 822 2629 2385 2707; baseline 0.012 -26"><span class='ocrx_word' id='word_1_173' title='bbox 822 2629 1183 2694; x_wconf 84' lang='lat' dir='ltr'><strong>decrevisset,</strong></span> <span class='ocrx_word' id='word_1_174' title='bbox 1216 2636 1475 2703; x_wconf 87' lang='lat' dir='ltr'><strong>templum</strong></span> <span class='ocrx_word' id='word_1_175' title='bbox 1514 2636 1815 2707; x_wconf 89' lang='lat' dir='ltr'><strong>ingressus,</strong></span> <span class='ocrx_word' id='word_1_176' title='bbox 1846 2641 2088 2697; x_wconf 83' lang='lat' dir='ltr'><strong>victimis</strong></span> <span class='ocrx_word' id='word_1_177' title='bbox 2115 2659 2177 2697; x_wconf 91' lang='lat' dir='ltr'><strong>ac</strong></span> <span class='ocrx_word' id='word_1_178' title='bbox 2208 2643 2385 2698; x_wconf 87' lang='lat' dir='ltr'><strong>dona-</strong></span> 
     </span>
    </p>
   </div>
   <div class='ocr_carea' id='block_1_29' title="bbox 819 2720 2385 2806">
    <p class='ocr_par' dir='ltr' id='par_1_29' title="bbox 819 2720 2385 2806">
     <span class='ocr_line' id='line_1_29' title="bbox 819 2720 2385 2806; baseline 0.01 -31"><span class='ocrx_word' id='word_1_179' title='bbox 819 2723 919 2777; x_wconf 88' lang='lat' dir='ltr'><strong>riis</strong></span> <span class='ocrx_word' id='word_1_180' title='bbox 955 2720 1254 2794; x_wconf 81' lang='lat' dir='ltr'><strong>magniﬁcis</strong></span> <span class='ocrx_word' id='word_1_181' title='bbox 1285 2726 1586 2782; x_wconf 64' lang='lat' dir='ltr'><strong>dmmonem</strong></span> <span class='ocrx_word' id='word_1_182' title='bbox 1620 2743 1908 2786; x_wconf 84' lang='lat' dir='ltr'><strong>veneratus</strong></span> <span class='ocrx_word' id='word_1_183' title='bbox 1937 2741 2057 2799; x_wconf 88' lang='lat' dir='ltr'><strong>est;</strong></span> <span class='ocrx_word' id='word_1_184' title='bbox 2092 2737 2385 2806; x_wconf 87' lang='lat' dir='ltr'><strong>oravitque</strong></span> 
     </span>
    </p>
   </div>
   <div class='ocr_carea' id='block_1_30' title="bbox 820 2813 2381 2894">
    <p class='ocr_par' dir='ltr' id='par_1_30' title="bbox 820 2813 2381 2894">
     <span class='ocr_line' id='line_1_30' title="bbox 820 2813 2381 2894; baseline 0.011 -30"><span class='ocrx_word' id='word_1_185' title='bbox 820 2819 881 2866; x_wconf 74' lang='lat' dir='ltr'><strong>nt</strong></span> <span class='ocrx_word' id='word_1_186' title='bbox 918 2813 987 2868; x_wconf 91' lang='lat' dir='ltr'><strong>de</strong></span> <span class='ocrx_word' id='word_1_187' title='bbox 1010 2814 1076 2870; x_wconf 89' lang='lat' dir='ltr'><strong>iis</strong></span> <span class='ocrx_word' id='word_1_188' title='bbox 1101 2816 1265 2871; x_wconf 90' lang='lat' dir='ltr'><strong>rebus</strong></span> <span class='ocrx_word' id='word_1_189' title='bbox 1290 2834 1427 2888; x_wconf 91' lang='lat' dir='ltr'><strong>quas</strong></span> <span class='ocrx_word' id='word_1_190' title='bbox 1458 2819 1511 2873; x_wconf 92' lang='lat' dir='ltr'><strong>in</strong></span> <span class='ocrx_word' id='word_1_191' title='bbox 1545 2821 1733 2875; x_wconf 86' lang='lat' dir='ltr'><strong>animo</strong></span> <span class='ocrx_word' id='word_1_192' title='bbox 1765 2822 2019 2889; x_wconf 87' lang='lat' dir='ltr'><strong>habebat,</strong></span> <span class='ocrx_word' id='word_1_193' title='bbox 2055 2841 2381 2894; x_wconf 89' lang='lat' dir='ltr'><strong>responsum</strong></span> 
     </span>
    </p>
   </div>
   <div class='ocr_carea' id='block_1_31' title="bbox 819 2905 2388 2987">
    <p class='ocr_par' dir='ltr' id='par_1_31' title="bbox 819 2905 2388 2987">
     <span class='ocr_line' id='line_1_31' title="bbox 819 2905 2388 2987; baseline 0.01 -31"><span class='ocrx_word' id='word_1_194' title='bbox 819 2905 952 2959; x_wconf 83' lang='lat' dir='ltr'><strong>dare</strong></span> <span class='ocrx_word' id='word_1_195' title='bbox 998 2906 1180 2962; x_wconf 80' lang='lat' dir='ltr'><strong>vellet.</strong></span> <span class='ocrx_word' id='word_1_196' title='bbox 1212 2907 1279 2963; x_wconf 79' lang='lat' dir='ltr'><strong>At</strong></span> <span class='ocrx_word' id='word_1_197' title='bbox 1310 2909 1547 2977; x_wconf 62' lang='lat' dir='ltr'><strong>damon,</strong></span> <span class='ocrx_word' id='word_1_198' title='bbox 1580 2927 1688 2966; x_wconf 90' lang='lat' dir='ltr'><strong>non</strong></span> <span class='ocrx_word' id='word_1_199' title='bbox 1735 2913 1953 2983; x_wconf 87' lang='lat' dir='ltr'><strong>quidem</strong></span> <span class='ocrx_word' id='word_1_200' title='bbox 1989 2925 2176 2985; x_wconf 87' lang='lat' dir='ltr'><strong>aperte</strong></span> <span class='ocrx_word' id='word_1_201' title='bbox 2214 2918 2388 2987; x_wconf 78' lang='lat' dir='ltr'><strong>signi-</strong></span> 
     </span>
    </p>
   </div>
   <div class='ocr_carea' id='block_1_32' title="bbox 818 2998 2382 3078">
    <p class='ocr_par' dir='ltr' id='par_1_32' title="bbox 818 2998 2382 3078">
     <span class='ocr_line' id='line_1_32' title="bbox 818 2998 2382 3078; baseline 0.01 -29"><span class='ocrx_word' id='word_1_202' title='bbox 818 2998 1021 3065; x_wconf 76' lang='lat' dir='ltr'><strong>tiravit,</strong></span> <span class='ocrx_word' id='word_1_203' title='bbox 1055 3001 1281 3054; x_wconf 87' lang='lat' dir='ltr'><strong>oracula</strong></span> <span class='ocrx_word' id='word_1_204' title='bbox 1314 3016 1343 3055; x_wconf 87' lang='lat' dir='ltr'><strong>a</strong></span> <span class='ocrx_word' id='word_1_205' title='bbox 1383 3017 1443 3057; x_wconf 90' lang='lat' dir='ltr'><strong>se</strong></span> <span class='ocrx_word' id='word_1_206' title='bbox 1479 3004 1634 3059; x_wconf 90' lang='lat' dir='ltr'><strong>reddi</strong></span> <span class='ocrx_word' id='word_1_207' title='bbox 1684 3021 1790 3059; x_wconf 90' lang='lat' dir='ltr'><strong>non</strong></span> <span class='ocrx_word' id='word_1_208' title='bbox 1827 3023 1989 3075; x_wconf 90' lang='lat' dir='ltr'><strong>posse</strong></span> <span class='ocrx_word' id='word_1_209' title='bbox 2024 3019 2246 3078; x_wconf 90' lang='lat' dir='ltr'><strong>propter</strong></span> <span class='ocrx_word' id='word_1_210' title='bbox 2278 3012 2382 3064; x_wconf 91' lang='lat' dir='ltr'><strong>Ba-</strong></span> 
     </span>
    </p>
   </div>
   <div class='ocr_carea' id='block_1_33' title="bbox 816 3086 2380 3165">
    <p class='ocr_par' dir='ltr' id='par_1_33' title="bbox 816 3086 2380 3165">
     <span class='ocr_line' id='line_1_33' title="bbox 816 3086 2380 3165; baseline 0.012 -27"><span class='ocrx_word' id='word_1_211' title='bbox 816 3086 998 3157; x_wconf 74' lang='lat' dir='ltr'><strong>bylam</strong></span> <span class='ocrx_word' id='word_1_212' title='bbox 1033 3098 1352 3161; x_wconf 85' lang='lat' dir='ltr'><strong>martyrem,</strong></span> <span class='ocrx_word' id='word_1_213' title='bbox 1385 3092 1545 3163; x_wconf 88' lang='lat' dir='ltr'><strong>cujus</strong></span> <span class='ocrx_word' id='word_1_214' title='bbox 1574 3110 1698 3149; x_wconf 88' lang='lat' dir='ltr'><strong>arca</strong></span> <span class='ocrx_word' id='word_1_215' title='bbox 1726 3097 1779 3150; x_wconf 92' lang='lat' dir='ltr'><strong>in</strong></span> <span class='ocrx_word' id='word_1_216' title='bbox 1812 3098 2062 3165; x_wconf 78' lang='lat' dir='ltr'><strong>proximo</strong></span> <span class='ocrx_word' id='word_1_217' title='bbox 2092 3109 2209 3154; x_wconf 88' lang='lat' dir='ltr'><strong>erat</strong></span> <span class='ocrx_word' id='word_1_218' title='bbox 2242 3117 2255 3153; x_wconf 92' lang='lat'><strong>:</strong></span> <span class='ocrx_word' id='word_1_219' title='bbox 2285 3102 2380 3158; x_wconf 86' lang='lat' dir='ltr'><strong>sed</strong></span> 
     </span>
    </p>
   </div>
   <div class='ocr_carea' id='block_1_34' title="bbox 819 3180 2446 3283">
    <p class='ocr_par' dir='ltr' id='par_1_34' title="bbox 819 3180 2446 3283">
     <span class='ocr_line' id='line_1_34' title="bbox 819 3180 2446 3283; baseline 0.012 -53"><span class='ocrx_word' id='word_1_220' title='bbox 819 3180 999 3232; x_wconf 82' lang='lat' dir='ltr'><strong>locum</strong></span> <span class='ocrx_word' id='word_1_221' title='bbox 1034 3182 1395 3240; x_wconf 89' lang='lat' dir='ltr'><strong>cadaveribus</strong></span> <span class='ocrx_word' id='word_1_222' title='bbox 1432 3186 1693 3243; x_wconf 89' lang='lat' dir='ltr'><strong>refertum</strong></span> <span class='ocrx_word' id='word_1_223' title='bbox 1737 3204 1861 3244; x_wconf 87' lang='lat' dir='ltr'><strong>esse</strong></span> <span class='ocrx_word' id='word_1_224' title='bbox 1889 3190 2048 3254; x_wconf 78' lang='lat' dir='ltr'><strong>dixit,</strong></span> <span class='ocrx_word' id='word_1_225' title='bbox 2078 3191 2244 3260; x_wconf 86' lang='lat' dir='ltr'><strong>idque</strong></span> <span class='ocrx_word' id='word_1_226' title='bbox 2282 3194 2380 3248; x_wconf 88' lang='lat' dir='ltr'><strong>im-</strong></span> <span class='ocrx_word' id='word_1_227' title='bbox 2404 3226 2446 3283; x_wconf 67' lang='grc' dir='ltr'>ο</span> 
     </span>
    </p>
   </div>
   <div class='ocr_carea' id='block_1_35' title="bbox 817 3269 2377 3344">
    <p class='ocr_par' dir='ltr' id='par_1_35' title="bbox 817 3269 2377 3344">
     <span class='ocr_line' id='line_1_35' title="bbox 817 3269 2377 3344; baseline 0.01 -21"><span class='ocrx_word' id='word_1_228' title='bbox 817 3269 1125 3337; x_wconf 84' lang='lat' dir='ltr'><strong>pcdimento</strong></span> <span class='ocrx_word' id='word_1_229' title='bbox 1168 3288 1291 3328; x_wconf 91' lang='lat' dir='ltr'><strong>esse</strong></span> <span class='ocrx_word' id='word_1_230' title='bbox 1335 3280 1629 3344; x_wconf 84' lang='lat' dir='ltr'><strong>quominus</strong></span> <span class='ocrx_word' id='word_1_231' title='bbox 1680 3280 1903 3333; x_wconf 88' lang='lat' dir='ltr'><strong>oracula</strong></span> <span class='ocrx_word' id='word_1_232' title='bbox 1952 3280 2161 3335; x_wconf 86' lang='lat' dir='ltr'><strong>ederet.</strong></span> <span class='ocrx_word' id='word_1_233' title='bbox 2208 3281 2377 3339; x_wconf 79' lang='lat' dir='ltr'><strong>Porro</strong></span> 
     </span>
    </p>
   </div>
   <div class='ocr_carea' id='block_1_36' title="bbox 813 3361 2375 3437">
    <p class='ocr_par' dir='ltr' id='par_1_36' title="bbox 813 3361 2375 3437">
     <span class='ocr_line' id='line_1_36' title="bbox 813 3361 2375 3437; baseline 0.01 -26"><span class='ocrx_word' id='word_1_234' title='bbox 813 3373 940 3412; x_wconf 73' lang='lat' dir='ltr'><strong>cum</strong></span> <span class='ocrx_word' id='word_1_235' title='bbox 973 3361 1143 3415; x_wconf 87' lang='lat' dir='ltr'><strong>multa</strong></span> <span class='ocrx_word' id='word_1_236' title='bbox 1188 3372 1372 3419; x_wconf 79' lang='lat' dir='ltr'><strong>essent</strong></span> <span class='ocrx_word' id='word_1_237' title='bbox 1407 3365 1642 3435; x_wconf 68' lang='lat' dir='ltr'><strong>Daphnaa</strong></span> <span class='ocrx_word' id='word_1_238' title='bbox 1686 3370 1900 3437; x_wconf 89' lang='lat' dir='ltr'><strong>sepulta</strong></span> <span class='ocrx_word' id='word_1_239' title='bbox 1949 3370 2237 3434; x_wconf 87' lang='lat' dir='ltr'><strong>cadavera,</strong></span> <span class='ocrx_word' id='word_1_240' title='bbox 2270 3375 2375 3427; x_wconf 85' lang='lat' dir='ltr'><strong>im-</strong></span> 
     </span>
    </p>
   </div>
   <div class='ocr_carea' id='block_1_37' title="bbox 812 3454 2376 3529">
    <p class='ocr_par' dir='ltr' id='par_1_37' title="bbox 812 3454 2376 3529">
     <span class='ocr_line' id='line_1_37' title="bbox 812 3454 2376 3529; baseline 0.01 -28"><span class='ocrx_word' id='word_1_241' title='bbox 812 3457 1032 3516; x_wconf 79' lang='lat' dir='ltr'><strong>perator</strong></span> <span class='ocrx_word' id='word_1_242' title='bbox 1067 3460 1247 3507; x_wconf 88' lang='lat' dir='ltr'><strong>tamen</strong></span> <span class='ocrx_word' id='word_1_243' title='bbox 1277 3454 1578 3523; x_wconf 84' lang='lat' dir='ltr'><strong>conjiciens</strong></span> <span class='ocrx_word' id='word_1_244' title='bbox 1605 3458 1781 3511; x_wconf 91' lang='lat' dir='ltr'><strong>solum</strong></span> <span class='ocrx_word' id='word_1_245' title='bbox 1816 3468 2107 3529; x_wconf 85' lang='lat' dir='ltr'><strong>martyrem</strong></span> <span class='ocrx_word' id='word_1_246' title='bbox 2136 3464 2376 3517; x_wconf 85' lang='lat' dir='ltr'><strong>oraculis</strong></span> 
     </span>
    </p>
   </div>
   <div class='ocr_carea' id='block_1_38' title="bbox 811 3537 2372 3619">
    <p class='ocr_par' dir='ltr' id='par_1_38' title="bbox 811 3537 2372 3619">
     <span class='ocr_line' id='line_1_38' title="bbox 811 3537 2372 3619; baseline 0.012 -31"><span class='ocrx_word' id='word_1_247' title='bbox 811 3537 1262 3601; x_wconf 87' lang='lat' dir='ltr'><strong>obstare,arcam</strong></span> <span class='ocrx_word' id='word_1_248' title='bbox 1300 3542 1446 3599; x_wconf 91' lang='lat' dir='ltr'><strong>illius</strong></span> <span class='ocrx_word' id='word_1_249' title='bbox 1473 3545 1758 3600; x_wconf 79' lang='lat' dir='ltr'><strong>transferri</strong></span> <span class='ocrx_word' id='word_1_250' title='bbox 1794 3547 1978 3617; x_wconf 85' lang='lat' dir='ltr'><strong>jussit.</strong></span> <span class='ocrx_word' id='word_1_251' title='bbox 2000 3547 2186 3619; x_wconf 87' lang='lat' dir='ltr'><strong>Itaque</strong></span> <span class='ocrx_word' id='word_1_252' title='bbox 2210 3551 2372 3606; x_wconf 82' lang='lat' dir='ltr'><strong>Chri-</strong></span> 
     </span>
    </p>
   </div>
   <div class='ocr_carea' id='block_1_39' title="bbox 813 3628 2371 3709">
    <p class='ocr_par' dir='ltr' id='par_1_39' title="bbox 813 3628 2371 3709">
     <span class='ocr_line' id='line_1_39' title="bbox 813 3628 2371 3709; baseline 0.012 -30"><span class='ocrx_word' id='word_1_253' title='bbox 813 3628 1004 3693; x_wconf 85' lang='lat' dir='ltr'><strong>stiani,</strong></span> <span class='ocrx_word' id='word_1_254' title='bbox 1026 3645 1090 3685; x_wconf 91' lang='lat' dir='ltr'><strong>eo</strong></span> <span class='ocrx_word' id='word_1_255' title='bbox 1112 3632 1526 3695; x_wconf 87' lang='lat' dir='ltr'><strong>convenientes,</strong></span> <span class='ocrx_word' id='word_1_256' title='bbox 1555 3636 1795 3690; x_wconf 86' lang='lat' dir='ltr'><strong>loculum</strong></span> <span class='ocrx_word' id='word_1_257' title='bbox 1824 3639 2080 3709; x_wconf 82' lang='lat' dir='ltr'><strong>martyris</strong></span> <span class='ocrx_word' id='word_1_258' title='bbox 2104 3639 2156 3692; x_wconf 92' lang='lat' dir='ltr'><strong>in</strong></span> <span class='ocrx_word' id='word_1_259' title='bbox 2182 3641 2371 3697; x_wconf 91' lang='lat' dir='ltr'><strong>urbem</strong></span> 
     </span>
    </p>
   </div>
   <div class='ocr_carea' id='block_1_40' title="bbox 808 3718 2375 3792">
    <p class='ocr_par' dir='ltr' id='par_1_40' title="bbox 808 3718 2375 3792">
     <span class='ocr_line' id='line_1_40' title="bbox 808 3718 2375 3792; baseline 0.01 -22"><span class='ocrx_word' id='word_1_260' title='bbox 808 3718 1172 3787; x_wconf 85' lang='lat' dir='ltr'><strong>deportarunt</strong></span> <span class='ocrx_word' id='word_1_261' title='bbox 1207 3736 1302 3790; x_wconf 91' lang='lat' dir='ltr'><strong>per</strong></span> <span class='ocrx_word' id='word_1_262' title='bbox 1344 3724 1710 3792; x_wconf 87' lang='lat' dir='ltr'><strong>quadraginta</strong></span> <span class='ocrx_word' id='word_1_263' title='bbox 1745 3726 1966 3781; x_wconf 90' lang='lat' dir='ltr'><strong>circiter</strong></span> <span class='ocrx_word' id='word_1_264' title='bbox 1996 3731 2169 3783; x_wconf 84' lang='lat' dir='ltr'><strong>stadia</strong></span> <span class='ocrx_word' id='word_1_265' title='bbox 2200 3732 2264 3785; x_wconf 87' lang='lat' dir='ltr'><strong>ad</strong></span> <span class='ocrx_word' id='word_1_266' title='bbox 2297 3732 2375 3785; x_wconf 89' lang='lat' dir='ltr'><strong>lo-</strong></span> 
     </span>
    </p>
   </div>
   <div class='ocr_carea' id='block_1_41' title="bbox 809 3813 2367 3890">
    <p class='ocr_par' dir='ltr' id='par_1_41' title="bbox 809 3813 2367 3890">
     <span class='ocr_line' id='line_1_41' title="bbox 809 3813 2367 3890; baseline 0.011 -32"><span class='ocrx_word' id='word_1_267' title='bbox 809 3824 933 3860; x_wconf 89' lang='lat' dir='ltr'><strong>cum</strong></span> <span class='ocrx_word' id='word_1_268' title='bbox 952 3813 1005 3862; x_wconf 91' lang='lat' dir='ltr'><strong>in</strong></span> <span class='ocrx_word' id='word_1_269' title='bbox 1021 3826 1130 3880; x_wconf 86' lang='lat' dir='ltr'><strong>quo</strong></span> <span class='ocrx_word' id='word_1_270' title='bbox 1154 3827 1297 3865; x_wconf 91' lang='lat' dir='ltr'><strong>nunc</strong></span> <span class='ocrx_word' id='word_1_271' title='bbox 1323 3813 1460 3867; x_wconf 90' lang='lat' dir='ltr'><strong>situs</strong></span> <span class='ocrx_word' id='word_1_272' title='bbox 1479 3822 1583 3879; x_wconf 89' lang='lat' dir='ltr'><strong>est,</strong></span> <span class='ocrx_word' id='word_1_273' title='bbox 1607 3822 1661 3869; x_wconf 92' lang='lat' dir='ltr'><strong>et</strong></span> <span class='ocrx_word' id='word_1_274' title='bbox 1678 3817 1767 3885; x_wconf 90' lang='lat' dir='ltr'><strong>qui</strong></span> <span class='ocrx_word' id='word_1_275' title='bbox 1791 3832 1857 3871; x_wconf 81' lang='lat' dir='ltr'><strong>ex</strong></span> <span class='ocrx_word' id='word_1_276' title='bbox 1886 3819 2031 3874; x_wconf 89' lang='lat' dir='ltr'><strong>illius</strong></span> <span class='ocrx_word' id='word_1_277' title='bbox 2059 3823 2367 3890; x_wconf 85' lang='lat' dir='ltr'><strong>appellatur</strong></span> 
     </span>
    </p>
   </div>
   <div class='ocr_carea' id='block_1_42' title="bbox 811 3901 2372 3974">
    <p class='ocr_par' dir='ltr' id='par_1_42' title="bbox 811 3901 2372 3974">
     <span class='ocr_line' id='line_1_42' title="bbox 811 3901 2372 3974; baseline 0.008 -21"><span class='ocrx_word' id='word_1_278' title='bbox 811 3902 1052 3956; x_wconf 86' lang='lat' dir='ltr'><strong>nomine.</strong></span> <span class='ocrx_word' id='word_1_279' title='bbox 1086 3901 1206 3968; x_wconf 88' lang='lat' dir='ltr'><strong>Quo</strong></span> <span class='ocrx_word' id='word_1_280' title='bbox 1235 3904 1455 3973; x_wconf 92' lang='lat' dir='ltr'><strong>quidem</strong></span> <span class='ocrx_word' id='word_1_281' title='bbox 1485 3915 1725 3974; x_wconf 83' lang='lat' dir='ltr'><strong>tempore</strong></span> <span class='ocrx_word' id='word_1_282' title='bbox 1759 3908 1910 3961; x_wconf 89' lang='lat' dir='ltr'><strong>aiunt</strong></span> <span class='ocrx_word' id='word_1_283' title='bbox 1944 3910 2090 3965; x_wconf 91' lang='lat' dir='ltr'><strong>viros</strong></span> <span class='ocrx_word' id='word_1_284' title='bbox 2120 3911 2282 3965; x_wconf 88' lang='lat' dir='ltr'><strong>simul</strong></span> <span class='ocrx_word' id='word_1_285' title='bbox 2309 3926 2372 3966; x_wconf 87' lang='lat' dir='ltr'><strong>ac</strong></span> 
     </span>
    </p>
   </div>
   <div class='ocr_carea' id='block_1_43' title="bbox 812 3994 2370 4073">
    <p class='ocr_par' dir='ltr' id='par_1_43' title="bbox 812 3994 2370 4073">
     <span class='ocr_line' id='line_1_43' title="bbox 812 3994 2370 4073; baseline 0.009 -30"><span class='ocrx_word' id='word_1_286' title='bbox 812 3994 1085 4059; x_wconf 88' lang='lat' dir='ltr'><strong>mulieres,</strong></span> <span class='ocrx_word' id='word_1_287' title='bbox 1114 3995 1343 4064; x_wconf 86' lang='lat' dir='ltr'><strong>juvenes</strong></span> <span class='ocrx_word' id='word_1_288' title='bbox 1371 4012 1434 4051; x_wconf 88' lang='lat' dir='ltr'><strong>ac</strong></span> <span class='ocrx_word' id='word_1_289' title='bbox 1466 3999 1728 4068; x_wconf 84' lang='lat' dir='ltr'><strong>virgines,</strong></span> <span class='ocrx_word' id='word_1_290' title='bbox 1756 4015 1915 4055; x_wconf 92' lang='lat' dir='ltr'><strong>senes</strong></span> <span class='ocrx_word' id='word_1_291' title='bbox 1948 4016 2011 4055; x_wconf 89' lang='lat' dir='ltr'><strong>ac</strong></span> <span class='ocrx_word' id='word_1_292' title='bbox 2040 4018 2260 4072; x_wconf 87' lang='lat' dir='ltr'><strong>pueros,</strong></span> <span class='ocrx_word' id='word_1_293' title='bbox 2279 4003 2370 4073; x_wconf 91' lang='lat' dir='ltr'><strong>qui</strong></span> 
     </span>
    </p>
   </div>
   <div class='ocr_carea' id='block_1_44' title="bbox 2494 647 4078 726">
    <p class='ocr_par' dir='ltr' id='par_1_44' title="bbox 2494 647 4078 726">
     <span class='ocr_line' id='line_1_44' title="bbox 2494 647 4078 726; baseline -0.006 -17"><span class='ocrx_word' id='word_1_294' title='bbox 2494 657 2647 726; x_wconf 83' lang='grc' dir='ltr'>πρῶς</span> <span class='ocrx_word' id='word_1_295' title='bbox 2683 657 3050 725; x_wconf 76' lang='grc' dir='ltr'><strong>ἐπετρόπευσε</strong></span> <span class='ocrx_word' id='word_1_296' title='bbox 3101 656 3201 725; x_wconf 80' lang='grc' dir='ltr'>τὴν</span> <span class='ocrx_word' id='word_1_297' title='bbox 3240 651 3557 721; x_wconf 80' lang='grc' dir='ltr'><strong>Ἀντιοχέων</strong></span> <span class='ocrx_word' id='word_1_298' title='bbox 3594 647 3942 718; x_wconf 72' lang='grc' dir='ltr'><strong>Ἐκκλησίαν,</strong></span> <span class='ocrx_word' id='word_1_299' title='bbox 3976 649 4078 701; x_wconf 81' lang='grc' dir='ltr'><strong>καί</strong></span> 
     </span>
    </p>
   </div>
   <div class='ocr_carea' id='block_1_45' title="bbox 2494 736 4079 813">
    <p class='ocr_par' dir='ltr' id='par_1_45' title="bbox 2494 736 4079 813">
     <span class='ocr_line' id='line_1_45' title="bbox 2494 736 4079 813; baseline -0.006 -17"><span class='ocrx_word' id='word_1_300' title='bbox 2494 742 2893 813; x_wconf 74' lang='grc' dir='ltr'>ἐμαρτύρησεν.</span> <span class='ocrx_word' id='word_1_301' title='bbox 2934 743 3024 807; x_wconf 83' lang='grc' dir='ltr'><strong>Ἐξ</strong></span> <span class='ocrx_word' id='word_1_302' title='bbox 3069 743 3277 797; x_wconf 76' lang='grc' dir='ltr'>ἐκείνου</span> <span class='ocrx_word' id='word_1_303' title='bbox 3312 740 3369 794; x_wconf 81' lang='grc' dir='ltr'>δὲ</span> <span class='ocrx_word' id='word_1_304' title='bbox 3412 739 3569 805; x_wconf 84' lang='grc' dir='ltr'>λόγος</span> <span class='ocrx_word' id='word_1_305' title='bbox 3626 736 3699 806; x_wconf 82' lang='grc' dir='ltr'><strong>μή</strong></span> <span class='ocrx_word' id='word_1_306' title='bbox 3742 736 4079 807; x_wconf 78' lang='grc' dir='ltr'>χρησμῳδῆ-</span> 
     </span>
    </p>
   </div>
   <div class='ocr_carea' id='block_1_46' title="bbox 2495 830 4077 908">
    <p class='ocr_par' dir='ltr' id='par_1_46' title="bbox 2495 830 4077 908">
     <span class='ocr_line' id='line_1_46' title="bbox 2495 830 4077 908; baseline -0.008 -16"><span class='ocrx_word' id='word_1_307' title='bbox 2495 856 2583 892; x_wconf 88' lang='grc' dir='ltr'><strong>σαι</strong></span> <span class='ocrx_word' id='word_1_308' title='bbox 2624 839 2870 908; x_wconf 83' lang='grc' dir='ltr'><strong>συνήθως</strong></span> <span class='ocrx_word' id='word_1_309' title='bbox 2912 838 2972 891; x_wconf 84' lang='grc' dir='ltr'>τὸ</span> <span class='ocrx_word' id='word_1_310' title='bbox 3013 837 3319 907; x_wconf 84' lang='grc' dir='ltr'>δαιμόνιον·</span> <span class='ocrx_word' id='word_1_311' title='bbox 3361 834 3533 887; x_wconf 70' lang='grc' dir='ltr'>ἐδόκει</span> <span class='ocrx_word' id='word_1_312' title='bbox 3564 832 3619 885; x_wconf 83' lang='grc' dir='ltr'>δὲ</span> <span class='ocrx_word' id='word_1_313' title='bbox 3654 831 3722 884; x_wconf 77' lang='grc' dir='ltr'>τὰ</span> <span class='ocrx_word' id='word_1_314' title='bbox 3752 833 3848 901; x_wconf 76' lang='grc' dir='ltr'>μὲν</span> <span class='ocrx_word' id='word_1_315' title='bbox 3880 830 4077 900; x_wconf 79' lang='grc' dir='ltr'>πρῶτα</span> 
     </span>
    </p>
   </div>
   <div class='ocr_carea' id='block_1_47' title="bbox 2492 915 4077 994">
    <p class='ocr_par' dir='ltr' id='par_1_47' title="bbox 2492 915 4077 994">
     <span class='ocr_line' id='line_1_47' title="bbox 2492 915 4077 994; baseline -0.005 -13"><span class='ocrx_word' id='word_1_316' title='bbox 2492 927 2649 982; x_wconf 81' lang='grc' dir='ltr'>τοῦτο</span> <span class='ocrx_word' id='word_1_317' title='bbox 2672 928 2883 990; x_wconf 83' lang='grc' dir='ltr'><strong>παθεῖν,</strong></span> <span class='ocrx_word' id='word_1_318' title='bbox 2914 927 2989 990; x_wconf 86' lang='grc' dir='ltr'><strong>ὡς</strong></span> <span class='ocrx_word' id='word_1_319' title='bbox 3024 925 3225 979; x_wconf 84' lang='grc' dir='ltr'>θυσιῶν</span> <span class='ocrx_word' id='word_1_320' title='bbox 3265 922 3528 994; x_wconf 83' lang='grc' dir='ltr'>ἀμοιροῢν</span> <span class='ocrx_word' id='word_1_321' title='bbox 3564 923 3656 976; x_wconf 67' lang='grc' dir='ltr'><strong>καὶ</strong></span> <span class='ocrx_word' id='word_1_322' title='bbox 3686 921 3979 990; x_wconf 76' lang='grc' dir='ltr'><strong>θεραπείας</strong></span> <span class='ocrx_word' id='word_1_323' title='bbox 4000 915 4077 989; x_wconf 81' lang='grc' dir='ltr'>ἧς</span> 
     </span>
    </p>
   </div>
   <div class='ocr_carea' id='block_1_48' title="bbox 2493 1014 4075 1094">
    <p class='ocr_par' dir='ltr' id='par_1_48' title="bbox 2493 1014 4075 1094">
     <span class='ocr_line' id='line_1_48' title="bbox 2493 1014 4075 1094; baseline -0.006 -19"><span class='ocrx_word' id='word_1_324' title='bbox 2493 1022 2755 1094; x_wconf 87' lang='grc' dir='ltr'>πρότερον</span> <span class='ocrx_word' id='word_1_325' title='bbox 2792 1021 3016 1091; x_wconf 80' lang='grc' dir='ltr'>ήξίωτο’</span> <span class='ocrx_word' id='word_1_326' title='bbox 3057 1018 3223 1085; x_wconf 72' lang='grc' dir='ltr'>ἔδειξε</span> <span class='ocrx_word' id='word_1_327' title='bbox 3264 1020 3321 1073; x_wconf 84' lang='grc' dir='ltr'>δὲ</span> <span class='ocrx_word' id='word_1_328' title='bbox 3371 1018 3440 1071; x_wconf 81' lang='grc' dir='ltr'>τὰ</span> <span class='ocrx_word' id='word_1_329' title='bbox 3499 1017 3635 1088; x_wconf 87' lang='grc' dir='ltr'>μετὰ</span> <span class='ocrx_word' id='word_1_330' title='bbox 3671 1015 3861 1079; x_wconf 85' lang='grc' dir='ltr'>ταῦτα,</span> <span class='ocrx_word' id='word_1_331' title='bbox 3897 1014 3973 1078; x_wconf 85' lang='grc' dir='ltr'>ὡς</span> <span class='ocrx_word' id='word_1_332' title='bbox 4003 1017 4075 1067; x_wconf 84' lang='grc' dir='ltr'>ὲκ</span> 
     </span>
    </p>
   </div>
   <div class='ocr_carea' id='block_1_49' title="bbox 2491 1109 4076 1187">
    <p class='ocr_par' dir='ltr' id='par_1_49' title="bbox 2491 1109 4076 1187">
     <span class='ocr_line' id='line_1_49' title="bbox 2491 1109 4076 1187; baseline -0.005 -18"><span class='ocrx_word' id='word_1_333' title='bbox 2491 1118 2745 1185; x_wconf 88' lang='grc' dir='ltr'>γειτόνων</span> <span class='ocrx_word' id='word_1_334' title='bbox 2783 1116 3073 1187; x_wconf 88' lang='grc' dir='ltr'>γενόμενος</span> <span class='ocrx_word' id='word_1_335' title='bbox 3119 1118 3148 1169; x_wconf 85' lang='grc' dir='ltr'><strong>ό</strong></span> <span class='ocrx_word' id='word_1_336' title='bbox 3198 1117 3429 1187; x_wconf 75' lang='grc' dir='ltr'>μάρτυς,</span> <span class='ocrx_word' id='word_1_337' title='bbox 3467 1113 3529 1166; x_wconf 79' lang='grc' dir='ltr'>οὐ</span> <span class='ocrx_word' id='word_1_338' title='bbox 3578 1110 3871 1182; x_wconf 81' lang='grc' dir='ltr'><strong>συνεχώρει</strong></span> <span class='ocrx_word' id='word_1_339' title='bbox 3910 1109 4076 1162; x_wconf 82' lang='grc' dir='ltr'>τοῦτο</span> 
     </span>
    </p>
   </div>
   <div class='ocr_carea' id='block_1_50' title="bbox 2492 1201 4073 1287">
    <p class='ocr_par' dir='ltr' id='par_1_50' title="bbox 2492 1201 4073 1287">
     <span class='ocr_line' id='line_1_50' title="bbox 2492 1201 4073 1287; baseline -0.003 -28"><span class='ocrx_word' id='word_1_340' title='bbox 2492 1209 2684 1287; x_wconf 67' lang='grc' dir='ltr'>ποιεῖν,</span> <span class='ocrx_word' id='word_1_341' title='bbox 2740 1208 2851 1261; x_wconf 72' lang='grc' dir='ltr'><strong>Καὶ</strong></span> <span class='ocrx_word' id='word_1_342' title='bbox 2891 1208 3001 1277; x_wconf 84' lang='grc' dir='ltr'>γὰρ</span> <span class='ocrx_word' id='word_1_343' title='bbox 3040 1205 3325 1261; x_wconf 88' lang='grc' dir='ltr'>Ἰουλιανοῦ</span> <span class='ocrx_word' id='word_1_344' title='bbox 3380 1205 3542 1275; x_wconf 84' lang='grc' dir='ltr'>μόνου</span> <span class='ocrx_word' id='word_1_345' title='bbox 3594 1201 3919 1274; x_wconf 82' lang='grc' dir='ltr'><strong>κρατοῦντος</strong></span> <span class='ocrx_word' id='word_1_346' title='bbox 3966 1201 4073 1270; x_wconf 81' lang='grc' dir='ltr'>τῆς</span> 
     </span>
    </p>
   </div>
   <div class='ocr_carea' id='block_1_51' title="bbox 2503 1294 4072 1373">
    <p class='ocr_par' dir='ltr' id='par_1_51' title="bbox 2503 1294 4072 1373">
     <span class='ocr_line' id='line_1_51' title="bbox 2503 1294 4072 1373; baseline -0.006 -18"><span class='ocrx_word' id='word_1_347' title='bbox 2503 1301 2787 1371; x_wconf 88' lang='grc' dir='ltr'>Ῥωμαίων</span> <span class='ocrx_word' id='word_1_348' title='bbox 2834 1302 3193 1373; x_wconf 75' lang='grc' dir='ltr'>οἰκουμένης,</span> <span class='ocrx_word' id='word_1_349' title='bbox 3246 1299 3487 1354; x_wconf 82' lang='grc' dir='ltr'>σπονδῶν</span> <span class='ocrx_word' id='word_1_350' title='bbox 3543 1299 3638 1352; x_wconf 74' lang='grc' dir='ltr'>καὶ</span> <span class='ocrx_word' id='word_1_351' title='bbox 3699 1298 3919 1365; x_wconf 82' lang='grc' dir='ltr'>κνίσσης</span> <span class='ocrx_word' id='word_1_352' title='bbox 3971 1294 4072 1347; x_wconf 77' lang='grc' dir='ltr'>καὶ</span> 
     </span>
    </p>
   </div>
   <div class='ocr_carea' id='block_1_52' title="bbox 2491 1385 4073 1465">
    <p class='ocr_par' dir='ltr' id='par_1_52' title="bbox 2491 1385 4073 1465">
     <span class='ocr_line' id='line_1_52' title="bbox 2491 1385 4073 1465; baseline -0.006 -19"><span class='ocrx_word' id='word_1_353' title='bbox 2491 1393 2750 1462; x_wconf 83' lang='grc' dir='ltr'>ἀφθονίας</span> <span class='ocrx_word' id='word_1_354' title='bbox 2773 1393 3027 1464; x_wconf 79' lang='grc' dir='ltr'>θυμάτων</span> <span class='ocrx_word' id='word_1_355' title='bbox 3061 1393 3307 1465; x_wconf 84' lang='grc' dir='ltr'>μετέχον,</span> <span class='ocrx_word' id='word_1_356' title='bbox 3346 1390 3499 1444; x_wconf 83' lang='grc' dir='ltr'>οὐδὲν</span> <span class='ocrx_word' id='word_1_357' title='bbox 3523 1385 3682 1461; x_wconf 81' lang='grc' dir='ltr'>ἦττον</span> <span class='ocrx_word' id='word_1_358' title='bbox 3707 1388 3935 1457; x_wconf 73' lang='grc' dir='ltr'><strong>ήρέμει⁸</strong></span> <span class='ocrx_word' id='word_1_359' title='bbox 3970 1385 4073 1437; x_wconf 76' lang='grc' dir='ltr'>καὶ</span> 
     </span>
    </p>
   </div>
   <div class='ocr_carea' id='block_1_53' title="bbox 2489 1482 4071 1561">
    <p class='ocr_par' dir='ltr' id='par_1_53' title="bbox 2489 1482 4071 1561">
     <span class='ocr_line' id='line_1_53' title="bbox 2489 1482 4071 1561; baseline -0.006 -19"><span class='ocrx_word' id='word_1_360' title='bbox 2489 1489 2551 1543; x_wconf 85' lang='grc' dir='ltr'>τὸ</span> <span class='ocrx_word' id='word_1_361' title='bbox 2578 1488 2882 1542; x_wconf 83' lang='grc' dir='ltr'>τελευταῖον</span> <span class='ocrx_word' id='word_1_362' title='bbox 2904 1490 3128 1561; x_wconf 87' lang='grc' dir='ltr'>χρήσας,</span> <span class='ocrx_word' id='word_1_363' title='bbox 3151 1487 3341 1559; x_wconf 81' lang='grc' dir='ltr'>ήλεγξε</span> <span class='ocrx_word' id='word_1_364' title='bbox 3370 1486 3463 1540; x_wconf 77' lang='grc' dir='ltr'>καὶ</span> <span class='ocrx_word' id='word_1_365' title='bbox 3490 1484 3653 1546; x_wconf 74' lang='grc' dir='ltr'>αὐτὸς</span> <span class='ocrx_word' id='word_1_366' title='bbox 3677 1483 3776 1552; x_wconf 81' lang='grc' dir='ltr'>τῆς</span> <span class='ocrx_word' id='word_1_367' title='bbox 3801 1482 4071 1552; x_wconf 82' lang='grc' dir='ltr'>προτέρας</span> 
     </span>
    </p>
   </div>
   <div class='ocr_carea' id='block_1_54' title="bbox 2493 1576 4072 1655">
    <p class='ocr_par' dir='ltr' id='par_1_54' title="bbox 2493 1576 4072 1655">
     <span class='ocr_line' id='line_1_54' title="bbox 2493 1576 4072 1655; baseline -0.006 -19"><span class='ocrx_word' id='word_1_368' title='bbox 2493 1585 2701 1655; x_wconf 84' lang='grc' dir='ltr'>σιωπῆς</span> <span class='ocrx_word' id='word_1_369' title='bbox 2723 1584 2821 1655; x_wconf 81' lang='grc' dir='ltr'><strong>τὴν</strong></span> <span class='ocrx_word' id='word_1_370' title='bbox 2850 1585 3050 1638; x_wconf 79' lang='grc' dir='ltr'>αἰτίαν.</span> <span class='ocrx_word' id='word_1_371' title='bbox 3090 1582 3305 1654; x_wconf 78' lang='grc' dir='ltr'><strong>Ἐπειδὴ</strong></span> <span class='ocrx_word' id='word_1_372' title='bbox 3339 1582 3447 1651; x_wconf 82' lang='grc' dir='ltr'>γὰρ</span> <span class='ocrx_word' id='word_1_373' title='bbox 3471 1578 3823 1632; x_wconf 78' lang='grc' dir='ltr'>ἐϐεϐούλευτο</span> <span class='ocrx_word' id='word_1_374' title='bbox 3852 1578 3879 1628; x_wconf 90' lang='grc' dir='ltr'><strong>ό</strong></span> <span class='ocrx_word' id='word_1_375' title='bbox 3911 1576 4072 1646; x_wconf 82' lang='grc' dir='ltr'>βασι-</span> 
     </span>
    </p>
   </div>
   <div class='ocr_carea' id='block_1_55' title="bbox 2490 1660 4071 1745">
    <p class='ocr_par' dir='ltr' id='par_1_55' title="bbox 2490 1660 4071 1745">
     <span class='ocr_line' id='line_1_55' title="bbox 2490 1660 4071 1745; baseline -0.006 -18"><span class='ocrx_word' id='word_1_376' title='bbox 2490 1674 2612 1737; x_wconf 84' lang='grc' dir='ltr'>λεὺς</span> <span class='ocrx_word' id='word_1_377' title='bbox 2642 1674 2770 1745; x_wconf 78' lang='grc' dir='ltr'>περὶ</span> <span class='ocrx_word' id='word_1_378' title='bbox 2795 1668 2871 1729; x_wconf 82' lang='grc' dir='ltr'>ὧν</span> <span class='ocrx_word' id='word_1_379' title='bbox 2916 1676 2964 1727; x_wconf 77' lang='grc' dir='ltr'>οἱ</span> <span class='ocrx_word' id='word_1_380' title='bbox 3003 1673 3175 1727; x_wconf 76' lang='grc' dir='ltr'>ἐδόκει</span> <span class='ocrx_word' id='word_1_381' title='bbox 3215 1672 3546 1744; x_wconf 78' lang='grc' dir='ltr'>πειραθῆναι</span> <span class='ocrx_word' id='word_1_382' title='bbox 3595 1669 3687 1722; x_wconf 82' lang='grc' dir='ltr'><strong>τοῦ</strong></span> <span class='ocrx_word' id='word_1_383' title='bbox 3717 1660 3899 1721; x_wconf 74' lang='grc' dir='ltr'>ἐνθάδε</span> <span class='ocrx_word' id='word_1_384' title='bbox 3933 1684 4071 1737; x_wconf 81' lang='grc' dir='ltr'>μαν-</span> 
     </span>
    </p>
   </div>
   <div class='ocr_carea' id='block_1_56' title="bbox 2490 1758 4071 1835">
    <p class='ocr_par' dir='ltr' id='par_1_56' title="bbox 2490 1758 4071 1835">
     <span class='ocr_line' id='line_1_56' title="bbox 2490 1758 4071 1835; baseline -0.004 -19"><span class='ocrx_word' id='word_1_385' title='bbox 2490 1764 2655 1830; x_wconf 85' lang='grc' dir='ltr'>τείου,</span> <span class='ocrx_word' id='word_1_386' title='bbox 2690 1764 3131 1835; x_wconf 87' lang='grc' dir='ltr'>παραγενόμενος</span> <span class='ocrx_word' id='word_1_387' title='bbox 3176 1764 3256 1826; x_wconf 80' lang='grc' dir='ltr'><strong>εἰς</strong></span> <span class='ocrx_word' id='word_1_388' title='bbox 3292 1762 3352 1815; x_wconf 88' lang='grc' dir='ltr'>τὸ</span> <span class='ocrx_word' id='word_1_389' title='bbox 3398 1760 3564 1832; x_wconf 79' lang='grc' dir='ltr'>ἱερὸν,</span> <span class='ocrx_word' id='word_1_390' title='bbox 3609 1758 3916 1829; x_wconf 81' lang='grc' dir='ltr'>ἀναθήμασι</span> <span class='ocrx_word' id='word_1_391' title='bbox 3969 1758 4071 1810; x_wconf 76' lang='grc' dir='ltr'>καὶ</span> 
     </span>
    </p>
   </div>
   <div class='ocr_carea' id='block_1_57' title="bbox 2491 1854 4069 1930">
    <p class='ocr_par' dir='ltr' id='par_1_57' title="bbox 2491 1854 4069 1930">
     <span class='ocr_line' id='line_1_57' title="bbox 2491 1854 4069 1930; baseline -0.007 -15"><span class='ocrx_word' id='word_1_392' title='bbox 2491 1862 2699 1924; x_wconf 78' lang='grc' dir='ltr'>θυσίαις</span> <span class='ocrx_word' id='word_1_393' title='bbox 2742 1860 3034 1930; x_wconf 81' lang='grc' dir='ltr'>φιλοτίμως</span> <span class='ocrx_word' id='word_1_394' title='bbox 3090 1860 3252 1929; x_wconf 79' lang='grc' dir='ltr'>ἐτίμα</span> <span class='ocrx_word' id='word_1_395' title='bbox 3298 1858 3358 1911; x_wconf 86' lang='grc' dir='ltr'>τὸ</span> <span class='ocrx_word' id='word_1_396' title='bbox 3402 1857 3699 1928; x_wconf 89' lang='grc' dir='ltr'>δαιμόνιον,</span> <span class='ocrx_word' id='word_1_397' title='bbox 3749 1856 3843 1908; x_wconf 73' lang='lat' dir='ltr'><strong>xal.</strong></span> <span class='ocrx_word' id='word_1_398' title='bbox 3898 1854 4069 1906; x_wconf 77' lang='grc' dir='ltr'>ἐδεῖτο</span> 
     </span>
    </p>
   </div>
   <div class='ocr_carea' id='block_1_58' title="bbox 2490 1944 4070 2026">
    <p class='ocr_par' dir='ltr' id='par_1_58' title="bbox 2490 1944 4070 2026">
     <span class='ocr_line' id='line_1_58' title="bbox 2490 1944 4070 2026; baseline -0.008 -19"><span class='ocrx_word' id='word_1_399' title='bbox 2490 1954 2616 2026; x_wconf 77' lang='grc' dir='ltr'>περὶ</span> <span class='ocrx_word' id='word_1_400' title='bbox 2656 1948 2729 2009; x_wconf 83' lang='grc' dir='ltr'>ὧν</span> <span class='ocrx_word' id='word_1_401' title='bbox 2775 1950 3066 2016; x_wconf 81' lang='grc' dir='ltr'><strong>ἐσπούδαζε</strong></span> <span class='ocrx_word' id='word_1_402' title='bbox 3116 1951 3191 2021; x_wconf 80' lang='grc' dir='ltr'><strong>μή</strong></span> <span class='ocrx_word' id='word_1_403' title='bbox 3247 1950 3488 2020; x_wconf 87' lang='grc' dir='ltr'>ἀμελεῖν.</span> <span class='ocrx_word' id='word_1_404' title='bbox 3526 1949 3587 2002; x_wconf 85' lang='grc' dir='ltr'>Ὀ</span> <span class='ocrx_word' id='word_1_405' title='bbox 3631 1948 3707 2013; x_wconf 83' lang='grc' dir='ltr'>δὲ,</span> <span class='ocrx_word' id='word_1_406' title='bbox 3752 1944 4070 2015; x_wconf 80' lang='grc' dir='ltr'>περιφανῶς</span> 
     </span>
    </p>
   </div>
   <div class='ocr_carea' id='block_1_59' title="bbox 2492 2040 4071 2121">
    <p class='ocr_par' dir='ltr' id='par_1_59' title="bbox 2492 2040 4071 2121">
     <span class='ocr_line' id='line_1_59' title="bbox 2492 2040 4071 2121; baseline -0.007 -18"><span class='ocrx_word' id='word_1_407' title='bbox 2492 2050 2589 2121; x_wconf 80' lang='grc' dir='ltr'>μὲν</span> <span class='ocrx_word' id='word_1_408' title='bbox 2628 2050 2723 2102; x_wconf 69' lang='grc' dir='ltr'><strong>ὡδὶ</strong></span> <span class='ocrx_word' id='word_1_409' title='bbox 2765 2049 2862 2101; x_wconf 72' lang='grc' dir='ltr'>οὐκ</span> <span class='ocrx_word' id='word_1_410' title='bbox 2897 2048 3132 2118; x_wconf 78' lang='grc' dir='ltr'>ἐδήλωσε</span> <span class='ocrx_word' id='word_1_411' title='bbox 3176 2045 3251 2116; x_wconf 78' lang='grc' dir='ltr'>μὴ</span> <span class='ocrx_word' id='word_1_412' title='bbox 3299 2043 3557 2097; x_wconf 85' lang='grc' dir='ltr'>δύνασθαι</span> <span class='ocrx_word' id='word_1_413' title='bbox 3595 2043 3938 2115; x_wconf 79' lang='grc' dir='ltr'>χρησμῳδεῖν</span> <span class='ocrx_word' id='word_1_414' title='bbox 3978 2040 4071 2093; x_wconf 67' lang='grc' dir='ltr'><strong>διὰ</strong></span> 
     </span>
    </p>
   </div>
   <div class='ocr_carea' id='block_1_60' title="bbox 2489 2130 4069 2207">
    <p class='ocr_par' dir='ltr' id='par_1_60' title="bbox 2489 2130 4069 2207">
     <span class='ocr_line' id='line_1_60' title="bbox 2489 2130 4069 2207; baseline -0.006 -17"><span class='ocrx_word' id='word_1_415' title='bbox 2489 2136 2734 2192; x_wconf 80' lang='grc' dir='ltr'>Βαϐύλαν</span> <span class='ocrx_word' id='word_1_416' title='bbox 2759 2138 2848 2190; x_wconf 86' lang='grc' dir='ltr'><strong>τὸν</strong></span> <span class='ocrx_word' id='word_1_417' title='bbox 2885 2137 3134 2207; x_wconf 82' lang='grc' dir='ltr'>μάρτυρα</span> <span class='ocrx_word' id='word_1_418' title='bbox 3163 2133 3481 2204; x_wconf 83' lang='grc' dir='ltr'>γειτνιῶντα</span> <span class='ocrx_word' id='word_1_419' title='bbox 3527 2136 3594 2204; x_wconf 81' lang='grc' dir='ltr'>τῇ</span> <span class='ocrx_word' id='word_1_420' title='bbox 3645 2132 3813 2202; x_wconf 76' lang='grc' dir='ltr'>θήκῃ·</span> <span class='ocrx_word' id='word_1_421' title='bbox 3860 2130 4069 2201; x_wconf 84' lang='grc' dir='ltr'>νεκρῶν</span> 
     </span>
    </p>
   </div>
   <div class='ocr_carea' id='block_1_61' title="bbox 2486 2224 4069 2302">
    <p class='ocr_par' dir='ltr' id='par_1_61' title="bbox 2486 2224 4069 2302">
     <span class='ocr_line' id='line_1_61' title="bbox 2486 2224 4069 2302; baseline -0.006 -16"><span class='ocrx_word' id='word_1_422' title='bbox 2486 2232 2564 2295; x_wconf 87' lang='grc' dir='ltr'>δὲ,</span> <span class='ocrx_word' id='word_1_423' title='bbox 2590 2233 2716 2302; x_wconf 85' lang='grc' dir='ltr'>ἔφη,</span> <span class='ocrx_word' id='word_1_424' title='bbox 2762 2231 3040 2286; x_wconf 81' lang='grc' dir='ltr'>ἁνάπλεών</span> <span class='ocrx_word' id='word_1_425' title='bbox 3082 2232 3196 2283; x_wconf 78' lang='grc' dir='ltr'>ἔστι</span> <span class='ocrx_word' id='word_1_426' title='bbox 3241 2230 3303 2283; x_wconf 85' lang='grc' dir='ltr'>τὸ</span> <span class='ocrx_word' id='word_1_427' title='bbox 3349 2228 3567 2299; x_wconf 88' lang='grc' dir='ltr'>χωρίον,</span> <span class='ocrx_word' id='word_1_428' title='bbox 3593 2228 3685 2281; x_wconf 73' lang='grc' dir='ltr'>καὶ</span> <span class='ocrx_word' id='word_1_429' title='bbox 3728 2226 3868 2279; x_wconf 80' lang='grc' dir='ltr'>κατὰ</span> <span class='ocrx_word' id='word_1_430' title='bbox 3904 2224 4069 2277; x_wconf 80' lang='grc' dir='ltr'>τοῦτο</span> 
     </span>
    </p>
   </div>
   <div class='ocr_carea' id='block_1_62' title="bbox 2486 2317 4069 2395">
    <p class='ocr_par' dir='ltr' id='par_1_62' title="bbox 2486 2317 4069 2395">
     <span class='ocr_line' id='line_1_62' title="bbox 2486 2317 4069 2395; baseline -0.006 -17"><span class='ocrx_word' id='word_1_431' title='bbox 2486 2325 2789 2378; x_wconf 77' lang='grc' dir='ltr'>κωλύεσθαι</span> <span class='ocrx_word' id='word_1_432' title='bbox 2820 2324 3062 2395; x_wconf 80' lang='grc' dir='ltr'>προϊέναι</span> <span class='ocrx_word' id='word_1_433' title='bbox 3102 2323 3228 2386; x_wconf 79' lang='grc' dir='ltr'>τοὺς</span> <span class='ocrx_word' id='word_1_434' title='bbox 3266 2320 3567 2393; x_wconf 88' lang='grc' dir='ltr'>χρησμούς.</span> <span class='ocrx_word' id='word_1_435' title='bbox 3611 2319 3828 2373; x_wconf 81' lang='grc' dir='ltr'>Πολλῶν</span> <span class='ocrx_word' id='word_1_436' title='bbox 3868 2318 3923 2370; x_wconf 88' lang='grc' dir='ltr'>δὲ</span> <span class='ocrx_word' id='word_1_437' title='bbox 3970 2317 4069 2370; x_wconf 77' lang='grc' dir='ltr'>καὶ</span> 
     </span>
    </p>
   </div>
   <div class='ocr_carea' id='block_1_63' title="bbox 2486 2407 4068 2486">
    <p class='ocr_par' dir='ltr' id='par_1_63' title="bbox 2486 2407 4068 2486">
     <span class='ocr_line' id='line_1_63' title="bbox 2486 2407 4068 2486; baseline -0.006 -17"><span class='ocrx_word' id='word_1_438' title='bbox 2486 2415 2658 2470; x_wconf 82' lang='grc' dir='ltr'>ἄλλων</span> <span class='ocrx_word' id='word_1_439' title='bbox 2692 2416 2953 2486; x_wconf 80' lang='grc' dir='ltr'>κειμένων</span> <span class='ocrx_word' id='word_1_440' title='bbox 2991 2416 3047 2466; x_wconf 78' lang='grc' dir='ltr'>ἐν</span> <span class='ocrx_word' id='word_1_441' title='bbox 3078 2413 3262 2483; x_wconf 78' lang='grc' dir='ltr'>Δάφνῃ</span> <span class='ocrx_word' id='word_1_442' title='bbox 3290 2411 3519 2483; x_wconf 83' lang='grc' dir='ltr'>νεκρῶν,</span> <span class='ocrx_word' id='word_1_443' title='bbox 3544 2407 3831 2480; x_wconf 87' lang='grc' dir='ltr'>συμϐαλὼν</span> <span class='ocrx_word' id='word_1_444' title='bbox 3855 2408 3884 2459; x_wconf 90' lang='grc' dir='ltr'><strong>ό</strong></span> <span class='ocrx_word' id='word_1_445' title='bbox 3907 2407 4068 2475; x_wconf 83' lang='grc' dir='ltr'>βασι·-</span> 
     </span>
    </p>
   </div>
   <div class='ocr_carea' id='block_1_64' title="bbox 2486 2503 4064 2583">
    <p class='ocr_par' dir='ltr' id='par_1_64' title="bbox 2486 2503 4064 2583">
     <span class='ocr_line' id='line_1_64' title="bbox 2486 2503 4064 2583; baseline -0.007 -17"><span class='ocrx_word' id='word_1_446' title='bbox 2486 2514 2610 2577; x_wconf 85' lang='grc' dir='ltr'>λεὺς</span> <span class='ocrx_word' id='word_1_447' title='bbox 2640 2513 2730 2567; x_wconf 72' lang='grc' dir='ltr'>τὸν</span> <span class='ocrx_word' id='word_1_448' title='bbox 2760 2514 3013 2583; x_wconf 82' lang='grc' dir='ltr'>μάρτυρα</span> <span class='ocrx_word' id='word_1_449' title='bbox 3043 2509 3201 2580; x_wconf 89' lang='grc' dir='ltr'>μόνον</span> <span class='ocrx_word' id='word_1_450' title='bbox 3229 2506 3479 2577; x_wconf 74' lang='grc' dir='ltr'>ἐμποδὼν</span> <span class='ocrx_word' id='word_1_451' title='bbox 3508 2503 3751 2574; x_wconf 86' lang='grc' dir='ltr'>γίνεσθαι</span> <span class='ocrx_word' id='word_1_452' title='bbox 3783 2505 3893 2566; x_wconf 82' lang='grc' dir='ltr'>τοῖς</span> <span class='ocrx_word' id='word_1_453' title='bbox 3922 2518 4064 2573; x_wconf 77' lang='grc' dir='ltr'>χρηο</span> 
     </span>
    </p>
   </div>
   <div class='ocr_carea' id='block_1_65' title="bbox 2488 2597 4066 2676">
    <p class='ocr_par' dir='ltr' id='par_1_65' title="bbox 2488 2597 4066 2676">
     <span class='ocr_line' id='line_1_65' title="bbox 2488 2597 4066 2676; baseline -0.006 -19"><span class='ocrx_word' id='word_1_454' title='bbox 2488 2609 2663 2674; x_wconf 80' lang='grc' dir='ltr'>σμοῖς,</span> <span class='ocrx_word' id='word_1_455' title='bbox 2697 2603 2995 2676; x_wconf 79' lang='grc' dir='ltr'>προσέταξε</span> <span class='ocrx_word' id='word_1_456' title='bbox 3056 2600 3475 2671; x_wconf 83' lang='grc' dir='ltr'>μετακινηθῆναι</span> <span class='ocrx_word' id='word_1_457' title='bbox 3524 2598 3624 2669; x_wconf 78' lang='grc' dir='ltr'>τὴν</span> <span class='ocrx_word' id='word_1_458' title='bbox 3679 2597 3873 2668; x_wconf 84' lang='grc' dir='ltr'>θήκην.</span> <span class='ocrx_word' id='word_1_459' title='bbox 3928 2598 4066 2648; x_wconf 68' lang='lat' dir='ltr'><strong>Euv-</strong></span> 
     </span>
    </p>
   </div>
   <div class='ocr_carea' id='block_1_66' title="bbox 2485 2689 4066 2767">
    <p class='ocr_par' dir='ltr' id='par_1_66' title="bbox 2485 2689 4066 2767">
     <span class='ocr_line' id='line_1_66' title="bbox 2485 2689 4066 2767; baseline -0.007 -17"><span class='ocrx_word' id='word_1_460' title='bbox 2485 2698 2728 2759; x_wconf 84' lang='grc' dir='ltr'>ελθόντες</span> <span class='ocrx_word' id='word_1_461' title='bbox 2778 2698 2825 2748; x_wconf 78' lang='lat' dir='ltr'><strong>ot</strong></span> <span class='ocrx_word' id='word_1_462' title='bbox 2876 2696 3190 2767; x_wconf 79' lang='grc' dir='ltr'>Χριστιανοὶ</span> <span class='ocrx_word' id='word_1_463' title='bbox 3238 2692 3369 2762; x_wconf 72' lang='grc'><strong>(29),</strong></span> <span class='ocrx_word' id='word_1_464' title='bbox 3419 2691 3677 2760; x_wconf 80' lang='grc' dir='ltr'>ετλκησαν</span> <span class='ocrx_word' id='word_1_465' title='bbox 3733 2689 3831 2759; x_wconf 83' lang='grc' dir='ltr'>τὴν</span> <span class='ocrx_word' id='word_1_466' title='bbox 3886 2689 4066 2758; x_wconf 79' lang='grc' dir='ltr'>θήκην</span> 
     </span>
    </p>
   </div>
   <div class='ocr_carea' id='block_1_67' title="bbox 2484 2776 4064 2858">
    <p class='ocr_par' dir='ltr' id='par_1_67' title="bbox 2484 2776 4064 2858">
     <span class='ocr_line' id='line_1_67' title="bbox 2484 2776 4064 2858; baseline -0.003 -19"><span class='ocrx_word' id='word_1_467' title='bbox 2484 2789 2577 2840; x_wconf 77' lang='grc' dir='ltr'><strong>ἐπὶ</strong></span> <span class='ocrx_word' id='word_1_468' title='bbox 2616 2786 2713 2858; x_wconf 85' lang='grc' dir='ltr'>τὴν</span> <span class='ocrx_word' id='word_1_469' title='bbox 2746 2786 2899 2839; x_wconf 89' lang='grc' dir='ltr'>πόλιν</span> <span class='ocrx_word' id='word_1_470' title='bbox 2943 2784 3075 2837; x_wconf 78' lang='grc' dir='ltr'>ὡσεὶ</span> <span class='ocrx_word' id='word_1_471' title='bbox 3113 2783 3300 2836; x_wconf 80' lang='grc' dir='ltr'>στάδια</span> <span class='ocrx_word' id='word_1_472' title='bbox 3332 2783 3765 2853; x_wconf 84' lang='grc' dir='ltr'>τεσσαράκοντα,</span> <span class='ocrx_word' id='word_1_473' title='bbox 3800 2776 3860 2836; x_wconf 73' lang='grc' dir='ltr'><strong>οὗ</strong></span> <span class='ocrx_word' id='word_1_474' title='bbox 3905 2781 4003 2834; x_wconf 76' lang='grc' dir='ltr'>νῦν</span> <span class='ocrx_word' id='word_1_475' title='bbox 4031 2784 4064 2835; x_wconf 69' lang='grc' dir='ltr'><strong>ό</strong></span> 
     </span>
    </p>
   </div>
   <div class='ocr_carea' id='block_1_68' title="bbox 2487 2878 4064 2955">
    <p class='ocr_par' dir='ltr' id='par_1_68' title="bbox 2487 2878 4064 2955">
     <span class='ocr_line' id='line_1_68' title="bbox 2487 2878 4064 2955; baseline -0.004 -17"><span class='ocrx_word' id='word_1_476' title='bbox 2487 2885 2694 2955; x_wconf 86' lang='grc' dir='ltr'>μάρτυς</span> <span class='ocrx_word' id='word_1_477' title='bbox 2720 2885 2917 2946; x_wconf 85' lang='grc' dir='ltr'>κεῖται,</span> <span class='ocrx_word' id='word_1_478' title='bbox 2947 2880 3191 2944; x_wconf 89' lang='grc' dir='ltr'>δεδωκὼς</span> <span class='ocrx_word' id='word_1_479' title='bbox 3226 2880 3319 2934; x_wconf 79' lang='grc' dir='ltr'><strong>ἀπ’</strong></span> <span class='ocrx_word' id='word_1_480' title='bbox 3352 2879 3518 2933; x_wconf 84' lang='grc' dir='ltr'>αὐτοῦ</span> <span class='ocrx_word' id='word_1_481' title='bbox 3552 2879 3651 2950; x_wconf 83' lang='grc' dir='ltr'>τὴν</span> <span class='ocrx_word' id='word_1_482' title='bbox 3686 2878 4064 2950; x_wconf 77' lang='grc' dir='ltr'>προσηγορίαν</span> 
     </span>
    </p>
   </div>
   <div class='ocr_carea' id='block_1_69' title="bbox 2481 2974 4061 3051">
    <p class='ocr_par' dir='ltr' id='par_1_69' title="bbox 2481 2974 4061 3051">
     <span class='ocr_line' id='line_1_69' title="bbox 2481 2974 4061 3051; baseline -0.006 -17"><span class='ocrx_word' id='word_1_483' title='bbox 2481 2981 2559 3051; x_wconf 81' lang='grc' dir='ltr'><strong>τῷ</strong></span> <span class='ocrx_word' id='word_1_484' title='bbox 2592 2981 2753 3051; x_wconf 85' lang='grc' dir='ltr'>τόπῳ.</span> <span class='ocrx_word' id='word_1_485' title='bbox 2793 2978 2932 3033; x_wconf 73' lang='grc' dir='ltr'>Φασὶ</span> <span class='ocrx_word' id='word_1_486' title='bbox 2975 2978 3035 3032; x_wconf 80' lang='grc' dir='ltr'>δὲ</span> <span class='ocrx_word' id='word_1_487' title='bbox 3086 2977 3208 3031; x_wconf 84' lang='grc' dir='ltr'>τότε</span> <span class='ocrx_word' id='word_1_488' title='bbox 3256 2975 3455 3047; x_wconf 80' lang='grc' dir='ltr'>ἄνδρας</span> <span class='ocrx_word' id='word_1_489' title='bbox 3501 2975 3596 3028; x_wconf 77' lang='grc' dir='ltr'>καὶ</span> <span class='ocrx_word' id='word_1_490' title='bbox 3630 2978 3913 3043; x_wconf 79' lang='grc' dir='ltr'>γυναῖκας,</span> <span class='ocrx_word' id='word_1_491' title='bbox 3962 2974 4061 3026; x_wconf 73' lang='grc' dir='ltr'>καὶ</span> 
     </span>
    </p>
   </div>
   <div class='ocr_carea' id='block_1_70' title="bbox 2483 3064 4061 3141">
    <p class='ocr_par' dir='ltr' id='par_1_70' title="bbox 2483 3064 4061 3141">
     <span class='ocr_line' id='line_1_70' title="bbox 2483 3064 4061 3141; baseline -0.003 -16"><span class='ocrx_word' id='word_1_492' title='bbox 2483 3072 2637 3137; x_wconf 88' lang='grc' dir='ltr'>νέους</span> <span class='ocrx_word' id='word_1_493' title='bbox 2686 3070 2781 3125; x_wconf 72' lang='grc' dir='ltr'>καὶ</span> <span class='ocrx_word' id='word_1_494' title='bbox 2830 3069 3150 3141; x_wconf 88' lang='grc' dir='ltr'>παρθένους,</span> <span class='ocrx_word' id='word_1_495' title='bbox 3197 3068 3454 3137; x_wconf 86' lang='grc' dir='ltr'>γέροντάς</span> <span class='ocrx_word' id='word_1_496' title='bbox 3509 3083 3569 3119; x_wconf 87' lang='grc' dir='ltr'><strong>τε</strong></span> <span class='ocrx_word' id='word_1_497' title='bbox 3623 3066 3716 3119; x_wconf 76' lang='grc' dir='ltr'>καὶ</span> <span class='ocrx_word' id='word_1_498' title='bbox 3757 3066 3951 3127; x_wconf 82' lang='grc' dir='ltr'>παῖδας</span> <span class='ocrx_word' id='word_1_499' title='bbox 4008 3064 4061 3121; x_wconf 75' lang='grc' dir='ltr'>οῖ</span> 
     </span>
    </p>
   </div>
   <div class='ocr_carea' id='block_1_71' title="bbox 2480 3160 4061 3239">
    <p class='ocr_par' dir='ltr' id='par_1_71' title="bbox 2480 3160 4061 3239">
     <span class='ocr_line' id='line_1_71' title="bbox 2480 3160 4061 3239; baseline -0.006 -18"><span class='ocrx_word' id='word_1_500' title='bbox 2480 3170 2579 3239; x_wconf 77' lang='grc' dir='ltr'>τὴν</span> <span class='ocrx_word' id='word_1_501' title='bbox 2611 3166 2765 3237; x_wconf 82' lang='grc' dir='ltr'>σορὸν</span> <span class='ocrx_word' id='word_1_502' title='bbox 2795 3161 2995 3225; x_wconf 78' lang='grc' dir='ltr'>εἷλκον,</span> <span class='ocrx_word' id='word_1_503' title='bbox 3035 3163 3573 3234; x_wconf 80' lang='grc' dir='ltr'>παρακελευομένους</span> <span class='ocrx_word' id='word_1_504' title='bbox 3602 3162 3871 3232; x_wconf 82' lang='grc' dir='ltr'>ἀλλήλοις,</span> <span class='ocrx_word' id='word_1_505' title='bbox 3905 3160 4061 3230; x_wconf 75' lang='grc' dir='ltr'>παρὰ</span> 
     </span>
    </p>
   </div>
   <div class='ocr_carea' id='block_1_72' title="bbox 2482 3252 4062 3330">
    <p class='ocr_par' dir='ltr' id='par_1_72' title="bbox 2482 3252 4062 3330">
     <span class='ocr_line' id='line_1_72' title="bbox 2482 3252 4062 3330; baseline -0.006 -17"><span class='ocrx_word' id='word_1_506' title='bbox 2482 3262 2661 3313; x_wconf 83' lang='grc' dir='ltr'>πᾶσαν</span> <span class='ocrx_word' id='word_1_507' title='bbox 2691 3259 2787 3330; x_wconf 84' lang='grc' dir='ltr'>τὴν</span> <span class='ocrx_word' id='word_1_508' title='bbox 2814 3258 2932 3311; x_wconf 85' lang='grc' dir='ltr'>ὁδὸν</span> <span class='ocrx_word' id='word_1_509' title='bbox 2964 3257 3268 3309; x_wconf 89' lang='grc' dir='ltr'>διατελέσαι</span> <span class='ocrx_word' id='word_1_510' title='bbox 3294 3255 3615 3324; x_wconf 82' lang='grc' dir='ltr'>ψάλλοντας.</span> <span class='ocrx_word' id='word_1_511' title='bbox 3650 3254 3925 3323; x_wconf 87' lang='grc' dir='ltr'>Πρόφασιν</span> <span class='ocrx_word' id='word_1_512' title='bbox 3956 3252 4062 3321; x_wconf 85' lang='grc' dir='ltr'>μὲν</span> 
     </span>
    </p>
   </div>
   <div class='ocr_carea' id='block_1_73' title="bbox 2478 3343 4057 3423">
    <p class='ocr_par' dir='ltr' id='par_1_73' title="bbox 2478 3343 4057 3423">
     <span class='ocr_line' id='line_1_73' title="bbox 2478 3343 4057 3423; baseline -0.006 -19"><span class='ocrx_word' id='word_1_513' title='bbox 2478 3356 2545 3423; x_wconf 86' lang='grc' dir='ltr'>τῇ</span> <span class='ocrx_word' id='word_1_514' title='bbox 2579 3351 2687 3423; x_wconf 80' lang='grc' dir='ltr'><strong>ᾡδῇ</strong></span> <span class='ocrx_word' id='word_1_515' title='bbox 2719 3351 2844 3413; x_wconf 82' lang='grc' dir='ltr'>τοὺς</span> <span class='ocrx_word' id='word_1_516' title='bbox 2870 3349 3098 3421; x_wconf 74' lang='grc' dir='ltr'>ἱδρῶτας</span> <span class='ocrx_word' id='word_1_517' title='bbox 3140 3347 3622 3416; x_wconf 76' lang='grc' dir='ltr'>ἐπικουφίζονταςο</span> <span class='ocrx_word' id='word_1_518' title='bbox 3650 3345 3712 3397; x_wconf 83' lang='grc' dir='ltr'>τὸ</span> <span class='ocrx_word' id='word_1_519' title='bbox 3755 3344 3798 3397; x_wconf 74' lang='grc' dir='ltr'>δ’</span> <span class='ocrx_word' id='word_1_520' title='bbox 3837 3343 4057 3413; x_wconf 78' lang='grc' dir='ltr'>ἀληθὲς,</span> 
     </span>
    </p>
   </div>
   <div class='ocr_carea' id='block_1_74' title="bbox 2480 3436 4059 3518">
    <p class='ocr_par' dir='ltr' id='par_1_74' title="bbox 2480 3436 4059 3518">
     <span class='ocr_line' id='line_1_74' title="bbox 2480 3436 4059 3518; baseline -0.008 -17"><span class='ocrx_word' id='word_1_521' title='bbox 2480 3448 2583 3501; x_wconf 83' lang='grc' dir='ltr'>ὑπὸ</span> <span class='ocrx_word' id='word_1_522' title='bbox 2616 3447 2777 3518; x_wconf 80' lang='grc' dir='ltr'>ζήλου</span> <span class='ocrx_word' id='word_1_523' title='bbox 2822 3446 2917 3499; x_wconf 77' lang='grc' dir='ltr'>καὶ</span> <span class='ocrx_word' id='word_1_524' title='bbox 2962 3443 3268 3515; x_wconf 86' lang='grc' dir='ltr'>προθυμίας</span> <span class='ocrx_word' id='word_1_525' title='bbox 3317 3442 3686 3511; x_wconf 82' lang='grc' dir='ltr'>κινουμένους.</span> <span class='ocrx_word' id='word_1_526' title='bbox 3721 3438 3798 3508; x_wconf 85' lang='grc' dir='ltr'>τῷ</span> <span class='ocrx_word' id='word_1_527' title='bbox 3843 3436 3917 3507; x_wconf 81' lang='grc' dir='ltr'>μὴ</span> <span class='ocrx_word' id='word_1_528' title='bbox 3955 3436 4059 3507; x_wconf 75' lang='grc' dir='ltr'>τὴν</span> 
     </span>
    </p>
   </div>
   <div class='ocr_carea' id='block_1_75' title="bbox 2477 3527 4061 3607">
    <p class='ocr_par' dir='ltr' id='par_1_75' title="bbox 2477 3527 4061 3607">
     <span class='ocr_line' id='line_1_75' title="bbox 2477 3527 4061 3607; baseline -0.007 -17"><span class='ocrx_word' id='word_1_529' title='bbox 2477 3536 2645 3607; x_wconf 82' lang='grc' dir='ltr'>αὐτὴν</span> <span class='ocrx_word' id='word_1_530' title='bbox 2679 3535 2901 3606; x_wconf 83' lang='grc' dir='ltr'>γνώμην</span> <span class='ocrx_word' id='word_1_531' title='bbox 2936 3535 3075 3605; x_wconf 76' lang='grc' dir='ltr'>ἐχειν</span> <span class='ocrx_word' id='word_1_532' title='bbox 3116 3533 3296 3595; x_wconf 80' lang='grc' dir='ltr'>αὐτοῖς</span> <span class='ocrx_word' id='word_1_533' title='bbox 3344 3531 3436 3585; x_wconf 79' lang='grc' dir='ltr'>τὸν</span> <span class='ocrx_word' id='word_1_534' title='bbox 3485 3529 3789 3601; x_wconf 80' lang='grc' dir='ltr'>κρατοῦντα</span> <span class='ocrx_word' id='word_1_535' title='bbox 3833 3529 3960 3597; x_wconf 80' lang='grc' dir='ltr'>περὶ</span> <span class='ocrx_word' id='word_1_536' title='bbox 3992 3527 4061 3580; x_wconf 79' lang='grc' dir='ltr'>τὸ</span> 
     </span>
    </p>
   </div>
   <div class='ocr_carea' id='block_1_76' title="bbox 2475 3623 4057 3702">
    <p class='ocr_par' dir='ltr' id='par_1_76' title="bbox 2475 3623 4057 3702">
     <span class='ocr_line' id='line_1_76' title="bbox 2475 3623 4057 3702; baseline -0.008 -16"><span class='ocrx_word' id='word_1_537' title='bbox 2475 3633 2647 3686; x_wconf 86' lang='grc' dir='ltr'>Θεῖον.</span> <span class='ocrx_word' id='word_1_538' title='bbox 2665 3632 2923 3702; x_wconf 78' lang='grc' dir='ltr'>Ἐξῆρχον</span> <span class='ocrx_word' id='word_1_539' title='bbox 2949 3631 3006 3683; x_wconf 84' lang='grc' dir='ltr'>δὲ</span> <span class='ocrx_word' id='word_1_540' title='bbox 3027 3628 3133 3682; x_wconf 85' lang='grc' dir='ltr'><strong>τῶν</strong></span> <span class='ocrx_word' id='word_1_541' title='bbox 3152 3628 3381 3699; x_wconf 79' lang='grc' dir='ltr'>ψαλμῶν</span> <span class='ocrx_word' id='word_1_542' title='bbox 3403 3630 3514 3690; x_wconf 80' lang='grc' dir='ltr'>τοῖς</span> <span class='ocrx_word' id='word_1_543' title='bbox 3538 3627 3719 3689; x_wconf 73' lang='grc' dir='ltr'>ἄλλοις</span> <span class='ocrx_word' id='word_1_544' title='bbox 3744 3626 3793 3677; x_wconf 85' lang='grc' dir='ltr'>οἱ</span> <span class='ocrx_word' id='word_1_545' title='bbox 3831 3623 4057 3687; x_wconf 80' lang='grc' dir='ltr'>τούτους</span> 
     </span>
    </p>
   </div>
   <div class='ocr_carea' id='block_1_77' title="bbox 2478 3717 4051 3798">
    <p class='ocr_par' dir='ltr' id='par_1_77' title="bbox 2478 3717 4051 3798">
     <span class='ocr_line' id='line_1_77' title="bbox 2478 3717 4051 3798; baseline -0.008 -18"><span class='ocrx_word' id='word_1_546' title='bbox 2478 3726 2851 3798; x_wconf 74' lang='grc' dir='ltr'>ἀκριϐοῦντες,</span> <span class='ocrx_word' id='word_1_547' title='bbox 2891 3725 2987 3778; x_wconf 75' lang='grc' dir='ltr'><strong>καὶ</strong></span> <span class='ocrx_word' id='word_1_548' title='bbox 3015 3724 3306 3793; x_wconf 80' lang='grc' dir='ltr'>ξυνεπήχει</span> <span class='ocrx_word' id='word_1_549' title='bbox 3334 3723 3396 3776; x_wconf 81' lang='grc' dir='ltr'>τὸ</span> <span class='ocrx_word' id='word_1_550' title='bbox 3425 3722 3629 3792; x_wconf 82' lang='grc' dir='ltr'>πλῆθος</span> <span class='ocrx_word' id='word_1_551' title='bbox 3654 3724 3711 3775; x_wconf 82' lang='grc' dir='ltr'>ὲν</span> <span class='ocrx_word' id='word_1_552' title='bbox 3734 3717 4051 3789; x_wconf 79' lang='grc' dir='ltr'>συμφωνίᾳ·</span> 
     </span>
    </p>
   </div>
   <div class='ocr_carea' id='block_1_78' title="bbox 2479 3806 4057 3883">
    <p class='ocr_par' dir='ltr' id='par_1_78' title="bbox 2479 3806 4057 3883">
     <span class='ocr_line' id='line_1_78' title="bbox 2479 3806 4057 3883; baseline -0.008 -15"><span class='ocrx_word' id='word_1_553' title='bbox 2479 3816 2575 3868; x_wconf 72' lang='grc' dir='ltr'>καὶ</span> <span class='ocrx_word' id='word_1_554' title='bbox 2602 3812 2805 3883; x_wconf 80' lang='grc' dir='ltr'>ταύτην</span> <span class='ocrx_word' id='word_1_555' title='bbox 2832 3812 2929 3883; x_wconf 82' lang='grc' dir='ltr'>τὴν</span> <span class='ocrx_word' id='word_1_556' title='bbox 2962 3812 3116 3882; x_wconf 82' lang='grc' dir='ltr'>ῥῆσιν</span> <span class='ocrx_word' id='word_1_557' title='bbox 3142 3811 3336 3882; x_wconf 77' lang='grc' dir='ltr'>ὲπῇδεν</span> <span class='ocrx_word' id='word_1_558' title='bbox 3367 3812 3392 3851; x_wconf 74' lang='grc' dir='ltr'>ε</span> <span class='ocrx_word' id='word_1_559' title='bbox 3412 3827 3425 3841; x_wconf 86' lang='grc'><strong>·</strong></span> <span class='ocrx_word' id='word_1_560' title='bbox 3458 3808 3803 3881; x_wconf 72' lang='grc' dir='ltr'>ᾐσχύνθησαν</span> <span class='ocrx_word' id='word_1_561' title='bbox 3850 3806 4057 3869; x_wconf 76' lang='grc' dir='ltr'>πάντες</span> 
     </span>
    </p>
   </div>
   <div class='ocr_carea' id='block_1_79' title="bbox 2477 3897 4057 3975">
    <p class='ocr_par' dir='ltr' id='par_1_79' title="bbox 2477 3897 4057 3975">
     <span class='ocr_line' id='line_1_79' title="bbox 2477 3897 4057 3975; baseline -0.006 -17"><span class='ocrx_word' id='word_1_562' title='bbox 2477 3907 2527 3958; x_wconf 79' lang='grc' dir='ltr'>οἱ</span> <span class='ocrx_word' id='word_1_563' title='bbox 2579 3903 3005 3975; x_wconf 78' lang='grc' dir='ltr'>προσκυνοῦντες</span> <span class='ocrx_word' id='word_1_564' title='bbox 3055 3904 3167 3965; x_wconf 80' lang='grc' dir='ltr'>τοῖς</span> <span class='ocrx_word' id='word_1_565' title='bbox 3208 3902 3482 3971; x_wconf 83' lang='grc' dir='ltr'>γλυπτοῖς,</span> <span class='ocrx_word' id='word_1_566' title='bbox 3538 3904 3589 3955; x_wconf 81' lang='grc' dir='ltr'>οἱ</span> <span class='ocrx_word' id='word_1_567' title='bbox 3643 3897 4057 3969; x_wconf 76' lang='grc' dir='ltr'>ὲγκαυχὼμενοι</span> 
     </span>
    </p>
   </div>
   <div class='ocr_carea' id='block_1_80' title="bbox 2478 4000 2883 4066">
    <p class='ocr_par' dir='ltr' id='par_1_80' title="bbox 2478 4000 2883 4066">
     <span class='ocr_line' id='line_1_80' title="bbox 2478 4000 2883 4066; baseline -0.007 -11"><span class='ocrx_word' id='word_1_568' title='bbox 2478 4004 2592 4066; x_wconf 83' lang='grc' dir='ltr'>τοῖς</span> <span class='ocrx_word' id='word_1_569' title='bbox 2621 4000 2883 4063; x_wconf 76' lang='grc' dir='ltr'>εἰδώλοις.</span> 
     </span>
    </p>
   </div>
   <div class='ocr_carea' id='block_1_81' title="bbox 812 4084 4052 4161">
    <p class='ocr_par' dir='ltr' id='par_1_81' title="bbox 812 4084 4052 4161">
     <span class='ocr_line' id='line_1_81' title="bbox 812 4084 4052 4161; baseline 0.002 -26"><span class='ocrx_word' id='word_1_570' title='bbox 812 4084 1050 4137; x_wconf 91' lang='lat' dir='ltr'><strong>loculum</strong></span> <span class='ocrx_word' id='word_1_571' title='bbox 1096 4086 1352 4156; x_wconf 82' lang='lat' dir='ltr'><strong>martyris</strong></span> <span class='ocrx_word' id='word_1_572' title='bbox 1395 4088 1707 4156; x_wconf 87' lang='lat' dir='ltr'><strong>trahebant,</strong></span> <span class='ocrx_word' id='word_1_573' title='bbox 1772 4106 1897 4146; x_wconf 86' lang='lat' dir='ltr'><strong>sese</strong></span> <span class='ocrx_word' id='word_1_574' title='bbox 1968 4092 2202 4148; x_wconf 90' lang='lat' dir='ltr'><strong>invicem</strong></span> <span class='ocrx_word' id='word_1_575' title='bbox 2274 4094 2643 4158; x_wconf 88' lang='lat' dir='ltr'><strong>cohortantes,</strong></span> <span class='ocrx_word' id='word_1_576' title='bbox 2688 4093 2932 4161; x_wconf 88' lang='lat' dir='ltr'><strong>psalmos</strong></span> <span class='ocrx_word' id='word_1_577' title='bbox 2999 4105 3098 4161; x_wconf 89' lang='lat' dir='ltr'><strong>per</strong></span> <span class='ocrx_word' id='word_1_578' title='bbox 3141 4096 3317 4145; x_wconf 91' lang='lat' dir='ltr'><strong>totum</strong></span> <span class='ocrx_word' id='word_1_579' title='bbox 3367 4089 3472 4145; x_wconf 89' lang='lat' dir='ltr'><strong>iter</strong></span> <span class='ocrx_word' id='word_1_580' title='bbox 3512 4088 3829 4144; x_wconf 89' lang='lat' dir='ltr'><strong>cecinisse:</strong></span> <span class='ocrx_word' id='word_1_581' title='bbox 3865 4086 4052 4156; x_wconf 81' lang='lat' dir='ltr'><strong>specie</strong></span> 
     </span>
    </p>
   </div>
   <div class='ocr_carea' id='block_1_82' title="bbox 810 4177 4049 4263">
    <p class='ocr_par' dir='ltr' id='par_1_82' title="bbox 810 4177 4049 4263">
     <span class='ocr_line' id='line_1_82' title="bbox 810 4177 4049 4263; baseline 0.002 -33"><span class='ocrx_word' id='word_1_582' title='bbox 810 4177 1025 4246; x_wconf 91' lang='lat' dir='ltr'><strong>quidem</strong></span> <span class='ocrx_word' id='word_1_583' title='bbox 1056 4185 1115 4231; x_wconf 90' lang='lat' dir='ltr'><strong>ut</strong></span> <span class='ocrx_word' id='word_1_584' title='bbox 1136 4177 1375 4233; x_wconf 87' lang='lat' dir='ltr'><strong>laborem</strong></span> <span class='ocrx_word' id='word_1_585' title='bbox 1405 4189 1574 4234; x_wconf 86' lang='lat' dir='ltr'><strong>cantu</strong></span> <span class='ocrx_word' id='word_1_586' title='bbox 1602 4182 1987 4248; x_wconf 87' lang='lat' dir='ltr'><strong>sublevarent,</strong></span> <span class='ocrx_word' id='word_1_587' title='bbox 2047 4185 2228 4254; x_wconf 87' lang='lat' dir='ltr'><strong>reipsa</strong></span> <span class='ocrx_word' id='word_1_588' title='bbox 2259 4200 2409 4252; x_wconf 89' lang='lat' dir='ltr'><strong>vero,</strong></span> <span class='ocrx_word' id='word_1_589' title='bbox 2489 4185 2607 4239; x_wconf 88' lang='lat' dir='ltr'><strong>zelo</strong></span> <span class='ocrx_word' id='word_1_590' title='bbox 2637 4185 2875 4263; x_wconf 81' lang='lat' dir='ltr'><strong>quodam</strong></span> <span class='ocrx_word' id='word_1_591' title='bbox 2920 4190 2975 4239; x_wconf 92' lang='lat' dir='ltr'><strong>et</strong></span> <span class='ocrx_word' id='word_1_592' title='bbox 3007 4182 3230 4252; x_wconf 87' lang='lat' dir='ltr'><strong>pietatis</strong></span> <span class='ocrx_word' id='word_1_593' title='bbox 3276 4192 3413 4236; x_wconf 69' lang='lat' dir='ltr'><strong>aestu</strong></span> <span class='ocrx_word' id='word_1_594' title='bbox 3454 4194 3772 4245; x_wconf 82' lang='lat' dir='ltr'><strong>succenses,</strong></span> <span class='ocrx_word' id='word_1_595' title='bbox 3803 4194 3869 4235; x_wconf 87' lang='lat' dir='ltr'><strong>eo</strong></span> <span class='ocrx_word' id='word_1_596' title='bbox 3901 4177 4049 4248; x_wconf 74' lang='lat' dir='ltr'><strong>quod</strong></span> 
     </span>
    </p>
   </div>
   <div class='ocr_carea' id='block_1_83' title="bbox 809 4269 4051 4344">
    <p class='ocr_par' dir='ltr' id='par_1_83' title="bbox 809 4269 4051 4344">
     <span class='ocr_line' id='line_1_83' title="bbox 809 4269 4051 4344; baseline 0.001 -22"><span class='ocrx_word' id='word_1_597' title='bbox 809 4269 1062 4337; x_wconf 86' lang='lat' dir='ltr'><strong>princeps</strong></span> <span class='ocrx_word' id='word_1_598' title='bbox 1114 4285 1223 4323; x_wconf 91' lang='lat' dir='ltr'><strong>non</strong></span> <span class='ocrx_word' id='word_1_599' title='bbox 1272 4269 1412 4324; x_wconf 89' lang='lat' dir='ltr'><strong>idem</strong></span> <span class='ocrx_word' id='word_1_600' title='bbox 1463 4286 1587 4326; x_wconf 86' lang='lat' dir='ltr'><strong>cum</strong></span> <span class='ocrx_word' id='word_1_601' title='bbox 1646 4273 1781 4342; x_wconf 90' lang='lat' dir='ltr'><strong>ipsis</strong></span> <span class='ocrx_word' id='word_1_602' title='bbox 1834 4277 1901 4329; x_wconf 92' lang='lat' dir='ltr'><strong>de</strong></span> <span class='ocrx_word' id='word_1_603' title='bbox 1952 4273 2061 4330; x_wconf 91' lang='lat' dir='ltr'><strong>Deo</strong></span> <span class='ocrx_word' id='word_1_604' title='bbox 2121 4276 2370 4331; x_wconf 91' lang='lat' dir='ltr'><strong>sentiret.</strong></span> <span class='ocrx_word' id='word_1_605' title='bbox 2408 4273 2786 4330; x_wconf 64' lang='lat' dir='ltr'><strong>Praecinebant</strong></span> <span class='ocrx_word' id='word_1_606' title='bbox 2817 4282 2998 4330; x_wconf 84' lang='lat' dir='ltr'><strong>autem</strong></span> <span class='ocrx_word' id='word_1_607' title='bbox 3026 4272 3240 4328; x_wconf 67' lang='lat' dir='ltr'><strong>caeteris</strong></span> <span class='ocrx_word' id='word_1_608' title='bbox 3271 4273 3309 4327; x_wconf 92' lang='lat' dir='ltr'><strong>ii</strong></span> <span class='ocrx_word' id='word_1_609' title='bbox 3340 4271 3434 4344; x_wconf 90' lang='lat' dir='ltr'><strong>qui</strong></span> <span class='ocrx_word' id='word_1_610' title='bbox 3498 4272 3743 4341; x_wconf 88' lang='lat' dir='ltr'><strong>psalmos</strong></span> <span class='ocrx_word' id='word_1_611' title='bbox 3801 4271 4051 4340; x_wconf 86' lang='lat' dir='ltr'><strong>apprime</strong></span> 
     </span>
    </p>
   </div>
   <div class='ocr_carea' id='block_1_84' title="bbox 810 4365 3743 4439">
    <p class='ocr_par' dir='ltr' id='par_1_84' title="bbox 810 4365 3743 4439">
     <span class='ocr_line' id='line_1_84' title="bbox 810 4365 3743 4439; baseline 0.002 -22"><span class='ocrx_word' id='word_1_612' title='bbox 810 4365 1435 4427; x_wconf 87' lang='lat' dir='ltr'><strong>callebant;multitudo</strong></span> <span class='ocrx_word' id='word_1_613' title='bbox 1466 4367 1663 4423; x_wconf 90' lang='lat' dir='ltr'><strong>deinde</strong></span> <span class='ocrx_word' id='word_1_614' title='bbox 1730 4370 2096 4439; x_wconf 88' lang='lat' dir='ltr'><strong>respondebat</strong></span> <span class='ocrx_word' id='word_1_615' title='bbox 2153 4386 2276 4426; x_wconf 91' lang='lat' dir='ltr'><strong>cum</strong></span> <span class='ocrx_word' id='word_1_616' title='bbox 2317 4381 2607 4435; x_wconf 87' lang='lat' dir='ltr'><strong>concentu,</strong></span> <span class='ocrx_word' id='word_1_617' title='bbox 2658 4377 2713 4427; x_wconf 90' lang='lat' dir='ltr'><strong>et</strong></span> <span class='ocrx_word' id='word_1_618' title='bbox 2766 4370 2917 4425; x_wconf 90' lang='lat' dir='ltr'><strong>hunc</strong></span> <span class='ocrx_word' id='word_1_619' title='bbox 2971 4367 3305 4426; x_wconf 87' lang='lat' dir='ltr'><strong>versiculum</strong></span> <span class='ocrx_word' id='word_1_620' title='bbox 3361 4367 3685 4425; x_wconf 80' lang='lat' dir='ltr'><strong>succinebat</strong></span> <span class='ocrx_word' id='word_1_621' title='bbox 3728 4386 3743 4423; x_wconf 91' lang='lat'><strong>:</strong></span> 
     </span>
    </p>
   </div>
   <div class='ocr_carea' id='block_1_85' title="bbox 3825 4366 4053 4427">
    <p class='ocr_par' dir='ltr' id='par_1_85' title="bbox 3825 4366 4053 4427">
     <span class='ocr_line' id='line_1_85' title="bbox 3825 4366 4053 4427; baseline 0.018 -4"><span class='ocrx_word' id='word_1_622' title='bbox 3825 4366 4053 4427; x_wconf 72' lang='grc' dir='ltr'><strong>(ἰσηίωὶ</strong></span> 
     </span>
    </p>
   </div>
   <div class='ocr_carea' id='block_1_86' title="bbox 810 4459 2838 4536">
    <p class='ocr_par' dir='ltr' id='par_1_86' title="bbox 810 4459 2838 4536">
     <span class='ocr_line' id='line_1_86' title="bbox 810 4459 2838 4536; baseline 0.004 -25"><span class='ocrx_word' id='word_1_623' title='bbox 810 4464 937 4511; x_wconf 90' lang='lat' dir='ltr'><strong>sunt</strong></span> <span class='ocrx_word' id='word_1_624' title='bbox 980 4472 1171 4512; x_wconf 89' lang='lat' dir='ltr'><strong>omnes</strong></span> <span class='ocrx_word' id='word_1_625' title='bbox 1204 4459 1298 4528; x_wconf 89' lang='lat' dir='ltr'><strong>qui</strong></span> <span class='ocrx_word' id='word_1_626' title='bbox 1346 4460 1581 4515; x_wconf 87' lang='lat' dir='ltr'><strong>adorant</strong></span> <span class='ocrx_word' id='word_1_627' title='bbox 1613 4463 1910 4534; x_wconf 89' lang='lat' dir='ltr'><strong>sculptilia,</strong></span> <span class='ocrx_word' id='word_1_628' title='bbox 1946 4466 2040 4535; x_wconf 91' lang='lat' dir='ltr'><strong>qui</strong></span> <span class='ocrx_word' id='word_1_629' title='bbox 2077 4464 2383 4536; x_wconf 75' lang='lat' dir='ltr'><strong>gloriantur</strong></span> <span class='ocrx_word' id='word_1_630' title='bbox 2418 4465 2476 4522; x_wconf 89' lang='lat' dir='ltr'><strong>in</strong></span> <span class='ocrx_word' id='word_1_631' title='bbox 2505 4463 2838 4520; x_wconf 89' lang='lat' dir='ltr'><strong>simulacris.</strong></span> 
     </span>
    </p>
   </div>
   <div class='ocr_carea' id='block_1_87' title="bbox 878 4636 1552 4703">
    <p class='ocr_par' dir='ltr' id='par_1_87' title="bbox 878 4636 1552 4703">
     <span class='ocr_line' id='line_1_87' title="bbox 878 4636 1552 4703; baseline 0.009 -13"><span class='ocrx_word' id='word_1_632' title='bbox 878 4636 894 4667; x_wconf 87' lang='grc'>¹</span> <span class='ocrx_word' id='word_1_633' title='bbox 928 4636 1085 4692; x_wconf 71' lang='lat' dir='ltr'><strong>Socr.</strong></span> <span class='ocrx_word' id='word_1_634' title='bbox 1121 4638 1218 4692; x_wconf 88' lang='lat' dir='ltr'><strong>lib.</strong></span> <span class='ocrx_word' id='word_1_635' title='bbox 1257 4655 1341 4703; x_wconf 85' lang='grc' dir='ltr'>ιιι,</span> <span class='ocrx_word' id='word_1_636' title='bbox 1377 4653 1428 4694; x_wconf 93' lang='lat' dir='ltr'><strong>c.</strong></span> <span class='ocrx_word' id='word_1_637' title='bbox 1467 4640 1552 4696; x_wconf 86' lang='lat' dir='ltr'><strong>l8.</strong></span> 
     </span>
    </p>
   </div>
   <div class='ocr_carea' id='block_1_88' title="bbox 1976 4809 2861 4871">
    <p class='ocr_par' dir='ltr' id='par_1_88' title="bbox 1976 4809 2861 4871">
     <span class='ocr_line' id='line_1_88' title="bbox 1976 4809 2861 4871; baseline -0.001 -1"><span class='ocrx_word' id='word_1_638' title='bbox 1976 4814 2061 4870; x_wconf 74' lang='lat' dir='ltr'><strong>VA</strong></span> <span class='ocrx_word' id='word_1_639' title='bbox 2074 4812 2248 4871; x_wconf 84' lang='lat' dir='ltr'><strong>LESII</strong></span> <span class='ocrx_word' id='word_1_640' title='bbox 2301 4809 2861 4869; x_wconf 81' lang='lat' dir='ltr'><strong>ANNOTATIONES.</strong></span> 
     </span>
    </p>
   </div>
   <div class='ocr_carea' id='block_1_89' title="bbox 880 4989 2638 5066">
    <p class='ocr_par' dir='ltr' id='par_1_89' title="bbox 880 4989 2638 5066">
     <span class='ocr_line' id='line_1_89' title="bbox 880 4989 2638 5066; baseline 0.003 -21"><span class='ocrx_word' id='word_1_641' title='bbox 880 4989 989 5048; x_wconf 64' lang='grc'><strong>(29)</strong></span> <span class='ocrx_word' id='word_1_642' title='bbox 1022 4990 1421 5066; x_wconf 58' lang='grc' dir='ltr'>Συνελθόντες</span> <span class='ocrx_word' id='word_1_643' title='bbox 1442 4994 1494 5045; x_wconf 85' lang='grc' dir='ltr'><strong>οί</strong></span> <span class='ocrx_word' id='word_1_644' title='bbox 1517 4993 1878 5066; x_wconf 66' lang='grc' dir='ltr'>Χριστιανοί.</span> <span class='ocrx_word' id='word_1_645' title='bbox 1916 4995 2203 5051; x_wconf 87' lang='lat' dir='ltr'><strong>Assentior</strong></span> <span class='ocrx_word' id='word_1_646' title='bbox 2218 4994 2638 5066; x_wconf 88' lang='lat' dir='ltr'><strong>Christophorso</strong></span> 
     </span>
    </p>
   </div>
   <div class='ocr_carea' id='block_1_90' title="bbox 2290 4989 4048 5066">
    <p class='ocr_par' dir='ltr' id='par_1_90' title="bbox 2290 4989 4048 5066">
     <span class='ocr_line' id='line_1_90' title="bbox 2290 4989 4048 5066; baseline -0.002 -17"><span class='ocrx_word' id='word_1_647' title='bbox 2290 4994 2716 5066; x_wconf 61' lang='lat' dir='ltr'><strong>iristophorsouo</strong></span> <span class='ocrx_word' id='word_1_648' title='bbox 2751 4999 2807 5050; x_wconf 91' lang='lat' dir='ltr'><strong>et</strong></span> <span class='ocrx_word' id='word_1_649' title='bbox 2838 4989 3064 5059; x_wconf 87' lang='lat' dir='ltr'><strong>Savilio,</strong></span> <span class='ocrx_word' id='word_1_650' title='bbox 3096 4992 3188 5064; x_wconf 91' lang='lat' dir='ltr'><strong>qui</strong></span> <span class='ocrx_word' id='word_1_651' title='bbox 3250 4993 3575 5064; x_wconf 86' lang='lat' dir='ltr'><strong>particulam</strong></span> <span class='ocrx_word' id='word_1_652' title='bbox 3646 4992 3734 5047; x_wconf 85' lang='lat' dir='ltr'><strong>hic</strong></span> <span class='ocrx_word' id='word_1_653' title='bbox 3792 4993 4048 5048; x_wconf 75' lang='lat' dir='ltr'><strong>inserunt.</strong></span> 
     </span>
    </p>
   </div>
   <div class='ocr_carea' id='block_1_91' title="bbox 810 5061 1865 5127">
    <p class='ocr_par' dir='ltr' id='par_1_91' title="bbox 810 5061 1865 5127">
     <span class='ocr_line' id='line_1_91' title="bbox 810 5061 1865 5127; baseline 0.001 -11"><span class='ocrx_word' id='word_1_654' title='bbox 810 5067 913 5116; x_wconf 75' lang='lat' dir='ltr'><strong>hac</strong></span> <span class='ocrx_word' id='word_1_655' title='bbox 953 5061 1111 5116; x_wconf 90' lang='lat' dir='ltr'><strong>modo</strong></span> <span class='ocrx_word' id='word_1_656' title='bbox 1145 5080 1159 5117; x_wconf 90' lang='lat'><strong>:</strong></span> <span class='ocrx_word' id='word_1_657' title='bbox 1193 5061 1539 5126; x_wconf 87' lang='grc' dir='ltr'>συνελθόντες</span> <span class='ocrx_word' id='word_1_658' title='bbox 1571 5062 1627 5115; x_wconf 86' lang='grc' dir='ltr'>δὲ</span> <span class='ocrx_word' id='word_1_659' title='bbox 1658 5064 1730 5127; x_wconf 77' lang='grc' dir='ltr'>οἱ,</span> <span class='ocrx_word' id='word_1_660' title='bbox 1763 5072 1865 5119; x_wconf 89' lang='lat' dir='ltr'><strong>etc.</strong></span> 
     </span>
    </p>
   </div>
   <div class='ocr_carea' id='block_1_92' title="bbox 2245 5242 2634 5301">
    <p class='ocr_par' dir='ltr' id='par_1_92' title="bbox 2245 5242 2634 5301">
     <span class='ocr_line' id='line_1_92' title="bbox 2245 5242 2634 5301; baseline 0 -1"><span class='ocrx_word' id='word_1_661' title='bbox 2245 5242 2634 5301; x_wconf 80' lang='lat' dir='ltr'><strong>VARIORUM.</strong></span> 
     </span>
    </p>
   </div>
   <div class='ocr_carea' id='block_1_93' title="bbox 887 5415 2645 5491">
    <p class='ocr_par' dir='ltr' id='par_1_93' title="bbox 887 5415 2645 5491">
     <span class='ocr_line' id='line_1_93' title="bbox 887 5415 2645 5491; baseline 0.004 -22"><span class='ocrx_word' id='word_1_662' title='bbox 887 5417 911 5453; x_wconf 70' lang='grc'><strong>⁸</strong></span> <span class='ocrx_word' id='word_1_663' title='bbox 940 5415 1047 5469; x_wconf 81' lang='lat' dir='ltr'><strong>Kal</strong></span> <span class='ocrx_word' id='word_1_664' title='bbox 1081 5416 1464 5491; x_wconf 50' lang='lat' dir='ltr'><strong>taﬁmrfhr</strong></span> <span class='ocrx_word' id='word_1_665' title='bbox 1498 5418 1687 5487; x_wconf 75' lang='grc' dir='ltr'>ῥῆσιν</span> <span class='ocrx_word' id='word_1_666' title='bbox 1724 5418 1965 5488; x_wconf 77' lang='grc' dir='ltr'><strong>ἐπῇδεν.</strong></span> <span class='ocrx_word' id='word_1_667' title='bbox 2020 5419 2141 5475; x_wconf 67' lang='lat' dir='ltr'><strong>Haec</strong></span> <span class='ocrx_word' id='word_1_668' title='bbox 2191 5422 2379 5475; x_wconf 90' lang='lat' dir='ltr'><strong>ultima</strong></span> <span class='ocrx_word' id='word_1_669' title='bbox 2415 5428 2457 5482; x_wconf 91' lang='lat' dir='ltr'><strong>D</strong></span> <span class='ocrx_word' id='word_1_670' title='bbox 2483 5423 2540 5476; x_wconf 89' lang='lat' dir='ltr'><strong>S.</strong></span> <span class='ocrx_word' id='word_1_671' title='bbox 2571 5420 2645 5475; x_wconf 86' lang='lat' dir='ltr'><strong>Ba</strong></span> 
     </span>
    </p>
   </div>
   <div class='ocr_carea' id='block_1_94' title="bbox 2284 5415 4042 5491">
    <p class='ocr_par' dir='ltr' id='par_1_94' title="bbox 2296 5416 4042 5491">
     <span class='ocr_line' id='line_1_94' title="bbox 2296 5416 4042 5491; baseline -0.001 -17"><span class='ocrx_word' id='word_1_672' title='bbox 2296 5437 2379 5475; x_wconf 88' lang='lat' dir='ltr'><strong>ma</strong></span> <span class='ocrx_word' id='word_1_673' title='bbox 2415 5428 2457 5482; x_wconf 90' lang='lat' dir='ltr'><strong>D</strong></span> <span class='ocrx_word' id='word_1_674' title='bbox 2483 5423 2540 5476; x_wconf 89' lang='lat' dir='ltr'><strong>S.</strong></span> <span class='ocrx_word' id='word_1_675' title='bbox 2571 5420 2829 5478; x_wconf 86' lang='lat' dir='ltr'><strong>Basilinm</strong></span> <span class='ocrx_word' id='word_1_676' title='bbox 2864 5420 2918 5474; x_wconf 91' lang='lat' dir='ltr'><strong>in</strong></span> <span class='ocrx_word' id='word_1_677' title='bbox 2949 5420 3178 5491; x_wconf 89' lang='lat' dir='ltr'><strong>epistola</strong></span> <span class='ocrx_word' id='word_1_678' title='bbox 3206 5420 3273 5475; x_wconf 78' lang='lat'><strong>63</strong></span> <span class='ocrx_word' id='word_1_679' title='bbox 3292 5419 3356 5475; x_wconf 90' lang='lat' dir='ltr'><strong>ad</strong></span> <span class='ocrx_word' id='word_1_680' title='bbox 3385 5419 3616 5491; x_wconf 85' lang='lat' dir='ltr'><strong>clericos</strong></span> <span class='ocrx_word' id='word_1_681' title='bbox 3635 5419 3887 5491; x_wconf 81' lang='lat' dir='ltr'><strong>Ecclesiae</strong></span> <span class='ocrx_word' id='word_1_682' title='bbox 3901 5416 4042 5472; x_wconf 78' lang='lat' dir='ltr'><strong>Neo-</strong></span> 
     </span>
    </p>
   </div>
   <div class='ocr_carea' id='block_1_95' title="bbox 814 5484 2376 5555">
    <p class='ocr_par' dir='ltr' id='par_1_95' title="bbox 814 5484 2376 5555">
     <span class='ocr_line' id='line_1_95' title="bbox 814 5484 2376 5555; baseline 0.007 -20"><span class='ocrx_word' id='word_1_683' title='bbox 814 5484 995 5552; x_wconf 89' lang='lat' dir='ltr'><strong>itaque</strong></span> <span class='ocrx_word' id='word_1_684' title='bbox 1050 5488 1215 5541; x_wconf 84' lang='lat' dir='ltr'><strong>verba</strong></span> <span class='ocrx_word' id='word_1_685' title='bbox 1238 5484 1259 5551; x_wconf 10' lang='grc' dir='ltr'>,ἡ</span> <span class='ocrx_word' id='word_1_686' title='bbox 1299 5484 1518 5555; x_wconf 73' lang='lat' dir='ltr'><strong>Confusi</strong></span> <span class='ocrx_word' id='word_1_687' title='bbox 1562 5484 1685 5543; x_wconf 65' lang='lat' dir='ltr'><strong>aunt</strong></span> <span class='ocrx_word' id='word_1_688' title='bbox 1727 5484 1932 5555; x_wconf 73' lang='lat' dir='ltr'><strong>omnes,</strong></span> <span class='ocrx_word' id='word_1_689' title='bbox 1982 5501 2127 5555; x_wconf 87' lang='lat' dir='ltr'><strong>etc.,</strong></span> <span class='ocrx_word' id='word_1_690' title='bbox 2177 5506 2208 5545; x_wconf 88' lang='lat' dir='ltr'><strong>a</strong></span> <span class='ocrx_word' id='word_1_691' title='bbox 2263 5500 2376 5546; x_wconf 87' lang='lat' dir='ltr'><strong>toto</strong></span> 
     </span>
    </p>
   </div>
   <div class='ocr_carea' id='block_1_96' title="bbox 810 5556 2376 5631">
    <p class='ocr_par' dir='ltr' id='par_1_96' title="bbox 810 5556 2376 5631">
     <span class='ocr_line' id='line_1_96' title="bbox 810 5556 2376 5631; baseline 0.006 -23"><span class='ocrx_word' id='word_1_692' title='bbox 810 5556 1244 5631; x_wconf 61' lang='lat' dir='ltr'><strong>Caristianorum</strong></span> <span class='ocrx_word' id='word_1_693' title='bbox 1307 5559 1654 5631; x_wconf 62' lang='lat' dir='ltr'><strong>praesentium</strong></span> <span class='ocrx_word' id='word_1_694' title='bbox 1718 5560 1886 5631; x_wconf 85' lang='lat' dir='ltr'><strong>choro</strong></span> <span class='ocrx_word' id='word_1_695' title='bbox 1946 5568 2070 5631; x_wconf 90' lang='lat' dir='ltr'><strong>post</strong></span> <span class='ocrx_word' id='word_1_696' title='bbox 2129 5559 2376 5617; x_wconf 86' lang='lat' dir='ltr'><strong>Psalmos</strong></span> 
     </span>
    </p>
   </div>
   <div class='ocr_carea' id='block_1_97' title="bbox 2482 5490 4048 5562">
    <p class='ocr_par' dir='ltr' id='par_1_97' title="bbox 2482 5490 4048 5562">
     <span class='ocr_line' id='line_1_97' title="bbox 2482 5490 4048 5562; baseline -0.004 -15"><span class='ocrx_word' id='word_1_697' title='bbox 2482 5493 2850 5549; x_wconf 62' lang='lat' dir='ltr'><strong>czesariensis.</strong></span> <span class='ocrx_word' id='word_1_698' title='bbox 2865 5490 3073 5562; x_wconf 71' lang='lat' dir='ltr'><strong>PraeSes</strong></span> <span class='ocrx_word' id='word_1_699' title='bbox 3105 5493 3362 5562; x_wconf 82' lang='lat' dir='ltr'><strong>hymnum</strong></span> <span class='ocrx_word' id='word_1_700' title='bbox 3393 5490 3601 5562; x_wconf 89' lang='lat' dir='ltr'><strong>primus</strong></span> <span class='ocrx_word' id='word_1_701' title='bbox 3633 5490 3856 5562; x_wconf 79' lang='lat' dir='ltr'><strong>canebat</strong></span> <span class='ocrx_word' id='word_1_702' title='bbox 3886 5497 4048 5562; x_wconf 55' lang='grc' dir='ltr'>αξιοι-</span> 
     </span>
    </p>
   </div>
   <div class='ocr_carea' id='block_1_98' title="bbox 2480 5559 4048 5632">
    <p class='ocr_par' dir='ltr' id='par_1_98' title="bbox 2480 5559 4048 5632">
     <span class='ocr_line' id='line_1_98' title="bbox 2480 5559 4048 5632; baseline -0.003 -15"><span class='ocrx_word' id='word_1_703' title='bbox 2480 5566 2561 5618; x_wconf 88' lang='lat' dir='ltr'><strong>ris</strong></span> <span class='ocrx_word' id='word_1_704' title='bbox 2639 5564 2819 5632; x_wconf 89' lang='lat' dir='ltr'><strong>quiete</strong></span> <span class='ocrx_word' id='word_1_705' title='bbox 2886 5559 3349 5624; x_wconf 87' lang='lat' dir='ltr'><strong>auscultantibus,</strong></span> <span class='ocrx_word' id='word_1_706' title='bbox 3395 5559 3767 5632; x_wconf 66' lang='lat' dir='ltr'><strong>praeterquam</strong></span> <span class='ocrx_word' id='word_1_707' title='bbox 3818 5560 3871 5613; x_wconf 90' lang='lat' dir='ltr'><strong>in</strong></span> <span class='ocrx_word' id='word_1_708' title='bbox 3939 5559 4048 5612; x_wconf 80' lang='lat' dir='ltr'><strong>ﬁne</strong></span> 
     </span>
    </p>
   </div>
   <div class='ocr_carea' id='block_1_99' title="bbox 813 5624 2571 5711">
    <p class='ocr_par' dir='ltr' id='par_1_99' title="bbox 813 5624 2571 5711">
     <span class='ocr_line' id='line_1_99' title="bbox 813 5624 2571 5711; baseline 0.007 -36"><span class='ocrx_word' id='word_1_709' title='bbox 813 5624 1222 5711; x_wconf 35' lang='lat' dir='ltr'><strong>ctuttabantur,‘</strong></span> <span class='ocrx_word' id='word_1_710' title='bbox 1258 5624 1513 5697; x_wconf 70' lang='lat' dir='ltr'><strong>tanquam</strong></span> <span class='ocrx_word' id='word_1_711' title='bbox 1560 5624 1963 5711; x_wconf 58' lang='grc' dir='ltr'>ςικροτελεύτιί</span> <span class='ocrx_word' id='word_1_712' title='bbox 2141 5632 2381 5709; x_wconf 80' lang='grc' dir='ltr'>ὲφύμνια</span> <span class='ocrx_word' id='word_1_713' title='bbox 2489 5634 2571 5711; x_wconf 71' lang='lat' dir='ltr'><strong>hy!</strong></span> 
     </span>
    </p>
   </div>
   <div class='ocr_carea' id='block_1_100' title="bbox 2285 5624 4043 5711">
    <p class='ocr_par' dir='ltr' id='par_1_100' title="bbox 2285 5624 4043 5711">
     <span class='ocr_line' id='line_1_100' title="bbox 2285 5624 4043 5711; baseline -0.001 -29"><span class='ocrx_word' id='word_1_714' title='bbox 2285 5648 2381 5685; x_wconf 88' lang='grc' dir='ltr'>,νια</span> <span class='ocrx_word' id='word_1_715' title='bbox 2489 5624 2673 5704; x_wconf 82' lang='lat' dir='ltr'><strong>hymni</strong></span> <span class='ocrx_word' id='word_1_716' title='bbox 2719 5639 3069 5711; x_wconf 68' lang='lat' dir='ltr'><strong>extremaque</strong></span> <span class='ocrx_word' id='word_1_717' title='bbox 3090 5624 3579 5711; x_wconf 41' lang='lat' dir='ltr'><strong>.clausulaftunc</strong></span> <span class='ocrx_word' id='word_1_718' title='bbox 3621 5624 4043 5711; x_wconf 12' lang='lat' dir='ltr'><strong>:autemrom‘nes.</strong></span> 
     </span>
    </p>
   </div>
   <div class='ocr_carea' id='block_1_101' title="bbox 814 5694 2377 5768">
    <p class='ocr_par' dir='ltr' id='par_1_101' title="bbox 814 5694 2377 5768">
     <span class='ocr_line' id='line_1_101' title="bbox 814 5694 2377 5768; baseline 0.006 -23"><span class='ocrx_word' id='word_1_719' title='bbox 814 5694 903 5747; x_wconf 89' lang='lat' dir='ltr'><strong>isti</strong></span> <span class='ocrx_word' id='word_1_720' title='bbox 951 5696 1225 5768; x_wconf 84' lang='lat' dir='ltr'><strong>occasioni</strong></span> <span class='ocrx_word' id='word_1_721' title='bbox 1264 5694 1687 5753; x_wconf 81' lang='lat' dir='ltr'><strong>accommodata.</strong></span> <span class='ocrx_word' id='word_1_722' title='bbox 1750 5700 1905 5755; x_wconf 78' lang='lat' dir='ltr'><strong>Hunc</strong></span> <span class='ocrx_word' id='word_1_723' title='bbox 1939 5694 2377 5768; x_wconf 75' lang='lat' dir='ltr'><strong>antiphonarium</strong></span> 
     </span>
    </p>
   </div>
   <div class='ocr_carea' id='block_1_102' title="bbox 2488 5695 4047 5765">
    <p class='ocr_par' dir='ltr' id='par_1_102' title="bbox 2488 5695 4047 5765">
     <span class='ocr_line' id='line_1_102' title="bbox 2488 5695 4047 5765; baseline -0.003 -8"><span class='ocrx_word' id='word_1_724' title='bbox 2488 5695 2605 5757; x_wconf 66' lang='lat' dir='ltr'><strong>sine</strong></span> <span class='ocrx_word' id='word_1_725' title='bbox 2653 5718 2815 5757; x_wconf 82' lang='lat' dir='ltr'><strong>sexus</strong></span> <span class='ocrx_word' id='word_1_726' title='bbox 2859 5695 3216 5765; x_wconf 73' lang='lat' dir='ltr'><strong>discrimine,</strong></span> <span class='ocrx_word' id='word_1_727' title='bbox 3274 5695 3461 5755; x_wconf 84' lang='lat' dir='ltr'><strong>vocem</strong></span> <span class='ocrx_word' id='word_1_728' title='bbox 3506 5700 3842 5755; x_wconf 87' lang='lat' dir='ltr'><strong>attollebant.</strong></span> <span class='ocrx_word' id='word_1_729' title='bbox 3911 5695 4047 5753; x_wconf 78' lang='lat' dir='ltr'><strong>Vide</strong></span> 
     </span>
    </p>
   </div>
   <div class='ocr_carea' id='block_1_103' title="bbox 811 5765 3831 5840">
    <p class='ocr_par' dir='ltr' id='par_1_103' title="bbox 811 5765 3831 5840">
     <span class='ocr_line' id='line_1_103' title="bbox 811 5765 3831 5840; baseline 0.002 -23"><span class='ocrx_word' id='word_1_730' title='bbox 811 5765 1038 5840; x_wconf 72' lang='lat' dir='ltr'><strong>canendi</strong></span> <span class='ocrx_word' id='word_1_731' title='bbox 1074 5767 1292 5840; x_wconf 82' lang='lat' dir='ltr'><strong>modum</strong></span> <span class='ocrx_word' id='word_1_732' title='bbox 1333 5768 1384 5820; x_wconf 91' lang='lat' dir='ltr'><strong>in</strong></span> <span class='ocrx_word' id='word_1_733' title='bbox 1406 5769 1669 5840; x_wconf 87' lang='lat' dir='ltr'><strong>omnibus</strong></span> <span class='ocrx_word' id='word_1_734' title='bbox 1710 5771 1956 5825; x_wconf 87' lang='lat' dir='ltr'><strong>ecclesiis</strong></span> <span class='ocrx_word' id='word_1_735' title='bbox 2002 5765 2102 5825; x_wconf 78' lang='lat' dir='ltr'><strong>suo</strong></span> <span class='ocrx_word' id='word_1_736' title='bbox 2137 5780 2380 5839; x_wconf 89' lang='lat' dir='ltr'><strong>tempore</strong></span> <span class='ocrx_word' id='word_1_737' title='bbox 2487 5773 2844 5828; x_wconf 85' lang='lat' dir='ltr'><strong>Sezomcnum</strong></span> <span class='ocrx_word' id='word_1_738' title='bbox 2880 5779 3125 5826; x_wconf 90' lang='lat' dir='ltr'><strong>nostrum</strong></span> <span class='ocrx_word' id='word_1_739' title='bbox 3162 5769 3321 5836; x_wconf 91' lang='lat' dir='ltr'><strong>infra,</strong></span> <span class='ocrx_word' id='word_1_740' title='bbox 3350 5771 3442 5825; x_wconf 84' lang='lat' dir='ltr'><strong>lib.</strong></span> <span class='ocrx_word' id='word_1_741' title='bbox 3477 5786 3595 5836; x_wconf 79' lang='lat' dir='ltr'><strong>vni,</strong></span> <span class='ocrx_word' id='word_1_742' title='bbox 3624 5785 3744 5840; x_wconf 91' lang='lat' dir='ltr'><strong>cap.</strong></span> <span class='ocrx_word' id='word_1_743' title='bbox 3778 5768 3831 5823; x_wconf 92' lang='lat'><strong>8.</strong></span> 
     </span>
    </p>
   </div>
   <div class='ocr_carea' id='block_1_104' title="bbox 813 5834 2380 5908">
    <p class='ocr_par' dir='ltr' id='par_1_104' title="bbox 813 5834 2380 5908">
     <span class='ocr_line' id='line_1_104' title="bbox 813 5834 2380 5908; baseline 0.003 -20"><span class='ocrx_word' id='word_1_744' title='bbox 813 5834 1159 5890; x_wconf 81' lang='lat' dir='ltr'><strong>observatum</strong></span> <span class='ocrx_word' id='word_1_745' title='bbox 1192 5837 1381 5904; x_wconf 88' lang='lat' dir='ltr'><strong>fuissc,</strong></span> <span class='ocrx_word' id='word_1_746' title='bbox 1403 5839 1888 5908; x_wconf 80' lang='lat' dir='ltr'><strong>locupletissimum</strong></span> <span class='ocrx_word' id='word_1_747' title='bbox 1909 5842 2167 5896; x_wconf 86' lang='lat' dir='ltr'><strong>habemus</strong></span> <span class='ocrx_word' id='word_1_748' title='bbox 2194 5834 2380 5897; x_wconf 74' lang='lat' dir='ltr'><strong>testem</strong></span> 
     </span>
    </p>
   </div>
  </div>
