  <div class='ocr_page' id='page_1' title='image "/cluster/home/n/w/nwhite01/storage/ocr_20150623/67/pst.000009865921/700.png"; bbox 0 0 4452 6598; ppageno 0'>
   <div class='ocr_carea' id='block_1_1' title="bbox 406 478 546 536">
    <p class='ocr_par' dir='ltr' id='par_1_1' title="bbox 406 478 546 536">
     <span class='ocr_line' id='line_1_1' title="bbox 406 478 546 536; baseline -0.014 -2"><span class='ocrx_word' id='word_1_1' title='bbox 406 478 546 536; x_wconf 70' lang='grc' dir='ltr'>ηπ</span> 
     </span>
    </p>
   </div>
   <div class='ocr_carea' id='block_1_2' title="bbox 992 593 1377 651">
    <p class='ocr_par' dir='ltr' id='par_1_2' title="bbox 992 593 1377 651">
     <span class='ocr_line' id='line_1_2' title="bbox 992 593 1377 651; baseline 0.005 -4"><span class='ocrx_word' id='word_1_2' title='bbox 992 593 1243 651; x_wconf 70' lang='grc' dir='ltr'><strong><em>ΚΕΦΑᾹ,</em></strong></span> <span class='ocrx_word' id='word_1_3' title='bbox 1292 595 1377 649; x_wconf 84' lang='grc' dir='ltr'><strong><em>Κ’.</em></strong></span> 
     </span>
    </p>
   </div>
   <div class='ocr_carea' id='block_1_3' title="bbox 396 683 1976 763">
    <p class='ocr_par' dir='ltr' id='par_1_3' title="bbox 396 683 1976 763">
     <span class='ocr_line' id='line_1_3' title="bbox 396 683 1976 763; baseline -0.001 -23"><span class='ocrx_word' id='word_1_4' title='bbox 396 687 526 763; x_wconf 69' lang='grc' dir='ltr'><strong><em>Ὀςι</em></strong></span> <span class='ocrx_word' id='word_1_5' title='bbox 555 685 730 755; x_wconf 77' lang='grc' dir='ltr'>χάριν</span> <span class='ocrx_word' id='word_1_6' title='bbox 758 683 1289 763; x_wconf 63' lang='grc' dir='ltr'>ςῆςμεξτακομιδῆς</span> <span class='ocrx_word' id='word_1_7' title='bbox 1313 688 1532 763; x_wconf 71' lang='grc' dir='ltr'>ταύτης</span> <span class='ocrx_word' id='word_1_8' title='bbox 1564 685 1832 763; x_wconf 56' lang='grc' dir='ltr'>,πολλοὺς</span> <span class='ocrx_word' id='word_1_9' title='bbox 1856 686 1976 763; x_wconf 65' lang='grc' dir='ltr'>τῶν</span> 
     </span>
    </p>
   </div>
   <div class='ocr_carea' id='block_1_4' title="bbox 466 754 1976 825">
    <p class='ocr_par' dir='ltr' id='par_1_4' title="bbox 466 754 1976 825">
     <span class='ocr_line' id='line_1_4' title="bbox 466 754 1976 825; baseline 0 -16"><span class='ocrx_word' id='word_1_10' title='bbox 466 754 834 825; x_wconf 66' lang='grc' dir='ltr'>Χριστιανῶν·</span> <span class='ocrx_word' id='word_1_11' title='bbox 860 754 1128 811; x_wconf 75' lang='grc' dir='ltr'>ἐκάκωσε</span> <span class='ocrx_word' id='word_1_12' title='bbox 1145 770 1165 825; x_wconf 15' lang='grc' dir='ltr'><em>’ν</em></span> <span class='ocrx_word' id='word_1_13' title='bbox 1197 757 1294 808; x_wconf 77' lang='grc' dir='ltr'>καὶ</span> <span class='ocrx_word' id='word_1_14' title='bbox 1340 758 1473 823; x_wconf 74' lang='grc' dir='ltr'>περὶ</span> <span class='ocrx_word' id='word_1_15' title='bbox 1501 758 1604 812; x_wconf 82' lang='grc' dir='ltr'><strong><em>τοῦ</em></strong></span> <span class='ocrx_word' id='word_1_16' title='bbox 1637 758 1809 825; x_wconf 80' lang='grc' dir='ltr'><strong><em>ἁγίου</em></strong></span> <span class='ocrx_word' id='word_1_17' title='bbox 1841 761 1976 810; x_wconf 87' lang='grc' dir='ltr'><strong><em>Θεο-</em></strong></span> 
     </span>
    </p>
   </div>
   <div class='ocr_carea' id='block_1_5' title="bbox 464 824 1978 895">
    <p class='ocr_par' dir='ltr' id='par_1_5' title="bbox 464 824 1978 895">
     <span class='ocr_line' id='line_1_5' title="bbox 464 824 1978 895; baseline 0.003 -18"><span class='ocrx_word' id='word_1_18' title='bbox 464 825 655 891; x_wconf 82' lang='grc' dir='ltr'><strong><em>δώρου</em></strong></span> <span class='ocrx_word' id='word_1_19' title='bbox 681 824 786 877; x_wconf 88' lang='grc' dir='ltr'><strong><em>τοῦ</em></strong></span> <span class='ocrx_word' id='word_1_20' title='bbox 813 824 1182 895; x_wconf 71' lang='grc' dir='ltr'>όμολργητοῦ</span> <span class='ocrx_word' id='word_1_21' title='bbox 1203 839 1215 852; x_wconf 77' lang='grc'><strong>⁸</strong></span> <span class='ocrx_word' id='word_1_22' title='bbox 1252 826 1350 879; x_wconf 74' lang='grc' dir='ltr'>καὶ</span> <span class='ocrx_word' id='word_1_23' title='bbox 1379 827 1466 881; x_wconf 70' lang='grc' dir='ltr'>ὅτι</span> <span class='ocrx_word' id='word_1_24' title='bbox 1496 828 1616 895; x_wconf 84' lang='grc' dir='ltr'><strong><em>πῦρ</em></strong></span> <span class='ocrx_word' id='word_1_25' title='bbox 1648 824 1978 894; x_wconf 73' lang='grc' dir='ltr'>οὐρανόθεν</span> 
     </span>
    </p>
   </div>
   <div class='ocr_carea' id='block_1_6' title="bbox 465 892 1976 1015">
    <p class='ocr_par' dir='ltr' id='par_1_6' title="bbox 465 892 1976 1015">
     <span class='ocr_line' id='line_1_6' title="bbox 465 892 1976 1015; baseline 0.005 -70"><span class='ocrx_word' id='word_1_26' title='bbox 465 895 679 1015; x_wconf 53' lang='grc' dir='ltr'>ξεσύν,</span> <span class='ocrx_word' id='word_1_27' title='bbox 696 894 802 947; x_wconf 81' lang='grc' dir='ltr'>τόν</span> <span class='ocrx_word' id='word_1_28' title='bbox 822 895 891 947; x_wconf 85' lang='grc' dir='ltr'><strong><em>ἐν</em></strong></span> <span class='ocrx_word' id='word_1_29' title='bbox 918 892 1119 963; x_wconf 63' lang='grc' dir='ltr'><strong><em>Δάφνῃ</em></strong></span> <span class='ocrx_word' id='word_1_30' title='bbox 1142 895 1290 948; x_wconf 78' lang='grc' dir='ltr'><em>ναὸν</em></span> <span class='ocrx_word' id='word_1_31' title='bbox 1311 896 1417 950; x_wconf 82' lang='grc' dir='ltr'>ἀνέ</span> <span class='ocrx_word' id='word_1_32' title='bbox 1428 892 1616 967; x_wconf 59' lang='lat' dir='ltr'><strong><em>trpqu</em></strong></span> <span class='ocrx_word' id='word_1_33' title='bbox 1636 892 1742 953; x_wconf 79' lang='grc' dir='ltr'><strong><em>τοῦ</em></strong></span> <span class='ocrx_word' id='word_1_34' title='bbox 1771 897 1976 952; x_wconf 74' lang='grc' dir='ltr'>Ἀπόλ-</span> 
     </span>
     <span class='ocr_line' id='line_1_7' title="bbox 465 980 680 1015; baseline 0 0"><span class='ocrx_word' id='word_1_35' title='bbox 465 1005 479 1015; x_wconf 74' lang='lat'><strong><em>.</em></strong></span> <span class='ocrx_word' id='word_1_36' title='bbox 497 980 680 1015; x_wconf 80' lang='grc' dir='ltr'><strong><em>.ωνο(·.</em></strong></span> 
     </span>
    </p>
   </div>
   <div class='ocr_carea' id='block_1_7' title="bbox 464 980 680 1025">
    <p class='ocr_par' dir='ltr' id='par_1_7' title="bbox 464 980 680 1025">
     <span class='ocr_line' id='line_1_8' title="bbox 464 980 680 1025; baseline 0.005 -9"><span class='ocrx_word' id='word_1_37' title='bbox 464 980 680 1025; x_wconf 63' lang='grc' dir='ltr'><strong><em>λωνος.</em></strong></span> 
     </span>
    </p>
   </div>
   <div class='ocr_carea' id='block_1_8' title="bbox 478 1053 1975 1131">
    <p class='ocr_par' dir='ltr' id='par_1_8' title="bbox 478 1053 1975 1131">
     <span class='ocr_line' id='line_1_9' title="bbox 478 1053 1975 1131; baseline 0.009 -25"><span class='ocrx_word' id='word_1_38' title='bbox 478 1055 571 1107; x_wconf 83' lang='grc' dir='ltr'>Ἐκ</span> <span class='ocrx_word' id='word_1_39' title='bbox 599 1053 788 1107; x_wconf 82' lang='grc' dir='ltr'>τούτου</span> <span class='ocrx_word' id='word_1_40' title='bbox 830 1054 887 1107; x_wconf 81' lang='grc' dir='ltr'>δὲ</span> <span class='ocrx_word' id='word_1_41' title='bbox 923 1055 1166 1127; x_wconf 71' lang='grc' dir='ltr'>κινηθεὶς</span> <span class='ocrx_word' id='word_1_42' title='bbox 1193 1058 1329 1128; x_wconf 78' lang='grc' dir='ltr'>πρὸς</span> <span class='ocrx_word' id='word_1_43' title='bbox 1372 1058 1539 1131; x_wconf 82' lang='grc' dir='ltr'>ὀργὴν</span> <span class='ocrx_word' id='word_1_44' title='bbox 1564 1062 1591 1114; x_wconf 99' lang='lat'><strong><em>6</em></strong></span> <span class='ocrx_word' id='word_1_45' title='bbox 1623 1060 1871 1131; x_wconf 78' lang='grc' dir='ltr'>βασιλεὺς</span> <span class='ocrx_word' id='word_1_46' title='bbox 1899 1063 1975 1128; x_wconf 84' lang='grc' dir='ltr'>ὡς</span> 
     </span>
    </p>
   </div>
   <div class='ocr_carea' id='block_1_9' title="bbox 396 1140 1976 1218">
    <p class='ocr_par' dir='ltr' id='par_1_9' title="bbox 396 1140 1976 1218">
     <span class='ocr_line' id='line_1_10' title="bbox 396 1140 1976 1218; baseline 0.009 -24"><span class='ocrx_word' id='word_1_47' title='bbox 396 1140 739 1212; x_wconf 83' lang='grc' dir='ltr'>ὑϐρισμένος,</span> <span class='ocrx_word' id='word_1_48' title='bbox 789 1142 1144 1213; x_wconf 87' lang='grc' dir='ltr'>τιμωρεῖσθαι</span> <span class='ocrx_word' id='word_1_49' title='bbox 1189 1148 1310 1209; x_wconf 81' lang='grc' dir='ltr'>τοὺς</span> <span class='ocrx_word' id='word_1_50' title='bbox 1348 1148 1707 1218; x_wconf 72' lang='grc' dir='ltr'>Χριστιανοὺς</span> <span class='ocrx_word' id='word_1_51' title='bbox 1755 1154 1976 1208; x_wconf 80' lang='grc' dir='ltr'>ἐϐεϐού-</span> 
     </span>
    </p>
   </div>
   <div class='ocr_carea' id='block_1_10' title="bbox 394 1230 1975 1310">
    <p class='ocr_par' dir='ltr' id='par_1_10' title="bbox 394 1230 1975 1310">
     <span class='ocr_line' id='line_1_11' title="bbox 394 1230 1975 1310; baseline 0.01 -28"><span class='ocrx_word' id='word_1_52' title='bbox 394 1230 565 1283; x_wconf 86' lang='grc' dir='ltr'>λευτο.</span> <span class='ocrx_word' id='word_1_53' title='bbox 598 1231 918 1296; x_wconf 83' lang='grc' dir='ltr'><strong><em>Σαλούστιος</em></strong></span> <span class='ocrx_word' id='word_1_54' title='bbox 955 1234 1011 1287; x_wconf 88' lang='grc' dir='ltr'>δὲ</span> <span class='ocrx_word' id='word_1_55' title='bbox 1056 1236 1084 1287; x_wconf 91' lang='lat'><strong><em>6</em></strong></span> <span class='ocrx_word' id='word_1_56' title='bbox 1132 1236 1230 1307; x_wconf 83' lang='grc' dir='ltr'><strong><em>τὴν</em></strong></span> <span class='ocrx_word' id='word_1_57' title='bbox 1278 1236 1523 1310; x_wconf 75' lang='grc' dir='ltr'>ὕπαρχον</span> <span class='ocrx_word' id='word_1_58' title='bbox 1570 1242 1817 1308; x_wconf 78' lang='grc' dir='ltr'>ἐξουσίαν</span> <span class='ocrx_word' id='word_1_59' title='bbox 1853 1247 1975 1300; x_wconf 85' lang='grc' dir='ltr'>ἐπι-</span> 
     </span>
    </p>
   </div>
   <div class='ocr_carea' id='block_1_11' title="bbox 393 1325 1973 1408">
    <p class='ocr_par' dir='ltr' id='par_1_11' title="bbox 393 1325 1973 1408">
     <span class='ocr_line' id='line_1_12' title="bbox 393 1325 1973 1408; baseline 0.011 -34"><span class='ocrx_word' id='word_1_60' title='bbox 393 1325 786 1394; x_wconf 73' lang='grc' dir='ltr'><strong><em>τετραμμένος,</em></strong></span> <span class='ocrx_word' id='word_1_61' title='bbox 814 1326 1014 1397; x_wconf 87' lang='grc' dir='ltr'>καίπερ</span> <span class='ocrx_word' id='word_1_62' title='bbox 1049 1327 1244 1398; x_wconf 80' lang='grc' dir='ltr'>Ἕλλην</span> <span class='ocrx_word' id='word_1_63' title='bbox 1290 1331 1570 1401; x_wconf 82' lang='grc' dir='ltr'><strong><em>ὑπάρχων,</em></strong></span> <span class='ocrx_word' id='word_1_64' title='bbox 1599 1336 1697 1388; x_wconf 83' lang='grc' dir='ltr'><strong><em>οὑκ</em></strong></span> <span class='ocrx_word' id='word_1_65' title='bbox 1741 1337 1973 1408; x_wconf 80' lang='grc' dir='ltr'>ἐπῄνεσε</span> 
     </span>
    </p>
   </div>
   <div class='ocr_carea' id='block_1_12' title="bbox 393 1414 1973 1497">
    <p class='ocr_par' dir='ltr' id='par_1_12' title="bbox 393 1414 1973 1497">
     <span class='ocr_line' id='line_1_13' title="bbox 393 1414 1973 1497; baseline 0.011 -32"><span class='ocrx_word' id='word_1_66' title='bbox 393 1414 493 1484; x_wconf 84' lang='grc' dir='ltr'>τὴν</span> <span class='ocrx_word' id='word_1_67' title='bbox 528 1414 742 1485; x_wconf 85' lang='grc' dir='ltr'>βουλήν.</span> <span class='ocrx_word' id='word_1_68' title='bbox 784 1417 1123 1472; x_wconf 80' lang='grc' dir='ltr'>Ἀντιτείνειν</span> <span class='ocrx_word' id='word_1_69' title='bbox 1174 1419 1230 1472; x_wconf 72' lang='grc' dir='ltr'>δὲ</span> <span class='ocrx_word' id='word_1_70' title='bbox 1276 1438 1351 1491; x_wconf 89' lang='grc' dir='ltr'><strong><em>μη</em></strong></span> <span class='ocrx_word' id='word_1_71' title='bbox 1406 1423 1568 1493; x_wconf 79' lang='grc' dir='ltr'>ἔχων,</span> <span class='ocrx_word' id='word_1_72' title='bbox 1606 1426 1670 1478; x_wconf 84' lang='grc' dir='ltr'>τὸ</span> <span class='ocrx_word' id='word_1_73' title='bbox 1712 1427 1973 1497; x_wconf 86' lang='grc' dir='ltr'>βασιλέως</span> 
     </span>
    </p>
   </div>
   <div class='ocr_carea' id='block_1_13' title="bbox 393 1505 1974 1588">
    <p class='ocr_par' dir='ltr' id='par_1_13' title="bbox 393 1505 1974 1588">
     <span class='ocr_line' id='line_1_14' title="bbox 393 1505 1974 1588; baseline 0.01 -31"><span class='ocrx_word' id='word_1_74' title='bbox 393 1505 673 1576; x_wconf 73' lang='grc' dir='ltr'><strong><em>ἐπίταγμα</em></strong></span> <span class='ocrx_word' id='word_1_75' title='bbox 708 1506 788 1570; x_wconf 76' lang='grc' dir='ltr'><strong><em>εἰς</em></strong></span> <span class='ocrx_word' id='word_1_76' title='bbox 816 1508 977 1579; x_wconf 84' lang='grc' dir='ltr'><strong>ἔργον</strong></span> <span class='ocrx_word' id='word_1_77' title='bbox 1010 1505 1133 1579; x_wconf 85' lang='grc' dir='ltr'>ἦγε.</span> <span class='ocrx_word' id='word_1_78' title='bbox 1176 1512 1284 1564; x_wconf 75' lang='grc' dir='ltr'>Καὶ</span> <span class='ocrx_word' id='word_1_79' title='bbox 1330 1516 1396 1584; x_wconf 79' lang='grc' dir='ltr'>τῇ</span> <span class='ocrx_word' id='word_1_80' title='bbox 1448 1514 1708 1588; x_wconf 75' lang='grc' dir='ltr'>ὑστεραίᾳ</span> <span class='ocrx_word' id='word_1_81' title='bbox 1745 1518 1974 1583; x_wconf 83' lang='grc' dir='ltr'>πολλοὺς</span> 
     </span>
    </p>
   </div>
   <div class='ocr_carea' id='block_1_14' title="bbox 394 1595 1972 1680">
    <p class='ocr_par' dir='ltr' id='par_1_14' title="bbox 394 1595 1972 1680">
     <span class='ocr_line' id='line_1_15' title="bbox 394 1595 1972 1680; baseline 0.011 -33"><span class='ocrx_word' id='word_1_82' title='bbox 394 1595 796 1667; x_wconf 82' lang='grc' dir='ltr'>συνελάμϐανεν</span> <span class='ocrx_word' id='word_1_83' title='bbox 851 1602 915 1652; x_wconf 88' lang='grc' dir='ltr'><strong><em>ἐκ</em></strong></span> <span class='ocrx_word' id='word_1_84' title='bbox 972 1601 1082 1654; x_wconf 86' lang='grc' dir='ltr'><strong><em>τῶν</em></strong></span> <span class='ocrx_word' id='word_1_85' title='bbox 1132 1604 1507 1675; x_wconf 80' lang='grc' dir='ltr'>Χριστιανῶν,</span> <span class='ocrx_word' id='word_1_86' title='bbox 1572 1609 1666 1662; x_wconf 78' lang='grc' dir='ltr'><strong><em>καὶ</em></strong></span> <span class='ocrx_word' id='word_1_87' title='bbox 1718 1609 1972 1680; x_wconf 80' lang='grc' dir='ltr'>δεσμίους</span> 
     </span>
    </p>
   </div>
   <div class='ocr_carea' id='block_1_15' title="bbox 392 1686 1971 1770">
    <p class='ocr_par' dir='ltr' id='par_1_15' title="bbox 392 1686 1971 1770">
     <span class='ocr_line' id='line_1_16' title="bbox 392 1686 1971 1770; baseline 0.011 -33"><span class='ocrx_word' id='word_1_88' title='bbox 392 1686 681 1757; x_wconf 78' lang='grc' dir='ltr'>ἐποίησενο</span> <span class='ocrx_word' id='word_1_89' title='bbox 723 1690 815 1742; x_wconf 87' lang='grc' dir='ltr'><strong><em>ένα</em></strong></span> <span class='ocrx_word' id='word_1_90' title='bbox 859 1691 918 1744; x_wconf 82' lang='grc' dir='ltr'><strong><em>δέ</em></strong></span> <span class='ocrx_word' id='word_1_91' title='bbox 972 1710 1092 1745; x_wconf 90' lang='grc' dir='ltr'>τινα</span> <span class='ocrx_word' id='word_1_92' title='bbox 1132 1696 1350 1749; x_wconf 72' lang='grc' dir='ltr'>νῖανίαν</span> <span class='ocrx_word' id='word_1_93' title='bbox 1387 1698 1600 1769; x_wconf 85' lang='grc' dir='ltr'>πρῶτον</span> <span class='ocrx_word' id='word_1_94' title='bbox 1641 1702 1971 1770; x_wconf 86' lang='grc' dir='ltr'>προαγαγὼν</span> 
     </span>
    </p>
   </div>
   <div class='ocr_carea' id='block_1_16' title="bbox 392 1776 1971 1863">
    <p class='ocr_par' dir='ltr' id='par_1_16' title="bbox 392 1776 1971 1863">
     <span class='ocr_line' id='line_1_17' title="bbox 392 1776 1971 1863; baseline 0.011 -35"><span class='ocrx_word' id='word_1_95' title='bbox 392 1776 684 1847; x_wconf 59' lang='grc' dir='ltr'>ξΘεόδωρος</span> <span class='ocrx_word' id='word_1_96' title='bbox 729 1778 773 1832; x_wconf 84' lang='grc' dir='ltr'>δ’</span> <span class='ocrx_word' id='word_1_97' title='bbox 815 1781 985 1851; x_wconf 74' lang='grc' dir='ltr'>ὄνομα</span> <span class='ocrx_word' id='word_1_98' title='bbox 1012 1784 1218 1855; x_wconf 81' lang='grc' dir='ltr'>αὐτῷ),</span> <span class='ocrx_word' id='word_1_99' title='bbox 1276 1786 1354 1857; x_wconf 83' lang='grc' dir='ltr'><strong><em>τῷ</em></strong></span> <span class='ocrx_word' id='word_1_100' title='bbox 1396 1787 1797 1862; x_wconf 84' lang='grc' dir='ltr'>βασανιστηρίῳ</span> <span class='ocrx_word' id='word_1_101' title='bbox 1831 1792 1971 1863; x_wconf 80' lang='grc' dir='ltr'>ξύλῳ</span> 
     </span>
    </p>
   </div>
   <div class='ocr_carea' id='block_1_17' title="bbox 390 1871 1967 1953">
    <p class='ocr_par' dir='ltr' id='par_1_17' title="bbox 390 1871 1967 1953">
     <span class='ocr_line' id='line_1_18' title="bbox 390 1871 1967 1953; baseline 0.011 -33"><span class='ocrx_word' id='word_1_102' title='bbox 390 1871 686 1940; x_wconf 72' lang='grc' dir='ltr'>προσῆψεν.</span> <span class='ocrx_word' id='word_1_103' title='bbox 730 1871 789 1925; x_wconf 87' lang='grc' dir='ltr'>Ὀ</span> <span class='ocrx_word' id='word_1_104' title='bbox 825 1874 901 1939; x_wconf 83' lang='grc' dir='ltr'>δὲ,</span> <span class='ocrx_word' id='word_1_105' title='bbox 932 1876 1022 1928; x_wconf 78' lang='grc' dir='ltr'><strong><em>ἐπὶ</em></strong></span> <span class='ocrx_word' id='word_1_106' title='bbox 1070 1876 1202 1930; x_wconf 87' lang='grc' dir='ltr'>πολὺ</span> <span class='ocrx_word' id='word_1_107' title='bbox 1244 1882 1357 1943; x_wconf 84' lang='grc' dir='ltr'>τοῖς</span> <span class='ocrx_word' id='word_1_108' title='bbox 1397 1880 1545 1948; x_wconf 76' lang='grc' dir='ltr'>ὄνυξι</span> <span class='ocrx_word' id='word_1_109' title='bbox 1581 1883 1967 1953; x_wconf 82' lang='grc' dir='ltr'>πληττόμενος,</span> 
     </span>
    </p>
   </div>
   <div class='ocr_carea' id='block_1_18' title="bbox 1322 469 2622 543">
    <p class='ocr_par' dir='ltr' id='par_1_18' title="bbox 1322 469 2622 543">
     <span class='ocr_line' id='line_1_19' title="bbox 1322 469 2622 543; baseline 0.006 -8"><span class='ocrx_word' id='word_1_110' title='bbox 1322 469 1651 536; x_wconf 78' lang='lat' dir='ltr'><strong><em>HISTORIA</em></strong></span> <span class='ocrx_word' id='word_1_111' title='bbox 1684 472 2255 540; x_wconf 78' lang='lat' dir='ltr'><strong><em>ECCLESIASTICA.</em></strong></span> <span class='ocrx_word' id='word_1_112' title='bbox 2297 512 2363 526; x_wconf 87' lang='lat'><strong>-</strong></span> <span class='ocrx_word' id='word_1_113' title='bbox 2398 483 2526 543; x_wconf 80' lang='lat' dir='ltr'><strong><em>LIB.</em></strong></span> <span class='ocrx_word' id='word_1_114' title='bbox 2560 486 2622 542; x_wconf 72' lang='grc' dir='ltr'>ν.</span> 
     </span>
    </p>
   </div>
   <div class='ocr_carea' id='block_1_19' title="bbox 2000 602 2049 660">
    <p class='ocr_par' dir='ltr' id='par_1_19' title="bbox 2000 602 2049 660">
     <span class='ocr_line' id='line_1_20' title="bbox 2000 602 2049 660; baseline 0 0"><span class='ocrx_word' id='word_1_115' title='bbox 2000 602 2049 660; x_wconf 75' lang='grc' dir='ltr'><strong>Δ</strong></span> 
     </span>
    </p>
   </div>
   <div class='ocr_carea' id='block_1_20' title="bbox 3518 487 3655 548">
    <p class='ocr_par' dir='ltr' id='par_1_20' title="bbox 3518 487 3655 548">
     <span class='ocr_line' id='line_1_21' title="bbox 3518 487 3655 548; baseline 0.029 -5"><span class='ocrx_word' id='word_1_116' title='bbox 3518 487 3655 548; x_wconf 67' lang='lat' dir='ltr'><strong><em>i279</em></strong></span> 
     </span>
    </p>
   </div>
   <div class='ocr_carea' id='block_1_21' title="bbox 2720 599 3032 658">
    <p class='ocr_par' dir='ltr' id='par_1_21' title="bbox 2720 599 3032 658">
     <span class='ocr_line' id='line_1_22' title="bbox 2720 599 3032 658; baseline 0.003 -1"><span class='ocrx_word' id='word_1_117' title='bbox 2720 599 2876 658; x_wconf 80' lang='lat' dir='ltr'><strong><em>CAP.</em></strong></span> <span class='ocrx_word' id='word_1_118' title='bbox 2915 600 3032 658; x_wconf 72' lang='lat' dir='ltr'><strong><em>XX.</em></strong></span> 
     </span>
    </p>
   </div>
   <div class='ocr_carea' id='block_1_22' title="bbox 2081 690 3651 757">
    <p class='ocr_par' dir='ltr' id='par_1_22' title="bbox 2081 690 3651 757">
     <span class='ocr_line' id='line_1_23' title="bbox 2081 690 3651 757; baseline 0.002 -14"><span class='ocrx_word' id='word_1_119' title='bbox 2081 691 2356 757; x_wconf 82' lang='lat' dir='ltr'><strong><em>Quomodo</em></strong></span> <span class='ocrx_word' id='word_1_120' title='bbox 2403 690 2657 745; x_wconf 78' lang='lat' dir='ltr'><strong><em>Julianus</em></strong></span> <span class='ocrx_word' id='word_1_121' title='bbox 2700 691 2763 745; x_wconf 85' lang='lat' dir='ltr'><strong><em>ob</em></strong></span> <span class='ocrx_word' id='word_1_122' title='bbox 2814 694 2948 746; x_wconf 88' lang='lat' dir='ltr'><strong><em>hanc</em></strong></span> <span class='ocrx_word' id='word_1_123' title='bbox 3000 692 3401 746; x_wconf 69' lang='lat' dir='ltr'><strong><em>translatione»:</em></strong></span> <span class='ocrx_word' id='word_1_124' title='bbox 3454 691 3651 746; x_wconf 74' lang='lat' dir='ltr'><strong><em>multo:</em></strong></span> 
     </span>
    </p>
   </div>
   <div class='ocr_carea' id='block_1_23' title="bbox 2148 760 3646 832">
    <p class='ocr_par' dir='ltr' id='par_1_23' title="bbox 2148 760 3646 832">
     <span class='ocr_line' id='line_1_24' title="bbox 2148 760 3646 832; baseline -0.001 -17"><span class='ocrx_word' id='word_1_125' title='bbox 2148 760 2577 817; x_wconf 81' lang='lat' dir='ltr'><strong><em>Christianorum</em></strong></span> <span class='ocrx_word' id='word_1_126' title='bbox 2633 765 2863 831; x_wconf 84' lang='lat' dir='ltr'><strong><em>graviter</em></strong></span> <span class='ocrx_word' id='word_1_127' title='bbox 2907 764 3230 832; x_wconf 76' lang='lat' dir='ltr'><strong><em>exagitavit:</em></strong></span> <span class='ocrx_word' id='word_1_128' title='bbox 3259 772 3310 816; x_wconf 90' lang='lat' dir='ltr'><strong><em>et</em></strong></span> <span class='ocrx_word' id='word_1_129' title='bbox 3344 765 3410 832; x_wconf 80' lang='lat' dir='ltr'><strong><em>de</em></strong></span> <span class='ocrx_word' id='word_1_130' title='bbox 3458 773 3646 816; x_wconf 78' lang='lat' dir='ltr'><strong><em>sancto</em></strong></span> 
     </span>
    </p>
   </div>
   <div class='ocr_carea' id='block_1_24' title="bbox 2153 831 3653 902">
    <p class='ocr_par' dir='ltr' id='par_1_24' title="bbox 2153 831 3653 902">
     <span class='ocr_line' id='line_1_25' title="bbox 2153 831 3653 902; baseline -0.001 -17"><span class='ocrx_word' id='word_1_131' title='bbox 2153 831 2423 886; x_wconf 79' lang='lat' dir='ltr'><strong><em>Theodoro</em></strong></span> <span class='ocrx_word' id='word_1_132' title='bbox 2472 833 2805 900; x_wconf 81' lang='lat' dir='ltr'><strong><em>confessore;</em></strong></span> <span class='ocrx_word' id='word_1_133' title='bbox 2857 831 3026 899; x_wconf 75' lang='lat' dir='ltr'><strong><em>utque</em></strong></span> <span class='ocrx_word' id='word_1_134' title='bbox 3063 832 3330 899; x_wconf 78' lang='lat' dir='ltr'><strong><em>Apollinis</em></strong></span> <span class='ocrx_word' id='word_1_135' title='bbox 3389 831 3653 902; x_wconf 77' lang='lat' dir='ltr'><strong><em>Daphan</em></strong></span> 
     </span>
    </p>
   </div>
   <div class='ocr_carea' id='block_1_25' title="bbox 2147 902 3176 973">
    <p class='ocr_par' dir='ltr' id='par_1_25' title="bbox 2147 902 3176 973">
     <span class='ocr_line' id='line_1_26' title="bbox 2147 902 3176 973; baseline 0.002 -18"><span class='ocrx_word' id='word_1_136' title='bbox 2147 905 2395 971; x_wconf 82' lang='lat' dir='ltr'><strong><em>templum</em></strong></span> <span class='ocrx_word' id='word_1_137' title='bbox 2418 903 2535 972; x_wconf 76' lang='lat' dir='ltr'><strong><em>igne</em></strong></span> <span class='ocrx_word' id='word_1_138' title='bbox 2567 902 2776 956; x_wconf 70' lang='lat' dir='ltr'><strong><em>caelitus</em></strong></span> <span class='ocrx_word' id='word_1_139' title='bbox 2805 904 3176 973; x_wconf 83' lang='lat' dir='ltr'><strong><em>conﬂagravit.</em></strong></span> 
     </span>
    </p>
   </div>
   <div class='ocr_carea' id='block_1_26' title="bbox 2148 1053 3650 1125">
    <p class='ocr_par' dir='ltr' id='par_1_26' title="bbox 2148 1053 3650 1125">
     <span class='ocr_line' id='line_1_27' title="bbox 2148 1053 3650 1125; baseline -0.002 -15"><span class='ocrx_word' id='word_1_140' title='bbox 2148 1057 2299 1110; x_wconf 88' lang='lat' dir='ltr'><strong><em>llanc</em></strong></span> <span class='ocrx_word' id='word_1_141' title='bbox 2319 1056 2393 1111; x_wconf 90' lang='lat' dir='ltr'><strong><em>ob</em></strong></span> <span class='ocrx_word' id='word_1_142' title='bbox 2432 1070 2659 1111; x_wconf 81' lang='lat' dir='ltr'><strong><em>causam</em></strong></span> <span class='ocrx_word' id='word_1_143' title='bbox 2694 1056 3024 1125; x_wconf 76' lang='lat' dir='ltr'><strong><em>imperator,</em></strong></span> <span class='ocrx_word' id='word_1_144' title='bbox 3071 1053 3458 1125; x_wconf 75' lang='lat' dir='ltr'><strong><em>indignatione</em></strong></span> <span class='ocrx_word' id='word_1_145' title='bbox 3495 1067 3650 1108; x_wconf 87' lang='lat' dir='ltr'><strong><em>eom-</em></strong></span> 
     </span>
    </p>
   </div>
   <div class='ocr_carea' id='block_1_27' title="bbox 2075 1142 3651 1218">
    <p class='ocr_par' dir='ltr' id='par_1_27' title="bbox 2075 1142 3651 1218">
     <span class='ocr_line' id='line_1_28' title="bbox 2075 1142 3651 1218; baseline -0.003 -16"><span class='ocrx_word' id='word_1_146' title='bbox 2075 1156 2279 1210; x_wconf 89' lang='lat' dir='ltr'><strong><em>motus,</em></strong></span> <span class='ocrx_word' id='word_1_147' title='bbox 2312 1148 2472 1218; x_wconf 89' lang='lat' dir='ltr'><strong><em>quasi</em></strong></span> <span class='ocrx_word' id='word_1_148' title='bbox 2501 1147 2836 1202; x_wconf 79' lang='lat' dir='ltr'><strong><em>contumelia</em></strong></span> <span class='ocrx_word' id='word_1_149' title='bbox 2868 1146 3098 1201; x_wconf 79' lang='lat' dir='ltr'><strong><em>affectus</em></strong></span> <span class='ocrx_word' id='word_1_150' title='bbox 3132 1146 3348 1209; x_wconf 90' lang='lat' dir='ltr'><strong><em>fuisset,</em></strong></span> <span class='ocrx_word' id='word_1_151' title='bbox 3380 1142 3651 1198; x_wconf 85' lang='lat' dir='ltr'><strong><em>Christia-</em></strong></span> 
     </span>
    </p>
   </div>
   <div class='ocr_carea' id='block_1_28' title="bbox 2075 1235 3646 1309">
    <p class='ocr_par' dir='ltr' id='par_1_28' title="bbox 2075 1235 3646 1309">
     <span class='ocr_line' id='line_1_29' title="bbox 2075 1235 3646 1309; baseline -0.002 -16"><span class='ocrx_word' id='word_1_152' title='bbox 2075 1254 2175 1294; x_wconf 91' lang='lat' dir='ltr'><strong><em>uos</em></strong></span> <span class='ocrx_word' id='word_1_153' title='bbox 2202 1239 2493 1309; x_wconf 85' lang='lat' dir='ltr'><strong><em>suppliciis</em></strong></span> <span class='ocrx_word' id='word_1_154' title='bbox 2514 1238 2730 1294; x_wconf 85' lang='lat' dir='ltr'><strong><em>allicere</em></strong></span> <span class='ocrx_word' id='word_1_155' title='bbox 2752 1239 3093 1295; x_wconf 76' lang='lat' dir='ltr'><strong><em>decreverat.</em></strong></span> <span class='ocrx_word' id='word_1_156' title='bbox 3115 1235 3319 1291; x_wconf 82' lang='lat' dir='ltr'><strong><em>Verum</em></strong></span> <span class='ocrx_word' id='word_1_157' title='bbox 3346 1236 3646 1298; x_wconf 83' lang='lat' dir='ltr'><strong><em>Salustius,</em></strong></span> 
     </span>
    </p>
   </div>
   <div class='ocr_carea' id='block_1_29' title="bbox 2073 1328 3647 1402">
    <p class='ocr_par' dir='ltr' id='par_1_29' title="bbox 2073 1328 3647 1402">
     <span class='ocr_line' id='line_1_30' title="bbox 2073 1328 3647 1402; baseline -0.001 -19"><span class='ocrx_word' id='word_1_158' title='bbox 2073 1331 2164 1401; x_wconf 88' lang='lat' dir='ltr'><strong><em>qui</em></strong></span> <span class='ocrx_word' id='word_1_159' title='bbox 2199 1332 2582 1401; x_wconf 70' lang='lat' dir='ltr'><strong><em>praefecturam</em></strong></span> <span class='ocrx_word' id='word_1_160' title='bbox 2624 1332 2848 1402; x_wconf 85' lang='lat' dir='ltr'><strong><em>gerebat</em></strong></span> <span class='ocrx_word' id='word_1_161' title='bbox 2897 1330 3176 1401; x_wconf 65' lang='lat' dir='ltr'><strong><em>praetorii,</em></strong></span> <span class='ocrx_word' id='word_1_162' title='bbox 3208 1329 3338 1383; x_wconf 91' lang='lat' dir='ltr'><strong><em>licet</em></strong></span> <span class='ocrx_word' id='word_1_163' title='bbox 3386 1328 3647 1397; x_wconf 77' lang='lat' dir='ltr'><strong><em>gentilis,</em></strong></span> 
     </span>
    </p>
   </div>
   <div class='ocr_carea' id='block_1_30' title="bbox 2073 1419 3645 1492">
    <p class='ocr_par' dir='ltr' id='par_1_30' title="bbox 2073 1419 3645 1492">
     <span class='ocr_line' id='line_1_31' title="bbox 2073 1419 3645 1492; baseline -0.004 -16"><span class='ocrx_word' id='word_1_164' title='bbox 2073 1423 2230 1492; x_wconf 76' lang='lat'><strong>211</strong></span> <span class='ocrx_word' id='word_1_165' title='bbox 2260 1423 2551 1476; x_wconf 85' lang='lat' dir='ltr'><strong><em>consilium</em></strong></span> <span class='ocrx_word' id='word_1_166' title='bbox 2592 1432 2772 1476; x_wconf 86' lang='lat' dir='ltr'><strong><em>tamen</em></strong></span> <span class='ocrx_word' id='word_1_167' title='bbox 2810 1421 3160 1491; x_wconf 71' lang='lat' dir='ltr'><strong><em>imperatoris</em></strong></span> <span class='ocrx_word' id='word_1_168' title='bbox 3206 1433 3321 1473; x_wconf 87' lang='lat' dir='ltr'><strong><em>non</em></strong></span> <span class='ocrx_word' id='word_1_169' title='bbox 3369 1419 3645 1487; x_wconf 82' lang='lat' dir='ltr'><strong><em>probavit.</em></strong></span> 
     </span>
    </p>
   </div>
   <div class='ocr_carea' id='block_1_31' title="bbox 2073 1510 3653 1585">
    <p class='ocr_par' dir='ltr' id='par_1_31' title="bbox 2073 1510 3653 1585">
     <span class='ocr_line' id='line_1_32' title="bbox 2073 1510 3653 1585; baseline -0.005 -15"><span class='ocrx_word' id='word_1_170' title='bbox 2073 1516 2210 1570; x_wconf 84' lang='lat' dir='ltr'><strong><em>Cum</em></strong></span> <span class='ocrx_word' id='word_1_171' title='bbox 2240 1524 2424 1568; x_wconf 87' lang='lat' dir='ltr'><strong><em>autem</em></strong></span> <span class='ocrx_word' id='word_1_172' title='bbox 2463 1515 2730 1585; x_wconf 75' lang='lat' dir='ltr'><strong><em>refragari</em></strong></span> <span class='ocrx_word' id='word_1_173' title='bbox 2771 1528 2879 1567; x_wconf 90' lang='lat' dir='ltr'><strong><em>non</em></strong></span> <span class='ocrx_word' id='word_1_174' title='bbox 2933 1520 3139 1582; x_wconf 79' lang='lat' dir='ltr'><strong><em>posset,</em></strong></span> <span class='ocrx_word' id='word_1_175' title='bbox 3174 1520 3507 1582; x_wconf 71' lang='lat' dir='ltr'><strong><em>praeceptum</em></strong></span> <span class='ocrx_word' id='word_1_176' title='bbox 3548 1510 3653 1563; x_wconf 88' lang='lat' dir='ltr'><strong><em>im-</em></strong></span> 
     </span>
    </p>
   </div>
   <div class='ocr_carea' id='block_1_32' title="bbox 2074 1601 3651 1677">
    <p class='ocr_par' dir='ltr' id='par_1_32' title="bbox 2074 1601 3651 1677">
     <span class='ocr_line' id='line_1_33' title="bbox 2074 1601 3651 1677; baseline -0.006 -14"><span class='ocrx_word' id='word_1_177' title='bbox 2074 1607 2343 1677; x_wconf 88' lang='lat' dir='ltr'><strong><em>peratoris</em></strong></span> <span class='ocrx_word' id='word_1_178' title='bbox 2366 1606 2703 1662; x_wconf 75' lang='lat' dir='ltr'><strong><em>cxsecutioni</em></strong></span> <span class='ocrx_word' id='word_1_179' title='bbox 2725 1605 3038 1667; x_wconf 90' lang='lat' dir='ltr'><strong><em>mandavit,</em></strong></span> <span class='ocrx_word' id='word_1_180' title='bbox 3074 1612 3129 1658; x_wconf 91' lang='lat' dir='ltr'><strong><em>et</em></strong></span> <span class='ocrx_word' id='word_1_181' title='bbox 3158 1603 3425 1674; x_wconf 87' lang='lat' dir='ltr'><strong><em>postridie</em></strong></span> <span class='ocrx_word' id='word_1_182' title='bbox 3448 1601 3651 1655; x_wconf 88' lang='lat' dir='ltr'><strong><em>multos</em></strong></span> 
     </span>
    </p>
   </div>
   <div class='ocr_carea' id='block_1_33' title="bbox 2071 1693 3648 1766">
    <p class='ocr_par' dir='ltr' id='par_1_33' title="bbox 2071 1693 3648 1766">
     <span class='ocr_line' id='line_1_34' title="bbox 2071 1693 3648 1766; baseline -0.004 -14"><span class='ocrx_word' id='word_1_183' title='bbox 2071 1698 2510 1753; x_wconf 83' lang='lat' dir='ltr'><strong><em>Christianorum</em></strong></span> <span class='ocrx_word' id='word_1_184' title='bbox 2557 1697 2986 1766; x_wconf 89' lang='lat' dir='ltr'><strong><em>comprehensos</em></strong></span> <span class='ocrx_word' id='word_1_185' title='bbox 3036 1695 3090 1749; x_wconf 92' lang='lat' dir='ltr'><strong><em>in</em></strong></span> <span class='ocrx_word' id='word_1_186' title='bbox 3123 1695 3343 1750; x_wconf 89' lang='lat' dir='ltr'><strong><em>vincula</em></strong></span> <span class='ocrx_word' id='word_1_187' title='bbox 3389 1693 3648 1762; x_wconf 72' lang='lat' dir='ltr'><strong><em>coniecit.</em></strong></span> 
     </span>
    </p>
   </div>
   <div class='ocr_carea' id='block_1_34' title="bbox 2070 1784 3649 1862">
    <p class='ocr_par' dir='ltr' id='par_1_34' title="bbox 2070 1784 3649 1862">
     <span class='ocr_line' id='line_1_35' title="bbox 2070 1784 3649 1862; baseline -0.006 -16"><span class='ocrx_word' id='word_1_188' title='bbox 2070 1792 2150 1846; x_wconf 87' lang='lat' dir='ltr'><strong><em>Ac</em></strong></span> <span class='ocrx_word' id='word_1_189' title='bbox 2192 1794 2424 1862; x_wconf 90' lang='lat' dir='ltr'><strong><em>primum</em></strong></span> <span class='ocrx_word' id='word_1_190' title='bbox 2462 1790 2706 1844; x_wconf 91' lang='lat' dir='ltr'><strong><em>omnium</em></strong></span> <span class='ocrx_word' id='word_1_191' title='bbox 2756 1789 3158 1843; x_wconf 83' lang='lat' dir='ltr'><strong><em>adolescentem</em></strong></span> <span class='ocrx_word' id='word_1_192' title='bbox 3206 1784 3521 1857; x_wconf 86' lang='lat' dir='ltr'><strong><em>quemdam,</em></strong></span> <span class='ocrx_word' id='word_1_193' title='bbox 3557 1784 3649 1838; x_wconf 89' lang='lat' dir='ltr'><strong><em>cui</em></strong></span> 
     </span>
    </p>
   </div>
   <div class='ocr_carea' id='block_1_35' title="bbox 2072 1878 3650 1949">
    <p class='ocr_par' dir='ltr' id='par_1_35' title="bbox 2072 1878 3650 1949">
     <span class='ocr_line' id='line_1_36' title="bbox 2072 1878 3650 1949; baseline -0.006 -11"><span class='ocrx_word' id='word_1_194' title='bbox 2072 1899 2270 1938; x_wconf 87' lang='lat' dir='ltr'><strong><em>nomen</em></strong></span> <span class='ocrx_word' id='word_1_195' title='bbox 2301 1893 2417 1937; x_wconf 88' lang='lat' dir='ltr'><strong><em>erat</em></strong></span> <span class='ocrx_word' id='word_1_196' title='bbox 2442 1880 2787 1946; x_wconf 88' lang='lat' dir='ltr'><strong><em>Theodorus,</em></strong></span> <span class='ocrx_word' id='word_1_197' title='bbox 2810 1880 3133 1949; x_wconf 91' lang='lat' dir='ltr'><strong><em>productum</em></strong></span> <span class='ocrx_word' id='word_1_198' title='bbox 3166 1879 3222 1932; x_wconf 90' lang='lat' dir='ltr'><strong><em>in</em></strong></span> <span class='ocrx_word' id='word_1_199' title='bbox 3251 1878 3489 1932; x_wconf 90' lang='lat' dir='ltr'><strong><em>medium</em></strong></span> <span class='ocrx_word' id='word_1_200' title='bbox 3521 1892 3650 1947; x_wconf 82' lang='lat' dir='ltr'><strong><em>equ-</em></strong></span> 
     </span>
    </p>
   </div>
   <div class='ocr_carea' id='block_1_36' title="bbox 390 1956 2148 2046">
    <p class='ocr_par' dir='ltr' id='par_1_36' title="bbox 390 1956 2148 2046">
     <span class='ocr_line' id='line_1_37' title="bbox 390 1956 2148 2046; baseline 0.009 -34"><span class='ocrx_word' id='word_1_201' title='bbox 390 1962 486 2031; x_wconf 83' lang='grc' dir='ltr'>οὑχ</span> <span class='ocrx_word' id='word_1_202' title='bbox 519 1964 723 2035; x_wconf 77' lang='grc' dir='ltr'><strong><em>ἡττήθη</em></strong></span> <span class='ocrx_word' id='word_1_203' title='bbox 759 1964 866 2017; x_wconf 84' lang='grc' dir='ltr'><strong><em>τῶν</em></strong></span> <span class='ocrx_word' id='word_1_204' title='bbox 895 1966 1161 2035; x_wconf 72' lang='grc' dir='ltr'>βασάνων,</span> <span class='ocrx_word' id='word_1_205' title='bbox 1205 1970 1324 2023; x_wconf 77' lang='grc' dir='ltr'>οὐδὲ</span> <span class='ocrx_word' id='word_1_206' title='bbox 1371 1972 1462 2025; x_wconf 80' lang='grc' dir='ltr'><strong><em>τὸν</em></strong></span> <span class='ocrx_word' id='word_1_207' title='bbox 1500 1973 1741 2046; x_wconf 81' lang='grc' dir='ltr'>ὕπαρχον</span> <span class='ocrx_word' id='word_1_208' title='bbox 1780 1977 1968 2030; x_wconf 76' lang='grc' dir='ltr'>ἐλιπάο</span> <span class='ocrx_word' id='word_1_209' title='bbox 2003 1956 2044 2010; x_wconf 75' lang='grc' dir='ltr'><strong>Β</strong></span> <span class='ocrx_word' id='word_1_210' title='bbox 2072 1977 2148 2029; x_wconf 86' lang='lat' dir='ltr'><strong><em>leo</em></strong></span> 
     </span>
    </p>
   </div>
   <div class='ocr_carea' id='block_1_37' title="bbox 1888 1956 3646 2046">
    <p class='ocr_par' dir='ltr' id='par_1_37' title="bbox 1888 1956 3646 2045">
     <span class='ocr_line' id='line_1_38' title="bbox 1888 1956 3646 2045; baseline -0.006 -15"><span class='ocrx_word' id='word_1_211' title='bbox 1888 1978 1968 2030; x_wconf 79' lang='lat' dir='ltr'><strong><em>:ai-</em></strong></span> <span class='ocrx_word' id='word_1_212' title='bbox 2003 1956 2044 2010; x_wconf 75' lang='grc' dir='ltr'><strong>Β</strong></span> <span class='ocrx_word' id='word_1_213' title='bbox 2072 1977 2155 2029; x_wconf 90' lang='lat' dir='ltr'><strong><em>leo</em></strong></span> <span class='ocrx_word' id='word_1_214' title='bbox 2192 1974 2476 2045; x_wconf 89' lang='lat' dir='ltr'><strong><em>applicuit.</em></strong></span> <span class='ocrx_word' id='word_1_215' title='bbox 2511 1973 2613 2038; x_wconf 82' lang='lat' dir='ltr'><strong><em>Qui</em></strong></span> <span class='ocrx_word' id='word_1_216' title='bbox 2643 1972 2863 2025; x_wconf 85' lang='lat' dir='ltr'><strong><em>tametsi</em></strong></span> <span class='ocrx_word' id='word_1_217' title='bbox 2906 1970 3125 2041; x_wconf 82' lang='lat' dir='ltr'><strong><em>ungulis</em></strong></span> <span class='ocrx_word' id='word_1_218' title='bbox 3150 1968 3343 2024; x_wconf 87' lang='lat' dir='ltr'><strong><em>ferreis</em></strong></span> <span class='ocrx_word' id='word_1_219' title='bbox 3374 1968 3467 2022; x_wconf 89' lang='lat' dir='ltr'><strong><em>diu</em></strong></span> <span class='ocrx_word' id='word_1_220' title='bbox 3500 1968 3646 2021; x_wconf 62' lang='lat' dir='ltr'><strong><em>lace.</em></strong></span> 
     </span>
    </p>
   </div>
   <div class='ocr_carea' id='block_1_38' title="bbox 395 2055 1969 2139">
    <p class='ocr_par' dir='ltr' id='par_1_38' title="bbox 395 2055 1969 2139">
     <span class='ocr_line' id='line_1_39' title="bbox 395 2055 1969 2139; baseline 0.012 -35"><span class='ocrx_word' id='word_1_221' title='bbox 395 2069 584 2123; x_wconf 83' lang='grc' dir='ltr'>ρησεν·</span> <span class='ocrx_word' id='word_1_222' title='bbox 624 2055 737 2107; x_wconf 81' lang='grc' dir='ltr'>ἀλλ’</span> <span class='ocrx_word' id='word_1_223' title='bbox 781 2056 1047 2111; x_wconf 82' lang='grc' dir='ltr'>ἀνώδυνον</span> <span class='ocrx_word' id='word_1_224' title='bbox 1103 2062 1294 2115; x_wconf 85' lang='grc' dir='ltr'>ἐαυτὸν</span> <span class='ocrx_word' id='word_1_225' title='bbox 1349 2064 1634 2132; x_wconf 77' lang='grc' dir='ltr'>φαίνεσθαι</span> <span class='ocrx_word' id='word_1_226' title='bbox 1692 2069 1969 2139; x_wconf 84' lang='grc' dir='ltr'>παρασχό-</span> 
     </span>
    </p>
   </div>
   <div class='ocr_carea' id='block_1_39' title="bbox 390 2145 1960 2231">
    <p class='ocr_par' dir='ltr' id='par_1_39' title="bbox 390 2145 1960 2231">
     <span class='ocr_line' id='line_1_40' title="bbox 390 2145 1960 2231; baseline 0.011 -35"><span class='ocrx_word' id='word_1_227' title='bbox 390 2162 573 2213; x_wconf 84' lang='grc' dir='ltr'>μενος,</span> <span class='ocrx_word' id='word_1_228' title='bbox 599 2145 672 2209; x_wconf 84' lang='grc' dir='ltr'>ὠς</span> <span class='ocrx_word' id='word_1_229' title='bbox 706 2145 902 2219; x_wconf 86' lang='grc' dir='ltr'>θεατὴς</span> <span class='ocrx_word' id='word_1_230' title='bbox 950 2148 1059 2203; x_wconf 88' lang='grc' dir='ltr'><strong><em>τῶν</em></strong></span> <span class='ocrx_word' id='word_1_231' title='bbox 1107 2152 1194 2205; x_wconf 75' lang='grc' dir='ltr'>ἐπ’</span> <span class='ocrx_word' id='word_1_232' title='bbox 1220 2153 1366 2223; x_wconf 87' lang='grc' dir='ltr'>αὑτῷ</span> <span class='ocrx_word' id='word_1_233' title='bbox 1412 2155 1728 2225; x_wconf 81' lang='grc' dir='ltr'>γινομένων,</span> <span class='ocrx_word' id='word_1_234' title='bbox 1770 2176 1960 2231; x_wconf 89' lang='grc' dir='ltr'>καρτε-</span> 
     </span>
    </p>
   </div>
   <div class='ocr_carea' id='block_1_40' title="bbox 391 2237 1967 2323">
    <p class='ocr_par' dir='ltr' id='par_1_40' title="bbox 391 2237 1967 2323">
     <span class='ocr_line' id='line_1_41' title="bbox 391 2237 1967 2323; baseline 0.009 -32"><span class='ocrx_word' id='word_1_235' title='bbox 391 2237 558 2308; x_wconf 81' lang='grc' dir='ltr'>ρικῶς</span> <span class='ocrx_word' id='word_1_236' title='bbox 586 2239 685 2301; x_wconf 74' lang='grc' dir='ltr'>τὰς</span> <span class='ocrx_word' id='word_1_237' title='bbox 714 2241 927 2312; x_wconf 78' lang='grc' dir='ltr'>πληγὰς</span> <span class='ocrx_word' id='word_1_238' title='bbox 954 2243 1165 2314; x_wconf 75' lang='grc' dir='ltr'>ἐδέχετο</span> <span class='ocrx_word' id='word_1_239' title='bbox 1183 2264 1196 2276; x_wconf 75' lang='grc' dir='ltr'><strong><em>ο</em></strong></span> <span class='ocrx_word' id='word_1_240' title='bbox 1233 2242 1388 2310; x_wconf 83' lang='grc' dir='ltr'>αὖθίς</span> <span class='ocrx_word' id='word_1_241' title='bbox 1428 2266 1487 2300; x_wconf 88' lang='grc' dir='ltr'><strong><em>τε</em></strong></span> <span class='ocrx_word' id='word_1_242' title='bbox 1513 2250 1604 2301; x_wconf 79' lang='grc' dir='ltr'><strong><em>τὸν</em></strong></span> <span class='ocrx_word' id='word_1_243' title='bbox 1632 2252 1793 2304; x_wconf 73' lang='grc' dir='ltr'>αὑτὸν</span> <span class='ocrx_word' id='word_1_244' title='bbox 1836 2253 1967 2323; x_wconf 83' lang='grc' dir='ltr'>μελ-</span> 
     </span>
    </p>
   </div>
   <div class='ocr_carea' id='block_1_41' title="bbox 386 2329 1968 2414">
    <p class='ocr_par' dir='ltr' id='par_1_41' title="bbox 386 2329 1968 2414">
     <span class='ocr_line' id='line_1_42' title="bbox 386 2329 1968 2414; baseline 0.011 -35"><span class='ocrx_word' id='word_1_245' title='bbox 386 2330 536 2399; x_wconf 72' lang='grc' dir='ltr'>ῳδῶν</span> <span class='ocrx_word' id='word_1_246' title='bbox 563 2329 796 2401; x_wconf 77' lang='grc' dir='ltr'>ψαλμὸν,</span> <span class='ocrx_word' id='word_1_247' title='bbox 838 2333 897 2385; x_wconf 80' lang='grc' dir='ltr'>ὃν</span> <span class='ocrx_word' id='word_1_248' title='bbox 945 2336 1039 2387; x_wconf 71' lang='grc' dir='ltr'><strong><em>καὶ</em></strong></span> <span class='ocrx_word' id='word_1_249' title='bbox 1069 2339 1133 2407; x_wconf 80' lang='grc' dir='ltr'>τῇ</span> <span class='ocrx_word' id='word_1_250' title='bbox 1163 2339 1477 2409; x_wconf 77' lang='grc' dir='ltr'>προτεραίᾳ,</span> <span class='ocrx_word' id='word_1_251' title='bbox 1509 2340 1582 2411; x_wconf 83' lang='grc' dir='ltr'>μὴ</span> <span class='ocrx_word' id='word_1_252' title='bbox 1615 2342 1795 2410; x_wconf 81' lang='grc' dir='ltr'>μέλειν</span> <span class='ocrx_word' id='word_1_253' title='bbox 1822 2343 1968 2414; x_wconf 82' lang='grc' dir='ltr'>αὑτῷ</span> 
     </span>
    </p>
   </div>
   <div class='ocr_carea' id='block_1_42' title="bbox 384 2417 1969 2497">
    <p class='ocr_par' dir='ltr' id='par_1_42' title="bbox 384 2417 1969 2497">
     <span class='ocr_line' id='line_1_43' title="bbox 384 2417 1969 2497; baseline 0.009 -25"><span class='ocrx_word' id='word_1_254' title='bbox 384 2420 588 2474; x_wconf 78' lang='grc' dir='ltr'>τούτων</span> <span class='ocrx_word' id='word_1_255' title='bbox 614 2422 699 2491; x_wconf 79' lang='grc' dir='ltr'><strong><em>ἐφ’</em></strong></span> <span class='ocrx_word' id='word_1_256' title='bbox 728 2417 807 2485; x_wconf 71' lang='grc' dir='ltr'>οἷς</span> <span class='ocrx_word' id='word_1_257' title='bbox 837 2424 1099 2496; x_wconf 88' lang='grc' dir='ltr'>ἐκρίνετο,</span> <span class='ocrx_word' id='word_1_258' title='bbox 1142 2429 1251 2490; x_wconf 86' lang='grc' dir='ltr'>τοῖς</span> <span class='ocrx_word' id='word_1_259' title='bbox 1284 2426 1465 2497; x_wconf 78' lang='grc' dir='ltr'>ἔργοις</span> <span class='ocrx_word' id='word_1_260' title='bbox 1497 2430 1757 2494; x_wconf 80' lang='grc' dir='ltr'>ἐπέδειξε.</span> <span class='ocrx_word' id='word_1_261' title='bbox 1786 2433 1969 2486; x_wconf 87' lang='grc' dir='ltr'>Κατα-</span> 
     </span>
    </p>
   </div>
   <div class='ocr_carea' id='block_1_43' title="bbox 387 2513 1964 2594">
    <p class='ocr_par' dir='ltr' id='par_1_43' title="bbox 387 2513 1964 2594">
     <span class='ocr_line' id='line_1_44' title="bbox 387 2513 1964 2594; baseline 0.008 -31"><span class='ocrx_word' id='word_1_262' title='bbox 387 2513 610 2582; x_wconf 73' lang='grc' dir='ltr'>πλαγεὶς</span> <span class='ocrx_word' id='word_1_263' title='bbox 664 2514 721 2567; x_wconf 82' lang='grc' dir='ltr'><strong><em>δὲ</em></strong></span> <span class='ocrx_word' id='word_1_264' title='bbox 772 2514 869 2585; x_wconf 79' lang='grc' dir='ltr'>τὴν</span> <span class='ocrx_word' id='word_1_265' title='bbox 921 2516 1170 2569; x_wconf 82' lang='grc' dir='ltr'>ἔνστασιν</span> <span class='ocrx_word' id='word_1_266' title='bbox 1218 2518 1312 2571; x_wconf 90' lang='grc' dir='ltr'><strong><em>τοῦ</em></strong></span> <span class='ocrx_word' id='word_1_267' title='bbox 1359 2522 1569 2573; x_wconf 66' lang='grc' dir='ltr'>νεανίο)</span> <span class='ocrx_word' id='word_1_268' title='bbox 1616 2523 1644 2574; x_wconf 92' lang='lat'><strong><em>6</em></strong></span> <span class='ocrx_word' id='word_1_269' title='bbox 1702 2521 1964 2594; x_wconf 77' lang='grc' dir='ltr'><strong><em>ὕπαρχος,</em></strong></span> 
     </span>
    </p>
   </div>
   <div class='ocr_carea' id='block_1_44' title="bbox 385 2604 1965 2685">
    <p class='ocr_par' dir='ltr' id='par_1_44' title="bbox 385 2604 1965 2685">
     <span class='ocr_line' id='line_1_45' title="bbox 385 2604 1965 2685; baseline 0.011 -29"><span class='ocrx_word' id='word_1_270' title='bbox 385 2604 553 2668; x_wconf 72' lang='grc' dir='ltr'>ἐλθὼν</span> <span class='ocrx_word' id='word_1_271' title='bbox 588 2608 715 2676; x_wconf 77' lang='grc' dir='ltr'>περὶ</span> <span class='ocrx_word' id='word_1_272' title='bbox 743 2606 833 2660; x_wconf 83' lang='grc' dir='ltr'><strong><em>τὸν</em></strong></span> <span class='ocrx_word' id='word_1_273' title='bbox 858 2606 1224 2680; x_wconf 57' lang='grc' dir='ltr'>βασιλέαβο),</span> <span class='ocrx_word' id='word_1_274' title='bbox 1253 2608 1373 2665; x_wconf 81' lang='grc' dir='ltr'>εἶπε</span> <span class='ocrx_word' id='word_1_275' title='bbox 1401 2613 1468 2666; x_wconf 76' lang='grc' dir='ltr'><strong><em>τὰ</em></strong></span> <span class='ocrx_word' id='word_1_276' title='bbox 1495 2632 1560 2682; x_wconf 84' lang='grc' dir='ltr'><strong><em>γε</em></strong></span> <span class='ocrx_word' id='word_1_277' title='bbox 1596 2615 1784 2685; x_wconf 83' lang='grc' dir='ltr'>όμενα,</span> <span class='ocrx_word' id='word_1_278' title='bbox 1802 2619 1896 2672; x_wconf 75' lang='grc' dir='ltr'><strong><em>καὶ</em></strong></span> <span class='ocrx_word' id='word_1_279' title='bbox 1917 2622 1965 2674; x_wconf 81' lang='grc' dir='ltr'>εἰ</span> 
     </span>
    </p>
   </div>
   <div class='ocr_carea' id='block_1_45' title="bbox 388 2695 1966 2774">
    <p class='ocr_par' dir='ltr' id='par_1_45' title="bbox 388 2695 1966 2774">
     <span class='ocr_line' id='line_1_46' title="bbox 388 2695 1966 2774; baseline 0.01 -27"><span class='ocrx_word' id='word_1_280' title='bbox 388 2695 462 2765; x_wconf 83' lang='grc' dir='ltr'>μὴ</span> <span class='ocrx_word' id='word_1_281' title='bbox 490 2695 683 2749; x_wconf 79' lang='grc' dir='ltr'>θᾶττον</span> <span class='ocrx_word' id='word_1_282' title='bbox 717 2697 987 2753; x_wconf 79' lang='grc' dir='ltr'>παύσαιτο</span> <span class='ocrx_word' id='word_1_283' title='bbox 1018 2700 1119 2770; x_wconf 78' lang='grc' dir='ltr'>τῆς</span> <span class='ocrx_word' id='word_1_284' title='bbox 1151 2704 1567 2774; x_wconf 79' lang='grc' dir='ltr'>ἐπιχειρήσεως,</span> <span class='ocrx_word' id='word_1_285' title='bbox 1598 2709 1737 2774; x_wconf 80' lang='grc' dir='ltr'>σφᾶς</span> <span class='ocrx_word' id='word_1_286' title='bbox 1770 2708 1966 2772; x_wconf 77' lang='grc' dir='ltr'>αὑτοὺς</span> 
     </span>
    </p>
   </div>
   <div class='ocr_carea' id='block_1_46' title="bbox 384 2790 1965 2867">
    <p class='ocr_par' dir='ltr' id='par_1_46' title="bbox 384 2790 1965 2867">
     <span class='ocr_line' id='line_1_47' title="bbox 384 2790 1965 2867; baseline 0.008 -26"><span class='ocrx_word' id='word_1_287' title='bbox 384 2790 821 2857; x_wconf 75' lang='grc' dir='ltr'>καταγελάστους</span> <span class='ocrx_word' id='word_1_288' title='bbox 866 2791 1110 2845; x_wconf 74' lang='grc' dir='ltr'>ἔσεσθαι·</span> <span class='ocrx_word' id='word_1_289' title='bbox 1174 2795 1300 2858; x_wconf 81' lang='grc' dir='ltr'>τοὺς</span> <span class='ocrx_word' id='word_1_290' title='bbox 1350 2795 1406 2849; x_wconf 85' lang='grc' dir='ltr'><strong><em>δὲ</em></strong></span> <span class='ocrx_word' id='word_1_291' title='bbox 1464 2798 1825 2867; x_wconf 73' lang='grc' dir='ltr'>Χριστιανοὺς</span> <span class='ocrx_word' id='word_1_292' title='bbox 1880 2803 1965 2853; x_wconf 84' lang='grc' dir='ltr'>ἐν·</span> 
     </span>
    </p>
   </div>
   <div class='ocr_carea' id='block_1_47' title="bbox 381 2879 1964 2957">
    <p class='ocr_par' dir='ltr' id='par_1_47' title="bbox 381 2879 1964 2957">
     <span class='ocr_line' id='line_1_48' title="bbox 381 2879 1964 2957; baseline 0.005 -20"><span class='ocrx_word' id='word_1_293' title='bbox 381 2879 687 2953; x_wconf 78' lang='grc' dir='ltr'>δοξοτέρους</span> <span class='ocrx_word' id='word_1_294' title='bbox 741 2885 1007 2954; x_wconf 86' lang='grc' dir='ltr'>ποιήσειν.</span> <span class='ocrx_word' id='word_1_295' title='bbox 1062 2886 1317 2956; x_wconf 77' lang='grc' dir='ltr'>’Ἄμεινον</span> <span class='ocrx_word' id='word_1_296' title='bbox 1368 2887 1424 2941; x_wconf 82' lang='grc' dir='ltr'>δὲ</span> <span class='ocrx_word' id='word_1_297' title='bbox 1472 2889 1631 2943; x_wconf 87' lang='grc' dir='ltr'>τοῦτο</span> <span class='ocrx_word' id='word_1_298' title='bbox 1682 2891 1860 2957; x_wconf 78' lang='grc' dir='ltr'>δόξαν,</span> <span class='ocrx_word' id='word_1_299' title='bbox 1915 2893 1964 2945; x_wconf 74' lang='grc' dir='ltr'><strong>οἱ</strong></span> 
     </span>
    </p>
   </div>
   <div class='ocr_carea' id='block_1_48' title="bbox 383 2974 1965 3051">
    <p class='ocr_par' dir='ltr' id='par_1_48' title="bbox 383 2974 1965 3051">
     <span class='ocr_line' id='line_1_49' title="bbox 383 2974 1965 3051; baseline 0.008 -26"><span class='ocrx_word' id='word_1_300' title='bbox 383 2974 780 3044; x_wconf 77' lang='grc' dir='ltr'>συλληφθέντες</span> <span class='ocrx_word' id='word_1_301' title='bbox 835 2978 1113 3049; x_wconf 78' lang='grc' dir='ltr'>ἀφέθησαν</span> <span class='ocrx_word' id='word_1_302' title='bbox 1178 2979 1285 3033; x_wconf 90' lang='grc' dir='ltr'><strong><em>τῶν</em></strong></span> <span class='ocrx_word' id='word_1_303' title='bbox 1334 2981 1568 3051; x_wconf 84' lang='grc' dir='ltr'>δεσμῶν.</span> <span class='ocrx_word' id='word_1_304' title='bbox 1630 2984 1863 3049; x_wconf 78' lang='grc' dir='ltr'>Λέγεται</span> <span class='ocrx_word' id='word_1_305' title='bbox 1909 2984 1965 3039; x_wconf 82' lang='grc' dir='ltr'>δὲ</span> 
     </span>
    </p>
   </div>
   <div class='ocr_carea' id='block_1_49' title="bbox 383 3066 1965 3146">
    <p class='ocr_par' dir='ltr' id='par_1_49' title="bbox 383 3066 1965 3146">
     <span class='ocr_line' id='line_1_50' title="bbox 383 3066 1965 3146; baseline 0.008 -26"><span class='ocrx_word' id='word_1_306' title='bbox 383 3066 796 3137; x_wconf 83' lang='grc' dir='ltr'>πυνθανομένων</span> <span class='ocrx_word' id='word_1_307' title='bbox 829 3068 966 3139; x_wconf 85' lang='grc' dir='ltr'><strong><em>μετά</em></strong></span> <span class='ocrx_word' id='word_1_308' title='bbox 994 3069 1166 3122; x_wconf 87' lang='grc' dir='ltr'>ταῦτά</span> <span class='ocrx_word' id='word_1_309' title='bbox 1188 3089 1368 3138; x_wconf 88' lang='grc' dir='ltr'>τινων,</span> <span class='ocrx_word' id='word_1_310' title='bbox 1400 3074 1557 3145; x_wconf 75' lang='grc' dir='ltr'>εἴπερ</span> <span class='ocrx_word' id='word_1_311' title='bbox 1583 3074 1831 3146; x_wconf 74' lang='grc' dir='ltr'>αἴσθησιν</span> <span class='ocrx_word' id='word_1_312' title='bbox 1857 3078 1965 3133; x_wconf 86' lang='grc' dir='ltr'><strong><em>τῶν</em></strong></span> 
     </span>
    </p>
   </div>
   <div class='ocr_carea' id='block_1_50' title="bbox 385 3155 1963 3241">
    <p class='ocr_par' dir='ltr' id='par_1_50' title="bbox 385 3155 1963 3241">
     <span class='ocr_line' id='line_1_51' title="bbox 385 3155 1963 3241; baseline 0.01 -33"><span class='ocrx_word' id='word_1_313' title='bbox 385 3155 633 3225; x_wconf 80' lang='grc' dir='ltr'>βασάνων</span> <span class='ocrx_word' id='word_1_314' title='bbox 673 3157 895 3211; x_wconf 76' lang='grc' dir='ltr'>ἐκείνων</span> <span class='ocrx_word' id='word_1_315' title='bbox 938 3158 1262 3229; x_wconf 84' lang='grc' dir='ltr'>ἐλάμϐανεν,</span> <span class='ocrx_word' id='word_1_316' title='bbox 1306 3164 1480 3217; x_wconf 83' lang='grc' dir='ltr'>εἰπεῖν</span> <span class='ocrx_word' id='word_1_317' title='bbox 1526 3165 1616 3218; x_wconf 81' lang='grc' dir='ltr'>τὸν</span> <span class='ocrx_word' id='word_1_318' title='bbox 1672 3167 1963 3241; x_wconf 75' lang='grc' dir='ltr'>Θεόδωρον,</span> 
     </span>
    </p>
   </div>
   <div class='ocr_carea' id='block_1_51' title="bbox 382 3248 1965 3330">
    <p class='ocr_par' dir='ltr' id='par_1_51' title="bbox 382 3248 1965 3330">
     <span class='ocr_line' id='line_1_52' title="bbox 382 3248 1965 3330; baseline 0.011 -30"><span class='ocrx_word' id='word_1_319' title='bbox 382 3248 456 3311; x_wconf 83' lang='grc' dir='ltr'>ὡς</span> <span class='ocrx_word' id='word_1_320' title='bbox 490 3249 702 3313; x_wconf 78' lang='grc' dir='ltr'>πάντως</span> <span class='ocrx_word' id='word_1_321' title='bbox 731 3249 830 3320; x_wconf 84' lang='grc' dir='ltr'>μὲν</span> <span class='ocrx_word' id='word_1_322' title='bbox 864 3251 1131 3315; x_wconf 86' lang='grc' dir='ltr'>ἀνώδυνος</span> <span class='ocrx_word' id='word_1_323' title='bbox 1178 3254 1278 3307; x_wconf 89' lang='grc' dir='ltr'><strong><em>οὑκ</em></strong></span> <span class='ocrx_word' id='word_1_324' title='bbox 1318 3251 1384 3327; x_wconf 83' lang='grc' dir='ltr'>ἦν</span> <span class='ocrx_word' id='word_1_325' title='bbox 1406 3273 1420 3287; x_wconf 78' lang='grc' dir='ltr'><strong><em>ο</em></strong></span> <span class='ocrx_word' id='word_1_326' title='bbox 1462 3260 1746 3330; x_wconf 87' lang='grc' dir='ltr'>παρεστὼς</span> <span class='ocrx_word' id='word_1_327' title='bbox 1783 3263 1840 3315; x_wconf 88' lang='grc' dir='ltr'><strong><em>δέ</em></strong></span> <span class='ocrx_word' id='word_1_328' title='bbox 1881 3282 1965 3328; x_wconf 87' lang='grc' dir='ltr'><strong><em>τις</em></strong></span> 
     </span>
    </p>
   </div>
   <div class='ocr_carea' id='block_1_52' title="bbox 381 3342 1966 3425">
    <p class='ocr_par' dir='ltr' id='par_1_52' title="bbox 381 3342 1966 3425">
     <span class='ocr_line' id='line_1_53' title="bbox 381 3342 1966 3425; baseline 0.011 -33"><span class='ocrx_word' id='word_1_329' title='bbox 381 3342 531 3412; x_wconf 85' lang='grc' dir='ltr'>αὑτῷ</span> <span class='ocrx_word' id='word_1_330' title='bbox 570 3344 807 3408; x_wconf 81' lang='grc' dir='ltr'>νεανίας,</span> <span class='ocrx_word' id='word_1_331' title='bbox 858 3344 1137 3399; x_wconf 80' lang='grc' dir='ltr'>κατέπαυε</span> <span class='ocrx_word' id='word_1_332' title='bbox 1191 3348 1290 3411; x_wconf 73' lang='grc' dir='ltr'><strong><em>τὰς</em></strong></span> <span class='ocrx_word' id='word_1_333' title='bbox 1339 3350 1656 3421; x_wconf 85' lang='grc' dir='ltr'>ἀλγηδόνας,</span> <span class='ocrx_word' id='word_1_334' title='bbox 1686 3354 1966 3425; x_wconf 79' lang='grc' dir='ltr'>ὑφάσματι</span> 
     </span>
    </p>
   </div>
   <div class='ocr_carea' id='block_1_53' title="bbox 378 3430 1968 3517">
    <p class='ocr_par' dir='ltr' id='par_1_53' title="bbox 378 3430 1968 3517">
     <span class='ocr_line' id='line_1_54' title="bbox 378 3430 1968 3517; baseline 0.011 -34"><span class='ocrx_word' id='word_1_335' title='bbox 378 3430 690 3503; x_wconf 86' lang='grc' dir='ltr'>λεπτοτάτῳ</span> <span class='ocrx_word' id='word_1_336' title='bbox 713 3435 839 3499; x_wconf 80' lang='grc' dir='ltr'>τοὺς</span> <span class='ocrx_word' id='word_1_337' title='bbox 888 3436 1117 3508; x_wconf 75' lang='grc' dir='ltr'>ἱδρῶτας</span> <span class='ocrx_word' id='word_1_338' title='bbox 1159 3440 1509 3509; x_wconf 82' lang='grc' dir='ltr'>ἀπομάττων,</span> <span class='ocrx_word' id='word_1_339' title='bbox 1540 3445 1634 3496; x_wconf 69' lang='grc' dir='ltr'>καὶ</span> <span class='ocrx_word' id='word_1_340' title='bbox 1674 3444 1815 3517; x_wconf 80' lang='grc' dir='ltr'>ὕδωρ</span> <span class='ocrx_word' id='word_1_341' title='bbox 1850 3448 1968 3500; x_wconf 86' lang='grc' dir='ltr'>ἐπι-</span> 
     </span>
    </p>
   </div>
   <div class='ocr_carea' id='block_1_54' title="bbox 378 3523 1966 3603">
    <p class='ocr_par' dir='ltr' id='par_1_54' title="bbox 378 3523 1966 3603">
     <span class='ocr_line' id='line_1_55' title="bbox 378 3523 1966 3603; baseline 0.009 -26"><span class='ocrx_word' id='word_1_342' title='bbox 378 3526 517 3595; x_wconf 82' lang='grc' dir='ltr'>χέων</span> <span class='ocrx_word' id='word_1_343' title='bbox 562 3527 921 3597; x_wconf 80' lang='grc' dir='ltr'>ψυχρότατον,</span> <span class='ocrx_word' id='word_1_344' title='bbox 1030 3530 1127 3593; x_wconf 78' lang='grc' dir='ltr'><strong><em>τάς</em></strong></span> <span class='ocrx_word' id='word_1_345' title='bbox 1154 3532 1464 3603; x_wconf 78' lang='grc' dir='ltr'>φλεγμονὰς</span> <span class='ocrx_word' id='word_1_346' title='bbox 1507 3535 1699 3597; x_wconf 79' lang='grc' dir='ltr'>ἔπαυε,</span> <span class='ocrx_word' id='word_1_347' title='bbox 1737 3540 1830 3592; x_wconf 69' lang='grc' dir='ltr'><strong><em>κα)⁸</em></strong></span> <span class='ocrx_word' id='word_1_348' title='bbox 1858 3539 1966 3592; x_wconf 86' lang='grc' dir='ltr'><strong><em>τῶν</em></strong></span> 
     </span>
    </p>
   </div>
   <div class='ocr_carea' id='block_1_55' title="bbox 380 3618 1964 3699">
    <p class='ocr_par' dir='ltr' id='par_1_55' title="bbox 380 3618 1964 3699">
     <span class='ocr_line' id='line_1_56' title="bbox 380 3618 1964 3699; baseline 0.007 -29"><span class='ocrx_word' id='word_1_349' title='bbox 380 3618 558 3670; x_wconf 82' lang='grc' dir='ltr'>πόνων</span> <span class='ocrx_word' id='word_1_350' title='bbox 587 3619 843 3689; x_wconf 75' lang='grc' dir='ltr'>ἀνέψυχε.</span> <span class='ocrx_word' id='word_1_351' title='bbox 881 3622 1039 3673; x_wconf 85' lang='grc' dir='ltr'>Δοκεῖ</span> <span class='ocrx_word' id='word_1_352' title='bbox 1086 3622 1142 3673; x_wconf 84' lang='grc' dir='ltr'><strong><em>δέ</em></strong></span> <span class='ocrx_word' id='word_1_353' title='bbox 1192 3640 1281 3693; x_wconf 88' lang='grc' dir='ltr'><strong><em>μοι</em></strong></span> <span class='ocrx_word' id='word_1_354' title='bbox 1324 3625 1421 3677; x_wconf 77' lang='grc' dir='ltr'><strong><em>οὐκ</em></strong></span> <span class='ocrx_word' id='word_1_355' title='bbox 1463 3627 1749 3696; x_wconf 85' lang='grc' dir='ltr'>ἀνθρώπου</span> <span class='ocrx_word' id='word_1_356' title='bbox 1783 3631 1964 3699; x_wconf 75' lang='grc' dir='ltr'>μόνον,</span> 
     </span>
    </p>
   </div>
   <div class='ocr_carea' id='block_1_56' title="bbox 380 3709 1963 3790">
    <p class='ocr_par' dir='ltr' id='par_1_56' title="bbox 380 3709 1963 3790">
     <span class='ocr_line' id='line_1_57' title="bbox 380 3709 1963 3790; baseline 0.006 -25"><span class='ocrx_word' id='word_1_357' title='bbox 380 3714 428 3765; x_wconf 87' lang='grc' dir='ltr'>εἰ</span> <span class='ocrx_word' id='word_1_358' title='bbox 461 3712 553 3765; x_wconf 84' lang='grc' dir='ltr'><strong><em>καὶ</em></strong></span> <span class='ocrx_word' id='word_1_359' title='bbox 585 3712 727 3782; x_wconf 75' lang='grc' dir='ltr'>μάλα</span> <span class='ocrx_word' id='word_1_360' title='bbox 761 3714 1003 3780; x_wconf 86' lang='grc' dir='ltr'>γενναῖος</span> <span class='ocrx_word' id='word_1_361' title='bbox 1029 3709 1115 3785; x_wconf 73' lang='grc' dir='ltr'>ἦν,</span> <span class='ocrx_word' id='word_1_362' title='bbox 1152 3715 1225 3785; x_wconf 83' lang='grc' dir='ltr'>μὴ</span> <span class='ocrx_word' id='word_1_363' title='bbox 1259 3718 1348 3769; x_wconf 70' lang='grc' dir='ltr'><strong><em>καὶ</em></strong></span> <span class='ocrx_word' id='word_1_364' title='bbox 1400 3716 1521 3788; x_wconf 68' lang='grc' dir='ltr'>θείᾳ</span> <span class='ocrx_word' id='word_1_365' title='bbox 1552 3722 1692 3790; x_wconf 78' lang='grc' dir='ltr'>ῥοπῇ</span> <span class='ocrx_word' id='word_1_366' title='bbox 1738 3724 1963 3774; x_wconf 84' lang='grc' dir='ltr'>ἐπικου-</span> 
     </span>
    </p>
   </div>
   <div class='ocr_carea' id='block_1_57' title="bbox 384 3802 1965 3881">
    <p class='ocr_par' dir='ltr' id='par_1_57' title="bbox 384 3802 1965 3881">
     <span class='ocr_line' id='line_1_58' title="bbox 384 3802 1965 3881; baseline 0.008 -28"><span class='ocrx_word' id='word_1_367' title='bbox 384 3802 663 3874; x_wconf 74' lang='grc' dir='ltr'>ρουμένου,</span> <span class='ocrx_word' id='word_1_368' title='bbox 694 3803 945 3855; x_wconf 84' lang='grc' dir='ltr'>τοσοῦτον</span> <span class='ocrx_word' id='word_1_369' title='bbox 979 3803 1254 3869; x_wconf 80' lang='grc' dir='ltr'>ὑπεριδεῖν</span> <span class='ocrx_word' id='word_1_370' title='bbox 1294 3808 1386 3860; x_wconf 70' lang='grc' dir='ltr'><strong><em>τοῦ</em></strong></span> <span class='ocrx_word' id='word_1_371' title='bbox 1442 3807 1711 3877; x_wconf 82' lang='grc' dir='ltr'>σώματος.</span> <span class='ocrx_word' id='word_1_372' title='bbox 1758 3812 1814 3864; x_wconf 87' lang='grc' dir='ltr'><strong>Ὀ</strong></span> <span class='ocrx_word' id='word_1_373' title='bbox 1862 3813 1965 3881; x_wconf 85' lang='grc' dir='ltr'><strong><em>μὲν</em></strong></span> 
     </span>
    </p>
   </div>
   <div class='ocr_carea' id='block_1_58' title="bbox 379 3895 1967 3968">
    <p class='ocr_par' dir='ltr' id='par_1_58' title="bbox 379 3895 1967 3968">
     <span class='ocr_line' id='line_1_59' title="bbox 379 3895 1967 3968; baseline 0.006 -21"><span class='ocrx_word' id='word_1_374' title='bbox 379 3895 442 3963; x_wconf 83' lang='grc' dir='ltr'>δὴ</span> <span class='ocrx_word' id='word_1_375' title='bbox 482 3895 691 3964; x_wconf 82' lang='grc' dir='ltr'>μάρτυς</span> <span class='ocrx_word' id='word_1_376' title='bbox 725 3895 992 3961; x_wconf 84' lang='grc' dir='ltr'>Βαϐύλας,</span> <span class='ocrx_word' id='word_1_377' title='bbox 1034 3896 1098 3949; x_wconf 88' lang='grc' dir='ltr'><strong><em>ἐκ</em></strong></span> <span class='ocrx_word' id='word_1_378' title='bbox 1140 3899 1240 3967; x_wconf 82' lang='grc' dir='ltr'>τῆς</span> <span class='ocrx_word' id='word_1_379' title='bbox 1277 3898 1570 3968; x_wconf 84' lang='grc' dir='ltr'>εἰρημένης</span> <span class='ocrx_word' id='word_1_380' title='bbox 1618 3901 1795 3965; x_wconf 79' lang='grc' dir='ltr'>αἰτίας</span> <span class='ocrx_word' id='word_1_381' title='bbox 1836 3920 1967 3956; x_wconf 85' lang='grc' dir='ltr'>κατ·</span> 
     </span>
    </p>
   </div>
   <div class='ocr_carea' id='block_1_59' title="bbox 379 3986 1966 4064">
    <p class='ocr_par' dir='ltr' id='par_1_59' title="bbox 379 3986 1966 4064">
     <span class='ocr_line' id='line_1_60' title="bbox 379 3986 1966 4064; baseline 0.007 -27"><span class='ocrx_word' id='word_1_382' title='bbox 379 3986 585 4056; x_wconf 84' lang='grc' dir='ltr'>ῳκίσθη</span> <span class='ocrx_word' id='word_1_383' title='bbox 622 3989 676 4039; x_wconf 80' lang='grc' dir='ltr'><strong><em>ἐν</em></strong></span> <span class='ocrx_word' id='word_1_384' title='bbox 705 3986 912 4060; x_wconf 63' lang='grc' dir='ltr'><strong><em>Δάφνῃ,</em></strong></span> <span class='ocrx_word' id='word_1_385' title='bbox 944 3988 1036 4039; x_wconf 72' lang='grc' dir='ltr'><strong><em>καὶ</em></strong></span> <span class='ocrx_word' id='word_1_386' title='bbox 1072 3988 1230 4040; x_wconf 80' lang='grc' dir='ltr'>πάλιν</span> <span class='ocrx_word' id='word_1_387' title='bbox 1264 3990 1525 4061; x_wconf 84' lang='grc' dir='ltr'>μετετέθη</span> <span class='ocrx_word' id='word_1_388' title='bbox 1553 4009 1566 4022; x_wconf 90' lang='grc'><strong>·</strong></span> <span class='ocrx_word' id='word_1_389' title='bbox 1605 3993 1703 4046; x_wconf 82' lang='grc' dir='ltr'><strong><em>οὑκ</em></strong></span> <span class='ocrx_word' id='word_1_390' title='bbox 1746 3997 1826 4057; x_wconf 87' lang='grc' dir='ltr'>εἰς</span> <span class='ocrx_word' id='word_1_391' title='bbox 1859 4012 1966 4064; x_wconf 88' lang='grc' dir='ltr'>μα-</span> 
     </span>
    </p>
   </div>
   <div class='ocr_carea' id='block_1_60' title="bbox 381 4080 1964 4159">
    <p class='ocr_par' dir='ltr' id='par_1_60' title="bbox 381 4080 1964 4159">
     <span class='ocr_line' id='line_1_61' title="bbox 381 4080 1964 4159; baseline 0.005 -27"><span class='ocrx_word' id='word_1_392' title='bbox 381 4082 521 4150; x_wconf 77' lang='grc' dir='ltr'>κρὰν</span> <span class='ocrx_word' id='word_1_393' title='bbox 562 4080 617 4132; x_wconf 83' lang='grc' dir='ltr'>δὲ</span> <span class='ocrx_word' id='word_1_394' title='bbox 658 4080 845 4133; x_wconf 80' lang='grc' dir='ltr'>τούτου</span> <span class='ocrx_word' id='word_1_395' title='bbox 893 4080 1206 4150; x_wconf 85' lang='grc' dir='ltr'>γενομένου,</span> <span class='ocrx_word' id='word_1_396' title='bbox 1236 4082 1562 4153; x_wconf 85' lang='grc' dir='ltr'>ἀπροόπτως</span> <span class='ocrx_word' id='word_1_397' title='bbox 1593 4087 1829 4154; x_wconf 86' lang='grc' dir='ltr'>ἐμπεσὸν</span> <span class='ocrx_word' id='word_1_398' title='bbox 1855 4088 1964 4159; x_wconf 88' lang='grc' dir='ltr'><strong><em>πῦρ</em></strong></span> 
     </span>
    </p>
   </div>
   <div class='ocr_carea' id='block_1_61' title="bbox 377 4171 1963 4250">
    <p class='ocr_par' dir='ltr' id='par_1_61' title="bbox 377 4171 1963 4250">
     <span class='ocr_line' id='line_1_62' title="bbox 377 4171 1963 4250; baseline 0.006 -27"><span class='ocrx_word' id='word_1_399' title='bbox 377 4172 453 4240; x_wconf 84' lang='grc' dir='ltr'><strong><em>τῷ</em></strong></span> <span class='ocrx_word' id='word_1_400' title='bbox 490 4171 595 4241; x_wconf 85' lang='grc' dir='ltr'>νεῷ</span> <span class='ocrx_word' id='word_1_401' title='bbox 621 4172 713 4224; x_wconf 86' lang='grc' dir='ltr'><strong><em>τοῦ</em></strong></span> <span class='ocrx_word' id='word_1_402' title='bbox 745 4174 1009 4242; x_wconf 75' lang='grc' dir='ltr'>Δαφναίου</span> <span class='ocrx_word' id='word_1_403' title='bbox 1068 4174 1419 4238; x_wconf 83' lang='grc' dir='ltr'>Ἀπόλλωνος,</span> <span class='ocrx_word' id='word_1_404' title='bbox 1485 4178 1662 4228; x_wconf 80' lang='grc' dir='ltr'>πᾶσαν</span> <span class='ocrx_word' id='word_1_405' title='bbox 1704 4180 1803 4247; x_wconf 85' lang='grc' dir='ltr'>τὴν</span> <span class='ocrx_word' id='word_1_406' title='bbox 1840 4181 1963 4250; x_wconf 84' lang='grc' dir='ltr'><strong><em>ὀρο-</em></strong></span> 
     </span>
    </p>
   </div>
   <div class='ocr_carea' id='block_1_62' title="bbox 379 4263 1964 4339">
    <p class='ocr_par' dir='ltr' id='par_1_62' title="bbox 379 4263 1964 4339">
     <span class='ocr_line' id='line_1_63' title="bbox 379 4263 1964 4339; baseline 0.006 -24"><span class='ocrx_word' id='word_1_407' title='bbox 379 4263 485 4335; x_wconf 81' lang='grc' dir='ltr'><strong><em>φὴν</em></strong></span> <span class='ocrx_word' id='word_1_408' title='bbox 544 4266 637 4317; x_wconf 72' lang='grc' dir='ltr'><strong><em>καὶ</em></strong></span> <span class='ocrx_word' id='word_1_409' title='bbox 687 4266 819 4318; x_wconf 86' lang='grc' dir='ltr'>αὑτὸ</span> <span class='ocrx_word' id='word_1_410' title='bbox 864 4265 925 4317; x_wconf 81' lang='grc' dir='ltr'><strong><em>τὸ</em></strong></span> <span class='ocrx_word' id='word_1_411' title='bbox 971 4264 1190 4336; x_wconf 80' lang='grc' dir='ltr'>ἄγαλμα</span> <span class='ocrx_word' id='word_1_412' title='bbox 1241 4267 1566 4336; x_wconf 80' lang='grc' dir='ltr'>κατέφλεξε·</span> <span class='ocrx_word' id='word_1_413' title='bbox 1625 4272 1866 4339; x_wconf 86' lang='grc' dir='ltr'>γυμνοὺς</span> <span class='ocrx_word' id='word_1_414' title='bbox 1906 4272 1964 4325; x_wconf 82' lang='grc' dir='ltr'>δὲ</span> 
     </span>
    </p>
   </div>
   <div class='ocr_carea' id='block_1_63' title="bbox 380 4356 1964 4430">
    <p class='ocr_par' dir='ltr' id='par_1_63' title="bbox 380 4356 1964 4430">
     <span class='ocr_line' id='line_1_64' title="bbox 380 4356 1964 4430; baseline 0.006 -22"><span class='ocrx_word' id='word_1_415' title='bbox 380 4356 575 4425; x_wconf 79' lang='grc' dir='ltr'>μόνους</span> <span class='ocrx_word' id='word_1_416' title='bbox 608 4358 731 4420; x_wconf 84' lang='grc' dir='ltr'>τοὺς</span> <span class='ocrx_word' id='word_1_417' title='bbox 764 4357 976 4427; x_wconf 84' lang='grc' dir='ltr'>τοίχους</span> <span class='ocrx_word' id='word_1_418' title='bbox 1021 4358 1115 4410; x_wconf 79' lang='grc' dir='ltr'>καὶ</span> <span class='ocrx_word' id='word_1_419' title='bbox 1157 4359 1283 4422; x_wconf 86' lang='grc' dir='ltr'>τοὺς</span> <span class='ocrx_word' id='word_1_420' title='bbox 1312 4360 1632 4430; x_wconf 79' lang='grc' dir='ltr'>περιϐόλους</span> <span class='ocrx_word' id='word_1_421' title='bbox 1663 4363 1836 4425; x_wconf 70' lang='grc' dir='ltr'>εἴασε,</span> <span class='ocrx_word' id='word_1_422' title='bbox 1869 4365 1964 4418; x_wconf 77' lang='grc' dir='ltr'>καὶ</span> 
     </span>
    </p>
   </div>
   <div class='ocr_carea' id='block_1_64' title="bbox 376 4450 1964 4527">
    <p class='ocr_par' dir='ltr' id='par_1_64' title="bbox 376 4450 1964 4527">
     <span class='ocr_line' id='line_1_65' title="bbox 376 4450 1964 4527; baseline 0.005 -24"><span class='ocrx_word' id='word_1_423' title='bbox 376 4452 500 4512; x_wconf 80' lang='grc' dir='ltr'>τοὺς</span> <span class='ocrx_word' id='word_1_424' title='bbox 542 4450 722 4514; x_wconf 85' lang='grc' dir='ltr'>κίονας</span> <span class='ocrx_word' id='word_1_425' title='bbox 773 4451 821 4503; x_wconf 81' lang='grc' dir='ltr'>οἳ</span> <span class='ocrx_word' id='word_1_426' title='bbox 873 4452 944 4504; x_wconf 86' lang='grc' dir='ltr'>τὰ</span> <span class='ocrx_word' id='word_1_427' title='bbox 989 4450 1299 4522; x_wconf 84' lang='grc' dir='ltr'>προπύλαια</span> <span class='ocrx_word' id='word_1_428' title='bbox 1346 4453 1439 4506; x_wconf 78' lang='grc' dir='ltr'><strong><em>καὶ</em></strong></span> <span class='ocrx_word' id='word_1_429' title='bbox 1483 4454 1575 4507; x_wconf 86' lang='grc' dir='ltr'><strong><em>τὸν</em></strong></span> <span class='ocrx_word' id='word_1_430' title='bbox 1612 4455 1964 4527; x_wconf 86' lang='grc' dir='ltr'>ὀπισθόδομον</span> 
     </span>
    </p>
   </div>
   <div class='ocr_carea' id='block_1_65' title="bbox 377 4544 1961 4621">
    <p class='ocr_par' dir='ltr' id='par_1_65' title="bbox 377 4544 1961 4621">
     <span class='ocr_line' id='line_1_66' title="bbox 377 4544 1961 4621; baseline 0.004 -25"><span class='ocrx_word' id='word_1_431' title='bbox 377 4545 608 4614; x_wconf 85' lang='grc' dir='ltr'>ἀνεῖχον.</span> <span class='ocrx_word' id='word_1_432' title='bbox 647 4544 931 4599; x_wconf 82' lang='grc' dir='ltr'>Ἐδόκειδέ</span> <span class='ocrx_word' id='word_1_433' title='bbox 959 4547 1070 4608; x_wconf 86' lang='grc' dir='ltr'>τοῖς</span> <span class='ocrx_word' id='word_1_434' title='bbox 1104 4546 1202 4615; x_wconf 80' lang='grc' dir='ltr'>μὲν</span> <span class='ocrx_word' id='word_1_435' title='bbox 1236 4547 1606 4618; x_wconf 85' lang='grc' dir='ltr'>Χριστιανοῖς,</span> <span class='ocrx_word' id='word_1_436' title='bbox 1634 4549 1776 4602; x_wconf 87' lang='grc' dir='ltr'><strong><em>κατά</em></strong></span> <span class='ocrx_word' id='word_1_437' title='bbox 1805 4550 1961 4621; x_wconf 79' lang='grc' dir='ltr'>αἴτη-</span> 
     </span>
    </p>
   </div>
   <div class='ocr_carea' id='block_1_66' title="bbox 2070 2060 3645 2135">
    <p class='ocr_par' dir='ltr' id='par_1_66' title="bbox 2070 2060 3645 2135">
     <span class='ocr_line' id='line_1_67' title="bbox 2070 2060 3645 2135; baseline -0.006 -12"><span class='ocrx_word' id='word_1_438' title='bbox 2070 2078 2247 2135; x_wconf 89' lang='lat' dir='ltr'><strong><em>ratus,</em></strong></span> <span class='ocrx_word' id='word_1_439' title='bbox 2281 2082 2381 2122; x_wconf 91' lang='lat' dir='ltr'><strong><em>nec</em></strong></span> <span class='ocrx_word' id='word_1_440' title='bbox 2416 2066 2709 2121; x_wconf 87' lang='lat' dir='ltr'><strong><em>tormentis</em></strong></span> <span class='ocrx_word' id='word_1_441' title='bbox 2741 2064 3055 2129; x_wconf 87' lang='lat' dir='ltr'><strong><em>succubuit,</em></strong></span> <span class='ocrx_word' id='word_1_442' title='bbox 3090 2076 3191 2117; x_wconf 90' lang='lat' dir='ltr'><strong><em>nec</em></strong></span> <span class='ocrx_word' id='word_1_443' title='bbox 3223 2060 3483 2132; x_wconf 61' lang='lat' dir='ltr'><strong><em>praefecto</em></strong></span> <span class='ocrx_word' id='word_1_444' title='bbox 3511 2074 3645 2129; x_wconf 86' lang='lat' dir='ltr'><strong><em>sup-</em></strong></span> 
     </span>
    </p>
   </div>
   <div class='ocr_carea' id='block_1_67' title="bbox 2070 2151 3647 2233">
    <p class='ocr_par' dir='ltr' id='par_1_67' title="bbox 2070 2151 3647 2233">
     <span class='ocr_line' id='line_1_68' title="bbox 2070 2151 3647 2233; baseline -0.008 -18"><span class='ocrx_word' id='word_1_445' title='bbox 2070 2162 2334 2233; x_wconf 86' lang='lat' dir='ltr'><strong><em>plicavit;</em></strong></span> <span class='ocrx_word' id='word_1_446' title='bbox 2385 2160 2478 2215; x_wconf 84' lang='lat' dir='ltr'><strong><em>sed</em></strong></span> <span class='ocrx_word' id='word_1_447' title='bbox 2524 2168 2807 2228; x_wconf 78' lang='lat' dir='ltr'><strong><em>expertem</em></strong></span> <span class='ocrx_word' id='word_1_448' title='bbox 2836 2172 2895 2211; x_wconf 93' lang='lat' dir='ltr'><strong><em>se</em></strong></span> <span class='ocrx_word' id='word_1_449' title='bbox 2923 2154 3131 2210; x_wconf 84' lang='lat' dir='ltr'><strong><em>doloris</em></strong></span> <span class='ocrx_word' id='word_1_450' title='bbox 3160 2151 3481 2215; x_wconf 86' lang='lat' dir='ltr'><strong><em>ostendens,</em></strong></span> <span class='ocrx_word' id='word_1_451' title='bbox 3524 2160 3647 2205; x_wconf 35' lang='lat' dir='ltr'><strong><em>tau:</em></strong></span> 
     </span>
    </p>
   </div>
   <div class='ocr_carea' id='block_1_68' title="bbox 2068 2243 3644 2323">
    <p class='ocr_par' dir='ltr' id='par_1_68' title="bbox 2068 2243 3644 2323">
     <span class='ocr_line' id='line_1_69' title="bbox 2068 2243 3644 2323; baseline -0.006 -18"><span class='ocrx_word' id='word_1_452' title='bbox 2068 2269 2231 2323; x_wconf 91' lang='lat' dir='ltr'><strong><em>quam</em></strong></span> <span class='ocrx_word' id='word_1_453' title='bbox 2278 2260 2557 2322; x_wconf 83' lang='lat' dir='ltr'><strong><em>spectator</em></strong></span> <span class='ocrx_word' id='word_1_454' title='bbox 2605 2264 2891 2319; x_wconf 76' lang='lat' dir='ltr'><strong><em>pmnarum</em></strong></span> <span class='ocrx_word' id='word_1_455' title='bbox 2939 2263 3059 2318; x_wconf 73' lang='lat' dir='ltr'><strong><em>qua:</em></strong></span> <span class='ocrx_word' id='word_1_456' title='bbox 3094 2246 3198 2316; x_wconf 90' lang='lat' dir='ltr'><strong><em>ipsi</em></strong></span> <span class='ocrx_word' id='word_1_457' title='bbox 3236 2243 3644 2314; x_wconf 76' lang='lat' dir='ltr'><strong><em>inlligehantur,</em></strong></span> 
     </span>
    </p>
   </div>
   <div class='ocr_carea' id='block_1_69' title="bbox 2067 2335 3648 2416">
    <p class='ocr_par' dir='ltr' id='par_1_69' title="bbox 2067 2335 3648 2416">
     <span class='ocr_line' id='line_1_70' title="bbox 2067 2335 3648 2416; baseline -0.008 -18"><span class='ocrx_word' id='word_1_458' title='bbox 2067 2346 2334 2416; x_wconf 90' lang='lat' dir='ltr'><strong><em>patienter</em></strong></span> <span class='ocrx_word' id='word_1_459' title='bbox 2367 2343 2592 2397; x_wconf 83' lang='lat' dir='ltr'><strong><em>verbera</em></strong></span> <span class='ocrx_word' id='word_1_460' title='bbox 2627 2341 2925 2404; x_wconf 90' lang='lat' dir='ltr'><strong><em>sustinuit,</em></strong></span> <span class='ocrx_word' id='word_1_461' title='bbox 2958 2348 3012 2394; x_wconf 90' lang='lat' dir='ltr'><strong><em>et</em></strong></span> <span class='ocrx_word' id='word_1_462' title='bbox 3040 2338 3291 2393; x_wconf 90' lang='lat' dir='ltr'><strong><em>eumdem</em></strong></span> <span class='ocrx_word' id='word_1_463' title='bbox 3334 2351 3495 2405; x_wconf 84' lang='lat' dir='ltr'><strong><em>quem</em></strong></span> <span class='ocrx_word' id='word_1_464' title='bbox 3533 2335 3648 2404; x_wconf 86' lang='lat' dir='ltr'><strong><em>pri-</em></strong></span> 
     </span>
    </p>
   </div>
   <div class='ocr_carea' id='block_1_70' title="bbox 2066 2435 3645 2508">
    <p class='ocr_par' dir='ltr' id='par_1_70' title="bbox 2066 2435 3645 2508">
     <span class='ocr_line' id='line_1_71' title="bbox 2066 2435 3645 2508; baseline -0.008 -14"><span class='ocrx_word' id='word_1_465' title='bbox 2066 2439 2155 2494; x_wconf 85' lang='lat' dir='ltr'><strong><em>die</em></strong></span> <span class='ocrx_word' id='word_1_466' title='bbox 2191 2438 2459 2508; x_wconf 83' lang='lat' dir='ltr'><strong><em>psalmum</em></strong></span> <span class='ocrx_word' id='word_1_467' title='bbox 2492 2435 2674 2489; x_wconf 91' lang='lat' dir='ltr'><strong><em>deuuo</em></strong></span> <span class='ocrx_word' id='word_1_468' title='bbox 2723 2448 2949 2493; x_wconf 86' lang='lat' dir='ltr'><strong><em>canens,</em></strong></span> <span class='ocrx_word' id='word_1_469' title='bbox 2984 2445 3175 2501; x_wconf 87' lang='lat' dir='ltr'><strong><em>parum</em></strong></span> <span class='ocrx_word' id='word_1_470' title='bbox 3228 2444 3287 2483; x_wconf 90' lang='lat' dir='ltr'><strong><em>se</em></strong></span> <span class='ocrx_word' id='word_1_471' title='bbox 3336 2443 3531 2482; x_wconf 88' lang='lat' dir='ltr'><strong><em>curare</em></strong></span> <span class='ocrx_word' id='word_1_472' title='bbox 3581 2443 3645 2481; x_wconf 85' lang='lat' dir='ltr'><strong><em>ea</em></strong></span> 
     </span>
    </p>
   </div>
   <div class='ocr_carea' id='block_1_71' title="bbox 2066 2518 3641 2599">
    <p class='ocr_par' dir='ltr' id='par_1_71' title="bbox 2066 2518 3641 2599">
     <span class='ocr_line' id='line_1_72' title="bbox 2066 2518 3641 2599; baseline -0.008 -17"><span class='ocrx_word' id='word_1_473' title='bbox 2066 2543 2299 2599; x_wconf 90' lang='lat' dir='ltr'><strong><em>quorum</em></strong></span> <span class='ocrx_word' id='word_1_474' title='bbox 2334 2541 2498 2581; x_wconf 84' lang='lat' dir='ltr'><strong><em>causa</em></strong></span> <span class='ocrx_word' id='word_1_475' title='bbox 2542 2524 2835 2578; x_wconf 88' lang='lat' dir='ltr'><strong><em>damnatus</em></strong></span> <span class='ocrx_word' id='word_1_476' title='bbox 2889 2521 3089 2586; x_wconf 88' lang='lat' dir='ltr'><strong><em>fuerat,</em></strong></span> <span class='ocrx_word' id='word_1_477' title='bbox 3124 2534 3184 2573; x_wconf 87' lang='lat' dir='ltr'><strong><em>re</em></strong></span> <span class='ocrx_word' id='word_1_478' title='bbox 3218 2519 3332 2589; x_wconf 86' lang='lat' dir='ltr'><strong><em>ipsa</em></strong></span> <span class='ocrx_word' id='word_1_479' title='bbox 3372 2518 3641 2572; x_wconf 88' lang='lat' dir='ltr'><strong><em>ostendit.</em></strong></span> 
     </span>
    </p>
   </div>
   <div class='ocr_carea' id='block_1_72' title="bbox 2066 2608 3645 2683">
    <p class='ocr_par' dir='ltr' id='par_1_72' title="bbox 2066 2608 3645 2683">
     <span class='ocr_line' id='line_1_73' title="bbox 2066 2608 3645 2683; baseline -0.01 -8"><span class='ocrx_word' id='word_1_480' title='bbox 2066 2622 2365 2676; x_wconf 71' lang='lat' dir='ltr'><strong><em>Praefectus</em></strong></span> <span class='ocrx_word' id='word_1_481' title='bbox 2400 2627 2608 2683; x_wconf 89' lang='lat' dir='ltr'><strong><em>autem,</em></strong></span> <span class='ocrx_word' id='word_1_482' title='bbox 2635 2614 3005 2671; x_wconf 83' lang='lat' dir='ltr'><strong><em>adolescentis</em></strong></span> <span class='ocrx_word' id='word_1_483' title='bbox 3052 2610 3429 2667; x_wconf 87' lang='lat' dir='ltr'><strong><em>constantiam</em></strong></span> <span class='ocrx_word' id='word_1_484' title='bbox 3470 2608 3645 2662; x_wconf 65' lang='lat' dir='ltr'><strong><em>admi-o</em></strong></span> 
     </span>
    </p>
   </div>
   <div class='ocr_carea' id='block_1_73' title="bbox 2066 2701 3647 2780">
    <p class='ocr_par' dir='ltr' id='par_1_73' title="bbox 2066 2701 3647 2780">
     <span class='ocr_line' id='line_1_74' title="bbox 2066 2701 3647 2780; baseline -0.009 -12"><span class='ocrx_word' id='word_1_485' title='bbox 2066 2722 2239 2775; x_wconf 87' lang='lat' dir='ltr'><strong><em>ratus,</em></strong></span> <span class='ocrx_word' id='word_1_486' title='bbox 2264 2728 2387 2768; x_wconf 94' lang='lat' dir='ltr'><strong><em>eum</em></strong></span> <span class='ocrx_word' id='word_1_487' title='bbox 2414 2712 2481 2764; x_wconf 89' lang='lat' dir='ltr'><strong><em>ad</em></strong></span> <span class='ocrx_word' id='word_1_488' title='bbox 2513 2720 2897 2780; x_wconf 86' lang='lat' dir='ltr'><strong><em>imperatorem</em></strong></span> <span class='ocrx_word' id='word_1_489' title='bbox 2928 2707 3194 2771; x_wconf 87' lang='lat' dir='ltr'><strong><em>venisset,</em></strong></span> <span class='ocrx_word' id='word_1_490' title='bbox 3230 2702 3419 2757; x_wconf 89' lang='lat' dir='ltr'><strong><em>retulit</em></strong></span> <span class='ocrx_word' id='word_1_491' title='bbox 3444 2701 3494 2755; x_wconf 91' lang='lat' dir='ltr'><strong><em>ei</em></strong></span> <span class='ocrx_word' id='word_1_492' title='bbox 3524 2714 3647 2769; x_wconf 68' lang='lat' dir='ltr'><strong><em>qua:</em></strong></span> 
     </span>
    </p>
   </div>
   <div class='ocr_carea' id='block_1_74' title="bbox 2064 2793 3652 2876">
    <p class='ocr_par' dir='ltr' id='par_1_74' title="bbox 2064 2793 3652 2876">
     <span class='ocr_line' id='line_1_75' title="bbox 2064 2793 3652 2876; baseline -0.009 -17"><span class='ocrx_word' id='word_1_493' title='bbox 2064 2813 2219 2876; x_wconf 86' lang='lat' dir='ltr'><strong><em>gesta</em></strong></span> <span class='ocrx_word' id='word_1_494' title='bbox 2258 2804 2493 2867; x_wconf 80' lang='lat' dir='ltr'><strong><em>fuerant,</em></strong></span> <span class='ocrx_word' id='word_1_495' title='bbox 2529 2802 2806 2855; x_wconf 78' lang='lat' dir='ltr'><strong><em>afﬁrmans</em></strong></span> <span class='ocrx_word' id='word_1_496' title='bbox 2846 2798 2954 2853; x_wconf 88' lang='lat' dir='ltr'><strong><em>nisi</em></strong></span> <span class='ocrx_word' id='word_1_497' title='bbox 3003 2798 3071 2851; x_wconf 89' lang='lat' dir='ltr'><strong><em>ab</em></strong></span> <span class='ocrx_word' id='word_1_498' title='bbox 3115 2796 3368 2851; x_wconf 89' lang='lat' dir='ltr'><strong><em>instituto</em></strong></span> <span class='ocrx_word' id='word_1_499' title='bbox 3424 2793 3652 2848; x_wconf 88' lang='lat' dir='ltr'><strong><em>desiste-</em></strong></span> 
     </span>
    </p>
   </div>
   <div class='ocr_carea' id='block_1_75' title="bbox 2065 2884 3650 2967">
    <p class='ocr_par' dir='ltr' id='par_1_75' title="bbox 2065 2884 3650 2967">
     <span class='ocr_line' id='line_1_76' title="bbox 2065 2884 3650 2967; baseline -0.01 -14"><span class='ocrx_word' id='word_1_500' title='bbox 2065 2906 2167 2960; x_wconf 88' lang='lat' dir='ltr'><strong><em>ret,</em></strong></span> <span class='ocrx_word' id='word_1_501' title='bbox 2203 2897 2353 2967; x_wconf 83' lang='lat' dir='ltr'><strong><em>ipsos</em></strong></span> <span class='ocrx_word' id='word_1_502' title='bbox 2387 2895 2605 2965; x_wconf 88' lang='lat' dir='ltr'><strong><em>quidem</em></strong></span> <span class='ocrx_word' id='word_1_503' title='bbox 2661 2892 2950 2957; x_wconf 88' lang='lat' dir='ltr'><strong><em>ridiculos,</em></strong></span> <span class='ocrx_word' id='word_1_504' title='bbox 3022 2888 3373 2945; x_wconf 87' lang='lat' dir='ltr'><strong><em>Christianos</em></strong></span> <span class='ocrx_word' id='word_1_505' title='bbox 3413 2900 3542 2941; x_wconf 85' lang='lat' dir='ltr'><strong><em>vero</em></strong></span> <span class='ocrx_word' id='word_1_506' title='bbox 3586 2884 3650 2938; x_wconf 90' lang='lat' dir='ltr'><strong><em>il-</em></strong></span> 
     </span>
    </p>
   </div>
   <div class='ocr_carea' id='block_1_76' title="bbox 2068 2978 3650 3051">
    <p class='ocr_par' dir='ltr' id='par_1_76' title="bbox 2068 2978 3650 3051">
     <span class='ocr_line' id='line_1_77' title="bbox 2068 2978 3650 3051; baseline -0.008 -5"><span class='ocrx_word' id='word_1_507' title='bbox 2068 2992 2359 3046; x_wconf 88' lang='lat' dir='ltr'><strong><em>lustriores</em></strong></span> <span class='ocrx_word' id='word_1_508' title='bbox 2415 2987 2653 3042; x_wconf 89' lang='lat' dir='ltr'><strong><em>futuros.</em></strong></span> <span class='ocrx_word' id='word_1_509' title='bbox 2715 2984 2874 3051; x_wconf 86' lang='lat' dir='ltr'><strong><em>Quod</em></strong></span> <span class='ocrx_word' id='word_1_510' title='bbox 2933 2983 3227 3039; x_wconf 88' lang='lat' dir='ltr'><strong><em>consilium</em></strong></span> <span class='ocrx_word' id='word_1_511' title='bbox 3286 2997 3412 3038; x_wconf 92' lang='lat' dir='ltr'><strong><em>eum</em></strong></span> <span class='ocrx_word' id='word_1_512' title='bbox 3472 2978 3650 3050; x_wconf 80' lang='lat' dir='ltr'><strong><em>magis</em></strong></span> 
     </span>
    </p>
   </div>
   <div class='ocr_carea' id='block_1_77' title="bbox 2067 3071 3650 3151">
    <p class='ocr_par' dir='ltr' id='par_1_77' title="bbox 2067 3071 3650 3151">
     <span class='ocr_line' id='line_1_78' title="bbox 2067 3071 3650 3151; baseline -0.006 -17"><span class='ocrx_word' id='word_1_513' title='bbox 2067 3080 2387 3151; x_wconf 86' lang='lat' dir='ltr'><strong><em>placuisset,</em></strong></span> <span class='ocrx_word' id='word_1_514' title='bbox 2420 3092 2613 3132; x_wconf 90' lang='lat' dir='ltr'><strong><em>omnes</em></strong></span> <span class='ocrx_word' id='word_1_515' title='bbox 2648 3078 2742 3146; x_wconf 87' lang='lat' dir='ltr'><strong><em>qui</em></strong></span> <span class='ocrx_word' id='word_1_516' title='bbox 2775 3073 3162 3144; x_wconf 87' lang='lat' dir='ltr'><strong><em>comprehensi</em></strong></span> <span class='ocrx_word' id='word_1_517' title='bbox 3194 3071 3435 3135; x_wconf 81' lang='lat' dir='ltr'><strong><em>fuerant,</em></strong></span> <span class='ocrx_word' id='word_1_518' title='bbox 3470 3086 3501 3125; x_wconf 91' lang='lat' dir='ltr'><strong><em>e</em></strong></span> <span class='ocrx_word' id='word_1_519' title='bbox 3550 3085 3650 3125; x_wconf 88' lang='lat' dir='ltr'><strong><em>cu-</em></strong></span> 
     </span>
    </p>
   </div>
   <div class='ocr_carea' id='block_1_78' title="bbox 2065 3161 3650 3235">
    <p class='ocr_par' dir='ltr' id='par_1_78' title="bbox 2065 3161 3650 3235">
     <span class='ocr_line' id='line_1_79' title="bbox 2065 3161 3650 3235; baseline -0.008 -6"><span class='ocrx_word' id='word_1_520' title='bbox 2065 3173 2242 3229; x_wconf 89' lang='lat' dir='ltr'><strong><em>stodia</em></strong></span> <span class='ocrx_word' id='word_1_521' title='bbox 2265 3171 2480 3226; x_wconf 88' lang='lat' dir='ltr'><strong><em>dimissi</em></strong></span> <span class='ocrx_word' id='word_1_522' title='bbox 2515 3175 2667 3225; x_wconf 90' lang='lat' dir='ltr'><strong><em>sunt.</em></strong></span> <span class='ocrx_word' id='word_1_523' title='bbox 2696 3167 2841 3222; x_wconf 89' lang='lat' dir='ltr'><strong><em>Idem</em></strong></span> <span class='ocrx_word' id='word_1_524' title='bbox 2878 3172 3069 3235; x_wconf 89' lang='lat' dir='ltr'><strong><em>postea</em></strong></span> <span class='ocrx_word' id='word_1_525' title='bbox 3105 3171 3332 3235; x_wconf 85' lang='lat' dir='ltr'><strong><em>rogatus</em></strong></span> <span class='ocrx_word' id='word_1_526' title='bbox 3358 3178 3386 3216; x_wconf 86' lang='lat' dir='ltr'><strong><em>a</em></strong></span> <span class='ocrx_word' id='word_1_527' title='bbox 3420 3161 3650 3232; x_wconf 88' lang='lat' dir='ltr'><strong><em>quibus-</em></strong></span> 
     </span>
    </p>
   </div>
   <div class='ocr_carea' id='block_1_79' title="bbox 2069 3254 3651 3329">
    <p class='ocr_par' dir='ltr' id='par_1_79' title="bbox 2069 3254 3651 3329">
     <span class='ocr_line' id='line_1_80' title="bbox 2069 3254 3651 3329; baseline -0.006 -11"><span class='ocrx_word' id='word_1_528' title='bbox 2069 3265 2216 3329; x_wconf 88' lang='lat' dir='ltr'><strong><em>dam,</em></strong></span> <span class='ocrx_word' id='word_1_529' title='bbox 2263 3272 2444 3317; x_wconf 84' lang='lat' dir='ltr'><strong><em>utruui</em></strong></span> <span class='ocrx_word' id='word_1_530' title='bbox 2495 3266 2767 3315; x_wconf 84' lang='lat' dir='ltr'><strong><em>tormenta</em></strong></span> <span class='ocrx_word' id='word_1_531' title='bbox 2816 3259 2907 3313; x_wconf 89' lang='lat' dir='ltr'><strong><em>illa</em></strong></span> <span class='ocrx_word' id='word_1_532' title='bbox 2957 3257 3245 3320; x_wconf 87' lang='lat' dir='ltr'><strong><em>sensisset,</em></strong></span> <span class='ocrx_word' id='word_1_533' title='bbox 3300 3254 3651 3326; x_wconf 87' lang='lat' dir='ltr'><strong><em>respondisse</em></strong></span> 
     </span>
    </p>
   </div>
   <div class='ocr_carea' id='block_1_80' title="bbox 2072 3346 3649 3418">
    <p class='ocr_par' dir='ltr' id='par_1_80' title="bbox 2072 3346 3649 3418">
     <span class='ocr_line' id='line_1_81' title="bbox 2072 3346 3649 3418; baseline -0.005 -13"><span class='ocrx_word' id='word_1_534' title='bbox 2072 3352 2265 3417; x_wconf 82' lang='lat' dir='ltr'><strong><em>fertur,</em></strong></span> <span class='ocrx_word' id='word_1_535' title='bbox 2316 3365 2377 3404; x_wconf 92' lang='lat' dir='ltr'><strong><em>sc</em></strong></span> <span class='ocrx_word' id='word_1_536' title='bbox 2412 3349 2621 3403; x_wconf 90' lang='lat' dir='ltr'><strong><em>doloris</em></strong></span> <span class='ocrx_word' id='word_1_537' title='bbox 2674 3348 2895 3418; x_wconf 89' lang='lat' dir='ltr'><strong><em>quidem</em></strong></span> <span class='ocrx_word' id='word_1_538' title='bbox 2932 3354 3213 3414; x_wconf 83' lang='lat' dir='ltr'><strong><em>expertem</em></strong></span> <span class='ocrx_word' id='word_1_539' title='bbox 3266 3346 3485 3415; x_wconf 89' lang='lat' dir='ltr'><strong><em>penitus</em></strong></span> <span class='ocrx_word' id='word_1_540' title='bbox 3537 3358 3649 3398; x_wconf 90' lang='lat' dir='ltr'><strong><em>non</em></strong></span> 
     </span>
    </p>
   </div>
   <div class='ocr_carea' id='block_1_81' title="bbox 2069 3437 3650 3510">
    <p class='ocr_par' dir='ltr' id='par_1_81' title="bbox 2069 3437 3650 3510">
     <span class='ocr_line' id='line_1_82' title="bbox 2069 3437 3650 3510; baseline -0.004 -12"><span class='ocrx_word' id='word_1_541' title='bbox 2069 3445 2241 3498; x_wconf 82' lang='lat' dir='ltr'><strong><em>fuisse</em></strong></span> <span class='ocrx_word' id='word_1_542' title='bbox 2265 3483 2280 3501; x_wconf 87' lang='lat'><strong><em>.</em></strong></span> <span class='ocrx_word' id='word_1_543' title='bbox 2330 3442 2423 3496; x_wconf 88' lang='lat' dir='ltr'><strong><em>sed</em></strong></span> <span class='ocrx_word' id='word_1_544' title='bbox 2463 3442 2724 3510; x_wconf 84' lang='lat' dir='ltr'><strong><em>juvenem</em></strong></span> <span class='ocrx_word' id='word_1_545' title='bbox 2762 3441 3055 3510; x_wconf 87' lang='lat' dir='ltr'><strong><em>quemdam</em></strong></span> <span class='ocrx_word' id='word_1_546' title='bbox 3087 3438 3191 3492; x_wconf 84' lang='lat' dir='ltr'><strong><em>sibi</em></strong></span> <span class='ocrx_word' id='word_1_547' title='bbox 3222 3445 3516 3500; x_wconf 84' lang='lat' dir='ltr'><strong><em>astantem,</em></strong></span> <span class='ocrx_word' id='word_1_548' title='bbox 3550 3437 3650 3491; x_wconf 87' lang='lat' dir='ltr'><strong><em>do--</em></strong></span> 
     </span>
    </p>
   </div>
   <div class='ocr_carea' id='block_1_82' title="bbox 2070 3527 3650 3597">
    <p class='ocr_par' dir='ltr' id='par_1_82' title="bbox 2070 3527 3650 3597">
     <span class='ocr_line' id='line_1_83' title="bbox 2070 3527 3650 3597; baseline -0.004 -9"><span class='ocrx_word' id='word_1_549' title='bbox 2070 3536 2213 3588; x_wconf 91' lang='lat' dir='ltr'><strong><em>lores</em></strong></span> <span class='ocrx_word' id='word_1_550' title='bbox 2265 3534 2511 3597; x_wconf 84' lang='lat' dir='ltr'><strong><em>sedasse,</em></strong></span> <span class='ocrx_word' id='word_1_551' title='bbox 2546 3532 2872 3586; x_wconf 87' lang='lat' dir='ltr'><strong><em>tenuissimo</em></strong></span> <span class='ocrx_word' id='word_1_552' title='bbox 2915 3531 3080 3585; x_wconf 89' lang='lat' dir='ltr'><strong><em>linteo</em></strong></span> <span class='ocrx_word' id='word_1_553' title='bbox 3116 3527 3377 3584; x_wconf 89' lang='lat' dir='ltr'><strong><em>sudorem</em></strong></span> <span class='ocrx_word' id='word_1_554' title='bbox 3433 3528 3650 3584; x_wconf 85' lang='lat' dir='ltr'><strong><em>abster-</em></strong></span> 
     </span>
    </p>
   </div>
   <div class='ocr_carea' id='block_1_83' title="bbox 2067 3620 3648 3697">
    <p class='ocr_par' dir='ltr' id='par_1_83' title="bbox 2067 3620 3648 3697">
     <span class='ocr_line' id='line_1_84' title="bbox 2067 3620 3648 3697; baseline -0.003 -17"><span class='ocrx_word' id='word_1_555' title='bbox 2067 3637 2282 3697; x_wconf 80' lang='lat' dir='ltr'><strong><em>gentem</em></strong></span> <span class='ocrx_word' id='word_1_556' title='bbox 2326 3635 2381 3678; x_wconf 88' lang='lat' dir='ltr'><strong><em>et</em></strong></span> <span class='ocrx_word' id='word_1_557' title='bbox 2409 3639 2606 3694; x_wconf 86' lang='lat' dir='ltr'><strong><em>aquam</em></strong></span> <span class='ocrx_word' id='word_1_558' title='bbox 2643 3622 3057 3693; x_wconf 81' lang='lat' dir='ltr'><strong><em>frigidissimam</em></strong></span> <span class='ocrx_word' id='word_1_559' title='bbox 3116 3620 3508 3687; x_wconf 86' lang='lat' dir='ltr'><strong><em>aﬂ&#39;undentem,</em></strong></span> <span class='ocrx_word' id='word_1_560' title='bbox 3540 3637 3648 3690; x_wconf 88' lang='lat' dir='ltr'><strong><em>qua</em></strong></span> 
     </span>
    </p>
   </div>
   <div class='ocr_carea' id='block_1_84' title="bbox 2068 3714 3649 3781">
    <p class='ocr_par' dir='ltr' id='par_1_84' title="bbox 2068 3714 3649 3781">
     <span class='ocr_line' id='line_1_85' title="bbox 2068 3714 3649 3781; baseline -0.006 -8"><span class='ocrx_word' id='word_1_561' title='bbox 2068 3729 2122 3773; x_wconf 87' lang='lat' dir='ltr'><strong><em>et</em></strong></span> <span class='ocrx_word' id='word_1_562' title='bbox 2155 3718 2642 3772; x_wconf 84' lang='lat' dir='ltr'><strong><em>inﬂammationem</em></strong></span> <span class='ocrx_word' id='word_1_563' title='bbox 2689 3716 3107 3781; x_wconf 86' lang='lat' dir='ltr'><strong><em>compresserit,</em></strong></span> <span class='ocrx_word' id='word_1_564' title='bbox 3134 3722 3190 3771; x_wconf 89' lang='lat' dir='ltr'><strong><em>et</em></strong></span> <span class='ocrx_word' id='word_1_565' title='bbox 3224 3714 3471 3769; x_wconf 88' lang='lat' dir='ltr'><strong><em>laborum</em></strong></span> <span class='ocrx_word' id='word_1_566' title='bbox 3505 3714 3649 3768; x_wconf 84' lang='lat' dir='ltr'><strong><em>sola-</em></strong></span> 
     </span>
    </p>
   </div>
   <div class='ocr_carea' id='block_1_85' title="bbox 2068 3807 3647 3880">
    <p class='ocr_par' dir='ltr' id='par_1_85' title="bbox 2068 3807 3647 3880">
     <span class='ocr_line' id='line_1_86' title="bbox 2068 3807 3647 3880; baseline -0.003 -14"><span class='ocrx_word' id='word_1_567' title='bbox 2068 3814 2205 3866; x_wconf 87' lang='lat' dir='ltr'><strong><em>tium</em></strong></span> <span class='ocrx_word' id='word_1_568' title='bbox 2238 3810 2578 3880; x_wconf 66' lang='lat' dir='ltr'><strong><em>prazstiterit.</em></strong></span> <span class='ocrx_word' id='word_1_569' title='bbox 2612 3808 2689 3862; x_wconf 86' lang='lat' dir='ltr'><strong><em>Ae</em></strong></span> <span class='ocrx_word' id='word_1_570' title='bbox 2722 3808 2856 3861; x_wconf 89' lang='lat' dir='ltr'><strong><em>mihi</em></strong></span> <span class='ocrx_word' id='word_1_571' title='bbox 2891 3807 3110 3876; x_wconf 90' lang='lat' dir='ltr'><strong><em>quidem</em></strong></span> <span class='ocrx_word' id='word_1_572' title='bbox 3147 3807 3383 3867; x_wconf 87' lang='lat' dir='ltr'><strong><em>videtur,</em></strong></span> <span class='ocrx_word' id='word_1_573' title='bbox 3419 3822 3525 3859; x_wconf 89' lang='lat' dir='ltr'><strong><em>non</em></strong></span> <span class='ocrx_word' id='word_1_574' title='bbox 3556 3821 3647 3861; x_wconf 85' lang='lat' dir='ltr'><strong><em>ca-</em></strong></span> 
     </span>
    </p>
   </div>
   <div class='ocr_carea' id='block_1_86' title="bbox 2066 3900 3645 3972">
    <p class='ocr_par' dir='ltr' id='par_1_86' title="bbox 2066 3900 3645 3972">
     <span class='ocr_line' id='line_1_87' title="bbox 2066 3900 3645 3972; baseline -0.004 -13"><span class='ocrx_word' id='word_1_575' title='bbox 2066 3910 2195 3963; x_wconf 89' lang='lat' dir='ltr'><strong><em>dere</em></strong></span> <span class='ocrx_word' id='word_1_576' title='bbox 2221 3907 2363 3962; x_wconf 88' lang='lat' dir='ltr'><strong><em>istud</em></strong></span> <span class='ocrx_word' id='word_1_577' title='bbox 2390 3906 2445 3959; x_wconf 91' lang='lat' dir='ltr'><strong><em>in</em></strong></span> <span class='ocrx_word' id='word_1_578' title='bbox 2477 3904 2757 3958; x_wconf 87' lang='lat' dir='ltr'><strong><em>hominem</em></strong></span> <span class='ocrx_word' id='word_1_579' title='bbox 2790 3902 3124 3972; x_wconf 88' lang='lat' dir='ltr'><strong><em>simplicem,</em></strong></span> <span class='ocrx_word' id='word_1_580' title='bbox 3162 3900 3518 3970; x_wconf 88' lang='lat' dir='ltr'><strong><em>quantumvis</em></strong></span> <span class='ocrx_word' id='word_1_581' title='bbox 3551 3915 3645 3970; x_wconf 79' lang='lat' dir='ltr'><strong><em>ge-</em></strong></span> 
     </span>
    </p>
   </div>
   <div class='ocr_carea' id='block_1_87' title="bbox 2067 3990 3641 4065">
    <p class='ocr_par' dir='ltr' id='par_1_87' title="bbox 2067 3990 3641 4065">
     <span class='ocr_line' id='line_1_88' title="bbox 2067 3990 3641 4065; baseline -0.007 -12"><span class='ocrx_word' id='word_1_582' title='bbox 2067 4013 2364 4062; x_wconf 89' lang='lat' dir='ltr'><strong><em>nerosum,</em></strong></span> <span class='ocrx_word' id='word_1_583' title='bbox 2420 4004 2479 4050; x_wconf 89' lang='lat' dir='ltr'><strong><em>ut</em></strong></span> <span class='ocrx_word' id='word_1_584' title='bbox 2529 4009 2732 4065; x_wconf 91' lang='lat' dir='ltr'><strong><em>corpus</em></strong></span> <span class='ocrx_word' id='word_1_585' title='bbox 2783 4008 2944 4047; x_wconf 90' lang='lat' dir='ltr'><strong><em>suum</em></strong></span> <span class='ocrx_word' id='word_1_586' title='bbox 3006 4000 3293 4061; x_wconf 84' lang='lat' dir='ltr'><strong><em>tantopere</em></strong></span> <span class='ocrx_word' id='word_1_587' title='bbox 3349 3990 3641 4059; x_wconf 90' lang='lat' dir='ltr'><strong><em>despiciat,</em></strong></span> 
     </span>
    </p>
   </div>
   <div class='ocr_carea' id='block_1_88' title="bbox 2068 4083 3642 4158">
    <p class='ocr_par' dir='ltr' id='par_1_88' title="bbox 2068 4083 3642 4158">
     <span class='ocr_line' id='line_1_89' title="bbox 2068 4083 3642 4158; baseline -0.007 -13"><span class='ocrx_word' id='word_1_588' title='bbox 2068 4091 2173 4145; x_wconf 85' lang='lat' dir='ltr'><strong><em>nisi</em></strong></span> <span class='ocrx_word' id='word_1_589' title='bbox 2205 4089 2638 4158; x_wconf 84' lang='lat' dir='ltr'><strong><em>divinojuvetur</em></strong></span> <span class='ocrx_word' id='word_1_590' title='bbox 2674 4086 2900 4140; x_wconf 72' lang='lat' dir='ltr'><strong><em>auxilio.</em></strong></span> <span class='ocrx_word' id='word_1_591' title='bbox 2935 4083 3017 4139; x_wconf 89' lang='lat' dir='ltr'><strong><em>Oh</em></strong></span> <span class='ocrx_word' id='word_1_592' title='bbox 3043 4085 3187 4138; x_wconf 88' lang='lat' dir='ltr'><strong><em>hanc</em></strong></span> <span class='ocrx_word' id='word_1_593' title='bbox 3212 4083 3383 4153; x_wconf 78' lang='lat' dir='ltr'><strong><em>igitur</em></strong></span> <span class='ocrx_word' id='word_1_594' title='bbox 3418 4097 3642 4137; x_wconf 89' lang='lat' dir='ltr'><strong><em>causam</em></strong></span> 
     </span>
    </p>
   </div>
   <div class='ocr_carea' id='block_1_89' title="bbox 2065 4173 3640 4253">
    <p class='ocr_par' dir='ltr' id='par_1_89' title="bbox 2065 4173 3640 4253">
     <span class='ocr_line' id='line_1_90' title="bbox 2065 4173 3640 4253; baseline -0.006 -18"><span class='ocrx_word' id='word_1_595' title='bbox 2065 4196 2230 4253; x_wconf 91' lang='lat' dir='ltr'><strong><em>quam</em></strong></span> <span class='ocrx_word' id='word_1_596' title='bbox 2284 4195 2449 4251; x_wconf 88' lang='lat' dir='ltr'><strong><em>supra</em></strong></span> <span class='ocrx_word' id='word_1_597' title='bbox 2505 4177 2849 4241; x_wconf 88' lang='lat' dir='ltr'><strong><em>memoravi,</em></strong></span> <span class='ocrx_word' id='word_1_598' title='bbox 2901 4183 3111 4246; x_wconf 84' lang='lat' dir='ltr'><strong><em>martyr</em></strong></span> <span class='ocrx_word' id='word_1_599' title='bbox 3136 4174 3340 4245; x_wconf 85' lang='lat' dir='ltr'><strong><em>Babyla</em></strong></span> <span class='ocrx_word' id='word_1_600' title='bbox 3380 4173 3640 4244; x_wconf 78' lang='lat' dir='ltr'><strong><em>Daphnen</em></strong></span> 
     </span>
    </p>
   </div>
   <div class='ocr_carea' id='block_1_90' title="bbox 2067 4262 3641 4339">
    <p class='ocr_par' dir='ltr' id='par_1_90' title="bbox 2067 4262 3641 4339">
     <span class='ocr_line' id='line_1_91' title="bbox 2067 4262 3641 4339; baseline -0.006 -13"><span class='ocrx_word' id='word_1_601' title='bbox 2067 4272 2369 4327; x_wconf 85' lang='lat' dir='ltr'><strong><em>translatus</em></strong></span> <span class='ocrx_word' id='word_1_602' title='bbox 2399 4279 2562 4339; x_wconf 89' lang='lat' dir='ltr'><strong><em>atque</em></strong></span> <span class='ocrx_word' id='word_1_603' title='bbox 2618 4268 2744 4323; x_wconf 90' lang='lat' dir='ltr'><strong><em>inde</em></strong></span> <span class='ocrx_word' id='word_1_604' title='bbox 2788 4276 2978 4337; x_wconf 89' lang='lat' dir='ltr'><strong><em>postea</em></strong></span> <span class='ocrx_word' id='word_1_605' title='bbox 3007 4266 3334 4336; x_wconf 91' lang='lat' dir='ltr'><strong><em>deportatus</em></strong></span> <span class='ocrx_word' id='word_1_606' title='bbox 3367 4271 3471 4319; x_wconf 88' lang='lat' dir='ltr'><strong><em>est.</em></strong></span> <span class='ocrx_word' id='word_1_607' title='bbox 3520 4262 3641 4328; x_wconf 84' lang='lat' dir='ltr'><strong><em>Quo</em></strong></span> 
     </span>
    </p>
   </div>
   <div class='ocr_carea' id='block_1_91' title="bbox 2064 4353 3641 4433">
    <p class='ocr_par' dir='ltr' id='par_1_91' title="bbox 2064 4353 3641 4433">
     <span class='ocr_line' id='line_1_92' title="bbox 2064 4353 3641 4433; baseline -0.009 -12"><span class='ocrx_word' id='word_1_608' title='bbox 2064 4363 2340 4428; x_wconf 88' lang='lat' dir='ltr'><strong><em>confecto,</em></strong></span> <span class='ocrx_word' id='word_1_609' title='bbox 2387 4363 2529 4433; x_wconf 83' lang='lat' dir='ltr'><strong><em>ignis</em></strong></span> <span class='ocrx_word' id='word_1_610' title='bbox 2563 4360 2706 4415; x_wconf 88' lang='lat' dir='ltr'><strong><em>haud</em></strong></span> <span class='ocrx_word' id='word_1_611' title='bbox 2736 4360 2909 4414; x_wconf 90' lang='lat' dir='ltr'><strong><em>multo</em></strong></span> <span class='ocrx_word' id='word_1_612' title='bbox 2940 4365 3065 4429; x_wconf 91' lang='lat' dir='ltr'><strong><em>post</em></strong></span> <span class='ocrx_word' id='word_1_613' title='bbox 3094 4358 3148 4411; x_wconf 93' lang='lat' dir='ltr'><strong><em>in</em></strong></span> <span class='ocrx_word' id='word_1_614' title='bbox 3182 4356 3445 4427; x_wconf 89' lang='lat' dir='ltr'><strong><em>templum</em></strong></span> <span class='ocrx_word' id='word_1_615' title='bbox 3478 4353 3641 4423; x_wconf 79' lang='lat' dir='ltr'><strong><em>Apol-</em></strong></span> 
     </span>
    </p>
   </div>
   <div class='ocr_carea' id='block_1_92' title="bbox 2064 4446 3639 4522">
    <p class='ocr_par' dir='ltr' id='par_1_92' title="bbox 2064 4446 3639 4522">
     <span class='ocr_line' id='line_1_93' title="bbox 2064 4446 3639 4522; baseline -0.006 -12"><span class='ocrx_word' id='word_1_616' title='bbox 2064 4456 2193 4511; x_wconf 86' lang='lat' dir='ltr'><strong><em>linis</em></strong></span> <span class='ocrx_word' id='word_1_617' title='bbox 2229 4454 2483 4522; x_wconf 69' lang='lat' dir='ltr'><strong><em>Daphnaei</em></strong></span> <span class='ocrx_word' id='word_1_618' title='bbox 2533 4468 2598 4507; x_wconf 80' lang='lat' dir='ltr'><strong><em>ex</em></strong></span> <span class='ocrx_word' id='word_1_619' title='bbox 2648 4451 2950 4522; x_wconf 89' lang='lat' dir='ltr'><strong><em>improviso</em></strong></span> <span class='ocrx_word' id='word_1_620' title='bbox 2997 4450 3247 4519; x_wconf 87' lang='lat' dir='ltr'><strong><em>illapsus,</em></strong></span> <span class='ocrx_word' id='word_1_621' title='bbox 3292 4456 3467 4503; x_wconf 90' lang='lat' dir='ltr'><strong><em>totum</em></strong></span> <span class='ocrx_word' id='word_1_622' title='bbox 3517 4446 3639 4515; x_wconf 84' lang='lat' dir='ltr'><strong><em>ejus</em></strong></span> 
     </span>
    </p>
   </div>
   <div class='ocr_carea' id='block_1_93' title="bbox 2064 4540 3639 4615">
    <p class='ocr_par' dir='ltr' id='par_1_93' title="bbox 2064 4540 3639 4615">
     <span class='ocr_line' id='line_1_94' title="bbox 2064 4540 3639 4615; baseline -0.008 -13"><span class='ocrx_word' id='word_1_623' title='bbox 2064 4556 2270 4603; x_wconf 90' lang='lat' dir='ltr'><strong><em>tectum</em></strong></span> <span class='ocrx_word' id='word_1_624' title='bbox 2302 4556 2355 4601; x_wconf 89' lang='lat' dir='ltr'><strong><em>et</em></strong></span> <span class='ocrx_word' id='word_1_625' title='bbox 2391 4545 2746 4600; x_wconf 87' lang='lat' dir='ltr'><strong><em>simulacrum</em></strong></span> <span class='ocrx_word' id='word_1_626' title='bbox 2782 4543 3124 4615; x_wconf 84' lang='lat' dir='ltr'><strong><em>absumpsit,</em></strong></span> <span class='ocrx_word' id='word_1_627' title='bbox 3184 4541 3348 4596; x_wconf 90' lang='lat' dir='ltr'><strong><em>nudis</em></strong></span> <span class='ocrx_word' id='word_1_628' title='bbox 3374 4540 3639 4595; x_wconf 80' lang='lat' dir='ltr'><strong><em>duntaxat</em></strong></span> 
     </span>
    </p>
   </div>
   <div class='ocr_carea' id='block_1_94' title="bbox 380 4631 2138 4712">
    <p class='ocr_par' dir='ltr' id='par_1_94' title="bbox 380 4636 2135 4712">
     <span class='ocr_line' id='line_1_95' title="bbox 380 4636 2135 4712; baseline 0.005 -24"><span class='ocrx_word' id='word_1_629' title='bbox 380 4654 462 4689; x_wconf 90' lang='grc' dir='ltr'><strong><em>σιν</em></strong></span> <span class='ocrx_word' id='word_1_630' title='bbox 494 4636 586 4689; x_wconf 89' lang='grc' dir='ltr'><strong><em>τοῦ</em></strong></span> <span class='ocrx_word' id='word_1_631' title='bbox 617 4637 894 4709; x_wconf 83' lang='grc' dir='ltr'>μάρτυρος</span> <span class='ocrx_word' id='word_1_632' title='bbox 932 4638 985 4701; x_wconf 77' lang='lat' dir='ltr'><strong><em>h,</em></strong></span> <span class='ocrx_word' id='word_1_633' title='bbox 1029 4637 1288 4709; x_wconf 85' lang='grc' dir='ltr'>θεήλατον</span> <span class='ocrx_word' id='word_1_634' title='bbox 1331 4639 1592 4709; x_wconf 83' lang='grc' dir='ltr'>ἐμπεσεῖν</span> <span class='ocrx_word' id='word_1_635' title='bbox 1631 4641 1710 4712; x_wconf 77' lang='grc' dir='ltr'>τῷ</span> <span class='ocrx_word' id='word_1_636' title='bbox 1750 4642 1964 4712; x_wconf 80' lang='grc' dir='ltr'>δαίμονι</span> <span class='ocrx_word' id='word_1_637' title='bbox 1994 4642 2039 4697; x_wconf 90' lang='lat' dir='ltr'><strong>D</strong></span> <span class='ocrx_word' id='word_1_638' title='bbox 2068 4653 2135 4709; x_wconf 70' lang='lat' dir='ltr'><strong><em>pa</em></strong></span> 
     </span>
    </p>
   </div>
   <div class='ocr_carea' id='block_1_95' title="bbox 1879 4631 3637 4712">
    <p class='ocr_par' dir='ltr' id='par_1_95' title="bbox 1879 4631 3637 4709">
     <span class='ocr_line' id='line_1_96' title="bbox 1879 4631 3637 4709; baseline -0.005 -16"><span class='ocrx_word' id='word_1_639' title='bbox 1879 4660 1964 4695; x_wconf 77' lang='lat' dir='ltr'><strong><em>ovi</em></strong></span> <span class='ocrx_word' id='word_1_640' title='bbox 1994 4642 2039 4697; x_wconf 91' lang='lat' dir='ltr'><strong>D</strong></span> <span class='ocrx_word' id='word_1_641' title='bbox 2068 4637 2372 4709; x_wconf 84' lang='lat' dir='ltr'><strong><em>parietibus</em></strong></span> <span class='ocrx_word' id='word_1_642' title='bbox 2414 4636 2643 4698; x_wconf 88' lang='lat' dir='ltr'><strong><em>relictis,</em></strong></span> <span class='ocrx_word' id='word_1_643' title='bbox 2686 4641 2743 4689; x_wconf 86' lang='lat' dir='ltr'><strong><em>et</em></strong></span> <span class='ocrx_word' id='word_1_644' title='bbox 2781 4634 2987 4687; x_wconf 87' lang='lat' dir='ltr'><strong><em>ambitu</em></strong></span> <span class='ocrx_word' id='word_1_645' title='bbox 3022 4632 3230 4703; x_wconf 89' lang='lat' dir='ltr'><strong><em>templi,</em></strong></span> <span class='ocrx_word' id='word_1_646' title='bbox 3266 4646 3330 4685; x_wconf 91' lang='lat' dir='ltr'><strong><em>ac</em></strong></span> <span class='ocrx_word' id='word_1_647' title='bbox 3364 4631 3637 4685; x_wconf 87' lang='lat' dir='ltr'><strong><em>columnis</em></strong></span> 
     </span>
    </p>
   </div>
   <div class='ocr_carea' id='block_1_96' title="bbox 379 4725 1963 4801">
    <p class='ocr_par' dir='ltr' id='par_1_96' title="bbox 379 4725 1963 4801">
     <span class='ocr_line' id='line_1_97' title="bbox 379 4725 1963 4801; baseline 0.006 -23"><span class='ocrx_word' id='word_1_648' title='bbox 379 4725 516 4796; x_wconf 87' lang='grc' dir='ltr'>πῦρ·</span> <span class='ocrx_word' id='word_1_649' title='bbox 546 4728 595 4779; x_wconf 83' lang='grc' dir='ltr'><strong><em>οἱ</em></strong></span> <span class='ocrx_word' id='word_1_650' title='bbox 635 4727 694 4779; x_wconf 85' lang='grc' dir='ltr'>δὲ</span> <span class='ocrx_word' id='word_1_651' title='bbox 721 4727 980 4798; x_wconf 87' lang='grc' dir='ltr'>Ἕλληνες</span> <span class='ocrx_word' id='word_1_652' title='bbox 1025 4727 1395 4795; x_wconf 82' lang='grc' dir='ltr'>ἐλογοποίουν,</span> <span class='ocrx_word' id='word_1_653' title='bbox 1432 4732 1775 4801; x_wconf 83' lang='grc' dir='ltr'>Χριστιανῶν</span> <span class='ocrx_word' id='word_1_654' title='bbox 1822 4727 1963 4787; x_wconf 78' lang='grc' dir='ltr'>εἶναι</span> 
     </span>
    </p>
   </div>
   <div class='ocr_carea' id='block_1_97' title="bbox 375 4819 1963 4895">
    <p class='ocr_par' dir='ltr' id='par_1_97' title="bbox 375 4819 1963 4895">
     <span class='ocr_line' id='line_1_98' title="bbox 375 4819 1963 4895; baseline 0.005 -24"><span class='ocrx_word' id='word_1_655' title='bbox 375 4819 436 4871; x_wconf 73' lang='grc' dir='ltr'>τὸ</span> <span class='ocrx_word' id='word_1_656' title='bbox 459 4820 659 4889; x_wconf 78' lang='grc' dir='ltr'>δρᾶμα.</span> <span class='ocrx_word' id='word_1_657' title='bbox 686 4819 900 4888; x_wconf 80' lang='grc' dir='ltr'>Ταύτης</span> <span class='ocrx_word' id='word_1_658' title='bbox 927 4820 985 4872; x_wconf 81' lang='grc' dir='ltr'>δὲ</span> <span class='ocrx_word' id='word_1_659' title='bbox 1009 4820 1107 4891; x_wconf 83' lang='grc' dir='ltr'>τῆς</span> <span class='ocrx_word' id='word_1_660' title='bbox 1133 4820 1389 4885; x_wconf 85' lang='grc' dir='ltr'>ὑπονοίας</span> <span class='ocrx_word' id='word_1_661' title='bbox 1411 4823 1740 4895; x_wconf 84' lang='grc' dir='ltr'>κρατούσης,</span> <span class='ocrx_word' id='word_1_662' title='bbox 1771 4825 1963 4893; x_wconf 80' lang='grc' dir='ltr'>ἄγεται</span> 
     </span>
    </p>
   </div>
   <div class='ocr_carea' id='block_1_98' title="bbox 375 4911 1960 4989">
    <p class='ocr_par' dir='ltr' id='par_1_98' title="bbox 375 4911 1960 4989">
     <span class='ocr_line' id='line_1_99' title="bbox 375 4911 1960 4989; baseline 0.005 -27"><span class='ocrx_word' id='word_1_663' title='bbox 375 4912 455 4973; x_wconf 80' lang='grc' dir='ltr'>εἰς</span> <span class='ocrx_word' id='word_1_664' title='bbox 470 4911 814 4982; x_wconf 87' lang='grc' dir='ltr'>δικαστήριον</span> <span class='ocrx_word' id='word_1_665' title='bbox 839 4912 867 4963; x_wconf 90' lang='lat'><strong><em>6</em></strong></span> <span class='ocrx_word' id='word_1_666' title='bbox 892 4912 986 4963; x_wconf 84' lang='grc' dir='ltr'><strong><em>του</em></strong></span> <span class='ocrx_word' id='word_1_667' title='bbox 1005 4912 1337 4976; x_wconf 82' lang='grc' dir='ltr'>Ἀπόλλωνος</span> <span class='ocrx_word' id='word_1_668' title='bbox 1376 4914 1576 4984; x_wconf 78' lang='grc' dir='ltr'>ἱερεὺς,</span> <span class='ocrx_word' id='word_1_669' title='bbox 1608 4916 1683 4979; x_wconf 84' lang='grc' dir='ltr'>ὡς</span> <span class='ocrx_word' id='word_1_670' title='bbox 1712 4917 1960 4989; x_wconf 86' lang='grc' dir='ltr'>φανερώ-</span> 
     </span>
    </p>
   </div>
   <div class='ocr_carea' id='block_1_99' title="bbox 379 5002 1957 5080">
    <p class='ocr_par' dir='ltr' id='par_1_99' title="bbox 379 5002 1957 5080">
     <span class='ocr_line' id='line_1_100' title="bbox 379 5002 1957 5080; baseline 0.004 -23"><span class='ocrx_word' id='word_1_671' title='bbox 379 5019 486 5057; x_wconf 88' lang='grc' dir='ltr'><strong><em>σων</em></strong></span> <span class='ocrx_word' id='word_1_672' title='bbox 518 5002 607 5057; x_wconf 85' lang='grc' dir='ltr'><strong><em>τὸν</em></strong></span> <span class='ocrx_word' id='word_1_673' title='bbox 636 5005 981 5075; x_wconf 82' lang='grc' dir='ltr'>τολμήσαντα</span> <span class='ocrx_word' id='word_1_674' title='bbox 1018 5002 1109 5058; x_wconf 79' lang='grc' dir='ltr'><strong><em>τὸν</em></strong></span> <span class='ocrx_word' id='word_1_675' title='bbox 1150 5004 1480 5077; x_wconf 84' lang='grc' dir='ltr'>ἐμπρησμόν</span> <span class='ocrx_word' id='word_1_676' title='bbox 1502 5022 1513 5035; x_wconf 91' lang='grc'><strong>·</strong></span> <span class='ocrx_word' id='word_1_677' title='bbox 1564 5007 1851 5080; x_wconf 86' lang='grc' dir='ltr'>δεσμώτης</span> <span class='ocrx_word' id='word_1_678' title='bbox 1897 5027 1957 5063; x_wconf 90' lang='grc' dir='ltr'><strong><em>τε</em></strong></span> 
     </span>
    </p>
   </div>
   <div class='ocr_carea' id='block_1_100' title="bbox 2069 4722 3641 4800">
    <p class='ocr_par' dir='ltr' id='par_1_100' title="bbox 2069 4722 3641 4800">
     <span class='ocr_line' id='line_1_101' title="bbox 2069 4722 3641 4800; baseline -0.006 -16"><span class='ocrx_word' id='word_1_679' title='bbox 2069 4745 2190 4800; x_wconf 64' lang='lat' dir='ltr'><strong><em>quae</em></strong></span> <span class='ocrx_word' id='word_1_680' title='bbox 2213 4730 2482 4784; x_wconf 83' lang='lat' dir='ltr'><strong><em>vestibula</em></strong></span> <span class='ocrx_word' id='word_1_681' title='bbox 2515 4736 2569 4782; x_wconf 92' lang='lat' dir='ltr'><strong><em>et</em></strong></span> <span class='ocrx_word' id='word_1_682' title='bbox 2596 4727 2954 4797; x_wconf 88' lang='lat' dir='ltr'><strong><em>posteriorem</em></strong></span> <span class='ocrx_word' id='word_1_683' title='bbox 2989 4725 3175 4795; x_wconf 88' lang='lat' dir='ltr'><strong><em>templi</em></strong></span> <span class='ocrx_word' id='word_1_684' title='bbox 3214 4732 3423 4793; x_wconf 91' lang='lat' dir='ltr'><strong><em>partem</em></strong></span> <span class='ocrx_word' id='word_1_685' title='bbox 3472 4722 3641 4777; x_wconf 90' lang='lat' dir='ltr'><strong><em>susti-</em></strong></span> 
     </span>
    </p>
   </div>
   <div class='ocr_carea' id='block_1_101' title="bbox 2070 4813 3634 4887">
    <p class='ocr_par' dir='ltr' id='par_1_101' title="bbox 2070 4813 3634 4887">
     <span class='ocr_line' id='line_1_102' title="bbox 2070 4813 3634 4887; baseline -0.007 -11"><span class='ocrx_word' id='word_1_686' title='bbox 2070 4824 2295 4878; x_wconf 87' lang='lat' dir='ltr'><strong><em>nebant.</em></strong></span> <span class='ocrx_word' id='word_1_687' title='bbox 2346 4820 2412 4874; x_wconf 89' lang='lat' dir='ltr'><strong><em>Et</em></strong></span> <span class='ocrx_word' id='word_1_688' title='bbox 2461 4818 2763 4875; x_wconf 90' lang='lat' dir='ltr'><strong><em>Christiani</em></strong></span> <span class='ocrx_word' id='word_1_689' title='bbox 2822 4816 3042 4887; x_wconf 90' lang='lat' dir='ltr'><strong><em>quidem</em></strong></span> <span class='ocrx_word' id='word_1_690' title='bbox 3094 4816 3392 4870; x_wconf 85' lang='lat' dir='ltr'><strong><em>censebant</em></strong></span> <span class='ocrx_word' id='word_1_691' title='bbox 3455 4813 3634 4883; x_wconf 89' lang='lat' dir='ltr'><strong><em>ignem</em></strong></span> 
     </span>
    </p>
   </div>
   <div class='ocr_carea' id='block_1_102' title="bbox 2070 4906 3634 4983">
    <p class='ocr_par' dir='ltr' id='par_1_102' title="bbox 2070 4906 3634 4983">
     <span class='ocr_line' id='line_1_103' title="bbox 2070 4906 3634 4983; baseline -0.006 -14"><span class='ocrx_word' id='word_1_692' title='bbox 2070 4916 2215 4969; x_wconf 89' lang='lat' dir='ltr'><strong><em>hunc</em></strong></span> <span class='ocrx_word' id='word_1_693' title='bbox 2245 4930 2274 4968; x_wconf 92' lang='lat' dir='ltr'><strong><em>a</em></strong></span> <span class='ocrx_word' id='word_1_694' title='bbox 2308 4914 2416 4968; x_wconf 84' lang='lat' dir='ltr'><strong><em>Deo</em></strong></span> <span class='ocrx_word' id='word_1_695' title='bbox 2441 4912 2697 4983; x_wconf 87' lang='lat' dir='ltr'><strong><em>precibus</em></strong></span> <span class='ocrx_word' id='word_1_696' title='bbox 2735 4909 2993 4980; x_wconf 87' lang='lat' dir='ltr'><strong><em>martyris</em></strong></span> <span class='ocrx_word' id='word_1_697' title='bbox 3021 4914 3295 4962; x_wconf 87' lang='lat' dir='ltr'><strong><em>annuente</em></strong></span> <span class='ocrx_word' id='word_1_698' title='bbox 3326 4906 3634 4960; x_wconf 91' lang='lat' dir='ltr'><strong><em>immissum</em></strong></span> 
     </span>
    </p>
   </div>
   <div class='ocr_carea' id='block_1_103' title="bbox 2066 4996 3633 5063">
    <p class='ocr_par' dir='ltr' id='par_1_103' title="bbox 2066 4996 3633 5063">
     <span class='ocr_line' id='line_1_104' title="bbox 2066 4996 3633 5063; baseline -0.006 -2"><span class='ocrx_word' id='word_1_699' title='bbox 2066 5020 2188 5061; x_wconf 88' lang='lat' dir='ltr'><strong><em>esse</em></strong></span> <span class='ocrx_word' id='word_1_700' title='bbox 2236 5005 2291 5059; x_wconf 92' lang='lat' dir='ltr'><strong><em>in</em></strong></span> <span class='ocrx_word' id='word_1_701' title='bbox 2338 5004 2664 5059; x_wconf 65' lang='lat' dir='ltr'><strong><em>daemonem.</em></strong></span> <span class='ocrx_word' id='word_1_702' title='bbox 2715 4999 2960 5056; x_wconf 87' lang='lat' dir='ltr'><strong><em>Gentiles</em></strong></span> <span class='ocrx_word' id='word_1_703' title='bbox 3007 5013 3173 5063; x_wconf 88' lang='lat' dir='ltr'><strong><em>vero,</em></strong></span> <span class='ocrx_word' id='word_1_704' title='bbox 3232 4996 3287 5052; x_wconf 93' lang='lat' dir='ltr'><strong><em>id</em></strong></span> <span class='ocrx_word' id='word_1_705' title='bbox 3336 4997 3553 5052; x_wconf 84' lang='lat' dir='ltr'><strong><em>facinus</em></strong></span> <span class='ocrx_word' id='word_1_706' title='bbox 3601 5011 3633 5051; x_wconf 92' lang='lat' dir='ltr'><strong><em>a</em></strong></span> 
     </span>
    </p>
   </div>
   <div class='ocr_carea' id='block_1_104' title="bbox 1582 5190 2441 5249">
    <p class='ocr_par' dir='ltr' id='par_1_104' title="bbox 1582 5190 2441 5249">
     <span class='ocr_line' id='line_1_105' title="bbox 1582 5190 2441 5249; baseline -0.002 -4"><span class='ocrx_word' id='word_1_707' title='bbox 1582 5191 1851 5248; x_wconf 79' lang='lat' dir='ltr'><strong><em>VALESII</em></strong></span> <span class='ocrx_word' id='word_1_708' title='bbox 1890 5190 2441 5249; x_wconf 72' lang='lat' dir='ltr'><strong><em>ANNOTATIONES.</em></strong></span> 
     </span>
    </p>
   </div>
   <div class='ocr_carea' id='block_1_105' title="bbox 446 5291 2204 5378">
    <p class='ocr_par' dir='ltr' id='par_1_105' title="bbox 446 5298 2177 5378">
     <span class='ocr_line' id='line_1_106' title="bbox 446 5298 2177 5378; baseline 0.005 -26"><span class='ocrx_word' id='word_1_709' title='bbox 446 5298 556 5368; x_wconf 83' lang='grc'>(50)</span> <span class='ocrx_word' id='word_1_710' title='bbox 601 5300 829 5355; x_wconf 77' lang='grc' dir='ltr'><em>Ἐλθὼν</em></span> <span class='ocrx_word' id='word_1_711' title='bbox 861 5303 994 5371; x_wconf 78' lang='grc' dir='ltr'>περὶ</span> <span class='ocrx_word' id='word_1_712' title='bbox 1033 5304 1142 5358; x_wconf 82' lang='grc' dir='ltr'>τὸν</span> <span class='ocrx_word' id='word_1_713' title='bbox 1191 5302 1477 5368; x_wconf 71' lang='grc' dir='ltr'>βασιλέα.</span> <span class='ocrx_word' id='word_1_714' title='bbox 1511 5302 1875 5361; x_wconf 88' lang='lat' dir='ltr'><strong><em>Scribendum</em></strong></span> <span class='ocrx_word' id='word_1_715' title='bbox 1912 5318 1997 5363; x_wconf 92' lang='lat' dir='ltr'><strong><em>est</em></strong></span> <span class='ocrx_word' id='word_1_716' title='bbox 2026 5306 2177 5378; x_wconf 86' lang='grc' dir='ltr'><strong><em>παρά</em></strong></span> 
     </span>
    </p>
   </div>
   <div class='ocr_carea' id='block_1_106' title="bbox 1727 5291 3485 5378">
    <p class='ocr_par' dir='ltr' id='par_1_106' title="bbox 1727 5291 3485 5378">
     <span class='ocr_line' id='line_1_107' title="bbox 1727 5291 3485 5378; baseline -0.009 -18"><span class='ocrx_word' id='word_1_717' title='bbox 1727 5307 1875 5361; x_wconf 77' lang='lat' dir='ltr'><strong><em>idum</em></strong></span> <span class='ocrx_word' id='word_1_718' title='bbox 1912 5318 1997 5363; x_wconf 91' lang='lat' dir='ltr'><strong><em>est</em></strong></span> <span class='ocrx_word' id='word_1_719' title='bbox 2026 5306 2177 5378; x_wconf 87' lang='grc' dir='ltr'><strong><em>παρά</em></strong></span> <span class='ocrx_word' id='word_1_720' title='bbox 2207 5305 2297 5359; x_wconf 85' lang='grc' dir='ltr'><strong><em>τὸν</em></strong></span> <span class='ocrx_word' id='word_1_721' title='bbox 2324 5300 2570 5375; x_wconf 82' lang='grc' dir='ltr'>βασιλέα,</span> <span class='ocrx_word' id='word_1_722' title='bbox 2602 5305 2663 5354; x_wconf 82' lang='grc' dir='ltr'><strong><em>ιιι</em></strong></span> <span class='ocrx_word' id='word_1_723' title='bbox 2695 5298 2892 5369; x_wconf 83' lang='lat' dir='ltr'><strong><em>legitur</em></strong></span> <span class='ocrx_word' id='word_1_724' title='bbox 2923 5295 3065 5368; x_wconf 89' lang='lat' dir='ltr'><strong><em>apud</em></strong></span> <span class='ocrx_word' id='word_1_725' title='bbox 3092 5291 3485 5364; x_wconf 85' lang='lat' dir='ltr'><strong><em>Nicephorum.</em></strong></span> 
     </span>
    </p>
   </div>
   <div class='ocr_carea' id='block_1_107' title="bbox 1808 5439 2178 5495">
    <p class='ocr_par' dir='ltr' id='par_1_107' title="bbox 1808 5439 2178 5495">
     <span class='ocr_line' id='line_1_108' title="bbox 1808 5439 2178 5495; baseline -0.008 0"><span class='ocrx_word' id='word_1_726' title='bbox 1808 5442 1889 5495; x_wconf 84' lang='lat' dir='ltr'><strong>VA</strong></span> <span class='ocrx_word' id='word_1_727' title='bbox 1896 5439 2157 5495; x_wconf 79' lang='lat' dir='ltr'><strong><em>RIORUM</em></strong></span> <span class='ocrx_word' id='word_1_728' title='bbox 2168 5482 2178 5493; x_wconf 94' lang='lat'><strong><em>.</em></strong></span> 
     </span>
    </p>
   </div>
   <div class='ocr_carea' id='block_1_108' title="bbox 442 5590 1944 5662">
    <p class='ocr_par' dir='ltr' id='par_1_108' title="bbox 442 5590 1944 5662">
     <span class='ocr_line' id='line_1_109' title="bbox 442 5590 1944 5662; baseline -0.001 -16"><span class='ocrx_word' id='word_1_729' title='bbox 442 5591 468 5662; x_wconf 55' lang='grc' dir='ltr'>ξ</span> <span class='ocrx_word' id='word_1_730' title='bbox 509 5590 727 5662; x_wconf 76' lang='grc' dir='ltr'>Ἐδόκει</span> <span class='ocrx_word' id='word_1_731' title='bbox 750 5590 818 5643; x_wconf 77' lang='grc' dir='ltr'>δὲ</span> <span class='ocrx_word' id='word_1_732' title='bbox 839 5591 962 5658; x_wconf 83' lang='grc' dir='ltr'>τοῖς</span> <span class='ocrx_word' id='word_1_733' title='bbox 982 5592 1098 5661; x_wconf 79' lang='grc' dir='ltr'><strong><em>μὲν</em></strong></span> <span class='ocrx_word' id='word_1_734' title='bbox 1116 5594 1507 5662; x_wconf 79' lang='grc' dir='ltr'>Χριστιαγοῖς,</span> <span class='ocrx_word' id='word_1_735' title='bbox 1533 5592 1682 5648; x_wconf 86' lang='grc' dir='ltr'>κατὰ</span> <span class='ocrx_word' id='word_1_736' title='bbox 1700 5592 1944 5659; x_wconf 79' lang='grc' dir='ltr'>αἴτησιν</span> 
     </span>
    </p>
   </div>
   <div class='ocr_carea' id='block_1_109' title="bbox 373 5660 1944 5736">
    <p class='ocr_par' dir='ltr' id='par_1_109' title="bbox 373 5660 1944 5736">
     <span class='ocr_line' id='line_1_110' title="bbox 373 5660 1944 5736; baseline 0.002 -22"><span class='ocrx_word' id='word_1_737' title='bbox 373 5660 822 5736; x_wconf 45' lang='grc' dir='ltr'>τοᾷ-μάρτυρος.</span> <span class='ocrx_word' id='word_1_738' title='bbox 855 5664 936 5716; x_wconf 83' lang='lat' dir='ltr'><strong><em>Ita</em></strong></span> <span class='ocrx_word' id='word_1_739' title='bbox 965 5660 1183 5736; x_wconf 66' lang='lat' dir='ltr'><strong><em>quidem</em></strong></span> <span class='ocrx_word' id='word_1_740' title='bbox 1212 5665 1657 5736; x_wconf 79' lang='lat' dir='ltr'><strong><em>Chrysostomus,</em></strong></span> <span class='ocrx_word' id='word_1_741' title='bbox 1690 5663 1944 5736; x_wconf 77' lang='lat' dir='ltr'><strong><em>Oratione</em></strong></span> 
     </span>
    </p>
   </div>
   <div class='ocr_carea' id='block_1_110' title="bbox 372 5731 1942 5806">
    <p class='ocr_par' dir='ltr' id='par_1_110' title="bbox 372 5731 1942 5806">
     <span class='ocr_line' id='line_1_111' title="bbox 372 5731 1942 5806; baseline 0 -21"><span class='ocrx_word' id='word_1_742' title='bbox 372 5732 428 5806; x_wconf 69' lang='lat' dir='ltr'><strong><em>in</em></strong></span> <span class='ocrx_word' id='word_1_743' title='bbox 471 5731 548 5806; x_wconf 86' lang='lat' dir='ltr'><strong><em>S._</em></strong></span> <span class='ocrx_word' id='word_1_744' title='bbox 593 5731 892 5806; x_wconf 61' lang='lat' dir='ltr'><strong><em>Babylam,</em></strong></span> <span class='ocrx_word' id='word_1_745' title='bbox 924 5731 990 5786; x_wconf 84' lang='lat' dir='ltr'><strong><em>et</em></strong></span> <span class='ocrx_word' id='word_1_746' title='bbox 1019 5731 1217 5806; x_wconf 75' lang='lat' dir='ltr'><strong><em>antra</em></strong></span> <span class='ocrx_word' id='word_1_747' title='bbox 1273 5731 1507 5806; x_wconf 49' lang='lat' dir='ltr'><strong><em>gentes;</em></strong></span> <span class='ocrx_word' id='word_1_748' title='bbox 1548 5734 1942 5806; x_wconf 75' lang='grc' dir='ltr'>Παρακαλέσας</span> 
     </span>
    </p>
   </div>
   <div class='ocr_carea' id='block_1_111' title="bbox 371 5801 1942 5873">
    <p class='ocr_par' dir='ltr' id='par_1_111' title="bbox 371 5801 1942 5873">
     <span class='ocr_line' id='line_1_112' title="bbox 371 5801 1942 5873; baseline 0.002 -21"><span class='ocrx_word' id='word_1_749' title='bbox 371 5803 479 5873; x_wconf 72' lang='grc' dir='ltr'>γὰρ</span> <span class='ocrx_word' id='word_1_750' title='bbox 502 5801 593 5853; x_wconf 75' lang='grc' dir='ltr'><strong><em>τδν</em></strong></span> <span class='ocrx_word' id='word_1_751' title='bbox 622 5801 751 5873; x_wconf 76' lang='grc' dir='ltr'>Θεὸν</span> <span class='ocrx_word' id='word_1_752' title='bbox 777 5804 991 5869; x_wconf 87' lang='grc' dir='ltr'>ἀφεῖναι</span> <span class='ocrx_word' id='word_1_753' title='bbox 1018 5801 1127 5873; x_wconf 89' lang='grc' dir='ltr'><strong><em>πῦρ</em></strong></span> <span class='ocrx_word' id='word_1_754' title='bbox 1168 5806 1245 5867; x_wconf 86' lang='grc' dir='ltr'>εἰς</span> <span class='ocrx_word' id='word_1_755' title='bbox 1272 5801 1363 5857; x_wconf 82' lang='grc' dir='ltr'><strong><em>τὸν</em></strong></span> <span class='ocrx_word' id='word_1_756' title='bbox 1385 5801 1687 5863; x_wconf 48' lang='lat' dir='ltr'><strong><em>vatim—4-</em></strong></span> <span class='ocrx_word' id='word_1_757' title='bbox 1715 5803 1772 5857; x_wconf 83' lang='lat' dir='ltr'><strong><em>Is</em></strong></span> <span class='ocrx_word' id='word_1_758' title='bbox 1803 5805 1942 5858; x_wconf 84' lang='lat' dir='ltr'><strong><em>enim</em></strong></span> 
     </span>
    </p>
   </div>
   <div class='ocr_carea' id='block_1_112' title="bbox 392 5872 1941 5943">
    <p class='ocr_par' dir='ltr' id='par_1_112' title="bbox 392 5872 1941 5943">
     <span class='ocr_line' id='line_1_113' title="bbox 392 5872 1941 5943; baseline 0.004 -22"><span class='ocrx_word' id='word_1_759' title='bbox 392 5872 644 5942; x_wconf 83' lang='lat' dir='ltr'><strong><em>Bahylas)</em></strong></span> <span class='ocrx_word' id='word_1_760' title='bbox 674 5872 837 5925; x_wconf 86' lang='lat' dir='ltr'><strong><em>Deum</em></strong></span> <span class='ocrx_word' id='word_1_761' title='bbox 866 5872 1135 5942; x_wconf 83' lang='lat' dir='ltr'><strong><em>precatus.</em></strong></span> <span class='ocrx_word' id='word_1_762' title='bbox 1167 5876 1333 5943; x_wconf 82' lang='lat' dir='ltr'><strong><em>ignem</em></strong></span> <span class='ocrx_word' id='word_1_763' title='bbox 1374 5876 1427 5927; x_wconf 85' lang='lat' dir='ltr'><strong><em>in</em></strong></span> <span class='ocrx_word' id='word_1_764' title='bbox 1470 5875 1716 5939; x_wconf 77' lang='lat' dir='ltr'><strong><em>templum</em></strong></span> <span class='ocrx_word' id='word_1_765' title='bbox 1750 5884 1806 5926; x_wconf 90' lang='lat' dir='ltr'><strong><em>ut</em></strong></span> <span class='ocrx_word' id='word_1_766' title='bbox 1838 5891 1941 5927; x_wconf 77' lang='lat' dir='ltr'><strong><em>rm-</em></strong></span> 
     </span>
    </p>
   </div>
   <div class='ocr_carea' id='block_1_113' title="bbox 394 5942 1942 6017">
    <p class='ocr_par' dir='ltr' id='par_1_113' title="bbox 394 5942 1942 6017">
     <span class='ocr_line' id='line_1_114' title="bbox 394 5942 1942 6017; baseline 0.004 -23"><span class='ocrx_word' id='word_1_767' title='bbox 394 5944 499 5995; x_wconf 83' lang='lat' dir='ltr'><strong><em>t&#39;tus</em></strong></span> <span class='ocrx_word' id='word_1_768' title='bbox 529 5942 838 6012; x_wconf 76' lang='lat' dir='ltr'><strong><em>dcuitteret,</em></strong></span> <span class='ocrx_word' id='word_1_769' title='bbox 882 5954 1049 6000; x_wconf 86' lang='lat' dir='ltr'><strong><em>totum</em></strong></span> <span class='ocrx_word' id='word_1_770' title='bbox 1078 5942 1223 6000; x_wconf 70' lang='lat' dir='ltr'><strong><em>illius</em></strong></span> <span class='ocrx_word' id='word_1_771' title='bbox 1256 5956 1447 6003; x_wconf 84' lang='lat' dir='ltr'><strong><em>tectum</em></strong></span> <span class='ocrx_word' id='word_1_772' title='bbox 1473 5949 1695 6011; x_wconf 69' lang='lat' dir='ltr'><strong><em>exussit,</em></strong></span> <span class='ocrx_word' id='word_1_773' title='bbox 1730 5946 1942 6017; x_wconf 80' lang='lat' dir='ltr'><strong><em>ipsoque</em></strong></span> 
     </span>
    </p>
   </div>
   <div class='ocr_carea' id='block_1_114' title="bbox 1547 5834 1687 5845">
    <p class='ocr_par' dir='ltr' id='par_1_114' title="bbox 1547 5834 1687 5845">
     <span class='ocr_line' id='line_1_115' title="bbox 1547 5834 1687 5845; baseline 0.014 -2"><span class='ocrx_word' id='word_1_774' title='bbox 1547 5834 1687 5845; x_wconf 77' lang='lat'><strong><em>—_—.</em></strong></span> 
     </span>
    </p>
   </div>
   <div class='ocr_carea' id='block_1_115' title="bbox 2046 5578 3625 5658">
    <p class='ocr_par' dir='ltr' id='par_1_115' title="bbox 2046 5578 3625 5658">
     <span class='ocr_line' id='line_1_116' title="bbox 2046 5578 3625 5658; baseline -0.008 -14"><span class='ocrx_word' id='word_1_775' title='bbox 2046 5591 2188 5645; x_wconf 84' lang='lat' dir='ltr'><strong><em>idolo</em></strong></span> <span class='ocrx_word' id='word_1_776' title='bbox 2221 5596 2289 5643; x_wconf 89' lang='lat' dir='ltr'><strong><em>ad</em></strong></span> <span class='ocrx_word' id='word_1_777' title='bbox 2341 5602 2601 5643; x_wconf 71' lang='lat' dir='ltr'><strong><em>extremos</em></strong></span> <span class='ocrx_word' id='word_1_778' title='bbox 2642 5604 2803 5658; x_wconf 81' lang='lat' dir='ltr'><strong><em>usque</em></strong></span> <span class='ocrx_word' id='word_1_779' title='bbox 2837 5582 3215 5658; x_wconf 79' lang='lat' dir='ltr'><strong><em>pedes_deleto,</em></strong></span> <span class='ocrx_word' id='word_1_780' title='bbox 3264 5578 3544 5658; x_wconf 71' lang='lat' dir='ltr'><strong><em>eodemque</em></strong></span> <span class='ocrx_word' id='word_1_781' title='bbox 3574 5580 3625 5633; x_wconf 78' lang='lat' dir='ltr'><strong><em>ir:</em></strong></span> 
     </span>
    </p>
   </div>
   <div class='ocr_carea' id='block_1_116' title="bbox 2045 5650 3624 5727">
    <p class='ocr_par' dir='ltr' id='par_1_116' title="bbox 2045 5650 3624 5727">
     <span class='ocr_line' id='line_1_117' title="bbox 2045 5650 3624 5727; baseline -0.009 -12"><span class='ocrx_word' id='word_1_782' title='bbox 2045 5664 2273 5716; x_wconf 81' lang='lat' dir='ltr'><strong><em>cinerem</em></strong></span> <span class='ocrx_word' id='word_1_783' title='bbox 2304 5678 2365 5714; x_wconf 84' lang='lat' dir='ltr'><strong><em>ae</em></strong></span> <span class='ocrx_word' id='word_1_784' title='bbox 2393 5661 2654 5727; x_wconf 79' lang='lat' dir='ltr'><strong><em>pulverem</em></strong></span> <span class='ocrx_word' id='word_1_785' title='bbox 2678 5650 2914 5721; x_wconf 74' lang='lat' dir='ltr'><strong><em>redacto,</em></strong></span> <span class='ocrx_word' id='word_1_786' title='bbox 2957 5655 3020 5707; x_wconf 90' lang='lat' dir='ltr'><strong><em>ab</em></strong></span> <span class='ocrx_word' id='word_1_787' title='bbox 3049 5654 3288 5727; x_wconf 69' lang='lat' dir='ltr'><strong><em>omnibns</em></strong></span> <span class='ocrx_word' id='word_1_788' title='bbox 3315 5650 3624 5727; x_wconf 57' lang='lat' dir='ltr'><strong><em>parietibus,</em></strong></span> 
     </span>
    </p>
   </div>
   <div class='ocr_carea' id='block_1_117' title="bbox 2043 5720 3622 5801">
    <p class='ocr_par' dir='ltr' id='par_1_117' title="bbox 2043 5720 3622 5801">
     <span class='ocr_line' id='line_1_118' title="bbox 2043 5720 3622 5801; baseline -0.008 -16"><span class='ocrx_word' id='word_1_789' title='bbox 2043 5734 2134 5801; x_wconf 81' lang='lat' dir='ltr'><strong><em>qui</em></strong></span> <span class='ocrx_word' id='word_1_790' title='bbox 2184 5732 2283 5798; x_wconf 84' lang='lat' dir='ltr'><strong><em>ipsi</em></strong></span> <span class='ocrx_word' id='word_1_791' title='bbox 2324 5720 2513 5800; x_wconf 67' lang='lat' dir='ltr'><strong><em>integri</em></strong></span> <span class='ocrx_word' id='word_1_792' title='bbox 2563 5730 2735 5783; x_wconf 84' lang='lat' dir='ltr'><strong><em>adhuc</em></strong></span> <span class='ocrx_word' id='word_1_793' title='bbox 2782 5720 2945 5791; x_wconf 83' lang='lat' dir='ltr'><strong><em>stant,</em></strong></span> <span class='ocrx_word' id='word_1_794' title='bbox 2989 5724 3286 5801; x_wconf 58' lang='lat' dir='ltr'><strong><em>abstinuit,</em></strong></span> <span class='ocrx_word' id='word_1_795' title='bbox 3328 5729 3449 5801; x_wconf 28' lang='lat' dir='ltr'><strong><em>etc.‘</em></strong></span> <span class='ocrx_word' id='word_1_796' title='bbox 3523 5720 3622 5773; x_wconf 52' lang='lat' dir='ltr'><strong><em>libi</em></strong></span> 
     </span>
    </p>
   </div>
   <div class='ocr_carea' id='block_1_118' title="bbox 2045 5793 3617 5869">
    <p class='ocr_par' dir='ltr' id='par_1_118' title="bbox 2045 5793 3617 5869">
     <span class='ocr_line' id='line_1_119' title="bbox 2045 5793 3617 5869; baseline -0.01 -13"><span class='ocrx_word' id='word_1_797' title='bbox 2045 5793 2210 5857; x_wconf 80' lang='lat' dir='ltr'><strong><em>etiam</em></strong></span> <span class='ocrx_word' id='word_1_798' title='bbox 2244 5793 2743 5869; x_wconf 46' lang='lat' dir='ltr'><strong><em>referthpollinis</em></strong></span> <span class='ocrx_word' id='word_1_799' title='bbox 2804 5796 3149 5869; x_wconf 80' lang='lat' dir='ltr'><strong><em>sacerdotem</em></strong></span> <span class='ocrx_word' id='word_1_800' title='bbox 3201 5793 3304 5869; x_wconf 81' lang='lat' dir='ltr'><strong><em>sub</em></strong></span> <span class='ocrx_word' id='word_1_801' title='bbox 3346 5798 3617 5869; x_wconf 73' lang='lat' dir='ltr'><strong><em>tortorum</em></strong></span> 
     </span>
    </p>
   </div>
   <div class='ocr_carea' id='block_1_119' title="bbox 2045 5860 3619 5936">
    <p class='ocr_par' dir='ltr' id='par_1_119' title="bbox 2045 5860 3619 5936">
     <span class='ocr_line' id='line_1_120' title="bbox 2045 5860 3619 5936; baseline -0.007 -11"><span class='ocrx_word' id='word_1_802' title='bbox 2045 5873 2299 5927; x_wconf 87' lang='lat' dir='ltr'><strong><em>manibus</em></strong></span> <span class='ocrx_word' id='word_1_803' title='bbox 2345 5860 2662 5925; x_wconf 66' lang='lat' dir='ltr'><strong><em>constanter</em></strong></span> <span class='ocrx_word' id='word_1_804' title='bbox 2693 5870 3014 5935; x_wconf 85' lang='lat' dir='ltr'><strong><em>aﬂirmasse,</em></strong></span> <span class='ocrx_word' id='word_1_805' title='bbox 3053 5866 3234 5936; x_wconf 81' lang='lat' dir='ltr'><strong><em>ignem</em></strong></span> <span class='ocrx_word' id='word_1_806' title='bbox 3268 5866 3334 5918; x_wconf 90' lang='lat' dir='ltr'><strong><em>de</em></strong></span> <span class='ocrx_word' id='word_1_807' title='bbox 3388 5860 3527 5915; x_wconf 65' lang='lat' dir='ltr'><strong><em>caelo</em></strong></span> <span class='ocrx_word' id='word_1_808' title='bbox 3566 5861 3619 5915; x_wconf 92' lang='lat' dir='ltr'><strong><em>iu</em></strong></span> 
     </span>
    </p>
   </div>
   <div class='ocr_carea' id='block_1_120' title="bbox 2047 5942 2624 6014">
    <p class='ocr_par' dir='ltr' id='par_1_120' title="bbox 2047 5942 2624 6014">
     <span class='ocr_line' id='line_1_121' title="bbox 2047 5942 2624 6014; baseline -0.007 -15"><span class='ocrx_word' id='word_1_809' title='bbox 2047 5945 2306 6014; x_wconf 81' lang='lat' dir='ltr'><strong><em>templum</em></strong></span> <span class='ocrx_word' id='word_1_810' title='bbox 2331 5942 2624 5998; x_wconf 73' lang='lat' dir='ltr'><strong><em>decidisse.</em></strong></span> 
     </span>
    </p>
   </div>
  </div>
