4452 6598
836 457 860 511 1
868 451 977 511 279

2268 447 2612 503 SOZOMENI

833 568 1163 624 Christianis
1185 577 1456 634 patratum
1487 581 1615 623 esse
1653 564 2062 622 asseverabant.
2097 563 2229 629 Qua:
2275 578 2399 616 cum
2431 571 2475 626 Α
2503 581 2591 632 γεν

2333 581 2399 616 llll
2431 571 2475 626 Α
2503 565 2790 634 γενόμενος
2815 565 2948 636 (3i),
2977 566 3072 620 καὶ
3101 565 3299 630 πολλὰς
3336 564 3632 636 ὑπομείνας
3663 563 3894 632 πληγάς,
3923 566 4091 634 χαλε-

837 662 1157 717 invaluisset
1183 660 1448 730 suspicio,
1471 659 1731 715 sacerdos
1759 656 2028 727 Apollinis
2056 657 2112 710 in
2131 655 2400 726 judicium

836 751 1152 811 adducitur,
1195 758 1453 819 tanquam
1503 750 1868 811 indicaturus,
1903 747 2157 816 quisnam
2211 751 2405 798 auctor

838 846 1032 900 fuiSSct
1078 846 1337 900 incendii.
1391 842 1494 909 Qui
1545 844 1675 898 licet
1723 843 2008 911 conjectus
2056 841 2112 894 in
2160 837 2401 901 vincula,

838 937 1134 1006 multisque
1163 936 1490 991 verberibus
1523 949 1587 989 ac
1616 930 1903 989 tormentis
1938 932 2186 994 aﬂ‘ectus,
2231 928 2406 982 nemi-

837 1043 964 1082 ncm
1020 1035 1200 1081 tamen
1261 1026 1543 1081 indicavit.
1601 1024 1723 1091 Quo
1780 1015 2045 1078 maxime
2082 1027 2404 1092 argumento

836 1117 1136 1171 Christiani
1171 1115 1534 1177 allirmabant,
1564 1115 1742 1184 ignem
1786 1113 1934 1168 hunc
1983 1126 2092 1165 non
2139 1126 2206 1164 ex
2238 1109 2410 1163 homi-

837 1226 970 1265 num
995 1209 1233 1273 insidiis,
1253 1209 1348 1264 sed
1372 1209 1582 1262 ultione
1609 1207 1795 1261 divina
1821 1209 1874 1260 in
1897 1206 2161 1274 templum
2186 1203 2406 1260 caelitus

841 1302 1107 1370 injectum
1143 1300 1333 1356 fuisse.
1360 1301 1536 1368 Atque
1571 1299 1684 1354 haec
1707 1297 1926 1368 quidem
1961 1296 2037 1350 ita
2065 1303 2218 1365 gesta
2254 1301 2405 1348 sunt.

839 1392 1012 1447 Porro
1043 1393 1115 1447 ob
1164 1407 1249 1457 ea,
1298 1401 1358 1446 ut
1387 1393 1603 1462 Opinor,
1650 1406 1774 1460 qua:
1821 1386 2060 1458 Daphne:
2093 1385 2410 1441 acciderant

841 1494 1066 1555 pr0pter
1098 1484 1360 1554 reliquias
1386 1483 1604 1554 Babylae
1645 1481 1924 1554 martyris,
1960 1481 2258 1549 imperator
2285 1491 2408 1531 cum

841 1576 1143 1644 accepisset
1190 1575 1457 1632 ecclesias
1515 1573 1784 1644 quasdam
1843 1570 2005 1640 212
2044 1570 2100 1624 in
2147 1569 2410 1622 honorem

2508 652 2627 716 πῶς
2651 669 2711 706 τε
2735 654 3020 718 αἰκισθεὶς,
3043 655 3232 708 οὐδένα
3256 656 3632 726 κατεμήνυσεν
3650 671 3666 686 ο
3691 646 3737 722 ᾧ
3755 654 3819 725 δὴ
3848 654 4092 724 μάλιστα

2513 743 2848 814 ίσχυρίζοντο
2898 746 2948 798 οἱ
2996 747 3345 818 Χριστιανοὶ,
3386 747 3460 817 μὴ
3507 748 3629 800 κατ’
3658 746 3948 818 ἐπιϐουλὴν
3986 749 4090 801 ἀνσ-

2511 831 2822 902 θρωπείαν,
2870 832 3008 888 ἀλλὰ
3069 835 3209 888 κατὰ
3267 834 3414 887 θείαν
3462 835 3622 905 μῆνιν
3676 835 3940 905 ἐνσκῆψαι
4005 835 4092 905 τῷ

2511 922 2616 994 νεῷ
2641 925 2889 995 οὐράνιον
2928 926 3060 998 πῦρ.
3089 929 3198 980 Καὶ
3221 928 3290 981 τά
3319 929 3417 999 μὲν
3455 921 3558 981 ὦδε
3601 927 3791 997 ἔσχενο
3816 929 3890 990 ὡς
3928 925 4092 999 οἶμαι

2510 1012 2594 1078 δὲ,
2628 1015 2692 1067 ἐκ
2712 1013 2822 1068 τῶν
2846 1016 3169 1086 συμϐάντων
3194 1019 3253 1070 ἐν
3280 1020 3347 1089 τῇ
3377 1018 3562 1090 Δάφνῃ
3597 1017 3686 1070 διὰ
3712 1018 3803 1070 τὸν
3833 1000 4096 1088 μάρτὶιρα

2512 1102 2758 1158 Βαϐύλαν
2788 1104 3088 1176 πυθόμενος
3111 1107 3140 1159 ὁ
3166 1107 3440 1176 βασιλεὺς,
3480 1108 3576 1162 ἐπὶ
3618 1111 3752 1179 τιμῇ
3793 1109 4096 1180 μαρτύρων

2511 1199 2836 1268 εὐκτηρίους
2861 1200 3044 1262 οἴκους
3069 1195 3208 1253 εἶναι
3247 1201 3473 1271 πλησίον
3512 1200 3607 1254 τοῦ
3636 1200 3765 1254 ναοῦ
3794 1200 4094 1270 Διδυμαίου

2525 1289 2877 1354 Ἀπόλλωνος,
2911 1291 2971 1354 ὃς
3013 1290 3121 1362 πρὸ
3159 1291 3257 1362 τῆς
3295 1292 3534 1362 Μιλήτου
3583 1292 3752 1357 ἐστὶν,
3778 1289 3984 1362 ἔγραψε
4011 1287 4098 1358 τῷ

2513 1382 2741 1451 ἡγεμόνι
2794 1383 3027 1453 Καρίας,
3075 1385 3125 1436 εί
3173 1383 3272 1454 μὲν
3317 1384 3517 1454 δροφόν
3561 1400 3622 1437 τε
3673 1385 3768 1436 καὶ
3810 1385 4100 1454 τράπεζαν

2518 1470 2668 1543 ίεράν
2696 1469 2899 1539 έχουσι,
2936 1471 3072 1542 πυρὶ
3116 1471 3479 1541 καταφλέξαι·
3510 1474 3562 1525 εί
3602 1472 3659 1525 δὲ
3691 1473 3931 1544 ἡμίεργά
3976 1474 4100 1526 ἑστι

2514 1560 2586 1615 τά
2619 1561 3047 1632 οἰκοδομήματα,
3087 1563 3153 1616 ἐκ
3183 1561 3399 1634 βάθρων
3429 1561 3761 1632 ἀνασκάψαι.

842 1675 1144 1738 martyrum
1168 1677 1476 1723 exstructas
1503 1681 1628 1720 esse
1656 1666 1812 1732 juxta
1841 1663 2102 1732 templum
2138 1659 2410 1730 Apollinis
2449 1654 2730 1724 Didymaei,
2765 1654 2910 1723 quod
2937 1656 3003 1708 ad
3036 1655 3225 1709 urbem
3265 1655 3510 1709 Miletum
3545 1655 3712 1709 situm
3778 1663 3885 1719 est,
3951 1655 4101 1710 scri-

841 1761 952 1828 psit
991 1760 1057 1814 ad
1133 1759 1422 1828 praesidem
1456 1754 1631 1811 Cariae
1672 1763 1733 1808 ut
1772 1754 2023 1809 ecclesiae
2065 1752 2194 1814 illaa,
2265 1749 2311 1803 si
2379 1744 2602 1816 quidem
2636 1752 2842 1797 tectum
2891 1752 2946 1797 et
3004 1759 3217 1798 sacram
3284 1758 3531 1798 mensam
3565 1742 3852 1812 baberent,
3905 1743 4105 1800 incen-

840 1852 1144 1915 derentur;
1191 1851 1238 1905 si
1270 1863 1401 1904 vero
1427 1863 1594 1919 opera
1632 1847 1812 1900 adhuc
1841 1845 2166 1916 imperfecta
2197 1849 2405 1903 essent,
2447 1837 2698 1894 funditus
2727 1837 3166 1892 destruerentur.

1475 1939 1630 1995 CAP.
1683 1939 1821 1993 ΧΧΙ.
2021 1945 2043 1978 ι

850 2035 924 2088 De
953 2042 1133 2088 statua
1177 2031 1380 2086 Christi
1415 2033 1469 2085 in
1511 2031 1637 2083 urbe
1677 2027 1960 2090 Paneade;
2007 2043 2111 2094 qua
2150 2040 2328 2080 eversa
2364 2031 2416 2076 et

914 2105 1211 2170 confracta,
1256 2100 1508 2154 Julianus
1543 2103 1826 2169 imaginem
1865 2115 2017 2152 suam
2053 2099 2242 2170 erexit,
2286 2109 2416 2170 qua:

916 2165 1039 2227 mos:
1083 2165 1307 2241 fulti—nine
1356 2173 1460 2223 icta
1494 2165 1866 2241 ac‘di'ssipata
1906 2176 2007 2241 est.
2161 2171 2224 2218 de
2275 2165 2418 2241 [mue

922 2236 1255 2296 Emmountis
1302 2243 1356 2293 in
1394 2257 1497 2308 quo
1549 2239 1792 2294 Christus
1835 2237 1985 2308 pedes
2027 2238 2198 2289 lavit:
2252 2236 2417 2308 deque

920 2313 1114 2368 Persea
1144 2313 1349 2370 arbore,
1375 2305 1492 2380 quis
1521 2308 1878 2380 Chrisluutin
1899 2306 2129 2377 (Egypto
2152 2305 2413 2369 adoravit,

914 2394 965 2438 et
1001 2383 1064 2438 de
1099 2379 1497 2448 miraculis'per
1531 2396 1648 2433 eam
1677 2379 1857 2432 editis.

916 2598 993 2654 Ex
1035 2599 1103 2654 iis
1142 2613 1308 2668 porro
1345 2613 1468 2667 quae
1512 2603 1776 2666 regnante
1806 2594 2027 2650 Juliano
2069 2595 2415 2660 acciderunt,

847 2690 995 2746 istud
1019 2691 1244 2760 minime
1267 2689 1711 2758 praetereundum
1742 2698 1825 2743 est
1853 2705 1867 2740 :
1892 2687 2040 2758 quod
2072 2695 2126 2742 et
2164 2687 2419 2756 potentiae

846 2781 1077 2846 Christi,
1105 2787 1161 2834 et
1189 2780 1384 2834 divina:
1422 2778 1686 2834 adversus
1721 2779 2105 2849 imperatorem
2137 2779 2230 2832 ira:
2257 2794 2420 2848 argu-

850 2883 1090 2928 mentum
1125 2879 1208 2927 est
1250 2874 1571 2926 maximum.
1607 2870 1737 2924 Nam
1769 2885 1891 2924 cum
1945 2871 2243 2939 imperator
2275 2871 2418 2924 didi-

848 2965 1036 3029 cisset,
1062 2963 1321 3018 Caesarcaz
1347 2961 1584 3031 Philippi
1619 2961 1775 3032 (urbs
1799 2969 1885 3016 est
1916 2959 2226 3023 Phtenices,
2254 2977 2418 3030 quam

850 3053 1156 3110 Paneadem
1195 3052 1513 3123 nominant)
1546 3053 1816 3123 insignem
1852 3067 1974 3107 esse
2001 3059 2237 3107 statuam
2267 3053 2422 3107 Chri-

850 3145 947 3206 sti,
1006 3161 1173 3216 quam
1226 3144 1423 3200 mulier
1475 3144 1762 3214 sanguinis
1801 3142 2086 3213 proﬂuvio,
2140 3159 2248 3213 quo
2273 3145 2418 3214 jam-

2447 1934 2493 1992 Β

3099 1930 3348 1984 ΚΕΦΑΛ.
3384 1929 3517 1983 KA'.

2518 2020 2656 2090 Περὶ
2682 2019 2828 2090 τοῦ,
2853 2018 3192 2090 ἀγάλματος
3232 2019 3340 2073 τοῦ
3392 2016 3813 2090 Χριστοῦιτοῦ
3863 2017 3941 2090 ἐκ
3980 2020 4105 2070 Πα-

2585 2087 2772 2151 κεὰδι,
2805 2089 2836 2143 ὃ
2868 2087 3218 2142 καταϐαλὼν
3255 2087 3576 2155 Ἰουλιανὸς
3601 2089 3699 2142 καί
3739 2087 4101 2156 ἀχρειὼσας,

2585 2161 2651 2214 τὸ
2707 2159 2925 2214 ἑαυτοῦ
2979 2159 3218 2228 ἄγαλμα
3269 2159 3530 2225 ἐστησεο
3585 2158 3683 2228 καί
3869 2155 4102 2225 ἐφθάρη

2584 2230 2782 2294 τοῦτο,
2805 2226 3040 2296 ,ϐληθὲν
3064 2226 3361 2296 κεραυνῷ·
3399 2228 3498 2281 καὶ
3531 2227 3662 2296 περὶ
3691 2226 3804 2293 τῆς
3844 2229 3932 2292 εἰς
3971 2228 4105 2296 Ἐμο

2579 2300 2775 2369 μαοῦς
2833 2295 3048 2366 πνοῆς,
3104 2301 3252 2353 ἔνθα
3293 2301 3325 2352 ό
3368 2295 3622 2369 Χριοςτὸςὶ
3694 2298 3838 2369 (ait;
3875 2295 4104 2369 _m56ag

2586 2365 2796 2438 ἕνιψέο
2863 2365 2958 2422 καί
2982 2365 3126 2438 περὶ
3159 2369 3268 2436 τῆς
3300 2368 3592 2436 Περσίδος
3623 2367 3729 2421 τοῦ
3756 2365 4100 2438 δένδρου,ᾼᾷ

2583 2441 2658 2493 ἐν
2690 2434 2963 2508 Ἀίγύπτῳ
2987 2434 3242 2506 Χριστὸν
3255 2434 3700 2506 προσεκύνησε,
3733 2437 3832 2490 καί
3869 2435 3987 2489 τῶν
4023 2434 4103 2489 δι’

2585 2510 2734 2564 αὐτὸ
2754 2507 3137 2578 τελουμένων
3173 2507 3510 2576 θαυμάτων.

2599 2602 2753 2672 Ἐμοὶ
2790 2601 2848 2654 δὲ
2891 2602 2998 2654 τῶν
3039 2601 3131 2654 ἐπὶ
3163 2599 3450 2654 ’ἰουλιανοῦ
3500 2599 3844 2671 συμϐάντων,
3879 2598 4106 2652 κάκεῖνο

2519 2695 2743 2765 ῥητέον·
2797 2695 3021 2763 σημεῖον
3057 2693 3158 2763 μὲν
3197 2691 3296 2762 τῆς
3349 2689 3444 2743 τοῦ
3495 2689 3735 2761 Χριστοῦ
3777 2689 4102 2759 δυνάμεως,

2516 2786 2813 2855 τεκμήριον
2870 2783 2928 2836 δὲ
2967 2783 3068 2853 τῆς
3132 2783 3212 2846 εἰς
3271 2782 3362 2834 τὸν
3419 2781 3726 2853 κρατοῦντα
3779 2779 4099 2848 θεομηνίας.

2530 2875 2684 2928 Ἐπεὶ
2706 2874 2814 2945 γὰρ
2835 2874 2976 2942 ἔγνω
3003 2875 3061 2926 ἐν
3086 2875 3392 2946 Καισαρείᾳ
3409 2875 3507 2943 τῆς
3534 2873 3797 2926 Φιλίππου
3825 2872 4105 2937 (Φοίνισσα

2517 2964 2573 3018 δὲ
2600 2964 2738 3036 αὕτη
2784 2964 2984 3032 πόλις),
3026 2963 3094 3034 ἠν
3139 2964 3388 3018 Πανεάδα
3408 2963 3786 3034 ὀνομάζουσιν,
3829 2961 4107 3031 ἐπίσημον

2519 3054 2657 3112 εἷναι
2703 3057 2939 3129 Χριστοῦ
2977 3057 3222 3127 ἀγαλμα,
3270 3057 3301 3110 δ
3345 3056 3439 3110 τοῦ
3485 3056 3696 3119 πάθους
3723 3053 4108 3121 ἀπαλλαγεῖσα

2521 3149 2783 3221 ἀνέθηκεν
2824 3152 2858 3220 ἠ
2900 3148 3292 3222 αἱμορροοῦσα,
3319 3147 3562 3204 καθελὼν
3605 3146 3784 3212 τοῦτο,
3828 3147 3956 3199 ίδιον
4005 3145 4109 3199 άνο

850 3237 1058 3290 dudum
1091 3237 1394 3301 laborabat,
1436 3235 1690 3300 liberata,
1732 3235 1805 3289 ibi
1853 3234 2158 3290 dedicavit:
2195 3252 2255 3291 ea
2291 3237 2420 3292 sub-
2447 3269 2493 3330 ο
2523 3243 2608 3296 ἐστ

2352 3237 2420 3291 1)-
2447 3269 2493 3330 c
2523 3243 2717 3313 έστησε
2761 3241 2893 3312 (52).
2945 3241 3124 3295 Βίαιον
3173 3241 3230 3294 δὲ
3273 3238 3384 3313 πῦρ
3431 3240 3492 3304 ἐξ
3525 3237 3757 3311 οὐρανοῦ
3800 3237 3986 3330 πεσὸν.
4035 3236 4110 3289 τὰ

850 3344 1008 3384 versa
1045 3328 1335 3398 imaginem
1386 3341 1542 3394 suam
1575 3327 1698 3394 ejus
1753 3327 1875 3380 loco
1922 3328 2172 3396 posuit‘.
2223 3327 2419 3380 Statim

851 3434 986 3473 vero
1015 3420 1156 3488 ignis
1184 3433 1400 3472 summa
1438 3419 1488 3472 vi
1523 3434 1553 3472 e
1584 3407 1725 3472 caélo
1755 3419 2038 3488 delapsus,
2069 3428 2260 3488 pectus
2311 3429 2424 3474 sta-

852 3521 962 3565 tua-
1015 3521 1071 3565 et
1107 3510 1319 3564 vicinas
1353 3510 1561 3579 pectori
1606 3518 1792 3580 partes
1842 3511 2102 3575 discidit,
2153 3521 2423 3582 caputque

857 3617 964 3655 una
1017 3617 1140 3656 cum
1191 3602 1331 3655 collo
1382 3601 1580 3670 dejecit
1627 3609 1681 3656 et
1738 3617 1966 3670 pronum
2001 3602 2150 3655 humi
2208 3603 2414 3667 infixit,

856 3701 1131 3762 quatenus
1163 3694 1401 3762 pectoris
1430 3709 1558 3762 pars
1589 3693 1809 3762 dirupta
1855 3701 1993 3748 erat.
2037 3695 2214 3762 Atque
2245 3710 2311 3748 ex
2359 3711 2426 3749 eo

859 3793 1103 3854 tempore
1159 3775 1343 3839 statua
1399 3783 1464 3838 ad
1519 3785 1667 3839 hunc
1722 3799 1896 3853 usque
1950 3785 2093 3838 diem
2151 3786 2424 3854 ejusmodi

861 3878 1044 3946 specie
1075 3886 1413 3946 perseverat,
1441 3875 1669 3946 fuligine
1709 3875 1955 3930 fulminis
1996 3876 2194 3931 obsita.
2223 3876 2426 3932 Christi

862 3985 995 4022 vero
1048 3977 1288 4022 statuam
1339 3976 1468 4022 tunc
1509 3967 1726 4038 quidem
1780 3969 1975 4039 pagani
2024 3968 2304 4024 trahentes
2335 3985 2429 4039 per

862 4060 1053 4114 urbem
1094 4060 1500 4131 confregerunt.
1555 4059 1749 4114 Postea
1798 4075 1929 4114 vero
1969 4059 2263 4115 Christiani
2314 4062 2430 4117 col.-

864 4152 1060 4207 lcctam
1115 4152 1169 4205 in
1219 4151 1452 4207 ecclesia
1508 4158 1912 4220 reposuerunt,
1969 4151 2061 4204 ubi
2125 4151 2426 4212 etiamnum

863 4250 1137 4297 servatur.
1189 4243 1455 4297 Caeterum
1489 4257 1555 4296 ex
1591 4241 1708 4301 basi
1741 4241 1828 4295 cui
1863 4241 2118 4310 imposita
2157 4250 2275 4296 erat
2315 4242 2430 4297 haec

864 4339 1066 4396 statua,
1121 4331 1307 4400 planta
1358 4331 1607 4401 quaedam
1667 4328 1735 4383 ad
1777 4344 1968 4392 omnes
2018 4330 2310 4401 languores
2365 4347 2429 4389 ac

865 4421 1090 4475 morbos
1121 4419 1395 4475 curandos
1430 4419 1830 4490 potentissima,
1860 4426 1920 4472 ut
1943 4417 2111 4472 refert
2135 4420 2425 4486 Eusebius,

867 4511 1234 4565 nascebatur:
1276 4512 1434 4579 cujus
1465 4510 1700 4579 speciem
1737 4509 1922 4562 nullus
1955 4524 2022 4564 ex
2059 4511 2288 4566 medicis
2333 4519 2430 4564 aut

2527 3335 2654 3405 περὶ
2682 3335 2744 3387 τὸ
2778 3333 2970 3404 στῆθος
2992 3332 3088 3386 τοῦ
3115 3332 3427 3401 ἀνδριάντος
3461 3331 3698 3401 διέτεμε,
3725 3329 3821 3383 καὶ
3863 3329 3961 3400 τὴν
4005 3343 4110 3380 κε-

2526 3423 2699 3494 φαλὴν
2728 3423 2824 3476 σὺν
2861 3423 2939 3494 τῷ
2973 3423 3162 3494 αὐχένι
3212 3423 3498 3485 κατέϐαλε,
3541 3422 3637 3475 καὶ
3681 3421 3774 3474 ἐπὶ
3814 3420 4112 3491 πρόσωπον

2525 3514 2784 3585 ὲνέπηξεν
2872 3514 2933 3568 τὸ
2971 3513 3269 3585 διερρωγὸς
3316 3513 3410 3566 τοῦ
3453 3511 3678 3584 στέρνου
3725 3511 3874 3564 ἐστί’
3915 3511 4012 3564 καὶ
4042 3509 4111 3563 ea

2525 3606 2587 3670 ἐξ
2615 3605 2819 3659 ἐκείνου
2847 3606 3013 3659 εἰσέτι
3046 3604 3140 3659 νῦν
3160 3605 3397 3668 τοιοῦτος
3429 3605 3654 3675 ἔστηκε,
3677 3604 3775 3674 τῆς
3811 3602 4111 3674 κεραυνίας

2526 3696 2756 3766 atem;
2807 3697 3040 3766 πλήρης.
3096 3695 3201 3748 Τὸν
3257 3696 3315 3748 δὲ
3356 3694 3451 3748 τοῦ
3499 3693 3738 3766 Χριστοῦ
3788 3694 4110 3765 ἀνδριάντα,

2525 3786 2646 3839 τότε
2679 3786 2778 3854 μὲν
2805 3786 2855 3838 οἱ
2889 3783 3229 3854 Ἐλληνισταὶ
3262 3783 3518 3853 σύροντες
3551 3781 3853 3848 κατέαξαν·
3883 3781 4020 3852 μετὰ
4048 3782 4113 3835 δὲ

2527 3875 2701 3929 ταῦτα
2740 3876 2790 3927 oi
2836 3873 3148 3945 Χριστιανοὶ
3195 3874 3565 3938 συλλέξαντες,
3590 3876 3666 3935 ιὲν
3708 3877 3774 3945 τῇ
3814 3873 4111 3943 Ἐκκλησία

2531 3967 2811 4033 ἀπέθεντο,
2866 3965 2996 4020 ἔνθα
3047 3965 3143 4020 καὶ
3182 3964 3277 4018 νῦν
3324 3966 3671 4035 φυλάττεται.
3727 3965 3859 4019 Ἀπὸ
3905 3965 3963 4018 δὲ
4001 3966 4106 4035 τῆς

2534 4058 2739 4128 βάσεως
2766 4051 2914 4130 ἐφ’ᾖ
2959 4057 3143 4110 ἵστατο
3191 4059 3221 4111 ὁ
3276 4057 3496 4128 ἀνδριὰς
3545 4052 3719 4121 οὗτος,
3776 4057 3852 4120 ὡς
3903 4057 4112 4127 ίστορεί

2530 4147 2806 4208 Εὐσέϐιος,
2839 4145 3107 4199 παντοίων
3131 4145 3319 4199 παθῶν
3347 4147 3441 4200 καὶ
3473 4146 3793 4217 νοσημάτων
3821 4146 4113 4216 ἀλεξιφάρ-

2534 4252 2706 4305 μακον
2738 4235 2934 4306 βοτάνη
2960 4251 3046 4298 τις
3073 4233 3254 4302 ἔφυεν,
3281 4229 3350 4306 ἧς
3380 4236 3441 4288 τὸ
3466 4231 3606 4299 εἶδος
3636 4235 3808 4298 οὐδεὶς
3835 4235 3972 4304 έγνω
4000 4235 4114 4289 τῶν

2530 4331 2588 4382 έν
2622 4331 2685 4398 τῇ
2716 4327 2840 4380 καθ’
2871 4329 3016 4397 ἡμᾶς
3051 4326 3250 4396 ίατρῶν
3279 4327 3312 4398 ἢ
3347 4327 3645 4397 ἐμπείρων.
3693 4329 3845 4399 Ἐμοὶ
3873 4328 3930 4380 δὲ
3958 4328 4113 4381 δοκεῖ

2535 4421 2701 4492 μηδὲν
2727 4418 2860 4475 εἶναι
2889 4419 3096 4490 θαῦμα,
3133 4420 3226 4474 τοῦ
3271 4417 3405 4472 Θεοῦ
3444 4423 3556 4484 τοῖς
3596 4419 3902 4490 ἀνθρώποις
3925 4420 4114 4489 ἐπιδη-

2534 4515 2837 4584 μήσαντος,
2907 4512 3003 4565 καὶ
3066 4511 3163 4575 τάς
3226 4511 3543 4580 εὐεργεσίας
3600 4511 3870 4582 συμϐῆναι
3925 4509 4108 4575 ξένας.

863 4602 1142 4672 cmpiricis
1179 4609 1425 4656 noverat.
1469 4601 1656 4671 Neque
1690 4617 1820 4657 vero
1868 4602 2064 4655 mirum
2112 4590 2244 4655 mihi
2278 4603 2428 4658 vide-
2457 4610 2502 4665 D
2542 4608 2621 4659 Ἐς

2355 4603 2428 4658 le-
2457 4610 2502 4665 D
2542 4605 2694 4659 Ἐπεὶ
2723 4605 2816 4658 καὶ
2847 4604 2983 4658 ἄλλα
3017 4604 3245 4658 πλεῖστα
3295 4603 3570 4672 παράδοξα
3613 4604 3754 4657 κατά
3795 4603 3978 4666 πόλεις
4016 4604 4113 4656 καὶ

865 4707 977 4755 tur,
1021 4693 1166 4762 quod
1200 4709 1338 4747 nova
1369 4692 1616 4763 quaadam
1654 4699 1708 4748 et
1741 4693 2002 4747 inusitata
2037 4693 2299 4748 beneﬁcia
2329 4695 2429 4749 bo-
2535 4696 2623 4765 xiii;

2351 4711 2429 4749 ιο·
2535 4696 2747 4767 κώμας,
2769 4696 2845 4759 ὡς
2873 4696 3036 4762 εἰκὸς,
3053 4697 3234 4766 μόνοις
3253 4696 3555 4770 ὴκρίϐωται
3569 4698 3681 4758 τοῖς
3695 4694 4025 4765 ἐπιχωρίοις.
4043 4695 4109 4747 ὲκ

869 4784 1107 4839 minibus
1131 4785 1486 4854 contigerint,
1522 4792 1810 4854 postquam
1846 4783 1989 4839 Deus
2019 4784 2075 4838 in
2108 4791 2288 4841 terras
2332 4786 2431 4841 ad-
2533 4791 2627 4859 τῆς

2351 4786 2431 4841 Id-
2533 4791 2633 4859 τῆς
2666 4788 2902 4859 ἀρχῆθεν
2935 4787 3286 4858 παραδόσεως
3301 4788 3614 4858 ἐγνωσμένα
3634 4804 3647 4818 ·
3685 4787 3780 4840 καὶ
3805 4787 3882 4850 ὡς
3908 4784 4109 4853 ἀληθὲς

866 4877 1032 4931 venit.
1067 4875 1201 4930 Nam
1234 4886 1289 4931 et
1335 4879 1440 4931 alia
1493 4877 1727 4946 plurima
1760 4877 2022 4931 miracula
2057 4893 2152 4946 per
2179 4879 2429 4933 civitates
2533 4877 2624 4932 τοῦ

2351 4887 2429 4933 tes
2533 4877 2711 4940 τοῦτο,
2740 4877 2933 4930 αὐτίκα
2972 4877 3220 4942 ἐπιδείξω
3251 4877 3515 4932 ἐντεῦθεν.
3546 4877 3704 4940 Πόλις
3728 4877 3875 4929 ἐστὶν
3905 4876 3963 4927 έν
3993 4876 4109 4928 Πα-

866 4976 920 5022 et
949 4968 1298 5030 vicos-edita.
1334 4984 1364 5022 a
1395 4970 1553 5036 solis,
1590 4977 1649 5022 ut
1685 4969 1982 5026 verisimile
2026 4978 2131 5034 est,
2161 4970 2430 5041 indigenis
2536 4970 2623 5022 λαι

2351 4973 2430 5026 nis
2536 4969 2777 5039 λαιστίνῃ
2811 4969 2843 5038 ἡ
2883 4968 2978 5021 νῦν
3006 4970 3309 5040 καλουμένη
3358 4969 3671 5032 Νικόπολις.
3698 4967 3912 5038 Ταύτην
3942 4967 3997 5019 δὲ
4024 4967 4109 5020 ἔτι

868 5061 1235 5125 celebrantur,
1262 5062 1354 5131 qui
1378 5076 1566 5116 earum
1594 5075 1776 5115 rerum
1808 5058 2055 5113 notitiam
2077 5073 2107 5112 a
2131 5060 2432 5129 majoribus
2538 5061 2626 5128 ad),

2350 5076 2432 5116 ius
2538 5061 2728 5131 κώμην
2751 5057 2914 5113 οὖσαν
2938 5061 3077 5114 οἶδεν
3101 5064 3133 5132 ἡ
3158 5062 3275 5114 θεία
3290 5061 3397 5113 τῶν
3415 5061 3754 5130 Εὑαγγελίων
3787 5060 3984 5130 βίϐλος,
4012 5060 4108 5112 καὶ

868 5153 987 5208 suis
1017 5153 1269 5206 traditam
1304 5159 1667 5221 acceperunt:
1703 5148 1866 5219 idque
1896 5165 2083 5203 verum
2113 5165 2234 5206 esse
2276 5151 2425 5206 illico
2546 5153 2626 5222 Ἐκ.

2351 5156 2425 5206 lco
2546 5151 2825 5222 Ἐμμαοῦς
2841 5152 3252 5224 προσαγορεύει.
3267 5153 3530 5223 Ῥωμαῖοι
3560 5153 3617 5206 δὲ
3640 5151 3779 5222 μετὰ
3793 5151 3892 5222 τὴν
3908 5150 4109 5205 ἀλωσιν

867 5243 1172 5298 ostendam.
1206 5241 1346 5298 Urbs
1382 5250 1467 5299 est
1495 5244 1548 5297 in
1587 5241 1872 5296 Palaestina
1894 5282 1909 5307 ,
1937 5239 2216 5311 Nicopolis
2261 5241 2424 5298 hodie
2538 5245 2625 5315 Ἶει

2346 5243 2424 5298 lie
2538 5244 3066 5316 ’1εροσολύμων(55),
3096 5245 3191 5298 καὶ
3214 5245 3312 5317 τὴν
3334 5244 3474 5298 κατά
3496 5243 3603 5298 τῶν
3627 5242 3896 5297 Ἰουδαίων
3922 5243 4104 5312 νίκην,

941 5380 955 5409 ¹
993 5374 1216 5440 Euseb.,
1247 5374 1418 5440 Ilist.,
1446 5375 1485 5429 l.
1513 5390 1611 5441 vn,
1641 5389 1694 5429 c.
1728 5371 1816 5426 18.

2053 5510 2324 5568 VALESII
2362 5515 2911 5573 AJNOTATIONES.

938 5603 1051 5675 t3l)
1087 5603 1400 5678 Δεσμὼτῃς
1429 5604 1765 5678 γενόμενος.
1818 5601 1982 5678 D_ees_t
2008 5601 2118 5678 hoc
2150 5605 2270 5661 loco
2301 5608 2436 5662 arti-
2614 5612 2696 5672 (53

2353 5608 2436 5662 'ti-
2614 5612 2722 5676 (5'5)
2751 5610 2908 5664 Μετὰ
2937 5609 3051 5675 τὴν
3079 5594 3308 5664 ἅλωσιν
3351 5608 3789 5678 Ἱεροσολύμων.
3845 5605 4111 5662 Dissentit

867 5672 1453 5750 culus'_pra>;positi_vus
1482 5672 1589 5750 hoc
1638 5673 1804 5730 modo
1840 5673 1904 5736 ὃς
1949 5672 2261 5747 δεσμώτης,
2323 5685 2430 5734 etc.
2543 5672 2810 5736 Eusebius
2863 5682 2917 5734 in
2951 5672 3246 5742 Chronico,
3309 5672 3760 5750 qui'iNicopolitn
3809 5679 4110 5750 urbemin

867 5757 1030 5818 atth
1063 5745 1279 5818 itaAl'ere
1307 5744 1676 5818 Nicephorus.
1834 5815 1866 5818 __
1988 5817 2000 5818 ί
2047 5816 2057 5818 Α
2138 5787 2152 5818 τ
2187 5744 2196 5747 ’
2545 5751 2828 5806 Palaestina
2867 5751 3142 5804 conditam
3176 5765 3299 5805 esse
3327 5744 3540 5810 scribit,
3590 5744 3732 5802 anno
3770 5757 3969 5818 quarto
4006 5749 4111 5800 im-

942 5787 1070 5891 ξῆεέ.)Δ
1094 5787 1623 5891 ἰδιον-ἁνέσιὲησε.
1661 5816 1716 5868 In
1750 5815 1936 5891 codice
1963 5816 2263 5874 Fukctiano
2298 5818 2435 5875 scri-

2349 5818 2435 5873 :ri-
2545 5787 3404 5891 ὶιὶιι’·ἷῖ”ῐίὲίἷοξέἰ›ξῖὶἷῖ’’Ἁᾶἷῖὖᾶἷῖ
3421 5787 3599 5875 ἰὲἐὲιίιυ
3626 5787 3917 5890 ’ἑῖἹοἚὶἶᾶε
3946 5787 4107 5874 nota-

871 5894 1022 5956 ptum
1060 5885 1240 5940 iuveni
1275 5887 1587 5953 ἁντέστησε,
1629 5886 1776 5954 quod
1812 5891 1980 5954 magis
2017 5891 2202 5947 probo.
