4452 6598
438 443 569 505 Hal

1388 402 1726 496 nis'roms
1784 430 2356 497 ECCLESIASTICA.
2388 471 2456 481 —
2488 440 2614 497 LIB.
2650 441 2713 498 v.

3549 444 3691 505 tm

434 562 721 618 Νικόπολιν
750 560 1122 630 ἀνηγόρευσαν
1146 575 1159 588 ·
1194 561 1257 612 ὲκ
1295 558 1351 611 δὲ
1392 556 1485 611 τοῦ
1514 556 1823 626 συμϐάντος
1853 554 2026 618 οὕτως
2052 558 2100 614 Δ
2126 556 2192 611 dit

1933 570 2026 618 rw;
2052 558 2100 614 Δ
2126 556 2271 612 dicta
2296 575 2309 611 :
2339 558 2499 623 hanc,
2528 573 2651 611 cum
2682 557 2861 611 adhuc
2894 557 3046 613 vicus
3078 568 3246 624 esset,
3271 574 3428 612 sacer
3459 575 3691 628 evange-

433 656 740 725 ὠνόμασαν.
774 653 888 723 Πρὸ
920 652 1121 723 ταύτης
1153 651 1252 721 τῆς
1305 652 1531 711 πόλεως.
1567 649 1720 720 παρά
1762 649 1860 720 τὴν
1907 665 2024 720 τρι-

432 746 601 804 οδίαν,
625 745 753 799 ἔνθα
791 745 1137 815 συμϐαδίζων
1172 748 1200 797 ὁ
1226 744 1460 815 Χριστὸς
1486 745 1598 807 τοῖς
1626 742 1755 813 περὶ
1772 741 2025 796 Κλεόπαν

438 837 576 906 μετά
598 837 697 907 τὴν
740 837 806 889 ὲκ
845 836 1054 906 νεκρῶν
1083 837 1399 899 ἀνάστασιν,
1429 836 1777 891 συνετάττετο
1826 839 1904 902 ὼς
1930 840 2025 891 ἐπὶ

435 928 629 998 ἑτέραν
658 926 849 998 κώμην
886 927 1152 991 σπεύδων,
1182 930 1330 998 πηγή
1361 929 1448 991 τίς
1491 930 1609 982 ἐστι
1648 932 1933 1002 σωτήριος,
1966 935 2024 984 ἐν

435 1014 472 1091 ᾖ
508 1020 575 1071 τὰ
623 1019 768 1089 πάθη
819 1019 1171 1073 ἀπολούονται
1218 1020 1492 1090 ἄνθρωποί
1534 1040 1594 1075 τε
1640 1025 1734 1075 καὶ
1777 1024 1846 1077 τὰ
1890 1024 2023 1078 ἄλλα

438 1110 553 1173 ζῶα
597 1110 873 1181 διαφοροις
925 1112 1102 1174 νόσοις
1167 1113 1464 1182 κάμνοντα.
1531 1116 1761 1183 Λέγεται
1808 1115 1917 1185 γὰρ
1966 1116 2025 1180 ἐξ

436 1203 742 1273 ὁδοιπορίας
768 1200 930 1255 ποθὲν
953 1203 1043 1255 ἐπὶ
1076 1202 1174 1273 τὴν
1204 1202 1387 1274 πηγὴν
1428 1203 1648 1256 ἐλθόντα
1675 1204 1766 1257 τὸν
1791 1205 2024 1275 Χριστὸν

438 1294 554 1363 ἅμα
580 1298 690 1356 τοίς
730 1292 1018 1364 μαθηταῖς,
1047 1295 1231 1349 ἐνθάδε
1274 1297 1402 1359 τοὺς
1444 1298 1607 1360 πόδας
1638 1297 2022 1366 ἀπονίψασθαι,

439 1384 533 1437 καὶ
576 1383 638 1436 τὺ
670 1383 729 1450 ἐξ
767 1384 975 1437 ἐκείνου
1018 1384 1340 1450 ἀλεξίκακον
1390 1388 1731 1457 παθημάτων
1772 1388 2025 1455 γενέσθαι

438 1475 499 1527 τὸ
535 1474 695 1546 ὕδωρ.
742 1477 852 1529 Καὶ
889 1476 1105 1549 δένδρου
1149 1478 1205 1531 δὲ
1245 1478 1345 1549 τῆς
1389 1479 1729 1550 καλουμένης
1766 1481 2024 1551 Περσίδος

439 1566 498 1616 ἐν
536 1565 895 1635 Ἐρμουπόλει
929 1568 1026 1638 τῆς
1053 1568 1319 1640 υηόαἲδος
1346 1572 1477 1638 φασὶ
1515 1571 1724 1623 πολλῶν
1755 1572 2023 1624 ἀπελάσαι

440 1656 537 1718 τὰς
585 1658 791 1721 νόσους,
829 1660 1038 1729 κάρφος
1080 1660 1113 1729 ἦ
1162 1661 1377 1730 φύλλον,
1409 1662 1563 1733 ἢτοῦ
1606 1661 1791 1732 φλοιοῦ
1831 1663 2024 1733 μικρόν

440 1762 494 1795 τι
524 1747 635 1806 τοῖς
669 1747 937 1815 κάμνουσι
971 1748 1437 1819 προσαπτόμενον.
1473 1750 1703 1817 Λέγεται
1742 1749 1851 1819 γὰρ
1895 1751 2023 1819 παρ’

440 1836 774 1903 Αἰγυπτίοις,
806 1840 968 1907 ἡνίκα
1000 1838 1089 1893 διὰ
1125 1840 1219 1893 τὸν
1257 1840 1499 1911 Ἡρώδην
1526 1841 1723 1909 ἔφυγεν
1752 1844 1780 1894 ὁ
1819 1842 2021 1910 Ιωσὴφ,

2128 649 2327 703 liorum
2382 649 2520 703 liber
2572 657 3003 710 commemorat.
3058 658 3112 705 et
3165 651 3547 705 Emmauntem
3602 668 3696 723 ap-

2124 742 2291 811 pellat
2342 741 2383 795 ¹.
2440 740 2571 795 Post
2618 742 2889 796 excidium
2936 752 3116 797 autem
3172 740 3693 815 Hierosolymorum.

2123 842 2177 886 et
2207 844 2329 902 post
2355 833 2643 886 victoriam
2672 832 2739 887 de
2772 832 2979 888 Judaais
3023 835 3273 897 relatam.
3307 834 3539 888 Romani
3573 851 3694 889 eam

2123 923 2428 993 Nicopolim
2480 924 2872 989 nominarunt,
2940 940 3007 979 ex
3063 935 3260 980 eventu
3320 928 3443 981 belli
3497 944 3696 982 nomen

2124 1017 2249 1069 loco
2280 1020 2648 1083 imponentes.
2684 1018 2824 1069 Ante
2858 1016 2998 1070 hanc
3024 1018 3213 1071 urbem
3242 1034 3410 1087 prope
3454 1020 3693 1077 trivium.

2125 1108 2286 1177 213
2323 1109 2412 1161 ubi
2441 1107 2699 1162 Christus
2724 1120 2842 1177 post
2871 1109 3330 1164 resurrectionem
3361 1112 3465 1165 iter
3492 1110 3700 1165 faciens

2124 1216 2250 1254 cum
2274 1200 2475 1270 Cleopa
2505 1209 2559 1255 et
2588 1201 2760 1255 sociis
2804 1201 2924 1254 vale
2955 1202 3112 1260 dixit.
3148 1209 3407 1271 tanquam
3444 1204 3494 1257 in
3528 1204 3694 1257 aliuin

2125 1293 2306 1347 vicum
2340 1309 2568 1364 pergens
2592 1337 2606 1360 ,
2644 1292 2766 1347 fons
2806 1294 3028 1362 quidam
3068 1296 3327 1349 salutaris
3357 1304 3464 1359 est,
3499 1297 3551 1349 in
3585 1312 3698 1365 quo

2123 1395 2179 1440 et
2240 1387 2487 1442 homines
2544 1397 2597 1441 et
2660 1388 2917 1440 animalia
3009 1388 3173 1440 variis
3236 1387 3441 1440 morhis
3502 1384 3696 1441 aﬂecta

2126 1480 2360 1534 lavando
2396 1489 2682 1534 curantur.
2734 1478 2902 1532 Aiunt
2932 1480 3075 1533 enim
3105 1479 3388 1533 Christum
3427 1494 3532 1531 una
3572 1494 3695 1530 cum

2124 1570 2413 1639 discipulis
2500 1568 2753 1623 alicunde
2806 1569 3140 1633 venientem,
3172 1569 3236 1623 ad
3297 1571 3440 1622 hunc
3490 1567 3693 1622 fontem

2124 1659 2449 1721 divertisse,
2482 1671 2547 1710 ac
2584 1658 2751 1726 pedes
2793 1657 2848 1709 in
2894 1672 2961 1710 eo
3008 1657 3281 1719 ahluisse,
3310 1666 3472 1726 atque
3519 1673 3582 1711 ex
3629 1672 3699 1713 eo

2125 1760 2374 1819 tempore
2417 1762 2614 1816 aquam
2662 1748 2801 1801 hanc
2840 1748 2907 1800 ad
2934 1750 3154 1802 morbos
3197 1748 3470 1803 sanandos
3513 1748 3695 1801 ellica-

2127 1840 2409 1894 eissimnm
2444 1837 2613 1893 fuisse
2644 1837 2964 1891 remedium.
3013 1836 3118 1891 Sed
3155 1847 3210 1892 et
3240 1839 3488 1893 arborem
3518 1856 3695 1908 quan-

442 1921 771 2001 παραλαϐὼν
795 1930 884 1982 τὸν
913 1931 1146 2002 Χριστὸν
1184 1932 1279 1985 καὶ
1316 1931 1534 2003 Μαρίαν
1575 1932 1673 2001 τὴν
1710 1933 1871 1999 ἁγίαν
1893 1932 2023 1984 θεο-
2052 1929 2094 1981 Β
2126 1930 2193 1983 da

1939 1948 2023 1984 εο-
2052 1929 2094 1981 Β
2126 1930 2273 1994 dam,
2308 1927 2562 1983 Perseam
2603 1929 2848 1993 nomine,
2878 1928 3023 1998 apud
3054 1928 3423 2000 Hermopolim
3457 1930 3693 1984 Thebai-

441 2021 631 2081 τόκον,
672 2020 846 2075 ἐλθεῖν
898 2023 979 2084 είς
1029 2021 1130 2092 τὴν
1184 2020 1546 2093 Ἑρμούπολιν
1600 2022 1732 2090 (56).
1775 2022 1923 2092 Ἅμα
1963 2023 2020 2075 δὲ

443 2112 662 2165 είσιόντι
697 2112 849 2182 παρὰ
877 2112 978 2183 τὴν
1023 2112 1219 2183 πύλην,
1269 2115 1344 2184 μὴ
1384 2114 1604 2183 ὲνεγκὺν
1631 2114 1786 2168 τοῦτο
1813 2114 1874 2168 τὸ
1905 2115 2022 2168 δέν-

440 2201 567 2272 δρον
601 2202 855 2271 μέγιστον
880 2201 939 2255 δν
971 2203 1064 2256 τοῦ
1096 2202 1334 2273 Χριστοῦ
1368 2205 1467 2274 τὴν
1494 2204 1806 2276 ἐπιδημίαν,
1840 2206 1933 2259 ἐπὶ
1960 2205 2022 2259 τὺ

444 2294 636 2361 ἔδαφος
665 2292 841 2347 κλῖναι
866 2295 961 2347 καὶ
987 2300 1384 2367 προσκυνῆσαι.
1419 2297 1528 2350 Καὶ
1558 2296 1733 2350 ταῦτα
1761 2296 1861 2366 μὲν
1893 2299 2023 2369 περὶ

442 2383 631 2437 τούτου
692 2383 787 2439 τοῦ
838 2386 1007 2455 φυτοῦ
1051 2387 1204 2458 παρά
1249 2387 1459 2441 πολλῶν
1523 2388 1760 2454 ἀκούσας
1782 2431 1797 2455 ,
1848 2386 2017 2444 εἷπον.

459 2476 731 2549 Ἦγοῦμαι
751 2478 808 2532 δὲ
834 2479 867 2548 ἢ
888 2482 1112 2549 σημεῖον
1141 2480 1295 2534 τοῦτο
1318 2480 1678 2553 γενέσθαιτῆς
1697 2482 1754 2534 ἐν
1776 2485 1844 2553 τῇ
1872 2482 2023 2536 πόλει

442 2568 536 2621 τοῦ
580 2568 714 2623 Θεοῦ
755 2570 1056 2641 παρουσίας
1083 2588 1096 2602 ο
1130 2570 1189 2641 ἢ,
1219 2572 1295 2635 ὡς
1324 2573 1501 2635 εἰκὸς,
1536 2572 1828 2644 Ἐλληνικῷ
1874 2574 2023 2645 νόμῳ

443 2660 532 2713 διὰ
576 2661 803 2731 μέγεθος
848 2664 943 2715 καὶ
985 2662 1181 2724 κάλλος
1229 2662 1665 2733 θρησκευόμενον
1707 2665 1767 2716 τὸ
1812 2664 2023 2735 δένδρον

446 2753 593 2821 παρά
624 2753 730 2806 τῶν
767 2754 1137 2821 ἐνοικούντων,
1172 2755 1409 2826 ἐσείσθη,
1442 2756 1537 2808 τοῦ
1588 2754 2022 2828 θεραπευομένου

445 2845 512 2896 δι’
539 2844 702 2899 αὑτοῦ
723 2846 973 2916 δαίμονος
1000 2846 1289 2918 φρίξαντος
1314 2847 1405 2901 τὸν
1446 2849 1553 2902 τῶν
1593 2849 1851 2902 τοιούτων
1892 2849 2026 2903 καθα

447 2936 668 3007 αιρέτην
697 2937 1023 3005 ἐπιφανέντα
1042 2952 1055 2965 ’
1091 2938 1412 3008 αὐτομάτως
1434 2938 1711 3007 σεισθῆναι
1734 2940 1828 2992 καὶ
1848 2940 2025 2993 πάντα

447 3026 515 3079 τὰ
556 3026 720 3092 ξόανα
765 3025 875 3079 τῶν
908 3027 1222 3095 Αἰγυπτίων
1267 3027 1380 3096 (55)
1430 3028 1862 3099 ἐπιδημήσαντος
1904 3032 2025 3083 τότε

448 3118 629 3180 αὐτοῖς
676 3117 769 3170 τοῦ
814 3118 1068 3188 Χριστοῦ,
1104 3118 1243 3171 κατά
1280 3119 1376 3189 τὴν
1411 3120 1629 3172 Ἦσαῖου
1670 3123 2020 3192 προφητείαν.

464 3209 842 3283 Ἀπελαθέντος
897 3210 953 3262 δὲ
1000 3210 1091 3261 τοῦ
1136 3210 1405 3279 δαίμονος,
1456 3213 1533 3274 είς
1578 3214 1878 3283 μαρτυρίαν
1928 3214 2021 3267 τοῦ

452 3273 854 3371 συμϐεϐηκότος
887 3302 1064 3370 ἔμεινε
1110 3302 1169 3353 τὸ
1204 3273 1387 3370 (ρυτὸν,
1431 3273 1555 3365 τοῦς
1578 3273 1782 3356 ’πίστει
1810 3306 2021 3375 χρωμέ-
2052 3273 2093 3329 C

450 3408 572 3453 νους
605 3386 850 3460 ἰώμενον.
906 3393 1012 3444 Καὶ
1053 3391 1254 3445 τούτων
1297 3393 1397 3462 μὲν
1439 3394 1723 3462 Αἰγύπτιοι
1769 3397 1862 3448 καὶ
1909 3398 2019 3450 Πα-

450 3480 750 3543 λαιστινοὶ,
807 3480 901 3534 τοῦ
961 3484 1089 3551 παρ’
1137 3484 1320 3545 αὐτοῖς
1373 3483 1524 3545 ὄντος
1591 3484 1810 3537 ἕκαστοι
1883 3488 2020 3557 μάρ-

447 3588 629 3643 τυρες.

2122 2021 2208 2075 dlS
2238 2021 2407 2075 fuisse
2456 2020 2661 2081 ferunt,
2700 2019 2860 2087 cujus
2912 2022 3167 2075 surculus
3201 2031 3295 2074 aut
3343 2021 3558 2083 folium,
3599 2031 3694 2075 aut

2122 2113 2347 2166 corticis
2376 2112 2575 2181 exigua
2606 2112 2785 2179 portio
2811 2113 2973 2179 aegris
3010 2112 3251 2177 admota,
3278 2112 3500 2167 morbos
3522 2113 3592 2167 ab
3612 2113 3695 2167 eis

2122 2205 2413 2274 depulerit.
2443 2205 2611 2258 Aiunt
2635 2204 2779 2257 enim
2804 2203 3071 2274 Egyptii,
3102 2202 3401 2274 Josephum
3430 2220 3553 2259 cum
3583 2219 3695 2275 pra:

2123 2308 2272 2353 metu
2301 2297 2537 2352 Herodis
2566 2296 2803 2367 fugeret,
2837 2304 3119 2367 assumpto
3164 2312 3351 2351 secum
3392 2296 3611 2352 Christo
3642 2307 3694 2351 et

2130 2398 2321 2445 sancta
2346 2389 2517 2443 Maria
2558 2388 2812 2459 Deipara,
2849 2388 3217 2457 Hermopolim
3252 2389 3506 2454 venisse;
3540 2405 3696 2443 cum-

2121 2498 2228 2552 que
2252 2482 2366 2551 jam
2394 2483 2747 2552 ingressurus
2773 2492 2955 2542 esset,
2996 2482 3063 2533 ad
3098 2482 3271 2548 ipsam
3300 2481 3541 2535 civitatis
3566 2496 3694 2550 por-

2124 2587 2231 2628 tam
2268 2575 2521 2629 arborem
2556 2576 2704 2628 illam
2737 2573 3029 2627 admodum
3068 2588 3369 2643 proceram,
3396 2566 3691 2626 adventum

2129 2667 2341 2720 Christi
2393 2666 2539 2720 ferre
2592 2681 2698 2719 non
2748 2666 3040 2723 valentem.
3078 2665 3145 2718 ad
3190 2665 3365 2718 solum
3397 2680 3570 2733 usque
3609 2666 3693 2717 in-

2126 2757 2346 2812 ﬂexisse
2398 2773 2457 2812 se
2506 2764 2560 2811 et
2592 2756 2868 2809 Christum
2902 2757 3183 2809 adorasse.
3218 2753 3283 2807 Et
3325 2755 3437 2808 haec
3477 2755 3693 2823 quidem

2127 2851 2192 2905 de
2256 2850 2360 2903 ista
2414 2849 2636 2909 arbore,
2670 2851 2815 2901 sicut
2865 2861 2895 2898 a
2952 2848 3140 2901 multis
3190 2846 3395 2915 accepi,
3432 2845 3532 2898 hoc
3575 2845 3696 2897 loco

2126 2941 2569 2996 commemoravi.
2596 2940 2869 2994 Caeterum
2910 2939 3186 3001 existimo,
3224 2946 3319 2991 aut
3348 2940 3448 2991 hoc
3475 2938 3693 3006 signum

2128 3032 2298 3086 fuisse
2355 3032 2554 3085 divina
2603 3032 2947 3100 praesentiat,
2990 3040 3083 3084 aut
3140 3029 3390 3082 arborem
3448 3045 3569 3099 qua:
3623 3028 3695 3081 oh

2129 3125 2507 3194 proceritatem
2544 3134 2597 3177 et
2652 3123 3116 3189 pulchritudinem
3157 3123 3438 3192 gentilium
3481 3136 3629 3175 more.
3661 3135 3692 3171 a

2127 3218 2339 3272 civibus
2384 3217 2686 3279 colebatur,
2731 3217 2810 3269 uti
2861 3231 2959 3285 par
3010 3222 3149 3274 erat.
3197 3230 3521 3268 concussam
3570 3229 3696 3267 esse

2128 3326 2227 3366 sua
2277 3317 2490 3378 sponte,
2522 3324 2645 3362 cum
2682 3310 2893 3362 daemon
2939 3308 3030 3375 qui
3079 3305 3132 3357 in
3174 3306 3293 3374 ipsa
3340 3305 3690 3365 adorabatur,

2127 3403 2453 3456 adveniente
2506 3399 2821 3467 hujusmodi
2885 3397 3339 3466 superSIitionum
3402 3411 3694 3457 eversore,

2128 3492 2587 3552 contremuisset,
2633 3497 2950 3556 cunctaque
2985 3486 3367 3557 Egyptiorum
3403 3486 3695 3539 simulacra

2128 3586 2364 3639 adventu
2405 3580 2613 3633 Christi
2654 3587 2929 3633 commota
2987 3595 3133 3642 esse,
3182 3579 3336 3646 juxta
3378 3576 3695 3630 vaticinium

455 3662 663 3716 ’saéaa'.
708 3662 915 3733 Fugato
959 3674 1138 3719 autem
1180 3666 1448 3728 daemone,
1484 3666 1551 3720 ad
1580 3676 1897 3737 perpetuam
1965 3677 2042 3730 rei
2080 3687 2246 3748 gesta:
2292 3671 2606 3724 memoriam
2632 3670 2945 3739 permansit
2999 3669 3183 3731 arbor,
3250 3668 3457 3721 morbis
3506 3681 3694 3720 eorum

451 3754 545 3822 qui
590 3756 908 3817 crederent,
958 3756 1219 3808 medelam
1268 3754 1520 3810 allen-ens.
1575 3756 1639 3809 Et
1684 3758 1879 3814 horum
1914 3765 2133 3832 quidem
2185 3772 2355 3817 testes
2406 3767 2532 3815 sunt
2572 3757 2812 3829 {Egyptii
2877 3772 2943 3812 ac
3013 3758 3317 3822 Palzcstini,
3361 3756 3560 3827 singuli
3626 3770 3693 3809 ea

451 3861 573 3916 qua:
605 3846 748 3916 apud
777 3847 928 3916 ipsos
961 3856 1110 3916 gesta
1148 3856 1277 3898 sunt
1306 3847 1722 3902 continuantes.

1032 3938 1280 3989 ΚΕΦΛΛ.
1310 3936 1433 3987 Kli'.

491 4032 588 4081 Οτι
618 4029 783 4099 κατὰ
849 4027 1213 4094 Χριστιανῶν
1254 4026 1524 4099 «rem.
1553 4029 1650 4081 καὶ
1716 4030 2025 4099 Ἰουδαίοις

522 4097 710 4166 ἀνῆκε
737 4100 844 4151 τὸν
863 4099 931 4150 ἐν
961 4098 1401 4165 Ἰεροσολύμοις
1433 4097 1587 4150 νεὼν
1607 4099 1865 4166 ἀνιστᾷν
1889 4118 1903 4131 ·
1936 4096 2025 4155 ibi?

523 4168 764 4236 σπουδῇ
807 4167 973 4235 πάσῃ
1008 4168 1493 4235 ἐπιϐαλλομένων
1510 4168 1697 4237 χεῖρα,
1728 4171 1848 4236 πῦρ
1878 4173 2023 4225 ἀνα-

523 4239 741 4307 θοροῦν
778 4238 1047 4302 πολλοὺς
1077 4237 1503 4307 παραπώέεσε.
1562 4239 1669 4291 Καὶ
1718 4241 1854 4307 περὶ
1906 4242 2024 4294 τῶν

524 4305 656 4362 τότε
708 4308 1022 4377 φανέντων
1079 4305 1419 4377 σταυρικῶν
1474 4310 1741 4375 σημείων
1791 4305 1864 4363 ἐν
1894 4311 2020 4377 τοῖς

525 4379 772 4448 ἱματίοις
795 4376 912 4430 τῶν
934 4378 1065 4445 περὶ
1091 4380 1157 4430 τὸ
1181 4378 1357 4445 ἔργον
1372 4376 1876 4447 διαπονουμένων.

534 4472 593 4524 '0
621 4470 676 4523 δὲ
699 4469 972 4540 βασιλεὺς,
995 4471 1042 4522 εί
1061 4469 1154 4523 καὶ
1174 4470 1528 4539 Χριστιανοὺς
1550 4470 1727 4538 ἐμίσει
1750 4471 1842 4523 καὶ
1866 4475 2013 4541 χαλεο

454 4565 571 4627 πῶς
592 4565 726 4635 πρὸς
751 4562 946 4625 αὐτοὺς
972 4556 1135 4631 εἶχεν,
1168 4562 1280 4614 ἀλλ’
1306 4559 1397 4615 οὖν
1446 4561 1715 4624 Ἰουδαίοις
1745 4561 1930 4626 εὔνους
1949 4560 2019 4633 ἦν

531 4721 733 4786 'I.uc.,
762 4736 909 4782 mv,
944 4721 1029 4773 15.
1099 4721 1118 4751 ¹
1147 4720 1247 4771 lsa.
1291 4735 1397 4781 XIX,
1434 4720 1478 4770 l.

2723 3939 2877 3994 CAP.
2926 3938 3094 3992 XXII.

2129 4036 2373 4103 Qualiter
2436 4033 2671 4101 infensus
2731 4030 3053 4086 Christianis
3077 4028 3383 4103 ,AJudafos
3448 4028 3693 4103 templum

2197 4105 2548 4173 Jerosolymis
2599 4100 3157 4173 instaurarepermisit
3179 4116 3197 4153 :
3227 4101 3316 4173 qui
3341 4115 3461 4173 cum
3497 4102 3693 4166 ingenti

2196 4177 2374 4229 studio
2413 4168 2629 4227 inanum
2662 4173 2805 4240 operi
2836 4168 3209 4233 admovissent,
3242 4172 3377 4237 ignis
3422 4185 3692 4236 erumpens

2195 4247 2391 4300 multo:
2442 4245 2785 4310 Consumpsit.
2848 4240 2910 4293 Et
2945 4241 3008 4294 de
3041 4242 3209 4309 signis
3236 4240 3408 4291 crucis
3433 4256 3547 4309 quae
3574 4252 3694 4292 tunc

2196 4333 2250 4370 ιη
2286 4315 2511 4370 vestibus
2543 4313 2875 4382 operantium
2898 4319 3270 4379 apparuerunt.

2201 4472 2502 4540 Imperator
2530 4482 2684 4531 vero,
2741 4468 2844 4522 etsi
2888 4466 3238 4522 Christianos
3287 4465 3477 4520 oderat
3519 4476 3571 4520 et
3610 4468 3694 4520 in-

2128 4561 2285 4616 fenso
2330 4576 2457 4631 erga
2518 4561 2642 4615 illos
2701 4559 2885 4614 animo
2927 4566 3066 4623 erat,
3117 4556 3335 4612 Judazos
3372 4566 3553 4612 tamen
3584 4575 3694 4612 nou

1651 4873 1916 4929 VALESll
1952 4870 2499 4927 ANNOTATIONES.

455 4974 533 5027 vit
574 4969 843 5040 Iosephus
880 4967 1141 5035 Scaliger,
1176 4965 1334 5034 cujus
1365 4966 1648 5040 sententia;
1674 4965 2020 5040 libenter_ac-
2050 4970 2096 5027 Ι)
2122 4978 2283 5034 quam
2316 4964 2435 5017 ausi
2488 4970 2705 5040 essent,_
2742 4968 2801 5040 ut
2848 4960 3011 5040 legati
3047 4960 3113 5013 ad
3151 4958 3537 5040 imperatorem
3564 4960 3694 5013 mit-

457 5042 612 5099 cedo.
677 5035 778 5106 Qui
812 5038 1169 5093 Sozomeuum
1211 5052 1336 5089 cum
1366 5035 1603 5106 Eusebio
1632 5037 1707 5089 ita
1738 5036 2019 5103 conciliat,

458 5124 518 5167 ut
546 5105 849 5180 Nicopolim
888 5106 1322 5180 priino__quide_m
1372 5120 1400 5159 a
1437 5105 1700 5180 Romanis
1745 5108 2020 5180 conditam

457 5199 581 5239 esse
609 5174 755 5236 dicat
785 5174 909 5249 post.
932 5174 1202 5249 excidium
1240 5174 1653 5249 Hierosolyma,
1694 5186 1753 5249 _et
1780 5183 1904 5246 post.
1924 5176 2023 5229 de-

456 5256 629 5306 victos
653 5244 889 5305 Judans.
919 5248 1071 5314 Quod
1098 5247 1404 5317 principatu
1430 5244 1657 5305 Adriani
1674 5244 1887 5317 factum
1904 5260 2025 5300 esse

455 5324 733 5386 existimo,
774 5330 905 5373 tunc
936 5333 1059 5372 cum
1090 5314 1231 5370 JElia
1262 5314 1478 5370 condita
1506 5327 1612 5371 est.
1650 5314 1864 5386 Postea
1894 5332 2025 5370 vero

455 5384 813 5447 instaurat—am
837 5404 956 5443 eam
986 5403 1109 5441 esse
1138 5397 1324 5440 censet
1358 5395 1619 5454 regnante
1650 5384 2002 5455 Heliogabalo

455 5473 548 5516 aut
592 5462 921 5516 Alexandro.
990 5458 1069 5511 Ad
1126 5458 1267 5510 hanc
1321 5465 1468 5511 certe
1526 5456 1847 5511 sententiam
1903 5457 2018 5525 ipse

453 5533 724 5587 Eusebius
756 5547 856 5585 nos
880 5543 1044 5582 manu
1070 5527 1239 5581 ducit.
1288 5528 1377 5579 Ait
1412 5526 1557 5580 enim
1592 5527 1869 5579 conditam
1896 5540 2020 5580 esse

451 5602 754 5672 NicOpolim
820 5615 944 5672 cum
989 5596 1164 5652 Julius
1209 5596 1502 5672 Africanus
1548 5599 1872 5665 legationem
1920 5610 2021 5665 pro

451 5674 570 5741 ejus
592 5664 750 5727 'urbis
785 5669 999 5725 civibus
1028 5668 1406 5741 suscepisset._
1439 5664 1557 5741 Jani
1605 5664 1718 5719 tum
1746 5680 1875 5735 ergo
1906 5664 2019 5741 sta-

455 5735 543 5796 bat
576 5741 875 5810 Nicopolis,
904 5756 1027 5793 cum
1066 5735 1357 5810 Africanus
1394 5735 1717 5810 legationem
1742 5737 2016 5810 suscepit.

450 5812 636 5881 Neque
664 5806 806 5867 enim
828 5825 927 5880 pro
950 5809 1070 5881 vico
1090 5809 1412 5881 legationem
1436 5807 1664 5881 obiisset
1684 5806 2013 5860 Africanus:

450 5877 558 5940 nec
584 5883 774 5938 incolae
814 5877 972 5935 unius
1007 5880 1106 5934 vici
1142 5884 1197 5933 in
1240 5877 1529 5931 Palaestina
1570 5877 1864 5932 decernere
1918 5892 2018 5931 un-

2125 5032 2391 5093 terentur,
2421 5033 2513 5101 qui
2541 5033 2633 5100 jus
2661 5032 2900 5086 civitatis
2934 5032 3310 5101 impetrarent.

2195 5104 2304 5173 (54)
2322 5098 2552 5173 Ἐζλθεῖκ
2575 5103 2660 5167 εὶς
2676 5100 2790 5173 sine
2821 5098 3391 5173 'Epuodaoxir._llinc
3417 5114 3478 5173 ex
3489 5100 3695 5173 plican-

2124 5168 2228 5228 dus
2255 5184 2338 5227 est
2360 5172 2636 5226 Palladius
2656 5172 2706 5224 iu
2732 5170 2855 5224 Vita
2878 5168 3539 5241 (ihrysostomimbipdic’it
3560 5170 3695 5227 Her-

2124 5243 2382 5313 mopolim
2424 5242 2683 5297 habuisse
2713 5238 3011 5296 Ecclesian
3042 5242 3153 5311 jam
3193 5248 3308 5292 tum
3350 5238 3418 5293 ab
3456 5240 3689 5295 adventu

2124 5313 2351 5362 Christi.
2378 5311 2548 5362 Ουοεί
2569 5312 2907 5362 Hermouolis
2939 5312 3111 5362 prima
3136 5310 3189 5362 in
3218 5308 3438 5362 Eavnti
3464 5312 3689 5362 urbibus

2124 5311 2351 5368 Christi.
2378 5311 2548 5378 Quasi
2569 5312 2907 5381 Hermopolis
2939 5312 3111 5381 prima
3136 5311 3189 5363 in
3218 5311 3438 5379 Egypti
3464 5312 3691 5367 urbibus

2125 5385 2284 5461 li_dem
2336 5382 2570 5461 Christi_
2617 5382 2941 5461 susceperit,
2982 5390 3116 5461 tunc
3142 5395 3301 5461 _cun}
3340 5380 3592 5461 Christus
3636 5385 3689 5461 in

2123 5453 2416 5523 IEgyptum
2470 5453 2738 5523 abductus
2780 5449 2865 5506 est
2908 5469 2937 5504 a
2976 5450 3231 5523 Josepho.
3262 5449 3435 5503 Verha
3467 5451 3687 5523 Palladii

2124 5520 2405 5578 sunt—haec
2443 5523 2511 5577 de
2553 5522 2891 5592 Theophila:
2924 5521 3120 5575 Λαϐὼν
3156 5520 3253 5589 τὴν
3283 5520 3595 5590 παροικίαν,
3625 5523 3692 5591 ἣν

2124 5594 2230 5642 ἀπὸ
2281 5595 2381 5642 τῆς
2443 5592 2678 5642 Χριστοῦ
2736 5592 3036 5642 παρουσίας
3105 5587 3248 5642 εἶνεν
3303 5591 3335 5642 ἡ
3401 5592 3692 5642 Διοσκόοου

2122 5594 2230 5646 ἀπὸ
2281 5595 2381 5716 {Bc
2443 5592 2678 5664 Χριστοῦ
2711 5591 3036 5662 ίπαρουσίας
3105 5591 3248 5661 εἶχεν
3303 5591 3336 5670 ἡ
3401 5592 3692 5661 Διοσκόρου

2123 5664 2294 5742 πόλις.
2370 5663 2788 5742 iosc_ori_urbem
2828 5670 2989 5742 vocat
3028 5661 3393 5729 Hermopolim
3419 5700 3434 5723 ,
3458 5676 3523 5714 eo
3546 5662 3691 5730 quod

2126 5732 2423 5789 Dioscorus
2444 5734 2567 5802 ejus
2588 5733 2692 5787 loci
2726 5741 2873 5787 esset
2905 5734 3221 5802 epiSeOpus.

2192 5803 2307 5869 (55)
2333 5803 2446 5857 Καὶ
2473 5800 2667 5857 πάντα
2688 5801 2761 5855 τὰ
2782 5800 2971 5866 ξόανίι
2989 5800 3113 5855 ad»;
3127 5801 3479 5869 Αἰγυπτίων.
3497 5800 3693 5854 Memo-

2128 5874 2297 5930 rabilc
2318 5884 2402 5931 est
2431 5873 2573 5945 quod
2594 5874 2789 5945 legitur
2811 5877 2865 5930 in
2887 5872 3172 5930 ltinerario
3198 5872 3694 5944 llierosolymitano
