4452 6598
440 451 580 511 1285

1391 421 1724 498 HISTORIA
1767 434 2346 503 ECCLESIASTICA.
2390 478 2459 490 -
2497 450 2630 508 LIB.
2665 453 2729 508 v.

431 562 655 632 δοθῆναι
705 559 833 623 τοὺς
889 559 1099 622 λίθους·
1142 557 1414 612 Ἰουδαίων
1453 557 1496 610 δ’
1545 555 1914 610 ἀπολέσθαιοῖ
1947 557 2008 611 τὸ
2037 567 2080 621 Α
2110 570 2166 613 et

1947 557 2166 621 τὸΑει
2215 561 2421 616 Christi
2478 565 2867 634 praedictiones
2924 570 3046 627 falsi
3103 577 3454 636 convincere.
3513 583 3685 642 Judaei

431 652 593 724 ἔργον
623 652 1013 721 ἐπετρόπευον,
1039 650 1135 703 καὶ
1165 650 1260 702 ἐπὶ
1283 649 1382 720 θέᾳ
1403 648 1593 702 τούτου
1617 649 2003 719 παρεγένοντο.

429 741 502 793 At
528 757 590 793 τε
633 739 744 811 γὰρ
796 739 1022 809 πλησίον
1045 737 1140 790 τοῦ
1170 737 1314 808 ἱεροῦ
1343 737 1510 790 οίκίαι
1541 755 1603 791 τε
1633 737 1729 790 καὶ
1751 737 2006 807 δημόσιαι

428 833 584 886 στοαὶ
615 832 674 884 ὲν
713 825 799 892 αἶς
847 830 1123 894 κατέλυον,
1155 828 1348 899 ἀθρόον
1379 827 1780 899 κατερρύησανο
1830 828 1924 881 κα)⁸
1954 827 2006 881 οί

427 923 647 986 πλείους
685 923 1212 993 ἐγκαταληφθέντες,
1246 922 1294 974 οί
1324 921 1421 991 μὲν
1457 921 1652 974 αὐτίκα
1680 918 1961 974 ἀπώλοντο
1984 936 1999 952 ’

425 1016 572 1081 οίδὲ,
596 1015 889 1086 ἡμιθνῆτες
933 1013 1255 1084 εὑρέθησαν,
1288 1014 1384 1066 καὶ
1427 1011 1870 1084 πεπηρωμένοιῆ
1903 1013 2003 1075 τὰς

426 1109 614 1177 χεῖρας
665 1105 698 1178 ἢ
755 1107 822 1158 τὰ
850 1106 1014 1176 σκέλη
1036 1121 1048 1131 ·
1098 1104 1247 1160 ἄλλοι
1300 1104 1374 1167 δὲ,
1411 1105 1540 1175 περὶ
1577 1104 1712 1159 ἄλλα
1743 1104 1882 1174 μέρη
1906 1103 2000 1156 τοῦ

427 1197 678 1267 σώματος
728 1197 1119 1267 ἔδυστύχησαν.
1167 1198 1255 1260 Ὠς
1296 1196 1352 1250 δὲ
1396 1197 1557 1252 σείων
1585 1196 1773 1267 ἔληξεν
1799 1196 1998 1265 ὁΘεδς,

423 1285 579 1352 αὖθις
605 1290 901 1360 ἐπειρῶντο
927 1290 1020 1342 τοῦ
1043 1289 1207 1360 ἔργου
1239 1293 1288 1344 οί
1318 1292 1776 1362 περιλειφθέντες,
1809 1287 1898 1345 οἷά
1935 1313 1998 1364 γε

423 1384 797 1454 ἀπαραιτήτου
823 1383 1294 1452 τυγχάνοντοςδιά
1309 1384 1369 1437 τὸ
1400 1384 1495 1438 τοῦ
1529 1384 1792 1456 βασιλέως
1829 1389 2000 1459 πρόσ-

423 1492 632 1544 ταγμα,
679 1475 774 1527 καὶ
806 1475 989 1538 αὐτοῖς
1029 1476 1169 1528 κατά
1215 1476 1340 1530 νοῦν
1364 1476 1534 1541 ὄντος.
1570 1478 1719 1531 Φιλεί
1745 1480 1854 1552 γάρ
1884 1499 1998 1544 πως

421 1568 454 1635 ή
497 1566 810 1636 ἀνθρωπίνη
842 1566 1031 1634 φύσις,
1089 1570 1146 1619 ἐν
1183 1571 1296 1631 τοῖς
1342 1569 1462 1622 καθ’
1513 1570 1708 1643 ήδονὴν
1761 1573 1897 1643 πρὸς
1936 1574 2000 1627 τὸ

419 1654 734 1725 ἀσύμφορον
771 1656 977 1725 ῥέπειν,
1005 1661 1100 1724 καὶ
1121 1657 1279 1710 τοῦτο
1310 1659 1468 1728 μόνον
1499 1663 1762 1716 συνοίσειν
1788 1664 1996 1717 οἴεσθαι

417 1746 446 1797 ὃ
477 1746 775 1816 κατορθοῦν
798 1746 1045 1816 βούλεται
1069 1765 1083 1779 ·
1127 1750 1368 1820 ἀτεχνῶς
1391 1769 1448 1803 τε
1484 1752 1590 1805 ὑπὸ
1621 1754 1720 1823 τῆς
1747 1756 1996 1809 ἐντεῦθεν

416 1838 632 1906 ἀπάτης
656 1838 1061 1908 κεκρατημένη,
1106 1838 1229 1892 οὔτε
1268 1841 1576 1912 προμηθείᾳ
1613 1844 1718 1896 τινὶ
1774 1847 1832 1898 τὸ
1868 1864 1994 1917 συμ-

2108 665 2242 703 vero
2302 661 2355 705 et
2411 654 2515 708 hoc
2576 655 2756 725 ipsutn
2808 661 3157 731 cogitabant,
3205 676 3260 721 et
3318 682 3686 741 opportunum

2106 749 2325 811 tempus
2360 745 2724 804 instaurando
2763 755 2970 824 templo
2993 766 3188 814 nactos
3211 776 3269 816 se
3295 777 3418 819 esse
3447 768 3685 822 arbitra-

2111 831 2344 887 bamur.-
2385 835 2522 891 Cum
2562 856 2694 894 vero
2729 843 2930 912 prioris
2965 856 3259 907 structurte
3297 856 3562 926 reliquias
3591 861 3687 914 de-

2107 923 2280 977 moliti
2306 935 2514 990 essent,
2541 931 2831 1002 solumque
2852 935 3172 994 eﬁ‘odissent
3190 957 3252 996 ac
3272 923 3682 1020 repurgassem,

2104 1024 2326 1083 postero
2381 1018 2510 1084 die,
2562 1037 2674 1091 quo
2735 1025 2973 1095 primum
3035 1030 3390 1092 fundamenta
3448 1018 3682 1111 posituri

2108 1117 2293 1173 erant,
2329 1120 2488 1166 terra:
2513 1126 2701 1171 motus
2742 1119 2936 1188 ingens
2975 1125 3277 1196 contigisse
3311 1129 3518 1185 dicitur
3544 1172 3558 1196 ,
3587 1151 3683 1187 eo-

2101 1213 2214 1268 que
2259 1213 2412 1258 motu
2464 1205 2676 1276 lapides
2727 1226 2793 1265 ex
2845 1211 3221 1273 fundamentis
3266 1223 3580 1292 exsiliisse,
3614 1243 3682 1282 ex

2099 1291 2308 1350 Iudaeis
2331 1307 2513 1353 autem
2561 1305 2794 1371 periisse
2829 1316 2940 1361 tum
2973 1325 3069 1364 eos
3095 1312 3186 1380 qui
3221 1328 3359 1383 opus
3390 1320 3678 1386 curabant,

2102 1389 2218 1437 tum
2243 1388 2339 1455 qui
2372 1391 2660 1456 spectandi
2691 1409 2857 1449 causa
2885 1398 3284 1455 conﬂuxerant.
3313 1401 3445 1458 Nam
3466 1410 3679 1464 etmdes

2099 1477 2306 1546 templo
2337 1482 2598 1547 proxima:
2631 1495 2684 1538 et
2714 1488 2948 1554 publicae
2979 1493 3226 1559 porticus
3256 1494 3310 1546 in
3363 1496 3563 1564 quibus
3597 1501 3678 1552 tli-

2100 1565 2509 1633 versabantur,
2560 1582 2785 1642 repente
2826 1589 3178 1633 corruerunt.
3235 1580 3301 1635 Et
3360 1587 3675 1655 complures

2098 1654 2173 1708 ibi
2231 1658 2584 1727 deprehensi,
2639 1666 2836 1733 partim
2885 1668 3034 1722 illico
3070 1670 3435 1728 interierunt:
3473 1654 3671 1745 partim

2097 1748 2394 1814 semivivi,
2443 1755 2701 1810 manibus
2751 1765 2805 1810 et
2851 1761 3112 1815 cruribus
3162 1765 3427 1818 mutilatis
3470 1769 3672 1836 reperti

2097 1849 2228 1892 sunt
2287 1853 2380 1895 aut
2431 1845 2556 1900 aliis
2585 1850 2838 1917 corporis
2875 1854 3126 1919 partibus
3171 1856 3460 1913 debilitati.
3511 1860 3671 1917 Post-

415 1927 580 1997 φέρον
613 1928 738 1981 ἰδεῖν
757 1928 999 1994 δύναται,
1030 1929 1153 1982 οὕτε
1189 1932 1357 2003 πείρᾳ
1381 1933 1639 1987 κινδύνων
1666 1915 1993 2006 σωφρονιζο-
2025 1915 2066 1970 Β
2095 1946 2173 2000 (Ιυι

1911 1942 1993 2002 ζο-
2025 1915 2066 1970 Β
2095 1945 2258 2000 quam
2303 1934 2464 2006 215
2510 1945 2658 1990 terra
2709 1955 2928 1996 movere
2954 1944 3140 2007 desiit.
3175 1947 3209 2000 ii
3243 1950 3332 2018 qui
3368 1951 3669 2008 incolumes

418 2020 552 2090 μένη
574 2020 710 2089 πρὸς
742 2020 804 2073 τὸ
832 2020 947 2072 δέον
999 2022 1264 2093 ἀνανήφει
1290 2039 1303 2052 °
1359 2026 1542 2078 ὁποῖον
1588 2028 1681 2080 καὶ
1708 2031 1818 2092 τοῖς
1857 2031 1991 2082 Ἰου-

410 2111 579 2174 δαίοις
600 2115 720 2164 τότε
743 2113 1150 2183 συμϐεϐηκέναι
1176 2113 1432 2185 ἠγοῦμαι.
1469 2118 1675 2171 Ἱκανοῦ
1705 2120 1813 2191 γὰρ
1841 2121 1992 2186 ὄντος

408 2203 505 2256 τοῦ
528 2205 793 2276 προτέρου
847 2206 1188 2277 κωλύματος,
1222 2209 1318 2261 καὶ¹
1357 2209 1606 2281 φανερῶς
1631 2212 1991 2276 ἐπιδείξαντος

407 2296 486 2358 ὡς
537 2297 851 2365 χαλεπαίνει
903 2299 964 2350 τὸ
1024 2299 1177 2352 Θείον
1235 2300 1326 2353 ἐπὶ
1369 2301 1445 2371 τῷ
1504 2302 1793 2372 γινομένῳ,
1829 2304 1989 2357 πάλιν

410 2388 645 2457 ἀνήνυτα
675 2389 1025 2454 ἐσπούδαζον.
1080 2391 1250 2459 Λόγος
1279 2388 1373 2445 οὖν
1413 2393 1528 2462 ἅμα
1548 2411 1605 2446 τε
1640 2397 1699 2447 τὸ
1735 2395 1988 2466 δεύτερον

409 2479 711 2549 ἐνεχείρουν
739 2481 818 2551 τῷ
851 2483 1015 2553 ἔργῳ,
1061 2484 1155 2535 καὶ
1187 2484 1298 2554 πῦρ
1324 2485 1580 2556 ἐξαίφνης
1606 2488 1669 2540 ὲκ
1694 2488 1803 2540 τῶν
1835 2490 1987 2559 θεμε-

409 2571 536 2623 λίων
577 2572 672 2624 τοῦ
727 2573 873 2642 ἱεροῦ
900 2574 1145 2645 ἀνέθορέ,
1194 2575 1288 2627 καὶ¹
1322 2576 1550 2641 πολλοὺς
1584 2578 1828 2648 ἀνήλωσε
1851 2598 1865 2611 ο
1893 2582 1986 2634 καὶ

405 2663 562 2714 τοῦτο
593 2665 728 2734 πρὸς
760 2667 973 2717 πάντων
991 2666 1157 2728 ἀδεῶς
1190 2665 1404 2735 λέγεταί
1429 2684 1487 2720 τε
1520 2669 1612 2721 καὶ
1630 2672 1937 2724 πιστεύεται
1964 2715 1979 2739 ,

409 2755 499 2804 καὶ
536 2755 663 2823 παρ’
709 2756 919 2818 οὐδενὸς
969 2756 1403 2826 ἀμφιϐάλλεται’
1461 2760 1598 2829 πλὴν
1665 2763 1745 2814 ὅτι
1772 2766 1820 2816 ol.
1881 2764 1980 2834 μέν

408 2863 592 2911 φασιν,
624 2848 705 2898 ὅτι
743 2847 1094 2918 βιαζομένους
1121 2849 1318 2910 αὐτοὺς
1345 2851 1424 2913 είς
1451 2851 1512 2904 τὸ
1542 2852 1684 2922 ἱερὸν
1711 2855 1976 2922 προϊέναι,

404 2935 537 3004 φλὸξ
560 2940 935 3008 ἀπαντήσασα,
958 2940 1019 2992 τὸ
1041 2939 1327 3011 εἰρημένον
1349 2943 1640 3012 εἰργάσατο
1657 2960 1674 2977 ο
1697 2946 1744 2997 oi
1764 2945 1836 3011 δὲ,
1863 2947 1979 3017 ἅμα

403 3025 633 3096 ἤρξαντο
660 3028 749 3080 τὸν
778 3030 904 3098 χοῦν
935 3032 1206 3101 ἐκφορεῖν.
1239 3032 1376 3084 Ἀλλ’
1406 3034 1514 3086 εἴτε
1541 3036 1697 3088 τοῦτό
1727 3054 1831 3100 τις,
1866 3041 1975 3091 εἴτε

395 3119 462 3169 τὸ
491 3121 754 3190 πρότερον
795 3121 1020 3185 δέξαιτο.
1074 3124 1329 3194 ἑκάτερον
1358 3128 1437 3188 είς
1466 3126 1647 3196 θαῦμα
1686 3132 1974 3200 παραπλή-

403 3225 534 3260 σιον.
562 3209 685 3262 Ἐπὶ
705 3212 878 3281 τούτῳ
902 3211 957 3264 δὲ
987 3213 1079 3264 καὶ
1104 3212 1229 3266 ἄλλο
1247 3214 1562 3286 ξυνηνέχθη,
1584 3218 1677 3270 τοῦ
1707 3221 1970 3289 προτέρου

395 3299 731 3370 σαφέστερόν
771 3319 828 3353 τε
875 3303 968 3354 καὶ
1015 3305 1458 3377 παραδοξότερον.
1496 3309 1824 3379 Αύτομάτως
1863 3313 1971 3382 γὰρ

400 3392 614 3444 πάντων
664 3395 694 3461 ή
754 3393 917 3464 ἐσθὴς
972 3393 1050 3464 τῷ
1094 3395 1302 3464 σημείῳ
1353 3396 1444 3448 τοῦ
1476 3399 1706 3469 σταυροῦ
1742 3418 1972 3470 κατεση-

391 3483 574 3552 μάνθη
602 3499 613 3512 ·
650 3487 744 3535 καὶ
788 3487 984 3553 τρόπον
1028 3486 1149 3538 τινὰ
1187 3488 1419 3557 ἄστρασι
1463 3490 1857 3559 πεποικιλμένα
1902 3493 1968 3546 τὰ

395 3574 680 3645 ἐσθήματα
705 3572 869 3645 εἶχον,
903 3577 978 3640 ὡς
1008 3578 1116 3630 ἀπὸ
1152 3580 1498 3649 ίστουργικῆς
1537 3582 1808 3651 περινοίας
1837 3601 1968 3636 κατ-

388 3668 709 3737 εστιγμένα.
758 3671 852 3722 Ἐκ
873 3671 1064 3722 τούτου
1123 3671 1203 3732 δὲ,
1237 3674 1348 3733 τοῖς
1397 3672 1495 3741 μὲν
1549 3675 1746 3726 αὐτίκα
1773 3674 1963 3744 ἔκρίθη

392 3759 524 3810 Θεὸν
575 3754 716 3812 εἶναι
761 3760 850 3812 τὸν
879 3759 1133 3831 Χριστὸν,
1170 3762 1265 3812 καὶ
1297 3761 1371 3830 μὴ
1395 3761 1688 3832 ἀρεσθῆναι
1735 3767 1799 3834 τῇ
1838 3767 1958 3818 ἀνα-

391 3851 578 3903 νεώσει
626 3849 720 3903 τοῦ
771 3851 922 3902 ναοῦ.
954 3852 1016 3902 Οί
1046 3851 1121 3913 δὲ,
1150 3853 1248 3904 ούκ
1275 3854 1353 3915 είς
1403 3853 1617 3922 μακρὰν
1643 3856 1966 3922 προσέθεντο

387 3941 454 4009 τῇ
496 3940 792 4010 Ἐκκλησία
833 3943 926 3993 καὶ¹
969 3942 1305 4011 ὲμυήθησαν,
1353 3945 1444 3996 καὶ
1489 3943 1674 4013 ὕμνοις
1722 3947 1813 3998 καὶ
1851 3947 1964 4000 ἱκε-

391 4030 532 4092 σίαις
587 4032 725 4100 ὑπὲρ
772 4032 880 4084 τῶν
927 4033 1345 4103 τετολμημένων
1367 4037 1569 4100 αὐτοῖς,
1612 4036 1701 4090 τὸν
1730 4039 1961 4108 Χριστὸν

385 4121 682 4174 ίλάσκοντυ.
713 4121 897 4176 Ταῦτα
917 4125 1022 4194 ὅτῳ
1036 4124 1202 4176 πιστὰ
1219 4126 1279 4177 ού
1304 4127 1708 4195 καταφαίνεται,
1738 4131 1959 4184 πιστού-

388 4211 604 4265 σθωσαν
631 4215 681 4266 οί
713 4214 864 4286 παρὰ
904 4214 1013 4268 τῶν
1049 4215 1399 4286 θεασαμένων
1440 4219 1735 4288 ἀκηκοότες
1773 4221 1852 4274 ἔτι
1880 4222 1960 4293 τῷ

389 4302 487 4371 βίῳ
541 4306 844 4374 περιόντες.
903 4307 1324 4361 Πιστούσθωσαν
1380 4309 1435 4362 δὲ
1476 4311 1570 4363 καὶ
1605 4312 1840 4366 Ἰουδαῖοι
1864 4314 1958 4366 καὶ

389 4394 668 4464 Ἕλληνες,
700 4397 951 4466 ἡμιτελὲς
979 4398 1040 4451 τὸ
1088 4399 1247 4470 ἔργον
1305 4401 1692 4467 καταλιπόντες
1716 4420 1730 4434 ·
1760 4405 1958 4476 μᾶλλον

379 4484 455 4550 δὲ,
490 4486 608 4538 οὐδὲ
633 4487 898 4557 ἄρξασθαι
918 4489 1009 4541 τοῦ
1046 4489 1206 4561 ἔργου
1235 4490 1568 4562 δυνηθέντες.

2092 2034 2447 2092 supererant,
2479 2040 2618 2094 Opus
2658 2028 2841 2083 denuo
2871 2034 3092 2101 aggredi
3116 2046 3404 2105 coeperunt
3429 2079 3442 2100 ,
3467 2042 3670 2111 quippe

2089 2126 2214 2164 cum
2255 2121 2309 2167 et
2353 2115 2703 2185 imperatoris
2753 2133 3025 2192 praecepto
3082 2125 3149 2179 ad
3212 2128 3265 2181 id
3318 2145 3666 2201 cogerentur.

2090 2202 2162 2256 ita
2214 2213 2273 2258 ut
2323 2206 2635 2262 detrectare
2692 2226 2802 2265 non
2861 2223 3108 2282 possent,
3158 2227 3211 2272 et
3266 2219 3400 2289 ipsis
3433 2223 3485 2277 id
3519 2236 3667 2281 esst-t

2087 2300 2487 2367 gratissimum.
2537 2302 2797 2360 Homines
2836 2310 2981 2362 enim
3019 2312 3071 2365 in
3125 2315 3289 2371 rebus
3343 2334 3463 2388 qua:
3527 2323 3666 2393 ipsis

2086 2383 2352 2459 voluptaii
2411 2403 2562 2459 sunt,
2601 2395 2925 2468 plerumque
2954 2401 3019 2453 ad
3055 2403 3106 2456 id
3139 2406 3283 2474 quod
3330 2383 3665 2468 noxium-est

2086 2491 2340 2552 vergunt,
2395 2483 2560 2554 idque
2595 2503 2763 2541 unum
2795 2491 2928 2545 utile
2977 2493 3093 2549 fore
3141 2498 3464 2556 existimant
3515 2507 3664 2574 quod

2083 2574 2345 2644 perficere
2403 2579 2658 2647 cupiunt.
2695 2581 2760 2633 Et
2803 2582 3120 2652 bujusmodi
3155 2604 3341 2647 errore
3379 2603 3661 2662 praeventi,

2083 2683 2187 2722 nec
2220 2668 2352 2737 quid
2393 2670 2525 2724 utile
2575 2672 2647 2725 sit
2680 2675 2995 2744 prospicere
3038 2689 3291 2747 possunt,
3316 2699 3415 2738 nec
3445 2692 3662 2756 experi-

2081 2760 2285 2814 mentis
2330 2763 2599 2815 malorum
2648 2765 2911 2821 admoniti
2960 2771 3316 2841 resipiscunt.
3351 2775 3504 2842 Quod
3538 2785 3661 2852 qui-

2081 2848 2204 2904 dem
2262 2849 2468 2906 Judatis
2506 2869 2725 2924 quoque
2761 2873 2825 2912 ea
2863 2867 3191 2930 tempestate
3235 2868 3504 2926 accidisse
3543 2848 3661 2929 exi-

2079 2943 2267 2997 stimo.
2325 2943 2465 2998 Nam
2524 2962 2649 3001 cum
2705 2951 2859 3019 prior
2909 2957 3129 3023 repulsa
3167 2959 3302 3016 satis
3369 2966 3658 3035 perspicue

2077 3038 2447 3099 ostendisset,
2501 3039 2668 3094 Deum
2728 3047 3020 3101 conatibus
3076 3050 3319 3118 ipsorum
3379 3054 3653 3112 infensum

2077 3143 2225 3192 esse,
2262 3145 2456 3186 rursus
2491 3143 2668 3186 tamen
2705 3133 2848 3192 idem
2881 3138 3084 3193 frustra
3121 3143 3533 3212 aggrediuntur.
3564 3151 3651 3203 Si-

2076 3219 2188 3272 mul
2239 3230 2419 3275 autem
2471 3238 2534 3277 ac
2575 3224 2758 3280 denuo
2799 3243 3023 3283 manmn
3075 3235 3225 3303 operi
3258 3238 3651 3307 admovissent,

2077 3311 2220 3379 ignis
2252 3314 2436 3368 subito
2459 3332 2524 3370 ex
2555 3317 2924 3376 fundamentis
2953 3326 3136 3394 templi
3166 3343 3461 3401 erumpens
3511 3340 3654 3387 mul-

2075 3413 2161 3459 tos
2213 3409 2629 3477 consumpsisse
2666 3410 2888 3468 dicitur.
2946 3418 3122 3486 Atque
3162 3419 3214 3472 id
3273 3422 3343 3474 ab
3395 3425 3650 3480 omnibus

2071 3511 2184 3549 uno
2228 3512 2506 3552 consensu
2557 3507 2611 3552 et
2651 3500 2889 3557 refertur
2911 3513 2966 3558 et
3000 3508 3265 3575 creditur,
3301 3527 3401 3566 nec
3436 3515 3506 3567 ab
3539 3518 3647 3571 ullo

2069 3585 2126 3639 in
2161 3585 2392 3640 dubium
2430 3598 2742 3653 revocatur,
2786 3595 2892 3649 nisi
2933 3599 3077 3665 quod
3113 3601 3202 3654 alii
3258 3604 3477 3672 quidem
3519 3624 3648 3661 nar-

2069 3685 2216 3740 rant,
2255 3692 2382 3730 cum
2431 3677 2604 3733 Judaei
2647 3682 2700 3735 in
2747 3688 3009 3755 templum
3041 3691 3312 3748 violenter
3343 3696 3647 3769 irrumpere

2067 3766 2290 3831 vellent,
2348 3765 2621 3821 flammam
2683 3772 2818 3840 ipsis
2854 3790 3236 3834 occurrentem
3275 3784 3326 3837 id
3380 3765 3644 3854 quod'di-

2066 3856 2245 3909 ximus
2293 3858 2664 3926 prmstitisse:
2719 3864 2809 3916 alii
2862 3882 2993 3920 vero
3021 3909 3035 3930 ,
3088 3877 3221 3923 tunc
3255 3890 3377 3928 cum
3411 3877 3638 3934 humum

2064 3962 2284 4018 egerere
2317 3960 2486 4021 atque
2517 3961 2804 4022 exportare
2839 3959 3161 4027 cmpissent.
3204 3962 3332 4018 Post
3371 3967 3483 4023 haec
3513 3986 3638 4026 vero

2063 4042 2212 4097 aliud
2273 4045 2602 4099 miraculum
2660 4049 2880 4115 accidit,
2927 4051 3109 4120 priore
3145 4055 3237 4110 illo
3265 4059 3443 4123 majus
3475 4072 3637 4132 atque

2060 4135 2395 4192 evidentius.
2445 4139 2688 4212 Repente
2743 4141 2890 4196 enim
2944 4147 3190 4200 omnium
3237 4159 3419 4207 vestes
3452 4159 3633 4212 crucis

2060 4228 2218 4298 signo
2244 4229 2517 4300 insignitae
2562 4240 2730 4300 sunt,
2769 4243 2825 4288 et
2856 4235 3170 4291 indumenta
3203 4242 3375 4297 stellis
3404 4246 3634 4312 quibus-

2060 4321 2183 4376 dam
2213 4321 2471 4378 distincta
2502 4325 2702 4381 habere
2740 4338 3045 4396 caepernnt,
3081 4334 3238 4400 quasi
3271 4339 3498 4392 textoris
3526 4355 3628 4395 acu

2061 4414 2358 4469 artificiose
2386 4415 2622 4485 depicta.
2658 4417 2732 4471 Ea
2756 4435 2815 4474 re
2846 4419 3048 4475 factum
3079 4432 3184 4490 est,
3213 4433 3270 4478 ut
3294 4427 3383 4481 alii
3408 4429 3626 4498 quidem

1985 4517 2028 4571 1)
2060 4503 2348 4559 confestim
2376 4504 2687 4576 judicarent
2716 4508 2994 4564 Christum
3037 4512 3205 4568 Deum
3237 4530 3379 4581 esse,
3410 4522 3628 4591 templi-

378 4614 488 4667 que
533 4600 991 4658 instaurationem
1043 4605 1093 4660 ei
1149 4605 1457 4674 displicere.
1505 4608 1609 4662 Alii
1643 4624 1776 4665 vero
1806 4613 1952 4671 haud
1994 4621 2168 4675 multo
2202 4631 2325 4692 post
2359 4620 2614 4677 Ecclesia!
2649 4640 2770 4679 sese
2802 4626 3192 4696 adiunxerunt,
3256 4642 3310 4687 et
3368 4647 3624 4707 suscepto

382 4691 677 4761 baptismo,
723 4697 939 4767 hymnis
971 4713 1035 4753 ac
1077 4703 1570 4771 supplicationibus
1637 4717 1738 4773 pro
1800 4707 1866 4762 iis
1897 4726 2018 4781 quae
2059 4691 2267 4770 tentare
2305 4731 2792 4786 praesumpserant,
2824 4691 3098 4777 Cbristum
3126 4691 3430 4791 placarunt.
3466 4691 3620 4793 ρύοά

379 4787 423 4838 si
476 4785 716 4853 cuipiam
766 4789 880 4842 haec
938 4790 1278 4846 incredibilia
1308 4792 1659 4862 videbuntur,
1702 4796 1859 4853 ﬁdem
1895 4801 1946 4856 ei
1983 4802 2193 4858 faciant
2235 4804 2272 4858 ii
2314 4805 2406 4874 qui
2438 4821 2499 4860 ea
2533 4785 2815 4863 auditione
2881 4819 3208 4880 acceperunt
3279 4816 3345 4868 ab
3387 4816 3618 4876 homini-

379 4879 481 4932 hus
527 4883 621 4951 qui
653 4899 742 4936 res
771 4883 872 4953 ipsi
915 4886 1188 4952 viderant,
1217 4897 1270 4940 et
1306 4887 1398 4957 qui
1434 4888 1734 4946 etiamnum
1805 4898 2126 4964 superstites
2185 4907 2334 4954 sunt.
2392 4899 2496 4954 Sed
2543 4911 2596 4955 et
2650 4902 2822 4958 Judaei
2888 4879 3029 4974 ipsii
3060 4920 3122 4959 ac
3192 4909 3418 4976 gentiles
3457 4913 3617 4970 ﬁdem

376 4963 600 5038 faciant,
642 4972 734 5043 qui
773 4987 911 5044 opus
941 4973 1318 5045 imperfectum
1346 4975 1718 5051 dimiserunt),
1757 4963 1885 5050 aut,
1910 4995 1969 5041 ut
2004 4987 2186 5043 verius
2213 4987 2419 5057 dicam,
2449 5007 2517 5045 ne
2547 4993 2808 5050 inchoare
2870 4963 3085 5065 quidem
3128 4963 3438 5066 potuerunt.
