4452 6598
792 377 918 430 1231

2252 373 2593 431 SOZOMENI

3898 368 4045 426 129?.

790 496 983 544 nnttuo
1030 489 1310 543 cohortari
1341 495 1646 558 cmperunt.
1681 487 1833 542 Alios
1871 501 1998 542 vero
2027 487 2207 543 adhuc
2235 489 2360 544 dor-
2391 497 2435 552 Α
2464 489 2548 543 ἐπι

2286 504 2360 544 Jr-
2391 497 2435 552 Α
2464 487 2797 553 ἐπανελθεῖν,
2848 487 2947 550 τὰς
3008 484 3142 550 ναῦς
3192 483 3595 556 ἐμπρήσαντες.
3648 481 3721 545 ὡς
3787 482 3876 535 διὰ
3938 482 4044 549 τὴν

787 578 1018 633 micutes
1050 576 1281 632 Romani
1311 591 1657 649 oppressere.
1690 576 1822 633 Orta
1854 578 2072 633 demum
2101 578 2190 634 die
2216 594 2365 650 pros-

788 669 918 722 lium
947 669 1263 723 conseritur
1290 683 1303 720 :
1337 677 1392 723 et
1425 667 1659 723 Romani
1695 669 1884 724 multis
1912 668 2153 724 hostium
2185 669 2363 724 truci-

786 761 964 825 datis,
1000 775 1104 816 nec
1137 759 1332 832 paucis
1367 774 1594 817 suorum
1634 752 1890 822 a‘missis,
1929 759 2152 816 ﬂuvium
2182 763 2365 818 denuo

783 851 1138 921 trajecerunt.
1167 852 1245 906 Ae
1277 861 1393 907 tum
1421 850 1641 922 quidem
1674 861 1798 906 ante
1848 851 2224 923 Ctesiphontis
2252 869 2365 909 mu-

785 955 877 994 ros
911 942 1284 996 castrametati
1337 951 1486 997 sunt.
1530 939 1778 1010 Cumque
1811 941 2111 1012 imperator
2154 959 2363 1016 nequa-

781 1045 947 1102 quam
980 1032 1214 1087 ulterius
1247 1032 1532 1104 pregredi,
1562 1030 1656 1088 sed
1687 1031 1909 1087 domum
1947 1033 2126 1091 redire
2153 1037 2362 1092 consti-

784 1123 1006 1188 tuisset,
1040 1120 1299 1188 Romani,
1333 1123 1576 1178 incensis
1611 1122 1844 1180 navibus
1865 1163 1880 1190 ,
1927 1139 1995 1181 eo
2026 1125 2176 1197 quod
2201 1126 2365 1184 multi

782 1215 838 1270 in
889 1213 1264 1271 custodiendis
1313 1214 1422 1270 illis
1467 1217 1767 1286 occupati,
1829 1216 2039 1288 proeliis
2091 1219 2362 1276 interesse

781 1321 890 1361 non
926 1313 1194 1374 possent,
1229 1304 1283 1360 in
1314 1306 1548 1377 patriam
1586 1307 1753 1379 218
1795 1309 1997 1365 reverti
2030 1317 2318 1380 coeperunt
2343 1348 2358 1375 ,

783 1394 987 1466 Tigrim
1021 1395 1086 1449 ad
1117 1396 1310 1450 laevam
1339 1395 1625 1452 habentes.
1649 1398 1728 1453 Ac
1751 1398 1909 1454 initio
1940 1397 2160 1468 quidem
2189 1399 2362 1471 capti-

782 1487 862 1541 vis
894 1500 992 1540 eos
1017 1486 1349 1542 ducentibus
1370 1526 1384 1548 ,
1435 1488 1714 1558 regionem
1750 1487 1990 1545 fertilem
2021 1491 2167 1545 nacti
2193 1499 2360 1555 sunt,

779 1589 903 1644 quae
956 1576 1141 1630 omnia
1206 1573 1274 1630 ad
1340 1575 1546 1632 victum
1587 1579 1902 1636 necessaria
1960 1579 2175 1637 abunde
2224 1579 2361 1652 ipsis

781 1666 1182 1737 suppeditabat.
1210 1665 1405 1724 Postea
1430 1682 1560 1724 vero
1596 1682 1766 1725 senex
1794 1669 2018 1740 quidam
2052 1672 2146 1742 qui
2178 1686 2238 1729 se
2260 1686 2361 1743 pro

781 1758 1025 1812 omnium
1050 1755 1340 1814 Persarum
1373 1758 1552 1815 salute
1573 1758 1890 1828 devoverat,
1919 1775 2043 1817 cum
2074 1776 2198 1818 sese
2215 1763 2360 1819 ultro

779 1848 1102 1918 capiendum
1135 1848 1405 1905 obtulisse
1433 1849 1716 1906 videretur
1739 1888 1755 1917 ,
1793 1861 2053 1922 tanquam
2085 1853 2293 1910 invitus
2325 1869 2357 1910 a

782 1937 1048 1995 Romanis
1094 1946 1324 2010 captus,
1372 1939 1443 1995 ad
1492 1939 1797 2012 principem
1854 1942 2196 2014 perducitur.
2251 1943 2356 2011 Qui

779 2030 1148 2102 interrogatus
1183 2030 1252 2086 de
1297 2031 1422 2098 via,
1461 2045 1587 2087 cum
1619 2047 1745 2088 vera
1775 2033 1958 2090 dicere
1991 2035 2146 2092 visus
2176 2045 2356 2103 esset,

781 2122 938 2177 tidem
986 2123 1139 2188 fecit,
1188 2123 1234 2178 si
1283 2121 1514 2178 Romani
1544 2123 1722 2195 ipsum
1768 2126 1922 2197 sequi
1962 2127 2195 2192 vellent,
2243 2127 2361 2186 fore

779 2228 841 2270 ut
877 2216 1024 2271 brevi
1050 2215 1353 2272 exercitum
1388 2216 1442 2270 in
1481 2213 1856 2272 Romanorum
1884 2219 2085 2274 ﬁnibus
2119 2220 2355 2276 sisteret.

726 2329 731 2332 ·
780 2309 966 2363 Tridui
1002 2308 1270 2363 duntaxat
1301 2316 1396 2363 aut
1425 2308 1707 2378 quatridui
1742 2309 1849 2365 iter
1883 2311 2174 2366 molestum
2205 2311 2359 2367 futu-

779 2416 902 2454 rum
933 2416 946 2452 :
985 2409 1040 2455 et
1067 2399 1271 2456 cibaria
1314 2400 1370 2454 in
1415 2409 1494 2455 tot
1522 2399 1642 2456 dies
1682 2399 1908 2457 ferenda
1931 2418 2054 2459 esse
2077 2443 2092 2469 ,
2122 2418 2188 2460 eo
2213 2405 2360 2475 quod

780 2494 931 2566 regio
977 2493 1198 2549 deserta
1233 2500 1400 2548 esset.
1439 2493 1629 2564 Itaque
1662 2493 1962 2565 imperator
1995 2496 2174 2552 callidi
2211 2496 2361 2553 senis

781 2583 1130 2640 sermonibus
1174 2581 1468 2648 inductus,
1513 2597 1578 2638 ea
1621 2582 1708 2638 via
1737 2582 2071 2662 pergendum
2103 2598 2228 2640 esse
2268 2585 2363 2640 de-

781 2677 973 2732 crevit.
1023 2673 1128 2730 Ubi
1169 2688 1301 2730 vero
1352 2674 1588 2730 ulterius
1636 2675 1947 2747 progressi,
2001 2674 2183 2731 adhuc
2237 2683 2365 2747 post

780 2779 892 2825 tres
924 2767 1042 2824 dies
1069 2767 1126 2822 in
1160 2767 1281 2822 loca
1309 2765 1520 2822 inculta
1549 2774 1714 2838 atque
1752 2781 1946 2838 aspera
1977 2765 2362 2836 devenerunt,

781 2875 949 2917 senex
968 2859 1188 2930 quidem
1215 2859 1466 2930 captivus
1495 2857 1628 2913 dum
1661 2866 2016 2930 torqueretur
2035 2899 2050 2923 ,
2076 2857 2364 2915 confessus

779 2962 902 3022 est,
953 2969 1013 3008 se
1052 2968 1151 3023 pro
1190 2952 1368 3009 salute
1417 2951 1622 3006 civium
1669 2965 1897 3006 suorum
1933 2951 2073 3008 mori
2106 2957 2362 3022 paratum

783 3047 1150 3119 transfugisse
1177 3085 1194 3114 ,
1242 3056 1297 3102 et
1337 3044 1572 3117 quodvis
1599 3046 1927 3117 supplicium
1975 3060 2133 3116 aequo
2178 3044 2365 3100 animo

2465 582 2713 654 φυλακὴν
2745 581 2950 634 τούτων
2981 579 3190 634 πολλῶν
3212 579 3512 650 ἀπομάχων
3531 576 3720 637 όντων,
3751 574 3850 646 τὴν
3873 574 4046 628 ἐπάν.

2463 673 2580 726 οδον
2602 671 2900 735 ἐποιοῦντο,
2920 672 2976 724 ἐν
2993 671 3257 741 ἀριστερᾷ
3273 670 3517 741 Τίγρητα
3539 668 3780 737 ποταμὸν
3801 666 4041 736 ἔχοντες.

2476 763 2824 834 Ἥγουμένων
2881 761 2941 816 δὲ
2991 761 3101 815 τῶν
3157 759 3538 832 αίχμαλώτων,
3594 757 3664 812 τά
3711 757 3810 829 μὲν
3848 756 4046 826 πρῶτα

2463 855 2755 928 ἀπήλαυον
2775 851 2960 926 χώρας
2984 852 3215 925 εὐφόρου
3241 851 3334 905 καὶ
3356 850 3532 904 πάντα
3560 848 3840 920 ἐπιτήδεια
3879 847 4043 917 ἐχού-

2465 963 2582 1016 σης.
2613 945 2768 1000 Μετά
2792 944 2848 999 δὲ
2877 942 3072 1009 ταῦτα,
3103 942 3412 1016 πρεσϐύτης
3435 958 3519 1004 τις
3563 939 3814 1010 ἑλόμενος
3840 936 4048 991 ἀποθαο

2462 1040 2572 1092 νεῖν
2597 1037 2738 1111 ὑπὲρ
2784 1038 2884 1109 τῆς
2921 1037 3139 1092 πάντων
3173 1034 3398 1108 Περσῶν
3424 1031 3754 1104 ἐλευθερίας,
3787 1028 4048 1100 ἐπίτηδες

2463 1129 2663 1184 ἁλῶναι
2724 1129 2935 1199 φανεὶς,
2993 1127 3068 1193 ὡς
3105 1128 3252 1182 ἄκων
3292 1123 3618 1196 συλληφθεὶς
3667 1122 3855 1190 ἄγεται
3885 1117 4047 1189 παρὰ

2460 1222 2551 1276 τὸν
2595 1219 2918 1292 ἡγούμενον.
2958 1217 3293 1290 Ἀνακριθείς
3354 1233 3414 1270 τε
3458 1211 3723 1286 περὶτῆς
3771 1209 3913 1276 ὁδοῦ,
3943 1209 4046 1262 καὶ

2461 1311 2618 1379 δόξας
2653 1311 2826 1383 ἀληθῆ
2867 1309 3066 1378 λέγειν,
3099 1307 3314 1363 επεισεν
3355 1308 3421 1362 ἵν’
3443 1304 3592 1377 αύτῷ
3641 1305 3900 1370 ἐπωνται,
3939 1303 4045 1371 τὴν

2462 1405 2724 1476 ταχίστην
2760 1405 2872 1467 τοῖς
2915 1401 3197 1474 Ῥωμαίων
3224 1402 3369 1472 ὅροις
3396 1399 3710 1471 ἐπιστήσειν
3754 1397 3853 1467 τὴν
3878 1411 4046 1466 στρα-

2461 1497 2586 1552 τιάν
2611 1511 2624 1524 ·
2663 1495 2820 1566 μόνον
2851 1495 2908 1548 δὲ
2960 1493 3127 1566 τριῶν
3160 1493 3194 1565 ἢ
3219 1493 3499 1566 τεσσάρων
3547 1491 3768 1562 ⁴ἡμερῶν
3799 1486 4046 1559 χαλεπὴν

2463 1585 2683 1641 ἔσεσθαι
2711 1585 2808 1658 τὴν
2837 1585 3066 1658 πορείαν
3086 1601 3100 1616 ο
3131 1585 3225 1637 καὶ
3250 1584 3452 1656 χρῆναι
3481 1583 3685 1637 τούτων
3708 1581 3851 1636 σιτία
3881 1580 4048 1651 φέρε-

2465 1677 2607 1743 σθαι,
2643 1678 2743 1749 τῆς
2773 1678 2876 1750 γῆς
2891 1676 3102 1749 ἐρήμου
3127 1674 3313 1746 οὔσης.
3342 1674 3637 1746 Ὑπαχθείς
3656 1691 3718 1727 τε
3737 1673 3767 1725 6
3789 1670 4046 1744 βασιλεὺς

2464 1768 2558 1822 τοῦ
2607 1767 2773 1837 σοφοῦ
2821 1765 3130 1840 πρεσϐύτου
3173 1768 3285 1830 τοῖς
3311 1765 3512 1835 λόγοις,
3552 1763 3845 1834 ἐδοκίμασε
3867 1761 4047 1832 ταύτῃ

2463 1859 2774 1932 πορευτέον.
2805 1859 2957 1912 Ἐπεὶ
2985 1858 3042 1912 δὲ
3071 1857 3402 1930 προσωτέρω
3425 1855 3750 1928 χωροῦντες,
3788 1853 3881 1908 καὶ
3902 1853 4046 1922 μετὰ

2461 1952 2611 2022 τρεῖς
2638 1949 2851 2022 ἡμέρας
2881 1948 3132 2003 ἐνέϐαλον
3189 1947 3532 2018 τόποιςμί),
3585 1948 3615 2000 6
3663 1946 3763 2017 μὲν
3806 1945 3985 2016 γέρων
4014 1943 4049 1994 6

2460 2043 2804 2115 αἰχμάλωτος
2863 2041 3306 2112 βασανιζόμενος,
3375 2038 3727 2110 ὡμολόγησεν
3768 2037 3908 2106 ὑπὲρ
3932 2034 4049 2088 τῶν

2460 2133 2678 2188 οίκείων
2702 2131 3072 2204 αὐτομολῆσαι
3092 2131 3230 2203 πρὸς
3259 2129 3508 2194 θάνατον,
3543 2129 3637 2182 καὶ
3652 2128 3869 2196 ἕτοιμος
3902 2121 4047 2178 εἶναι
4107 2170 4116 2177 .

2461 2227 2640 2280 πάντα
2661 2224 2957 2297 προθύμως
2979 2225 3292 2297 ὑπομένειν.
3334 2219 3630 2290 Ἀλυούσης
3655 2219 3713 2272 δὲ
3750 2219 3848 2288 τῆς
3876 2233 4049 2286 στρα-

2459 2320 2601 2384 τιᾶς,
2627 2317 2705 2388 τῷ
2738 2334 2797 2371 τε
2827 2317 2994 2388 μήκει
3017 2317 3118 2387 τῆς
3171 2313 3314 2381 όδοῦ,
3350 2315 3446 2369 καὶ
3470 2315 3538 2384 τῇ
3566 2311 3744 2384 ἐνδείᾳ
3769 2310 3875 2362 τῶν
3930 2310 4051 2362 ἐπι-

2459 2407 2710 2480 τηδείων,
2739 2407 2842 2478 ήδη
2879 2396 3414 2478 τεταλαιπωρηκόσι,
3459 2399 3704 2472 Περσικὴ
3736 2395 4051 2469 παράταξις

2462 2499 2708 2554 ἐπέθετο.
2755 2499 3052 2570 Καρτερᾶς
3098 2497 3153 2550 δὲ
3199 2496 3379 2568 μάχης
3417 2492 3731 2562 συστάσης,
3782 2489 4050 2559 ἐξαπίνης

2465 2586 2634 2663 βίαιος
2663 2587 3014 2660 ἀνακινηθεὶς
3033 2589 3254 2659 ἄνεμος,
3285 2586 3374 2639 τὸν
3401 2581 3629 2655 οὐρανὸν
3651 2581 3742 2636 καὶ
3765 2581 3857 2634 τὸν
3893 2579 4051 2651 ἥλιον

2462 2689 2572 2752 τοῖς
2624 2684 2842 2754 νέφεσιν
2897 2681 3155 2752 ἐκάλυψε.
3200 2679 3280 2753 τῷ
3328 2680 3386 2734 δὲ
3436 2679 3557 2750 ἀέρι
3615 2677 3728 2748 (42)
3772 2676 3872 2747 τὴν
3898 2674 4052 2728 κόνιν

2463 2775 2705 2848 ἀνέμιξε.
2733 2775 2964 2838 Σκότους
2991 2774 3049 2828 δὲ
3072 2774 3167 2827 καὶ
3199 2770 3397 2842 πολλῆς
3429 2769 3626 2841 ἀχλύος
3651 2766 3838 2838 οὔσης,
3863 2782 4050 2838 παρα-

2463 2866 2687 2941 δραμών
2717 2883 2802 2930 τις
2829 2865 3028 2929 ἱππεὺς
3077 2863 3233 2934 φέρει
3275 2862 3372 2915 ἐπὶ
3415 2859 3506 2913 τὸν
3544 2859 3776 2930 βασιλέα
3799 2857 3861 2912 τὸ
3892 2857 4049 2927 δόρυ,

2465 2960 2560 3015 καὶ
2588 2958 2741 3013 παίει
2764 2957 2983 3029 καιρίαν
3006 2973 3019 2986 ·
3072 2956 3168 3009 καὶ
3207 2954 3300 3008 τοῦ
3341 2954 3510 3007 ἵππου
3533 2949 3874 3013 καταϐαλὼν,
3899 2948 4052 3010 ὅστις

2463 3047 2532 3123 ἦν
2563 3051 2773 3122 ἀπῆλθε
2805 3048 3003 3104 λαθών.
3052 3047 3284 3117 Λέγουσι
3315 3046 3395 3112 δὲ,
3423 3046 3472 3098 οἱ
3511 3045 3608 3115 μέν
3632 3043 3868 3114 Πέρσην,
3905 3042 3953 3092 οἱ
3990 3039 4056 3091 δὲ

785 3155 1192 3213 perpessurum.
1277 3139 1413 3195 Cum
1489 3146 1675 3193 autem
1740 3137 2016 3194 exercitus
2082 3136 2434 3217 Romanusc
2467 3144 2542 3196 Σο.

2299 3152 2364 3192 us
2391 3159 2434 3217 ο
2467 3141 2783 3212 Σαρακηνὸν
2805 3134 2945 3193 εἶναι
2986 3137 3195 3194 τοῦτον.
3227 3136 3349 3189 Εἰσὶ
3399 3134 3455 3188 δὲ
3489 3134 3538 3187 οἳ
3582 3133 3849 3202 Ῥωμαῖον
3884 3145 4053 3201 στραο

785 3236 981 3308 partim
1037 3231 1376 3305 longitudine
1420 3230 1670 3295 itineris,
1728 3231 1926 3301 partim
1979 3230 2362 3286 alimentorum

787 3323 1014 3396 penuria
1063 3330 1374 3388 vexaretur,
1416 3321 1530 3392 jam
1588 3320 1848 3392 fatigatos
1894 3319 2074 3377 Persa
2119 3323 2364 3392 aggressi

785 3423 935 3480 sunt,
989 3412 1211 3484 aerique
1258 3418 1514 3467 conserto
1549 3412 1771 3482 proelio,
1827 3421 2022 3466 ventus
2072 3411 2364 3468 vehemens

786 3513 1008 3577 repente
1059 3511 1321 3568 exortus,
1371 3503 1572 3559 cmlum
1625 3502 1906 3574 solemque
1959 3503 2136 3574 ipsum
2177 3504 2364 3560 densis

785 3598 1023 3652 nubibus
1053 3595 1278 3662 obtexit,
1307 3605 1358 3649 et
1385 3595 1610 3665 pulvere
1633 3609 1814 3651 aerem
1842 3594 2083 3651 miscuit.
2118 3594 2365 3666 Cumque

783 3692 1023 3746 tenebrae
1051 3689 1294 3760 undique
1321 3696 1376 3744 et
1414 3688 1594 3760 caligo
1625 3686 1965 3743 circumfusa
1997 3694 2164 3754 esset,
2195 3704 2364 3760 eques

784 3782 1008 3852 quidam
1046 3782 1262 3837 concito
1311 3795 1477 3835 cursu
1511 3786 1922 3852 praetervectus,
1978 3781 2362 3852 imperatorem

784 3876 940 3931 hasta
988 3873 1267 3944 percussit
1309 3885 1372 3926 ac
1401 3871 1563 3927 letale
1593 3873 1792 3927 vulnus
1833 3872 1883 3928 ei
1927 3870 2144 3928 inﬂixit.
2190 3872 2362 3942 Quem

782 3983 910 4022 cum
950 3982 1018 4021 ex
1063 3980 1204 4035 equo
1253 3964 1562 4032 deiecisset,
1618 3965 1838 4036 ignotus
1893 3968 2148 4039 quisnam
2195 3978 2361 4034 esset,

783 4061 1080 4115 abscessit.
1111 4059 1176 4113 Et
1207 4058 1298 4112 alii
1334 4057 1554 4128 quidem
1601 4055 1852 4124 Persam,
1899 4059 1993 4114 alii
2029 4058 2362 4117 Saracenum

785 4151 955 4207 fuisse
985 4150 1195 4205 dicunt.
1244 4150 1384 4205 Sunt
1410 4149 1505 4221 qui
1571 4149 1723 4204 illum
1784 4152 2013 4207 militem
2057 4153 2365 4210 Romanum

787 4245 960 4298 fuisse
1007 4240 1308 4305 affirmem,
1339 4244 1434 4312 qui
1482 4241 1869 4312 imperatorem
1905 4243 2110 4300 idcirco
2141 4261 2366 4316 percus-

783 4335 950 4399 serit,
981 4336 1128 4405 quod
1182 4333 1411 4389 moleste
1461 4331 1834 4398 ferret,illius
1880 4336 2245 4407 imprudentia
2301 4353 2367 4394 ac

781 4427 1090 4481 temeritate
1133 4425 1432 4481 exercitum
1492 4423 1799 4481 Romanum
1865 4427 1922 4483 in
1984 4435 2065 4483 tot
2125 4429 2362 4500 pericula

2463 3232 2664 3302 τιώτην
2691 3228 2830 3286 εἶναι
2858 3229 3047 3284 τοῦτον
3107 3227 3496 3300 ἰσχυρίζονται,
3529 3225 3626 3280 καὶ
3665 3221 4054 3294 ἐπενηνοχέναι

2465 3326 2613 3398 αὐτῷ
2653 3325 2751 3396 τὴν
2800 3321 3034 3394 πληγὴν,
3091 3320 3549 3391 ἀγανακτήσαντα
3591 3315 3780 3371 καθότι
3824 3313 4055 3384 ἀϐουλία

2465 3418 2560 3471 καὶ
2615 3413 2914 3486 θρασύτητι
2977 3412 3255 3475 τοσούτοις
3289 3409 3582 3481 περιέϐαλε
3639 3408 3904 3470 κινδύνοις
3949 3409 4053 3476 τὴν

2467 3509 2747 3582 στρατιάν.
2771 3507 3025 3571 Λιϐάνιος
3057 3504 3169 3577 (45)
3199 3505 3256 3559 δὲ
3280 3506 3308 3558 6
3331 3503 3500 3575 Σύρος
3531 3502 3813 3572 σοφιστὴς,
3846 3501 3915 3554 τὰ
3948 3499 4056 3571 μά·-

2465 3601 2622 3654 λιστα
2649 3599 2886 3673 συνήθης
2916 3599 3010 3653 καὶ
3065 3597 3218 3669 φίλος
3269 3595 3419 3667 αύτῷ
3471 3593 3732 3664 γεγονὼς,
3759 3593 3887 3646 τάδε
3920 3593 4055 3663 περὶ

2463 3693 2558 3750 τοῦ
2615 3691 2924 3756 κτείναντος
2976 3691 3140 3744 αὐτὸν
3185 3689 3408 3762 γράφει.
3473 3687 3570 3749 Τίς
3601 3681 3693 3741 οὖν
3732 3687 3762 3739 6
3811 3685 4054 3748 κτείνας.

2465 3784 2624 3839 ποθεῖ
2646 3801 2730 3848 τις
2755 3783 3007 3840 ἀκοῦσαι.
3047 3779 3299 3852 Τοῠνομα
3330 3780 3427 3852 μὲν
3459 3779 3561 3832 οὐκ
3585 3773 3705 3832 οἶδα
3721 3793 3735 3807 ο
3775 3774 3870 3830 τοῦ
3896 3775 3952 3829 δὲ
3975 3778 4055 3846 μὴ

2465 3879 2726 3951 πολέμιον
2756 3875 2895 3932 εἷναι
2959 3877 3051 3930 τὸν
3098 3874 3408 3940 κτείναντα,
3444 3874 3674 3945 σημεῖον
3706 3871 3954 3942 ἐναργὲς,
3989 3869 4056 3922 τὸ

2469 3968 2674 4041 μηδένα
2717 3967 2976 4040 πολέμιον
3005 3966 3099 4020 ἐπὶ
3128 3968 3196 4037 τῇ
3231 3965 3413 4036 πληγῇ
3453 3961 3799 4034 τετιμῆσθαι.
3856 3961 4054 4015 Καίτοι

2464 4059 2554 4115 διὰ
2592 4059 2854 4132 κηρύκων
2906 4059 2936 4114 6
2983 4058 3199 4130 Πέρσης
3247 4056 3432 4112 ἐκάλει
3470 4055 3608 4128 πρὸς
3636 4054 3802 4126 γέρας
3829 4053 3920 4108 τὸν
3939 4055 4051 4108 ἀπ-

2465 4153 2741 4221 εκτονότα,
2793 4151 2890 4207 καὶ
2945 4151 3199 4224 μεγάλων
3232 4151 3447 4222 ὑπῆρχε
3485 4148 3565 4220 τῷ
3597 4148 3816 4218 φανέντι
3841 4149 4052 4218 τυχεῖνο

2465 4245 2584 4302 ἀλλ’
2627 4246 2779 4318 ὅμως
2861 4245 2971 4299 οὐδ’
3032 4244 3195 4317 ἔρωτι
3241 4243 3424 4314 γερῶν
3473 4239 3893 4313 ὴλαζονεύσατο.
3940 4238 4055 4293 Καὶ

2466 4335 2634 4409 πολλή
2655 4352 2720 4406 γε
2741 4338 2854 4401 τοῖς
2887 4335 3170 4408 πολεμίοις
3191 4336 3224 4408 ὴ
3251 4335 3434 4408 χάρις,
3468 4334 3548 4389 ὅτι
3574 4327 3652 4389 ὧν
3680 4333 3780 4388 οὐκ
3795 4331 4050 4404 ἔδρασαν,

2465 4427 2527 4483 οὐ
2559 4427 2892 4504 προσέθεντο
2915 4428 3012 4501 τὴν
3031 4428 3209 4496 δόξαν,
3243 4428 3362 4482 ἀλλ’
3395 4427 3586 4481 ἔδοσαν
3602 4427 3734 4498 ἡμῖν
3762 4425 3894 4497 παρ’
3918 4425 4054 4494 ἡμῖν

780 4520 1089 4589 conjectum
1141 4533 1287 4576 esse.
1341 4517 1514 4574 Porro
1547 4517 1813 4578 Libanius
1867 4519 2040 4594 Syrus
2096 4524 2364 4595 sophista,
2398 4523 2440 4577 ι)
2470 4522 2536 4576 αὖ

2296 4533 2364 4592 la,
2398 4523 2440 4577 ι)
2470 4522 2655 4586 αὐτοῖς
2705 4520 2797 4576 τὸν
2839 4520 3053 4590 σφαγέα
3107 4521 3312 4591 ζητεῖν.
3344 4512 3450 4583 Οἷς
3490 4519 3600 4590 γὰρ
3624 4518 3726 4572 οὐκ
3755 4515 4054 4570 ἐλυσιτέλει

781 4612 874 4680 qui
919 4625 1028 4681 prae
1072 4613 1288 4665 caeteris
1339 4608 1643 4684 familiaris,
1665 4612 2014 4682 imperatoris
2053 4616 2364 4672 etamicus

783 4705 905 4767 l'uit,
927 4706 991 4758 de
1017 4704 1180 4759 caedis
1208 4712 1433 4759 auctore
1459 4702 1535 4758 ita
1561 4704 1775 4759 scribit.
1804 4706 1881 4760 Ac
1911 4704 2147 4763 fortasse
2163 4709 2364 4776 aliquis

783 4812 947 4851 nosse
998 4797 1169 4866 cupit,
1215 4797 1466 4866 quisnam
1526 4797 1680 4850 illum
1738 4799 2037 4866 occiderit;
2086 4816 2190 4871 ego
2237 4817 2364 4857 vero

782 4901 982 4942 nomen
1011 4887 1230 4956 quidem
1261 4887 1470 4943 nescio.
1501 4887 1586 4943 Ab
1617 4887 1772 4944 hoste
1801 4900 1981 4946 tamen
2011 4889 2359 4947 interfectum

783 4995 892 5034 non
925 4979 1092 5033 fuisse
1112 4979 1478 5034 certissimum
1509 4980 1641 5035 illud
1676 4990 2056 5052 argumentum
2085 4994 2188 5050 est,
2214 4985 2362 5056 quod

785 5087 943 5125 nemo
974 5085 1036 5124 ex
1083 5070 1332 5126 hostibus
1369 5071 1440 5125 ob
1468 5071 1667 5127 vulnus
1697 5071 1827 5128 illttd
1878 5074 2082 5132 honore
2133 5075 2361 5134 aﬂ‘cctus

2466 4616 2599 4684 ζῶν,
2639 4612 2786 4674 οὗτοι
2817 4617 2873 4673 δὲ
2895 4613 3036 4690 ἦσαν
3055 4619 3105 4673 oi
3147 4617 3350 4684 ζῶντες
3399 4618 3462 4672 οὐ
3495 4615 3637 4671 κατά
3677 4615 3804 4679 τοὺς
3831 4613 4053 4686 νόμους,

2462 4713 2631 4767 πάλαι
2683 4728 2745 4765 τε
2793 4710 3172 4777 ἐπεϐούλευον,
3207 4711 3304 4764 καὶ
3347 4709 3469 4763 τότε
3503 4707 3822 4778 δυνηθέντες
3863 4707 4057 4777 εἰργά-

2465 4823 2628 4860 σαντο
2653 4819 2667 4834 ⁸
2697 4805 2795 4876 τῆς
2821 4821 2880 4858 τε
2904 4804 3073 4875 άλλης
3089 4805 3303 4866 ἀδικίας
3323 4800 3764 4871 ἀναγκαζούσης,
3778 4800 3877 4853 οὐκ
3897 4797 4057 4868 ἐχού-

2471 4915 2571 4970 σης
2600 4897 2694 4951 ἐπὶ
2709 4896 2810 4967 τῆς
2835 4895 3046 4951 ἐκείνου
3075 4894 3350 4967 βασιλείας
3374 4892 3622 4958 ἐξουσίαν
3647 4909 3663 4923 ο
3695 4892 3790 4945 καὶ
3818 4889 4055 4962 μάλιστά

2469 5007 2533 5060 γε
2563 4989 2658 5044 τοῦ
2679 4988 2945 5062 τιμᾶσθαι
2983 4990 3109 5053 τοὺς
3161 4988 3339 5053 θεοὺς,
3370 4982 3432 5042 οὗ
3474 4985 3779 5040 τούναντίον
3805 4984 4052 5055 ἐζήτουν.

1989 5251 2262 5309 VALESll
2304 5243 2870 5314 ANNOTATIONES.

855 5387 967 5455 (41)
1010 5385 1334 5441 Ἐνέόαλον
1367 5387 1591 5453 τόποις.
1641 5387 1968 5446 Addendum
2014 5399 2099 5447 est
2136 5393 2367 5448 vocabu-

785 5456 894 5512 lum
923 5457 1142 5528 ἀγρίοις
1167 5473 1232 5528 ex
1262 5455 1592 5528 Nicephoro.

855 5529 970 5602 μᾷ)
1000 5525 1186 5602 ’ΤῷᾹδὲ
1212 5525 1358 5602 ἀέρι.
1391 5525 1574 5602 Malim
1604 5529 1846 5602 scribere
1874 5529 1960 5598 Τῷ
1981 5549 2046 5587 τε
2070 5532 2222 5602 ἀέρι,
2251 5541 2360 5593 etc.

853 5597 965 5669 (45)
1001 5597 1295 5666 Λιϐάνιος.
1328 5597 1747 5676 Lo_cus__Lib_anii
1783 5618 1945 5676 quem
1994 5605 2084 5676 hic
2112 5597 2364 5676 designat

786 5669 1145 5732 Sozouteuus,
1195 5678 1377 5725 exstat
1415 5672 1578 5726 hodie
1626 5673 1680 5727 in
1722 5669 1974 5729 oratione
2029 5669 2260 5732 funebri
2293 5678 2362 5733 de

786 5741 1040 5814 laudibus
1075 5741 1331 5814 ejusdem
1358 5740 1612 5814 _,|uliani,
1645 5758 1768 5814 pag.
1803 5744 1928 5812 525,
1962 5748 2095 5800 touti
2129 5749 2356 5802 secundi

783 5813 1020 5882 Uperum
1072 5810 1308 5867 Libauii.
1357 5811 1545 5874 Exstat
1592 5810 1758 5885 penes
1811 5810 2122 5874 mealtera
2181 5821 2358 5876 oratio

2470 5394 2719 5467 ejusdem
2751 5394 2964 5451 Libanii
2992 5395 3058 5467 ad
3081 5394 3454 5452 Theodosium
3485 5394 3896 5467 imperatorem,
3931 5411 4056 5467 qua:

2471 5459 2798 5538 inscribitur
2835 5468 2966 5538 περὶ
2998 5466 3098 5538 τῇ
3143 5468 3413 5538 τιμωρίας
3467 5459 3776 5538 Ἰουλιανοῦ.
3820 5459 3891 5538 _|tt
3943 5459 4052 5538 qua

2470 5535 2734 5592 Libanius
2767 5535 3020 5594 hortatur
3045 5535 3444 5604 Theodosium,
3479 5547 3537 5591 ut
3565 5535 3771 5592 Juliaui
3817 5535 4053 5606 impera-

2471 5608 2608 5662 toris
2635 5607 2837 5664 czedem
2861 5609 3193 5664 ulciscatur:
3224 5618 3278 5664 et
3303 5615 3536 5664 cunctas
3566 5609 3906 5663 calamitates
3929 5624 4054 5677 qua:

2466 5687 2589 5747 post
2631 5679 2778 5734 illius
2814 5680 3023 5733 obitum
3065 5677 3331 5736 Romanis
3365 5679 3708 5745 acciderunt,
3750 5696 3856 5735 non
3883 5679 4049 5732 aliam

2465 5751 2537 5803 ob
2581 5764 2803 5804 causam
2858 5751 3128 5806 accidisse
3173 5751 3329 5813 dicit,
3367 5765 3532 5820 quam
3565 5761 3848 5822 propterea
3899 5749 4048 5821 quod

2465 5835 2584 5875 eam
2617 5826 2817 5876 caedem
2855 5822 3086 5878 inultam
3118 5821 3490 5894 reliquissent.
