4452 6598
458 465 590 519 .293
1406 451 1737 515 lllSTORIA
1784 454 2206 517 ELCI.ESI.\ST

1966 458 2345 521 ESIASTICA.
2391 498 2458 506 —-
2500 466 2628 522 LIB.
2670 466 2753 522 Vl.
3594 475 3724 528 list

452 588 555 633 est.
612 575 874 643 Quamvis
910 592 1000 633 rex
1054 576 1343 632 Persarum
1403 587 1683 631 auctorem
1735 579 1899 633 cadis
1945 593 2041 649 per
2082 594 2389 649 prmconem
2417 582 2481 635 ad
2523 584 2804 651 prmminm
2833 585 3129 649 vocaverit,
3158 594 3211 640 et
3272 586 3509 641 maxima
3577 602 3719 656 qure~

449 686 557 742 que
600 670 833 739 adipisci
879 670 1094 725 licuerit
1132 671 1179 725 ei
1211 671 1303 740 qui
1371 672 1425 725 in
1477 668 1715 724 medium
1790 672 2105 741 prodiisset.
2148 672 2349 729 Verum
2398 690 2597 738 nemo,
2645 691 2714 729 ne
2762 678 3110 746 praemiorum
3159 678 3377 747 quidem
3430 680 3731 749 cupiditate

451 768 673 829 ductus,
712 779 778 818 eo
818 763 1061 820 facinore
1116 764 1256 821 falso
1304 765 1570 837 gloriatus
1620 774 1722 820 est.
1778 768 1854 821 Ac
1904 766 2149 837 profecto
2182 768 2429 823 habenda
2451 777 2537 823 est
2562 769 2818 825 hostibus
2852 771 3061 842 gratia,
3128 774 3223 841 qui
3292 771 3505 830 facinus
3578 780 3726 844 quod

451 857 555 926 ipsi
589 869 697 909 non
720 853 1089 917 admiserant,
1149 863 1493 925 nequaquam
1555 855 1658 910 sibi
1708 865 2033 926 arrogat-unt
2068 875 2086 911 .'
2126 859 2221 913 sed
2266 859 2425 913 nobis
2465 870 2890 927 concesserunt,
2942 872 2998 915 ut
3045 864 3209 921 caedis
3262 872 3543 921 auctorem
3586 867 3729 923 inter

450 956 673 1004 nostros
701 961 1092 1017 quaereremus.
1127 946 1228 1013 Qui
1263 948 1409 1002 enim
1436 964 1501 1003 ex
1531 949 1652 1017 ejus
1682 950 1793 1001 vita
1831 951 2036 1003 nullam
2078 950 2453 1020 pereipiebaut
2478 954 2767 1008 utilitatem
2794 997 2807 1017 ,
2876 955 2927 1007 hi
2965 956 3175 1011 scilicet
3238 959 3330 1027 qui
3377 974 3725 1028 nequaquam

447 1045 604 1111 juxta
637 1045 813 1114 legum
851 1043 1168 1112 praescripta
1223 1042 1498 1107 vivebant,
1562 1052 1618 1098 et
1664 1045 1795 1098 olim
1868 1044 2097 1099 insidias
2137 1046 2186 1099 ei
2233 1053 2566 1109 struxerant,
2609 1059 2663 1101 et
2699 1057 2829 1103 tunc
2858 1052 3323 1118 opportunitatem
3378 1052 3544 1116 nacti,
3596 1065 3722 1106 eum

453 1145 801 1206 peremerunt
836 1157 847 1191 :
882 1145 998 1191 tum
1033 1139 1242 1208 reliqua
1282 1137 1431 1193 omni
1477 1137 1740 1206 injustilia
1779 1140 1928 1206 ipsos
1960 1138 2028 1192 ad
2065 1139 2118 1193 id
2156 1139 2369 1194 facinus
2395 1141 2729 1210 impellente,
2760 1157 2881 1211 quae
2921 1143 3015 1197 illo
3047 1144 3211 1214 219
3277 1154 3540 1214 regnante
3604 1146 3735 1199 nul-

452 1232 556 1282 lam
612 1228 888 1283 licentiam
956 1228 1274 1283 obtinebat:
1316 1237 1427 1280 tum
1478 1228 1749 1298 pra-cipue
1804 1228 2031 1282 deorum
2073 1229 2222 1283 cultu
2257 1230 2343 1282 cui
2378 1230 2478 1299 ipsi
2509 1232 2963 1285 adversabantur.

1045 1345 1297 1400 ΚΕΦΑΛ.
1346 1345 1418 1398 Β’.
2060 1350 2109 1405 Α
2788 1349 2803 1401 (

1346 1345 1418 1398 B'.
2060 1350 2109 1405 Α
2788 1347 2944 1403 CAP.
2991 1349 3056 1402 Π.

450 1460 579 1513 ’Ὅτι
604 1458 757 1512 κατὰ
787 1459 1112 1529 θεομηνίαν
1135 1458 1400 1527 ἀνῃρέθη
1418 1479 1430 1489 ’
1461 1460 1558 1513 καὶ
1586 1460 1719 1527 περὶ
1755 1460 1871 1513 τῶν
1901 1459 2030 1527 ὁρά-

515 1547 711 1590 σεων,
772 1529 845 1595 ἃς
895 1530 1111 1597 ἄνδρες
1164 1530 1327 1595 τινὲς
1386 1532 1517 1599 περὶ
1577 1530 1683 1598 τῆς
1742 1530 2030 1597 τελευτῆς

516 1599 705 1654 αὑτοῦ
752 1600 1108 1664 ἐθεάσαντο,
1160 1601 1257 1652 καὶ
1307 1602 1441 1667 περὶ
1492 1599 1602 1669 τῆς
1650 1602 2029 1669 ἀποκρίσεως

516 1671 623 1724 τοῦ
658 1670 792 1724 υἱοῦ
822 1671 929 1723 τοῦ
963 1670 1245 1735 τέκτονος
1271 1686 1284 1699 ·
1324 1671 1421 1723 καὶ
1465 1667 1559 1724 ὅτι
1593 1671 1658 1723 τὸ
1690 1667 1833 1738 αἷμα
1885 1672 2029 1725 Ἰου-

516 1741 728 1805 λιανὸς
772 1740 851 1803 τῷ
890 1740 1120 1808 Ἀριστῷ
1171 1741 1510 1809 ἀνέπεμπε·
1564 1743 1662 1793 καὶ
1715 1741 1832 1794 ὅσα
1877 1743 2027 1795 κακὰ

513 1812 776 1880 δημοσίᾳ
814 1809 889 1878 τῇ
938 1811 1237 1877 Ῥωμαίων
1276 1812 1591 1880 ἐπεγένετο
1642 1810 1715 1863 δι’
1745 1815 1953 1865 αὐτόν.

515 1928 623 1981 Καὶ
663 1928 691 1979 ὁ
731 1927 829 1995 μὲν
861 1924 1117 1989 Λιόἀνιος
1151 1918 1252 1978 ὧδέ
1288 1944 1363 1993 πη
1398 1926 1651 1994 γράφων,
1694 1928 2025 1996 Χριστιανὸν

446 2021 666 2075 ἔσεσθαι
714 2019 969 2091 ὑποδηλοί
1025 2018 1314 2071 Ἰουλιανοῦ
1367 2019 1456 2072 τὸν
1491 2020 1732 2086 σφαγέα·
1793 2020 1923 2082 ἴσως
1969 2019 2025 2073 δὲ

443 2116 537 2167 καὶ
567 2114 784 2183 ἀληθές.
826 2115 901 2167 Οὐ
936 2113 1046 2183 γὰρ
1093 2112 1341 2175 ἀπεικὸς,
1380 2112 1500 2165 τινὰ
1534 2112 1642 2163 τῶν
1694 2112 1815 2164 τότε
1859 2129 2023 2183 στρα-

439 2207 750 2275 τευομένων
784 2207 863 2268 εἰς
892 2205 1015 2257 νοῦν
1045 2204 1248 2267 λαϐεῖν,
1290 2204 1364 2265 ὡς
1404 2204 1663 2272 ’Έλληνες
1701 2206 1794 2257 καὶ
1825 2204 2024 2265 πάντες

442 2300 757 2369 ἄνθρωποι,
797 2298 959 2368 μέχρι
1013 2297 1107 2350 νῦν
1154 2298 1280 2360 τοὺς
1340 2297 1507 2350 πάλαι
1566 2296 2023 2366 τυραννοκτόνους

442 2390 780 2455 ἐπαινοῦσιν,
810 2392 884 2454 ὡς
918 2391 1059 2459 ὑπὲρ
1100 2391 1201 2461 τῆς
1230 2390 1449 2442 πάντων
1476 2389 1788 2459 ἐλευθερίας
1827 2388 2022 2457 ἑλομέ-

441 2502 563 2547 νους
591 2484 902 2545 ἀποθανεῖν,
935 2484 1027 2536 καὶ
1048 2482 1319 2545 πολίταις,
1349 2482 1381 2552 ἦ
1409 2482 1753 2551 συγγενέσιν,
1787 2480 1819 2551 ἢ
1847 2480 2021 2549 φίλοις

440 2577 737 2647 προθύμως
767 2579 1170 2646 ἐπαμύνοντας.
1222 2578 1392 2646 Σχολῇ
1434 2593 1496 2644 γε
1531 2575 1596 2628 ἄν
1635 2593 1718 2638 τις
1749 2575 1842 2628 καὶ
1871 2574 2020 2644 αὐτῷ

443 2668 754 2739 μέμψαιτοὶ
786 2709 801 2732 ,
858 2666 947 2721 διὰ
990 2667 1123 2720 Θεὸν
1167 2668 1260 2721 καὶ
1314 2666 1608 2738 θρησκείαν
1648 2666 1715 2737 ἢν
1757 2666 2020 2736 ἐπῄνεσεν

438 2760 669 2832 ἀνδρείῳ
715 2759 1012 2830 γενομένῳ.
1072 2758 1214 2827 Ἐγὼ
1254 2758 1346 2820 δὲ,
1396 2759 1545 2822 ὅστις
1586 2760 1683 2829 μὲν
1724 2761 1788 2828 τῇ
1831 2760 2013 2828 σφαγῇ

436 2852 611 2923 ταύτῃ
664 2850 1059 2921 διηκονήσατο,
1121 2848 1262 2919 πλὴν
1324 2848 1433 2901 τῶν
1492 2848 1798 2918 εἰρημένων
1861 2847 2017 2899 οὐδὲν

437 2943 674 3016 ἀκριϐῶ.
720 2944 810 3005 Ὠς
839 2943 897 2995 δὲ
936 2940 1359 3011 συμφωνοῦντες
1408 2942 1458 2993 οἱ
1503 2940 1760 3007 λέγοντες
1804 2940 2015 3009 ἰσχυρί-

435 3039 640 3102 ζονται,
663 3034 900 3105 ἀψευδὴς
923 3033 1080 3101 λόγος
1106 3034 1184 3095 εἰς
1203 3034 1349 3103 ἡμᾶς
1373 3028 1527 3101 ἦλθε,
1556 3030 1699 3084 κατὰ
1722 3030 2014 3101 θεομηνίαν

436 3129 601 3183 αὐτὸν
626 3126 1011 3197 ἀναιρεθῆναι.
1043 3127 1149 3178 Καὶ
1167 3128 1357 3177 τούτου
1383 3122 1675 3187 ἀπόδειξις,
1710 3122 1828 3176 Θεία
1867 3123 2011 3193 ὄψις,

438 3220 506 3287 ἣν
571 3221 693 3274 τινὰ
746 3219 856 3271 τῶν
916 3219 1237 3289 ἐπιτηδείων
1299 3197 1455 3285 ἀὐτῷ
1512 3217 1641 3268 ἱδεῖν
1709 3215 2009 3287 ἐπυθόμην.

437 3313 670 3381 Λέγεται
714 3312 823 3382 γὰρ
847 3349 863 3375 ,
910 3310 1099 3379 ἐπειδὴ
1133 3309 1271 3381 πρὸς
1301 3307 1463 3361 αὐτὸν
1509 3309 1567 3361 ἐν
1614 3308 1851 3379 Πέρσαις
1885 3308 2015 3363 ὄντα

434 3405 695 3475 ἠπείγετο
715 3442 730 3467 ,
780 3403 838 3456 ἐν
876 3420 981 3456 τινι
1015 3401 1201 3473 χωρίῳ
1252 3400 1555 3453 καταλῦσαι
1587 3401 1687 3469 τῆς
1713 3400 2011 3471 λεωφόρου,

435 3499 529 3550 καὶ
549 3495 757 3568 ἀπορίᾳ
780 3496 1078 3565 οἰκήματος
1117 3495 1175 3545 ὲν
1218 3495 1284 3563 τῇ
1316 3492 1503 3546 ἐνθάδε
1527 3491 1792 3562 ἐκκλησίᾳ
1816 3490 2003 3543 καθευο

432 3588 597 3659 δῆσαι
622 3604 635 3617 '
668 3588 763 3641 καὶ
802 3587 947 3658 ὕπαρ
979 3588 1169 3657 ἢὸναρ
1202 3588 1351 3651 ἰδεῖν,
1379 3587 1455 3650 ὡς
1482 3588 1561 3649 εἰς
1588 3585 1786 3639 ταύτὸν
1826 3584 2011 3637 συνελ-

434 3682 620 3745 θόντες
662 3682 849 3735 πολλοὶ
888 3681 996 3734 τῶν
1027 3681 1340 3735 ἀποστόλων
1394 3683 1487 3733 καὶ
1532 3679 1642 3733 τῶν
1694 3678 2010 3748 προφητῶν,

435 3772 787 3843 ἀπωδύροντο
820 3772 917 3843 τὴν
946 3772 1024 3834 εἰς
1051 3771 1150 3834 τὰς
1191 3769 1518 3838 Ἐκκλησίας
1558 3766 1651 3820 τοῦ
1684 3765 2015 3837 κρατοῦντος

432 3864 629 3935 ὓϐριν,
676 3865 769 3917 καὶ
802 3864 830 3917 ὃ
867 3880 921 3915 τι
957 3862 1064 3933 χρὴ
1098 3864 1272 3914 ποιεῖν
1312 3860 1675 3913 ἐϐουλεύοντο.
1722 3858 1844 3911 Ἐπὶ
1879 3856 2013 3911 πολὺ

430 3958 488 4012 δὲ
516 3956 643 4027 περὶ
670 3956 862 4009 τούτου
894 3954 1349 4023 διαλογιζομένων
1382 3954 1475 4005 καὶ
1514 3951 1703 4020 ὥσπερ
1729 3950 2014 4021 διαπορου-

436 4052 651 4122 μένων.
703 4050 1036 4111 ἀναστάντες
1088 4049 1153 4099 ὲκ
1209 4046 1391 4116 μέσων
1437 4044 1566 4110 δύο,
1622 4043 1849 4115 θαρρεῖν
1899 4046 2014 4107 τοῖς
2043 4061 2088 4123 C

431 4143 611 4205 ἄλλοις
654 4141 1150 4212 παρεκελεύσαντο·
1196 4138 1291 4190 καὶ
1320 4137 1395 4199 ὡς
1427 4135 1518 4189 ἐπὶ
1560 4135 1879 4207 καθαιρέσει
1910 4134 2010 4204 τῆς

444 4236 731 4290 Ἰουλιανού
777 4234 953 4306 ἀρχῆς
1000 4234 1309 4304 ὁρμῶντες,
1363 4230 1564 4303 σπουδῇ
1605 4232 1695 4283 τὸν
1752 4230 2011 4297 σύλλογον

435 4330 723 4383 κατέλιπον
742 4372 754 4383 .
774 4328 832 4380 '0
860 4328 914 4380 δὲ
941 4328 1037 4381 ἄνθ
1046 4342 1227 4397 ρωπος
1255 4326 1314 4389 ὃς
1338 4324 1445 4379 τῶν
1469 4325 1784 4396 παραδόξων
1802 4324 2009 4377 τούτων

430 4422 673 4491 ἐγεγόνει
696 4420 915 4490 θεατὴς,
939 4420 1038 4489 τῆς
1058 4419 1156 4490 μὲν
1176 4419 1486 4490 ὁδοιπορίας
1502 4417 1772 4489 ὠλιγώρει
1790 4417 1972 4471 λοιπόν
1992 4434 2004 4446 ·

431 4513 683 4587 ὀρρωδῶν
709 4514 767 4567 δὲ
804 4513 884 4583 πῆ
912 4514 1019 4584 ἄρα
1066 4513 1360 4584 ἐκϐήσεται
1398 4511 1459 4563 τὸ
1503 4511 1658 4573 τέλος
1696 4511 1796 4579 τῆς
1829 4509 2008 4562 τοιαύ-

430 4625 527 4677 της
553 4607 751 4676 όψεως,
788 4606 951 4660 πάλιν
990 4606 1179 4659 ἐνθάδε
1223 4604 1523 4666 καθεύδων,
1553 4604 1645 4655 τὸν
1684 4603 1845 4655 αὑτὸν
1881 4602 2007 4654 ἰδεῖν

433 4700 719 4769 σύλλογον,
763 4701 1024 4770 ἐξαπίνης
1062 4717 1121 4752 τε
1168 4699 1242 4760 ὡς
1280 4700 1389 4752 ἀπὸ
1430 4697 1548 4751 ἰδοῦ
1594 4695 2006 4766 εἰσεληλυθότας

427 4792 477 4844 οἳ
526 4795 589 4862 τῇ
650 4792 949 4863 προτεραίᾳ
1011 4791 1167 4843 νυκτὶ
1215 4789 1655 4860 ἐπεστράτευσαν
1712 4786 2004 4856 Ἰουλιανῷ,

430 4879 521 4931 καὶ
553 4879 869 4947 ἀναγγεῖλαι
902 4882 1014 4941 τοῖς
1044 4878 1244 4942 ἄλλοις,
1276 4877 1579 4950 ἀνῃρῆσθαι
1614 4877 1821 4930 τοῦτον.
1868 4878 2005 4929 Κατ’

428 4970 642 5039 ἐκείνην
674 4970 730 5023 δὲ
760 4972 857 5039 τὴν
884 4971 1094 5041 ἡμέραν
1122 4970 1216 5022 καὶ
1243 4970 1473 5039 Δίδυμος
1498 4972 1525 5022 ὁ
1546 4968 2005 5039 ἐκκλησιαστικὸς

429 5061 717 5130 φιλόσοφος
748 5064 805 5113 ἐν
847 5062 1227 5132 Ἀλεξανδρεία
1284 5062 1598 5129 διατρίϐων,
1647 5057 1738 5115 οἷὰ
1794 5079 1855 5129 γε
1908 5062 2003 5114 τοῦ

431 5153 694 5223 βασιλέως
720 5156 797 5216 εἰς
817 5154 914 5223 τὴν
939 5154 1232 5224 θρησκείαν
1262 5154 1666 5223 διασφαλέντος,
1707 5154 2003 5224 περίλυπος

426 5245 523 5311 ὢν,
554 5245 640 5299 διά
668 5264 726 5299 τε
748 5246 907 5299 αὑτὸν
931 5247 1006 5312 ὡς
1035 5248 1469 5318 πεπλανημένον,
1497 5248 1589 5300 καὶ
1610 5248 1696 5300 διὰ
1720 5250 1817 5318 τὴν
1843 5266 2006 5301 κατα-

430 5340 690 5410 φρόνησιν
755 5340 861 5392 τῶν
924 5340 1298 5410 Ἐκκλησιῶν,
1348 5339 1601 5411 ἐνήστευέ
1645 5357 1704 5392 τε
1769 5342 1859 5394 καὶ
1912 5341 2003 5394 τὸν

2144 1457 2297 1523 Quod
2325 1455 2582 1512 Julianus
2612 1460 2790 1512 divina
2814 1461 3014 1515 ultione
3046 1473 3341 1530 peremptus
3376 1472 3488 1528 est;
3514 1463 3721 1530 etquod

2210 1545 2351 1582 mors
2384 1530 2498 1591 eius
2533 1530 2847 1597 quibusdam
2883 1532 3136 1584 divinitus
3173 1533 3401 1585 revelata
3435 1545 3533 1587 est.
3583 1530 3720 1587 Item

2206 1600 2270 1651 de
2309 1614 2558 1666 responso
2594 1599 2712 1663 illo,
2745 1601 2917 1667 ﬁlium
2945 1600 3085 1667 fabri
3121 1618 3302 1654 arcam
3326 1604 3374 1655 ei
3403 1603 3670 1671 fabricare
3699 1621 3719 1658 :

2201 1679 2250 1721 et
2287 1672 2891 1741 quomodo_sanguinem
2920 1687 3077 1723 suum
3119 1673 3334 1725 Christo
3364 1675 3587 1741 projecit
3614 1690 3633 1729 :
3668 1686 3721 1729 et

2201 1753 2325 1808 quot
2367 1739 2514 1792 mala
2552 1739 2809 1794 Romanis
2832 1744 3095 1795 evenerint
3128 1743 3276 1796 illius
3307 1739 3489 1797 causa.

2199 1916 2265 1971 Et
2299 1916 2565 1973 Libanius
2604 1919 2827 1988 quidem
2862 1922 2936 1974 ita
2982 1924 3235 1979 scribens
3281 1923 3489 1980 Juliaui
3545 1928 3719 1982 inter-

2131 2009 2388 2065 fectorem
2413 2010 2793 2065 Christianum
2828 2013 3001 2069 fuisse
3034 2015 3253 2082 innuit;
3284 2033 3483 2087 resque
3516 2019 3716 2075 fortas-

2128 2103 2205 2156 sis
2259 2102 2334 2156 ita
2375 2117 2437 2157 se
2486 2102 2672 2159 habet.
2725 2102 2913 2175 Neque
2956 2108 3106 2161 enim
3159 2125 3189 2163 a
3239 2125 3372 2164 vero
3424 2111 3713 2177 abhorret,

2126 2194 2440 2264 quempiam
2485 2210 2676 2251 eorum
2708 2199 2802 2267 qui
2866 2205 2999 2253 tunc
3050 2201 3321 2270 temporis
3365 2202 3419 2255 in
3466 2204 3713 2257 exercitu

2125 2284 2377 2341 Romano
2409 2289 2744 2353 militabant,
2784 2290 2839 2343 in
2886 2292 3071 2346 animo
3100 2301 3406 2361 reputasse,
3446 2303 3715 2365 tyranno-

2127 2395 2246 2434 rum
2290 2382 2674 2436 interfectores
2716 2392 2827 2436 tum
2865 2398 2892 2435 a
2929 2385 3213 2440 veteribus
3248 2385 3480 2452 Graecis,
3526 2396 3642 2442 tum
3682 2406 3710 2442 a

2126 2470 2354 2539 reliquis
2390 2473 2718 2528 mortalibus
2743 2472 2809 2525 ad
2835 2484 3081 2528 nostram
3114 2492 3291 2546 usque
3324 2485 3540 2531 autem
3572 2493 3714 2533 sum-

2124 2567 2230 2619 mis
2266 2565 2533 2621 laudibus
2568 2565 2771 2632 elIerri,
2814 2577 2873 2622 ut
2910 2570 3001 2640 qui
3030 2585 3129 2641 pro
3156 2574 3434 2627 communi
3462 2576 3710 2629 omnium

2125 2656 2401 2719 libertate,
2439 2667 2673 2725 mortem
2706 2670 2974 2731 oppetere
3016 2679 3126 2718 non
3165 2663 3495 2731 dubitarint,
3537 2677 3591 2722 et
3631 2670 3712 2723 ei-

2126 2748 2284 2803 vibus
2302 2750 2420 2804 suis
2450 2758 2503 2803 et
2535 2754 2863 2822 pr0pinquis
2894 2764 3058 2825 atque
3094 2756 3291 2811 amicis
3328 2758 3497 2813 alacri
3526 2758 3713 2815 animo

2125 2840 2373 2909 Opitulati
2405 2840 2537 2895 sint.
2577 2840 2749 2897 Nemo
2787 2852 2943 2899 certe
2985 2860 3114 2899 eum
3150 2844 3312 2900 facile
3338 2848 3713 2917 reprehende-

2124 2932 2219 2996 rit,
2258 2934 2351 3002 qui
2383 2942 2612 3003 propter
2645 2934 2837 3000 Deum,
2876 2947 2930 2991 et
2970 2947 3196 3007 prepter
3217 2953 3338 2994 eam
3367 2955 3535 3010 quam
3569 2942 3712 2998 cole-

2123 3022 2216 3077 bat
2250 3026 2591 3096 religionem,
2627 3036 2916 3083 strenumn
2961 3030 3178 3087 facinus
3205 3032 3397 3087 edidit.
3431 3032 3545 3103 Ego
3577 3050 3709 3090 vero

2122 3115 2191 3169 de
2243 3116 2337 3169 illo
2390 3119 2482 3187 qui
2545 3119 2687 3173 hanc
2710 3120 2913 3175 caedem
2972 3124 3329 3192 perpetravit,
3388 3134 3591 3194 praeter
3641 3142 3706 3182 ea

2122 3221 2244 3275 quae
2272 3206 2382 3273 jam
2421 3209 2558 3273 dixi,
2595 3210 2733 3264 nihil
2758 3214 2998 3282 amplius
3026 3216 3163 3269 scio.
3196 3213 3398 3270 Verum
3430 3225 3488 3271 ut
3513 3233 3707 3274 omnes

2123 3313 2232 3352 uno
2262 3313 2536 3355 consensu
2569 3301 2861 3365 allirmant,
2900 3319 3024 3358 vera
3054 3306 3123 3359 ad
3156 3322 3259 3363 nos
3292 3308 3541 3376 pervenit
3572 3324 3705 3362 nar-

2123 3392 2288 3455 ratio,
2314 3406 2441 3446 eum
2473 3392 2659 3447 divina
2685 3394 2893 3450 ultione
2925 3406 3267 3468 peremptum
3295 3401 3466 3459 fuisse
3493 3420 3508 3470 ;
3539 3406 3703 3475 cujus

2123 3482 2200 3537 rei
2225 3491 2610 3552 argumentum
2644 3494 2728 3541 est
2753 3488 2995 3544 C(elestis
3027 3490 3187 3557 visio,
3216 3507 3380 3560 quam
3408 3510 3437 3546 a
3460 3496 3698 3565 quodam

2122 3588 2188 3627 ex
2221 3574 2342 3642 ejus
2377 3574 2744 3631 familiaribus
2775 3578 2951 3633 visam
2983 3595 3107 3637 esse
3143 3585 3352 3653 accepi.
3402 3584 3532 3640 Nam
3569 3602 3695 3643 cum

2124 3665 2171 3720 is
2209 3666 2277 3730 ad
2316 3668 2467 3721 illum
2512 3677 2643 3723 tunc
2683 3671 2737 3725 in
2772 3669 2997 3727 Perside
3031 3683 3281 3743 agentem
3314 3679 3694 3748 contenderet,

2122 3757 2178 3810 in
2207 3757 2329 3811 loco
2361 3758 2599 3827 quodam
2629 3759 2728 3815 viae
2763 3763 2998 3831 publica:
3039 3763 3351 3822 diversatus
3400 3785 3525 3825 esse
3560 3770 3697 3827 dici-

2123 3844 2233 3914 tur’,
2265 3858 2321 3904 et
2346 3852 2574 3920 penuria
2624 3854 2753 3908 tecti
2796 3854 2851 3908 in
2882 3857 3117 3911 ecclesia
3155 3858 3271 3913 illic
3301 3862 3480 3930 posita
3526 3864 3697 3919 decu-

2124 3943 2331 4007 buisse,
2378 3958 2443 3997 ae
2482 3946 2597 4000 sive
2633 3946 2777 4002 inter
2818 3947 3180 4018 vigilandum,
3217 3952 3334 4007 sive
3380 3954 3436 4009 in
3485 3958 3695 4013 somnis

2121 4035 2321 4090 vidisse
2347 4036 2533 4104 plures
2563 4040 2845 4108 apostolos
2877 4056 2940 4094 ac
2959 4044 3276 4112 prophetas,
3309 4049 3405 4117 qui
3437 4048 3493 4102 in
3524 4065 3693 4105 unum

2119 4127 2532 4194 convenientes,
2569 4129 2637 4185 de
2670 4132 2942 4201 principis
2984 4135 3039 4187 in
3067 4136 3329 4194 ecclesias
3358 4143 3693 4198 contumelia

2119 4228 2507 4285 quererentur,
2547 4230 2601 4274 et
2634 4223 2900 4290 quidnam
2932 4226 3201 4295 agendum
3232 4239 3379 4287 esset
3423 4233 3693 4291 delibera-

2119 4320 2258 4367 rent.
2294 4311 2541 4382 Cumque
2574 4314 2675 4369 hae
2715 4316 2784 4370 de
2820 4333 2877 4372 re
2921 4318 3132 4376 diutius
3163 4326 3588 4391 consultassent,
3629 4344 3695 4387 ac

2117 4403 2285 4457 veluti
2322 4404 2592 4473 ancipites
2624 4404 2916 4473 haererent,
2961 4410 3072 4464 duo
3110 4427 3140 4466 e
3176 4413 3355 4469 medio
3383 4427 3692 4488 surgentes,

2117 4497 2358 4567 reliquos
2390 4498 2533 4552 bono
2564 4500 2751 4555 animo
2781 4517 2903 4557 esse
2951 4504 3242 4573 jusserunt
3274 4528 3288 4563 :
3340 4520 3394 4565 et
3432 4520 3693 4584 tanquam

2116 4590 2183 4645 ad
2220 4590 2513 4645 delendum
2546 4591 2750 4648 Juliani
2806 4596 3093 4665 imperium
3129 4599 3475 4669 festinantes,
3508 4608 3695 4661 statim

2114 4699 2143 4737 e
2174 4685 2413 4738 concilio
2450 4686 2688 4754 digressi
2729 4696 2879 4744 sunt.
2910 4690 2978 4742 At
3018 4692 3108 4746 ille
3140 4694 3231 4762 qui
3265 4711 3353 4751 res
3378 4703 3487 4750 tam
3519 4698 3695 4753 admi-

2114 4777 2316 4832 rabiles
2349 4777 2583 4843 viderat,
2608 4786 2847 4848 emplum
2876 4782 3095 4851 quidem
3138 4786 3243 4840 iter
3277 4788 3537 4859 deinceps
3564 4806 3692 4860 pro-

2114 4871 2266 4941 sequi
2298 4873 2537 4941 neglexit
2571 4891 2583 4925 :
2616 4871 2919 4929 formidans
2946 4884 3127 4931 autem
3156 4895 3450 4948 quemnam
3484 4884 3691 4938 exitum

2114 4966 2372 5019 habitura
2426 4977 2575 5021 esset
2626 4968 2741 5022 haec
2772 4969 2933 5032 visio,
2992 4986 3115 5025 cum
3162 4974 3353 5028 eodem
3397 4992 3590 5032 rursus
3637 4980 3693 5033 in

2114 5061 2235 5114 loco
2265 5075 2516 5114 somnum
2543 5062 2799 5130 cepisset,
2831 5063 3080 5117 eumdem
3110 5082 3269 5133 quem
3305 5069 3457 5137 prius
3489 5081 3690 5124 coetum

2112 5153 2312 5207 vidisse
2344 5153 2576 5219 dicitur,
2618 5170 2680 5207 ac
2714 5163 2939 5224 repente
2965 5157 3101 5211 duos
3126 5159 3251 5214 illos
3281 5161 3371 5229 qui
3405 5164 3692 5231 superiore

2112 5254 2272 5300 nocte
2303 5246 2569 5302 adversus
2614 5246 2892 5303 Julianum
2934 5249 3165 5317 profecti
3212 5261 3393 5318 erant,
3442 5256 3589 5309 velut
3620 5256 3690 5311 ab

2110 5338 2463 5406 expeditione
2495 5340 2812 5401 redeuntes,
2838 5342 2892 5395 in
2911 5344 3208 5398 concilium
3235 5346 3515 5415 ingressos
3541 5362 3686 5414 esse,

426 5432 558 5485 Θεὸν
590 5435 716 5504 περὶ
758 5434 945 5487 τούτου
1000 5434 1259 5487 ἱκέτευεν.
1305 5433 1444 5486 Ὑπὸ
1481 5433 1537 5484 δὲ
1574 5434 1673 5503 τῆς
1710 5434 2003 5504 μερίμνης,
2036 5428 2087 5488 D
2111 5433 2184 5501 ejt

1926 5452 2003 5504 ης,
2036 5428 2340 5502 Dejusque
2370 5448 2561 5487 necem
2610 5432 2837 5503 reliquis
2881 5434 3184 5491 nuntiasse.
3228 5435 3430 5493 Eodem
3468 5440 3556 5495 die
3598 5442 3684 5494 lii-

1605 5612 1964 5671 VARIORUM
2011 5610 2566 5667 ANNOTATIONES.
2623 5589 2626 5593 ’

503 5730 518 5781 i
556 5728 761 5799 Σχολῇ
786 5747 849 5798 γε
886 5731 964 5783 ἄν
993 5748 1085 5797 τις
1123 5732 1221 5785 καὶ
1260 5730 1420 5795 αὐτῷ
1456 5731 1776 5800 μέμψαιτο.
1810 5732 1874 5783 At
1901 5746 1992 5784 sa-

426 5817 535 5856 cra:
567 5805 759 5857 litterae
802 5802 910 5855 tale
941 5804 1156 5857 facinus
1206 5818 1315 5856 non
1349 5805 1509 5857 modo
1561 5802 1991 5871 reprehendunt,

427 5875 521 5926 St'd
553 5872 875 5940 gravissime
905 5871 1249 5927 detestantur
1282 5889 1524 5942 orcoque
1548 5870 1839 5928 devovent.
1884 5870 1995 5924 Nec

430 5943 587 5998 facile
618 5944 898 5997 crederem
958 5945 1038 5998 vel
1073 5956 1279 5999 veteres
1314 5943 1534 6000 Graecos
1586 5945 1748 5998 talem
1798 5960 1997 6015 τυρανο

2101 5728 2618 5802 vopctévovnnquam
2657 5730 2946 5799 probasse,
2987 5732 3078 5799 qui
3111 5730 3309 5784 ducem
3340 5748 3523 5795 suum,
3566 5744 3689 5802 post

2102 5799 2261 5873 ﬁdem
2299 5800 2521 5873 militari
2554 5811 2907 5873 sacramento
2932 5802 2983 5855 ei
3019 5802 3369 5863 obstrictum,
3407 5805 3477 5857 ob
3501 5799 3689 5873 qu'etn-r

2103 5871 2186 5921 vis
2236 5870 2517 5939 religionis
2554 5872 2638 5926 vel
2677 5872 2949 5927 libertatis
2981 5883 3329 5943 praetextum,
3382 5870 3689 5931 interﬁcere

2104 5956 2272 5995 ausus
2305 5951 2472 5996 esset.
