4452 6598
815 450 956 510 ηπ

2257 446 2606 506 SOZOMENI

3910 449 4055 508 119.

811 571 1011 642 dymus
1036 579 1255 638 quoque
1297 566 1707 622 ecclesiasticus
1750 565 2107 636 philosophus
2139 565 2376 619 Alexan-
2403 567 2452 624 Α
2474 561 2568 617 οὐδ

2285 579 2376 618 an-
2403 567 2452 624 Λ
2474 561 2595 617 οὐδὲ
2643 560 2746 632 τῆς
2798 565 2988 627 νυκτὸς
3020 563 3412 634 ἐπιγενομένης
3461 563 3775 633 μεταλαϐὼν
3810 568 4043 636 τροφῆς.

810 661 947 717 drie
974 658 1199 728 degens,
1233 673 1383 724 cum,
1403 668 1594 728 utpote
1631 659 1962 729 imperatore
1999 657 2265 711 adversus
2297 670 2380 711 re-

812 751 1071 821 ligiionem
1108 756 1395 818 peccante,
1447 748 1780 818 gravissimo
1815 747 2010 802 dolore
2052 743 2378 810 aﬂiceretur,

811 849 924 894 tum
958 847 1178 910 propter
1209 839 1388 907 ipsum
1417 854 1558 893 vauo
1585 850 1777 894 errore
1814 837 2128 906 deceptum,
2168 843 2284 888 tum
2309 835 2382 889 ob

811 929 1198 984 contumeliam
1233 926 1630 993 Ecclesiarum,
1670 927 1901 997 jejuuiis
1939 933 1994 981 et
2036 924 2378 980 orationibus

777 1039 782 1042 ·
813 1019 1063 1074 vacabat.
1095 1016 1345 1086 Cumque
1377 1031 1488 1087 prae
1533 1017 1701 1070 nimia
1732 1016 2123 1080 sollicitudine,
2177 1029 2246 1069 ne
2287 1028 2380 1068 su-

810 1108 1161 1180 perveniente
1186 1108 1409 1180 quidem
1437 1109 1600 1179 220
1630 1118 1792 1165 nocte
1823 1109 2006 1164 cibum
2031 1108 2374 1178 sumpsisset,

809 1206 864 1260 in
893 1201 1366 1269 cathedrafsedens
1384 1214 1576 1256 somno
1600 1215 1893 1271 oppressus
1916 1206 2034 1266 est;
2062 1213 2126 1254 ac
2145 1200 2294 1254 velut
2323 1198 2378 1252 in

805 1295 1251 1352 mentisexcessu
1291 1293 1521 1364 positus,
1552 1307 1726 1364 equos
1762 1291 2028 1346 candidos
2056 1305 2152 1360 per
2197 1304 2375 1344 aerem

807 1387 1180 1442 discurrentes
1199 1385 1382 1441 videre
1401 1384 1506 1440 sibi
1527 1386 1682 1440 visus
1696 1393 1801 1448 est,
1815 1384 2071 1453 virosque
2092 1382 2224 1452 ipsis
2247 1381 2378 1435 insi-

806 1479 1024 1546 dentes,
1049 1477 1122 1534 ita
1143 1477 1447 1532 clamantes
1475 1474 1698 1529 audire:
1721 1473 1980 1528 Nuntiate
2003 1471 2251 1543 Didyme.
2281 1470 2376 1524 ho-

807 1567 1184 1625 dieJulianum
1213 1568 1314 1621 hac
1344 1566 1461 1636 ipsa
1489 1565 1623 1618 liora
1642 1573 1980 1634 peremptum
2013 1577 2137 1617 esse
2169 1584 2182 1619 ;
2214 1561 2378 1632 idque

807 1663 902 1716 ille
925 1659 1226 1714 Athanasio
1262 1657 1523 1726 episcopo
1549 1655 1834 1726 signiticet.
1865 1662 1919 1709 et
1946 1669 2177 1725 surgens
2192 1668 2375 1708 come-

803 1752 918 1804 dat.
942 1749 1006 1802 Ει
1027 1745 1366 1824 luecquidem
1393 1744 1818 1798 tumafamiliari
1837 1742 2061 1808 Juliani,
2089 1750 2205 1798 tum
2223 1759 2254 1796 a
2280 1743 2373 1796 Dio

2479 654 2573 707 ἐπὶ
2597 653 2788 726 θρόνου
2838 655 3221 726 καθεζόμενος,
3270 657 3348 718 εἰς
3389 653 3554 710 ὕπνον
3586 655 3807 726 ὴνέχθη.
3837 659 3945 710 Καὶ
3967 657 4048 720 ὼς

2479 744 2537 800 ἐν
2562 747 2820 800 ἐκστάσει
2862 747 3120 814 γεγονὼς,
3148 747 3324 813 ἔδοξεν
3353 747 3485 817 δρᾷν
3513 747 3712 811 ἵππους
3742 748 3964 812 λευκοὺς
3983 752 4047 802 ἐν

2478 836 2556 906 τῷ
2583 837 2710 908 ἀέρι
2731 838 3113 908 διατρέχοντας
3135 851 3150 868 '
3179 838 3304 898 τοὺς
3323 836 3379 889 δὲ
3401 837 3488 888 ἐπ’
3512 838 3692 889 αὑτῶν
3719 838 4046 908 ὀχουμένους

2479 929 2770 1000 κηρύττειν
2792 945 2806 960 ·
2825 928 3140 998 Ἀγγείλατε
3174 928 3395 1000 Διδύμῳ
3412 969 3428 994 ,
3468 929 3706 998 σήμερον
3734 932 3861 1002 περὶ
3885 931 4046 1001 τήνδε

2476 1021 2576 1091 τὴν
2611 1020 2760 1092 ὥραν
2802 1020 3087 1075 Ἰουλιανὸν
3116 1019 3422 1092 ἀνῃρῆσθαι
3443 1037 3458 1051 ο
3497 1021 3591 1075 καὶ
3634 1021 3931 1093 Ἀθανασῐῳ
3964 1022 4050 1094 τῷ

2480 1114 2757 1182 ἐπισκόπῳ
2773 1109 2928 1165 τοῦτο
2945 1112 3254 1183 μηνυσάτω·
3277 1113 3374 1167 καὶ
3398 1114 3631 1178 ἀναστὰς
3668 1114 3886 1169 ἐστιέτω
3906 1116 4043 1184 (Η).

2478 1201 2588 1255 Καὶ
2623 1199 2658 1255 ἃ
2702 1201 2802 1272 μὲν
2831 1201 3083 1255 τεθέαται
3119 1202 3148 1254 ὅ
3187 1219 3248 1256 τε
3292 1201 3578 1258 Ίουλιανοῦ
3608 1205 3802 1268 οἰκεῖος
3826 1242 3842 1268 ,
3890 1208 3983 1258 καί
4010 1207 4048 1261 ὀ

2479 1294 2807 1362 φιλόσοφος,
2837 1287 2941 1349 ὦδε
2983 1293 3234 1364 γενέσθαι
3274 1295 3575 1368 ἐπυθόμην.
3629 1297 3738 1350 Καὶ
3763 1296 4044 1369 οὐδέτερος

2479 1387 2537 1438 ὲν
2565 1380 2644 1449 οἷς
2658 1385 2904 1452 τεθέατο,
2927 1387 3026 1457 τῆς
3048 1387 3305 1457 ἀληθείας
3327 1387 3644 1463 διήμαρτεν,
3684 1388 3758 1452 ὡς
3795 1391 4043 1461 ἐμηνύθη

2477 1473 2731 1546 ὕστερον.
2763 1471 2833 1547 Ὦ
2863 1476 2920 1530 δὲ
2954 1478 3123 1533 ταῦτα
3168 1479 3267 1532 οὐκ
3311 1479 3470 1550 ἀρκεῖ
3506 1481 3588 1544 εἰς
3630 1480 3903 1547 ἀπόδειξιν
3941 1482 4042 1536 τοῦ

2476 1564 2662 1621 θεόθεν
2717 1567 2881 1623 αὐτὸν
2932 1568 3324 1642 ἀναιρεθῆναι,
3383 1569 3460 1634 ώς
3504 1573 3623 1635 ταῖς
3689 1572 4044 1641 Ἐκκλησὶαις

2473 1655 2639 1711 αὑτοῦ
2686 1658 3078 1730 λυμαινόμενον
3101 1703 3116 1724 ,
3175 1663 3269 1714 καὶ
3296 1661 3396 1734 τὴν
3426 1663 3762 1733 προφητεων
3797 1665 3878 1726 εἰς
3915 1664 4042 1717 νοῦν

2473 1748 2743 1820 λαμϐάνει
2805 1751 2870 1822 ἠν
2923 1753 3374 1821 ἐκκλησιαστικὸς
3429 1755 3568 1825 ἀνὴρ
3638 1755 4037 1828 προηγόρευσε.

801 1843 962 1913 dymo
989 1839 1314 1912 philosopho
1333 1839 1447 1893 visa
1465 1835 1635 1891 fuisse
1667 1837 1872 1906 accepi.
1895 1835 1957 1889 Et
1972 1847 2160 1891 neuter
2173 1848 2371 1891 eorum
2405 1905 2443 1916 _
2474 1839 2558 1894 Μέ

2283 1848 2371 1890 um
2405 1905 2443 1916 _
2474 1839 2776 1906 Μέλλοντος
2816 1842 2923 1914 γὰρ
2956 1841 3123 1897 αὑτοῦ
3175 1843 3270 1897 ἐπὶ
3313 1844 3526 1916 Πέρσας
3557 1845 3903 1916 στρατεύειν,
3945 1849 4041 1900 καὶ

802 1905 859 1988 in
884 1933 953 1988 iis
964 1905 1084 2003 quae
1100 1905 1332 1994 viderat,
1352 1943 1382 1982 a
1401 1942 1532 1982 vero
1550 1905 1845 1990 aberravit,
1879 1926 2039 1981 sicuti
2064 1933 2254 1997 postea
2279 1939 2375 1995 pa-
2403 1905 2447 1964 Β
2477 1947 2560 2001 με·

2283 1939 2375 1995 Pas
2403 1905 2447 1964 Β
2477 1930 2619 2001 μετὰ
2643 1931 2734 1986 τὸν
2773 1905 3008 2006 πδλεμον
3061 1934 3246 2000 κακῶς
3293 1905 3547 2007 ποιησει-ν
3576 1905 3677 2001 τάς
3714 1905 4041 2008 Ἐκκλησίας

803 2023 1065 2079 tefactum
1100 2031 1204 2077 est.
1237 2019 1389 2088 Quod
1422 2019 1468 2073 si
1502 2018 1736 2088 cuipiam
1760 2017 1875 2071 haec
1908 2032 2097 2089 parum
2129 2015 2374 2072 suflicere
2472 2019 2561 2074 ἐπι

2285 2031 2374 2070 ere
2472 2019 2894 2086 ἐπαπειλοῦντος
2913 2063 2928 2085 ,
2973 2023 3069 2076 καὶ
3107 2021 3537 2088 ἐπιτωθάζοντος
3569 2025 3646 2087 ώς
3678 2025 3832 2078 οὐδὲν
3855 2025 4043 2089 αὐτοῖς

803 2114 1058 2168 videntur
1087 2113 1154 2168 ad
1181 2111 1605 2177 ostendendum,
1633 2108 1914 2164 Juliauum
1955 2108 2163 2162 ultione
2186 2107 2370 2162 divina

802 2205 1156 2260 interfectum
1186 2218 1335 2268 esse,
1370 2213 1590 2272 propter
1609 2219 1671 2258 ea
1691 2201 1832 2272 quod
1857 2199 2130 2253 Ecclesias
2161 2197 2254 2252 Dei
2277 2198 2372 2252 de-

802 2301 1068 2355 vastaret,
1107 2293 1154 2347 is
1203 2293 1259 2346 in
1293 2295 1534 2346 animum
1583 2299 1801 2346 revocet
1841 2288 2247 2359 praedictionem
2286 2304 2372 2343 ee-

801 2389 1104 2443 elesiastici
1145 2387 1428 2456 cujusdam
1462 2386 1587 2440 viri.
1639 2383 1777 2438 Nam
1820 2398 1945 2437 cum
1978 2380 2229 2437 Julianus
2275 2385 2370 2436 ad-

802 2494 1000 2534 versus
1051 2477 1247 2532 Persas
1275 2475 1674 2546 expeditionem
1721 2483 1958 2544 pararet,
2010 2489 2184 2544 eoque
2226 2473 2369 2528 bello

805 2569 1062 2624 confecto
1115 2569 1460 2623 Christianos
1504 2567 1644 2621 male
1689 2565 2042 2620 multaturum
2085 2580 2145 2620 se
2192 2565 2366 2618 mina.

801 2671 969 2724 retur,
999 2675 1063 2714 ac
1091 2675 1186 2730 per
1207 2660 1496 2713 ludibrium
1531 2658 1759 2723 diceret,
1792 2657 1960 2711 lilium
1991 2656 2128 2711 fabri
2159 2657 2364 2710 nullam

801 2752 938 2822 ipsis
969 2768 1126 2822 opem
1173 2751 1369 2805 all'erre
1413 2750 1747 2815 valiturum;
1788 2748 2124 2817 reSpondens
2153 2749 2246 2804 ille
2293 2753 2364 2801 ita

800 2844 1055 2916 praedixit
1088 2841 1234 2900 :lste
1265 2842 1401 2896 fabri
1448 2841 1592 2896 ﬁlius
1620 2855 1804 2896 arcam
1846 2841 1895 2895 ei
1947 2841 2178 2910 ligneam
2213 2845 2365 2907 parat

797 2935 866 2990 ad
895 2936 1186 2989 tumulum.
1216 2932 1322 2987 Sed
1362 2941 1418 2988 et
1467 2933 1586 3002 ipse
1607 2941 1832 3000 accepto
1867 2932 2084 2985 demum
2115 2931 2360 2993 vulnere,

799 3027 1144 3097 aliquatenus
1185 3023 1452 3078 intellexit
1494 3037 1526 3076 a
1554 3037 1666 3094 quo
1707 3023 1870 3078 laesus
1909 3021 2112 3084 fuerat,
2145 3036 2246 3076 nec
2269 3035 2362 3075 ca-

799 3119 1059 3172 lamitatis
1090 3133 1203 3173 suae
1231 3131 1454 3170 causam
1485 3115 1703 3184 penitus
1745 3113 2036 3185 ignoravit.
2066 3111 2200 3166 Nam
2237 3127 2360 3167 cum

2471 2105 2772 2176 ἐπαμύνειν
2802 2107 3091 2178 δυνήσεται
3124 2111 3153 2163 ὁ
3175 2109 3268 2163 τοῦ
3301 2109 3551 2174 τέκτονος
3580 2112 3714 2176 υἱός·
3742 2111 3839 2166 ὡδὶ
3863 2111 4041 2180 λέγων

2471 2199 2810 2268 ἀπεφήνατο·
2879 2193 3047 2264 οὗτος
3091 2201 3148 2253 δὲ
3187 2202 3215 2254 ὀ
3266 2201 3360 2256 τοῦ
3408 2203 3658 2266 τέκτονος
3697 2202 3814 2267 υἰδς
3863 2202 4038 2274 θήκην

2469 2289 2618 2360 αὐτῷ
2652 2290 2868 2362 ξυλίνην
2919 2293 3055 2362 πρὸς
3099 2292 3326 2346 θάνατον
3352 2295 3784 2358 κατασκευάζει·
3819 2296 3882 2348 οὐ
3927 2296 4037 2366 μὴν

2468 2379 2602 2434 ἀλλά
2622 2383 2717 2435 καὶ
2739 2382 2900 2446 αὐτὸς
2925 2383 3064 2452 μετὰ
3083 2384 3181 2454 τὴν
3205 2383 3418 2457 πληγὴν
3441 2385 3791 2456 ἀμωσγέπως
3805 2387 4038 2457 συνῆκεν

2467 2471 2587 2525 ὅθεν
2609 2473 2834 2542 ἐϐλάϐη,
2863 2475 2955 2526 καὶ
2977 2476 3038 2528 τὸ
3059 2473 3229 2529 αῐτιον
3252 2476 3350 2548 τῆς
3371 2479 3654 2549 συμφορᾶς
3673 2479 3734 2531 οὐ
3759 2477 4037 2544 παντελῶς

2469 2564 2721 2634 ἠγνόησε.
2777 2567 3010 2633 Λέγεται
3065 2565 3173 2636 γὰρ
3227 2567 3316 2622 ὅτε
3350 2567 3602 2640 ἐτρώθη,
3635 2566 3775 2640 αἷμα
3820 2573 3887 2626 ἐκ
3935 2573 4038 2641 τῆς

2466 2653 2696 2725 ὠτειλῆς
2727 2655 3093 2726 ἀρυσάμενος,
3143 2657 3224 2721 εἰς
3251 2657 3346 2711 τὸν
3387 2658 3581 2730 αἰθέρα
3609 2658 3909 2726 ἀκοντίσαι,
3943 2657 4037 2714 οἷά

2468 2759 2529 2810 γε
2563 2744 2698 2814 πρὸς
2741 2747 3065 2812 φαινόμενον
3095 2746 3188 2799 τὸν
3218 2747 3450 2817 Χριστὸν
3501 2750 3740 2820 ἀφορῶν,
3792 2753 3888 2804 καὶ
3929 2750 4035 2820 τῆς

2469 2834 2603 2898 ἰδίας
2633 2836 2848 2904 σφαγῆς
2876 2836 3037 2890 αὑτὸν
3066 2837 3484 2908 ἐπαιτιώμενος.
3521 2843 3584 2894 Οἰ
3616 2841 3673 2895 δέ
3707 2859 3906 2910 φασιν,
3955 2843 4033 2906 rb;

2464 2925 2600 2996 πρὸς
2620 2925 2711 2978 τὸν
2740 2925 2892 2997 ἥλιον
2918 2928 3241 2996 ἀγανακτῶν
3263 2928 3311 2991 κ,
3338 2931 3420 2982 ὅτι
3461 2931 3696 3001 Πέρσαις
3724 2935 4030 3003 ἐπήμυνεν,

2463 3015 2496 3087 ἢ
2523 3016 2688 3070 αὑτὸν
2713 3018 2778 3071 οὐ
2809 3017 3086 3081 διέσωσεν,
3125 3018 3321 3091 ἔφορος
3350 3017 3426 3074 ῶν
3446 3023 3544 3091 τῆς
3571 3023 3737 3077 αὑτοῦ
3764 3024 4031 3091 γενέσεως

2463 3111 2605 3164 κατά
2635 3127 2760 3164 τινα
2792 3111 3047 3182 τοιαύτην
3074 3113 3477 3187 ἀστρονομικην
3509 3117 3770 3187 ἱστορίαν,
3790 3121 3854 3189 τῇ
3882 3119 4031 3189 χειρὶ

795 3209 1116 3262 vulneratus
1146 3213 1312 3268 esset,
1347 3205 1603 3258 haustum
1649 3220 1680 3260 e
1717 3205 1939 3258 vulnere
1981 3219 2082 3258 suo
2106 3217 2354 3257 cruorem
2383 3238 2424 3296 C
2465 3198 2526 3252 τδ

2271 3218 2354 3296 em
2383 3238 2424 3296 C
2559 3193 2701 3296 αἷμα
2739 3199 3045 3296 ἐπιδείξας,
3087 3204 3167 3296 εἰς
3198 3203 3307 3296 τὸν
3337 3204 3475 3275 ἀέρα
3520 3205 3823 3296 ῆκόντισεν.
3863 3209 3926 3260 Εἰ
3969 3207 4028 3260 δὲ

794 3299 851 3352 in
879 3299 1079 3354 caelum
1103 3297 1396 3367 projecisse
1427 3297 1651 3360 dicitur,
1689 3297 1832 3351 velut
1861 3295 1914 3350 in
1949 3293 2228 3348 Christum
2250 3293 2353 3348 sibi

795 3401 1144 3462 apparentem
1182 3388 1373 3444 oculos
1413 3388 1735 3457 coujiciens,
1774 3402 2008 3457 eumque
2049 3401 2162 3442 suae
2204 3401 2355 3441 necrs

795 3491 1079 3536 auctorem
1109 3481 1393 3536 incusans.
1427 3479 1536 3533 Alii
1572 3479 1764 3535 dicunt
1804 3492 1928 3533 eum
1984 3478 2089 3534 soli
2126 3477 2352 3541 iratum,

791 3589 858 3628 eo
912 3573 1058 3644 quod
1112 3571 1312 3628 Persas
1359 3571 1578 3642 quidem
1634 3571 1954 3639 adjuvisset,
2001 3569 2175 3638 ipsqu
2227 3583 2354 3624 vero

794 3682 1134 3736 nequaquam
1159 3674 1454 3723 servasset.
1480 3663 1694 3718 tametsi
1722 3663 1878 3730 juxta
1905 3671 2348 3716 astronomerqu

792 3757 1124 3821 doctrinam,
1160 3757 1362 3810 natalis
1397 3757 1572 3825 ipsius
1619 3764 1800 3810 rector
1829 3766 2006 3818 esset,
2044 3769 2209 3809 manu
2254 3769 2353 3809 sua

791 3858 1071 3904 ostensum
1117 3850 1436 3919 sanguinem
1487 3847 1541 3901 in
1582 3848 1816 3903 sublime
1857 3845 2164 3916 jaculatum
2205 3861 2350 3901 esse.

794 3936 984 3994 Utrum
1047 3953 1175 3992 vero
1210 3953 1335 3993 cum
1367 3937 1590 4006 jamjam
1647 3937 1947 3991 moriturus
1997 3944 2160 4000 esset,
2208 3938 2353 3992 sicut

789 4029 1006 4084 evenire
1052 4030 1210 4092 solet,
1264 4029 1445 4082 anima
1473 4027 1586 4097 jam
1616 4042 1646 4080 a
1683 4041 1914 4096 corpore
1947 4025 2257 4090 recedente,
2296 4037 2352 4082 et

789 4120 1060 4174 diviniora
1110 4117 1360 4188 quaedam
1418 4117 1775 4185 contemplari
1835 4115 2069 4180 valente,
2119 4132 2185 4172 re
2236 4118 2353 4186 ipsa

789 4211 1068 4266 Christum
1097 4210 1314 4272 viderit,
1349 4207 1601 4278 equidem
1643 4206 1911 4262 allirmare
1944 4223 2053 4262 non
2084 4223 2348 4278 possunt:

791 4302 1092 4373 praesertim
1128 4316 1251 4354 cum
1292 4299 1437 4354 istud
1463 4314 1494 4352 a
1529 4297 1724 4368 paucis
1754 4297 1985 4352 relatum
2027 4299 2127 4364 sit;
2170 4308 2230 4353 ut
2253 4298 2352 4352 fal-

788 4407 907 4445 sum
959 4397 1158 4453 tamen,
1193 4389 1422 4459 rejicere
1461 4403 1572 4442 non
1608 4389 1804 4442 ausim.
1839 4385 2029 4460 Neque
2073 4388 2219 4444 enim
2264 4389 2352 4443 ab-

785 4483 970 4538 horret
1020 4497 1050 4536 a
1097 4495 1244 4545 vero,
1281 4481 1411 4552 quin
1459 4481 1565 4533 alia
1601 4480 1686 4536 liis
1727 4480 1894 4535 etiam
1941 4479 2348 4535 admirabiliora

2461 3289 2673 3361 ἀληθῶς
2700 3290 2908 3360 μέλλων
2929 3291 3204 3363 τελευτᾷν,
3229 3289 3425 3364 οἷάπερ
3454 3294 3633 3349 εἰώθει
3682 3295 4028 3366 συμϐαίνειν,

2458 3381 2555 3451 τῆς
2601 3381 2780 3451 ψυχῆς
2824 3380 2921 3452 ἤδη
2986 3385 3362 3454 χωριζομένης
3422 3385 3516 3440 τοῦ
3583 3385 3832 3457 σώματος
3857 3427 3872 3451 ,
3930 3389 4029 3440 καὶ

2458 3472 2708 3545 θειότερα
2745 3475 2780 3545 ἦ
2812 3473 2951 3528 κατὰ
2999 3475 3285 3546 ἄνθρωπον
3317 3476 3541 3548 θεωρεῖν
3567 3479 3888 3550 δυναμένης,
3932 3479 4030 3532 τὸν

2456 3565 2694 3634 Χριστὸν
2740 3564 3020 3630 ἐθεάσατο,
3065 3569 3169 3621 οὐκ
3205 3568 3314 3640 ἔχω
3353 3569 3559 3638 λέγειν·
3587 3571 3647 3623 οὐ
3675 3573 3785 3642 γὰρ
3814 3571 4029 3625 πολλῶν

2456 3656 2540 3708 ὅδε
2578 3659 2606 3709 ὁ
2655 3657 2831 3724 λόγος’
2867 3656 2991 3712 οὔτε
3033 3658 3090 3712 δὲ
3135 3658 3210 3721 ώς
3264 3657 3454 3727 ψεῦδος
3502 3660 3750 3715 ἐκϐαλεῖν
3803 3662 4026 3734 θαρρῶ·

2455 3751 2578 3804 ἐπεὶ
2599 3751 2698 3803 οὐκ
2721 3751 2947 3813 ἀπεικὸς
2973 3753 3067 3804 καί
3093 3750 3258 3804 τῶνδε
3283 3751 3697 3828 θαυμαστότερα
3724 3755 4027 3825 συμϐῆναι,

2454 3845 2535 3906 εἰς
2559 3842 2821 3907 ἐπίδειξιν
2851 3842 2943 3898 τοῦ
2970 3843 3044 3913 μὴ
3069 3842 3385 3913 ἀνθρωπεία
3412 3845 3616 3915 σπουδῇ
3645 3849 3902 3917 συστῆναι
3921 3850 4026 3920 τὴν

2455 3935 2741 4005 ἐπώνυμον
2753 3935 2989 4008 Χριστοῦ
3014 3935 3041 3989 θ
3052 3935 3328 4007 ρησκείαν.
3363 3935 3420 3989 ’Δ
3428 3937 3553 4007 μέλε
3563 3954 3662 3990 ιτοι
3679 3939 3826 4009 παρά
3842 3940 4023 3992 πάντα

2453 4026 2542 4078 τὸν
2568 4026 2758 4096 χρόνον
2793 4027 3023 4096 ταυτησὶ
3047 4027 3154 4095 τῆς
3187 4025 3466 4095 βασιλείας
3495 4027 3816 4095 ἀγανακτῶν
3839 4031 3866 4083 ὁ
3888 4030 4023 4094 Θεὸς

2455 4117 2705 4186 ἐφαίνετο
2728 4133 2743 4152 ο
2796 4116 2892 4172 καὶ
2939 4115 3309 4179 παντοδαπαῖς
3356 4121 3664 4187 συμφοραῖς
3701 4120 3759 4173 ἐν
3802 4119 4023 4184 πολλοῖς

2453 4210 2658 4264 ἔθνεσιν
2685 4209 2940 4281 ἐπέτριψε
2960 4209 3057 4278 τὴν
3087 4209 3496 4280 Ῥωμαίωνμὸ)
3533 4211 3789 4280 ὑπήκοον.
3821 4212 3932 4281 Τῆς
3956 4229 4023 4266 τε

2453 4300 2561 4370 γὰρ
2591 4301 2693 4370 γῆς
2723 4298 2959 4370 συνεχῶς
2993 4300 3100 4353 ὑπὸ
3124 4297 3520 4368 χαλεπωτάτων
3562 4301 3798 4369 σεισμῶν
3829 4318 4021 4356 τινασ-

2455 4392 2707 4464 σομένης,
2765 4391 2861 4444 καὶ
2930 4389 3039 4444 τῶν
3103 4390 3416 4460 οἰκημάτων
3463 4391 3868 4462 ἐρειπομένων,
3917 4394 4024 4448 οὐκ

2453 4483 2693 4553 ἀσφαλὲς
2733 4477 2802 4552 ἦν
2855 4481 3018 4546 οἴκοι,
3071 4477 3197 4532 οὕτε
3250 4480 3494 4548 αἰθρίους
3523 4478 3840 4550 διατρίϐειν.
3872 4483 4024 4552 Συμ-

782 4576 1137 4648 contigeriut,
1165 4574 1367 4646 quibus
1395 4573 1801 4639 ostenderetur,
1831 4572 2197 4627 Christianam
2218 4572 2344 4628 reli-
2375 4573 2420 4628 ο
2453 4574 2540 4628 ϐἀ]

2264 4572 2344 4628 :li-
2375 4573 2420 4628 ο
2453 4574 2632 4628 ϐάλλω
2658 4573 2717 4627 δὲ
2742 4573 2800 4639 εξ
2826 4557 2901 4626 ὧν
2928 4569 3280 4640 ἐπυθόμην,ῆ
3305 4569 3676 4639 βασιλεύοντος
3705 4569 4022 4642 commto),

1977 4726 2247 4786 VALESII
2273 4729 2827 4788 ANNOTATIONES.

855 4828 963 4895 (44)
1000 4825 1106 4880 Κ(ιί
1153 4825 1420 4890 ἀναστὰς
1457 4823 1729 4895 ἠσθιέτῳ.
1778 4824 2006 4882 Rectius
2056 4827 2109 4880 in
2162 4825 2355 4880 codice

783 4893 1082 4958 Fu‘ketiauo
1113 4899 1375 4964 scriptum
1423 4905 1507 4965 est
1535 4893 1784 4965 ἐσθιέτω.
1808 4896 1984 4965 Atque
2020 4897 2091 4948 ita
2123 4910 2350 4963 prorsus

784 4972 911 5052 legit
941 4963 1300 5036 Nicephorus,
1327 4973 1385 5018 ut
1404 4963 1590 5017 videre
1615 4970 1700 5016 est
1727 4963 1782 5020 iu
1806 4963 1985 5036 capite
2011 4965 2080 5020 55
2102 4966 2226 5020 libri
2253 4965 2350 5021 de-

781 5055 959 5177 cum)
994 5105 1306 5177 Ἑπέτρεχε
1329 5103 1444 5177 τὴν
1475 5103 1664 5177 Ῥωμα

781 5179 832 5231 in
860 5171 1117 5246 margine
1139 5171 1220 5230 sui
1239 5171 1455 5228 feedicis
1482 5171 1708 5246 notavit.
1738 5171 1880 5246 lorte
1913 5172 2198 5246 legendum
2246 5174 2346 5224 ὲπ-

776 5240 1008 5370 ἐτρυχεξ
1021 5245 1124 5299 Sed
1155 5247 1355 5299 rectius
1375 5245 1426 5296 iu
1445 5240 1633 5298 Codice
1656 5240 1956 5298 Fuketiano
1971 5240 2241 5313 scriptum
2260 5251 2343 5297 est

810 5336 849 5369 π
879 5333 1057 5370 τοιυε.

817 5335 1057 5456 ’.δεῖζὲ
1081 5385 1518 5456 ,βασιλεύοντος
1547 5381 1753 5436 αὑτοῦ.
1803 5379 1866 5435 lli
1899 5396 2055 5438 terra:
2088 5389 2266 5456 motus
2289 5390 2342 5436 et

775 5449 861 5510 lue
876 5449 1040 5509 maris
1056 5455 1819 5521 exundationes.nequaquam
1837 5449 2338 5520 reguanteluliauo,

773 5540 948 5596 neque
977 5526 1102 5580 dum
1126 5525 1308 5580 Caesar
1362 5531 1570 5576 tantum
1617 5529 1782 5586 esset,
1814 5525 2193 5594 contigerunt;
2245 5526 2340 5577 sed

1667 5100 1790 5155 [ων.
1817 5101 2086 5158 Henricus
2111 5101 2348 5159 Savilius

2457 4825 2677 4882 biennio
2706 4831 2824 4895 post
2854 4823 2975 4893 ejus
3039 4823 3269 4895 obitum,
3321 4818 3639 4879 Valentiano
3690 4833 3746 4879 et
3790 4823 4022 4881 Valente

2454 4893 2719 4965 Augustis
2771 4895 3006 4965 primum
3030 4893 3392 4965 consulibus,
3427 4905 3484 4948 ut
3517 4902 3750 4965 testatur
3775 4896 4022 4948 Ammia-

2453 4962 2567 5020 ιιιιέ
2619 4962 2964 5034 Marcellinus
3024 4962 3081 5034 iu
3123 4963 3284 5034 _libro
3343 4978 3491 5034 snt,
3548 4963 3914 5034 llieronymus
3959 4968 4018 5018 iu

2453 5035 2730 5105 Chronico.
2771 5031 2989 5105 ldatius
3021 5033 3074 5086 in
3113 5030 3334 5105 Fastis._
3356 5032 3498 5088 idem
3545 5030 3907 5105 Hieronjmus
3960 5037 4018 5089 in

2455 5106 2570 5158 Vita
2614 5104 2906 5172 Hilarionis
2969 5114 3088 5171 cap.
3159 5102 3372 5157 33.15::
3429 5102 3764 5172 tempestate,
3815 5106 4017 5172 inquit,

2451 5183 2609 5229 terrae
2655 5182 2802 5228 motu
2846 5173 3011 5226 totius
3043 5172 3192 5226 orbis
3235 5173 3325 5242 qui
3360 5179 3479 5243 post
3525 5172 3728 5229 Juliani
3783 5185 4014 5243 mortem

2451 5243 2668 5306 accidit,
2689 5243 2860 5313 maria
2891 5258 3108 5312 egressa
3136 5250 3261 5295 sunt
3289 5242 3550 5297 terminos
3573 5259 3724 5299 suos.
3760 5242 3825 5296 Et
3852 5244 4015 5313 quasi

2451 5328 2668 5367 rursum
2706 5311 2846 5383 D_eus
2869 5311 3136 5367 diluvium
3169 5313 3491 5377 minaretur,
3533 5315 3616 5366 vel
3644 5314 3698 5368 in
3725 5311 4013 5383 antiquum

2447 5384 2615 5455 chaos
2656 5380 2901 5437 redirent
2938 5383 3144 5455 omnia,
3195 5396 3358 5438 naves
3395 5383 3461 5438 ad
3510 5397 3780 5455 praerupta
3821 5380 4021 5439 delata:

2447 5454 2711 5507 tuoutiutn
2743 5453 3136 5522 pependerunt.

2170 5696 2556 5753 VARIORUM.

844 5801 865 5837 ¹ί
907 5799 998 5864 Ὠς
1035 5797 1182 5864 πρὸς
1211 5797 1318 5848 τὸν
1354 5795 1531 5860 ἣλιον
1570 5791 1940 5862 ἀγανακτῶν.
1991 5792 2236 5864 Zonaras
2282 5802 2338 5847 et

769 5860 1265 5929 auctor'CIironici
1309 5860 1661 5920 Alexandrini
1725 5866 1989 5928 reiciunt,
2049 5860 2332 5917 lulianum

2446 5794 2546 5845 soli
2576 5793 2959 5848 succensuisse
2989 5795 3126 5846 lianc
3155 5795 3227 5847 oh
3256 5806 3499 5847 causam.
3541 5791 3678 5846 Cum
3719 5803 3860 5844 esset
3897 5791 4013 5842 An-

2446 5864 2682 5933 ll0t'llltc,
2741 5873 2902 5920 noctu
2935 5868 2987 5919 in
3046 5866 3255 5919 soumis
3299 5865 3550 5933 juvenem
3579 5864 3788 5918 viderat
3844 5865 4016 5914 rutila
