4452 6598
434 484 575 538 ίὲῑΠ

1358 468 1684 534 lllSTORiA
1731 469 2296 535 ECCLESIASTICA.
2338 510 2406 520 —-
2445 478 2690 536 “XLVI.

3557 482 3692 536 19.03

423 597 459 668 ἢ
493 594 631 649 κατὰ
654 591 714 648 τὸ
745 592 993 664 δεύτερον
1020 594 1203 665 σχῆμα
1234 595 1328 665 τῆς
1360 590 1639 666 βασιλείας
1668 594 1821 658 ὄντος
1847 633 1860 656 ,
1913 595 2006 649 καὶ
2037 602 2078 656 Α
2109 597 2181 667 git

1931 595 2006 648 ιαὶ
2037 602 2078 656 Α
2109 597 2326 667 giouem
2385 612 2496 651 non
2544 597 2783 651 humana
2827 593 2874 649 vi
2923 601 3017 648 aut
3072 590 3339 646 industiia
3390 593 3689 648 stabilitam

426 688 486 740 τὸ
509 686 720 757 συμϐὰν
752 691 863 749 τοῖς
887 686 1021 757 πρὸς
1052 687 1326 756 Αἴγυπτον
1369 685 1778 758 Ἀλεξανδρεῦσι
1814 688 2004 756 γέγονε

427 777 597 840 πάθος
618 795 631 807 ·
668 777 828 847 ἡνίκα
856 778 975 849 δὴή
1006 777 1249 832 θάλασσα
1279 780 1715 844 ὑπονοστήσασα,
1754 777 1910 844 αὖθις
1948 781 2006 846 ἐξ

428 870 727 939 ἐπιδρομῆς
756 870 883 932 τοὺς
937 869 1097 933 ἰδίους
1129 872 1287 939 ὅρους
1318 873 1657 941 παρήμειψε,
1709 876 1802 925 καὶ
1844 874 2005 944 μέχρι

429 958 624 1011 πολλοῦ
694 959 793 1028 τὴν
847 960 1017 1031 ξηρὰν
1067 961 1439 1016 κατέκλυσεν·
1492 963 1566 1026 ὡς
1608 965 1702 1016 καὶ
1760 963 1854 1017 ἐπὶ
1897 964 2004 1015 τῶν

430 1050 719 1119 κεράμων,
778 1052 1237 1123 ἀποχωρήσαντος
1292 1053 1385 1106 τοῦ
1455 1054 1683 1120 ὓδατος,
1746 1054 2006 1109 θαλάττια

429 1139 717 1209 εὑρεθῆναι
763 1141 967 1212 σκάφη.
1042 1143 1342 1212 ’Λμέλειτοι
1391 1146 1489 1212 τὴν
1542 1144 1754 1215 ἡμέραν
1788 1143 1907 1197 καθ’
1940 1144 2004 1214 ἢν

427 1231 552 1283 τάδε
596 1232 817 1302 συνέϐη,
869 1234 936 1303 ἢν
974 1234 1192 1301 γενέσια
1216 1233 1307 1286 τοῦ
1332 1234 1559 1305 σεισμοῦ
1583 1235 1699 1306 (Π)
1736 1253 2006 1309 προσαγοη

433 1322 700 1389 ρεύουσιν,
735 1324 900 1378 εἰσέτι
936 1326 1029 1378 καὶ
1079 1325 1173 1380 νῦν
1214 1326 1584 1398 ’Λλεξανδρεῖς
1631 1328 1854 1397 ἐτησίαν
1884 1330 2005 1400 ἐορ-

430 1416 527 1485 τὴν
578 1415 789 1484 ἄγουσι.
846 1418 1087 1487 Λύχνους
1125 1436 1182 1471 τε
1216 1418 1499 1481 πλείστους
1534 1418 1638 1471 ἀνὰ
1673 1420 1854 1472 πᾶσαν
1907 1420 2005 1491 τὴν

431 1506 586 1559 πόλιν
632 1508 917 1575 καίοντες,
969 1510 1064 1561 καὶ
1114 1509 1504 1580 χαριστηρίους
1561 1510 1717 1573 λιτὰς
1758 1511 1836 1581 τῷ
1889 1511 2008 1580 Θεῷ

433 1598 851 1668 προσφέροντες,
889 1601 1154 1672 λαμπρῶς
1199 1602 1344 1670 μάλα
1393 1603 1487 1655 κα)⁸
1531 1590 1773 1666 εὐλαϐῶς
1802 1603 2009 1673 ταύτην

432 1688 790 1745 ἐπιτελοῦσιν.
826 1692 900 1745 Ού
930 1693 1057 1763 μὴν,
1090 1692 1227 1747 ἀλλὰ
1254 1693 1349 1747 καὶ
1384 1695 1586 1765 αὐχμοὶ
1615 1696 2004 1760 ἐπιτείναντες,

431 1780 639 1845 πάντας
689 1784 814 1846 τοὺς
848 1785 1095 1856 καρποὺς
1128 1787 1220 1839 καὶ
1254 1786 1345 1838 τὸν
1376 1787 1515 1857 ἀέρα
1550 1788 1643 1840 ἐπὶ
1671 1788 1878 1858 ταύτης
1908 1790 2007 1859 τῆς

434 1869 712 1939 βασιλείας
766 1874 1124 1946 ἐλυμήναντο.
1189 1877 1469 1931 Ἐντεῦθεν
1513 1880 1706 1932 σπάνει
1744 1878 1853 1932 τῶν
1886 1881 2007 1933 ἐπι-

2111 704 2250 744 esse.
2288 688 2443 743 Certe
2485 688 2731 758 quandiu
2765 688 3068 756 imperator
3101 684 3202 739 iste
3237 684 3508 753 regnavit,
3537 683 3683 739 Deus

2112 787 2372 848 perpetuo
2400 777 2675 848 indignari
2704 777 2851 830 visus
2870 783 2947 829 est
2968 815 2981 839 ,
3006 781 3061 828 et
3093 774 3146 826 in
3178 770 3368 824 multis
3396 770 3697 839 provinciis

2109 869 2386 927 Romanos
2422 870 2655 926 diversis
2673 869 3077 924 calamitatibus
3107 866 3320 921 amixit.
3364 862 3505 918 Cum
3550 865 3695 917 enim

2108 970 2254 1017 terra
2282 964 2625 1033 gravissimis
2647 962 2888 1015 motibus
2910 961 3129 1015 assidue
3148 966 3500 1029 qtiaterctur.
3528 956 3697 1009 mdes-

2108 1070 2216 1125 que
2233 1066 2581 1122 corruerent,
2604 1069 2950 1125 nequaquam
2966 1064 3140 1108 tutum
3157 1060 3297 1115 erat,
3315 1064 3415 1104 nec
3432 1049 3537 1103 sub
3556 1058 3701 1102 lecto

2109 1161 2351 1213 manere,
2387 1162 2489 1203 nec
2515 1149 2619 1204 sub
2642 1148 2754 1201 dio.
2796 1148 2977 1215 Atque
3018 1153 3076 1197 ut
3102 1159 3163 1197 ex
3190 1142 3257 1197 iis
3272 1156 3395 1211 qua:
3420 1140 3699 1195 auditione

2108 1242 2293 1311 accepi
2331 1241 2709 1311 conjecturam
2759 1238 2927 1305 iacio,
2976 1236 3063 1293 vel
3112 1250 3178 1291 eo
3236 1237 3562 1304 imperante.
3620 1231 3701 1285 vel

2108 1332 2429 1400 certe‘221
2457 1330 2693 1388 Caesaris
2713 1330 3033 1402 dignitatem
3062 1327 3244 1381 adhuc
3270 1326 3575 1390 obtinente,
3599 1326 3703 1377 cla.

2108 1423 2204 1478 des
2229 1423 2718 1478 illaAlexandrinis
2741 1423 2796 1477 in
2824 1421 3063 1491 Egypto
3108 1417 3339 1487 contigit
3367 1432 3381 1470 :
3416 1427 3547 1468 tunc
3578 1430 3702 1467 cum

2109 1530 2258 1570 mare
2276 1516 2421 1584 quod
2446 1521 2772 1578 recesserat,
2809 1514 3007 1567 iterum
3036 1511 3220 1565 subito
3267 1509 3475 1576 impetu
3514 1520 3699 1560 rever-

2109 1615 2247 1673 tens,
2276 1614 2430 1662 extra
2451 1608 2699 1677 proprios
2714 1607 2976 1661 terminos
2997 1603 3248 1666 excessit,
3268 1599 3705 1656 etcontinentem

2112 1699 2270 1768 longe
2305 1697 2856 1767 latequeinundavit,
2897 1695 3034 1750 adeo
3058 1703 3256 1763 utpost
3288 1702 3564 1747 recessum
3590 1705 3704 1742 ma-

2111 1790 2208 1855 ris,
2226 1804 2390 1859 super
2412 1790 2573 1851 tectis
2601 1790 2891 1845 domorum
2910 1795 3128 1856 reperta
3154 1786 3268 1841 sint
3308 1782 3547 1850 navigia.
3585 1781 3707 1838 Alc.

2113 1881 2364 1936 xandrini
2384 1892 2538 1938 certe
2579 1898 2703 1938 eum
2723 1882 2867 1937 diem
2887 1895 2998 1950 quo
3017 1878 3133 1933 haac
3149 1878 3517 1946 contigerunt,
3544 1890 3705 1944 quem

432 1964 695 2034 τηδείων,
748 1968 839 2021 ἐπὶ
887 1976 986 2031 τας
1034 1968 1141 2021 τῶν
1190 1969 1400 2039 ἀλόγων
1434 1968 1588 2033 ζώων
1633 1970 1837 2041 τροφάς
1881 1972 2008 2034 τοὺς
2043 1963 2083 2020 Β
2112 1973 2184 2028 eti

1948 1972 2008 2034 ὺς
2043 1963 2083 2020 Β
2112 1973 2278 2028 etiam
2313 1975 2549 2029 natalem
2598 1981 2948 2029 terraemotus
3005 1970 3299 2041 appellant,
3351 1968 3417 2021 ad
3466 1974 3705 2021 nostram

432 2055 756 2127 ἀνθρώπους
790 2059 1020 2130 ἤλαυνεν
1046 2062 1073 2113 ὁ
1095 2060 1270 2131 λιμός.
1326 2060 1742 2115 Ἐπακολουθῶν
1775 2062 1831 2115 δὲ
1862 2062 1954 2115 καὶ
1981 2064 2009 2116 6

434 2147 640 2220 λοιμὸς,
669 2151 803 2213 ἰδίας
827 2153 997 2221 ἐπῆγε
1021 2153 1227 2217 νόσους,
1260 2154 1352 2206 καὶ
1374 2154 1441 2207 τὰ
1468 2154 1696 2225 σώματα
1714 2154 2008 2229 διέφθειρε.

436 2242 517 2296 Τὰ
555 2243 654 2313 μὲν
686 2245 749 2314 δὴ
784 2245 924 2297 κατὰ
972 2246 1253 2299 Ίουλιανὸν
1280 2239 1380 2299 ὦδε
1412 2246 1557 2317 ἔσχε.

2118 2081 2293 2139 usque
2324 2067 2649 2121 memoriam
2690 2065 2990 2135 quotannis
3036 2064 3233 2118 festum
3268 2068 3457 2132 agunt,
3502 2068 3555 2113 et
3587 2058 3710 2127 plu-

2117 2159 2272 2214 rimis
2289 2160 2528 2214 lucernis
2542 2174 2637 2229 per
2661 2160 2975 2215 universam
2998 2157 3191 2212 urbem
3222 2154 3494 2216 accensis,
3518 2166 3708 2222 preces

2125 2267 2254 2305 cum
2304 2253 2608 2321 gratiarum
2656 2252 2874 2307 actione
2912 2250 3203 2305 oll‘crentes
3238 2247 3371 2310 Deo,
3421 2242 3708 2315 splendide

437 2338 599 2390 simul
625 2351 689 2391 ac
715 2336 975 2406 religiose
1026 2352 1152 2392 eum
1188 2337 1334 2392 diem
1389 2338 1687 2394 celebrant.
1723 2338 1867 2404 Quin
1892 2347 1946 2393 et
1986 2340 2211 2398 siccitas
2259 2344 2428 2398 nimia
2467 2360 2533 2399 eo
2574 2351 2861 2415 regnante,
2903 2358 3094 2397 omnes
3143 2348 3305 2396 terrae
3348 2338 3559 2393 fructus
3628 2336 3711 2405 ipe

438 2444 664 2499 samque
696 2429 841 2485 aeris
874 2431 1188 2500 temperiem
1216 2431 1482 2500 corrupit.
1513 2430 1669 2486 Unde
1715 2430 1915 2486 factum
1944 2441 2027 2489 est
2064 2443 2124 2489 ut
2156 2435 2406 2493 homines
2438 2454 2545 2507 prae
2574 2439 2961 2492 alimentorum
2997 2435 3200 2505 inopia,
3234 2433 3369 2503 ipsis
3420 2432 3707 2484 brutoruni

439 2520 795 2574 animantium
830 2521 969 2576 cibis
1022 2522 1549 2591 vesci-cogerentur.
1588 2522 1893 2577 Subsecuta
1927 2526 2093 2580 etiam
2129 2529 2301 2597 pestis
2362 2531 2585 2586 morbos
2619 2545 2749 2585 suos
2791 2528 3018 2594 invexit,
3057 2534 3112 2582 et
3152 2538 3386 2596 corpora
3413 2520 3705 2579 exstinxit.

440 2609 506 2663 Et
566 2610 681 2666 haec
724 2612 946 2682 quidem
984 2611 1193 2668 Juiiani
1241 2617 1582 2685 temporibus
1615 2624 1937 2673 evenerunt.

1043 2726 1297 2780 ΚΕΦΑΛ.
1342 2727 1415 2783 Γ¹.

442 2816 578 2883 Περί
622 2817 731 2883 τῆς
775 2819 1099 2891 βασιλείας
1126 2820 1453 2891 ΑἸοϐιανοῦ,
1496 2822 1595 2874 καὶ
1641 2822 1757 2874 ὅσα
1795 2821 2021 2891 ἔννομα

616 2888 931 2956 παρελθὼν
957 2892 1044 2955 εἰς
1079 2888 1194 2956 τὴν
1220 2890 1420 2958 ἀρχὴν
1464 2892 1842 2959 διεπράξατο.

516 2980 670 3033 Μετὰ
703 2980 761 3033 δὲ
805 2980 1016 3045 τοῦτον,
1068 2984 1221 3051 κοινῇ
1251 2982 1489 3054 συνθήκῃ
1520 2982 1612 3036 τοῦ
1655 2984 2019 3054 στρατοπέδου

448 3071 865 3141 παραλαμϐάνει
902 3072 999 3142 τὴν
1052 3072 1331 3143 βασιλείαν
1400 3074 1674 3137 Ἰοϐιανός.
1732 3075 1927 3128 Ἦνίκα
1956 3076 2021 3146 δὴ

450 3166 506 3216 ἐν
556 3166 622 3234 τῇ
671 3162 908 3233 πολεμίᾳ.
946 3163 1327 3235 αὐτοκράτορα
1354 3164 1804 3234 χειροτονούντων
1858 3166 2025 3219 αὐτὸν

448 3254 555 3307 τῶν
585 3255 1041 3325 στρατευμάτων,
1081 3257 1245 3319 αὐτὸς,
1300 3255 1624 3326 Χριστιανὸν
1671 3256 1834 3309 αὐτὸν
1886 3253 2029 3310 εἶναι

452 3352 642 3413 λέγων.
702 3351 997 3418 παρῃτεῖτο
1028 3348 1127 3418 τὴν
1166 3350 1492 3419 ἡγεμονίαν,
1539 3350 1634 3401 καὶ
1679 3349 1746 3403 τὰ
1782 3349 2031 3421 σύμϐολα

448 3440 546 3507 τῆς
577 3438 851 3508 βασιλείας
880 3440 940 3492 οὐ
970 3439 1245 3510 προσίετο,
1279 3440 1452 3493 εἰσότε
1481 3440 1545 3511 δὴ
1591 3441 1685 3493 καὶ
1718 3442 1751 3510 ἡ
1804 3442 2032 3511 στρατιὰ

2798 2727 2930 2784 CAP
2976 2726 3062 2780 Ill.

2120 2818 2197 2873 De
2228 2820 2446 2885 imperio
2484 2818 2722 2879 Ioviani,
2756 2818 2921 2885 deque
2953 2818 3020 2869 iis
3061 2831 3179 2884 qua:
3211 2824 3349 2868 recte
3403 2816 3704 2881 constituit,

2386 2900 2661 2958 postquam
2685 2889 2753 2941 ad
2778 2887 3069 2955 Imperium
3102 2894 3306 2940 evectus
3331 2897 3427 2939 est.

2196 2981 2329 3037 Post
2370 2982 2555 3048 hunc,
2588 2981 2868 3036 communi
2904 2980 3074 3034 totius
3104 2977 3387 3034 exercitus
3444 2977 3714 3047 sulfragio

2125 3074 2392 3131 Jovianus
2421 3075 2714 3145 imperium
2749 3073 2963 3144 accepit
2986 3074 2999 3103 ¹
3026 3111 3039 3126 .
3070 3072 3245 3137 Quem
3308 3087 3432 3125 cum
3506 3072 3709 3127 milites

2128 3170 2183 3223 in
2212 3167 2423 3224 hostico
2455 3167 2841 3236 imperatorem
2880 3164 3269 3219 renuntiarent
3303 3205 3317 3229 ,
3386 3164 3503 3231 ipse
3553 3161 3711 3217 Chri-

2130 3264 2371 3318 stianum
2406 3275 2466 3315 se
2492 3274 2614 3314 esse
2642 3257 2837 3313 dicens
2857 3298 2872 3322 ,
2901 3256 3197 3324 imperium
3231 3256 3540 3317 recusavit,
3608 3271 3711 3309 nec

2132 3354 2346 3424 imperii
2375 3353 2610 3422 insignia
2641 3351 2797 3419 prius
2830 3348 3071 3411 admisit,
3103 3363 3269 3418 quam
3296 3348 3521 3414 milites,
3552 3363 3707 3403 como

2137 3454 2287 3518 perta
2314 3443 2732 3500 detrectationis
2762 3456 2931 3496 causa
2954 3480 2968 3504 ,
3003 3455 3063 3495 se
3107 3454 3327 3510 quoque
3357 3438 3710 3494 Christianos

452 3530 695 3601 μαθοῦσα
722 3531 821 3600 τῆς
866 3533 1251 3603 παραιτήσεως
1280 3533 1378 3603 τὴν
1426 3532 1625 3598 αἰτίαν,
1660 3533 2024 3603 Χριστιανοὺς
2053 3529 2095 3588 C
2130 3554 2210 3594 ess

1954 3534 2024 3597 ιὺς
2053 3529 2095 3588 C
2130 3553 2251 3594 esse
2286 3536 2741 3606 proclamassent.
2781 3532 3033 3601 Cumque
3066 3546 3131 3585 ex
3169 3528 3367 3583 Iuliani
3407 3530 3712 3583 temeritate

450 3622 591 3677 εἶναι
620 3625 759 3691 σφᾶς
794 3624 1120 3697 έκέκραγον.
1157 3626 1245 3678 Ἐν
1300 3624 1531 3694 κινδύνῳ
1581 3624 1637 3677 δὲ
1688 3626 1784 3678 καὶ
1813 3629 2024 3697 ταραχῇ

449 3716 559 3768 τῶν
593 3717 936 3786 πραγμάτων
958 3718 1129 3770 ὄντων
1148 3718 1210 3769 ἐκ
1237 3720 1335 3786 τῆς
1366 3715 1650 3769 Ἰουλιανοῦ
1676 3716 2031 3787 στρατηγίας,

452 3807 768 3879 καμνούσης
799 3825 857 3860 τε
887 3809 987 3877 τῆς
1015 3810 1277 3879 στρατιᾶς
1309 3808 1487 3879 ἐνδείᾳ
1529 3807 1637 3860 τῶν
1686 3807 2030 3878 ἐπιτηδείων,

452 3901 747 3967 ἀναγκαῖον
778 3894 916 3953 εἶδεν
948 3902 1025 3961 εἰς
1060 3900 1361 3971 συμὸάσεις
1390 3899 1587 3961 ἐλθεῖν,
1611 3900 1889 3970 παραδούς
1914 3917 2035 3952 τινα

454 3993 690 4063 Πέρσαις
720 3992 826 4044 τῶν
846 3993 1123 4064 προτέρων
1162 3994 1449 4064 Ῥωμαίοις
1484 3993 1760 4047 ὑποτελῶν
1783 3994 1917 4066 (48).
1953 3995 2032 4065 Τῇ

452 4086 509 4138 δὲ
554 4086 719 4157 πείρᾳ
778 4086 997 4156 μαθὼν,
1054 4087 1159 4158 ὑπρ
1209 4087 1501 4157 θεομηνίας
1561 4086 1653 4140 τοῦ
1711 4087 1818 4158 πρὸ
1870 4087 2033 4141 αὑτοῦ

458 4177 875 4247 βασιλεύσαντος
914 4180 1099 4242 κακῶς
1131 4179 1324 4232 παθεῖν
1368 4181 1629 4249 ὑπήκοον,
1682 4180 1849 4250 μηδὲν
1895 4182 2034 4250 μελ-

456 4270 647 4336 λήσας,
680 4270 883 4341 ἔγραψε
919 4273 1030 4335 τοῖς
1075 4272 1400 4342 ἡγουμένοις
1449 4272 1556 4325 τῶν
1609 4274 1777 4326 ἐθνῶν
1825 4276 1882 4325 ἐν
1915 4278 2036 4339 ταῖς

470 4363 818 4431 Ἐκκλησίαις
867 4363 1234 4434 ἁθροίζεσθαι,
1286 4366 1380 4418 καὶ
1437 4365 1499 4417 τὸ
1554 4365 1707 4420 Θείον
1764 4367 2037 4436 ἐπιμελῶς

529 4500 546 4530 ⁸
575 4496 730 4553 Socr.
761 4498 857 4554 lib.
892 4514 972 4563 ιιι,
1006 4515 1055 4553 c.
1084 4498 1176 4551 22.

2134 3648 2223 3687 res
2279 3629 2334 3684 in
2370 3628 2695 3700 gravissimo
2725 3624 3048 3681 discrimine
3108 3632 3162 3678 et
3222 3623 3275 3675 in
3305 3620 3541 3675 maxima
3570 3619 3709 3673 dilli-

2135 3725 2337 3779 cultate
2368 3721 2687 3777 constituite
2717 3726 2925 3781 essent,
2960 3726 3014 3772 et
3039 3722 3452 3770 commeatuum
3481 3714 3710 3782 penuria

2133 3816 2407 3873 exercitus
2444 3814 2752 3876 laboraret,
2789 3811 3055 3867 .iovianus
3108 3824 3297 3880 pacem
3331 3822 3457 3861 cum
3511 3806 3702 3860 Persis

2135 3908 2453 3964 necessario
2498 3905 2808 3961 faciendam
2862 3919 2987 3958 esse
3018 3900 3431 3961 animadvertit,
3489 3898 3713 3953 traditis

2136 4003 2471 4074 quibusdam
2493 4000 2846 4071 regionibus,
2867 4014 2991 4069 qua:
3023 3996 3179 4067 prius
3211 4001 3371 4051 erant
3403 3992 3713 4047 tributariae

2137 4093 2537 4147 Romanorum.
2575 4091 2714 4145 Cum
2751 4097 2934 4144 autem
2980 4088 3365 4157 experimento
3393 4083 3713 4146 didicisset,

2138 4185 2219 4238 ira
2252 4184 2345 4240 Dei
2378 4184 2450 4239 ob
2472 4184 2783 4239 decessoris
2820 4182 2905 4237 sui
2946 4182 3286 4251 impietatem
3320 4180 3567 4233 invectas
3594 4190 3718 4230 esse

2137 4278 2478 4332 calamitates
2531 4275 2762 4346 imperio
2830 4273 3083 4329 Romano
3117 4312 3133 4337 ,
3200 4272 3336 4327 nihil
3395 4276 3710 4330 cunctatus,

2140 4369 2365 4440 scripsit
2426 4369 2735 4424 rectoribus
2773 4366 3206 4437 provinciarum,
3238 4371 3297 4419 ut
3352 4364 3409 4417 in
3447 4359 3715 4418 ecclesias

1630 4585 1891 4642 VALESII
1928 4584 2481 4642 ANNOTATIUNES.

532 4724 644 4796 (47)
668 4726 783 4801 ⁸’ᾘν
802 4725 1043 4801 γενέσια
1063 4725 1166 4801 τοᾷ
1191 4724 1671 4801 σειοζσι-ιοϋηᾷἰὶνοτί
1704 4738 1809 4801 non
1842 4723 2033 4801 inime-
2066 4721 2109 4775 D
2138 4721 2283 4801 Ba_s_il

1958 4736 2033 4801 ie-
2066 4721 2109 4775 D
2138 4721 2343 4801 Basilio
2363 4722 2482 4777 solo
2504 4722 2752 4801 consule.
2774 4732 3063 4801 postquam
3083 4719 3307 4801 scripsit
3326 4717 3716 4801 Constantino—

460 4793 569 4849 rito
596 4795 765 4860 subit,
804 4793 903 4852 eur
925 4797 1277 4851 Alexandrini
1308 4797 1447 4850 diem
1478 4796 1627 4848 illum
1663 4809 1771 4863 quo
1797 4793 2031 4857 ingentis

461 4866 610 4921 illius
628 4874 987 4925 terraemotus
1013 4868 1327 4921 memoriam
1346 4866 1639 4936 quotannis
1662 4864 2031 4936 celebrabant,

461 4936 682 5004 γενέσια
708 4937 1057 5007 appellarint.
1098 4936 1220 4993 Dies
1250 4934 1467 5007 quidem
1499 4935 1665 5007 l‘estos
1688 4935 1740 4987 in
1767 4934 2030 5007 honorem

464 5003 760 5078 martyrum
782 5003 1125 5078 aliorumque
1155 5003 1471 5063 sanctorum
1504 5006 1783 5059 hominum
1809 5003 2032 5078 institu-

465 5086 571 5143 tos,
596 5074 769 5131 (ἒπειτιεί
800 5074 1051 5145 γενέσια,
1073 5077 1251 5131 Latini
1286 5079 1492 5132 natales
1526 5091 1720 5130 vocare
1744 5074 1939 5134 solent,
1973 5082 2034 5126 ut

466 5148 648 5201 videre
673 5157 756 5202 est
787 5148 841 5201 in
875 5147 1294 5217 Martyrologiis.
1332 5146 1533 5201 Verum
1580 5146 1648 5217 de
1682 5155 1839 5217 terrae
1882 5152 2031 5217 metu

464 5218 517 5270 id
555 5219 660 5271 dici
717 5234 824 5272 non
887 5214 1066 5288 potest
1119 5214 1221 5273 nisi
1286 5220 1527 5272 abusive.
1594 5215 1787 5288 Metius
1830 5215 1883 5267 in
1927 5214 2030 5268 hu-

462 5288 701 5357 jusmodi
734 5286 901 5343 rebus
930 5289 1234 5359 ἀνάμνησις
1263 5292 1557 5359 diceretur,
1597 5286 1663 5359 id_
1688 5293 1772 5359 est
1827 5300 2032 5359 memo-

468 5360 548 5411 ria
576 5374 669 5412 seu
696 5356 1164 5413 commemoratio.
1216 5359 1276 5413 lli
1307 5360 1452 5415 enim
1502 5358 1619 5411 dies
1644 5356 1787 5417 festi,
1817 5356 2035 5424 pr0prie

468 5429 701 5482 instituti
734 5438 862 5485 sunt
885 5430 951 5483 ad
980 5430 1343 5485 renovandam
1397 5427 1690 5498 quotannis
1715 5426 2035 5498 memoriam

468 5500 714 5569 beneficii
770 5501 915 5555 illius
948 5540 963 5565 ,
1030 5500 1172 5569 quod
1227 5515 1255 5553 a
1314 5496 1429 5553 Deo'
1473 5498 1663 5569 semel,
1700 5496 2031 5569 accepimus.

471 5569 561 5624 Sic
615 5568 961 5627 Marcellinus
995 5566 1192 5625 Comes
1225 5570 1276 5623 in
1313 5570 1601 5633 Chronico,
1653 5567 1951 5621 indictione
1982 5566 2035 5629 3,

2141 4793 2305 4863 polim
2337 4809 2431 4862 per
2472 4795 2830 4863 continuos,"
2863 4793 2981 4846 dies
3022 4793 3347 4863 gravissimo
3377 4796 3536 4863 terrai
3567 4794 3720 4863 motu

2141 4856 2463 4918 concussam
2502 4864 2694 4927 fuisse,
2725 4862 2877 4916 addit
2909 4881 2921 4915 :
2965 4856 3118 4915 Hanc
3148 4859 3549 4926 formidolosum
3578 4856 3720 4910 diem

2140 4935 2393 5004 Byzantii
2415 4934 2679 4988 celebrant
2706 4935 2738 4988 8
2768 4933 3036 4988 Kalendas
3060 4930 3322 5004 Octobris.
3357 4929 3632 5004 Cteterum
3673 4928 3721 4983 si

2142 5000 2265 5075 quis
2296 5007 2440 5060 scire
2464 5006 2759 5066 desiderat,
2788 5002 3142 5075 quonamdie
3174 5000 3540 5075 Ale;andrini_
3560 5006 3719 5051 nata-

2142 5070 2247 5130 lem
2299 5088 2456 5131 terra:
2509 5085 2692 5130 motus
2751 5070 2899 5128 illius
2967 5071 3386 5135 celebraverint,
3450 5070 3733 5124 habemus.

2142 5148 2296 5201 illum
2334 5162 2397 5200 ex
2437 5147 2722 5199 Ammiano
2755 5144 3068 5198 Marcellino
3121 5144 3173 5197 in
3240 5142 3377 5195 libro
3438 5155 3563 5194 xxvn
3592 5178 3607 5201 ,
3654 5154 3720 5192 ex

2143 5216 2324 5271 Fastis
2360 5217 2520 5272 ldatii
2542 5257 2556 5281 ,
2583 5218 2727 5271 diem
2762 5216 2974 5270 scilicet
3018 5212 3407 5268 duodecimum
3444 5208 3731 5263 Kalendas.

2141 5287 2393 5342 Augusti.
3262 5300 3270 5310 '

2213 5304 2485 5428 ἱῆιιίζῗῑῗῶν
2504 5356 2803 5425 προτέρων
2835 5354 3152 5428 γῬωμαίοις
3172 5348 3682 5428 ’ὑποτεξῶνκδοτί
3695 5378 3720 5389 -

2145 5419 2383 5483 bendum
2418 5436 2503 5483 est
2535 5419 2919 5502 proculdubio
2950 5419 3054 5502 τῶν
3080 5423 3370 5502 πρότερον..
3399 5419 3555 5502 Quod
3586 5433 3721 5502 cum

2144 5502 2475 5571 interpretes
2514 5491 2623 5553 non
2659 5491 3192 5559 animadvertissent,
3225 5491 3550 5564 gravissime.
3586 5491 3720 5558 lapsi

1958 5698 2344 5756 VARIORUM.

474 5812 651 5861 coma,
681 5798 772 5868 qui
830 5798 1008 5868 ipsum
1072 5798 1125 5852 in
1166 5798 1396 5868 Pliizygia
1444 5798 1767 5852 moriturum
1808 5798 1855 5850 ei
1890 5798 2044 5851 visus

472 5877 590 5922 erat
624 5870 942 5938 praedicere.
1000 5870 1134 5923 Cum
1190 5870 1356 5938 igitur
1412 5869 1645 5923 letaliter
1696 5870 2045 5931 vulneratus,

482 5942 659 5994 locum
714 5941 863 5995 illum
926 5941 979 5995 in
1025 5957 1134 6011 quo
1194 5950 1376 5997 castra
1434 5941 1705 6003 habebat,
1757 5939 2045 6010 Phrygiam

2154 5795 2417 5866 appellari
2470 5793 2778 5866 didicisset,
2829 5791 3173 5848 exclamasse
3222 5788 3472 5845 dicitur;
3526 5785 3571 5843 0
3615 5783 3722 5847 sol,

2152 5864 2433 5921 Jttli'animt
2465 5864 2763 5935 perdidisti.
