4452 6598
425 464 550 521 1501

1373 449 1699 514 HISTORIA
1732 448 2293 511 ECCLESIASTICA.
2335 486 2403 495 —
2436 454 2574 510 LIB.
2610 454 2700 511 Vl.

3524 460 3659 517 £309

422 577 571 629 σιῶν.
618 575 898 628 Ἰουλιανοῦ
932 576 1037 644 γὰρ
1066 573 1451 643 βασιλεύοντος,
1480 569 1555 631 ὡς
1586 567 1860 629 παντελῶς
1884 567 1977 619 τοῦ
2012 572 2052 624 Α
2080 564 2180 619 Juli

1900 567 1977 619 τοῦ
2012 572 2052 624 Α
2080 564 2293 619 .Inliano
2318 567 2538 636 quidem
2598 566 2896 635 regnante.)
2952 581 3075 620 cum
3109 566 3421 623 Christiana
3466 569 3658 639 religio

420 663 845 734 Χριστιανισμού
879 663 1275 723 κινδυνεύοντος
1298 705 1313 726 ,
1360 658 1589 729 ἡσυχίαν
1629 654 1794 728 ἦγονο
1833 659 1980 726 κοινῇ

416 755 473 806 δὲ
497 756 697 816 πάντες
723 755 812 806 τὸν
838 753 971 806 Θεὸν
1010 754 1268 815 ἱκέτευον,
1307 751 1463 803 ἵλεων
1492 748 1677 811 αὐτοῖς
1706 748 1978 816 γενέσθαι.

417 843 573 897 υῦτω
610 860 686 913 πη
728 846 841 907 τοῖς
894 843 1201 912 ἀνθρώποις
1241 840 1421 909 φίλον,
1472 840 1602 911 παρ’
1645 838 1847 908 ἐτέρων
1884 839 1982 908 μὲν

417 933 817 1004 ἀδικουμένοις,
849 934 984 1004 πρὸς
1015 932 1076 986 τὸ
1107 933 1377 1004 ὁμόφυλον
1408 932 1652 1002 ὁμονοεῖν
1678 946 1692 961 ο
1734 930 1981 999 ἀπηλλα-

413 1025 633 1096 γμένοις
675 1025 732 1079 δὲ
774 1024 879 1078 τῶν
918 1024 1115 1088 ἔξωθεν
1150 1024 1356 1084 κακῶν.
1411 1022 1546 1094 πρὸς
1593 1023 1732 1090 σφᾶς
1786 1021 1980 1084 αὐτοὺς

415 1116 745 1180 στασιάζειν.
786 1115 923 1166 Ἀλλ’
981 1116 1132 1179 ὅσαις
1178 1115 1275 1185 μὲν
1314 1114 1612 1177 πολιτείαις
1664 1117 1756 1167 καὶ
1805 1115 1977 1168 ἔθνεσι

410 1206 569 1259 τοῦτο
609 1206 804 1276 συνέϐη
828 1249 841 1271 ,
895 1208 953 1259 ού
986 1207 1078 1259 τού
1112 1206 1379 1277 παρόντος
1426 1206 1620 1276 καιροῦ
1657 1208 1978 1274 καταλέγειν

411 1295 546 1349 ὲστί.
574 1296 709 1366 Περὶ
736 1296 792 1348 δὲ
818 1295 1005 1348 τοῦτον
1036 1296 1126 1347 τὸν
1152 1296 1359 1366 χρόνον,
1393 1296 1665 1359 Βασίλειος
1704 1299 1730 1347 ὁ
1778 1296 1974 1363 ’.ιγκύ-

414 1402 511 1457 ρας
535 1385 849 1449 ἐπίσκοπος,
914 1387 1005 1439 καὶ
1035 1387 1290 1450 Σιλὸανὸς
1324 1390 1351 1440 ό
1378 1388 1612 1458 Ταρσοῦ,
1647 1390 1738 1441 καὶ
1765 1389 1977 1459 Σωφρό-

410 1493 519 1540 νιος
544 1477 573 1528 ὁ
603 1477 1125 1547 Πομπηϊουπόλεως,
1168 1478 1262 1531 καὶ
1291 1481 1339 1531 οἱ
1380 1480 1477 1532 σὺν
1508 1480 1707 1541 αὐτοῖς,
1743 1480 1841 1549 τὴν
1869 1479 1977 1531 τῶν

422 1567 711 1637 Ἀνομοίων
752 1568 1099 1640 καλουμένων
1140 1571 1351 1641 αἵρεσιν
1384 1572 1847 1642 ἀποστρεφόμενοι
1876 1614 1889 1635 ,
1920 1574 1977 1625 τὸ

407 1654 463 1705 δὲ
497 1657 832 1722 ὁμοιοούσιον
858 1658 1029 1727 ὄνομα
1069 1659 1187 1711 ἀντὶ
1219 1659 1310 1711 τού
1338 1660 1621 1730 ὁμοουσίου
1672 1662 1972 1729 δεχόμενοι,

410 1744 609 1812 βιϐλίον
660 1746 735 1816 τῷ
783 1746 994 1815 βασιλεῖ
1035 1748 1432 1817 διεπέμψαντω
1484 1752 1641 1821 χάριν
1696 1750 1837 1820 ἔχειν
1899 1750 1975 1820 τῷ

406 1835 525 1905 Θεῷ
553 1838 957 1907 ὁμολογοῦντες,
991 1840 1071 1892 ὅτι
1104 1840 1268 1892 αὑτὸν
1299 1843 1674 1910 προεστήσατο
1701 1843 1801 1913 τῆς
1842 1843 1970 1895 Ῥω-

2086 657 2138 709 in
2171 671 2383 711 summo
2405 654 2721 711 discrimine
2746 664 3068 710 versaretur
3089 695 3103 720 ,
3133 656 3286 711 taciti
3318 672 3511 712 omnes
3532 658 3657 727 qui-

2082 756 2329 810 everant,
2367 746 2711 816 junctimque
2745 745 2855 801 Deo
2904 747 3370 818 supplicaverant,
3430 758 3491 802 ut
3521 748 3659 818 ipsis

2081 838 2352 907 propitius
2371 846 2538 893 esset.
2570 836 2694 891 Haec
2725 837 2869 891 enim
2894 836 3005 893 fere
3030 839 3371 894 consuetudo
3400 847 3487 895 est
3506 854 3657 894 mor-

2082 928 2295 994 talium,
2320 936 2399 993 ut,
2426 928 2553 983 dum
2577 928 2644 981 ah
2670 928 2869 983 exteris
2888 928 3155 982 laeduntur
3180 969 3195 993 ,
3219 945 3341 983 cum
3367 930 3656 986 tribulibus

2081 1020 2197 1075 suis
2217 1020 2561 1073 concordiam
2599 1028 2817 1074 servent
2853 1037 2867 1074 :
2896 1028 3179 1088 postquam
3214 1036 3342 1075 vero
3382 1021 3449 1075 ab
3474 1031 3654 1075 extra-

2081 1126 2307 1167 neorum
2336 1119 2481 1165 mctu
2511 1112 2719 1164 liberarii
2764 1117 2912 1174 sunt,
2944 1110 3045 1180 ipsi
3073 1112 3214 1165 inter
3242 1127 3301 1166 se
3320 1110 3648 1165 dissideant.

2082 1204 2279 1259 Verum
2333 1212 2465 1274 quot
2506 1205 2758 1275 gentibus
2819 1220 2880 1257 ac
2948 1205 3263 1259 civitatibus
3320 1203 3465 1258 istud
3510 1220 3643 1257 con-

2079 1297 2281 1365 tigerit,
2316 1312 2421 1349 non
2479 1305 2561 1349 est
2618 1295 2779 1362 hujus
2832 1294 3093 1362 temporis
3155 1308 3465 1347 recensere.
3516 1293 3636 1347 Cae-

2080 1396 2255 1440 terum
2286 1403 2381 1455 per
2414 1386 2465 1441 id
2527 1395 2744 1455 tempus
2809 1384 3043 1439 Basilius
3090 1387 3340 1454 Ancyrae,
3395 1384 3656 1440 Silvanus

2080 1476 2258 1538 Tarsi,
2286 1476 2647 1546 .Sophronius
2692 1475 3089 1544 Pompeiopolis
3116 1476 3381 1545 episcopi,
3453 1477 3655 1545 aliique

2077 1567 2319 1635 ejusdem
2343 1582 2463 1621 cum
2510 1567 2641 1636 ipsis
2685 1567 3004 1632 sententiae,
3054 1567 3143 1633 qui
3191 1566 3650 1621 Anomaeanorum

2076 1658 2293 1727 quidem
2360 1659 2665 1712 doctrinam
2718 1657 3134 1716 aversabantur,
3192 1657 3353 1726 223
3420 1658 3651 1711 similem

2079 1763 2207 1801 vero
2257 1747 2565 1803 substantia
2624 1761 2720 1814 pro
2777 1746 3231 1799 consulistantiali
3294 1748 3651 1807 admiserant,

2078 1838 2315 1893 libellum
2344 1839 2411 1892 ad
2439 1840 2815 1907 imperatorem
2844 1840 3131 1902 miserunt,
3154 1854 3262 1908 quo
3286 1838 3651 1901 testabantur,

410 1927 582 1995 μαίων
625 1929 817 1999 ἀρχῆς.
874 1929 1125 1999 Ἐζήτουν
1167 1931 1223 1983 δὲ
1284 1932 1313 2000 ἢ
1354 1932 1421 1983 τὰ
1567 1933 1823 2003 ’Λριμίνῳ
1878 1951 1976 1985 πε·
2012 1914 2050 1970 Β
2081 1946 2168 1999 gra

1891 1951 1976 1985 ιτε-
2012 1914 2050 1970 B
2081 1930 2286 1999 gratias
2321 1929 2539 1999 quidem
2566 1948 2624 1985 se
2657 1930 2762 1983 Deo
2793 1945 2971 1998 agere,
3003 1931 3144 1999 quod
3188 1931 3364 1998 ipsum
3404 1930 3649 1981 liomano

406 2017 698 2087 πραγμὲνα
750 2022 841 2070 καὶ
888 2020 1209 2091 Σελευκείᾳ,
1264 2022 1428 2090 κύρια
1484 2022 1698 2093 μένειν,
1757 2025 1848 2076 καὶ
1909 2024 1977 2078 τὰ

408 2110 610 2180 σπουδῇ
644 2110 735 2161 καὶ
779 2112 1004 2180 δυνάμει
1047 2113 1210 2165 τινῶν
1244 2115 1508 2184 γενόμενα
1556 2118 1744 2186 ἀργεῖν
1767 2135 1778 2147 ·
1818 2118 1850 2187 ἢ
1882 2117 1976 2171 τοῦ

408 2201 701 2270 σχίσματος
722 2203 831 2272 (51)
868 2202 957 2256 τού
982 2205 1208 2274 πρὸτῶν
1230 2206 1456 2257 συνόδων
1481 2210 1595 2267 ταῖς
1635 2207 1978 2277 Ἑκκλησίαις

412 2294 680 2361 μένοντος,
730 2297 1149 2365 συγχωρηθῆναι
1176 2301 1301 2360 τοὺς
1342 2302 1587 2369 πανταχῆ
1621 2303 1975 2363 ἐπισκόπους,

406 2385 602 2448 αὐτοὺς
675 2386 795 2439 καθ’
848 2389 1073 2451 ἑαυτοὺς
1138 2391 1260 2442 ὅποι
1333 2392 1608 2460 βούλονται
1682 2394 1975 2455 συνελθεῖν,

408 2477 634 2546 μηδενὸς
669 2478 825 2532 ἄλλου
846 2479 1223 2543 κοινωνούντος
1264 2482 1374 2550 (52)
1409 2500 1420 2511 ⁸
1460 2485 1533 2551 μὴ
1588 2488 1888 2555 προχωρεῖν
1924 2486 1978 2539 δὲ

407 2569 545 2620 κατὰ
594 2571 790 2621 σκοπὸν
835 2572 902 2622 τὰ
942 2572 1401 2641 ἐπιχειρούμενα,
1456 2577 1565 2636 τοῖς
1616 2578 1672 2625 ὲν
1716 2576 1871 2645 μέρει
1926 2593 1978 2627 τι

408 2660 747 2729 βουλομένοις
777 2664 1035 2733 πράττειν
1069 2665 1101 2734 ἢ
1133 2663 1439 2734 ἐξαπατᾷν,
1470 2665 1545 2727 ὡς
1578 2666 1667 2717 ἐπὶ
1699 2667 1979 2720 Κωνσταν·

405 2751 515 2803 τίου
552 2753 644 2805 τού
684 2754 961 2823 βασιλέως.
1033 2757 1281 2827 Ἐδήλουν
1328 2759 1402 2821 δὲ,
1450 2760 1525 2829 μὴ
1575 2760 1977 2828 παραγενέσθαι

406 2844 543 2910 σφᾶς
598 2847 674 2907 είς
716 2849 774 2899 τὸ
819 2849 1208 2918 στρατόπεδον.
1249 2850 1386 2901 ὥστε
1431 2853 1502 2918 μὴ
1550 2850 1809 2920 ὀχληροὺς
1841 2848 1977 2905 εἶναι

402 2933 597 2986 δοκεῖνδ
647 2940 695 2988 εἰ
744 2937 799 2989 δὲ
830 2939 1204 3007 ἐπιτραπείεν,
1235 2942 1486 3011 ἁσμένως
1524 2944 1677 2995 τούτο
1709 2947 1974 3016 ποιήσειν,

405 3027 715 3095 ὑποζυγίοις
750 3030 893 3093 ἱδέοις
924 3035 1015 3085 καὶ
1047 3033 1258 3103 δαπάνῃ
1276 3036 1589 3103 χρωμένους
1613 3036 1744 3103 {53).
1790 3038 1895 3089 Καὶ
1926 3040 1977 3088 οί

408 3120 528 3189 μὲν,
560 3122 729 3173 τοιάδε
775 3124 1011 3193 Ἰοϐιανῷ
1038 3126 1114 3194 τῷ
1149 3126 1357 3195 βασιλεί
1380 3128 1644 3199 ἔγραψαν.
1693 3131 1779 3182 Ἐν
1805 3134 1977 3201 τούτῳ

405 3211 461 3262 δὲ
508 3214 725 3264 συνόδου
786 3218 1081 3286 γενομένης
1141 3218 1197 3269 ὲν
1262 3218 1557 3290 Ἀντιοχείᾳ.
1610 3220 1709 3291 τῆς
1757 3222 1972 3293 Συρίας,
2003 3251 2044 3307 C

409 3301 716 3368 βεϐαιοῦται
750 3306 861 3357 τῶν
897 3308 956 3359 ἐν
1008 3308 1209 3379 Νικαίᾳ
1244 3310 1678 3381 συνεληλυθότων
1711 3315 1742 3383 ἡ
1774 3314 1972 3378 πίστις,

406 3393 499 3445 καὶ
522 3398 731 3465 κρατεῖ,
751 3396 888 3450 ὥστε
921 3400 1203 3470 ἀναμφηρί
1223 3398 1414 3471 [σ]τως
1438 3403 1529 3455 τὸν
1558 3406 1683 3456 Υίὸν
1704 3405 1779 3474 τῷ
1809 3407 1978 3477 Πατρὶ

403 3484 643 3550 δοξάζειν
695 3490 998 3559 όμοούσιον.
1077 3494 1471 3565 Ἐκοινώνησαν
1528 3498 1585 3549 δὲ
1640 3499 1837 3568 ταύτης
1879 3503 1976 3571 τῆς

405 3580 621 3633 συνόδου
661 3583 939 3649 Μελέτιος,
975 3585 1031 3649 ὃς
1061 3587 1181 3638 τότε
1202 3587 1369 3657 αὐτῆς
1402 3588 1497 3657 τῆς
1517 3590 1842 3659 Ἀντιοχείας
1866 3592 1977 3657 (54)

402 3669 502 3742 τὴν
550 3670 873 3743 Ἐκκλησίαν
908 3669 1269 3746 ἐπετρόπευε,
1318 3679 1409 3731 καὶ
1450 3680 1706 3742 Εὐσέϐιος
1736 3682 1764 3732 ὁ
1800 3683 1974 3751 Σαμο-

407 3759 616 3825 σάτων,
667 3763 761 3815 καὶ
806 3764 1069 3833 Πελάγιος
1091 3768 1119 3819 ὁ
1154 3768 1474 3832 Λαοδικείας
1504 3770 1603 3839 τῆς
1639 3771 1843 3842 Σύρων,
1883 3775 1975 3826 καὶ

414 3852 669 3917 Ἀκὰκιος
699 3856 727 3907 ὀ
757 3857 1090 3927 Καισαρείας
1116 3860 1214 3928 τῆς
1252 3861 1637 3933 Παλαιστίνης,
1674 3865 1776 3917 καὶ·
1805 3866 1972 3937 Εἰρη-

406 3943 532 3995 νίων
584 3945 612 3996 ὁ
644 3945 682 3995 Γ
686 3945 871 4009 αζαῖος
901 3947 1045 4015 (53),
1078 3950 1170 4003 καὶ
1222 3948 1535 4013 Ἀθανάσιος
1584 3952 1612 4003 ὁ
1678 3952 1971 4024 Ἀγκύρας.

404 4032 589 4086 Ταῦτα
639 4035 693 4087 δὲ
752 4036 1088 4105 πράξαντες,
1156 4038 1430 4107 ἐδήλωσαν
1502 4041 1580 4109 τῷ
1641 4041 1851 4111 βασιλεῖ
1902 4046 1967 4098 τὰ

401 4125 649 4190 δόξαντα,
682 4129 989 4196 γράψαντες
1027 4124 1148 4184 ὧδε·

2082 2023 2312 2092 impcrio
2366 2020 2718 2092 prchecisset.
2756 2021 3109 2076 Postulabant
3145 2032 3331 2075 autem
3380 2032 3438 2075 ut
3471 2021 3553 2075 vel
3592 2038 3653 2075 ea

2082 2130 2203 2184 qua:
2234 2114 2468 2168 Arimini
2507 2126 2561 2168 et
2592 2114 2853 2168 Seleuciae
2895 2124 3044 2182 gesta
3074 2125 3251 2173 erant,
3287 2121 3402 2166 rata
3444 2130 3655 2183 perma-

2084 2216 2295 2266 nerent,
2339 2220 2402 2261 ea
2428 2220 2558 2260 vero
2587 2220 2707 2273 qua:
2732 2206 2915 2257 studio
2934 2221 2995 2257 ac
3024 2208 3263 2274 potentia
3287 2207 3650 2275 quorumdam

2081 2308 2200 2351 aeta
2228 2297 2466 2361 fuerant,
2488 2297 2641 2351 irrito
2677 2307 2892 2351 essent:
2928 2296 3011 2350 vel
3040 2306 3294 2350 manente
3326 2299 3507 2366 priore
3539 2298 3655 2352 dis-

2082 2390 2223 2445 sidio
2265 2391 2410 2460 quod
2441 2398 2567 2444 ante
2600 2390 2723 2443 illas
2759 2390 3001 2459 synodos
3035 2390 3085 2441 in
3135 2388 3398 2445 Ecclesiis
3431 2390 3649 2452 fuerat,

2080 2483 2337 2538 omnibus
2364 2483 2566 2553 ubique
2599 2483 2880 2551 episciipis
2910 2498 3236 2551 quocunque
3273 2482 3471 2535 Vellent
3508 2480 3649 2544 loco,

2084 2577 2135 2629 in
2167 2591 2336 2630 unum
2370 2577 2669 2631 convenire
2703 2576 2913 2639 liceret,
2949 2576 3167 2628 nemine
3193 2574 3299 2627 alio
3340 2574 3395 2627 in
3428 2588 3652 2626 conses-

2082 2682 2200 2721 sum
2240 2665 2516 2731 admisso;
2560 2676 2725 2736 utque
2775 2666 3001 2720 consilia
3045 2682 3233 2720 eorum
3264 2666 3354 2734 qui
3402 2680 3650 2718 seorsum

2081 2760 2359 2831 quidpiam
2394 2774 2556 2830 agere
2587 2768 2638 2812 et
2672 2760 2807 2811 alios
2837 2758 3089 2826 decipere
3120 2758 3343 2818 vellent,
3393 2756 3654 2825 quemad-

2083 2855 2299 2907 modum
2336 2854 2682 2921 imperatoris
2721 2850 3031 2904 Constantii
3064 2850 3404 2919 tetnporibus
3439 2848 3652 2903 accide-

2084 2956 2185 3003 rat,
2228 2960 2568 3014 nequaquam
2602 2944 2665 2997 ad
2698 2944 2903 2997 exitum
2938 2942 3159 3011 perduci
3196 2943 3526 2996 sinerentur.
3562 2940 3648 2995 Si-

2082 3038 2408 3107 gnificat-unt
2439 3047 2699 3105 praeterea
2740 3051 2798 3089 sc
2829 3035 2893 3087 ad
2923 3034 3246 3089 comitatum
3282 3052 3390 3089 non
3412 3034 3651 3100 venisse,

2082 3147 2149 3186 ne
2181 3131 2398 3185 molesti
2431 3146 2553 3185 esse
2611 3128 2946 3183 viderentur.
2987 3127 3041 3181 Si
3094 3143 3220 3182 vero
3256 3128 3444 3181 venire
3487 3128 3650 3195 jube—

2083 3232 2292 3285 rentur,
2329 3238 2386 3276 se
2420 3238 2520 3275 suo
2549 3231 2767 3289 sumptu
2804 3235 2865 3273 ac
2896 3221 3134 3291 propriis
3168 3222 3429 3287 iumentis
3465 3221 3516 3275 id
3549 3236 3652 3275 cu-

2081 3317 2201 3385 pide
2241 3315 2504 3369 facturos.
2534 3316 2708 3381 Atque
2742 3313 2827 3366 isti
2862 3312 3081 3381 quidem
3117 3313 3229 3365 haec
3261 3311 3325 3363 ad
3360 3310 3648 3366 Jovianum

2080 3411 2461 3477 imperatorem
2492 3407 2784 3474 scripsere.
2828 3404 2925 3457 l‘er
2959 3404 3101 3456 idem
3139 3411 3375 3473 tempus,
3407 3419 3531 3457 cum
3562 3418 3651 3472 sy-

2078 3498 2255 3554 nodus
2300 3497 2603 3551 Antiochia:
2654 3498 2705 3549 in
2756 3494 2912 3565 Syria
2945 3503 3094 3547 esset
3123 3503 3481 3564 congregata,
3516 3496 3651 3549 fides

2076 3608 2268 3647 eorum
2319 3591 2409 3658 qui
2472 3588 2661 3642 Nicane
2716 3588 2847 3640 olim
2897 3597 3274 3640 convenerant
3326 3586 3650 3640 confirmata

2075 3692 2161 3737 est
2205 3690 2583 3749 statutumque
2640 3688 2696 3730 ut
2729 3677 2845 3732 sine
2885 3676 3262 3730 controversia
3294 3674 3463 3729 Filius
3498 3674 3650 3729 Patri

2075 3770 2569 3828 consubstantialis
2604 3770 2673 3823 ab
2704 3768 2961 3823 omnibus
3000 3768 3336 3822 crederetur.
3376 3766 3648 3822 lnterfne—

2075 3874 2204 3921 runt
2255 3865 2382 3919 huic
2435 3861 2668 3935 synodo,
2721 3860 2974 3915 lllelctius
3022 3861 3115 3930 qui
3165 3861 3423 3914 Ecclesia:
3457 3860 3650 3913 Antio-

2073 3960 2262 4017 cbenae
2302 3968 2431 4011 tunc
2472 3956 2657 4010 denuo
2687 3955 3034 4025 praesidebat,
3064 3966 3117 4009 et
3147 3952 3420 4008 Eusebius
3449 3953 3650 4006 Samo-

2075 4050 2316 4103 satensis
2346 4049 2661 4115 episcopus,
2700 4055 2753 4097 et
2802 4045 3051 4115 Pelagius
3102 4044 3382 4100 Laodiceae
3411 4060 3531 4115 qua:
3565 4053 3663 4101 est.

2074 4144 2128 4197 in
2163 4140 2357 4211 Syria;
2398 4139 2627 4192 Aeacius
2656 4138 2780 4190 item
2818 4138 3077 4194 thsarea:
3110 4138 3434 4201 Palaestinae,
3465 4146 3518 4192 ct
3542 4139 3652 4192 Iret

1592 4291 1859 4349 VALESII
1901 4296 2451 4354 ANNOTATIONES.

471 4374 584 4446 (51)
609 4374 682 4447 ’Ἠ
704 4374 808 4447 (οὗ
828 4376 1012 4429 αὐτοῦ
1033 4379 1262 4447 opina:
1276 4400 1358 4445 ος.
1385 4380 1439 4433 In
1456 4384 1645 4437 codice
1670 4383 1971 4439 Fnketiano

403 4455 456 4499 et
501 4444 653 4524 apud
720 4444 1110 4524 _N.iclepliort_i.nr
1148 4444 1353 4524 legitur
1408 4462 1738 4524 σχίσματος.
1812 4458 1969 4524 longe

403 4516 625 4577 rectius,
678 4516 730 4567 ni
765 4514 941 4569 fallor.
1003 4516 1131 4571 Nam
1163 4514 1288 4574 ante
1331 4514 1747 4578 Ariminensem
1781 4514 1968 4579 Selen-

2083 4390 2378 4458 parmeialn
2412 4406 2564 4443 suam
2599 4406 2953 4459 congregare,
2987 4390 3204 4443 nemine
3252 4390 3360 4443 alio
3390 4393 3573 4459 episeo

2081 4469 2364 4525 praesente.
2400 4460 2454 4513 ln
2490 4461 2676 4515 codice
2704 4460 3005 4513 Fukctiano
3045 4470 3307 4527 scriptum
3334 4463 3517 4521 inverti
3549 4460 3646 4518 ἄλ-

2076 4529 2204 4593 λοις.
2252 4530 2423 4600 Qnam
2463 4532 2787 4600 scripturam
2826 4532 2869 4583 si
2898 4544 3211 4600 sequamur,
3249 4532 3335 4584 hic
3378 4534 3481 4585 erit
3520 4550 3647 4590 sen-

402 4585 928 4669 piense'concilium.
976 4586 1229 4669 .Eeclesia
1263 4594 1623 4669 “gravissimo
1678 4596 1974 4669 schismate
2008 4603 2049 4655 D
2081 4585 2181 4653 sus
2211 4619 2221 4652 :
2262 4585 2340 4654 ῙᾸι
2368 4601 2549 4655 nullus
2578 4585 2870 4669 episcopus
2901 4585 3140 4652 Orientis
3162 4585 3285 4653 cum
3318 4585 3644 4660 Occidenta-

402 4655 702 4733 laborabat.
752 4654 862 4722 jam
897 4657 1022 4710 inde
1060 4676 1086 4733 a
1119 4660 1355 4733 concilio
1390 4662 1721 4726 Serdiccnsi,
1772 4667 1823 4718 in
1859 4682 1966 4733 quo

401 4735 557 4801 rupta
600 4724 790 4801 fuerat_
812 4729 1124 4801 conminuit)
1159 4732 1295 4782 inter
1322 4729 1624 4785 Orientales
1657 4724 1816 4801 atque
1858 4724 1961 4789 0t:-

400 4794 721 4848 cidentales.
753 4795 848 4849 Cui
874 4798 1015 4849 malo
1039 4806 1094 4849 ut
1124 4802 1428 4853 mederetur
1453 4794 1826 4862 Constantius.
1855 4808 1965 4860 1Ιὲιῖίῖ

400 4864 509 4917 duo
556 4866 939 4933 episcoporum
976 4869 1205 4921 concilia
1262 4881 1676 4925 convocaverat.
1736 4874 1839 4928 Sed
1880 4892 1963 4931 res

401 4934 666 4987 infelicem
689 4944 938 4988 eventum
974 4940 1164 4991 sortita
1199 4947 1299 4992 est.

472 5004 579 5071 (52)
611 5005 881 5070 Μηδενός
906 5006 1098 5061 diluo
1138 5011 1583 5075 κου-ωνοῦιτης.
1632 5012 1751 5066 ΙΙιυρ
1805 5019 1965 5070 verba

399 5072 737 5153 i‘iicephorus
766 5077 1208 5153 de_s:ccularilins
1237 5080 1521 5153 judicihus
1546 5072 1835 5151 exposuit,
1869 5088 1959 5153 qui

402 5146 808 5220 imperatorum
840 5146 1020 5220 jussu.
1057 5149 1303 5220 synodis
1359 5146 1736 5220 episeopormn
1795 5146 1958 5208 inter-

399 5225 575 5268 erant.
611 5214 704 5269 Sic
725 5218 869 5293 enim
897 5216 1007 5269 haec
1049 5214 1806 5293 Sii_zo:iieiii_vel'ba'reddidit
1839 5242 1851 5286 ;
1888 5227 1959 5293 μή

399 5301 541 5348 τινος
582 5286 847 5355 κοσμικο)
889 5289 1284 5352 κοινωνούντος.
1335 5290 1570 5346 PUSsttnt
1624 5303 1803 5347 tamen
1851 5286 1963 5348 haec

400 5356 819 5428 verba_intelligi
861 5356 927 5409 de
980 5358 1110 5425 ipsis
1138 5361 1430 5428 episcopis,
1465 5377 1527 5416 ac
1574 5362 1806 5417 fortasse
1845 5379 1959 5417 me-

402 5426 525 5479 lius.
559 5425 817 5478 Petebant
858 5430 1001 5479 enim
1047 5425 1618 5491 “miliae-Silvanus,
1654 5447 1705 5484 et
1753 5434 1866 5493 alii,
1904 5443 1961 5486 ut

402 5497 590 5549 liceret
631 5498 863 5567 singulis
918 5503 1191 5567 (‘p'St'tipis
1244 5518 1490 5553 seorsum
1542 5503 1782 5573 synodos
1823 5504 1962 5556 intra

2080 4670 2223 4723 libus
2249 4672 2642 4731 communicet,
2669 4671 2751 4724 vel
2777 4677 2989 4723 contra.

2144 4740 2253 4806 (55)
2291 4742 2397 4792 Καὶ
2440 4741 2600 4793 πάνυ
2630 4740 2988 4808 χρωμένους.
3028 4737 3183 4793 llunc
3225 4740 3401 4794 locum
3430 4746 3646 4799 correxi

2074 4826 2136 4862 ex
2164 4812 2354 4865 codice
2384 4808 2701 4868 Fuketiano.
2726 4814 2776 4862 in
2802 4825 2912 4877 quo
2934 4810 3133 4879 diserte
3156 4812 3415 4879 scriptum
3442 4821 3523 4867 est
3553 4815 3647 4867 καὶ

2072 4879 2304 4951 δαπάνῃ.
2353 4880 2503 4948 Apud
2537 4880 2898 4947 Nicephorum
2929 4878 2981 4951 in
3018 4894 3161 4951 capt
3186 4878 3413 4935 illlibri
3443 4882 3641 4937 decimi

2072 4948 2339 5010 δαπάναις
2381 4953 2598 5019 legitur,
2630 4952 2772 5019 quod
2816 4958 2899 5019 est
2931 4948 3256 5014 elegantius.

2145 5020 2257 5085 (δι)
2300 5024 2402 5083 Ὃς
2435 5016 2565 5072 τότε
2596 5017 2910 5085 αὑτῆς-,τῆς
2962 5019 3341 5085 ’Λα-τιοχείας.
3390 5016 3643 5076 Scribon-

2067 5090 2194 5141 dtnn
2241 5084 2385 5157 puto
2460 5090 2517 5151 ὃς
2574 5091 2692 5141 τότε
2739 5084 2927 5149 αὖθις,
3017 5084 3161 5140 etcf
3205 5086 3337 5140 Nam
3394 5087 3644 5144 Meletius

2071 5169 2200 5211 tunc
2254 5158 2650 5214 Antiochenam
2702 5159 2886 5211 sedem
2916 5157 2985 5211 de
3018 5158 3231 5227 integro
3285 5174 3641 5227 recuperave-

2072 5236 2173 5281 rat.

2140 5301 2249 5363 (53)
2280 5300 2566 5365 Είρηνίωι·
2594 5300 2623 5350 ό
2650 5298 2910 5362 Γηζῗιῖος.
2946 5295 3117 5363 llujns
3145 5296 3407 5351 lrenionis
3447 5301 3639 5352 memi-

2071 5371 2147 5422 nit
2181 5369 2395 5423 Marcus
2452 5372 2501 5421 in
2545 5370 2650 5421 vita
2710 5368 2991 5437 Porphyrii
3062 5368 3322 5422 (Lunensis
3375 5371 3637 5438 epise0pi,

2068 5454 2301 5510 eumque
2324 5440 2478 5493 miris
2522 5439 2773 5495 laudibus
2802 5439 3030 5491 extollit.

1835 5662 2135 5720 VARIORU
2147 5665 2214 5718 Μ.

403 5748 834 5825 utriusqueejus
878 5759 1220 5825 _pr:r|cct_nr:e
1257 5754 1434 5822 aliqua
1477 5758 1704 5823 vestigia
1751 5757 1803 5809 in
1838 5756 1969 5825 legi-

403 5820 501 5871 lms
533 5818 666 5895 Cod
707 5818 915 5895 'l‘heod.
972 5836 1067 5889 per
1098 5823 1208 5895 inec
1259 5818 1504 5893 tempora
1554 5818 1696 5881 dalis
1724 5818 1969 5895 superés-

402 5899 543 5942 sent.
599 5890 817 5955 Decepit
872 5894 1018 5946 viros
1086 5893 1276 5949 doctos
1329 5890 1675 5966 cognominis
1742 5890 1967 5953 S.itustii

2076 5761 2306 5815 oiiiissio
2329 5760 2380 5813 in
2432 5759 2792 5825 inscriptione
2828 5778 2856 5814 ιι
2900 5760 3117 5814 Vales-io
3152 5762 3317 5815 relata
3358 5780 3367 5824 -,
3402 5759 3545 5828 quod
3591 5768 3644 5813 ct

2077 5830 2128 5881 in
2163 5831 2303 5912 _a_liis
2371 5831 2571 5901 saepius
2623 5833 2848 5886 factum.
2910 5836 3031 5887 Ant.
3069 5831 3217 5896 Pam,
3266 5830 3640 5892 «11:11:21.562,

2079 5916 2132 5954 ll.
2162 5918 2250 5953 Od.
