4452 6598
425 463 567 519 «τοι

1300 455 1622 516 HISTORIA
1659 447 2232 513 ECCLESIASTICA.
2269 488 2335 501 --
2366 459 2491 514 LIB.
2536 460 2623 516 γι.

3516 459 3660 515 1306

422 578 579 631 τοῦτο
606 577 712 629 τῶν
752 577 893 646 ἀμφὶ
921 576 1010 629 τὸν
1051 575 1307 639 Εὐζὼῖον,
1344 574 1570 638 Λούκιός
1599 592 1684 639 τις
1743 570 1990 637 Ἀλεξαν-
2019 578 2061 632 Α
2093 574 2177 627 eid

1900 590 1990 623 αν·
2019 578 2061 632 Α
2093 574 2266 629 eidem
2304 582 2467 629 sectae
2507 581 2767 641 praeesset
2814 574 2869 627 in
2905 575 3038 631 urbe
3084 570 3439 629 Alexandria.
3492 572 3658 626 Cum-

423 670 586 739 δρεὺς
620 669 679 720 τὸ
720 668 913 735 γένος,
961 666 1329 737 πρεσϐύτερος
1377 666 1484 719 τῶν
1532 667 1684 737 παρὰ
1716 664 1989 735 Γεωργίου

425 761 932 832 χειροτονηθέντων,
961 760 1207 829 πρόσεισι
1239 759 1317 828 τῷ
1337 758 1543 828 βασιλεῖ
1579 760 1710 825 (58).
1738 759 1846 811 Καὶ
1865 756 1993 826 βλαο

429 852 720 920 σςημήσας
748 849 1063 902 ’Λθανὰσιον
1081 849 1154 909 ὡς
1175 850 1232 901 ἐν
1262 847 1339 916 τῷ
1363 848 1538 918 χρόνῳ
1561 849 1658 916 τῆς
1688 848 1991 915 ἐπισκοπῆς

426 942 512 994 ἀεὶ
548 939 761 1012 γραφὰς
815 938 1204 1008 ὑπομείναντα.
1238 939 1332 991 καὶ
1381 939 1639 1001 πολλάκις
1694 938 1991 1007 ὑπερορίαν

427 1033 593 1084 οἰκεῖν
638 1029 1096 1083 καταδικασθέντα
1148 1030 1299 1099 παρὰ
1344 1028 1448 1082 τῶν
1486 1031 1591 1099 πρὸ
1628 1028 1793 1082 αὑτοῦ
1836 1030 1990 1098 βασι-

428 1123 583 1183 λέων,
612 1121 873 1191 διχονοίας
902 1138 959 1172 τε
991 1122 1119 1190 περὶ
1148 1121 1209 1173 τὸ
1238 1121 1390 1173 Θεῖον
1428 1120 1521 1173 καὶ
1549 1120 1795 1190 ταραχῆς
1821 1119 1992 1171 αἴτιον

427 1210 753 1280 γενόμενον,
792 1210 961 1262 ἐδεῖτο
1008 1210 1193 1278 ἕτερον
1229 1210 1343 1263 ἀντ’
1388 1208 1550 1262 αὐτοῦ
1595 1209 1691 1280 τὴν
1746 1208 1994 1272 Ἀλεξαν-

426 1301 594 1370 δρέων
649 1297 973 1367 Ἐκκλησίαν
1007 1301 1341 1351 ἐπισκοπεῖν.
1385 1298 1440 1351 '0
1469 1298 1526 1351 δὲ
1566 1297 1816 1361 ϐασιλεὺς
1845 1299 1991 1369 (ᾔδει

428 1394 533 1462 γὰρ
569 1391 665 1454 τὰς
705 1390 1004 1460 Ἀθανασίῳ
1045 1391 1163 1443 τότε
1199 1390 1484 1460 συμϐάσεις
1534 1390 1869 1456 ἐπιϐουλὰς),
1892 1393 1993 1443 ούκ

427 1486 576 1537 ἒΟετο
604 1487 719 1544 ταῖς
757 1484 877 1536 κατ’
907 1480 1070 1537 αὑτοῦ
1103 1480 1373 1541 διαϐολαῖς
1392 1523 1405 1536 .
1438 1482 1602 1534 Ἀλλὰ
1629 1483 1860 1536 Λούκιον
1893 1484 1991 1553 μὲν

428 1581 523 1631 σὺν
570 1578 800 1647 ἀπειλῇ,
854 1578 1083 1646 ἡσυχίαν
1120 1578 1276 1644 ἄγειν
1328 1576 1639 1629 ἐπιτάττειο
1692 1576 1992 1646 Προϐάτιον

426 1674 481 1725 δὲ
538 1673 632 1725 καὶ
662 1673 784 1734 τοὺς
824 1672 959 1739 ἀμφ’
991 1670 1152 1723 αὑτὸν
1187 1668 1499 1738 εὐνούχους,
1542 1670 1616 1732 ὡς
1645 1670 1854 1731 αἰτίους
1881 1669 1992 1721 τῶν

429 1763 678 1816 τοιούτων
695 1762 957 1832 θορύϐων,
978 1760 1406 1831 σωφρονισθῆναι
1428 1760 1721 1829 προσέταξε
1740 1759 1872 1829 (59)·
1903 1760 1993 1814 τὸν

425 1855 481 1906 δὲ
511 1853 844 1918 ⁸Αθανὰισιον,
900 1852 962 1903 ἐκ
1001 1850 1099 1920 τῆς
1146 1850 1265 1902 τότε
1318 1849 1605 1912 συνουσίας
1638 1850 1705 1901 τὰ
1758 1849 1991 1919 μάλιστα

428 1946 576 2013 φίλον
614 1944 761 2013 αὐτῷ
800 1944 1112 2011 γενόμενον,
1140 1939 1458 1993 ἀπέστειλεν
1502 1943 1581 2003 εἰς
1622 1941 1920 2008 Αἴγυπτον,
2025 1924 2067 1981 Β

426 2038 618 2107 ἄριστα
647 2034 795 2104 αὐτῷ
822 2033 1023 2104 δοκοίη,
1056 2032 1154 2095 τὰς
1213 2032 1504 2101 ἐκκλησίας
1551 2032 1645 2083 καὶ
1680 2032 1804 2094 τοὺς
1830 2029 1993 2094 λαοὺς

426 2129 575 2196 ἄγειν
608 2125 905 2189 κελεύσας1
937 2167 949 2180 .
992 2124 1223 2192 Λέγεται
1250 2123 1357 2192 γὰρ
1395 2125 1475 2186 είς
1525 2124 1662 2191 ἄγαν
1713 2123 1875 2175 αὑτὸν
1926 2117 1993 2192 ἧς

426 2218 567 2290 ε’χεν
588 2218 786 2289 ἀρετῆς
812 2217 1115 2281 ἐπαινέσαι,
1141 2215 1257 2285 βίου
1280 2233 1339 2267 τε
1361 2215 1522 2269 ἕνεκα
1542 2216 1635 2269 καὶ
1657 2216 1990 2287 φρονήσεως,

425 2310 520 2363 καὶ
556 2309 749 2376 λόγων.
779 2303 906 2359 Ὧδε
939 2307 1036 2377 μὲν
1062 2306 1170 2358 τῶν
1213 2306 1271 2359 ἐν
1302 2306 1348 2358 Ν
1357 2306 1507 2377 ικαίᾳ
1556 2306 1990 2376 συνεληλυθότων

424 2404 457 2471 ἡ
490 2402 691 2463 πίστις,
725 2400 817 2453 τὸν
856 2402 912 2450 ἐν
962 2398 1111 2469 μέσῳ
1147 2398 1335 2467 χρόνον
1380 2398 1772 2468 πολεμηθεῖσα,
1822 2400 1897 2461 ὡς
1935 2402 1993 2451 ἐν

425 2496 532 2556 τοῖς
570 2492 804 2560 πρόσθεν
840 2491 1073 2561 εἴρηται,
1108 2485 1259 2550 αὖθις
1292 2490 1384 2541 ἐπὶ
1411 2489 1511 2557 τῆς
1550 2490 1832 2560 παρούσης
1860 2492 1991 2560 ἡγε-

430 2586 616 2655 μονίας
665 2586 983 2653 ὑπερέσχεν.
1022 2583 1133 2636 Οὐκ
1175 2585 1256 2647 εἰς
1304 2581 1519 2653 μακρὰν
1561 2581 1617 2634 δὲ
1661 2584 1761 2652 τῆς
1804 2583 1993 2653 ὁμοίας

426 2678 618 2749 ἔμελλε
651 2676 945 2747 πειρᾶσθαι
974 2678 1239 2746 ταραχῆς.
1291 2675 1378 2739 Ὧς
1417 2674 1560 2727 ἔοικε
1590 2676 1718 2746 γὰρ,
1765 2676 1865 2729 οὑκ
1901 2678 1994 2729 ἐπὶ

431 2770 608 2840 μόνοις
636 2770 749 2832 τοῖς
778 2769 869 2820 ἐπὶ
896 2766 1277 2821 Κωνσταντίου
1302 2768 1367 2837 τῇ
1410 2766 1704 2838 Ἐκκλησία
1728 2766 1990 2837 συμϐᾶσι,

428 2863 601 2933 πέρας
624 2858 769 2932 εἶχεν
795 2864 827 2933 ἡ
852 2861 942 2915 τοῦ
979 2859 1261 2913 Ἀντωνίου
1285 2860 1380 2913 τοῦ
1407 2861 1643 2930 μοναχοῦ
1659 2861 1960 2932 πρόρρησις
1977 2876 1989 2889 ·

427 2954 538 3006 ἀλλ’
568 2954 810 3007 ἐλείπετο
836 2952 914 3006 ἔτι
946 2954 1037 3006 καὶ
1074 2953 1141 3005 τὰ
1178 2959 1312 3020 μετα
1349 2952 1519 3005 ταῦτα
1572 2952 1666 3004 ἐπί
1696 2952 1994 3015 Οὐάλεντος

428 3048 710 3117 γενόμενα.
740 3047 969 3114 Λέγεται
990 3045 1097 3114 γὰρ
1121 3047 1246 3117 πρὶν
1266 3044 1537 3114 κρατῆσαι
1562 3044 1669 3095 τῶν
1692 3043 1994 3112 ἐκκλησιῶν

427 3140 550 3199 τοὺς
594 3138 700 3191 ἀπὸ
733 3139 830 3206 τῆς
876 3137 1084 3206 Ἀρείου
1114 3136 1397 3206 αἱρέσεως,
1444 3134 1537 3186 ἐπὶ
1566 3133 1666 3202 τῆς
1706 3134 1995 3185 Κωνστανο

2092 682 2199 735 que
2243 665 2297 719 id
2343 667 2413 719 ab
2446 665 2650 719 Euzuio
2681 677 2995 735 suggestmn
3039 668 3252 731 fuisset,
3290 665 3493 718 Lucius
3528 666 3657 733 qui-

2092 758 2215 811 dam
2239 772 2438 828 genere
2465 758 2898 822 Alexandrinus,
2930 776 3071 813 unus
3097 775 3163 813 ex
3194 756 3533 827 presbyteris
3561 756 3655 823 qui

2093 865 2123 902 a
2151 847 2383 919 Georgio
2417 848 2634 903 fuerant
2667 849 2928 915 ordinati,
2959 851 3347 919 imperatorem
3397 847 3552 900 adiit.
3591 846 3657 900 Et

2092 946 2453 1001 Athanasium
2487 945 2792 1000 maledictis
2838 946 3144 1007 incessens.
3179 952 3363 1013 utpote
3392 943 3485 1010 qui
3538 949 3658 995 toto

2092 1040 2438 1107 episcopatus
2481 1039 2566 1094 sui
2619 1049 2884 1107 tempore,
2920 1038 3088 1093 variis
3115 1037 3181 1092 de
3211 1037 3398 1091 causis
3426 1050 3656 1089 accnsa-

2093 1139 2183 1185 tus
2225 1128 2445 1195 fuisset,
2486 1137 2541 1185 et
2585 1145 2617 1184 a
2656 1129 3036 1199 superioribus
3069 1128 3409 1199 principibus
3460 1126 3658 1193 saepius

2093 1221 2387 1278 damnatus
2416 1229 2567 1277 esset
2609 1222 2845 1289 exsilio;
2898 1221 3266 1277 dissensionis
3313 1219 3554 1288 denique
3601 1217 3657 1269 in

2094 1312 2358 1380 religione
2384 1327 2449 1365 ac
2479 1313 2749 1367 tumultus
2778 1320 2973 1367 auctor
3010 1312 3333 1373 exstitisset,
3361 1308 3659 1379 postulavit

2094 1408 2153 1453 ut
2186 1401 2325 1454 alter
2373 1400 2763 1456 Alexandrina:
2808 1400 3068 1455 Ecclesiae
3105 1401 3398 1470 episcopus
3452 1399 3504 1451 in
3537 1396 3659 1464 ejus

2093 1487 2253 1557 225
2286 1489 2462 1542 locum
2482 1488 3101 1560 subrogareturﬂeruin
3124 1492 3441 1559 imperator,
3462 1489 3661 1556 quippe

2094 1584 2184 1650 qui
2227 1582 2396 1649 probe
2430 1589 2616 1636 nosset
2656 1580 2892 1635 insidias
2922 1598 3043 1650 qua:
3074 1592 3205 1633 tunc
3241 1581 3459 1634 fuerant
3491 1580 3660 1630 Atha-

2093 1674 2246 1727 nasio
2280 1682 2628 1741 comparatae,
2654 1673 2882 1741 prolatis
2916 1672 2968 1725 in
3006 1688 3129 1725 eum
3174 1671 3462 1724 calumniis
3488 1665 3665 1720 haud-

2094 1778 2367 1833 quaquam
2415 1779 2678 1818 assensus
2716 1771 2821 1818 est.
2864 1762 2968 1816 Sed
3015 1761 3183 1815 Lucio
3212 1761 3432 1829 quidem
3487 1760 3663 1812 inter-

2095 1856 2357 1919 minatus,
2391 1856 2650 1924 praecepit
2700 1866 2759 1908 ut
2788 1855 3119 1923 quiesceret.
3171 1852 3485 1905 Prubatium
3534 1862 3665 1904 vero

2095 1956 2149 2002 ct
2174 1948 2418 2017 reliquos
2448 1947 2731 2002 eunuchos
2761 1947 2946 2015 palatii
2978 1946 3085 2008 sui,
3115 1943 3431 2012 hujusmodi
3461 1941 3663 1995 tumul-

2095 2048 2247 2092 tuunt
2280 2049 2561 2101 auctores,
2582 2038 2841 2106 castigari
2866 2038 3054 2104 jussit.
3079 2036 3437 2089 Athanasium
3458 2043 3662 2098 autem,

2094 2148 2252 2203 quem
2280 2146 2614 2199 congressus
2646 2131 2750 2185 iste
2783 2129 3167 2183 charissimum
3192 2129 3295 2198 ipsi
3328 2126 3662 2185 reddiderat.

2094 2224 2149 2277 itt
2194 2222 2490 2293 Egyptum
2538 2220 2750 2275 remisit
2780 2261 2792 2281 .
2847 2220 3109 2274 ecclesias
3144 2230 3198 2273 et
3234 2218 3485 2287 populos,
3525 2216 3667 2269 sicut

2094 2312 2197 2382 ipsi
2244 2314 2512 2382 Optimum
2561 2310 2707 2364 factu
2743 2311 3037 2372 videretur,
3091 2326 3274 2379 regere
3323 2308 3661 2379 permittens.

2092 2405 2309 2461 Etenim
2344 2419 2469 2458 eum
2510 2404 2687 2457 virum
2740 2418 3069 2471 magnopere
3120 2401 3374 2455 laudasse
3435 2400 3665 2459 dicitur,

2094 2509 2208 2552 tu-tu
2255 2498 2323 2550 ob
2376 2496 2634 2551 virtutem
2664 2511 2787 2565 quae
2822 2496 2877 2548 in
2925 2496 3016 2549 illo
3052 2494 3249 2555 inerat,
3284 2502 3398 2545 tum
3430 2492 3500 2545 ob
3543 2490 3669 2542 vita:

2093 2591 2464 2659 integritatem
2497 2596 2551 2642 et
2580 2585 2926 2657 prudentiam
2953 2593 3118 2654 atque
3139 2583 3474 2637 doctrinam.
3511 2580 3669 2633 llunc

2093 2683 2147 2737 in
2194 2680 2417 2735 modum
2455 2678 2589 2733 ﬁdes
2615 2677 3004 2748 episcOporum
3034 2678 3126 2747 qui
3158 2673 3355 2730 Nicaeae
3381 2674 3511 2729 olim
3546 2672 3668 2727 fue-

2093 2783 2217 2829 rant
2246 2772 2588 2843 congregati,
2622 2786 2746 2826 cum
2784 2772 3067 2839 aliquanto
3097 2779 3365 2837 tempore,
3389 2769 3467 2821 uti
3499 2781 3669 2836 supra

2090 2868 2353 2931 diximus,
2401 2873 2713 2935 oppugnata
2761 2865 2976 2931 fuisset,
3027 2864 3131 2920 sub
3182 2865 3285 2918 hoc
3335 2864 3670 2932 imperatore

2092 2959 2288 3013 iterum
2315 2956 2570 3026 superior
2610 2955 2733 3009 fuit.
2764 2954 2966 3009 Verum
3000 2955 3162 3023 paulo
3204 2962 3327 3022 post
3365 2970 3475 3007 non
3504 2953 3670 3006 dissi—

2093 3050 2279 3103 utilem
2318 3057 2614 3118 expertura
2644 3058 2763 3101 erat
2791 3046 3280 3116 perturbationem.
3317 3044 3531 3098 Etenim
3562 3045 3669 3096 An-

2093 3142 2227 3195 tonii
2268 3140 2521 3193 monachi
2571 3139 2874 3211 praedictio,
2927 3154 3036 3191 non
3085 3132 3140 3190 in
3190 3137 3259 3190 iis
3312 3138 3490 3189 solum
3544 3150 3668 3203 quae

426 3230 541 3281 τίου
593 3226 864 3297 βασιλείας
885 3226 1017 3296 ὄναρ
1070 3227 1196 3282 ἰδεῖν
1226 3224 1507 3277 Ἀντώνιον
1531 3225 1677 3293 (60),
1726 3223 1987 3294 ἡμιόνους
2017 3253 2062 3313 c
2091 3232 2184 3287 Co.

1906 3241 1987 3291 >υς
2017 3253 2062 3313 ε
2091 3231 2400 3287 Constantii
2438 3231 2751 3301 principatu
2800 3229 3066 3284 Ecclesiis
3094 3229 3469 3296 contigerant,
3507 3226 3664 3280 linen-

427 3323 487 3374 ’τὸ
534 3321 915 3393 θυσιαστήριον
964 3318 1349 3383 λακτίζοντας,
1399 3317 1494 3371 καὶ
1535 3316 1633 3387 τὴν
1668 3316 1817 3386 ἱερὰν
1860 3317 1991 3388 τρά-

428 3411 603 3476 πεζαν
634 3412 1034 3482 ἀνατρέποντας
1058 3427 1069 3439 ·
1098 3409 1189 3463 καὶ
1222 3408 1420 3462 αὐτίκα
1451 3410 1752 3479 προειπεῖν,
1784 3408 1860 3471 ὡς
1887 3408 1994 3461 ὑπὸ

430 3504 598 3557 νζῖων
654 3502 750 3556 καὶ
804 3501 1109 3571 ἐπιμίκτων
1154 3500 1437 3570 δογμάτων
1486 3498 1855 3569 καταλήψεται
1894 3500 1994 3571 τὴν

438 3592 765 3666 Ἐκκλησίαν
807 3592 1052 3664 ταραχὴ,
1102 3593 1196 3647 καὶ
1236 3591 1559 3663 ἑτεροδόξων
1603 3593 1993 3655 ἐπανάστασις.

441 3686 601 3740 Ἀλλὰ
642 3684 817 3740 ταῦτα
868 3686 967 3756 μὲν
1005 3684 1252 3754 ἀψευδῶς
1296 3682 1587 3738 τεθεᾶσθαι
1628 3700 1687 3736 τε
1735 3684 1826 3736 καὶ
1859 3683 2001 3754 εἰρῆ-

432 3776 574 3835 σθαι.
607 3776 852 3843 ἀπέδειξε
891 3776 961 3833 τὰ
1008 3776 1113 3847 πρὸ
1156 3775 1251 3829 τοῦ
1283 3773 1380 3829 καὶ
1429 3773 1569 3845 μετὰ
1611 3773 1786 3828 ταῦτα
1844 3791 2002 3843 γεγε-

428 3870 659 3940 νημένι.

2090 3324 2335 3394 accepit,
2388 3322 2483 3377 sed
2537 3330 2863 3391 supererant
2923 3319 3104 3373 adhuc
3150 3333 3213 3373 ea
3264 3333 3387 3387 qua:
3426 3315 3670 3371 Valentis

2090 3416 2429 3486 temporibus
2485 3423 2639 3483 gesta
2686 3420 2834 3468 sunt.
2898 3411 3107 3467 Ferunt
3160 3412 3350 3474 enim,
3402 3419 3673 3479 regnante

2095 3507 2445 3571 Constantio,
2478 3505 2797 3575 priusquam
2824 3505 3014 3559 Ariani
3043 3504 3309 3559 ecclesias
3330 3502 3670 3562 obtinerent,

2095 3595 2394 3649 Antonium
2432 3594 2488 3649 in
2523 3594 2737 3649 somnis
2783 3592 2990 3649 vidisse
3031 3593 3234 3649 multos
3287 3593 3448 3646 altari
3496 3592 3673 3645 insul-

2104 3694 2306 3751 tantes,
2344 3694 2399 3742 et
2433 3700 2648 3742 sacram
2689 3700 2934 3741 mensam
2974 3694 3328 3740 evertentes:
3376 3683 3675 3751 statimque

2108 3776 2429 3848 praedixisse
2477 3777 2722 3832 futurum
2770 3787 2829 3831 ut
2889 3791 2955 3832 ex
3005 3777 3331 3831 adulterinis
3387 3777 3676 3845 mistisque

2109 3869 2448 3940 degulatibus
2501 3870 2841 3939 perturbatio
2890 3866 3196 3925 Ecclesium
3244 3878 3562 3939 occuparet,
3620 3874 3677 3923 et

1602 4047 1870 4103 VALESII
1911 4046 2459 4104 ANNOTATIONES.

429 4140 752 4204 Athanasio,
798 4140 938 4194 alius
970 4140 1312 4194 Alexandrim
1352 4151 1630 4194 crearetur
1686 4141 1999 4209 episcopus,

431 4211 687 4281 onmibus
745 4209 921 4264 modis
954 4210 1237 4281 studentes
1286 4220 1344 4262 ιιι
1378 4209 1582 4281 Lucius
1638 4211 1917 4281 presbyter
1948 4210 2000 4263 in

429 4282 546 4348 ejus
576 4280 751 4331 locum
772 4281 1179 4350 subrogaretur.
1209 4280 1502 4350 Ctttnquea
1527 4278 1755 4335 Joviano
1788 4278 2001 4347 semper

431 4350 637 4418 repulsi
667 4357 871 4410 essent,
908 4349 1218 4403 interventu
1255 4349 1435 4402 Enzoii
1471 4350 1855 4405 Antiochensis
1887 4350 2003 4418 epi-

431 4421 605 4489 st'npi,
653 4428 913 4490 rogarunt
975 4419 1291 4490 Probatium
1343 4419 1686 4482 Eunuchum,
1748 4429 1802 4473 ut
1868 4420 2004 4488 ipsis

433 4493 573 4558 apud
609 4489 988 4558 imperatorem
1024 4489 1429 4557 sull‘ragaretur.
1484 4490 1639 4553 Quod
1669 4506 1793 4543 cunt
1827 4491 2001 4559 impe-

2107 4152 2160 4193 et
2194 4142 2554 4198 Bernicianus
2589 4144 2777 4196 Ariani
2807 4140 3037 4195 Joviano
3086 4142 3321 4210 principi
3350 4140 3674 4196 obtulerunt

2110 4212 2415 4266 Aulinclliﬂ'
2449 4223 2639 4268 contra
2667 4213 3049 4276 Athanasium,
3084 4222 3301 4265 exstant
3332 4212 3384 4263 in
3410 4220 3555 4263 tumo
3590 4228 3677 4266 se-

2106 4283 2287 4333 cundo
2342 4282 2577 4350 Operum
2626 4282 2935 4345 Athanasii,
2990 4281 3083 4335 sed
3137 4283 3375 4349 pessime
3426 4282 3677 4335 conversi

2108 4351 2161 4404 in
2220 4352 2473 4406 Latinum
2529 4370 2861 4408 sermonem.
2918 4352 3049 4404 Nam
3111 4351 3384 4419 interpres
3426 4350 3676 4419 ἐντυχίαν

2108 4433 2375 4491 perpetuo
2411 4424 2803 4492 interpretatur
2843 4422 3180 4489 colloquium
3212 4462 3225 4487 ,
3278 4435 3403 4492 cum
3432 4421 3673 4492 libellum

2109 4490 2330 4557 preeum
2378 4490 2592 4547 vertere
2653 4494 2951 4547 debuisset.
3002 4493 3056 4545 Id
3111 4493 3257 4545 enim
3306 4490 3538 4557 signicat
3568 4506 3677 4545 vox

433 4557 586 4613 ratur
617 4557 948 4623 rcScivisset,
1001 4560 1289 4630 eunuchos
1324 4560 1689 4613 cubicularios
1743 4557 1997 4630 compre-
2032 4557 2311 4624 DGl'illcu,
2378 4571 2436 4617 ut
2516 4565 2803 4618 observavi
2873 4564 2927 4616 in
2992 4561 3442 4615 annotationibus
3507 4560 3679 4615 Euse-

434 4630 596 4683 liendi
631 4638 684 4681 et
736 4630 1024 4699 tormentis
1065 4629 1256 4695 subjici
1281 4632 1444 4696 jussit
1474 4644 1596 4681 cum
1645 4631 1746 4683 hoc
1770 4629 1945 4699 elogio
1978 4644 1994 4684 :

435 4699 692 4767 Quisquis
714 4699 925 4752 libellos
944 4698 1136 4753 oﬂ'erre
1167 4700 1394 4751 voluerit
1421 4708 1609 4751 contra
1629 4698 1994 4761 CltriStia’nos,

434 4770 533 4823 has
592 4766 788 4823 incertas
843 4766 999 4822 ferat.
1074 4768 1250 4823 Verba
1302 4770 1585 4822 Athanasii
1628 4771 1741 4823 haec
1800 4779 1928 4823 sunt
1980 4787 1993 4823 :

436 4840 546 4893 Καὶ
583 4837 649 4893 δι’
688 4837 925 4908 Εύζωῖου
965 4839 1201 4908 ἠξίωσαν
1225 4840 1347 4908 τοὺς
1380 4840 1507 4908 περὶ
1529 4839 1846 4908 Προϐἁτιον,
1870 4842 1998 4906 τοὺς

434 4910 705 4995 διαδόχους
746 4907 1003 4995 Εὐσεϐίου
1038 4910 1130 4991 και
1175 4907 1495 4995 Βαρδίωνος,
1528 4907 1654 4972 τοὺς
1690 4910 1996 4979 εὐνούχους,

433 4980 509 5041 ὡς
570 4979 654 5051 ἵνα
712 4981 1021 5051 συστάσεως
1066 4979 1301 5051 τύχωσιν
1360 4979 1662 5051 οίίᾶπισξοι
1698 4979 1993 5051 κἈρειανοί.

435 5050 603 5113 Quem
637 5049 812 5101 locum
846 5050 1114 5117 interpres
1136 5048 1247 5101 non
1279 5048 1563 5102 intellexit.
1591 5048 1665 5102 Ex
1697 5048 1783 5103 his
1816 5057 1996 5103 autent

440 5120 619 5173 verbis
648 5119 957 5187 colligimus
994 5118 1311 5172 Prohatiunt
1339 5118 1508 5171 fuisse
1540 5121 1886 5187 pra-positum
1911 5134 2000 5172 sa-

436 5190 512 5240 cri
542 5189 817 5253 cubiculi;
849 5188 1006 5257 cujus
1035 5189 1224 5243 crebra
1270 5188 1329 5242 ﬁt
1355 5191 1557 5242 mentio
1601 5190 1668 5242 ab
1709 5189 1998 5244 Ammiano

439 5258 769 5311 Marcellino.

508 5328 619 5399 (58)
652 5330 934 5397 Πρόσεισι
978 5328 1059 5393 τῷ
1089 5326 1355 5393 βασιλεῖ.
1385 5325 1579 5383 Libelli
1610 5344 1747 5397 quos
1799 5328 2001 5382 Lucius

2105 4632 2305 4686 blattis.

2178 4702 2286 4769 (59)
2329 4702 2817 4771 Σωρρονισθῆναι
2869 4701 3224 4769 προσέταξε.
3288 4700 3441 4752 llunc
3494 4702 3674 4752 locum

2103 4786 2210 4825 non
2258 4774 2652 4826 intellexerunt
2697 4776 3045 4841 interpretes.
3094 4771 3377 4823 Masculus
3417 4775 3561 4823 enirn
3602 4772 3674 4822 ita

2106 4843 2302 4895 vertit:
2344 4841 2601 4909 Pra’cepit
2636 4844 2925 4910 imperator
2946 4852 3003 4895 ut
3039 4840 3107 4892 ad
3142 4841 3407 4892 meliorem
3454 4852 3676 4892 mentem

2106 4913 2357 4965 redirent.
2422 4913 2598 4981 Atque
2649 4914 2719 4965 ita
2776 4913 2890 4965 fere
2940 4911 3498 4981 Christophorsontts.
3564 4910 3670 4961 Sed

2104 4991 2317 5035 vertere
2367 4982 2674 5035 debuerant
2703 4983 2967 5033 verberari
3013 4982 3279 5048 prwcepit.
3327 4980 3383 5031 id
3419 4981 3565 5032 enim
3597 4981 3674 5033 si-

2104 5052 2327 5119 gniﬁcat
2360 5054 2584 5105 verbum
2620 5051 3072 5121 σωφρονισθῆναι,
3111 5061 3168 5103 ut
3203 5065 3369 5119 supra
3415 5066 3481 5103 ex
3510 5049 3680 5101 Atha-

2108 5124 2262 5173 nasio
2296 5123 2655 5175 Ostendimus.

2179 5191 2288 5259 (60)
2333 5192 2514 5258 'Oi'ap
2561 5190 2711 5243 ἰδεῖν
2754 5188 3086 5244 Ἀντώνιον.
3135 5186 3307 5257 Hujus
3339 5188 3569 5241 visionis
3614 5202 3678 5241 ac

2106 5262 2477 5383 pitetlivctiouis
2508 5264 2649 5315 beati
2693 5261 2921 5314 Antonii
2954 5260 3204 5314 meminit
3246 5260 3583 5313 Athanasius
3624 5260 3677 5309 in

2106 5347 2223 5383 eius
2304 5342 2398 5383 tta.

2102 5347 2223 5399 ejus
2262 5342 2398 5387 Vita.

1891 5504 2283 5561 VARIORUM.

510 5607 526 5644 i
576 5606 686 5667 Τὰς
719 5604 1051 5670 ἐκκλησίας
1082 5603 1179 5655 καὶ
1216 5602 1356 5668 τοὺς
1383 5598 1571 5670 λαοὺς
1594 5598 1762 5666 ἄγειν
1788 5601 1995 5653 κελεύ-

434 5688 571 5736 σας.
607 5674 733 5750 Agat
769 5674 864 5741 μὲν
894 5668 1001 5736 τοῖς
1041 5672 1357 5750 ἐπισκοποις
1394 5668 1491 5750 τὴν
1524 5668 1760 5750 ἐξορίαν,
1798 5673 1908 5732 τοῖς
1940 5684 1999 5750 τε

436 5746 612 5804 ἄλλης
645 5738 813 5795 ἅπασι
841 5786 853 5805 ,
904 5745 992 5796 καὶ
1024 5744 1130 5813 πρὸ
1163 5742 1375 5794 πάντων
1406 5738 1482 5813 τῷ
1515 5738 1625 5813 πρὸ
1652 5740 1871 5813 παντων
1902 5741 2000 5813 τὴν

437 5814 667 5885 ἀρετὴν,
738 5815 829 5863 καὶ
863 5810 1143 5885 προδήλως
1186 5812 1325 5885 ὑπὲρ
1368 5811 1467 5881 τῆς
1511 5810 1790 5885 εὐσεϐείας
1835 5811 2003 5885 -πολε-

443 5880 687 5953 μηοὲντι.
732 5880 1217 5957 ἱιιίιιιὶιῦιεέοτὶιιδ
1248 5880 1643 5947 Nazianzenus,
1676 5881 1779 5937 i.e.
1822 5880 2001 5935 Jovia-

2108 5616 2204 5653 mts
2239 5600 2477 5656 exsulum
2518 5603 2875 5670 episcoporum
2912 5601 3241 5655 revocatione
3288 5600 3562 5665 imperium
3597 5610 3677 5652 est

2110 5672 2439 5737 auspicatus.
2464 5674 2594 5727 Ante
2627 5689 2801 5725 omnes
2832 5682 3007 5725 autem
3036 5671 3387 5725 Athanasium
3418 5671 3669 5727 restituit.

2110 5744 2197 5809 qui
2227 5742 2466 5794 omnibus
2493 5743 2680 5795 virtute
2704 5744 2989 5807 prwslabat
3012 5784 3026 5805 ,
3073 5752 3121 5794 et
3158 5758 3250 5808 pro
3295 5742 3488 5809 pietate
3515 5780 3528 5795 .
3569 5744 3678 5793 sine

2112 5811 2223 5865 ulla
2263 5811 2612 5880 dubitatione,
2648 5824 2973 5883 oppugnatus
3004 5814 3191 5865 fuerat.
