4452 6598
786 388 919 445 i301

2241 383 2590 446 SO'LOMENI

3899 393 4046 452 1508

788 505 1026 559 Ilicl't'liCi
1071 505 1416 561 rebellionem
1447 505 1772 560 excitarent.
1808 500 1914 558 Sed
1963 501 2078 556 haec
2123 501 2345 572 quidem
2385 504 2679 559 verissime
2706 505 2775 559 ab
2803 505 2904 560 illo
2927 505 3041 561 visa
3077 515 3132 561 et
3171 506 3434 575 pranlicta
3466 505 3660 569 fuisse,
3724 520 3788 560 ea
3854 505 3921 562 iis
3955 522 4046 562 re-

789 598 889 652 bus
913 611 1033 668 qua:
1055 607 1180 653 ante
1207 599 1312 654 hoc
1333 607 1571 667 tempus,
1590 607 1642 652 et
1664 611 1784 665 qua:
1815 603 2005 666 postea
2021 593 2176 650 facta
2199 605 2350 659 sunt,
2396 597 2534 650 satis
2565 595 2903 651 declaratum
2931 604 3034 652 est.

1432 689 1584 744 CAP.
1617 688 1704 742 Vl.

785 778 935 833 Mors
976 782 1306 846 imperatoris
1331 780 1582 835 Joviani:
1624 791 1672 834 et
1712 780 1775 833 de
1815 781 1921 834 vita
1963 780 2347 845 Valentiniani,

854 852 1067 920 ejusque
1107 852 1232 917 forti
1274 854 1449 905 animo
1493 853 1544 904 in
1584 853 1778 919 pietate
1825 850 2120 905 servanda:
2161 862 2210 905 et
2249 870 2350 918 quo

857 921 1007 972 modo
1056 924 1122 974 ad
1163 922 1441 987 imperium
1483 933 1682 975 evectus
1724 922 1812 980 sit,
1849 930 1899 973 et
1941 920 2206 976 Valentem
2237 921 2351 990 [ra-

858 1000 986 1043 trem
1006 992 1073 1043 ad
1091 993 1295 1056 imperii
1319 993 1640 1045 consortium
1673 992 1944 1046 asciverit:
1965 1001 2013 1046 et
2062 992 2127 1045 de
2151 997 2350 1046 utrius-

853 1077 951 1129 que
984 1077 1188 1114 morum
1215 1061 1669 1116 dissimilitudine.

854 1150 1028 1204 Porro
1053 1151 1340 1219 Jovianus,
1374 1162 1497 1207 octo
1543 1153 1767 1206 circiter
1805 1153 2088 1208 mensibus
2123 1153 2352 1223 imperio

785 1241 1283 1312 perfunctiis,duin
1316 1242 1846 1311 Constantinopolim
1886 1241 2349 1312 proﬁcisceretur,

787 1333 1133 1399 Dadastanis,
1160 1335 1251 1405 qui
1300 1337 1453 1391 vicns
1499 1342 1583 1390 est
1621 1333 1890 1406 Bithyniae
1921 1336 1976 1390 in
2010 1336 2097 1390 via
2126 1337 2351 1391 militari

787 1425 948 1489 situs,
983 1428 1262 1495 repentina
1294 1435 1470 1480 morte
1499 1425 1707 1481 interiit
1736 1426 1792 1478 ¹ε
1827 1427 1939 1481 sive
1978 1427 2122 1494 quod
2155 1429 2353 1482 intem-

787 1519 1090 1586 perantius,
1125 1525 1181 1570 ut
1229 1518 1448 1587 quidam
1497 1518 1673 1582 aiunt,
1720 1528 2069 1585 cwnaverat,
2108 1536 2202 1575 seu
2241 1537 2353 1591 prie

789 1609 954 1662 odore
984 1608 1220 1662 cnbii-nli
1255 1610 1309 1663 in
1340 1624 1451 1679 quo
1477 1609 1856 1672 decumbebat,
1893 1627 2083 1666 recens
2109 1614 2258 1668 calce
2290 1617 2353 1667 il-

787 1698 891 1752 liti.
925 1698 1107 1754 Multis
1141 1701 1285 1754 eiiim
1329 1701 1682 1761 carbonibus,
1726 1709 1914 1770 utpote
1945 1702 2172 1756 hiberno
2203 1713 2354 1757 tein—

786 1805 938 1859 pore,
978 1793 1186 1859 teporis
1233 1792 1407 1861 gratia
1455 1791 1523 1845 ibi
1561 1794 1829 1852 accensis,
1863 1807 2030 1861 vapor
2059 1795 2350 1858 excitatus,

783 1889 839 1934 et
868 1883 1099 1951 parietes
1129 1898 1296 1952 supra
1326 1882 1546 1936 modum
1577 1882 1868 1937 madefacti
1901 1883 2136 1938 fuerant.
2181 1884 2352 1940 Exer-

784 1974 928 2027 citus
954 1988 1103 2037 vero,
1139 1988 1262 2026 cuin
1292 1972 1526 2027 Nicmam
1565 1973 1828 2043 Bithynia:
1859 1977 2117 2041 venisset,
2151 1976 2350 2032 Valen-

3052 690 3302 742 ΚΕΦΑΛ.
3349 691 3440 754 (τ’.

2459 778 2723 846 Θάνατος
2760 780 3066 843 ’Μῶαν-οῦ,
3092 781 3186 833 καὶ
3220 783 3353 848 περὶ
3383 780 3488 834 τοῦ
3513 782 3658 845 ,βίου
3690 779 3786 834 καί
3811 779 3920 848 τῆς
3948 783 4044 847 εἰς

2530 851 2679 903 Θεὸν
2698 850 3036 918 παρῤησίας
3061 851 3562 904 Οὑαλεντινιανοῦ
3592 867 3605 881 ο
3632 851 3728 904 καὶ
3766 851 3922 915 ὅπως
3950 853 4043 916 εἰς

2521 920 2853 983 βασιλείαν
2877 920 3238 986 προεϐλήθη,
3257 921 3355 989 καί
3378 919 3487 972 τὸν
3500 920 3764 989 ἀδελφὸν
3781 920 4044 975 Οὐάλεν-

2528 1005 2601 1060 τα
2648 992 3117 1060 συμϐασιλεύειν
3159 988 3318 1055 αὐτῷ
3359 991 3585 1045 είλετο·
3615 988 3716 1044 καί
3761 989 4042 1060 περὶτῆς

2485 1063 2488 1066 ’
2527 1057 2813 1128 διαφορᾶς
2835 1059 3201 1128 ἀμφοτέρων.

2542 1149 2598 1201 Ὀ
2622 1149 2679 1202 δὲ
2721 1148 2976 1212 Ἰοσιανὺς
3004 1150 3148 1220 ἀμφὶ
3190 1149 3334 1204 ὀκτὼ
3378 1152 3551 1222 μῆνας
3583 1153 3641 1206 ὲν
3685 1155 3753 1224 τῇ
3791 1152 4044 1222 βασιλείᾳ

2457 1239 2870 1311 διαγενόμενος,
2905 1242 3083 1295 ἀπιὼν
3131 1243 3222 1295 ἐπὶ
3281 1244 3380 1312 τὴν
3430 1242 4038 1304 Κωνσταντινούπολιν,

2459 1331 2716 1402 ἐξαπίνης
2767 1333 2826 1385 ὲν
2882 1334 3238 1396 Δαδαστάνοις
3272 1336 3458 1404 χωρίῳ
3482 1335 3581 1404 τῆς
3620 1333 3867 1396 Βιθυνίας
3912 1335 4041 1386 καθ’

2456 1422 2573 1476 ὁδὸν
2608 1422 2959 1491 ἐτελεύτησεν
2981 1439 2994 1452 ·
3037 1423 3068 1492 ἢ
3093 1421 3491 1494 ἀφειδέστερον,
3517 1422 3594 1485 ῶς
3622 1438 3765 1484 τινες
3793 1421 4038 1488 λέγουσι,

2458 1512 2750 1584 δειπνήσας
2779 1530 2790 1544 ·
2831 1513 2995 1582 ﬁent;
3048 1515 3146 1582 τῆς
3198 1514 3364 1582 ὀδμῆς
3410 1513 3501 1565 τοῦ
3558 1515 3854 1584 οἰκήματος
3902 1515 3959 1565 ἐν
3993 1507 4044 1580 ᾧ

2459 1604 2764 1668 ἐκάθευδεν,
2793 1605 3040 1673 ἁσὸέστῳ
3087 1606 3409 1672 προσφάτως
3439 1604 3838 1674 ἐγχρισθέντος.
3885 1603 4043 1656 Ἐπι-

2459 1698 2708 1764 γενέσθαι
2757 1697 2866 1767 γὰρ
2919 1697 3140 1767 ἱκμάὃα,
3189 1697 3283 1749 καὶ
3323 1697 3630 1766 νοτισθῆναι
3668 1698 3796 1757 τοὺς
3825 1695 4042 1766 τοίχους

2457 1791 2708 1860 ἀμέτρως
2735 1830 2749 1853 ,
2782 1789 2992 1842 πολλῶν
3025 1790 3312 1859 ἀνθράκων
3353 1788 3542 1842 αὐτόθι
3593 1787 3933 1858 καιομένων,
3959 1789 4044 1850 ὡς

2459 1882 2516 1934 ἐν
2543 1881 2662 1952 ὥρα
2694 1881 2957 1951 χειμῶνος
3009 1881 3096 1932 διὰ
3143 1880 3242 1950 τὴν
3290 1880 3476 1933 ἀλέαν.
3519 1878 3672 1932 Ἐπεὶ
3703 1879 3758 1932 δὲ
3804 1881 3883 1942 είς
3932 1879 4040 1931 Νί-

2460 1993 2618 2027 καιαν
2646 1976 2743 2043 τῆς
2777 1973 3022 2034 Βιθυνίας
3047 1974 3274 2040 ἀφίκετο
3300 1975 3331 2042 ἡ
3361 1973 3608 2041 στρατια,
3645 1972 4043 2041 ἀναγορεύουσι

786 2067 1052 2120 tinianum
1106 2068 1484 2136 imperatorem
1537 2069 1917 2131 renuntiavit,
1969 2071 2146 2123 virum
2192 2073 2355 2143 226
2391 2055 2428 2106 Β
2461 2068 2544 2134 βας

2236 2073 2355 2143 ς26
2391 2055 2428 2106 Β
2461 2068 2686 2134 βασιλέα
2716 2067 3178 2128 Οὐαλεντινιανὸν,
3217 2064 3385 2133 ἄνδρα
3423 2062 3624 2131 ἀγαθὸν
3652 2065 3744 2117 καὶ
3776 2067 3872 2132 τῆς
3889 2066 3994 2132 ἠγε

783 2157 1050 2227 Optimum
1095 2167 1152 2212 et
1203 2158 1432 2228 imperio
1480 2159 1882 2229 dignissimum.
1937 2160 1986 2215 Is
2032 2165 2176 2216 enini
2227 2173 2353 2218 tunc

785 2249 999 2312 aderat,
1035 2248 1106 2302 ab
1146 2250 1343 2304 exsilio
1381 2265 1653 2305 reversus.
1714 2250 1849 2304 Nam
1897 2249 2170 2314 Julianus,
2228 2269 2351 2306 cnm

787 2351 1052 2389 summam
1103 2338 1316 2407 imperii
1355 2338 1650 2405 obtineret,
1699 2340 1850 2393 illum
1903 2349 2034 2394 tunc
2075 2342 2352 2395 tribunum

787 2427 1022 2498 legionis
1061 2427 1418 2483 Jovianornm
1453 2431 1644 2484 militia
1704 2440 1950 2494 exuerat,
2001 2441 2053 2486 et
2094 2443 2354 2501 perpetuo

785 2519 982 2574 exsilio
1027 2519 1412 2586 damnaverat:
1463 2523 1644 2590 specie
1681 2522 1926 2590 quidem,
1977 2524 2124 2592 quod
2159 2524 2354 2576 milites

785 2627 918 2666 suos
956 2613 1209 2681 praelium
1241 2627 1366 2667 cum
1401 2613 1560 2668 lioste
1593 2615 1828 2667 inituros
1872 2631 1980 2667 non
2031 2623 2174 2670 recte
2205 2618 2350 2671 ordi-

786 2711 1042 2755 naverat:
1078 2717 1265 2756 revera
1298 2703 1589 2766 autein,ob
1619 2703 1930 2771 liujusniodi
1955 2719 2199 2759 causam.
2220 2706 2352 2758 Cum

784 2789 1038 2848 Julianus
1069 2793 1249 2848 adhuc
1299 2794 1355 2848 in
1390 2793 1579 2848 Galliis
1627 2805 1956 2861 moraretur,
2008 2795 2353 2851 sacriﬁcandi

787 2897 955 2938 causa
987 2885 1248 2954 templum
1279 2885 1550 2955 quoddam
1583 2887 1864 2955 ingressus
1897 2894 1998 2940 est.
2039 2887 2354 2941 Comitaba-

789 2984 879 3030 tur
916 2977 1070 3030 illum
1100 2977 1242 3030 inter
1278 2988 1507 3042 caeteros
1531 2976 1971 3033 Valentinianus.
2010 2980 2172 3034 Vetus
2207 2980 2351 3034 enim

789 3084 911 3124 mos
939 3079 1056 3124 erat
1090 3069 1231 3139 apud
1263 3071 1559 3134 llomanos,
1587 3081 1645 3124 ut
1680 3071 1884 3125 tribuni
1918 3069 2273 3126 Joviaiioruni
2303 3081 2356 3126 et

789 3161 1243 3218 llercnlianorum
1292 3162 1383 3230 (lii
1428 3169 1556 3216 sunt
1604 3164 1814 3217 numeri
1852 3165 1906 3218 in
1950 3165 2194 3218 exercitu
2249 3165 2356 3220 lto-

788 3271 951 3310 mano
995 3255 1343 3322 nobilissimi,
1396 3271 1630 3326 quorum
1672 3258 1811 3311 alter
1849 3274 1878 3310 a
1923 3255 2076 3320 Jove,
2110 3260 2250 3312 alter
2289 3258 2356 3312 ab

2457 2159 2645 2228 μονίας
2675 2157 2838 2220 ἄξιον.
2883 2157 3078 2224 Ἔτυχε
3127 2155 3182 2207 δὲ
3230 2156 3351 2207 τότε
3389 2156 3578 2225 παρὼν
3603 2154 3709 2207 ἀπὸ
3738 2153 3838 2221 τῆς
3869 2155 4043 2223 ὑπερ-

2453 2249 2606 2319 ορίας
2636 2249 2829 2318 ξυγῆς.
2856 2248 3086 2314 Λέγεται
3115 2248 3239 2317 γὰρ,
3266 2247 3341 2308 ὼς
3361 2248 3522 2315 ἡνίκα
3553 2246 3834 2308 Ἰουλιανὸς
3864 2245 4038 2315 ὲκράο

2451 2358 2534 2393 τει
2576 2341 2882 2409 Ῥωμαίων,
2902 2337 3390 2409 συνταγματάρχην
3410 2338 3570 2390 αὑτὸν
3591 2339 3719 2390 ὄντα
3742 2336 3834 2390 τοῦ
3869 2353 4042 2390 κατα-

2455 2433 2612 2499 λόγου
2670 2431 2778 2483 τῶν
2835 2431 3182 2500 καλουμένων
3253 2430 3516 2484 Ἰοϐιανῶν
3547 2469 3560 2485 .
3595 2430 3693 2500 τῆς
3751 2429 4040 2500 στρατείας

2454 2526 2757 2590 ἀπεώσατο,
2786 2525 2877 2576 καὶ
2910 2526 3062 2593 ἀϊδίῳ
3094 2527 3234 2592 φυγῇ
3271 2523 3563 2593 ἐζημίωσε·
3601 2523 3875 2593 πρόφασιν
3909 2522 4034 2591 μὲν,

2454 2618 2526 2679 ὡς
2552 2619 2610 2668 οὐ
2640 2617 2862 2678 δεόντως
2893 2616 3046 2680 ἔταξε
3077 2619 3200 2678 τοὺς
3234 2617 3322 2666 ὑπ’
3356 2615 3513 2668 αὐτὸν
3544 2614 3876 2684 στρατιώτας
3900 2613 4037 2682 πρὸς

2455 2708 2578 2778 τοὺς
2616 2706 2932 2777 πολεμίους·
2967 2710 3026 2759 τὸ
3054 2707 3095 2759 δ’
3128 2707 3344 2775 ἀληθὲς,
3381 2705 3652 2759 ἐντεῦθεν.
3683 2703 3803 2758 Ἔτι
3833 2705 4038 2772 διάγων

2469 2801 2756 2861 Ἰουλιανὸς
2795 2802 2852 2852 ἐν
2902 2803 3013 2858 τοῖς
3063 2801 3198 2866 πρὸς
3244 2799 3392 2851 δύσιν
3446 2797 3713 2860 Γαλάταις
3739 2840 3751 2859 ,
3781 2791 3914 2868 ἦκεν
3957 2798 4038 2860 εἷς

2455 2909 2572 2944 τινα
2603 2892 2724 2943 ναὸν
2766 2893 2941 2945 θύσων
2962 2910 2973 2920 ·
2996 2893 3158 2961 συνῆν
3178 2892 3233 2943 δὲ
3267 2889 3414 2960 αὐτῷ
3453 2893 3548 2944 καὶ
3575 2887 4034 2949 Οὐαλεντινιανός·

2455 2981 2573 3045 ἔθος
2625 2983 2732 3053 γάρ
2785 2984 3010 3036 παλαιὸν
3074 2983 3391 3052 Ῥωμαίοις,
3431 2982 3520 3034 τὸν
3579 2981 3879 3052 ἡγούμενον
3928 2981 4040 3032 τῶν

2455 3072 2722 3126 ἰεϐιανῶν
2747 3075 2842 3127 καὶ
2881 3073 3280 3144 Ἐρκουλιανῶν
3315 3074 3596 3143 (τάγματα
3643 3073 3698 3125 δὲ
3730 3072 3900 3125 ταῦτα
3926 3071 4040 3123 τῶν

2455 3167 2513 3218 ἐν
2566 3166 2707 3236 λόγῳ
2733 3167 3099 3238 στρατιωτῶν,
3130 3165 3192 3219 τὸ
3244 3166 3341 3236 μὲν
3363 3167 3456 3234 ἀφ’
3499 3165 3858 3236 Ἡρακλέους,
3890 3164 3949 3215 τὺ
3980 3163 4040 3216 δὲ

2455 3253 2561 3306 ἀπὸ
2585 3252 2703 3315 Διὸς
2727 3253 2955 3323 λαχόντα
2967 3255 3063 3323 τὴν
3087 3256 3498 3325 προσηγορίαν),
3521 3255 3662 3307 κατὰ
3682 3255 3848 3307 νώτου
3871 3256 4040 3322 ἐγγυς

791 3345 1021 3400 llereule
1064 3362 1260 3400 nomen
1312 3347 1562 3416 accepit)
1634 3348 2016 3417 imperatorem
2066 3364 2278 3418 semper
2325 3366 2352 3402 ιι
2380 3387 2423 3443 C
2455 3343 2542 3395 ἀεὶ

2325 3366 2352 3402 ιι
2380 3387 2423 3443 C
2455 3343 2542 3443 ἀεὶ
2586 3341 2834 3443 φύλακας
2879 3344 3131 3443 ἕπεσθαι.
3155 3346 3232 3443 τίς)
3272 3347 3510 3443 βασιλεῖ1
3720 3347 3774 3397 δὲ
3817 3347 4041 3443 ἔμελλεν

789 3441 941 3508 tergo
975 3437 1212 3506 praesidii
1265 3452 1433 3492 causa
1457 3439 1712 3509 proxime
1758 3446 2141 3508 sequerentur.
2187 3439 2354 3494 Cum-

787 3544 895 3598 que
944 3529 1106 3584 limen
1154 3529 1338 3599 templi
1382 3536 1838 3601 transgressurus
1882 3538 2048 3592 esset,
2097 3532 2354 3588 sacerdos

785 3619 1055 3677 verbenas
1097 3635 1240 3690 aqua
1289 3621 1490 3676 tinctas
1539 3636 1700 3675 manu
1753 3633 2019 3690 gestans,
2067 3623 2351 3692 gentilium

788 3730 940 3767 more
971 3714 1345 3783 ingredientes
1370 3714 1703 3783 Conspersit.
1738 3714 1801 3767 Et
1831 3730 1954 3769 eum
1992 3723 2142 3784 gutta
2171 3715 2225 3768 in
2257 3731 2352 3770 ve-

788 3815 925 3860 sti-in
959 3807 1322 3860 Valentiniani
1371 3807 1690 3872 decidisset,
1728 3808 1836 3872 ille,
1866 3817 2054 3877 utpote
2079 3808 2352 3864 Cliristia-

789 3911 913 3960 nus,
962 3912 1074 3949 rem
1125 3897 1351 3950 moleste
1403 3897 1566 3964 tulit,
1612 3905 1665 3951 et
1709 3899 1982 3952 sacerdoti
2025 3898 2122 3967 qui
2174 3900 2350 3968 ipsum

786 3997 1092 4055 asperserat
1120 3988 1458 4042 conviciatiis
1485 3995 1591 4043 est.
1631 3986 1801 4042 Aiunt
1831 3989 1993 4042 etiam
2035 3990 2214 4053 illum,
2247 3988 2351 4043 im-

786 4087 1032 4145 peratore
1083 4079 1198 4147 ipso
1241 4086 1544 4148 speetante.
1594 4094 1714 4133 eam
1761 4081 1932 4135 vestis
1971 4090 2178 4150 partem
2233 4097 2355 4150 qua:

785 4182 1008 4236 aspersa
1064 4168 1278 4232 fuerat,
1337 4170 1671 4235 abscidisse,
1713 4185 1777 4224 ac
1837 4172 1998 4226 simul
2055 4188 2177 4226 cum
2236 4173 2351 4243 ipsa

786 4254 1072 4322 aspergine
1108 4255 1422 4326 proiecisse.
1466 4255 1541 4310 Ex
1591 4257 1683 4312 illo
1719 4269 1963 4328 tempore
1993 4257 2244 4316 Julianus
2268 4261 2351 4314 in-

788 4341 971 4398 fensns
1006 4343 1404 4412 Valentiniano,
1438 4347 1584 4403 baud
1632 4349 1802 4403 multo
1846 4357 1969 4419 post
1999 4366 2121 4404 eum
2158 4367 2352 4420 perpe-

785 4439 880 4483 tno
930 4434 1122 4487 exsilio
1155 4435 1473 4490 damnatum
1500 4479 1516 4503 ,
1557 4437 1853 4493 Melitinam
1905 4441 2172 4494 Armeniae
2212 4442 2347 4495 rele-

2455 3431 2848 3502 ὑπεραμείὸειν
2875 3434 2969 3486 τοῦ
3004 3434 3132 3488 ναοῦ
3163 3434 3255 3488 τὸν
3285 3437 3461 3501 οὐδὸν,
3487 3434 3713 3500 θαλλούς
3740 3453 3893 3499 τινας
3926 3436 4043 3489 δια·-

2453 3521 2680 3593 6ρόχους
2723 3524 2965 3594 κατέχων
2993 3528 3021 3578 ὁ
3051 3527 3247 3596 ἱερεὺς,
3274 3528 3422 3598 νόμῳ
3469 3527 3766 3598 Ἐλληνικῷ
3809 3529 4041 3599 περιέρ-

2453 3616 2603 3683 ραινε
2651 3613 2759 3684 (6|)
2795 3617 2914 3678 τοὺς
2951 3616 3234 3679 εἰσιὸντας.
3279 3616 3653 3687 Ἐκπεσούσης
3699 3618 3754 3670 δὲ
3783 3618 4041 3685 σταγόνος

2449 3704 2660 3775 ἐπεχτὴν
2679 3705 2842 3758 αὑτοῦ
2872 3706 3094 3777 ἐσθῆτα,
3123 3709 3374 3778 χαλεπῶς
3407 3710 3636 3780 ἤνεγκεν
3665 3710 4043 3763 Οὐαλεντινιαο

2455 3798 2544 3861 νός
2576 3816 2585 3825 ο
2621 3793 2689 3868 ἦν
2720 3800 2830 3870 γὰρ
2881 3800 3236 3871 Χριστιανός·
3268 3803 3361 3853 καὶ
3396 3801 3471 3870 τῷ
3497 3803 3730 3872 ραίνοντι
3773 3801 4046 3872 ἐλοιδορή-

2461 3906 2609 3942 σατο.
2637 3891 2775 3943 Φασὶ⁹
2821 3891 2877 3944 δὲ
2927 3893 3022 3944 καὶ
3078 3893 3172 3946 τοῦ
3225 3893 3492 3963 βασιλέως
3537 3894 3768 3964 ὁρῶντος
3799 3935 3812 3956 ,
3842 3896 4044 3948 αὐτίκα

2458 3987 2774 4054 περιτεμεῖν
2800 3983 2894 4036 καὶ
2929 3984 3228 4054 empsim:
3271 3987 3367 4038 σὺν
3397 3986 3532 4055 αὑτῇ
3569 3987 3637 4056 τῇ
3666 3985 3890 4054 ψεκάδι,
3917 3986 4044 4037 ὅσον

2461 4073 2668 4144 ἐϐράχη
2706 4074 2804 4144 τῆς
2860 4073 3104 4143 ἐσθῆτος.
3153 4074 3224 4127 Τὸ
3273 4075 3328 4128 δὲ
3385 4076 3444 4142 ἐξ
3501 4075 3705 4127 ἐκείνου
3760 4076 3965 4145 μηνιῶν
4013 4077 4044 4127 ὁ

2461 4163 2773 4229 Ἰουλιανὸς,
2810 4165 2868 4217 οὐ
2905 4164 3080 4234 πολλῷ
3125 4165 3346 4235 ὕστερον
3383 4167 3732 4219 κατεδίκασεν
3754 4167 3914 4219 αὑτὸν
3940 4167 4044 4236 τὴν

2459 4261 2748 4329 Μελιτινὴν
2794 4262 2888 4331 τῆς
2937 4263 3221 4333 Ἀρμενίας
3249 4274 3288 4301 ιιι
3326 4261 3584 4331 διηνεκῶς
3635 4264 3830 4328 οἰκεῖν,
3860 4263 4044 4315 αἰτίαν

2460 4356 2828 4424 σκηψάμενος,
2877 4356 2978 4424 τὴν
3033 4357 3160 4425 περὶ
3192 4359 3316 4418 τοὺς
3371 4357 3459 4408 ὑπ’
3496 4357 3656 4409 αὐτὸν
3706 4356 4042 4426 στρατιώτας

2461 4446 2760 4517 ῥαστώνην.
2791 4448 2863 4500 Οὐ
2896 4451 3002 4519 γὰρ
3029 4449 3279 4501 ἐϐούλετο
3306 4449 3476 4515 δόξαι,
3499 4449 3588 4501 διὰ
3620 4450 3717 4519 τὴν
3747 4451 4043 4520 θρησκείαν

783 4524 968 4593 gavit:
1020 4525 1266 4580 criminis
1306 4527 1422 4581 loco
1461 4529 1746 4599 objicicns,
1789 4533 1932 4600 tltlt).i
1989 4533 2185 4588 milites
2221 4548 2351 4588 suos
2387 4551 2428 4604 ῃ
2461 4555 2541 4590 κα;

2283 4550 2351 4588 οδ
2387 4551 2428 4604 n
2461 4538 2642 4601 κακῶς
2667 4539 2828 4592 αὑτὸν
2860 4543 3055 4603 ποιεῖν,
3078 4541 3162 4594 ἵνα
3215 4542 3289 4612 μὴ
3342 4542 3617 4613 μάρτυρος
3645 4544 3677 4613 ἦ
3708 4543 4041 4615 ὁμολογητοῦ

860 4700 872 4728 ¹
910 4697 1094 4768 Such,
1129 4701 1223 4755 lib.
1255 4719 1328 4765 tv,
1382 4719 1502 4774 cap.
1539 4707 1590 4761 '1.

1949 4864 2213 4921 VALESII
2250 4866 2795 4924 ANNOTATIONES.

852 4951 963 5024 (6i)
1005 4953 1177 5020 Νόμῳ
1219 4952 1552 5020 Ἑλληνικῷ
1599 4955 1986 5024 περιέρῤαιιεε.
2043 4960 2099 5013 lii
2164 4963 2354 5016 codice

783 5020 1080 5102 Eiiketiaiio
1133 5025 1400 5102 scriptum
1460 5026 1640 5102 inveni
1671 5020 1844 5096 ’νὸμὶρ
1883 5029 2344 5102 ἐκκλησιαστικῴ.

781 5093 937 5168 Quod
974 5093 1184 5168 idcirco
1215 5094 1303 5146 liic
1337 5096 1518 5168 retuli,
1558 5111 1666 5168 non
1693 5093 1836 5164 quod
1867 5093 2199 5168 scripturam
2229 5093 2346 5156 eain

783 5164 1002 5242 probem
1028 5206 1040 5224 .
1072 5164 1167 5217 sed
1203 5173 1260 5242 ut
1292 5165 1574 5242 studiosus
1607 5164 2110 5242 lectorperspieiat
2133 5188 2346 5242 Lillltllll

782 5235 1145 5308 periculosum
1183 5235 1250 5286 sit
1289 5235 1621 5298 conjectura:
1653 5252 1765 5290 sua:
1793 5235 2096 5308 indulgere.
2133 5235 2344 5296 Etenim

782 5304 1129 5374 antiquarios
1179 5321 1269 5373 qni
1329 5308 1573 5360 codicem
1635 5308 1789 5360 illum
1848 5304 2168 5380 descripsit,
2222 5330 2346 5367 cum

2463 4966 2806 5042 aspersionis
2841 4980 2995 5042 aqua!
3018 4970 3348 5023 mentionem
3369 4971 3480 5024 ﬁeri
3511 4973 3713 5027 videret
3754 4974 3852 5026 line
3891 4974 4035 5028 loco.

2463 5037 2515 5086 id
2565 5052 2716 5090 more
2764 5038 3147 5092 ecclesiastico
3177 5043 3380 5095 l'actiiin
3413 5060 3536 5096 esse
3572 5045 3829 5098 credidit.
3865 5045 4033 5110 Quasi

2459 5119 2568 5184 non
2624 5117 2677 5184 et
2739 5111 2937 5184 pagani
2975 5111 3323 5184 _liiij_tisniodi
3385 5115 3804 5184 aspersioiiibus
3876 5133 4040 5184 aqua:

2459 5175 2703 5253 lustralis
2736 5175 3051 5253 iisilliierint
3085 5175 3176 5234 diu
3212 5193 3337 5235 ante
3371 5175 3700 5237 Christiane
3755 5175 4037 5253 religionis

2457 5246 2767 5384 Exordium.
2827 5247 2963 5301 Nota
3014 5263 3140 5303 sunt
3190 5262 3431 5307 \cteruni
3469 5254 3782 5310 Gi'xcoruiii
3838 5246 4032 5326 τῖεριρο

2495 5331 2752 5384 αντηρια.
3101 5335 3106 5340 ·

2495 5331 2752 5386 αντηρια.
3101 5335 3106 5340 '

2159 5489 2548 5548 VARIORUM.

856 5608 894 5631 "
941 5599 1058 5666 Τὴν
1083 5601 1409 5675 ,ιζελιτινὶρν
1430 5600 1895 5675 τῆς-,Ἀρμενιά-ς.
1932 5602 2358 5675 Pliilostorgiiis,

787 5673 879 5747 l_ili_.
907 5688 1000 5734 vii,
1033 5689 1080 5747 c_.
1119 5673 1168 5734 7,
1217 5674 1296 5724 ait
1352 5671 1802 5747 Valgntinianuin
1829 5673 2042 5730 Tliebas
2075 5671 2360 5747 (Egyptias

790 5743 1315 5816 {nissc__relegatuiii.
1345 5743 1410 5796 At
1443 5742 1716 5816 Socrates,
1749 5743 1844 5816 lib.
1885 5759 1955 5804 iv.
1979 5763 2026 5796 ‹·.
2061 5751 2112 5809 t,
2146 5742 2357 5816 inquit:

789 5811 905 5868 Etsi
958 5811 1376 5870 Valentinianus
1413 5831 1534 5869 cum
1582 5813 1746 5869 l'i'ati'c
1798 5813 2022 5870 Valente
2079 5811 2358 5890 cingulum

2463 5610 2704 5692 militare
2735 5611 3012 5682 deponere
3043 5615 3348 5680 maluisset,
3381 5635 3542 5692 quam
3574 5621 3733 5675 tidem
3762 5625 4032 5676 Christia-

2464 5697 2588 5760 nam
2632 5689 2881 5751 ejurare;
2925 5697 3179 5760 neutrum
3214 5697 3394 5741 tamen
3447 5709 3474 5743 ιι
3511 5689 3729 5745 Jiiliaiio
3761 5695 4033 5760 dignitate

2465 5753 2732 5834 privatum
2763 5797 2774 5816 ,
2827 5775 2892 5810 eo
2945 5758 3087 5828 quod
3141 5768 3431 5831 unumque
3482 5763 3662 5817 ~itilciii
3717 5753 4033 5834 ι’ριυῖιὶιιίρω

2465 5822 2789 5893 intelligeret
