4452 6598
428 473 566 527 1309

1402 467 1720 526 HISTORIA
1757 461 2312 526 ECCLESIASTICA.
2345 503 2408 512 —
2451 472 2576 528 LIB.
2613 472 2699 528 VI.

3534 474 3670 525 1310

426 588 606 656 γερῶν
649 586 921 655 ἀξιωθείη.
957 585 1157 639 Καθὰτι
1201 586 1403 656 ταύτης
1453 589 1614 642 ἕνεκα
1649 589 1745 658 τῆς
1798 591 1996 653 αἰτίας,
2026 597 2074 651 Α
2101 605 2184 660 neg

1912 607 1996 653 ας,
2026 597 2074 651 Α
2101 590 2465 661 negligentius
2495 592 2835 646 instituisset.
2868 587 3093 643 Nolebat
3127 587 3271 640 enim
3327 586 3499 640 videri
3542 605 3667 642 eum

426 681 522 732 atat
566 679 674 731 τῶν
710 678 881 730 ἄλλων
917 679 1171 746 ἐφείσατο
1219 679 1590 749 Χριστιανῶν,
1619 682 1760 750 ὁρῶν
1805 683 2000 746 αὐτοὺς

426 767 679 822 εὔκλειαν
735 770 826 821 καὶ
861 768 1118 822 σύστασιν
1155 771 1240 822 τοῦ
1285 771 1550 839 δόγματος
1583 776 1692 834 τοῖς
1739 773 2000 837 κινδύνοις

427 859 838 930 ποριζομένους,
883 861 958 922 ὡς
999 864 1057 913 ἐν
1095 864 1208 922 τοῖς
1244 862 1478 932 πρόσθεν
1507 866 1737 934 εἴρηται.
1763 864 1916 918 Ἐπεὶ
1942 866 1998 918 δὲ

426 951 455 1001 ὁ
487 949 736 1011 Ἰοϐιανὸς
764 950 1046 1022 ἐπετράπη
1078 951 1174 1020 τὴν
1203 952 1487 1020 Ῥωμαίων
1509 956 1818 1023 ἡγεμονίαν,
1838 973 2000 1025 μετα-

427 1041 646 1112 κληθεὶς
673 1042 779 1093 ἀπὸ
811 1042 908 1111 τῆς
937 1042 1115 1111 φυγῆς
1153 1045 1232 1105 εἰς
1257 1043 1513 1108 Νίκαιαν,
1546 1046 1756 1114 συμϐὰν
1793 1049 1997 1100 ἐκεῖνον

424 1134 762 1203 τελευτῆσαι,
785 1133 1228 1204 βουλευσαμένων
1263 1135 1355 1189 τοῦ
1385 1138 1742 1208 στρατοπέδου
1771 1140 1864 1192 καὶ
1891 1141 1996 1192 τῶν

425 1224 547 1277 τότε
591 1224 688 1284 τὰς
723 1223 958 1292 μεγάλας
986 1223 1156 1292 ἀρχὰς
1197 1223 1446 1292 ἐχόντων,
1473 1223 1636 1293 ψήφῳ
1667 1224 1882 1278 πάντων
1913 1227 1999 1278 αἰ-

430 1317 604 1384 ρείται
639 1314 941 1382 βασιλεύειν
973 1315 1431 1377 Οὑαλεντινιανός.
1467 1316 1552 1374 Ὠς
1578 1315 1632 1367 δὲ
1664 1316 1729 1368 τὰ
1755 1316 1995 1385 σύμϐολα

423 1405 522 1473 τῆς
546 1407 717 1474 ἀρχῆς
747 1404 980 1469 ἐδέξατο,
1002 1407 1346 1470 κεκραγότων
1375 1403 1481 1456 τῶν
1508 1406 1850 1474 στρατιωτῶν
1884 1423 1993 1459 κοι-

425 1494 588 1546 νωνὸν
616 1492 763 1562 αὺτῷ
787 1493 884 1561 τῆς
909 1493 1184 1562 βασιλείας
1208 1494 1392 1564 ἕτερον
1422 1494 1768 1563 ποιήσασθαι,
1797 1495 1869 1548 Τὸ
1899 1497 1994 1563 μὲν

424 1581 639 1634 ἑλέσθαι
662 1599 747 1651 με,
765 1583 948 1650 φησὶν,
973 1583 1157 1652 ἄρχειν
1176 1584 1346 1650 ὑμῶν,
1368 1579 1412 1636 ὦ
1435 1585 1622 1654 ἄνδρες
1645 1585 1990 1654 στρατιῶται,

422 1674 480 1725 ὲν
507 1675 631 1743 ὑμῖν
657 1669 741 1741 ἦν.
789 1673 940 1724 Ἐπεὶ
971 1674 1026 1726 δὲ
1057 1675 1260 1726 εἵλεσθε
1283 1713 1298 1737 ,
1326 1676 1383 1727 ὃν
1408 1676 1499 1728 νῦν
1539 1678 1762 1736 αἰτεῖτε,
1809 1677 1906 1729 οὑκ
1937 1681 1992 1729 ἐν

423 1763 572 1834 ὑμῖν,
609 1763 722 1816 ἀλλ’
752 1767 809 1816 ἐν
846 1763 967 1833 ἐμοί
999 1780 1010 1792 ⁸
1049 1767 1139 1816 καὶ
1197 1766 1301 1834 χρὴ
1354 1767 1476 1828 τοὺς
1525 1767 1622 1834 μὲν
1661 1766 1992 1835 ἀρχομένους

423 1858 566 1926 ὑμᾶς
601 1856 826 1926 ἡσυχίαν
857 1857 1008 1924 ἄγειν
1029 1871 1040 1882 ·
1067 1860 1089 1906 ἐ.
1100 1857 1164 1924 μὲ
1193 1857 1249 1908 δὲ
1278 1859 1352 1919 ὡς
1379 1856 1624 1926 βασιλέα,
1651 1857 1720 1910 τὰ
1743 1858 1990 1928 πρακτέα

2108 680 2384 750 religionis
2421 695 2587 735 causa
2640 683 2780 734 male
2825 681 3108 742 multasse,
3157 692 3224 731 ne
3275 676 3364 732 ille
3413 679 3669 745 martyris

2101 785 2164 824 ac
2196 770 2527 825 confessoris
2559 772 2763 824 honore
2801 770 3137 824 afﬁceretur.
3179 765 3316 821 Nam
3357 776 3412 822 et
3445 769 3515 821 ob
3543 782 3667 822 eam

2101 877 2319 915 causam
2349 864 2471 918 aliis
2502 862 2830 918 Christianis
2864 863 3123 932 pepercit,
3157 878 3281 916 cum
3319 863 3528 916 videret
3570 876 3666 916 eos

2099 955 2324 1022 gloriam
2375 955 2478 1009 sibi
2520 954 2672 1023 ipsis.
2704 963 2757 1009 et
2799 955 3331 1009 commendationem
3381 955 3665 1023 religionis

2098 1059 2211 1098 sua:
2263 1061 2329 1100 ex
2387 1045 2698 1114 liujusmodi
2748 1047 3004 1116 periculis
3053 1056 3361 1117 reportare,
3411 1047 3556 1098 sicut
3607 1045 3664 1099 in

2098 1135 2376 1203 superiore
2409 1136 2546 1190 libro
2590 1137 2896 1194 observavi.
2928 1137 3128 1194 Postea
3157 1154 3287 1194 vero
3315 1137 3546 1193 Joviano
3596 1139 3665 1194 ad

2098 1225 2384 1293 imperium
2415 1234 2624 1287 erecto,
2661 1227 2724 1280 ab
2753 1229 2946 1282 exsilio
2978 1238 3266 1283 revocatus
3301 1229 3535 1283 Nicaeam
3568 1245 3665 1284 ve-

2099 1314 2196 1366 nit.
2241 1312 2488 1383 Cumque
2532 1314 2819 1370 Jovianuni
2856 1318 2993 1370 mori
3032 1317 3377 1386 contigisset,
3419 1319 3662 1372 exercitu

2096 1400 2344 1457 Romano
2375 1412 2428 1458 et
2477 1406 2542 1459 iis
2591 1407 2685 1474 qui
2717 1405 3019 1476 przecipuas
3066 1406 3360 1476 dignitates
3404 1409 3662 1476 gerebant

2096 1494 2388 1548 consilium
2437 1496 2773 1561 ineuntibus,
2819 1500 3065 1551 omnium
3119 1497 3381 1566 suffragio
3422 1496 3662 1551 Valenti-

2095 1587 2293 1641 nianus
2320 1587 2538 1656 eligitur
2567 1589 2881 1657 imperator.
2915 1588 3019 1654 Qui
3058 1606 3177 1644 ctnn
3220 1589 3454 1657 insignia
3491 1588 3662 1656 impe-

2096 1675 2160 1727 rii
2193 1677 2548 1745 suscepisset,
2581 1678 3015 1734 vociferantibus
3045 1680 3306 1734 militibus
3339 1688 3395 1733 ut
3429 1680 3660 1732 alterum

2096 1763 2199 1816 sibi
2235 1765 2444 1834 imperii
2479 1776 2785 1822 consortem
2826 1769 3173 1838 adiungeret:
3213 1768 3388 1824 Vestri
3417 1768 3658 1838 quidem,

2097 1857 2291 1924 inquit,
2332 1857 2542 1910 arbitrii
2582 1858 2701 1922 fuit,
2748 1861 3172 1924 commilitones,
3208 1871 3264 1914 ut
3297 1876 3382 1914 me
3428 1860 3662 1928 impera-

420 1950 661 2000 σκοπεῖν.
696 1949 804 2001 Καὶ
834 1947 953 2000 τότε
981 1948 1079 2017 μὲν
1111 1947 1278 2000 ταῦτα
1306 1950 1723 2019 προσφωνήσας,
1753 1950 1852 2003 οὐκ
1883 1945 1991 2015 εἶξε
2023 1951 2063 2004 Β
2095 1955 2176 1999 ιοι·

1903 1945 1991 2015 ,ἷξε
2023 1951 2063 2004 Β
2095 1955 2267 2000 torem
2288 1956 2526 2002 vestrum
2552 1949 2843 2018 eligeretis.
2879 1950 2983 2006 Sed
3012 1963 3364 2023 posteaquam
3421 1951 3661 2020 elegistis

417 2041 528 2102 τοῖς
586 2038 962 2110 στρατιώταις.
1009 2039 1142 2092 Μετ’
1169 2040 1228 2092 οὐ
1272 2041 1406 2093 πολὺ
1458 2041 1514 2093 δὲ
1549 2044 1997 2111 παραγενόμενος

417 2133 498 2194 εἰς
528 2129 1108 2193 Κωνσταντινούττολιν,
1145 2131 1441 2200 ἀνεκήρυξε
1478 2131 1700 2199 βασιλέα
1731 2132 1822 2184 τὸν
1853 2132 1996 2185 ἁδελ-

417 2223 516 2291 φόν
537 2241 549 2251 ·
588 2223 680 2274 καὶ
708 2222 806 2291 τῆς
832 2222 1072 2288 ὑπηκόου
1106 2221 1172 2272 τὰ
1203 2221 1300 2289 μὲν
1339 2221 1472 2289 πρὸς
1502 2221 1650 2290 ἥλιον
1687 2221 1992 2291 ἀνίσχοντα,

417 2313 730 2383 παρέδωκεν
753 2312 918 2380 αὐτῷ’
949 2312 1016 2364 τα
1041 2311 1096 2364 δὲ
1131 2312 1236 2363 ἀπὸ
1267 2312 1535 2380 Ίλλυριων
1582 2311 1674 2366 ἐπὶ
1706 2310 1793 2364 τὸν
1845 2312 1997 2364 ἐσπέ-

419 2422 530 2476 ριον
551 2405 810 2463 ὠκεανὸν,
840 2405 931 2457 καὶ
963 2405 1142 2456 πᾶσαν
1165 2403 1262 2473 τὴν
1295 2405 1518 2473 ἀντικρὺ
1543 2404 1768 2473 ἤπειρον
1801 2405 1992 2475 μέχρις

415 2498 657 2565 ἐσχάτων
697 2496 930 2562 Λιϐύων,
960 2499 1047 2562 ὑφ’
1075 2497 1263 2549 ἑαυτὸν
1305 2496 1509 2560 ἔταξεν.
1550 2498 1750 2566 ’Ἄμφω
1778 2498 1834 2550 δὲ
1859 2500 1994 2567 Χρι-

416 2589 614 2641 στιανὼ
664 2589 763 2659 τὴν
814 2590 1106 2660 θρησκείαν
1169 2589 1458 2658 ἐγενέσθην
1490 2607 1502 2618 ⁸
1533 2589 1772 2660 διαφόρω
1804 2591 1860 2643 δὲ
1894 2593 1991 2660 τὴν

413 2680 568 2744 δόξαν
603 2682 695 2733 και
731 2681 820 2733 τὸν
871 2682 1089 2751 τρόπον.
1123 2681 1332 2749 Οὐάλης
1367 2682 1464 2749 μὲν
1493 2680 1623 2750 γὰρ,
1654 2682 1888 2753 Εὺδοξίῳ
1913 2683 1990 2752 τῷ

413 2773 694 2841 ὲπισκόπῳ
731 2774 1072 2843 μυσταγωγῷ
1101 2773 1441 2842 χρησάμενος
1468 2775 1632 2840 ἡνίκα
1664 2775 1986 2844 ἐὸαπτίσθη,

412 2863 509 2933 τὴν
551 2866 757 2934 Ἀρείου
794 2865 973 2918 πίστιν
1022 2865 1211 2934 ἐζήλου
1247 2883 1258 2894 ·
1309 2867 1401 2918 καὶ
1451 2865 1620 2919 δεινὸν
1673 2869 1875 2936 ἡγεῖτο,
1913 2868 1988 2939 μὴ

416 2955 692 3025 βιάζεσθαι
733 2957 941 3020 πάντας
974 2957 1258 3027 ὁμοδόξους
1287 2957 1432 3027 αὑτῷ
1478 2959 1668 3011 ποιεῖν.
1703 2958 1982 3014 Οὐαλεντι-

413 3049 590 3110 νιανὸς
619 3049 694 3113 δὲ,
720 3050 788 3101 τα
810 3049 949 3102 αὐτὰ
972 3049 1182 3118 φρονῶν
1205 3051 1314 3110 τοῖς
1341 3050 1399 3101 ἐν
1429 3048 1630 3117 Νικαίᾳ.
1654 3049 1983 3114 συνελθοῦσι,

413 3139 632 3202 τούτους
661 3140 756 3210 μὲν
784 3139 982 3208 ὠφέλει
1008 3157 1020 3169 ·
1050 3142 1159 3202 τοῖς
1188 3139 1243 3192 δὲ
1265 3139 1464 3209 ἑτέρως
1492 3138 1984 3205 δοξάζουσιν,οὺδὲν

413 3231 664 3302 ἠνώχλει.

2099 2034 2152 2089 id
2184 2035 2328 2103 quod
2370 2038 2576 2106 petitis,
2631 2041 2738 2093 mei
2788 2041 2997 2095 arbitrii
3052 2049 3154 2107 est,
3207 2058 3314 2095 non
3362 2041 3546 2096 vestri.
3595 2037 3662 2090 Et

2098 2141 2192 2179 vos
2221 2127 2438 2195 quidem
2475 2135 2733 2198 tanquam
2779 2131 3027 2186 subditos
3055 2133 3340 2202 quiescere
3368 2131 3546 2194 decet,
3577 2143 3662 2182 me

2097 2233 2245 2282 vero,
2283 2228 2468 2289 utpote
2506 2222 2911 2292 imperatorem,
2946 2225 3076 2293 quid
3111 2223 3376 2294 agendum
3408 2223 3498 2287 sit,
3531 2237 3658 2291 spe-

2094 2318 2264 2364 ctare.
2297 2311 2619 2380 llujusniodi
2651 2330 2916 2384 responso
2945 2316 3094 2380 dato,
3136 2324 3248 2369 tum
3289 2315 3507 2382 quidem
3557 2315 3660 2366 mi-

2095 2400 2281 2456 litibus
2333 2405 2556 2459 minime
2605 2408 3018 2477 obtemperavit.
3088 2408 3255 2460 l’aulo
3303 2418 3426 2476 post
3475 2414 3654 2458 tamen

2093 2491 2623 2563 Constantinopolim
2677 2500 2980 2568 ingressus,
3018 2498 3238 2550 fratrem
3276 2497 3655 2564 imperatorem

2091 2584 2446 2638 renuntiavit.
2475 2585 2540 2638 Et
2565 2597 2747 2656 partes
2770 2589 2990 2657 quidem
3018 2587 3229 2654 imperii
3252 2601 3372 2654 qum
3391 2585 3456 2638 ad
3475 2586 3657 2638 orien--

2090 2683 2196 2728 tein
2242 2685 2511 2743 spectant,
2568 2679 2615 2731 ei
2670 2680 2933 2746 regendas
2983 2677 3278 2731 commisit.
3318 2675 3478 2744 227
3527 2679 3658 2738 υυω

2089 2782 2220 2820 vero
2255 2769 2322 2822 ab
2370 2768 2582 2840 Illyrico
2629 2773 2694 2824 ad
2734 2771 3122 2825 occidentalem
3165 2781 3426 2821 oceanum
3481 2763 3658 2834 porri-

2089 2877 2311 2937 gunlur,
2353 2880 2679 2933 omnemque
2729 2879 2759 2916 e
2806 2863 3028 2932 regione
3067 2862 3229 2914 sitam
3258 2855 3652 2916 continentem,

2091 2975 2262 3028 usque
2311 2959 2376 3012 ad
2428 2959 2646 3011 ultimas
2688 2956 2883 3010 Africa:
2915 2962 3128 3025 gentes,
3165 2951 3268 3006 sub
3296 2949 3503 3004 ditione
3553 2961 3654 3001 sua

2088 3052 2336 3106 retinuit.
2382 3049 2442 3103 Et
2482 3051 2639 3102 ambo
2685 3047 2902 3118 quidem
2938 3046 3195 3116 religione
3229 3042 3450 3097 fuerunt
3495 3037 3653 3093 Chri-

2089 3143 2275 3207 stiani,
2309 3151 2456 3197 secta
2503 3153 2681 3196 tamen
2718 3151 2772 3195 et
2805 3141 3049 3193 moribus
3098 3139 3238 3190 inter
3269 3149 3329 3190 se
3370 3134 3654 3201 discrepa-

2081 3237 2243 3290 bant.
2285 3235 2417 3290 Nam
2465 3235 2662 3289 Valens
2699 3244 2827 3287 tunc
2857 3248 2978 3285 cum
3036 3230 3361 3299 baptismum
3403 3226 3653 3294 suscipe-

409 3333 517 3388 ret,
568 3325 636 3379 ab
675 3324 924 3380 Eudoxio
977 3327 1261 3382 institutus
1290 3327 1571 3396 episcopo,
1607 3326 1720 3380 Arii
1769 3328 2095 3382 sententiam
2165 3331 2550 3384 ardentissimo
2589 3327 2769 3381 studio
2830 3335 3077 3380 sectatus
3117 3331 3196 3378 est
3240 3341 3251 3377 :
3314 3335 3377 3374 ac
3423 3318 3653 3372 moleste

411 3416 619 3473 ferebat
670 3418 812 3488 quod
842 3434 1031 3474 omnes
1079 3419 1144 3473 ad
1188 3427 1514 3473 sententiam
1550 3435 1702 3472 suam
1737 3436 1834 3488 per
1865 3421 1968 3473 vim
2009 3438 2117 3476 non
2145 3432 2383 3492 cogeret.
2402 3425 2468 3476 At
2497 3419 2911 3476 Valentinianus
2940 3415 3148 3470 Nicami
3211 3412 3428 3468 concilii
3489 3409 3650 3464 [idem

413 3510 714 3578 amplexus,
748 3509 815 3563 iis
845 3509 1060 3578 quidem
1089 3510 1181 3579 qui
1212 3509 1352 3564 idem
1392 3525 1516 3565 eum
1548 3511 1666 3580 ipso
1733 3511 1997 3566 sentirent
2039 3512 2286 3582 favebat,
2330 3529 2425 3571 eos
2469 3528 2598 3568 vero
2637 3514 2728 3583 qui
2763 3510 3034 3565 diversam
3064 3506 3378 3577 opinionem
3443 3517 3644 3573 seque-

413 3613 623 3668 rentur,
655 3604 805 3658 nulla-
832 3604 1009 3660 aﬂ'ecit
1042 3607 1313 3660 molestia.

1035 3701 1279 3753 ΚΕΦΛΛ.
1316 3703 1386 3754 κ’.
2009 3711 2051 3766 ο
2709 3694 2861 3750 CAP.
2907 3691 3020 3746 VII.

415 3792 541 3845 Ὀτι
574 3791 669 3842 καὶ
696 3791 879 3844 πάλιν
909 3791 980 3844 τὰ
1008 3791 1124 3844 τῶν
1163 3791 1535 3859 Ἐκφοίησιῶν
1566 3795 1974 3848 ἀνεκινοῦντο·

481 3863 577 3913 καὶ
617 3863 876 3924 σι”νίνδίςς
904 3863 973 3913 ἐν
1006 3862 1308 3930 Λαμψάκῳ
1355 3865 1576 3931 γίνεται
1615 3883 1627 3895 ·
1670 3868 1765 3918 καὶ
1805 3867 1883 3930 ὡς
1928 3870 1981 3919 οι

481 3932 612 4002 περὶ
664 3932 957 4002 Εὐδόξιον
1003 3933 1282 3998 ’Apemrol
1332 3935 1618 4000 κρατοῦσι
1647 3975 1660 3997 ,
1695 3937 1790 3988 καὶ
1839 3936 1982 4002 τοὺς

482 4001 622 4068 ὀρθὰ
664 4001 1034 4069 φρονοῦντας
1066 4002 1185 4054 τῶν·
1218 4003 1586 4068 Ἐκκλησιῶν
1612 4001 1987 4060 ’ἀπελαύνουὲ

479 4088 602 4133 σιν,
637 4073 704 4125 ἐν
728 4069 817 4137 plc-
850 4072 945 4125 καὶ
972 4071 1079 4125 τὸν
1115 4074 1474 4140 Ἀντιοχείας
1510 4075 1816 4129 Μελέτιον.

479 4164 632 4216 Ἐπεὶ
665 4164 721 4216 δὲ
757 4165 1375 4226 Κωνσταντινουπόλεως
1401 4162 1551 4233 ἐξεδή
1563 4181 1732 4234 μησεν
1765 4167 1855 4218 ἐπὶ
1881 4166 1980 4237 τὴν

423 4254 639 4325 Ῥώμην
663 4255 749 4308 διὰ
778 4255 997 4326 Θρᾴκης
1031 4256 1410 4326 πορευόμενος,
1449 4257 1749 4326 τηνικαῦτα
1777 4260 1824 4310 οἱ
1855 4258 1983 4326 περὶ

423 4344 810 4414 Ἑλλήσποντον
835 4346 926 4397 καὶ
958 4344 1206 4397 Βιθυνίαν
1237 4345 1541 4410 ἐπίσκοποι,
1562 4349 1650 4398 καὶ
1693 4347 1804 4399 ὅσοι
1836 4347 1982 4400 ἄλλοι

411 4436 691 4506 ὁμοούσιον
743 4437 853 4507 (62)
907 4437 984 4507 τῷ
1039 4437 1214 4506 Ila.th
1256 4438 1346 4490 τὸν
1393 4438 1516 4490 Υἰὸν
1551 4437 1728 4506 λέγειν
1778 4438 1979 4506 ἠξίουν,

413 4528 802 4600 προϐάλλονται
854 4527 1174 4598 πρεσϐεύειν
1229 4529 1367 4602 ὑπὲρ
1418 4528 1596 4583 αὐτῶν
1662 4529 1984 4583 Ὕπατιανὸν

485 4685 505 4716 ⁵
531 4685 685 4739 Socr.
736 4684 830 4739 lib.
869 4699 944 4748 tv,
968 4699 1018 4739 c.
1052 4683 1106 4737 4.

2088 3791 2359 3859 Quomodo
2399 3789 2646 3842 Ecclesia:
2681 3787 2849 3838 denuo
2885 3783 3203 3851 perturbata:
3242 3778 3454 3859 sintnet
3483 3791 3650 3859 syria:

2161 3865 2259 3914 dus
2295 3860 2571 3925 Lampsaci
2606 3847 2924 3925 congregata
2953 3863 3027 3906 est
3053 3867 3070 3902 :
3097 3861 3147 3925 et
3177 3847 3435 3925 quomodo
3463 3847 3652 3925 iniqui

2158 3935 2245 4002 qui
2286 3915 3326 4002 runtIEudoxioveritneyrwraluerintl,
3374 3927 3422 3998 et
3458 3915 3651 4002 Ortini-

2161 3988 2347 4064 domos,
2390 4001 2528 4053 inter
2572 4015 2700 4068 quos
2748 3997 2850 4065 fuit
2885 3988 3148 4057 M’cletius,
3188 3988 3438 4042 Ecclesiis
3485 4001 3650 4054 expu-

2158 4074 2352 4125 lerunt.

2160 4163 2332 4217 l’orro
2385 4177 2508 4216 eum
2574 4159 2767 4214 relicta
2825 4150 3357 4222 ConstantinOpoli,
3418 4147 3648 4202 Romam

2089 4253 2427 4309 contendens
2479 4267 2577 4322 per
2629 4249 2919 4304 Thraciam
2969 4248 3070 4299 iter
3133 4243 3354 4303 faceret,
3409 4237 3648 4310 episcopi

2090 4346 2418 4414 Hellesponti
2444 4359 2507 4397 ac
2531 4342 2814 4412 Bithyniae,
2848 4349 2900 4393 et
2938 4336 3128 4405 reliqui
3161 4335 3249 4404 qui
3276 4332 3469 4386 Filium
3503 4328 3649 4382 Patri

2089 4434 2606 4490 consubstantialem
2634 4430 2970 4488 asserebant,
2992 4426 3351 4496 ilypatianum
3377 4419 3649 4475 Heracleae

2088 4527 2332 4583 Perinthi
2375 4527 2688 4596 episcopum
2735 4523 3048 4590 clegcrunt‘
3083 4537 3095 4572 :
3130 4519 3222 4588 qui
3257 4520 3508 4584 suscepta
3551 4527 3646 4581 pro

1601 4828 1866 4883 VALESII
1909 4827 2456 4885 ANNOTATIONES.

486 4924 596 4994 (62)
638 4925 810 4978 Ὅσοι
831 4926 1008 4978 ἄλλοι
1042 4926 1384 4993 όμοοὺσιον.
1419 4923 1690 4978 Baronius
1723 4925 1774 4976 in
1803 4925 1981 4978 Anna-

412 4994 559 5048 libus
607 4997 998 5050 eeclesiastieis
1035 4997 1101 5048 ad
1133 5011 1334 5048 annum
1366 4995 1505 5058 564,
1545 4995 1648 5045 tria
1683 4997 1982 5062 reprehen-

414 5064 492 5116 dit
547 5065 600 5117 in
665 5066 765 5117 hac
833 5067 1147 5118 narratione
1204 5065 1516 5118 Sozomoni.
1580 5064 1822 5116 Primum
1875 5074 1978 5132 est,

414 5134 559 5204 quod
597 5135 933 5190 Sozomenus
985 5135 1302 5189 Catholicos
1347 5150 1443 5187 seu
1489 5136 1979 5189 eonsubstantialis

414 5198 720 5285 assertores
754 5207 924 5259 fuisse
950 5217 1283 5285 censet,_eos
1320 5206 1412 5272 qui
1445 5206 1510 5257 ad
1545 5204 1975 5285 Lampsacenuin
2013 5233 2052 5285 ι)
2086 5207 2444 5285 Sozon’tettunt
2483 5206 2640 5285 longe
2691 5202 2799 5253 t'alli
2857 5198 3208 5285 existimavit.

413 5276 706 5328 concilium
731 5287 1121 5330 convenerunt.
1160 5275 1431 5328 Baronius
1463 5291 1590 5327 vero
1610 5276 1977 5326 Sentiat-ianos

411 5346 537 5400 ilius
570 5346 740 5399 fuisse
797 5349 1156 5399 demonstrat.
1190 5347 1430 5397 Alterum
1482 5357 1585 5402 est,
1614 5344 1760 5410 quod
1808 5345 1979 5396 δοκι)-

411 5431 606 5471 lnenus
655 5432 776 5470 eam
827 5416 1095 5485 synodum
1144 5416 1309 5468 refert
1354 5426 1480 5468 ante
1515 5415 1811 5485 tumultum
1846 5415 1977 5467 Pro—

413 5486 596 5552 copii,
637 5503 796 5550 quem
854 5483 1120 5539 Bai-unius
1184 5497 1422 5553 coeptum
1485 5499 1608 5538 esse
1659 5483 1796 5536 dicit
1831 5500 1977 5536 anno

413 5557 615 5610 Christi
645 5557 770 5626 564,
797 5574 904 5626 quo
929 5555 1190 5608 Jovianus
1221 5565 1276 5608 et
1313 5555 1689 5626 Varronianus
1725 5555 1976 5608 consules

416 5626 649 5678 fuerant.
683 5624 1048 5695 Lanipsat-ena
1073 5637 1249 5678 autem
1277 5624 1518 5694 synodus
1544 5633 1976 5695 sequenteianno

417 5707 743 5765 rongregata
769 5694 872 5759 σοι,
901 5704 959 5748 ut
985 5713 1050 5748 ex
1076 5697 1300 5748 Socrate
1333 5697 1474 5748 idem
1498 5695 1766 5765 Baronius
1794 5694 1972 5747 docet.

416 5763 699 5826 Postremo
727 5767 1089 5819 Sozonienum
1121 5768 1318 5833 arguit,
1353 5768 1496 5834 quod
1528 5764 1728 5816 dixerit
1770 5765 1973 5834 legatos

416 5851 445 5886 a
483 5834 849 5903 Lampsacena
886 5837 1098 5902 synodo
1145 5833 1378 5895 missos,
1423 5837 1744 5888 convenisse
1774 5833 1972 5887 Valen-

417 5916 522 5960 tem
582 5906 636 5961 iu
691 5908 826 5962 urbe
886 5906 1131 5961 Thracia:
1185 5904 1484 5972 Heraclea,
1542 5907 1852 5960 redeuntem
1908 5921 1970 5957 ex

2086 4926 2355 4979 Thraciis.
2413 4925 2658 4978 Fratrem
2719 4921 2865 4976 enim
2931 4915 3378 4990 Valentinianum
3419 4908 3643 4990 Romani

2085 5011 2279 5050 versus
2310 4997 2413 5049 iter
2436 4994 2745 5056 facientem,
2780 4992 3126 5058 aliquatenus
3153 4986 3442 5037 comitatus
3469 4982 3646 5058 litin-at

2084 5066 2308 5127 Valens,
2352 5076 2407 5118 ut
2433 5063 2625 5118 scribit
2663 5057 3020 5113 Sozomenus.
3058 5057 3109 5109 Id
3137 5064 3316 5106 autem
3348 5057 3646 5127 contigisse

2085 5152 2226 5188 anno
2252 5119 2453 5188 Christi
2486 5132 2590 5186 564
2613 5172 2628 5196 ,
2687 5131 2952 5184 Baronius
2984 5127 3217 5181 credidit
3253 5141 3289 5196 _:_
3314 5135 3376 5172 ac
3414 5119 3646 5196 proinde

3253 5191 3447 5244 Verum
3474 5189 3612 5240 Baro
3627 5215 3644 5227 -

2084 5279 2207 5328 nius
2264 5277 2378 5343 ipse
2435 5262 2802 5343 hallucinatus
2864 5277 2968 5343 est.
3023 5266 3184 5343 Nam_
3221 5262 3643 5343 Valentinianus

2076 5334 2374 5412 illitteraitir
2416 5359 2538 5396 eum
2575 5341 2849 5393 Valentem
2897 5339 3114 5412 fratrem
3159 5334 3462 5412 Augustum
3499 5344 3642 5412 nun-

2073 5401 2353 5483 cupassct,
2389 5412 2860 5478 Constantinopoli
2889 5411 3172 5483 digressus
3198 5414 3280 5456 est
3304 5401 3405 5483 sub
3432 5403 3654 5483 optinuit,

2073 5469 2199 5536 anili
2225 5469 2352 5546 564,
2384 5485 2685 5536 comitante
2724 5469 2848 5534 eum
2889 5469 3111 5552 Valente
3151 5479 3415 5552 Augusti);
3453 5469 3513 5519 Ει
3544 5481 3641 5534 νει·

2074 5553 2357 5608 Thraciam
2389 5553 2613 5622 protecti
2648 5549 3077 5622 allii:t7).‘\iugu_sii_,
3117 5550 3258 5622 ver-is
3290 5549 3639 5622 inrttonvene-

2072 5635 2200 5678 runt
2234 5627 2287 5677 in
2316 5609 2531 5677 Daciam
2568 5636 2710 5674 anno
2738 5609 2942 5675 Christi
2967 5617 3089 5675 565,
3124 5625 3176 5668 et
3207 5615 3260 5666 in
3294 5616 3427 5664 urbe
3456 5609 3637 5659 Thra-

2073 5695 2169 5748 cia:
2204 5693 2386 5749 Naiso.
2424 5697 2505 5746 Vel
2562 5693 2740 5761 potius
2786 5691 2836 5741 in
2889 5690 3016 5740 villa
3050 5686 3293 5761 Mediana
3337 5680 3404 5758 ad
3435 5678 3635 5761 urbem

2073 5764 2325 5826 Naisum,
2381 5755 2657 5815 exercitus
2713 5771 2766 5814 et
2806 5768 3046 5812 rectores
3117 5755 3320 5806 militiae
3355 5755 3518 5828 inter
3577 5761 3636 5824 se

2077 5836 2255 5902 partiti
2296 5843 2441 5887 sunt.
2479 5832 2598 5885 Mox
2630 5847 2753 5884 cum
2790 5829 3229 5903 iti_Pannonianr
3252 5825 3632 5903 venissent,‘:tglt

2075 5888 2206 5960 urbe
2244 5905 2441 5959 Sirmio
2491 5903 2789 5973 palatium,
2852 5901 2905 5955 id
2957 5908 3040 5956 est
3100 5895 3352 5952 otticiales
3421 5888 3630 5958 palatii,
