4452 6598
809 448 942 506 4511

2284 437 2512 495 5020M
2521 438 2623 496 ΕΝΙ

3944 443 4088 498 ιδετ

811 569 948 640 ipsis
977 569 1244 639 legatione
1284 575 1494 638 peteret
1522 566 1592 622 ab
1629 567 1984 637 imperatore,
2018 574 2077 620 ut
2113 565 2180 620 ad
2210 565 2383 619 corri-
2412 571 2459 628 Α
2487 565 2569 619 τὸν

2329 565 2383 618 'i-
2412 571 2459 628 Α
2487 565 2577 619 τὸν
2617 563 2944 636 Ἡρακλείας
2978 567 3076 637 τῆς
3112 564 3373 636 Περίνθου
3427 566 3721 621 ἐπίσκοπον
3749 582 3763 597 ⁸
3796 568 3936 620 ὥστε
3959 568 4087 619 ἐπι-

811 661 1044 726 gendam
1085 660 1542 715 lideidoctrinam
1576 660 1876 714 convenire
1917 659 2386 729 permitterentur.

811 754 913 820 Qui
962 766 1088 806 cum
1148 753 1532 822 imperatorem
1589 751 1854 816 adiisset,
1911 759 1963 805 et
2011 757 2392 820 episcoporum

812 843 1074 897 mandata
1113 844 1163 898 ei
1194 842 1563 911 exposuisset,
1601 840 2022 896 Valentinianus
2051 839 2126 892 ita
2161 852 2394 908 respon-

811 934 892 988 dit
920 955 934 989 :
962 935 1091 988 Mihi
1138 935 1359 1004 quidem
1405 933 1462 986 in
1521 933 1786 987 laicorum
1833 931 2028 987 ordine
2067 930 2391 992 constituto,

815 1027 897 1082 fas
929 1043 1036 1081 non
1069 1037 1152 1082 est
1199 1026 1514 1096 hujusmoai
1558 1025 1775 1095 negotia
1809 1024 2090 1079 curiosius
2132 1021 2390 1077 scrutari.

816 1119 1142 1175 Sacerdotes
1174 1134 1306 1174 vero
1351 1119 1553 1189 quibus
1587 1117 1642 1172 id
1672 1132 1820 1172 cura:
1851 1127 1955 1182 est,
1989 1130 2238 1172 seorsum
2282 1114 2395 1168 ubi-

819 1227 1043 1281 cunque
1068 1212 1348 1266 voluerint
1383 1211 1732 1266 conveniant.
1773 1209 1897 1265 Haac
1926 1224 2049 1264 cum
2099 1209 2395 1278 imperator

815 1303 881 1358 ad
943 1302 1228 1375 llypatiani
1291 1303 1619 1374 legationem
1671 1301 2090 1372 respondisset,
2151 1298 2393 1369 episcopi

816 1394 1182 1464 lantpsacum
1247 1395 1606 1449 conveniunt.
1674 1392 1924 1462 Cumque
1982 1407 2078 1462 per
2131 1391 2398 1446 bimestre

817 1487 1058 1556 spatium
1104 1487 1248 1540 inter
1291 1501 1350 1541 se
1395 1487 1828 1549 consultassent,
1869 1483 2087 1538 tandem
2133 1484 2396 1538 decreve-

816 1587 946 1633 runt
1002 1577 1169 1647 228
1197 1586 1256 1631 ut
1297 1592 1362 1633 ea
1397 1593 1520 1648 quae
1547 1575 2028 1645 Constantinopoli
2073 1576 2256 1631 studio
2287 1574 2396 1629 Eu-

815 1667 966 1722 doxii
1015 1677 1180 1736 atque
1227 1668 1412 1720 Acacii
1462 1674 1613 1737 gesta
1676 1663 1922 1728 fuerant,
1983 1666 2138 1719 irrita
2187 1674 2395 1730 essent,

817 1770 879 1814 et
913 1767 971 1812 ut
998 1759 1232 1812 formula
1263 1759 1487 1828 quidem
1513 1757 1638 1813 ﬁdei
1675 1757 2022 1827 rejiceretur,
2050 1771 2216 1825 quam
2245 1756 2394 1812 velut

817 1851 886 1903 ab
953 1848 1404 1905 Occidentalibus
1457 1848 1728 1919 episcopis
1792 1849 1994 1904 editam
2057 1849 2399 1918 proferenles

2493 657 2768 728 τραπῆναι
2823 656 3092 711 συνελθεῖν
3149 658 3242 709 ἐπὶ
3292 657 3577 730 διορθώσει.
3631 659 3728 712 τοῦ
3785 659 4083 728 δέγματκ.

2495 751 2889 822 Προσελθόντος
2912 751 2968 805 δὲ
3004 748 3194 815 αὐτοῦ,
3225 753 3320 805 καὶ
3350 751 3418 804 τά
3447 751 3598 823 παρά
3627 752 3737 804 τῶν
3765 752 4085 805 ἐπισκόπων

2492 841 2799 907 διδάξαντος
2825 883 2840 905 ,
2889 841 3175 896 ὑπολαϐὼν
3225 842 3663 906 Ούαλεντινιανὸς
3690 883 3704 905 ,
3751 843 3905 910 Ἐμοὶ
3936 842 4083 912 μὲν,

2494 933 2619 1005 ἔφη,
2654 933 2791 1004 μετά
2813 933 2943 987 λαοῦ
2975 933 3324 1006 τεταγμένῳ,
3351 935 3412 988 οὐ
3463 933 3623 1004 Θέμις
3662 933 3882 988 τοιαῦτα
3916 934 4087 986 πολυ-

2496 1027 2830 1097 πραγμονεῖν
2857 1042 2870 1055 ·
2906 1026 2956 1076 οί
2981 1025 3038 1078 δὲ
3062 1027 3227 1096 ἱερεῖς
3252 1019 3335 1088 οἷς
3358 1025 3550 1078 τούτου
3597 1025 3774 1095 μέλει.
3805 1025 3927 1078 καθ’
3953 1026 4087 1077 ἑαυ-

2494 1120 2619 1183 τοὺς
2645 1119 2752 1187 ὅπη
2794 1116 3072 1188 βούλονται
3108 1119 3426 1171 συνίτωσαν.
3457 1116 3696 1171 Τοιαῦτα
3729 1116 3784 1168 δὲ
3804 1115 3896 1169 τοῦ
3929 1117 4088 1185 βασι-

2494 1210 2630 1274 λέως
2653 1210 3089 1282 ἀποκριναμένου
3112 1211 3246 1282 πρὸς
3279 1211 3376 1282 τὴν
3401 1208 3730 1264 ’Υπατιανοῦ
3761 1209 4086 1280 πρεσϐείαν,

2497 1300 2739 1353 συνίασιν
2772 1303 2852 1364 είς
2888 1300 3209 1370 Λάμψακον.
3241 1301 3354 1354 Καὶ
3377 1300 3470 1353 δύο
3502 1300 3678 1370 μῆνας
3711 1299 4086 1370 βουλευσάμε-

2495 1407 2608 1454 νοι,
2650 1390 3008 1454 τελευτῶντες
3058 1391 3432 1460 ἐψηφίσαντο,
3463 1391 3666 1463 ἀκυρον
3722 1385 3862 1444 εἶναι
3915 1391 3983 1444 τά
4026 1392 4087 1442 ὲν

2496 1483 3063 1536 Κωνσταντινουπόλει
3105 1483 3472 1554 πεπραγμένα
3524 1465 3728 1553 σπουδῇ
3778 1481 3886 1535 τῶν
3936 1483 4089 1551 ἀμςι

2497 1576 2588 1626 τὸν
2634 1572 2885 1638 easdem»
2919 1577 3012 1628 καὶ
3038 1575 3314 1629 Ἀκάκιον.
3341 1574 3555 1644 ’Λργεῖν
3580 1573 3638 1626 δὲ
3680 1574 3764 1625 καὶ
3800 1573 3899 1643 τὴν
3931 1572 4089 1625 ἔκθε-

2501 1682 2584 1718 σιν
2621 1664 2722 1734 τῆς
2749 1666 2986 1728 πίστεως
3015 1705 3029 1728 ,
3063 1667 3128 1736 ἢν
3175 1667 3251 1728 ὠς
3289 1663 3521 1717 δυτικῶν
3565 1664 3876 1718 ἐπισκόπων
3916 1660 4089 1717 οὖσαν

2500 1755 2958 1826 προκομίσαντες,
2996 1756 3312 1828 ὑπογράψαι
3340 1755 3495 1819 τινὰς
3524 1755 3962 1826 παρεσκεύασαν,
3991 1756 4091 1807 ἐπὶ

2501 1845 2795 1916 ὑποσχέσει
2827 1847 3220 1917 ἀποκηρύξεως
3255 1846 3349 1899 τοῦ
3387 1847 3640 1916 ἀνομοίου
3670 1849 3789 1900 κατ’
3815 1847 4025 1910 οὐσίαν,
4062 1846 4093 1899 ὃ

819 1940 1155 2003 Eudoxiani,
1204 1941 1703 2012 subscriptionibus
1764 1940 2129 2010 quorumdam
2191 1939 2397 1994 ﬁrmari
2429 1921 2574 1990 Βδιε

2335 1941 2397 1994 tri
2429 1921 2469 1976 Β
2497 1937 2868 2006 διεψεύσαντο.
2901 1941 3141 2010 Κρατεῖν
3179 1939 3235 1992 δὲ
3275 1939 3336 1992 τὸ
3363 1941 3547 2010 ὅμοιον
3570 1940 3812 2005 δοξάζειν
3837 1940 3928 1993 τὸν
3960 1940 4093 1993 Υἱὸν

817 2041 1170 2098 curaverant,
1209 2033 1440 2102 polliciti
1486 2048 1546 2088 se
1593 2033 1909 2102 opinionem
1947 2031 2234 2088 dissimilis
2266 2031 2398 2086 sub-

817 2123 1037 2179 stantiae
1069 2122 1428 2178 damnaturos
1458 2141 1473 2178 :
1502 2123 1649 2194 quod
1683 2130 1865 2178 tamen
1911 2123 2137 2178 minime
2185 2125 2400 2193 prasti-

817 2222 1044 2267 terunt:
1082 2228 1146 2267 ea
1183 2229 1316 2268 vero
1347 2214 1621 2270 sententia
1653 2228 1774 2283 quae
1815 2210 2016 2268 Filium
2053 2211 2204 2268 Patri
2244 2213 2400 2268 simi-

817 2304 924 2358 lam
974 2304 1238 2374 praedicat
1280 2304 1585 2360 secundum
1618 2304 2010 2370 substantiam,
2049 2305 2394 2374 praevaleret.

816 2394 954 2449 Nam
1002 2395 1352 2462 vocabulum,
1398 2397 1622 2460 similis,
1666 2396 1981 2452 necessario
2025 2395 2398 2464 adjiciendum

816 2503 964 2552 esse,
1015 2485 1083 2541 ad
1135 2485 1553 2556 signiﬁcandam
1605 2500 1970 2555 personarum
2011 2485 2396 2552 differentiam,

817 2587 990 2649 utque
1018 2581 1072 2633 in
1106 2579 1363 2634 omnibus
1396 2578 1653 2634 ecclesiis
1683 2594 1746 2633 ea
1775 2587 2053 2634 teneretur
2099 2578 2253 2654 ﬁdes,
2279 2595 2401 2650 qua:

822 2673 1090 2730 Seleucia:
1135 2673 1356 2743 quidem
1414 2673 1760 2736 conﬁrmata,
1804 2673 2108 2728 Antiochiae
2153 2689 2282 2728 vero
2343 2673 2400 2728 in

821 2767 1172 2821 dedicatione
1202 2765 1429 2836 majoris
1473 2765 1723 2821 ecclesia:
1745 2766 1992 2835 exposita
2026 2764 2225 2820 fuerat.
2257 2765 2402 2821 Prae-

822 2869 969 2914 terea
997 2858 1358 2912 decreverunt
1389 2868 1446 2910 ut
1477 2857 1748 2927 episcopi,
1794 2858 1886 2926 qui
1918 2857 2150 2928 depositi
2185 2856 2403 2912 fuerant

821 2951 891 3004 ab
945 2951 1014 3005 iis
1064 2948 1159 3018 qui
1220 2947 1547 3002 dissimilem
1592 2945 1744 3001 Patri
1795 2947 1992 3001 Filium
2054 2949 2399 3015 asserebant,

823 3041 983 3094 sedes
1031 3053 1158 3093 suas
1207 3036 1554 3107 postliminio
1602 3043 2019 3106 recuperarent,
2063 3037 2266 3108 quippe
2308 3038 2401 3108 qui

822 3130 1077 3185 ecclesiis
1138 3129 1256 3184 suis
1305 3128 1511 3195 injuste
1565 3128 1783 3198 spoliati
1833 3127 2092 3184 fuissent.
2147 3130 2304 3196 Quod
2354 3131 2400 3187 si

2497 2029 2575 2100 τῷ
2599 2029 2773 2100 Πατρὶ
2803 2023 2924 2083 κατ’
2936 2030 3146 2084 οὐσίαν.
3167 2027 3319 2083 Εῐναι
3339 2031 3449 2102 γὰρ
3469 2031 3563 2084 τοῦ
3586 2032 3773 2102 ὁμοίου
3791 2032 3890 2103 τὴν
3915 2045 4092 2100 προσ-

2499 2119 2675 2192 θήκην
2715 2120 2827 2192 (65)
2858 2123 3184 2191 ἀναγκαίαν,
3209 2121 3296 2176 διὰ
3341 2123 3442 2192 τὴν
3492 2123 3769 2192 σημασίαν
3810 2122 3919 2174 τῶν
3956 2125 4084 2175 ὑποο

2500 2212 2764 2267 στάσεων.
2806 2213 2998 2267 Πίστιν
3046 2214 3104 2266 δὲ
3138 2212 3518 2268 πολιτεύεσθαι
3558 2215 3698 2268 κατὰ
3750 2217 3930 2269 πᾶσαν
3956 2215 4094 2269 Ἐκ-

2500 2301 2749 2373 κλησίαν,
2783 2301 2883 2371 τὴν
2911 2303 2969 2355 ὲν
2991 2302 3284 2376 Σελευκείᾳ
3307 2304 3754 2375 ὁμολογηθεῖσαν,
3774 2303 4096 2356 ὲκτεθεῖσαν

2498 2394 2555 2447 δὲ
2589 2394 2680 2446 ἐπὶ
2715 2396 2781 2465 τῇ
2821 2393 3116 2466 ἀφιερώσει
3157 2395 3257 2465 τῆς
3293 2399 3353 2449 ὲν
3397 2395 3698 2466 ’Δντιοχεία
3737 2395 4093 2464 Ἐκκλησίας.

2499 2485 2638 2548 Τοὺς
2672 2484 2730 2538 δὲ
2761 2484 3185 2556 καθαιρεθέντας
3215 2486 3366 2557 παρά
3385 2487 3491 2540 τῶν
3521 2487 3774 2558 ἀνόμοιον
3804 2486 3882 2556 τῷ
3913 2487 4097 2556 Πατρὶ

2497 2575 2590 2628 τὸν
2617 2576 2742 2629 Υἱὸν
2767 2577 3056 2646 λεγόντων,
3073 2581 3199 2643 τοὺς
3223 2578 3384 2643 ἰδίους
3414 2579 3820 2649 ἀπολαμϐάνειν
3844 2578 4094 2649 θρόνους,

2500 2670 2578 2734 ὡς
2614 2671 2946 2742 παρανόμως
2975 2671 3411 2743 ἐκϐεϐλημένους
3443 2671 3552 2725 τῶν
3592 2671 3914 2742 ἐκκλησιῶν.
3949 2673 4010 2724 Εἰ
4030 2673 4096 2724 δέ

2500 2781 2584 2828 τις
2608 2764 2787 2819 αὐτῶν
2816 2768 3144 2838 κατηγορεῖν
3183 2764 3450 2836 βούλεται,
3479 2767 3542 2818 ἐκ
3569 2764 3664 2818 τοῦ
3693 2764 3805 2817 ἴσου
3841 2765 4095 2817 κινδύνου

2499 2859 2657 2914 τοῦτο
2683 2861 2877 2913 ποιεῖν.
2909 2859 3178 2925 Δικαστὰς
3206 2860 3262 2913 δὲ
3293 2855 3456 2921 εἶναι,
3493 2859 3619 2922 τοὺς
3647 2857 3820 2929 ὀρθῶς
3839 2858 4096 2923 δοξάζον-

2501 2968 2600 3012 τας
2639 2952 2696 3003 ἐν
2749 2950 2826 3020 τῷ
2855 2951 2996 3004 ἔθνει
3025 2951 3356 3015 ἐπισκόπους
3376 2992 3390 3015 ,
3423 2952 3517 3004 καὶ
3558 2953 3623 3003 ἐκ
3655 2950 3762 3002 τῶν
3792 2951 3956 3013 πέλας
3989 2952 4095 3002 £2;-

2502 3041 2730 3113 αρχιῶν,
2765 3044 3044 3106 συνιόντας
3064 3045 3121 3096 ὲν
3143 3046 3208 3114 τῇ
3236 3042 3553 3114 Ἐκκλησία,
3581 3042 3707 3094 ἔνθα
3732 3044 3780 3095 oi
3808 3041 4090 3113 μάρτυρές

2472 3134 2609 3196 ,εἱσι
2663 3132 2773 3185 τῶν
2820 3133 3033 3202 ἑκάστῳ
3095 3131 3467 3203 βεϐιωμένων.
3530 3131 3713 3186 Ταῦτα
3767 3132 4092 3206 ὁρίσαντες,

823 3223 951 3292 quis
977 3237 1073 3277 eos
1103 3236 1373 3276 accusare
1403 3222 1588 3282 vellet,
1621 3219 1726 3275 sub
1749 3227 1897 3290 paris
1927 3222 2402 3280 condemnationis
2432 3265 2474 3322 Ο
2507 3224 2580 3275 ὲπ

2335 3225 2402 3280 tis
2432 3265 2474 3322 Ο
2507 3224 2693 3294 ἐπειδὴ
2721 3225 2848 3288 τοὺς
2877 3225 3005 3296 περὶ
3034 3225 3282 3289 Εὑδόξιον
3321 3225 3644 3296 κεκλήκασι,
3675 3227 3767 3278 καὶ
3798 3225 4093 3296 μετανοίας

826 3315 1076 3383 periculo
1109 3315 1160 3368 id
1210 3322 1417 3384 ageret.
1448 3311 1671 3368 Iudices
1711 3322 1892 3368 autem
1923 3323 2110 3369 essent
2153 3316 2396 3386 episcopi

825 3406 1126 3463 Orthodoxi
1169 3407 1344 3476 ipsius
1377 3407 1699 3476 provinciae,
1727 3414 1782 3460 et
1809 3406 1894 3462 -'ex
1929 3407 2130 3462 vicinis
2163 3409 2398 3477 provin-

827 3497 932 3553 ciis
961 3498 1299 3568 congregati,
1331 3499 1383 3551 in
1413 3497 1502 3551 illa
1550 3497 1804 3564 ecclesia,
1837 3499 1890 3551 in
1926 3514 2031 3568 qua
2060 3509 2260 3569 praesto
2291 3501 2403 3556 sint

828 3595 991 3643 testes
1030 3604 1222 3645 eorum
1273 3604 1396 3659 qua:
1432 3590 1668 3658 quisque
1707 3591 1960 3660 gesserit.
1999 3590 2096 3646 His
2141 3592 2402 3660 decretis,

829 3677 1182 3734 Eudoxianos
1213 3679 1277 3734 ad
1307 3694 1368 3734 se
1397 3687 1689 3748 vocarunt,
1730 3687 1784 3734 et
1819 3681 2155 3750 pmnitentiae
2189 3682 2407 3753 copiam

2509 3319 2692 3381 αὐτοῖς
2747 3318 3078 3388 μετέδωκαν,
3109 3320 3158 3372 οἱ
3203 3319 3260 3372 δὲ
3289 3320 3387 3389 οὐχ
3429 3319 3725 3390 ὑπήκουον,
3757 3323 3826 3371 τὰ
3863 3318 4097 3383 δόξαντα.

2504 3411 2624 3470 ταῖς
2651 3409 2925 3479 πανταχοῦ
2955 3409 3300 3481 Ἐκκλησίαις
3324 3410 3614 3481 ἐδήλωσαν.
3636 3411 3991 3481 Λογισάμενοι
4012 3410 4093 3474 δὲ,

2510 3499 2586 3563 ὡς
2629 3501 2794 3565 είκδς,
2825 3501 3074 3565 Εὑδόξιον
3111 3501 3213 3572 τῆς
3239 3503 3441 3566 οἰκείας
3487 3503 3702 3573 μερίδος
3733 3503 3951 3572 ποιῆσαι
3976 3502 4095 3570 (64)

2509 3593 2580 3646 τὰ
2619 3591 2862 3658 βασίλεια
2883 3637 2896 3658 ,
2926 3595 3019 3648 καὶ
3048 3594 3320 3650 διαϐαλεῖν
3351 3596 3568 3660 αὐτοὺς,
3591 3595 3834 3664 ἔγνωσαν
3863 3595 4092 3665 φθάσαι,

2513 3686 2608 3738 καὶ
2630 3687 2698 3739 τὰ
2726 3687 3091 3759 πεπραγμένα
3122 3689 3180 3743 ὲν
3213 3689 3498 3760 Λαμψάκῳ
3525 3690 3783 3761 μηνύσοι.
3823 3691 3885 3742 Ὃ
3908 3689 3972 3760 δὴ
3999 3689 4095 3741 καὶ

2031 3832 2302 3889 VALESII
2341 3835 2892 3893 ANNOTATIONES.

831 3931 973 4002 inter
1015 3945 1072 3984 se
1107 3929 1435 4002 diviserunt.
1487 3929 1554 3983 Et
1589 3927 2010 4002 Valentinianus
2042 3932 2265 4002 quidem
2303 3931 2415 3988 Me-

829 4001 1110 4052 diolanum
1137 4041 1152 4052 .
1202 4000 1392 4072 Valens
1432 4016 1561 4072 vero
1589 4000 2125 4072 Constantinopolim
2163 4019 2413 4059 reversus

830 4080 934 4134 est,
966 4087 1023 4123 ut
1051 4073 1244 4126 scribit
1265 4070 1590 4126 Ammianus
1625 4070 1976 4126 Marcellinus
2009 4074 2059 4126 in
2089 4073 2228 4128 libro
2258 4091 2404 4129 nvr.

833 4142 904 4193 Ιῦν,
939 4141 1137 4210 quibus
1207 4139 1498 4195 manifeste
1539 4143 1890 4196 convincitur
1934 4142 2216 4198 Valentem
2264 4160 2412 4199 anno

830 4213 1036 4265 Christi
1073 4212 1177 4265 ’56ἓί
1230 4212 1414 4266 vernis
1455 4215 1736 4268 mensibus
1784 4228 1814 4267 e
1861 4211 2114 4269 Thracits
2147 4215 2403 4279 rediisse,

831 4298 954 4335 eam
980 4283 1091 4348 jam
1123 4283 1322 4336 consul
1365 4291 1529 4337 esset.
1569 4284 1658 4336 Ait
1700 4283 1844 4337 enim
1895 4284 2217 4340 Ammianus
2266 4285 2409 4338 Mar-

830 4353 1119 4406 cellinus:
1171 4352 1211 4422 -ι-
1241 4353 1466 4421 Agentes
1515 4354 1571 4406 in
1612 4370 1774 4422 supra
1825 4355 2134 4408 memoratis
2189 4355 2406 4409 urbibus

830 4423 1117 4492 principes,
1168 4435 1505 4488 sumpserunt
1538 4425 1784 4492 primitus
1827 4427 2035 4478 trabeas
2079 4425 2404 4482 consulares.

831 4493 937 4565 ﬁed
983 4493 1209 4565 dubium
1250 4503 1644 4565 estiquasnam
1680 4497 1844 4550 urbes
1878 4497 2145 4565 intelligat
2175 4496 2407 4551 Marcel-

831 4563 1014 4626 linus,
1066 4563 1528 4636 auMediolanum
1558 4574 1611 4619 et
1647 4563 2214 4636 Cunstantinopblim,
2266 4582 2408 4635 quas

831 4643 1113 4700 postremo
1142 4635 1265 4687 loco
1298 4636 1636 4698 nominavit;
1686 4651 1753 4689 an
1784 4651 1912 4690 vero
1946 4635 2169 4691 Naisutn
2201 4644 2255 4692 et
2291 4636 2409 4690 Sir-

834 4705 1022 4776 mium.
1056 4702 1346 4774 Utcunque
1395 4712 1574 4776 tamen
1596 4715 1814 4776 constat
1836 4722 1899 4760 ex
1923 4707 2043 4776 ejus
2069 4708 2385 4762 narratione

836 4773 1116 4828 Valentem
1145 4749 1270 4828 nonl
1285 4775 1518 4828 rediisse
1546 4791 1610 4829 ex
1634 4775 1899 4840 Thraciis,
1931 4749 2037 4832 nJisi
2056 4793 2106 4831 a.
2133 4749 2409 4840 Chr.365:
2441 4754 2486 4809 Ῑ)

831 4859 942 4911 quo
968 4845 1204 4913 prituutn
1231 4846 1422 4899 consul
1460 4844 1562 4898 fuit
1600 4863 1722 4901 cum
1753 4845 2154 4901 Valentiniano.
2181 4846 2411 4903 Fallitur

832 4913 1254 4988 praetereaid'em
1271 4915 1560 4988 Baronius,
1579 4918 1670 4985 qui
1693 4927 1895 4971 motum
1919 4916 2168 4988 Procopii
2193 4919 2407 4974 confert

833 4987 885 5038 in
913 5001 1044 5038 ann.
1079 4986 1282 5040 Christi
1310 4986 1435 5041 564.
1478 4985 1612 5041 Nam
1647 5004 1708 5042 ex
1764 4989 2051 5042 Ammiano
2093 4985 2408 5045 Marcellino

839 5058 891 5108 in
932 5056 1072 5109 libro
1106 5072 1256 5118 xxw,
1298 5067 1352 5111 et
1375 5073 1441 5112 ex
1485 5055 1666 5111 Fastis
1698 5057 1875 5121 Idatii,
1912 5060 2282 5114 certissimum
2321 5070 2408 5116 est

833 5125 1083 5199 Procopii
1121 5128 1472 5199 rebellionem
1507 5129 1809 5199 contigisse
1839 5145 1985 5184 anno
2012 5129 2219 5184 Christi
2270 5131 2399 5198 565,

834 5197 920 5250 die
971 5195 1349 5272 quarto__lt'ai_._
1366 5195 1872 5272 Octobresfguare
1892 5271 1900 5272 ί
1924 5201 2085 5270 legati
2141 5195 2404 5272 Lampsa-L

831 5283 977 5322 ceme
1017 5269 1207 5325 svnodi
1235 5308 1249 5326 .
1310 5267 1586 5324 Valentem
1626 5285 1656 5325 e
1687 5269 1938 5326 Thraciis
1977 5267 2089 5335 iam
2122 5267 2404 5328 reversum

829 5341 1127 5394 convenire
1187 5349 1488 5410 potuerunt
1547 5339 1826 5397 Heracleze
1886 5343 1940 5396 itt
1976 5341 2214 5398 Thracia
2263 5357 2410 5398 anno

2517 3936 2724 3991 Christi
2754 3935 2892 4008 3365,
2927 3950 3116 4008 mense
3159 3933 3324 3991 Junio
3348 3979 3364 3998 .
3411 3937 3620 4008 aliquot
3651 3939 3932 3994 mensibus
3961 3949 4093 3996 ante

2519 4017 2723 4060 motum
2761 4005 3034 4076 Procopii.
3066 4005 3183 4060 Jam
3216 4025 3348 4063 vero
3383 4005 3528 4078 quod
3557 4009 3625 4064 ad
3657 4011 3891 4078 primum
3921 4026 4086 4064 accu-

2515 4078 2760 4151 sationis.
2797 4087 2963 4151 caput
2987 4079 3208 4151 attinet,
3255 4080 3469 4135 tlillicile
3501 4088 3586 4135 est
3613 4096 3880 4136 excusare
3916 4079 4092 4135 Sozo-

2515 4148 2760 4220 menum,
2811 4148 2916 4203 nisi
2967 4148 3213 4220 dicamus
3261 4164 3360 4220 pro
3424 4166 3555 4206 voce
3614 4152 3897 4220 ὁμοούσιον
3950 4155 4092 4206 seri.

2515 4218 2758 4291 bendum
2791 4234 2924 4291 esse
2975 4218 3299 4291 ὁμοιούσιον.
3333 4220 3464 4287 Quae
3499 4218 3718 4291 quidem
3769 4223 4089 4290 conjectura

2513 4290 2645 4343 mihi
2678 4289 2838 4344 valde
2878 4291 3076 4358 placet.
3109 4289 3274 4346 Certe
3295 4289 3663 4347 Theodoritus
3691 4293 3745 4347 in
3779 4289 3936 4348 libris
3971 4296 4087 4348 hae-

2513 4361 2809 4433 reticarum
2847 4358 3152 4433 fabularum
3175 4400 3189 4423 ,
3221 4363 3297 4415 ait
3342 4362 3787 4429 Maeedonianos,
3830 4378 3860 4417 a
3883 4367 4091 4433 quibus

2513 4429 2656 4504 hanc
2686 4430 2977 4504 synodum
3038 4432 3507 4504 collectamAesse
3541 4441 3795 4496 constat,
3853 4429 4090 4504 primum

2511 4499 2790 4573 invexisse
2840 4500 2902 4573 τδ
2955 4501 3280 4573 δμοιούσιον.
3335 4502 3438 4558 Sed
3481 4511 3534 4558 et
3575 4499 3913 4560 Sozomenus
3971 4505 4092 4573 ipse.

2514 4569 2657 4625 hanc
2707 4569 3151 4627 emendationem
3199 4574 3524 4640 conﬁrmat;
3574 4574 3649 4627 ait
3691 4576 3836 4628 enim
3884 4577 3937 4629 in
3983 4569 4092 4630 hac

2514 4640 2725 4714 synodo
2751 4642 3053 4714 stabilitum
3093 4658 3216 4714 esse
3247 4645 3307 4697 τὸ
3345 4646 3530 4714 ὅμοιον
3556 4645 3676 4697 κατ’
3710 4645 3921 4699 οὐσίαν.

2585 4711 2695 4781 (65)
2740 4711 2852 4767 Τοῦ
2887 4713 3096 4787 figulari
3125 4713 3249 4787 τὴνΔ
3282 4711 3657 4783 προσθήκην.
3691 4715 4091 4787 Christopltor-

2516 4795 2688 4856 sonus
2759 4790 2827 4856 et_
2882 4782 3670 4856 musculusjntérpretantur
3720 4782 4089 4854 adjecti‘onem

2517 4853 2682 4927 hujus
2711 4853 2885 4927 vocis,
2928 4854 3142 4910 similis.
3186 4854 3298 4927 Ego
3329 4853 3509 4910 tamen
3559 4853 3910 4924 interpretari
3945 4861 4089 4912 ma:-

2515 4922 2640 4998 lein,
2675 4923 3037 4994 adjectionem
3083 4922 3274 4998 harum
3305 4943 3501 4981 vocum
3539 4927 3661 4980 κατ’
3701 4922 3915 4992 οὐσίαν,
3964 4946 4092 4998 qua:

2514 4993 2753 5061 adjecta!
2793 5003 2922 5051 sunt
2954 4997 3222 5051 vocabulo
3271 4999 3487 5052 similis.
3540 4997 3635 5052 llis
3679 5000 3824 5052 enim
3853 4993 4085 5054 vocibus

2513 5063 2888 5142 blacedoniani
2941 5066 3163 5142 aiebant
3193 5070 3362 5123 everti
3414 5084 3653 5124 errorem
3696 5069 3951 5136 Sabellii,
3987 5072 4089 5142 qui

2510 5135 2838 5207 hypostases
2866 5137 3257 5193 confundebat.

2584 5207 2701 5280 (64)
2739 5208 2856 5277 Τῆς
2901 5210 3123 5277 οἰκείας
3158 5210 3400 5280 μερίδος
3457 5210 3727 5278 ποιῆσαι.
3786 5213 3846 5266 In
3895 5212 4092 5268 codice

2513 5276 2819 5402 Fluketiano
2868 5276 3274 5352 scriptum'eSt
3332 5276 3644 5347 ποιεῖσθαι,
3706 5281 3854 5352 quod
3907 5284 4090 5354 magis

2513 5357 2691 5402 nacet

2511 5357 2691 5419 placet

2276 5523 2662 5582 VARIORUM.

900 5611 938 5682 αξ·
978 5611 1034 5666 Si
1067 5609 1322 5668 Valesius
1356 5611 1790 5685 subscriptiones
1841 5613 2023 5685 legum
2055 5615 2190 5670 Cod.
2225 5613 2404 5669 Theo-

828 5684 1042 5738 dosiani
1090 5699 1213 5737 cum
1254 5683 1540 5738 Ammiano
1581 5683 1948 5750 contulisset,
1984 5698 2135 5740 certo
2170 5687 2216 5741 ei
2269 5702 2403 5739 eon-

829 5755 1065 5810 stitissct
1103 5752 1326 5823 prmfata
1353 5756 1536 5809 omnia
1563 5771 1686 5825 quae
1719 5772 1784 5809 ex
1816 5773 1881 5809 eo
1911 5757 2174 5811 historico
2209 5757 2398 5823 refert,

829 5841 974 5904 anno
1027 5825 1302 5904 praeterito
1355 5825 1512 5904 (είεῑι.⁵
1555 5841 1700 5904 anno
1743 5825 2238 5904 Eiliil‘etintigisse,
2289 5846 2398 5897 quo

835 5895 1246 5952 Valentinianus
1277 5900 1458 5952 varias
1501 5897 1645 5968 leges
1673 5897 1821 5953 dedit
1872 5895 2184 5965 Mediolani,
2229 5895 2392 5971 Aqui-

2511 5620 2893 5698 icim,___Alti_ni,r
2917 5631 2989 5698 et_
3011 5619 3259 5698 veronm,
3287 5636 3575 5698 postquam
3608 5624 4086 5698 Constantinopoli

2513 5708 2611 5766 seu
2649 5692 2850 5747 Sirmio
2885 5697 2937 5766 in
2971 5693 3179 5766 Italiam
3229 5692 3586 5753 rediithnt.
3633 5695 3792 5766 Pagi,
3841 5699 3905 5752 ad
3948 5692 4086 5757 ann.

2509 5764 2633 5831 563,
2664 5781 2719 5818 n.
2749 5766 2802 5826 4,
2845 5765 2935 5835 qui
2980 5765 3178 5819 ibidem
3224 5769 3541 5833 contendit,
3577 5764 3868 5824 concilium
3912 5770 4089 5826 Lam-

2507 5851 2803 5905 psat-cnum
2843 5850 2986 5891 anno
3025 5836 3127 5892 56-i
3170 5836 3340 5896 fuisse
3368 5841 3718 5898 cclcbratum.
