4452 6598
362 468 513 524 1313

1245 466 1569 523 ΙΠΞΤΟΜΑ
1612 458 2171 523 ECCLESIASTICA.
2210 497 2281 507 —
2329 467 2456 523 Llli.
2504 469 2589 526 Vl.

3479 476 3618 537 43M

355 586 583 639 ἐποίουν
604 628 617 647 ,
651 586 923 641 ἐπανιόντι
967 585 1223 642 Οὐάλεντι
1270 587 1348 659 τῷ
1388 587 1599 658 βασιλεῖ
1628 589 1694 644 ὲκ
1724 586 1944 661 Θρᾴκης
1976 592 2020 650 Α
2047 585 2113 641 ei:

1860 605 1944 658 ιης
1976 592 2020 650 Α
2047 585 2128 642 eis
2171 585 2439 645 fecerunt.
2482 586 2587 643 Sed
2642 603 2765 643 cum
2822 591 2913 647 isti
2971 590 3192 650 minimc
3240 592 3618 669 obtemperas-

353 675 423 726 ὲν
478 676 773 747 Ἡρακλείᾳ
830 678 1232 746 περιτυχόντες.
1275 678 1671 753 ’Δποδημοῦντι
1715 682 1825 753 γὰρ
1871 682 1948 755 τῷ

353 764 577 836 ἀδέλφῷ
616 766 696 828 είς
743 766 841 833 τὴν
873 766 1248 838 πρεσϐυτέραν
1300 768 1519 843 Ῥώμην
1549 812 1563 835 ,
1594 772 1754 843 μέχρι
1803 773 1947 836 τινὸς

355 859 646 930 συνῆλθεν.
675 858 909 931 Εὑδοξίῳ
933 861 990 913 δὲ
1021 862 1091 915 τὰ
1113 862 1250 933 πρὸς
1286 863 1511 932 βασιλέα
1539 867 1632 919 καὶ
1662 867 1785 929 τοὺς
1808 864 1945 937 ἀμφ’

351 951 526 1005 αὑτὸν
557 950 657 1021 ἥδη
696 950 837 1007 κατὰ
884 952 1109 1023 γνώμην
1141 952 1406 1025 διῳκεῖτο.
1436 955 1831 1029 Προσελθοῦσιν
1852 953 1946 1012 οὖν

349 1044 477 1105 τοῖς
517 1043 582 1094 ὲκ
626 1042 930 1113 Λαμψάκου
987 1044 1344 1114 πρεσϐευταῖς
1396 1048 1837 1119 παρεκελεύσατο
1870 1048 1946 1121 μὴ

348 1132 716 1204 διαφέρεσθαι
762 1137 900 1207 πρὸς
939 1136 1209 1204 Εὐδόξιον.
1238 1139 1390 1193 Ἐπεὶ
1433 1139 1490 1193 δὲ
1532 1126 1783 1197 ἀντεῖπον
1806 1183 1821 1208 ,
1850 1144 1945 1197 καὶ

348 1225 458 1296 τὴν
490 1226 547 1279 ὲν
573 1227 1140 1282 Κωνσταντινουπόλει
1160 1231 1457 1303 γενομένην
1488 1230 1723 1304 ἀπάτην,
1754 1235 1847 1287 καὶ
1874 1234 1944 1289 τὰ

351 1315 762 1389 βεϐουλευμένα
796 1319 941 1376 κατὰ
959 1320 1068 1373 τῶν
1091 1323 1148 1375 ὲν
1175 1322 1459 1393 Σελευκείᾳ
1480 1322 1813 1394 δεδογμένων
1840 1325 1943 1379 Εὑ-

346 1406 519 1480 δοξίῳ
566 1409 913 1482 ἐμέμφοντο,
948 1413 1194 1483 κινηθεὶς
1254 1415 1389 1484 πρὸς
1439 1414 1643 1486 ὀργὴν,
1672 1416 1800 1478 τοὺς
1842 1416 1941 1486 μὲν

349 1501 654 1572 ὑπερορίαν
677 1504 844 1556 οἰκεῖν
872 1503 1168 1572 προσέταξε
1192 1545 1205 1569 ,
1235 1505 1333 1568 τὰς
1362 1504 1418 1557 δὲ
1447 1505 1742 1576 ἐκκλησίας
1762 1523 1941 1578 παρα-

347 1590 594 1646 δίδοσθαι
636 1594 747 1655 τοῖς
790 1594 936 1663 ἀμφὶ
982 1594 1073 1647 τὸν
1124 1595 1393 1661 Εὑδόξιον.
1432 1597 1519 1651 Ἑν
1547 1599 1724 1669 τούτῳ
1746 1599 1802 1653 δὲ
1841 1601 1939 1671 τὴν

349 1682 559 1753 Συρίαν
587 1682 904 1740 κατέλαϐεν.
947 1684 1231 1758 ’Υφωρᾶτο
1254 1688 1381 1759 γάρ,
1410 1691 1485 1761 μή
1515 1705 1631 1753 πως
1657 1693 1707 1745 ot
1734 1693 1937 1763 Πέρσαι

347 1773 454 1838 τὰς
486 1775 579 1832 ἐπὶ
614 1775 875 1831 Ἰοϐιανοῦ
916 1778 1217 1848 γενομένας
1242 1786 1679 1852 τριακονταετεῖς
1705 1785 1937 1850 σπονδὰς

346 1863 580 1925 λύσωσι.
615 1869 734 1925 Τῶν
767 1871 824 1926 δὲ
866 1872 1033 1944 μηδὲν
1066 1874 1514 1945 νεωτεριζόντων,
1546 1879 1603 1929 ὲν
1637 1878 1935 1950 Ἀντιοχείᾳ

347 1957 640 2032 διέτριϐεν.
686 1961 878 2015 Ἦνίκα
920 1963 982 2033 δὴ
1038 1964 1299 2017 Μελετίου
1348 1966 1449 2037 μὲν
1493 1966 1589 2021 τοῦ
1630 1968 1931 2023 ἐπισκόπου

350 2051 652 2124 ὑπερορίαν
685 2054 862 2126 φυγὴν
887 2055 1207 2110 κατεδίκασε
1224 2065 1252 2093 ιι
1273 2074 1288 2089 ο
1323 2056 1587 2113 Παυλίνου
1614 2060 1672 2113 δὲ
1693 2059 1786 2114 τὸν
1820 2059 1932 2131 βίον

349 2145 641 2209 αἰδεσθεὶς,
679 2146 952 2216 ἐφείσατο.
978 2147 1116 2211 Τοὺς
1148 2148 1204 2201 δὲ
1228 2148 1454 2220 Εὑζωΐῳ
1488 2150 1562 2221 μὴ
1610 2152 1930 2205 κοινωνοῦν-

2051 688 2196 743 sent,
2224 679 2468 750 episcopi
2503 680 2721 736 decreta
2768 699 2869 739 sua
2917 687 3176 744 omnibus
3207 688 3407 759 ubique
3441 694 3613 749 eccle-

2049 771 2150 827 siis
2181 786 2277 841 per
2312 772 2525 829 litteras
2559 773 2959 844 signiﬁcarunt.
2988 778 3124 837 Cum
3155 793 3335 835 autem
3364 785 3615 854 suspica-

2048 868 2241 915 rentur
2267 860 2594 927 Eudoxium,
2647 875 2704 921 ut
2736 875 2855 920 erat
2890 869 3211 936 verisimile,
3248 874 3429 929 aulam
3463 876 3615 944 prin-

2046 952 2184 1022 cipis
2234 953 2303 1007 ad
2356 963 2567 1023 partes'
2596 967 2729 1013 suas
2776 959 3181 1029 traducturum,
3236 971 3288 1018 et
3335 965 3483 1034 ipsos
3523 981 3615 1021 ca~

2046 1045 2445 1102 lumniaturum
2480 1062 2634 1117 esse;
2673 1051 2973 1120 praevenire
3005 1053 3159 1109 illum
3196 1063 3525 1121 statuerunt,
3558 1066 3612 1114 et

2043 1148 2104 1187 ea
2128 1148 2249 1205 quae
2289 1132 2577 1205 Lampsaci
2610 1146 2762 1206 gesta
2799 1148 2959 1195 erant
2996 1139 3261 1198 indicare.
3289 1142 3447 1209 Quod
3486 1148 3611 1214 qui-

2042 1224 2165 1280 dem
2222 1227 2387 1281 etiam
2440 1230 2839 1299 praestiterunt,
2886 1231 3169 1287 Valentem
3224 1234 3610 1304 imperatorem

2041 1310 2320 1369 Heraclea
2370 1315 2657 1381 adeuntes,
2709 1332 2739 1372 e
2782 1315 3019 1375 Thracia
3062 1326 3179 1374 tum
3220 1333 3606 1377 revertentem.

2041 1398 2289 1457 Fratrem
2327 1404 2471 1459 enim
2503 1402 2730 1460 Romam
2770 1405 3208 1475 proﬁciscentem
3263 1409 3609 1479 aliquatenus

2038 1492 2334 1549 comitatus
2373 1493 2573 1549 fuerat.
2609 1492 2808 1550 Verum
2848 1496 3129 1553 Eudoxius
3178 1498 3525 1568 imperatoris
3554 1508 3609 1553 et

2040 1580 2348 1635 aulicorum
2401 1582 2616 1638 animos
2665 1584 2777 1653 jam
2825 1585 2881 1638 in
2929 1585 3255 1641 seuientiatn
3293 1602 3450 1642 suam
3486 1604 3609 1658 per-

2040 1679 2299 1727 traxerat.
2370 1671 2559 1744 Itaque
2620 1675 2921 1745 imperator
2970 1677 3178 1748 legatos
3237 1673 3602 1749 Lampsaceni

2040 1762 2261 1817 concilii
2310 1765 2489 1833 ipsum
2527 1764 2793 1823 adeuntes
2843 1766 3096 1826 hortatus
3130 1777 3235 1831 est,
3268 1782 3338 1825 ne
3381 1770 3451 1825 ab
3496 1768 3604 1823 Eu-

2037 1855 2203 1908 doxio
2260 1855 2619 1911 dissiderent.
2672 1856 2887 1921 Quibus
2940 1860 3488 1928 contradicentibus,
3546 1870 3606 1917 et

2036 1943 2285 2002 fraudem
2313 1947 2790 2018 Constantinopoli
2826 1946 3053 2016 factam,
3100 1951 3348 2021 initaque
3394 1955 3462 2008 ab
3494 1953 3603 2009 Eu-

2034 2037 2199 2095 doxio
2232 2041 2469 2096 consilia
2504 2043 2771 2099 adversus
2806 2038 3119 2099 Seleucenae
3158 2045 3353 2115 synodi
3379 2045 3603 2101 decreta

2033 2152 2447 2221 objicientibus,
2479 2153 2776 2222 imperator
2818 2150 2900 2208 ira
2928 2168 3255 2222 succensus,
3290 2155 3417 2212 illos
3478 2157 3603 2226 qui-

347 2248 451 2297 τας
482 2272 499 2299 ,
527 2235 637 2288 τῶν
683 2236 990 2307 ἐκκλησιῶν
1041 2238 1350 2307 ἀπήλαυνεν
1377 2277 1393 2301 ,
1439 2242 1519 2304 είς
1570 2244 1828 2313 χρήματα
1871 2261 1930 2299 τε
2032 2242 2105 2297 de]

1871 2261 1930 2299 τε
2032 2242 2152 2297 dem
2188 2245 2339 2299 abire
2384 2244 2438 2297 in
2487 2244 2741 2299 exsilium
2782 2244 2972 2313 jussit,
3006 2246 3273 2304 ecclesias
3327 2263 3456 2302 vero
3492 2248 3600 2302 Eu-

348 2324 603 2398 ὲζημίου,
637 2329 733 2382 καὶ
752 2329 991 2401 ᾐκίζετο,
1020 2331 1114 2383 καὶ
1143 2330 1319 2394 ἄλλως
1340 2332 1618 2403 ὲπέτριϐε.
2041 2334 2106 2388 do

2041 2334 2297 2391 doxianis
2349 2334 2514 2388 tradi.
2559 2333 2692 2389 Post
2745 2335 2860 2394 haec
2912 2337 3215 2407 imperator
3273 2339 3327 2392 in
3384 2337 3598 2409 Syriam

348 2422 615 2488 perrexit.
670 2422 971 2478 Verebatur
1002 2424 1147 2477 enim
1214 2440 1282 2479 ne
1327 2423 1511 2481 Persa:
1550 2428 1772 2500 triginta
1803 2443 2072 2483 annorum
2126 2427 2396 2492 inducias,
2441 2443 2580 2498 quas
2640 2443 2766 2483 cum
2828 2428 3065 2485 Joviano
3133 2430 3277 2499 pacti
3352 2429 3596 2499 fuerant,

349 2520 689 2580 rumperent.
743 2511 853 2568 Sed
902 2528 1029 2567 cum
1061 2511 1250 2569 Persa:
1288 2514 1425 2568 nihil
1499 2518 1625 2572 novi
1669 2519 1845 2573 moliti
1922 2525 2129 2584 essent,
2212 2517 2526 2572 Antiochia:
2576 2516 2849 2572 consedit.
2902 2517 3025 2584 Quo
3071 2519 3294 2588 quidem
3349 2530 3595 2590 tempore

349 2604 628 2659 leletium
689 2605 1010 2675 episcopum
1068 2605 1273 2661 exsilio
1334 2606 1637 2665 damnavit.
1696 2609 1928 2665 Paulino
1966 2618 2148 2663 autem
2224 2610 2517 2679 pepercit,
2561 2610 2688 2664 vita:
2738 2609 2892 2664 illius
2931 2612 3351 2665 sanetimoniam
3396 2613 3598 2667 reveri-

350 2701 462 2753 tus.
499 2693 606 2750 Eos
629 2703 808 2750 autem
835 2700 931 2764 qui
979 2712 1103 2753 cum
1143 2697 1350 2753 Euzoio
1388 2714 1499 2754 non
1566 2702 2064 2763 communicarent,
2107 2700 2359 2755 ecclesiis
2406 2700 2647 2769 expulit,
2696 2710 2751 2755 et
2811 2703 3009 2771 partim
3086 2704 3335 2773 pecuniis
3400 2707 3597 2760 multa-

348 2790 471 2857 vit,
521 2789 720 2860 partim
783 2792 1069 2846 tormentis
1126 2791 1328 2858 ati‘ecit,
1387 2801 1482 2851 aut
1535 2795 1662 2852 aliis
1720 2797 1898 2853 modis
1950 2793 2185 2849 vexavit.

947 2902 1196 2961 ΚΕΦΔΛ.
1229 2907 1313 2962 Η’.

348 2990 489 3059 Περὶ
512 2991 619 3067 τῆς
644 2993 1021 3067 ρποστασζας
1052 2998 1385 3067 Προκοπίου
1436 3001 1535 3053 καὶ
1575 3000 1919 3067 παραδόξου

422 3061 734 3129 τελευτῆς·
763 3064 850 3116 ἐτι
879 3063 946 3115 δὲ
976 3065 1077 3117 καὶ
1101 3061 1233 3131 περὶ
1276 3068 1589 3123 Ἐλευσίου
1617 3061 1720 3125 τοῦ
1753 3061 1919 3132 Κύζι-

424 3133 1184 3208 κουηίιαὶξΕὐνοιιίορ-ζοῦ
1222 3138 1516 3204 αἱρετικοῦ
1542 3154 1555 3169 ·
1604 3142 1702 3194 καὶ
1758 3142 1918 3208 ὅπως

424 3210 528 3256 τὸν
563 3202 877 3255 Ἐλεύσιον
911 3202 1233 3269 διεδέξατο.

422 3292 614 3359 Γέγονε
643 3291 687 3344 δ’
712 3291 778 3345 ἂν
809 3292 948 3357 τότε,
993 3292 1069 3356 ὡς
1099 3294 1390 3363 συμϐαλεῖν
1429 3295 1563 3360 ἔστι,
1593 3298 1688 3351 καὶ
1712 3298 1916 3355 τούτων

2543 2907 2707 2978 229
2742 2907 2898 2962 CAP.
2934 2904 3074 2961 VIII.

2023 2994 2375 3067 DeiProcopii
2394 2998 2682 3065 defectione
2708 3009 2757 3054 et
2788 3000 3078 3053 miserabili
3103 3000 3335 3054 interitu.
3368 3000 3496 3056 Item
3530 3005 3594 3057 de

2096 3066 2309 3121 Eleusin
2337 3067 2809 3151 Cyzigeno._deque
2854 3069 3112 3151 Eunomia
3141 3071 3511 3137 hwresiarclta,
3542 3085 3590 3126 rt

2090 3145 2347 3206 quomodo
2377 3137 2422 3193 is
2459 3137 2673 3193 Eleusin
2705 3137 3030 3194 successerit.

2091 3314 2167 3366 Ac
2197 3314 2460 3382 profecto,
2491 3326 2548 3369 ut
2571 3316 2849 3384 conjicere
2874 3316 3027 3379 licet,
3056 3318 3143 3373 his
3178 3319 3428 3388 graviora
3457 3331 3589 3377 tunc

343 3382 640 3453 δεινότερα,
669 3384 715 3436 εί
745 3385 817 3454 μὴ
846 3386 875 3437 ό
902 3384 1043 3438 κατὰ
1073 3386 1374 3456 Προκόπιον
1402 3389 1630 3442 ἐπέλαϐε
1662 3391 1914 3462 πόλεμος.
1946 3369 1987 3424 C
2021 3410 2101 3457 ιρι]

1826 3410 1914 3455 ιος.
1946 3369 1987 3424 C
2021 3369 2283 3473 temporis
2314 3404 2549 3461 fuissent
2579 3369 2912 3478 perpetrata,
2946 3410 3055 3465 nisi
3094 3369 3294 3464 bellum
3332 3412 3584 3483 Proc0pii

348 3471 701 3543 Τυραννήσας
736 3472 845 3543 γὰρ
882 3474 940 3526 ἐν
966 3476 1557 3545 Κωνσταντινουπόλει,
1588 3481 1678 3532 καὶ
1718 3482 1915 3552 πολλὴν

348 3565 409 3616 ὲν
442 3562 633 3633 βραχεῖ
661 3564 836 3633 χρόνῳ
873 3565 1133 3634 στρατιὰν
1169 3566 1446 3637 ἁθροίσας,
1490 3571 1746 3639 ἠπείγετο
1775 3573 1915 3627 κατὰ

349 3654 662 3717 Οὐάλεντος.
708 3657 767 3708 '0
799 3655 875 3719 δὲ,
919 3658 982 3710 ὲκ
1012 3657 1110 3726 τῆς
1148 3658 1343 3727 Συρίας
1373 3660 1587 3725 ἐλάσας,
1622 3664 1913 3733 συμϐάλλει

346 3745 496 3817 αὐτῷ
523 3749 650 3816 περὶ
688 3748 988 3802 Νακόλειαν
1012 3750 1113 3818 τῆς
1141 3751 1377 3820 Φρυγίας
1409 3754 1563 3805 πόλιν
1591 3768 1604 3785 ⁶
1658 3755 1914 3827 προδοσίᾳ

346 3854 407 3894 τε
451 3839 745 3907 Ἀγέλωνος
793 3841 888 3894 καὶ
924 3840 1208 3911 Γωμαρίου
1241 3842 1347 3896 τῶν
1375 3844 1538 3899 αὐτοῦ
1596 3849 1915 3917 στρατηγῶν

347 3929 673 4001 ζωγρήσας,
721 3933 881 3985 αὐτόν
934 3949 995 3986 τε
1058 3935 1151 3987 καὶ
1192 3936 1317 3999 τοὺς
1366 3937 1628 4007 προδότας
1668 3939 1911 4004 ἐλεεινῶς

346 4024 545 4077 ἀνεῖλε.
576 4022 713 4087 Τοὺς
743 4024 840 4092 μὲν
871 4023 981 4094 γὰρ
1008 4024 1243 4092 λέγεται,
1276 4028 1476 4099 καίπερ
1504 4031 1707 4084 εὐνοεῖν
1730 4033 1911 4097 αὐτοῖς

345 4114 564 4184 ὀμόσας,
590 4114 773 4185 πρίοσι
793 4116 911 4187 διχῆ
933 4116 1142 4169 διελεῖν
1169 4118 1467 4188 Προκοπίου
1495 4122 1551 4175 δὲ
1569 4122 1662 4175 δύο
1679 4124 1912 4194 δένδροις

344 4205 445 4257 οὐκ
485 4203 593 4256 ἀπὸ
635 4204 830 4257 πολλοῦ
875 4206 1121 4261 διεστῶσι
1156 4211 1595 4280 κατακαμφθεῖσι
1642 4214 1780 4284 πρὸς
1812 4216 1910 4287 τὴν

344 4293 611 4362 ἑκατέραν
639 4294 752 4364 (65)
797 4298 1039 4366 ἐκατέρῳ
1083 4299 1234 4369 φυτῷ
1274 4301 1522 4371 προσῆψε
1570 4304 1776 4369 σκέλος,
1815 4304 1911 4359 καὶ

342 4384 554 4455 ἀφῆκεν
579 4385 973 4457 άνεγείρεσθαι·
1015 4388 1083 4441 τὰ
1114 4389 1193 4453 δὲ,
1217 4392 1350 4462 πρὸς
1374 4390 1470 4462 τὴν
1499 4395 1700 4465 συνήθη
1722 4397 1909 4450 στάσιν

342 4475 736 4545 ἀνορθωθέντα,
765 4477 1024 4530 διέσπασε
1050 4478 1142 4534 τὸν
1169 4480 1472 4553 ἄνθρωπον.
1504 4485 1659 4539 Ἐπεὶ
1679 4487 1736 4539 δὲ
1758 4488 1908 4551 τέλος

341 4565 499 4637 ἔσχεν
527 4569 556 4621 ό
586 4568 820 4639 πόλεμος
840 4608 855 4631 ,
903 4565 1038 4641 ἧκεν
1076 4573 1154 4635 εἰς
1185 4572 1417 4628 Νίκαιαν
1448 4591 1461 4606 ·
1515 4576 1573 4629 ὲν
1614 4580 1815 4650 ἠσυχίᾳ
1847 4597 1909 4636 τε.

344 4657 599 4729 γεγονὼς,
626 4656 781 4725 αὖθις
811 4661 1072 4733 ἐτάραττε
1098 4664 1224 4727 τοὺς
1252 4666 1348 4735 οὐχ
1373 4668 1573 4735 ὁμοίως
1602 4671 1747 4742 αὐτῷ
1780 4674 1907 4743 περὶ

342 4750 402 4804 τὸ
417 4751 569 4805 Θεῖον
598 4750 934 4816 δοξάζοντας.
982 4755 1393 4827 ’Υπερφυῶςζδὲ
1424 4760 1739 4829 ἐχαλέπαινε
1767 4767 1905 4819 κατὰ

340 4842 447 4895 τῶν
478 4844 536 4895 ὲν
582 4842 869 4915 Λαμψάκῳ
897 4845 1275 4914 συνελθόντων,
1317 4849 1505 4904 καθότι
1549 4852 1641 4905 καὶ
1682 4855 1807 4917 τοὺς
1835 4855 1904 4909 τὰ

2022 3498 2448 3565 supervenisset.
2502 3497 2636 3552 Nam
2706 3515 2828 3554 cum
2901 3500 3000 3557 iste
3060 3503 3403 3573 tyrannidem
3448 3507 3589 3560 arri-

2024 3586 2233 3653 puisset
2270 3585 2770 3658 Constantitwpoli,
2810 3604 2873 3644 ac
2918 3589 3073 3645 brevi
3122 3595 3385 3663 temporis
3411 3600 3585 3665 spatio

2022 3676 2291 3733 maximas
2318 3680 2506 3747 copias
2537 3679 2642 3733 sibi
2675 3693 3072 3750 comparasset,
3100 3684 3366 3741 adversus
3392 3686 3584 3742 Valen-

2022 3774 2129 3820 tem
2176 3770 2481 3826 contendit.
2537 3768 2740 3826 Valens
2778 3772 2947 3842 igitur
2994 3787 3025 3829 e
3073 3774 3229 3844 Syria
3278 3777 3583 3847 digressus,

2016 3859 2172 3927 juxta
2222 3861 2502 3916 Nacoliam
2561 3864 2750 3917 urbem
2807 3866 3089 3937 Phrygize,
3140 3884 3268 3923 cum
3315 3871 3587 3942 Procopio

2020 3963 2240 4003 manum
2270 3952 2568 4005 conseruit.
2602 3953 2772 4017 Quem
2802 3956 3048 4024 Agilonis
3091 3966 3144 4011 et
3175 3960 3447 4014 Gomoarii
3482 3966 3584 4017 du~

2020 4052 2141 4092 cum
2198 4040 2373 4111 ipsius
2421 4045 2765 4112 proditione,
2815 4047 2996 4100 vivum
3046 4064 3171 4102 cum
3212 4053 3479 4120 cepisset,
3528 4064 3584 4110 et

2018 4128 2197 4196 ipsum
2235 4140 2289 4185 et
2322 4133 2630 4201 proditores
2662 4136 2781 4202 ejus
2816 4137 3114 4193 miserabili
3157 4143 3349 4197 mortis
3382 4160 3581 4215 genere

2018 4220 2311 4277 interfecit.
2344 4223 2456 4282 Hos
2485 4227 2655 4293 enim,
2690 4228 2819 4282 licet
2854 4244 2913 4284 se
2941 4229 3051 4285 illis
3083 4233 3220 4287 bene
3252 4236 3389 4290 velle
3425 4237 3579 4306 jure-

2012 4311 2248 4381 jurando
2292 4314 2646 4382 afﬁrmasset,
2697 4322 2912 4376 medios
2941 4338 3094 4377 serra
3127 4325 3464 4382 dissecuisse
3493 4330 3579 4383 di-

2014 4404 2178 4458 citur.
2206 4407 2465 4478 Procopii
2498 4426 2627 4464 vero
2650 4425 2835 4476 crura,
2864 4414 3078 4469 duabus
3116 4417 3407 4474 arboribus
3432 4421 3575 4476 haud

2014 4498 2204 4563 procul
2235 4514 2264 4551 a
2296 4515 2355 4553 se
2375 4500 2609 4556 invicem
2641 4503 2971 4560 distantibus
3000 4507 3067 4561 ad
3106 4516 3308 4562 terram
3336 4511 3575 4579 inﬂexis,

2014 4588 2244 4643 alterum
2275 4591 2432 4647 alteri
2470 4594 2657 4650 arbori
2688 4596 2932 4667 alligavit
2972 4614 2983 4649 :
3015 4613 3079 4653 ac
3110 4615 3301 4659 rursus
3344 4605 3577 4662 arbores

2017 4678 2069 4730 in
2101 4679 2338 4734 sublime
2369 4682 2502 4751 erigi
2539 4684 2807 4753 permisit.
2839 4685 2968 4751 Quze
2997 4702 3121 4741 cum
3164 4690 3229 4743 ad
3268 4694 3571 4747 naturalem

2010 4771 2305 4825 stationem
2336 4783 2768 4843 reverterentur,
2814 4777 3091 4832 hominem
3139 4780 3570 4851 discerpserunt.

2009 4859 2272 4916 Confecto
2302 4864 2405 4919 hoc
2432 4865 2574 4920 bello
2607 4866 2804 4923 Valens
2828 4869 3067 4925 Nicmam
3098 4873 3268 4926 Venit.
3322 4873 3572 4948 Cumque

354 4932 562 5003 Ἀρείου
584 4931 907 5004 φρονοῦντας
936 4933 1280 4998 ἐπισκόπους,
1311 4937 1402 4991 καὶ
1425 4936 1525 5010 τὴν
1551 4942 1607 4991 ἐν
1630 4940 1904 5016 Ἀριμήνῳ
2002 4949 2112 5017 jam

1810 4946 1904 5016 ῇνῳ
2002 4949 2118 5017 jam
2166 4953 2219 5005 in
2262 4958 2445 5023 quiete
2481 4965 2535 5011 et
2587 4960 2701 5013 otio
2738 4959 2978 5032 degeret,
3018 4979 3113 5017 eos
3158 4966 3249 5032 qui
3282 4982 3391 5021 non
3428 4931 3568 5023 idem

347 5024 471 5096 περὶ
507 5023 605 5095 τῆς
645 5023 879 5089 πίστεως
924 5025 1237 5080 ἑκτεθεῖσαν
1274 5029 1490 5100 γραφὴν
1527 5032 1898 5107 ἀπεκήρυξαν.

2008 5058 2132 5098 cum
2184 5046 2308 5116 ipso
2345 5049 2413 5103 de
2444 5048 2742 5107 Divinitate
2778 5056 3071 5121 sentirent,
3113 5057 3339 5114 turbare
3371 5060 3567 5117 iterum

1498 5218 1587 5271 VA
1597 5218 1767 5277 LESll
1839 5221 2389 5291 ANNOTATIONES.

406 5344 517 5421 (65)
548 5348 893 5419 Πρὸς-τὴν...
934 5352 1240 5421 ἑκατέραν.
1283 5354 1437 5411 Hunc
1466 5358 1645 5415 locum
1676 5361 1777 5416 levi
1810 5378 1913 5417 ne-

338 5418 503 5504 gotio
545 5422 735 5504 sanari
776 5418 897 5504 4hoc
934 5418 1115 5504 modo
1146 5427 1586 5504 κατακαμφθεῖσι
1604 5432 1749 5504 πρὸς
1775 5434 1903 5504 γῆν,

335 5488 594 5559 ἑκάτερον
631 5490 872 5564 ἑκατέρῳ
900 5493 1048 5563 φυτῷ
1077 5497 1323 5569 προσῆψε
1366 5488 1574 5563 ἂέλος.
1604 5488 1748 5556 Nihil
1788 5488 1898 5558 'h'ac

2016 5371 2399 5451 emendatione
2452 5377 2695 5451 certius,
2744 5394 2908 5448 quam
2949 5394 3016 5435 ex
3069 5392 3221 5451 parte
3280 5383 3565 5439 confirmat

2010 5439 2349 5512 Nicephorus
2379 5445 2433 5500 in
2467 5447 2607 5502 libro
2638 5439 2699 5512 tt,
2730 5439 2850 5518 cap.
2879 5451 2931 5504 4.

1746 5653 2131 5715 VARIORUM.

400 5751 670 5847 Lari-xit
854 5762 1142 5847 Μελεςιόιί
1174 5762 1293 5847 μεν
1336 5766 1659 5847 ὐπερρρίτξζ
1688 5770 1891 5847 ρξυγὴν
1998 5775 2158 5829 Antio

1799 5770 1891 5835 ’ὴν
1998 5775 2375 5847 Antiochenns
2402 5778 2693 5847 episcopus
2721 5776 2773 5832 in
2802 5780 3053 5837 exsilium
3080 5798 3191 5839 non
3211 5783 3557 5841 amendatos.

334 5822 705 5914 κατεδίκασε.
749 5822 883 5880 (Iunt
930 5831 1088 5911 initio
1119 5822 1336 5886 .ta'ntum
1381 5822 1887 5914 aniu'srgmit'e’Its

1167 5822 1336 5886 t'ntum
1381 5822 1531 5888 an'ni'
1554 5822 1887 5914 57%_V_al'ei'ts
1993 5822 2925 5914 Eii-ii

333 5895 672 5949 Antiochiam
704 5901 1033 5967 pervenerit,
1080 5910 1205 5958 ante
1231 5919 1353 5957 eum
1390 5920 1590 5961 annum
1637 5908 1881 5967 Meletius
