4452 6598
849 400 987 455 ἰῦίό

2247 390 2596 450 SOZOMENI

3965 393 4119 448 ίπιε

847 529 1147 588 aggressus
1177 520 1286 570 est.
1331 512 1619 582 Prmeipue
1659 527 1788 567 vero
1829 513 1898 568 iis
1931 513 2293 568 succensebat
2331 513 2424 583 qui
2456 517 2499 574 Α
2530 511 2605 564 Οὔ

2343 513 2424 583 qui
2456 517 2499 574 Α
2530 511 2686 566 Οὕτω
2710 511 2766 565 δὲ
2792 509 2932 582 ἔχων
2951 511 3141 581 ὀργῆς,
3167 510 3287 578 ἄγει
3315 510 3379 564 tit
3401 509 3502 579 τῆς
3530 509 3769 574 Κυζῖκοι·
3794 507 3914 561 Ἑλε
3927 509 4101 561 ὅσιον·

848 608 1136 678 Lampsaci
1193 613 1608 668 convenerant,
1659 620 1726 660 eo
1784 607 1930 676 quod
1985 606 2276 676 episcopos
2329 607 2424 675 qui

848 699 964 753 Arii
1014 697 1327 768 opinionem
1398 697 1804 766 sequebantur,
1853 707 1905 750 et
1957 695 2248 750 formulam
2301 696 2424 750 fidei

840 804 970 859 qua:
1003 790 1233 843 Arimini
1272 788 1446 844 fuerat
1487 790 1762 858 exposita,
1791 791 2278 842 condemnassent.
2313 789 2427 843 Hu-

842 881 1088 950 jusmodi
1135 883 1214 934 ira
1267 896 1568 936 succensus
1613 881 1888 936 Eleusium
1937 880 2004 934 ab
2047 880 2183 936 urbe
2228 881 2426 952 Cyzico

848 977 1104 1030 accersit.
1151 974 1216 1027 Et
1249 976 1632 1045 episcoporum
1664 975 1994 1028 Arianorum
2027 975 2261 1029 collecto
2293 991 2426 1029 con-

841 1067 999 1129 cilio,
1035 1066 1263 1119 invitum
1311 1081 1506 1136 cogere
1538 1080 1664 1119 eum
1713 1067 1914 1134 cmpit,
1965 1073 2025 1118 ut
2058 1080 2181 1118 cum
2219 1066 2330 1120 illis
2370 1067 2423 1120 in

840 1159 1096 1215 doctrina
1136 1159 1259 1212 lidci
1311 1158 1650 1212 consentiret
1724 1160 1792 1211 At
1843 1159 1964 1222 ille,
2010 1158 2170 1211 initio
2203 1159 2422 1228 quidem

847 1251 1072 1306 restitit.
1133 1252 1331 1304 Postea
1383 1265 1517 1304 vero
1561 1248 1816 1304 exsilium
1864 1257 1919 1304 et
1960 1250 2423 1320 proscriptionem

829 1342 1120 1397 bonorum
1151 1340 1517 1395 reformidans
1546 1358 1559 1392 :
1593 1342 1706 1394 lucc
1731 1340 1877 1394 cnim
1916 1341 2211 1409 imperator
2237 1339 2285 1394 ei
2318 1341 2423 1395 mi-

848 1433 1084 1486 nabatur
1119 1432 1225 1486 nisi
1275 1433 1586 1502 paruisset;
1642 1430 1771 1485 fecit
1811 1433 1959 1502 quod
2005 1433 2420 1502 imperabatur,

847 1521 1146 1592 statimque
1195 1521 1374 1591 ipsum
1426 1521 1556 1575 facti
1595 1521 1680 1575 sui
1733 1521 2011 1590 pmuituil.
2064 1521 2128 1576 Et
2163 1522 2421 1593 Cyzicum

849 1628 1126 1678 reversus,
1175 1619 1461 1681 peccatum
1497 1627 1656 1667 suum
1701 1613 1884 1681 palam
1929 1613 1985 1667 in
2023 1615 2255 1670 ecclesia
2283 1629 2423 1668 con-

843 1702 1033 1759 fessus
1063 1713 1169 1767 est,
1203 1704 1569 1772 hortatusque
1615 1711 1676 1756 ut
1724 1704 1957 1757 alterum
1992 1721 2094 1759 suo
2142 1707 2265 1760 loco
2303 1707 2423 1776 epi-

845 1813 1072 1866 scopum
1104 1798 1462 1852 ordinarent:
1500 1810 1675 1864 neque
1704 1796 1848 1849 enim
1895 1795 1978 1852 fas
2030 1813 2173 1865 esse,
2219 1806 2280 1852 ut
2307 1799 2423 1868 ipse

846 1889 1083 1958 amplius
1131 1888 1451 1944 sacerdotio
1511 1887 1853 1957 fungeretur,
1907 1888 2110 1959 quippe
2163 1895 2257 1959 qui
2308 1906 2421 1945 suae

843 1981 970 2037 fidei
1003 1981 1250 2051 proditor
1283 1981 1612 2036 exstitisset.
1646 1978 1844 2034 Verum
1877 1979 2158 2052 Cyziceni,
2191 1995 2317 2035 cum
2350 1981 2420 2036 ob

842 2073 969 2127 vitae
995 2071 1116 2141 ejus
1141 2072 1513 2141 integritatem
1537 2071 1801 2141 singulari
1829 2087 1954 2127 eum
1979 2072 2330 2128 observantia
2354 2088 2419 2126 ac

847 2164 1227 2218 benevolentia
1271 2171 1770 2233 prosequerentur,
1824 2165 2056 2220 alterum
2097 2167 2418 2236 episcopum

842 2258 1048 2312 habere
1078 2258 1388 2311 noluerunt.
1415 2256 1548 2322 Quae
1569 2271 1693 2311 cum
1724 2255 2007 2311 Eudoxius
2035 2260 2418 2328 comperisset,

839 2352 934 2420 qui
969 2351 1296 2406 Arianorum
1327 2357 1490 2404 secta:
1519 2359 1748 2419 praeerat
1780 2348 2282 2420 Constantinopoli,
2313 2350 2424 2406 Eu-

843 2458 1092 2499 nonnnm
1131 2442 1318 2514 Cyzici
1353 2441 1673 2511 episcopum
1719 2441 2011 2496 ordinavit.
2067 2441 2225 2496 llunc
2272 2445 2421 2499 enim

844 2522 1034 2602 utpote
1069 2531 1323 2584 facundia
1353 2531 1668 2600 pollentem,
1695 2529 1997 2601 Cyzicenos
2029 2533 2081 2586 in
2114 2547 2267 2587 suam
2294 2548 2426 2588 sen-

843 2624 1074 2678 tentiam
1137 2623 1420 2678 suadendo
1477 2622 1636 2677 facile
1685 2623 2080 2692 perducturum
2144 2625 2423 2694 sperabat.

2527 603 2619 656 καὶ
2665 604 2938 674 ὁμοδόξων
2987 603 3142 674 αύτῷ
3188 603 3504 656 ἐπισκόπων
3552 602 3807 670 σύλλογον
3854 599 4117 661 καθίσας,

2527 695 2776 760 ἐϐιάζετο
2807 698 3084 748 κοινωνεῖν
3123 696 3306 759 αὐτοῖς
3357 695 3458 764 τῆς
3501 695 3758 756 πίστεως.
3816 693 3874 746 '0
3914 692 3996 756 δὲ,
4040 690 4117 743 τὰ

2527 789 2721 860 πρῶτα
2750 788 3010 860 ἀνδρείως
3031 788 3334 842 ἁντέτεινεν
3359 803 3371 816 ·
3409 789 3708 858 ὑπερορίαν
3731 786 3787 840 δὲ
3817 786 3992 854 φυγὴν
4011 782 4116 837 καὶ

2525 886 2622 954 τῆς
2654 885 2842 947 οὐσίας
2878 883 3166 953 ἀφαίρεσιν
3188 884 3370 945 δείσας
3420 882 3629 951 (ταῦτα
3655 883 3766 952 γὰρ
3786 881 3997 950 ἠπείλει
4029 879 4114 948 μὴ

2526 975 2880 1047 πειθομένῳ),
2910 975 2971 1028 τὸ
2997 975 3332 1044 προσταχθὲν
3372 973 3614 1041 ἐποίησε.
3650 972 3760 1025 Καὶ
3787 973 3945 1035 εὐθὺς
3983 986 4116 1040 μετ-

2525 1069 2773 1137 εμελεῖτο
2797 1085 2808 1096 ·
2856 1067 3169 1120 ἐπανελθών
3200 1084 3260 1119 τε
3308 1067 3389 1128 εἰς
3415 1065 3686 1128 Κύζικον,
3737 1063 3969 1133 δημοσίᾳ
4007 1064 4115 1130 τὴν

2523 1159 2800 1230 ἁμαρτίαν
2830 1160 2922 1212 ἐπὶ
2967 1159 3066 1228 τῆς
3113 1157 3408 1228 ἐκκλησίας
3445 1156 3745 1226 ἐξήγγειλε,
3781 1154 3874 1206 καὶ
3915 1155 4115 1223 ἕτερον

2526 1251 2826 1303 ἐπίσκοπον
2865 1252 3192 1320 χειροτονεῖν
3244 1247 3660 1319 παρεκελεύετο.
3726 1246 3945 1298 Ἑαυτὸν
3998 1245 4116 1312 γὰρ

2527 1341 2777 1412 ἱερᾶσθαι
2830 1341 2906 1413 μὴ
2955 1342 3253 1412 προσήκειν
3303 1340 3419 1403 ἔτι,
3469 1339 3542 1402 ὼς
3591 1337 3793 1391 οἰκείου
3839 1336 4114 1406 δόγματος

2525 1432 2790 1502 προδότην
2813 1431 3122 1502 γενόμενον.
3149 1429 3448 1500 Κυζικηνοὶ
3475 1429 3553 1491 δὲ,
3584 1429 3722 1481 αἰδοῖ
3752 1427 3850 1493 τῆς
3877 1424 3972 1477 τοῦ
4008 1426 4111 1477 ἁνο

2523 1523 2648 1594 δρὸς
2681 1521 2951 1586 πολίτείας
2995 1521 3139 1575 εὖνοι
3182 1520 3493 1591 ταμάλιστα
3537 1518 3687 1588 αὐτῷ
3721 1517 4107 1586 τυγχάνοντες,

2523 1616 2711 1686 ἓτερον
2755 1616 2898 1685 ἐχειν
2923 1614 3220 1668 ἐπίσκοπον
3251 1615 3350 1685 οὐχ
3381 1612 3605 1667 εἵλοντο.
3655 1612 3805 1664 Ἐπεὶ
3835 1611 3892 1664 δὲ
3925 1608 4111 1662 ταῦτα

2523 1709 2771 1775 Εὑδόξιος
2813 1710 2957 1779 ἔγνω
3003 1711 3033 1762 ὁ
3064 1711 3122 1764 ἐν
3151 1706 3719 1762 Κωνσταντινουπόλει
3750 1705 3848 1775 τῆς
3890 1703 4107 1773 Ἀρείου

2521 1801 2679 1871 δόξης
2708 1799 3005 1871 προεστὼς,
3039 1802 3334 1872 χειροτονεῖ
3364 1800 3628 1869 Εὐνόμιον
3656 1805 3681 1832 °
3724 1798 3820 1868 τῆς
3859 1796 4106 1859 Κυζίκου

2455 1879 2492 1933 Β
2521 1893 2838 1948 ἐπίσκοπον.
2881 1893 3040 1964 ’ῼετο
3064 1892 3174 1964 γὰρ
3202 1892 3364 1946 αὐτὸν
3387 1891 3440 1945 δε
3451 1891 3560 1944 ινδν
3605 1891 3735 1946 ὄντα
3761 1890 3963 1957 λέγειν,
3998 1886 4109 1941 τινὶ

2524 1983 2703 2036 πειθοῖ
2724 1981 2834 2054 (66)
2871 1984 3070 2055 ῥᾳδίως
3096 1984 3233 2056 πρὸς
3257 1985 3320 2036 τὸ
3349 1985 3547 2038 οἰκεῖον
3573 1983 3750 2053 δόγμα
3778 1983 3902 2045 τοὺς
3931 1979 4107 2043 Κυζι-

2523 2078 2721 2144 κηνοὺς
2743 2076 3170 2145 ἐφελκύσασθαι.
3207 2077 3294 2140 Ὠς
3317 2077 3372 2130 δὲ
3397 2079 3479 2141 εἰς
3504 2075 3740 2141 Κύζικον
3770 2073 4108 2145 παρεγένετο

2524 2165 2910 2235 προστάγματι
2956 2166 3240 2236 βασιλέως,
3282 2167 3558 2220 Ἐλευσίου
3607 2165 3912 2232 ἐξελθόντος
3961 2164 4104 2232 (67),

2522 2262 2622 2324 τὰς
2673 2262 2859 2316 ἐνθάδε
2934 2263 3230 2334 ἐκκλησίας
3296 2263 3579 2333 κατέσχεν.
3627 2263 3692 2315 Ui
3738 2262 3796 2314 δὲ
3842 2260 4106 2326 Ἑλευσίῳ

2520 2353 2868 2423 πειθόμενοι,
2912 2355 3200 2424 εὐκτήριον
3234 2351 3381 2408 οἷκον
3428 2355 3533 2422 ἔξω
3570 2354 4104 2412 κατασκευάσαντες,

2521 2445 2630 2516 πρὸ
2674 2447 2774 2516 τῆς
2823 2446 3031 2510 πόλεως
3091 2446 3467 2516 ἐκκλησίαζον.
3538 2446 3805 2515 Εὑνομίου
3864 2444 3961 2514 μὲν
4010 2439 4107 2495 οὖν

2523 2537 2672 2608 πέρι.
2721 2538 2817 2592 καὶ
2867 2540 2968 2610 τῆς
2997 2539 3290 2610 ὁμωνύμου
3328 2540 3533 2594 τούτων
3565 2539 3855 2611 αἱρέσεως,
3906 2537 4104 2608 μικρὸν

2524 2629 2750 2702 ὕστερον
2778 2631 2890 2698 ἐρῶ

853 2716 1162 2770 ἰῦιιιιοηιίυε
1205 2716 1392 2785 itaque
1441 2730 1566 2769 cum
1644 2715 1885 2770 venisset
1939 2715 2199 2788 Cyzicum
2228 2759 2243 2785 ,
2297 2718 2458 2787 juxta
2531 2722 2882 2793 imperatoris
2934 2734 3267 2798 praeceptum
3315 2724 3613 2782 excedente
3661 2725 3815 2780 illinc
3856 2723 4104 2789 Eleusio,

845 2809 1104 2864 ecclesias
1155 2807 1464 2877 occupavit.
1514 2807 1678 2878 23o
1720 2808 1763 2862 li
1803 2822 1936 2864 vero
1983 2810 2077 2879 qui
2117 2809 2404 2878 Eleusium
2447 2817 2820 2883 sectabantur,
2869 2827 3029 2875 extra
3071 2821 3264 2875 urbem
3331 2827 3648 2874 constructa
3716 2820 3971 2878 ecclesia.
4025 2819 4103 2872 ibi

843 2905 1106 2960 collectas
1135 2910 1385 2972 egerunt.
1439 2899 1546 2958 Sed
1578 2902 1647 2958 de
1681 2903 1970 2968 Eunomio,
2004 2919 2070 2960 ac
2109 2904 2178 2961 de
2221 2907 2416 2963 haeresi
2457 2924 2578 2980 quae
2613 2913 2682 2968 ab
2712 2913 2809 2968 illo
2836 2915 3225 2986 cognominata
3265 2921 3370 2977 est,
3405 2914 3572 2984 paulo
3636 2921 3826 2983 postea
3894 2914 4102 2969 dicam.

1479 2995 1645 3059 ,CAP.
1689 2995 1780 3051 IX.

843 3089 1022 3156 Quam
1054 3087 1284 3158 graviter
1307 3091 1478 3142 vexati
1504 3091 1610 3143 sint
1646 3106 1705 3144 eo
1731 3100 1977 3156 tempore,
2004 3090 2094 3159 qui
2124 3090 2286 3159 ﬁdem
2313 3091 2417 3146 Ni-

917 3160 1048 3213 cami
1078 3159 1286 3240 concilii
1316 3160 1722 3228 proﬁtebantur,
1753 3161 1889 3215 etde
1928 3162 2108 3232 Agelio
2149 3161 2416 3217 Novatia-

917 3245 1108 3284 mirum
1132 3244 1391 3297 εριεεορο.

915 3321 1121 3376 Eodem
1157 3321 1321 3375 modo
1359 3321 1620 3392 exagitati
1667 3330 1798 3378 sunt
1829 3323 1993 3378 etiam
2030 3323 2089 3387 ii,
2138 3323 2230 3394 qui
2277 3325 2421 3380 Con-

846 3413 1209 3483 stantinopoli
1246 3414 1403 3468 fidem
1439 3413 1644 3468 Nicaeni
1678 3403 1899 3469 concilii
1933 3419 2332 3486 sequebantur,
2365 3427 2422 3473 et

850 3523 958 3562 una
986 3521 1114 3562 cum
1138 3507 1249 3562 illis
1280 3506 1566 3561 Navatiani
1587 3509 1627 3561 ί.
1655 3505 1790 3560 Nam
1818 3522 2011 3564 omnes
2041 3509 2262 3578 quidem
2290 3509 2424 3564 urbe

846 3599 1012 3668 ejici,
1061 3597 1492 3653 Novatianorum
1543 3613 1675 3652 vero
1713 3597 1880 3652 etiam
1923 3599 2190 3655 ecclesias
2241 3599 2422 3654 claudi

851 3693 1151 3760 imperator
1195 3691 1474 3761 praecepit.
1508 3688 1614 3743 Alii
1639 3688 1788 3745 enim
1831 3704 1940 3744 non
1971 3689 2247 3745 habebant
2279 3689 2422 3758 quod

849 3784 1160 3840 clauderet:
1191 3783 1399 3852 quippe
1427 3781 1540 3852 jam
1568 3781 1779 3852 pridem
1806 3791 2073 3852 regnante
2103 3781 2425 3838 Constantio

846 3877 1117 3949 ademptae
1150 3878 1234 3933 eis
1279 3877 1501 3932 fuerant
1547 3873 1819 3931 ecclesiae.
1861 3873 1968 3930 Sed
1997 3883 2054 3929 et
2084 3875 2333 3945 Agelium
2359 3890 2426 3931 eo

843 3986 1094 4040 tempore
1145 3968 1343 4024 exsilio
1394 3967 1722 4023 damnavit:
1755 3967 1851 4036 qui
1897 3967 2008 4036 jam
2057 3966 2185 4021 inde
2215 3981 2247 4020 a
2279 3967 2424 4022 Con-

842 4064 1037 4118 stantii
1062 4063 1425 4132 temporibus,
1452 4059 1885 4115 Novatianorum
1915 4058 2172 4114 Ecclesia
2191 4068 2424 4130 praeerat

846 4154 1354 4225 Constantiimpoli,
1385 4161 1442 4209 et
1479 4151 1718 4208 mirabili
1751 4149 1987 4222 quadam
2030 4151 2246 4207 ratione
2267 4151 2424 4220 juxta

847 4253 995 4322 leges
1025 4238 1433 4305 ecclesiasticas
1457 4247 1642 4302 vivere
1669 4246 1973 4303 dicebatur.
2028 4243 2162 4299 Nam
2192 4247 2335 4316 quod
2369 4248 2424 4300 in

853 4341 1201 4412 philosophia
1232 4339 1568 4410 praecipuum
1603 4346 1710 4401 est,
1750 4353 1780 4391 a
1813 4337 2166 4408 pecuniarum
2201 4353 2424 4406 posses-

852 4438 1008 4492 sione
1050 4449 1268 4504 semper
1299 4433 1515 4488 alienus
1550 4432 1706 4495 vixit,
1749 4430 1976 4500 ejusque
2025 4429 2238 4482 vivendi
2283 4431 2428 4484 ratio

848 4530 904 4583 id
935 4530 1073 4583 satis
1103 4527 1458 4592 declarabat;
1497 4524 1751 4579 utebatur
1781 4524 1926 4579 enim
1959 4521 2191 4591 simplici
2216 4523 2425 4588 tunica,

961 4706 974 4735 '
1007 4704 1168 4758 Socr.
1197 4705 1286 4760 tib.
1329 4719 1403 4768 iv,
1435 4717 1483 4755 «ξ.
1517 4701 1570 4754 9.

3133 3007 3382 3060 ΚΕΦΑΛ.
3423 3006 3498 3061 8⁸.

2527 3097 2658 3151 Ὀτι
2730 3095 2928 3165 κακῶς
2985 3097 3121 3152 τότε
3180 3098 3470 3169 ἔπασχον,
3515 3099 3568 3150 οἱ
3611 3096 3726 3169 τὴν
3768 3098 3837 3151 ἐν
3883 3099 4105 3164 Nimia

2594 3169 2804 3222 πίστιν
2849 3169 3283 3236 πρεσϐεύοντες
3317 3168 3350 3200 ·⁷
3382 3168 3479 3222 καὶ
3513 3168 3647 3237 περὶ
3688 3169 3955 3238 Ἀτελιόυ
3991 3169 4104 3224 τοῦ

2449 3242 2490 3301 C
2595 3239 2715 3292 τῶν
2744 3238 3133 3293 Ναυατιανῶν
3157 3239 3514 3309 ἀρχομένου.

2593 3330 2999 3402 Παραπλησίων
3029 3330 3087 3383 δέ
3115 3331 3301 3384 κακῶν
3324 3331 3620 3400 ἐπειρῶντο
3647 3333 3696 3384 οί
3724 3331 3782 3384 ἐν
3809 3331 4105 3384 Κωνσταν-

2521 3421 2824 3474 τινουπόλει
2876 3412 3274 3492 πρεσϐεύοντες
3310 3420 3374 3473 τὸ
3419 3421 3599 3490 δόγμα
3640 3420 3749 3472 τῶν
3792 3421 3850 3474 ἐν
3891 3421 4105 3491 Nqu.

2525 3511 2912 3577 συνελθόντων,
2961 3513 3058 3566 σὺν
3085 3512 3270 3574 αὐτοῖς
3295 3512 3352 3566 δὲ
3390 3513 3484 3566 καὶ⁵
3512 3513 3562 3565 οἱ
3591 3513 3659 3566 τὰ
3690 3511 3941 3565 Ναυάτου
3967 3529 4105 3582 ιῖιροε⁵

2524 3604 2760 3668 νοῦντες.
2821 3604 2933 3658 Καὶ
2982 3606 3190 3669 πάντας
3237 3605 3335 3675 μὲν
3369 3603 3687 3658 ἐλαύνεσθαι
3712 3606 3812 3675 τῆς
3845 3605 4056 3666 πόλεως
4087 3621 4101 3632 ·

2525 3697 2882 3752 Ναυατιανῶν
2947 3697 3006 3752 δέ
3061 3699 3156 3752 καὶ
3203 3698 3302 3760 τὰς
3358 3697 3652 3768 ἐκκλησίας
3710 3698 4104 3752 ἀποκλείεσθαι

2525 3790 2856 3862 προσέταξεν
2888 3793 2918 3844 ό
2947 3788 3218 3860 βασιλεύςο
3244 3788 3354 3842 τῶν
3378 3790 3435 3843 δὲ
3464 3789 3636 3842 ἄλλων
3668 3791 3766 3843 οὐκ
3797 3788 3940 3862 εἶχεν
3979 3792 4006 3843 ὅ
4044 3809 4100 3843 τι

2524 3881 2896 3936 ἀποκλείσειεν
2919 3897 2935 3914 ο
2985 3881 3086 3952 ήδη
3123 3881 3233 3951 γὰρ
3259 3880 3519 3952 πρότερον
3547 3881 3640 3933 ἐπὶ
3670 3881 3767 3951 τῆς
3805 3883 4100 3935 Κωνσταν-

2523 3975 2640 4027 τίου
2669 3973 2945 4044 βασιλείας
2971 3972 3269 4045 ἀφῄρηντο.
3315 3971 3389 4025 Οὐ
3428 3972 3534 4043 μὴν
3559 3971 3692 4024 ἀλλὰ
3721 3974 3814 4026 καὶ
3854 3973 4102 4040 Ἀγὲλιον

2525 4067 2646 4119 τότε
2685 4067 2766 4129 εἰς
2807 4064 3108 4135 ὑπερορίαν
3145 4063 3325 4134 φυγὴν
3355 4063 3706 4117 κατεδίκασεν
3733 4081 3747 4094 υ
3797 4064 3855 4126 ὃς
3892 4067 3957 4118 ἐκ
3988 4066 4104 4118 τῶν

2526 4158 2902 4212 Κωνσταντίου
2951 4156 3156 4227 χρόνων
3195 4157 3379 4226 ἠγεῖτο
3416 4156 3473 4207 ἐν
3503 4156 3907 4209 Κωνσταντίνου
3944 4158 4104 4212 πόλει

2525 4250 2622 4319 τῆς
2645 4247 2998 4301 Ναυατιανῶν
3035 4246 3376 4316 Ἐκκλησίας.
3409 4245 3656 4315 Ἐλέγετο
3677 4247 3731 4300 δὲ
3750 4248 3829 4300 ὅτι
3863 4248 4104 4317 μάλιστα

2527 4337 2847 4407 θαυμασίως
2879 4336 3256 4390 πολιτεύεσθαι
3295 4337 3435 4390 κατὰ
3463 4337 3588 4400 τοὺς
3617 4337 4100 4408 ἐκκλησιαστικοὺς

2527 4430 2722 4498 νόμους
2748 4445 2762 4460 ο
2813 4430 2843 4483 ό
2872 4428 2928 4481 δέ
2957 4427 3070 4497 βίος
3100 4423 3167 4497 ἤν
3199 4427 3366 4498 αὐτῷ,
3395 4427 3552 4481 τοῦτο
3576 4428 3640 4499 δὴ
3671 4429 3734 4482 τὸ
3774 4425 4008 4500 προῦχον
4039 4432 4104 4481 ἐν

2529 4520 2848 4592 φιλοσοφίᾳ,
2904 4519 3148 4591 κτήσεως
3192 4521 3490 4592 χρημάτων
3539 4521 3820 4594 ἐλεύθερος
3847 4539 3864 4556 ο
3919 4525 4016 4576 καὶ
4063 4524 4101 4592 ἡ

2017 4862 2282 4920 VALESII
2326 4863 2872 4923 ANNOTATIONES.

929 5005 1036 5072 «66)
1075 5004 1190 5057 τινὶ
1219 5001 1422 5057 πειθοῖ.
1453 4999 1793 5070 Nicephorus
1828 4999 1882 5052 in
1926 4999 2032 5072 _lib.
2073 5014 2132 5072 ll,
2184 5013 2304 5068 cap.
2359 4998 2412 5059 5,
2451 5002 2492 5056 D
2519 5003 2687 5058 Creter

2359 4998 2412 5059 5,
2451 5002 2492 5056 D
2519 5003 2783 5058 C:cterum
2808 5003 3039 5056 libenter
3077 5002 3240 5071 hujus
3270 5001 3370 5072 loci
3404 4999 3810 5056 distinctionem
3851 5011 4098 5057 mutave-

853 5069 1043 5127 mcem
1087 5073 1238 5127 addit
1261 5075 1362 5127 hoc
1391 5073 1550 5126 modo
1577 5069 1750 5124 πειθοί
1776 5088 1882 5123 τινι
1921 5069 2192 5139 δαιμονία,
2227 5079 2285 5123 ιιι
2310 5073 2414 5123 sci-

855 5147 979 5197 licet
1005 5147 1220 5212 phrasis
1242 5153 1390 5198 esset
1415 5143 1734 5212 elegantior.

927 5207 1037 5284 (67-)
1087 5216 1395 5284 ‘Elevm'ou
1423 5207 1791 5284 ἐξέλθόντος.
1819 5209 2040 5284 Rectius
2075 5208 2214 5278 apud
2261 5207 2422 5263 Nice-

855 5282 1085 5355 phorum
1136 5286 1334 5355 legitiir
1353 5282 1709 5355 ἐξελαθέντος.
1734 5282 1906 5355 Quam
1927 5283 2266 5355 scripturam
2290 5296 2423 5334 con-

855 5349 1037 5410 iiruiat
1057 5349 1221 5410 codex
1269 5353 1505 5416 Fukctii,
1555 5354 1611 5406 in
1640 5367 1749 5422 quo
1806 5350 2002 5422 legitur
2041 5349 2420 5421 ἐξηλαθέντος.

2530 5077 2628 5127 rim
2657 5080 2709 5128 in
2735 5074 2877 5127 hunc
2905 5075 3122 5144 modum
3151 5092 3162 5126 :
3190 5073 3272 5144 di;
3291 5071 3345 5124 δὲ
3379 5072 3721 5144 είς-,Κύζικον
3735 5073 4101 5144 παρεγένετο,

2530 5145 2915 5215 προστάγματι
2948 5142 3062 5215 τοῦ
3095 5142 3356 5215 βασιλέως
3415 5141 3688 5215 Ἐλευσίου
3728 5141 4098 5215 ἐξελαθέντος.

2529 5210 2692 5295 quam
2717 5210 3124 5270 distinctionem
3149 5211 3435 5269 confirmat
3482 5210 3822 5281 Nicephorus
3874 5214 3929 5266 iu
3981 5213 4105 5267 loco

2532 5293 2724 5339 citato.

2291 5524 2679 5580 VARIORUM.

927 5682 954 5708 ο
990 5662 1809 5737 XsspororriEua-611107.50
1850 5661 2096 5737 Valente,
2126 5663 2305 5734 inquit
2332 5663 2423 5737 hic

858 5734 1212 5796 SJanllt‘lllls.
1246 5739 1329 5790 cui
1365 5735 1637 5790 consentit
1671 5735 1945 5796 Socrates.
1979 5736 2071 5788 lib.
2103 5750 2177 5797 iv,
2210 5750 2332 5803 cap.
2368 5734 2420 5800 7;

857 5827 908 5868 n‘.
937 5812 1302 5866 'l‘Iu-odoi-itus
1338 5807 1506 5872 Πίσῃ,
1547 5806 1642 5861 lib.
1678 5821 1740 5870 ιι,
1766 5820 1886 5874 cap.
1919 5805 2010 5870 27,
2038 5815 2088 5860 ct
2113 5804 2420 5861 Pliilostor-

2529 5663 2672 5734 gius,
2703 5663 2797 5716 lin.
2835 5679 2887 5734 v,
2936 5677 3056 5734 cap.
3095 5662 3173 5734 5,,
3202 5675 3350 5730 eum,
3384 5660 3710 5719 Constantio
3760 5661 4095 5731 imperante,

2529 5733 2841 5788 Ordinatum
2865 5733 3038 5790 fuisse
3061 5733 3302 5788 tradunt.
