4452 6598
356 452 502 507 1317
1322 444 1643 505 HISTORIA
1676 438 2239 507 ECCLESIASTICA.
2278 482 2346 495 -—
2388 452 2512 508 LIB.
2558 452 2648 508 VI.
3480 456 3623 511 1:418

352 568 557 640 ἀγωγὴ
583 567 792 622 ἐδείκνυ
818 582 832 597 '
869 566 952 621 ἐνί
971 584 1030 621 τε
1060 565 1170 637 γὰρ
1202 567 1435 638 χιτωνίῳ
1464 567 1683 637 ἐχρῆτο,
1716 565 1809 619 καὶ
1826 565 1949 638 δίχα
1978 573 2022 631 Α
2049 576 2105 623 et

1860 567 1949 638 ίχα
1978 573 2022 631 Α
2049 576 2105 623 et
2133 569 2342 641 absque
2372 571 2576 626 calceis
2604 577 2870 641 perpetuo
2903 568 3211 625 incedebat.
3256 571 3404 626 idem
3436 580 3615 627 tanwn

357 660 731 731 ὑποδημάτων
756 660 843 713 ἀεὶ
867 656 1115 723 ἐϐάδιζεν
1140 674 1154 688 ⁶
1205 659 1267 711 οὺ
1296 658 1477 729 πολλῷ
1504 659 1563 713 δὲ
1588 659 1815 730 ὕστερον
1846 662 1946 715 αύ-

357 753 457 816 τδς
487 750 817 823 μετεκλήθη,
858 749 953 804 καὶ
986 749 1085 813 τὰς
1124 748 1214 802 ὑπ’
1242 750 1405 803 αὐτὸν
1447 751 1773 822 Ἐκκλησίας
1834 753 1943 806 ἀπ-

363 843 565 907 έλαϐε,
603 843 698 895 καὶ
740 840 912 903 ἀδεῶς
972 838 1347 908 ἐκκλησίαζεν.
1414 841 1594 906 Atrio;
1637 843 1695 898 δὲ
1742 844 1947 899 τούτων

359 932 682 999 Μαρκιανός
707 948 819 993 τις·
857 929 917 994 δς
943 929 1037 982 ἐπὶ
1064 928 1163 999 βίῳ
1186 929 1279 982 καὶ
1306 928 1484 999 λόγοις
1514 931 1943 1005 θαυμαζόμενος,

361 1022 537 1077 πάλαι
587 1023 685 1093 μὲν
730 1022 788 1075 ἐν
813 1024 925 1085 τοῖς
955 1021 1243 1092 βασιλείοις
1289 1023 1683 1094 ἐστρατεύετο·
1727 1025 1849 1079 τότε
1889 1026 1949 1080 δέ

366 1114 738 1186 πρεσὸύτερος
762 1112 838 1167 ὣν
862 1114 961 1185 τῆς
986 1114 1347 1169 Ναυατιανῶν
1373 1115 1658 1186 αίρέσεως,
1692 1133 1950 1189 γράμμα·

362 1207 555 1270 τικοὺς
592 1206 783 1275 λόγους
825 1205 1131 1271 ἐξεδίδασκε
1163 1206 1263 1271 τὰς
1307 1206 1571 1277 βασιλέως
1614 1209 1945 1279 θυγατέρας,

382 1298 741 1355 ’Δναστασίαν
786 1313 847 1350 τε
879 1298 975 1352 καὶ
1004 1298 1278 1371 Καρῶσαν
1317 1295 1468 1369 (68)·
1514 1292 1589 1352 ὧν
1636 1298 1805 1353 είσέτι
1855 1299 1950 1354 νῦν

368 1394 635 1465 ἐπώνυμα
664 1391 864 1463 λουτρὰ
900 1390 1043 1445 κατὰ
1069 1391 1171 1463 τὴν
1210 1391 1778 1445 Κωνσταντινούπολίν
1811 1394 1948 1449 ἐστι.

368 1486 472 1539 Διά
495 1486 605 1557 γάρ
627 1486 724 1556 τὴν
754 1485 889 1554 πρὸς
913 1483 1076 1539 αὐτὸν
1096 1483 1228 1537 αίδῶ
1250 1485 1347 1539 καὶ
1364 1484 1546 1557 χάριν,
1575 1485 1755 1556 μόνοις
1772 1486 1949 1541 Ναυα-

369 1582 577 1642 τιανοῖς
610 1579 680 1633 τὰ
711 1576 977 1648 είρημένα
1011 1575 1244 1648 ὑπῆρξε.

992 1754 1243 1811 ΚΕΦΑΛ.
1286 1755 1343 1810 I'.

372 1846 1044 1926 nspl‘Obagaanar-oii
1070 1845 1428 1926 ‘roﬁ‘réovx
1440 1844 1537 1899 καί
1571 1846 1904 1926 Teanum?
1933 1863 1947 1879 .

2046 659 2195 715 haud
2236 662 2407 719 multo
2443 670 2567 733 post
2627 662 2697 717 ab
2742 664 2936 718 exsilio
2978 670 3305 727 revocatus,
3354 663 3621 718 ecclesias

2047 768 2178 809 suas
2222 754 2451 824 recepit,
2491 763 2545 808 et
2573 754 2837 809 collectas
2878 755 3050 809 libere
3091 754 3411 809 celebravit.
3446 754 3619 822 Cujus

2047 844 2128 898 rei
2158 857 2381 900 causam
2420 843 2651 914 praebuit
2697 842 3013 899 Marcianus
3058 842 3279 912 quidam
3306 883 3321 907 ,
3372 842 3455 895 vir
3502 848 3619 894 tum

2047 934 2120 989 ob
2169 934 2293 989 vitae
2342 934 2737 1006 integritatem,
2777 941 2892 987 tum
2942 933 3011 987 ob
3040 933 3349 987 doctrinam
3385 932 3622 985 admira-

2049 1027 2202 1083 bilis.
2250 1026 2354 1093 Qui
2408 1026 2565 1097 prius
2612 1024 2837 1096 quidem
2890 1024 2945 1078 in
2995 1024 3197 1094 palatio
3238 1023 3619 1076 militaverat:

2048 1128 2181 1175 tunc
2220 1134 2352 1175 vero
2393 1118 2826 1174 Novatianorum
2875 1126 3037 1173 sectae
3084 1117 3372 1187 presbyter
3418 1113 3621 1177 factus,

2048 1209 2399 1266 Anastasiam
2457 1218 2511 1264 et
2562 1209 2825 1264 Carosam
2879 1208 3229 1279 imperatoris
3279 1206 3439 1271 ﬁlias,
3486 1208 3623 1262 artis

2050 1301 2428 1372 grammaticae
2468 1300 2753 1372 praeceptis
2781 1298 3102 1365 erudiebat;
3139 1313 3371 1369 quarum
3404 1298 3626 1353 nomine

2050 1394 2243 1449 balnea
2274 1392 2522 1464 quaedam
2558 1391 3039 1461 Constantinopoli
3087 1390 3389 1445 etiamnum
3440 1388 3624 1458 appel-

2049 1486 2253 1541 lantur.
2304 1486 2384 1541 0b
2419 1485 2585 1555 hujus
2622 1486 2771 1541 enim
2822 1484 2926 1538 viri
2972 1483 3357 1538 auctoritatem
3405 1489 3459 1536 et
3503 1495 3627 1551 gra-

2051 1580 2218 1643 tiam,
2266 1592 2330 1635 ea
2387 1592 2511 1650 quae.
2566 1577 2732 1633 modo
2772 1577 2923 1641 dixi,
2984 1574 3307 1630 Novatianis
3359 1587 3626 1627 concessa

2049 1675 2198 1723 sunt.

2751 1758 2859 1811 AP.
2897 1755 2967 1811 Χ.

2751 1758 2859 1811 ΑΡ.
2897 1755 2967 1811 Χ.

2056 1848 2127 1902 De
2159 1847 2528 1902 Valentiniano
2572 1755 2795 1901 Junifre
2831 1857 2881 1901 et
2910 1846 3189 1907 Gratiano,
3218 1853 3267 1899 et
3297 1843 3360 1898 de
3382 1859 3629 1913 persecu-

444 1906 542 1971 ἇιαι
575 1919 706 1987 περὶ
744 1916 851 1972 τοῦ
881 1914 1366 1987 κατὰ-Ούᾴᾼεντα
1393 1906 1653 1987 διωγμοῦ
1671 1931 1685 1946 ⁸
1729 1916 1827 1970 καὶ
1860 1917 1947 1969 ὅτι
1982 1906 2024 1965 Β
2122 1920 2197 1972 tio

1869 1917 1947 1969 ὅτι
1982 1906 2024 1965 Β
2122 1920 2261 1972 tione
2280 1935 2311 1971 a
2344 1918 2558 1987 Valente
2578 1919 2829 1978 excitata,
2853 1926 2900 1970 et
2917 1906 3542 1987 quomodoflomousiani
3563 1914 3627 1965 ab

444 1991 495 2042 οί
542 1990 607 2041 τὸ
645 1984 978 2053 ’ὁμοούσιον
1025 1984 1398 2050 δοξάζοντες.
1435 1984 1551 2039 ὑπὸ
1582 1984 1699 2038 τῶν
1737 1988 1946 2053 Ἀρεια-

444 2056 567 2110 νῶν
602 2053 699 2111 καί
726 2053 1187 2111 Μακεδονιανῶν
1214 2054 1625 2125 ἐλαυνόμενοι,
1656 2056 1807 2124 πρὸς
1836 2055 1951 2125 τὴν

455 2126 686 2196 Ῥώμην·
713 2127 1243 2194 διαπρεσϐεύωνται
1278 2124 1418 2194 (69).

457 2217 595 2271 Ὑπὸ
626 2217 684 2270 δὲ
713 2217 902 2273 τοῦτον
936 2218 1030 2272 τὸν
1055 2216 1269 2288 χρόνον,
1310 2214 1600 2286 ὁμώνυμος
1636 2213 1714 2285 τῷ
1746 2213 1954 2285 βασιλεῖ

374 2307 805 2379 Οὐαλεντινιανῷ
858 2308 1070 2376 γίνεται
1123 2310 1253 2371 παῖς
1300 2306 1443 2361 κατὰ
1495 2307 1595 2378 τὴν
1626 2306 1828 2362 Δύσιν·
1888 2308 1950 2361 οὐ

374 2398 555 2470 πολλῷ
581 2399 638 2453 δέ
680 2398 926 2468 ὕστερον,
958 2400 1050 2453 καὶ
1085 2398 1378 2471 Γρατιανὺς
1414 2398 1472 2451 ὃν
1505 2398 1613 2467 πρὸ
1648 2400 1750 2469 τῆς
1778 2399 1951 2470 ἀρχῆς

372 2489 509 2563 εἶχε,
534 2492 828 2546 καθίστατο
860 2492 1129 2563 βασιλεύς.
1167 2493 1257 2546 Ἐν
1282 2491 1453 2562 τούτῳ
1473 2491 1549 2555 δὲ,
1580 2492 1783 2562 καίπερ
1804 2492 1953 2561 παρὰ

372 2584 438 2636 τὸ
470 2583 660 2647 εἰωθὸς
684 2583 926 2655 χαλάζης
954 2584 1228 2655 ἐμφεροῦς
1258 2585 1425 2649 λίθοις
1455 2588 1513 2638 ἐν
1537 2586 1750 2650 πολλοῖς
1770 2587 1953 2650 τόποις

376 2674 835 2746 καταρραγείσης,
857 2674 953 2727 καὶ
980 2674 1250 2745 μεγίστων
1277 2674 1539 2745 σεισμῶν,
1573 2674 1761 2740 ἄλλαις
1780 2692 1839 2728 τε
1864 2676 1956 2729 πό⁴

373 2765 511 2829 λεσι,
549 2765 641 2817 καὶ
672 2765 877 2837 Νικαία
902 2767 967 2837 τῇ
1002 2765 1239 2819 Βιθυνῶν
1265 2767 1345 2829 είς
1374 2766 1512 2836 άγαν
1534 2766 1952 2837 λυμηναμένων,

374 2858 474 2910 οὐκ
500 2856 807 2911 ἐπαύσαντο
837 2857 1048 2929 Οὐάλης
1076 2874 1137 2910 τε
1174 2859 1203 2911 ὁ
1237 2856 1487 2927 βασιλεὺς
1518 2858 1612 2912 καὶ
1650 2859 1899 2924 Εύδόξιος
1926 2858 1956 2911 ὁ

376 2950 692 3015 ἐπίσκοπος,
730 2950 855 3014 τοὺς
885 2950 1086 3021 ἑτέρως
1126 2951 1307 3015 αὐτοῖς
1339 2950 1660 3017 δοξάζοντας
1700 2953 1957 3022 Χριστια-

376 3044 499 3105 νοὺς
534 3040 905 3104 ὲκδιώκοντες.
938 3042 1050 3095 Καὶ
1077 3043 1211 3113 πρὸς
1248 3043 1346 3113 μὲν
1372 3042 1499 3106 τοὺς
1525 3042 1808 3114 ὁμοδόξους
1842 3045 1956 3107 τοῖς

377 3134 435 3184 ἐν
462 3132 666 3203 Νικαίᾳ
695 3131 1056 3199 συνελθοῦσιν,
1098 3134 1271 3186 ἐδόκει
1306 3151 1426 3196 πως
1457 3134 1640 3197 αὐτοῖς
1680 3132 1957 3203 κατορθῶ-

2118 1988 2339 2071 Arionis
2369 1998 2418 2042 et
2449 1986 2845 2041 Macedonianis
2872 1984 3149 2057 exagitati,
3180 1984 3404 2039 Romam
3431 1985 3629 2054 legatos

2120 2074 2325 2113 misere.

2139 2214 2244 2269 Per
2290 2213 2433 2269 idem
2486 2221 2706 2284 tempus
2768 2212 3089 2284 imperatori
3145 2211 3532 2268 Valentiniano
3576 2214 3636 2267 in

2052 2304 2370 2359 Occidentis
2397 2305 2645 2373 partibus
2685 2312 2844 2359 natus
2873 2312 2957 2359 est
2997 2304 3143 2359 ﬁlius
3175 2304 3421 2373 ejusdem
3455 2305 3636 2359 nomi-

2054 2393 2198 2448 nis‘.
2242 2392 2354 2448 Nec
2394 2395 2569 2448 multo
2599 2402 2723 2463 post
2759 2393 3078 2454 Gratianus,
3109 2409 3270 2463 quem
3300 2404 3427 2448 ante
3463 2394 3638 2464 impe-

2054 2486 2193 2539 rium
2226 2494 2567 2556 susceperat,
2595 2486 2877 2555 Augustus
2898 2486 2966 2540 ab
2997 2486 3117 2557 ipso
3146 2496 3229 2541 est
3262 2496 3631 2557 nuncupatus.

2053 2578 2261 2633 Eodem
2311 2586 2582 2649 tempore,
2620 2579 2751 2634 licet
2793 2578 3004 2649 grando
3051 2580 3327 2635 inusitatae
3359 2580 3638 2650 magnitu-

2053 2668 2201 2723 dinis
2230 2668 2410 2722 instar
2440 2667 2683 2739 lapidum
2730 2668 2921 2723 multis
2963 2668 3018 2722 in
3055 2668 3196 2723 locis
3227 2668 3542 2735 cecidisset,
3581 2676 3637 2722 et

2055 2761 2370 2830 gravissimi
2398 2768 2558 2815 terrai
2578 2768 2760 2815 motus
2798 2767 2912 2815 tttm
2942 2760 3080 2816 alias
3115 2762 3305 2827 urbes,
3344 2769 3459 2815 tum
3495 2776 3637 2831 pra:-

2055 2854 2480 2927 cipue.Nicazam
2512 2856 2861 2921 evertissent,
2892 2856 3049 2927 231
3086 2856 3287 2912 Valens
3320 2866 3499 2913 tamen
3533 2873 3637 2911 Im-

2056 2957 2280 3019 perator
2310 2956 2366 3004 et
2399 2948 2685 3005 Eudoxius
2712 2949 3029 3021 episcopus,
3072 2950 3415 3006 Christianos
3443 2953 3537 3021 qui
3569 2951 3643 3007 ab

2061 3042 2199 3111 ipsis
2236 3042 2622 3105 dissentirent,
2653 3043 2910 3112 persequi
2941 3057 3050 3096 non
3081 3052 3392 3098 cessarunt.
3419 3043 3485 3098 Et
3517 3044 3640 3115 qui-

2058 3132 2183 3188 dem
2220 3134 2485 3188 adversus
2510 3148 2607 3188 eos
2640 3132 2733 3203 qui
2778 3131 3126 3189 Nicandrum
3160 3135 3473 3190 antistitum
3514 3151 3643 3191 sen-

380 3241 466 3277 σαι
490 3224 550 3277 τὸ
584 3226 1034 3295 σπουδαζόμενον.
1087 3225 1177 3280 Ἐν
1218 3224 1331 3294 γὰρ
1380 3225 1458 3296 τῷ
1492 3226 1694 3280 πλείονι
1723 3227 1823 3297 τῆς
1852 3225 1957 3279 ὑπὸ
1984 3246 2023 3299 ε
2060 3233 2138 3280 ten

1880 3225 1957 3279 ιπὸ
1984 3246 2023 3299 ε
2060 3227 2287 3280 tentiam
2334 3226 2729 3295 sequebantur,
2778 3240 2871 3281 res
2906 3226 3045 3296 ipsis
3077 3227 3365 3282 videbatur
3404 3243 3469 3282 ex
3509 3244 3638 3283 sen-

378 3315 670 3379 Οὐάλεντος
702 3316 1045 3387 ἀρχομένης,
1096 3318 1190 3371 καὶ
1225 3319 1460 3389 μάλιστα
1490 3317 1597 3375 ἀνά
1640 3334 1702 3371 τε
1733 3317 1955 3391 Θρᾴκην

376 3408 470 3461 καὶ
524 3407 775 3462 Βιθυνίαν
826 3408 920 3462 καὶ
984 3408 1415 3481 Ἑλλήσποντον,
1473 3409 1568 3464 καὶ
1618 3409 1701 3463 ἔτι
1752 3410 1956 3465 τούτων

376 3499 747 3571 προσωτέρω,
796 3498 920 3553 οὕτε
975 3500 1307 3573 ἐκκλησίας,
1369 3500 1493 3555 οὔτε
1558 3502 1740 3573 ίερέας
1790 3497 1955 3574 εἷχον.

378 3593 519 3663 Πρὸς
539 3591 594 3644 δὲ
608 3593 733 3655 τοὺς
752 3590 821 3645 τά
840 3592 1168 3647 Μακεδονίου
1189 3592 1540 3665 φρονοῦντας,
1562 3594 1959 3659 πολυπλασίους

376 3684 555 3739 αὐτῶν
586 3684 747 3748 ὄντας
780 3684 922 3740 κατὰ
950 3686 1067 3740 τόδε
1094 3686 1156 3740 τὸ
1188 3686 1378 3757 κλίμα,
1406 3686 1773 3757 ἐχαλέπαινον
1798 3702 1813 3717 ·
1860 3688 1957 3741 καὶ

374 3777 673 3847 τραπέντες
715 3777 801 3830 ἐπ’
830 3777 1056 3842 αὐτοὺς,
1108 3779 1168 3832 οὐ
1207 3782 1444 3853 μετρίως
1488 3780 1730 3835 ἐδίωκον.
1786 3780 1849 3833 Οί
1875 3778 1954 3847 δὲ,

374 3870 483 3924 δέει
534 3869 641 3923 τῶν
688 3870 1052 3942 ἐπικειμένων
1108 3872 1332 3937 κακῶν,
1391 3874 1956 3945 διαπρεσϐευσάμενοι

376 3963 513 4030 πρὸς
545 3961 807 4033 ἀλλήλους
838 3963 979 4017 κατά
1010 3964 1214 4029 πόλεις,
1244 3966 1465 4037 ἄμεινον
1495 3966 1824 4039 ἐδοκίμασαν
1861 3968 1955 4022 ἐπὶ

377 4057 819 4111 υύαλεντινιανὺν
851 4059 947 4113 κα)⁸
980 4059 1072 4112 τὸν
1117 4059 1402 4131 Ῥωμαίων
1449 4061 1747 4115 ἐπίσκοπον
1788 4078 1957 4115 καταο

378 4150 591 4217 φυγεῖν,
625 4149 899 4215 κάκείνοις
932 4150 1132 4221 μᾶλλον
1166 4150 1305 4223 (69⁸)
1336 4153 1368 4224 ἢ
1398 4152 1633 4223 Εύδοξίῳ
1680 4153 1775 4206 καὶ
1815 4154 1959 4208 Οὐά-

377 4237 520 4293 λεντι
570 4241 663 4294 καὶ
707 4244 820 4305 τοῖς
863 4242 1001 4313 ἀμφ’
1027 4243 1224 4307 αὐτοὺς
1266 4248 1541 4298 κοινωνεῖν
1570 4245 1672 4315 τῆς
1701 4245 1956 4310 πίστεως.

378 4333 485 4386 Καὶ
529 4333 652 4387 ἐπεὶ
682 4334 809 4388 τάδε
858 4334 1041 4398 καλῶς
1082 4334 1227 4406 ἔχειν
1278 4336 1491 4402 ἔδοξεν,
1547 4327 1830 4409 αἱροῦνται
1869 4338 1960 4392 ἐπὶ

374 4425 585 4491 τούτοις
610 4429 763 4498 τρεῖς
794 4426 853 4493 ἐξ
881 4428 1080 4493 αὐτῶν,
1128 4429 1425 4485 Εύστάθιόν
1469 4448 1529 4485 τε
1568 4431 1663 4485 τὸν
1695 4432 1760 4485 ἐκ
1788 4431 1958 4485 Σεϐα-

2062 3318 2233 3372 tentia
2284 3317 2633 3387 aliquatenus
2688 3316 3003 3373 succedere.
3054 3317 3267 3373 Etenim
3319 3320 3527 3388 majore
3582 3320 3640 3375 in

2063 3421 2217 3482 parte
2264 3410 2478 3481 imperii
2527 3408 2799 3476 Valentis,
2851 3425 2917 3465 ac
2956 3412 3231 3482 prmeipue
3277 3411 3332 3465 in
3384 3410 3641 3476 Thracia,

2062 3503 2339 3575 Bithynia,
2372 3500 2742 3572 Hellesponto,
2772 3509 2828 3557 et
2848 3502 2903 3557 in
2930 3502 3290 3556 ulterioribus
3320 3503 3641 3572 provinciis,

2064 3597 2117 3651 bi
2151 3610 2251 3650 nec
2283 3593 2549 3649 ecclesias
2596 3593 2871 3648 habebant
2918 3608 3017 3650 nec
3059 3595 3396 3650 sacerdotes.
3434 3594 3645 3651 Adver-

2064 3702 2160 3744 sus
2199 3685 2624 3741 Macedonianos
2654 3701 2807 3750 vero,
2845 3686 2938 3757 qui
2976 3685 3031 3741 in
3065 3686 3178 3743 illis
3212 3687 3460 3758 partibus
3491 3687 3642 3757 ipsos

2062 3779 2415 3835 multitudine
2474 3778 2845 3849 superabant,
2900 3780 3213 3836 vehementi
3266 3781 3647 3852 indignatione

2060 3872 2320 3929 commoti
2373 3881 2525 3935 sunt,
2574 3878 2629 3925 et
2668 3870 2875 3942 impetu
2923 3872 2978 3927 in
3038 3873 3164 3928 illos
3204 3888 3495 3941 converso,
3532 3891 3645 3929 non

2060 3964 2416 4021 mediocriter
2448 3981 2547 4021 eos
2576 3974 2867 4021 vexarunt.
2904 3963 3011 4032 Qui
3056 3966 3491 4037 impendentium
3532 3986 3645 4023 ma-

2065 4058 2241 4113 lorum
2268 4067 2413 4114 metu
2444 4060 2747 4130 perterriti,
2781 4058 2971 4115 missis
3010 4058 3152 4114 inter
3181 4076 3239 4115 se
3270 4076 3366 4130 per
3396 4061 3651 4131 singulas.

2064 4150 2231 4207 urbes
2271 4151 2662 4222 legationibus,
2716 4151 2894 4207 satius
2940 4166 3064 4207 esse
3106 4151 3454 4221 judicarunt,
3487 4161 3546 4207 ut
3575 4154 3645 4208 ad

2064 4242 2510 4299 Valentinianum
2541 4254 2595 4300 et
2630 4242 2696 4298 ad
2729 4242 3049 4314 episcopum
3072 4242 3225 4299 urbis
3249 4242 3436 4300 Romae
3453 4245 3647 4301 confu-

2063 4343 2276 4407 gerent,
2308 4349 2612 4405 eorumque
2641 4334 3019 4390 communioni
3056 4332 3445 4406 iungerentur,
3481 4352 3647 4407 quam

2066 4436 2123 4483 ut
2156 4442 2282 4483 cum
2309 4425 2559 4482 Eudoxio
2585 4434 2640 4482 et
2672 4424 2921 4492 Valente,
2973 4441 3276 4498 eorumque
3304 4428 3557 4495 asseclis,
3591 4430 3647 4482 in

378 4520 561 4583 στείας
601 4519 936 4586 ἐπίσκοπον,
985 4520 1081 4575 καὶ
1131 4521 1386 4577 Σὶλῦανδν
1426 4522 1519 4577 τὸν
1568 4521 1816 4595 Ταρσοῦ,
1864 4522 1959 4578 καὶ
1990 4544 2035 4600 ι)
2065 4519 2136 4575 (10

1890 4522 1959 4577 εαὶ
1990 4544 2035 4600 ι)
2065 4519 2319 4575 doctrina
2353 4517 2478 4574 ﬁdei
2518 4518 3013 4574 communicarent.
3066 4517 3193 4573 Ha‘c
3243 4533 3367 4573 cum
3413 4520 3492 4573 illi
3529 4536 3559 4575 e
3590 4536 3648 4575 re

376 4610 633 4678 Θεόφιλον
664 4610 756 4664 τὸν
789 4612 1186 4677 Καπαὸάλων,
1220 4614 1317 4668 καὶ
1350 4613 1486 4686 πρὸς
1516 4614 1960 4669 Ούαλεντινιανὸν

376 4704 465 4756 τὸν
497 4702 720 4773 βασιλέα
750 4704 1060 4773 πέμπουσι,
1092 4704 1405 4777 γράψαντες
1440 4706 1675 4778 Λιϐερίῳ
1713 4706 1790 4777 τῷ
1829 4707 1961 4760 Ῥω-

382 4795 555 4865 μαίων
601 4796 915 4865 ἐπισκόπῳ,
963 4798 1198 4863 καὶτοῖς
1226 4799 1328 4853 ἀνὰ
1364 4798 1465 4871 τὴν
1494 4799 1658 4852 Δύσιν
1702 4796 1959 4870 ἱερεῦσιν,

377 4883 465 4941 οἷα
492 4887 556 4960 δὴ
588 4888 773 4943 πίστιν
800 4888 1021 4962 δόκιμον
1053 4891 1148 4945 καὶ
1186 4889 1407 4961 βεϐαίαν
1452 4892 1561 4947 ἀπὸ
1588 4891 1696 4947 τῶν
1728 4892 1960 4947 άποστὸα

447 5027 466 5057 ⁸
511 5028 697 5094 Socr.,
729 5029 827 5084 lib.
861 5045 934 5094 ιν,
970 5044 1021 5085 c.
1064 5032 1152 5085 l0.

2068 4626 2168 4666 sua
2201 4608 2317 4665 fore
2359 4608 2709 4673 statuissent,
2752 4619 2867 4665 tres
2900 4606 2968 4662 ad
3011 4608 3065 4663 id
3107 4608 3402 4679 episcopos
3436 4624 3500 4663 ex
3546 4626 3651 4664 suo

2068 4716 2301 4757 numero
2355 4701 2697 4773 delegerunt,
2743 4698 3093 4756 Eustathium
3140 4701 3424 4767 Sebastiar,
3470 4702 3649 4756 Silva-

2068 4812 2200 4852 num
2230 4795 2429 4861 Tarsi,
2474 4804 2529 4851 et
2567 4792 2934 4865 Theophilum
2974 4794 3290 4865 episcopum
3326 4794 3650 4850 Castabalo-

2069 4905 2215 4954 rum,
2251 4904 2458 4960 eosque
2492 4887 2560 4943 ad
2602 4885 3053 4943 Valentinianum
3096 4888 3487 4958 imperatorem
3524 4888 3649 4943 mit-

1620 5137 1880 5194 VALESII
1923 5134 2465 5191 ANNOTATIONES.

448 5262 563 5335 (68)
600 5263 1000 5344 ‘Araatao'lmf
1034 5259 1134 5314 καί
1188 5257 1525 5338 Καρῶσαν..
1563 5252 1705 5338 Idem
1734 5254 1961 5379 .legitur

452 5337 519 5379 ml
554 5334 835 5379 Snnrntmn
865 5351 916 5379 In
950 5334 1043 5379 Ilh-
1078 5347 1150 5379 Iv.
1184 5344 1308 5379 can.
1344 5330 1397 5379 8.
1429 5326 1526 5379 Ubl
1557 5326 1678 5379 Vlde
1701 5342 1746 5379 SI
1779 5342 1812 5379 ῐ)
1840 5332 1960 5379 acet

380 5326 520 5405 apud
544 5326 835 5389 'Socratem
865 5335 918 5387 in
950 5334 1043 5405 lib.
1078 5347 1150 5394 tv,
1184 5326 1308 5405 cap.
1344 5330 1397 5385 8.
1429 5326 1536 5405 Ubi
1557 5326 1759 5405 vide_si_
1779 5326 1960 5395 placet

420 5397 499 5461 uae
537 5406 823 5461 annotavi.
860 5406 924 5458 Et
951 5397 1350 5457 Anastasianas
1404 5399 1627 5470 quidem
1671 5397 1902 5470 balneas
1933 5409 1965 5449 a

428 5478 609 5533 alente
645 5475 944 5531 aediﬁcatas
979 5488 1087 5528 non
1139 5486 1265 5528 esse
1317 5466 1437 5527 illic
1487 5467 1759 5533 ostendi;
1790 5466 1965 5523 Caro-

378 5551 547 5604 siana:
575 5555 756 5602 autem
782 5546 991 5601 balnea:
1021 5560 1050 5597 a
1084 5541 1315 5598 Valente
1345 5548 1676 5597 constructa:
1722 5555 1785 5594 ac
1810 5536 1964 5593 dedi-

379 5630 513 5673 catae
538 5627 689 5681 sunt,
722 5628 916 5687 agente
934 5615 1192 5687 praefecto
1216 5608 1960 5687 urbisyindalonioilagno,

380 5682 879 5761 postconsulatum
911 5682 1159 5761 Gratiani
1187 5695 1268 5761 ter
1295 5682 1698 5761 et_I_3quiti-i,lut
1730 5682 1962 5761 legimus

382 5753 434 5814 in
476 5759 658 5815 Fastis
692 5759 843 5813 Idalii
866 5771 919 5813 ct
948 5760 1001 5812 in
1031 5757 1292 5813 Chronico
1328 5753 1714 5810 Alexandrino.
1764 5753 1961 5809 Verum

382 5832 523 5885 unde
544 5833 625 5885 sic
661 5830 941 5900 appellata:
971 5831 1103 5893 sint,
1136 5829 1404 5900 incertum
1439 5836 1542 5880 est.

450 5902 563 5973 (69)
594 5898 768 5974 Ilujtts
819 5902 1017 5973 capitis
1048 5900 1240 5956 titulus
1280 5898 1421 5955 male
1449 5901 1749 5967 conceptus
1787 5900 1873 5952 est
1924 5908 1953 5948 a

2069 5249 2259 5305 Graeco
2282 5250 2375 5305 illo
2405 5250 3040 5323 scriptoretquirtitulos
3066 5252 3303 5323 capitum
3353 5249 3516 5320 hujus
3550 5250 3651 5308 Ili-

2070 5322 2255 5377 storize
2294 5322 2624 5391 composuit.
2687 5320 2843 5389 Quod
2882 5322 3091 5377 idcirco
3134 5320 3489 5378 'monendum
3526 5339 3655 5379 esse

2068 5393 2224 5459 duxi,
2277 5408 2346 5446 ne
2376 5391 2610 5447 studiosi
2669 5392 2903 5449 lectores
2931 5393 2983 5447 in
3020 5391 3266 5449 fraudem
3326 5394 3652 5450 induceren-

2068 5473 2180 5536 tur,
2206 5477 2417 5533 nosque
2446 5462 2499 5517 id
2556 5462 3132 5536 latuissegcrederent.
3173 5464 3375 5519 Verum
3425 5482 3491 5521 ex
3526 5467 3651 5536 ipso

2070 5535 2377 5609 §osome_no
2412 5533 2646 5609 perspici
2680 5533 2839 5589 facile
2865 5542 3066 5609 potest,
3123 5535 3453 5609 legationem
3496 5533 3652 5591 illam

2067 5604 2427 5661 Orientalium
2452 5606 2850 5678 episcoporum
2867 5604 2933 5660 ad
2958 5604 3237 5662 Liberiuin
3264 5622 3484 5678 papam,
3516 5610 3654 5661 niis-

2064 5691 2181 5730 sam
2244 5692 2368 5731 esse
2416 5690 2445 5728 a
2477 5674 2907 5742 Macedonianis,
2944 5692 3053 5731 non
3077 5674 3656 5734 autent'a'Catholicis

2065 5764 2159 5803 seu
2185 5746 2591 5802 llomousianis.

2131 5817 2263 5888 (69‘)
2298 5818 2565 5884 Κάκείνῳ
2624 5815 2881 5884 μᾶλλον.
2944 5816 3171 5875 Rectius
3230 5819 3284 5873 in
3344 5817 3655 5873 Fukctiano

2060 5890 2251 5947 codice
2284 5889 2551 5961 scriptum
2589 5900 2672 5946 est
2728 5890 3023 5953 κάκείνοις.
3084 5892 3321 5963 Opponit
3361 5891 3507 5947 enim
3545 5888 3649 5943 Va-
