4452 6598
897 431 1042 489 1319

2351 425 2694 486 SOZOMENI

4005 429 4152 485 £399

887 555 1034 616 tunt,
1082 564 1206 604 cum
1235 549 1434 606 litteris
1469 549 1534 606 ad
1567 549 1848 606 Liberium
1895 547 2202 604 Romanum
2245 549 2458 619 episco-
2488 557 2532 614 Α
2561 552 2645 605 λωε

2397 564 2458 604 0-
2488 557 2532 614 Α
2561 552 2665 605 λων
2721 550 2942 622 ἔχουσι,
2999 553 3093 605 καὶ
3148 550 3256 623 πρὸ
3309 551 3418 606 τῶν
3471 550 3684 616 ἄλλων,
3743 552 3994 622 προνοεῖν
4039 549 4150 618 τῆς

887 651 1013 708 pum
1045 644 1100 693 et
1135 637 1204 693 ad
1237 635 1620 695 Occidentales
1652 637 1929 694 antistites
1967 638 2209 709 scriptis,
2259 637 2459 707 quibus

883 742 980 785 eos
1028 730 1414 794 hortabantur,
1448 741 1509 786 ut
1555 732 1764 802 legatos
1803 745 1936 786 suos
1977 730 2128 786 omni
2169 745 2275 799 ope
2304 728 2460 800 adju-

883 830 1099 887 varent,
1131 831 1187 877 et
1219 838 1345 878 cum
1375 823 1483 879 illis
1513 823 1645 893 quid
1677 826 1945 894 agendum
1977 829 2124 878 esset
2157 822 2459 892 perpende-

881 921 1026 980 rent,
1082 922 1136 969 et
1167 923 1367 969 statum
1414 915 1672 970 Ecclesiae
1704 922 1868 985 prout
1912 914 2049 984 ipsis
2098 913 2275 968 visum
2312 918 2460 968 esset

883 1007 1252 1076 eorrigerent;
1291 1007 1489 1077 quippe
1521 1007 1615 1076 qui
1649 1006 1876 1076 probam
1912 1020 1977 1060 ac
2009 1004 2260 1060 stabilem
2297 1003 2456 1058 ﬁdem

883 1098 950 1152 ab
996 1101 1262 1168 apostolis
1309 1100 1566 1154 traditam
1612 1098 1936 1161 retinerent,
1976 1111 2040 1151 ac
2081 1111 2192 1166 pra:
2236 1095 2456 1152 caeteris

880 1191 1138 1245 omnibus
1184 1191 1468 1262 religionis
1511 1205 1701 1245 curam
1735 1205 1925 1262 gerere
1954 1190 2240 1245 deberent.
2280 1187 2347 1241 Et
2377 1189 2456 1243 le-

881 1282 991 1352 gati
1019 1281 1239 1352 quidem
1269 1298 1392 1337 cum
1417 1283 1468 1336 in
1501 1282 1712 1337 ltaliam
1738 1284 2040 1348 venissent,
2073 1282 2454 1351 imperatorem

881 1377 935 1430 in
967 1372 1160 1430 Galliis
1188 1375 1391 1429 morari
1421 1375 1756 1442 didicerunt,
1791 1375 1992 1430 bellum
2030 1381 2304 1445 gerentem
2329 1389 2454 1428 cum

878 1467 1130 1521 barbaris
1160 1481 1255 1521 eas
1298 1468 1696 1523 accolentibus.
1751 1467 2000 1538 Cumque
2055 1466 2193 1537 ipsis
2239 1465 2456 1521 difﬁcile

878 1558 1054 1612 visum
1093 1570 1243 1615 esset
1273 1560 1380 1615 iter
1411 1560 1464 1613 in
1494 1560 1702 1615 Gallias
1736 1567 1959 1630 propter
1989 1558 2213 1622 bellum,
2243 1558 2456 1613 litteras

875 1648 1145 1702 dederunt
1172 1647 1411 1703 Liberio.
1455 1648 1521 1702 Et
1557 1650 1696 1704 inito
1731 1665 1855 1703 cum
1887 1649 1980 1702 illo
2004 1647 2240 1702 consilio
2271 1646 2337 1702 de
2369 1661 2454 1702 re-

876 1738 979 1794 bus
1011 1755 1242 1809 quarum
1300 1754 1468 1795 causa
1512 1741 1666 1796 missi
1722 1739 1960 1804 fuerant,
2005 1740 2198 1797 Arium
2243 1754 2452 1810 eosque

874 1833 964 1900 qui
1004 1831 1145 1886 idem
1178 1847 1302 1886 cum
1350 1832 1443 1886 illo
1482 1832 1754 1888 sentirent
1803 1846 1867 1886 ac
1902 1832 2284 1902 praedicarent.
2322 1849 2449 1889 sen-

2561 641 2854 714 θρησκείας
2882 641 3186 710 ὀφείλουσι,
3228 641 3394 695 παντὶ
3433 639 3610 694 σθένει
3638 639 3996 693 συλλαϐέσθαι
4025 641 4149 702 τοίς

2559 734 2738 788 αὐτῶν
2767 731 3049 804 πρέσϐεσι,
3077 733 3172 786 καὶ
3215 733 3310 786 σὺν
3343 732 3527 796 αὐτοῖς
3559 733 3686 802 περὶ
3712 731 3822 785 τῶν
3846 730 4147 801 πρακτέων

2561 824 2968 896 βουλεύσασθαι,
2999 825 3104 889 ἓως
3133 824 3200 879 ἂν
3230 824 3570 895 δοκιμάσωσι
3602 822 3713 894 (70)
3745 822 4038 895 διορθῶσαι
4070 821 4146 874 τὰ

2558 918 2656 984 τῆς
2685 915 3012 988 Ἐκκλησίας
3040 916 3358 986 πράγματα.
3408 916 3518 968 Καὶ⁸
3558 915 3609 968 οί
3657 914 3775 986 μὲν,
3804 915 3884 977 είς
3906 912 4146 966 Ἰταλίαν

2557 1009 2898 1078 ἀφικόμενοι,
2945 1008 3186 1076 ἔγνωσαν
3217 1007 3310 1060 τὸν
3339 1006 3566 1078 βασιλέα
3616 1007 3696 1069 είς
3741 1005 4005 1059 Γαλατίαν
4055 1002 4148 1055 δι-

2557 1103 2731 1170 άγειν,
2749 1103 2859 1164 τοῖς
2882 1099 3306 1172 παρακειμένοις
3327 1098 3454 1170 τῇδε
3479 1096 3776 1169 βαρὸάροις
3806 1095 4144 1166 μαχόμενον.

2569 1194 2800 1266 ’Λπόρου
2833 1194 2890 1246 δὲ
2926 1193 3185 1262 φανείσης
3215 1193 3397 1254 αὺτοῖς
3443 1191 3542 1262 τῆς
3593 1191 3685 1242 ἐπὶ
3727 1188 3974 1250 Γαλάτας
4015 1186 4144 1240 ὁδοῦ

2554 1287 2640 1340 διὰ
2664 1289 2753 1339 τὸν
2780 1286 3034 1355 πόλεμον,
3064 1285 3270 1338 ἔδωκαν
3301 1282 3540 1353 Διδερίῳ
3569 1282 3680 1352 (Ἡ)
3708 1281 3777 1334 τά
3807 1281 4142 1351 γράμματα.

2556 1378 2961 1449 Κοινωσάμενοί
3017 1393 3079 1430 τε
3145 1376 3275 1448 περὶ
3335 1369 3411 1430 ὧν
3462 1373 3895 1446 ἐπρεσϐεύοντο,
3961 1389 4144 1425 κατα-

2556 1471 2912 1540 γινώσκουσιν
2944 1469 3177 1541 ’Δρείου,
3205 1469 3298 1522 καὶ
3326 1467 3436 1520 τῶν
3467 1467 3667 1537 ὁμοίως
3697 1465 3843 1535 αύτῷ
3873 1463 4140 1534 φρονούν-

2553 1576 2662 1611 των
2691 1559 2782 1612 καὶ
2813 1558 3190 1612 διδασκόντων.
3236 1557 3702 1627 Ἀποκηρύττουσι
3743 1555 3798 1608 δὲ
3830 1556 3921 1608 καὶ
3953 1557 4143 1608 πᾶσαν

2554 1649 2767 1720 αἵρεσιν
2808 1649 3228 1719 ἐναντιουμένην
3277 1651 3341 1718 τῇ
3409 1648 3589 1700 πίστει
3647 1647 3749 1716 τῆς
3810 1649 3867 1699 ὲν
3930 1645 4144 1714 Νικαίᾳ

2555 1739 2770 1792 συνόδου
2799 1755 2812 1770 ·
2865 1737 3048 1792 καὶτὸ
3079 1737 3364 1809 ὁμοούσιον
3406 1737 3577 1808 ὄνομα
3619 1737 3884 1806 δέχονται,
3934 1737 4012 1798 ὡς
4057 1735 4141 1804 τῷ

2552 1831 2724 1902 ὁμοίῳ
2772 1832 2892 1884 κατ’
2924 1831 3114 1884 οὐσίαν
3143 1828 3211 1884 τὰ
3238 1829 3377 1883 αὐτὰ
3408 1831 3690 1900 σημαῖνον.
3731 1829 3822 1892 Ὦς
3844 1828 3901 1881 δὲ
3925 1827 4141 1880 τούτων

875 1896 1042 1976 tentia
1071 1938 1171 1977 sua
1207 1924 1562 1978 damnarunt.
1616 1923 1844 1978 Omnem
1886 1896 2144 1993 praeterea
2195 1924 2444 1980 haeresim
2482 1896 2522 1952 Β
2551 1896 2633 1991 εῂ

2382 1926 2444 1979 im
2482 1896 2522 1952 Β
2551 1896 2827 1993 ἔγγραφον
2848 1921 3134 1992 ὁμολογίαν
3156 1920 3337 1975 αὐτῶν
3366 1896 3524 1974 ἐλαδε
3550 1919 3821 1991 Λιὸέριος,
3844 1918 4140 1987 ἐκοινώνη-

877 2015 1001 2070 ﬁdei
1064 2013 1268 2072 Nicaeni
1332 2018 1559 2073 concilii
1627 2017 2012 2074 adversantem
2074 2016 2444 2088 rejecerunt:

873 2109 1348 2165 cortsubslanlialis
1406 2111 1643 2181 denique
1687 2111 2017 2165 vocabulum
2065 2118 2448 2180 susceperunt,

871 2199 1072 2270 quippe
1107 2200 1253 2270 quod
1284 2200 1426 2256 idem
1454 2200 1794 2271 signiﬁcaret
1820 2201 1966 2272 quod
2007 2199 2208 2255 similis
2248 2214 2447 2254 secun-

871 2291 1002 2347 dum
1058 2293 1447 2348 substantiam.
1519 2291 1724 2347 Harum
1786 2307 1978 2348 rerum
2039 2290 2447 2348 confessionem

871 2383 1096 2452 scriptis
1121 2383 1390 2453 proditam
1417 2399 1540 2438 cum
1575 2382 1831 2440 Liberius
1861 2386 1932 2440 ab
1964 2384 2098 2454 ipsis
2124 2385 2450 2454 accepisset,

871 2491 993 2530 cum
1040 2477 1120 2532 eis
1182 2477 1610 2532 communicavit
1661 2496 1675 2533 :

2553 2028 2644 2067 σεν
2670 2013 2851 2076 αὐτοῖς
2875 2028 2891 2042 ο
2929 2012 3026 2066 καὶ
3053 2015 3166 2075 τοῖς
3191 2010 3531 2082 ἀνατὴνἝω
3557 2011 3874 2074 ἐπισκόποις
3903 2009 4136 2080 ἔγραψε,

2550 2105 2652 2176 τῆς
2699 2104 2949 2176 ὁμονοίας
3001 2105 3096 2158 καὶ
3145 2103 3242 2174 τῆς
3299 2103 3429 2174 περὶ
3471 2102 3532 2156 τὸ
3578 2102 3754 2173 δόγμα
3814 2102 4142 2172 συμφωνίας

2552 2194 2829 2252 ὲπαινῶνο
2882 2192 2978 2247 καὶ
3020 2192 3089 2246 τὰ
3125 2192 3262 2260 πρὸς
3297 2193 3423 2256 τοὺς
3465 2191 3723 2262 πρέσδεις
3766 2192 4140 2262 πεπραγμένα

2553 2288 2843 2359 ἐμήνυσεν.
2873 2282 2982 2339 Ἦν
3013 2285 3070 2339 δὲ
3096 2289 3207 2343 τῶν
3247 2286 3388 2356 ἀμφὶ
3427 2285 3519 2338 τὸν
3548 2284 3843 2339 Εὐστάθιον
3879 2286 3912 2356 ἡ
3940 2284 4139 2354 ὁμολο-

2551 2381 2646 2451 γία
2670 2381 2786 2452 ἥδε.

1726 2478 2058 2549 scripsitque
2116 2479 2331 2533 litteras
2379 2476 2450 2531 ad
2487 2474 2794 2532 Orientales
2844 2474 3160 2542 episcopos,
3196 2472 3266 2527 ob
3307 2473 3662 2527 concordiam
3732 2481 3786 2528 et
3844 2470 3968 2526 ﬁdei
4000 2484 4140 2524 cen-

871 2586 1095 2625 sensum
1147 2585 1244 2624 eos
1295 2569 1564 2637 laudans,
1617 2579 1672 2626 et
1719 2586 1843 2642 quae
1889 2586 2016 2627 eum
2062 2571 2262 2644 legatis
2299 2575 2452 2642 gesta
2488 2576 2668 2634 erant,
2705 2566 2900 2623 iisdem
2933 2565 3282 2636 signiﬁcavit.
3319 2563 3493 2621 Porro
3518 2563 3790 2622 Eustathii
3851 2578 3905 2620 et
3962 2569 4140 2622 colle'

871 2677 1062 2731 garum
1094 2661 1369 2717 confessio
1401 2663 1672 2732 ejusmodi
1702 2663 1824 2720 fuit.

1409 2756 1570 2826 232
1609 2749 1762 2812 CAP.
1803 2755 1896 2811 χι.

873 2845 1160 2919 [quat/iii,
1197 2845 1401 2919 Silvani
1435 2865 1498 2902 ac
1535 2848 1822 2918 Theophili,
1861 2851 1952 2919 qui
1979 2867 2011 2903 a
2040 2848 2440 2905 Hacedom'anis

1081 2918 1150 2971 ad
1187 2917 1454 2974 Liberium
1494 2920 1645 2975 missi
1674 2917 1912 2990 fuerant,
1945 2922 2224 2992 confessio.

869 3067 1096 3142 Domino
1125 3070 1284 3139 fratri
1325 3081 1374 3126 et
1419 3073 1783 3127 comministro
1824 3073 2056 3139 Liberio,
2101 3073 2434 3142 Eustathius,

976 3139 1224 3196 Silvanus
1254 3152 1304 3196 et
1349 3142 1690 3213 Theophilus,
1728 3145 1784 3198 in
1824 3146 2049 3200 Domino
2093 3146 2338 3199 salutem.

945 3296 1172 3368 Propter
1200 3298 1428 3354 insanas
1457 3299 1840 3354 haereticorum
1872 3299 2179 3370 Opiniones,
2209 3299 2304 3372 qui
2338 3299 2444 3355 Ee-

871 3387 1052 3444 clesia:
1095 3389 1380 3443 catholicae
1417 3387 1739 3446 offensionis
1785 3405 2011 3452 causam
2061 3391 2306 3460 praebere
2341 3404 2449 3456 non

871 3488 1114 3545 cessant,
1153 3495 1252 3535 nos
1287 3495 1504 3536 omnem
1539 3482 1648 3538 illis
1680 3483 2034 3539 occasionem
2069 3483 2316 3540 adimere
2353 3498 2455 3539 cu-

872 3570 1106 3641 pientes,
1139 3571 1460 3640 proﬁtemur
1493 3579 1547 3625 et
1596 3587 2001 3638 asseveramus,
2043 3574 2310 3646 synodum
2342 3575 2456 3646 epi-

870 3675 1164 3732 scoporum
1189 3661 1652 3732 Orthodoxorum,
1677 3681 1798 3735 qua:
1823 3665 2108 3737 Lampsaci
2132 3676 2187 3723 et
2208 3668 2456 3740 Smyrnae

875 3756 1109 3825 aliisque
1149 3755 1203 3809 in
1238 3755 1372 3810 locis
1410 3755 1598 3810 habita
1637 3766 1758 3826 est;
1803 3758 1965 3829 cujus
1992 3760 2187 3832 synodi
2225 3761 2454 3832 legatio-

871 3861 996 3900 nem
1032 3846 1322 3908 obeuntes,
1350 3853 1468 3900 tum
1499 3848 1565 3900 ad
1599 3855 1746 3902 tuam
1785 3849 2200 3920 benignitatem,
2242 3860 2355 3905 tum
2382 3853 2450 3906 ad

875 3934 1163 3989 universos
1214 3935 1382 3989 Italia:
1435 3944 1488 3990 et
1537 3937 1851 3995 Occidentis
1897 3941 2186 4010 episcopos
2243 3942 2452 3998 litteras

873 4026 1176 4092 aﬂerimus,
1228 4028 1554 4082 catholicam
1602 4030 1760 4086 ﬁdem
1800 4045 1988 4090 tenere
2037 4043 2092 4090 et
2137 4033 2450 4104 custodire;

871 4134 993 4188 qua:
1051 4119 1105 4174 in
1157 4129 1516 4176 sacrosancta
1587 4125 1798 4194 synodo
1845 4124 2065 4180 Nicena
2110 4128 2453 4198 temporibus

873 4209 1045 4263 beata:
1074 4209 1350 4264 memoriae
1390 4203 1764 4278 Constantini,
1814 4229 1843 4267 a
1877 4217 2139 4277 trecentis
2176 4218 2362 4273 decem
2395 4228 2450 4275 et

872 4307 1000 4353 octo
1056 4297 1325 4354 divinitus
1389 4300 1672 4380 inspiratis
1733 4304 2010 4376 episcopis
2067 4308 2444 4378 comprobata,

873 4393 1140 4447 hactenus
1165 4391 1372 4464 integra
1393 4400 1445 4448 et
1474 4395 1801 4452 inconcussa
1828 4410 2087 4470 perpetuo
2110 4403 2446 4474 permansit:

876 4487 931 4540 in
981 4499 1089 4556 qua
1133 4484 1606 4542 consubstantialis
1652 4491 1974 4547 vocabulum
2021 4494 2286 4553 adversus
2327 4496 2446 4552 Arii

983 4675 998 4706 ¹
1029 4673 1185 4730 Socr.
1214 4673 1312 4728 lib.
1335 4689 1411 4740 tv,
1438 4687 1488 4728 c.
1523 4672 1610 4727 12.

3148 2751 3399 2807 ΚΕΦΑΛ.
3439 2751 3542 2808 IA'.

2569 2840 2883 2915 Ὀμολογία
2926 2845 3286 2908 Εὑσταθίου,
3325 2846 3641 2915 summa.
3676 2848 3987 2914 Θεοφίλου.
4017 2849 4141 2902 τῶν

2626 2914 2743 2970 ἀπὸ
2785 2915 3179 2982 Μακεδονίας,
3233 2914 3381 2984 πρὸς
3428 2919 3698 2986 Λιϐἐριον
3746 2919 3852 2971 τὸν
3905 2917 4140 2987 Ῥώμης

2624 2986 2978 3040 ἐπίσκοπον.

2557 3079 2750 3148 Κυρίῳ
2781 3076 3052 3146 ἀδελφῷ,
3091 3076 3192 3148 καί,
3228 3078 3674 3148 συλλειτουργῷ
3707 3079 3966 3146 Λιϐερίῳ,
4012 3079 4134 3132 Εὐ-

2621 3147 2899 3214 στάθιος,
2946 3146 3272 3214 Σιιίόανός,
3311 3146 3616 3220 Θεόφαῖός,
3653 3151 3724 3203 ἐν
3763 3152 3956 3218 Κυρίῳ
3999 3151 4136 3217 χαί-

2610 3235 2768 3287 perv.

2619 3309 2719 3363 Διά
2748 3307 2847 3375 τὰς
2876 3311 2985 3364 τῶν
3015 3313 3304 3385 αίρέτικῶν
3335 3313 3623 3386 μανιώδεις
3657 3313 3933 3379 ὑπονοίας,
3973 3313 4026 3366 οἳ
4069 3315 4135 3367 οὐ

2553 3401 2816 3456 παύονται
2883 3405 3007 3467 ταῖς
3069 3401 3384 3469 καθολικαῖς
3441 3404 3792 3476 Ἐκκλησίαις
3855 3402 4136 3456 σκάνδαλα

2553 3495 2924 3566 ὲπισπείρειν,
2976 3494 3164 3548 τούτου
3213 3497 3372 3568 χάριν
3419 3497 3598 3550 πᾶσαν
3652 3493 3904 3566 ἀφορμὴν
3945 3492 4136 3546 αὐτῶν

2551 3587 2900 3658 ἀναιροῦντες
2924 3625 2939 3650 ,
2994 3587 3363 3658 ὁμολογοῦμεν
3413 3589 3511 3659 τὴν
3565 3587 3780 3641 σύνοδον
3828 3587 3928 3657 τὴν
3975 3602 4136 3653 γενο-

2557 3677 2722 3748 μένην
2768 3681 2824 3732 ὲν
2873 3679 3182 3750 Λαμψάκῳ,
3231 3681 3326 3734 καὶ
3376 3679 3620 3752 Σμύρνῃ,
3669 3679 3764 3733 καὶ
3812 3680 3870 3731 ὲν
3921 3677 4134 3747 ἑτέροις

2553 3769 2828 3841 διαφόροις
2869 3771 3052 3835 τόποις
3106 3771 3214 3825 τῶν
3260 3769 3553 3843 ὀρθοδόξων
3620 3772 3933 3824 ἐπισκόπων
3974 3786 3987 3798 ⁸

2553 3860 2770 3912 συνόδου
2797 3861 3091 3931 πρεσϐείαν
3123 3862 3452 3932 ποιούμενοι,
3493 3862 3626 3932 πρὸς
3659 3861 3757 3932 τὴν
3782 3861 4132 3933 χρηστότητά

2551 3969 2644 4004 σου
2677 3953 2770 4012 καὶ
2813 3952 3019 4016 πάντας
3062 3954 3188 4016 τοὺς
3222 3952 3452 4015 Ἰταλοὺς
3497 3954 3589 4006 καὶ
3624 3953 3874 4016 δυτικοὺς
3906 3953 4128 4004 ἐπισκό-

2551 4061 2686 4106 πους
2710 4045 3009 4115 γράμματα
3034 4045 3353 4115 κομίζομεν,
3375 4045 3474 4114 τὴν
3499 4045 3679 4098 πίστιν
3705 4045 3807 4114 τὴν
3833 4043 4130 4109 καθολικὴν

2551 4138 2774 4208 κρατεῖν
2823 4138 2918 4191 καὶ
2964 4137 3278 4206 φυλάσσειν,
3325 4139 3449 4209 ἥτις
3490 4139 3550 4191 ὲν
3596 4141 3662 4209 τῇ
3718 4138 3848 4208 ἁγία
3874 4136 4131 4189 Νικαέων

2557 4225 2762 4297 συνόδῳ
2795 4228 2888 4281 ἐπὶ
2935 4226 3027 4280 τοῦ
3083 4229 3350 4299 μακαρίου
3382 4227 3791 4281 Κωνσταντίνου
3839 4227 3945 4279 ὑπὸ
3967 4243 4130 4295 τρια-

2551 4315 2750 4369 κοσίων
2795 4316 2925 4370 δέκα
2969 4319 3064 4374 καὶ
3105 4317 3247 4371 ὀκτὼ
3283 4318 3556 4388 θεοφόρων
3592 4318 3850 4390 Πατέρων
3893 4317 4130 4388 βεϐαιω-

2555 4409 2729 4475 θεῖσα,
2761 4411 2995 4483 ἀκεραία
3023 4413 3114 4465 καὶ
3146 4410 3425 4481 ἀσαλεύτῳ
3453 4412 3520 4482 τῇ
3545 4411 3877 4465 καταστάσει
3904 4410 4010 4471 ἕως
4033 4407 4128 4459 νῦν

2555 4504 2648 4556 καὶ
2677 4503 2940 4575 διηνεκῶς
2990 4505 3161 4576 μένει,
3211 4499 3334 4577 ὲνῇ
3380 4504 3442 4558 τὸ
3491 4503 3773 4576 ὁμοούσιον
3822 4503 3990 4572 άγίως
4032 4503 4128 4555 καὶ

2072 4833 2340 4889 VALESII
2383 4833 2828 4892 ANNOTATlON
2838 4835 2938 4890 ES.

875 5010 1233 5092 leilljp‘iaJLUIIl
1265 5024 1331 5092 ac
1374 5007 1670 5092 biberium,
1704 5005 1949 5092 Valenti_
1975 5021 2139 5092 atque
2175 5011 2441 5092 Endoxip.
2478 5023 2520 5077 ι)
2546 5014 2750 5092 ςιιτίειί
2770 5018 2921 5092 .568?
2948 5017 3052 5092 Sed
3088 5017 3405 5092 responderi
3437 5027 3642 5088 potest,
3670 5033 3892 5092 propter
3919 5025 4122 5080 bellum

947 5081 1059 5152 (70)
1094 5080 1242 5152 ᾚως
1270 5079 1347 5134 ἂν
1376 5079 1765 5152 δοκιμάσωσι.
1811 5079 2178 5137 Scribendum
2211 5093 2342 5152 puto
2371 5084 2446 5146 ὼς

874 5149 940 5202 ἂν
967 5150 1080 5203 δοκ.
1112 5149 1286 5213 Quum
1313 5151 1639 5220 scripturam
1691 5154 1744 5204 in
1774 5153 2023 5208 versione
2077 5169 2194 5208 mea
2214 5149 2448 5209 secutus

877 5235 1018 5295 smn.
1057 5221 1130 5272 Ita
1153 5229 1300 5295 certe
1314 5221 1703 5295 sensuslonge
1731 5224 1968 5292 apertior
1997 5224 2236 5289 exsistit,
2268 5227 2362 5295 qui
2393 5227 2448 5278 in

875 5293 1094 5355 vulgata
1144 5291 1415 5359 scriptura
1449 5291 1631 5346 nullus
1661 5303 1766 5348 est.

948 5359 1058 5428 (Ἠ)
1091 5359 1356 5413 Ἐ’δωκαν
1384 5363 1648 5429 Λιϐερίῳ.
1687 5364 1940 5418 Socrates
1973 5363 2026 5418 in
2078 5363 2218 5419 libro
2253 5381 2326 5429 Iv,
2358 5381 2450 5419 ca-

879 5431 987 5500 pite
1014 5429 1243 5484 libans
1298 5432 1625 5500 legationem
1682 5433 2195 5490 Macedonianorum
2245 5436 2450 5490 referre

881 5498 1090 5554 videtur
1122 5498 1407 5556 consulatu
1437 5501 1678 5557 secundo
1715 5503 2080 5560 Valentiniani
2104 5513 2158 5560 et
2184 5504 2447 5569 Valentis,

880 5570 930 5622 id
963 5579 1047 5625 est
1080 5585 1223 5625 anno
1249 5572 1447 5628 Christi
1481 5573 1604 5628 568.
1641 5575 1836 5631 Verum
1861 5576 2126 5631 Baronius
2151 5579 2215 5629 ad
2243 5593 2448 5630 annum

876 5639 1083 5716 pltristi
1115 5642 1219 5697 365
1253 5645 1492 5713 graviter
1541 5660 1662 5698 eum
1716 5649 2082 5716 reprehendit.
2134 5647 2270 5701 Nam
2321 5662 2446 5700 cum

879 5709 1244 5781 Lampsacena
1259 5709 1504 5783 synodus
1530 5709 1803 5771 celebrata
1824 5719 1896 5772 sit
1918 5734 2060 5773 anno
2092 5717 2442 5781 Cbristi565,

881 5791 938 5858 ιιι
965 5799 1036 5858 ex_
1065 5784 1510 5858 Soc_rati_s__ipsius
1548 5789 1857 5841 testimonio
1889 5798 2127 5851 constat,
2163 5789 2443 5858 quomodo

880 5851 1038 5919 legati
1130 5856 1198 5910 ab
1277 5851 1375 5910 illa
1446 5858 1656 5928 synodo
1723 5859 1864 5914 mitti
1939 5851 2232 5930 potuerunt
2299 5874 2444 5914 anno

2553 5086 2828 5165 Procopii,
2882 5099 2935 5165 et
2965 5086 3260 5165 Orientalis
3314 5086 3527 5159 imperii
3561 5086 3826 5165 tunniltus
3857 5097 3950 5164 qui
4001 5107 4124 5165 post

2555 5157 2702 5229 illam
2745 5161 3012 5229 synodum
3066 5157 3439 5229 contigerunt,
3488 5163 3699 5217 tardius
3740 5157 3942 5220 missos
4000 5157 4124 5220 esse

2554 5227 2788 5299 legatos.
2821 5229 3083 5284 Praeterea
3122 5227 3245 5284 nee'
3277 5231 3554 5292 Socrates,
3603 5248 3703 5286 nec
3763 5235 4122 5299 Sozomenus,

2555 5297 2932 5373 legatos__i||os
2962 5301 3161 5373 missos
3191 5315 3311 5355 esse
3333 5300 3522 5354 dicunt
3559 5316 3587 5353 τι
3621 5305 3830 5372 synodo
3863 5297 4125 5373 LampsnL

2555 5382 2710 5424 cena.
2745 5368 2898 5444 Missi
2929 5371 3148 5439 quidem
3192 5377 3321 5444 sunt
3361 5381 3482 5444 post
3537 5368 3806 5442 synodum
3863 5368 4125 5444 Lanzpszt-

2556 5449 2829 5512 cenam,et
2856 5441 3064 5512 litteras
3086 5440 3374 5512 synodicas
3402 5440 3521 5512 ejus
3541 5440 3758 5497 concilii
3785 5440 4120 5499 detulerunt.

2554 5507 2887 5585 t‘\’on_tamen
2925 5511 2992 5564 ab
3021 5507 3346 5585 illa'synodo
3383 5507 3575 5585 directi
3633 5523 3782 5582 sunt,
3828 5517 3872 5571 si
3904 5532 4124 5585 pr0prie

2549 5579 2694 5657 lpqui
2723 5583 2975 5657 velimus.
3008 5583 3134 5657 Scio
3172 5579 3404 5652 quidem
3435 5582 3512 5657 in
3573 5579 3774 5657 libello
3804 5579 3924 5641 ﬁdei
3958 5579 4120 5657 quem

2544 5647 2888 5726 Eustathius,
2924 5661 2978 5707 et
3013 5647 3270 5726 Silvanus
3323 5668 3389 5726 ac
3435 5651 3774 5726 Theophilus
3798 5647 4122 5713 obtulerunt

2544 5719 2759 5800 Libet-io
2795 5739 2964 5800 papae,
2995 5725 3199 5800 diserte
3223 5723 3392 5800 scribi
3451 5719 3915 5800 illosfepisc0pos
3972 5730 4120 5800 lega-

2543 5792 2748 5871 tionem
2778 5792 2985 5871 obiisse
3015 5793 3372 5871 Lampsaceni
3400 5792 3865 5857 conciliiJ’eruin
3907 5803 4008 5858 hoc
4025 5792 4121 5855 ita

2541 5865 2974 5936 intelligendum,
3007 5874 3091 5922 est
3116 5875 3173 5922 ut
3198 5868 3331 5924 dixi.
