  <div class='ocr_page' id='page_1' title='image "/cluster/home/n/w/nwhite01/storage/ocr_20150623/67/pst.000009865921/722.png"; bbox 0 0 4452 6598; ppageno 0'>
   <div class='ocr_carea' id='block_1_1' title="bbox 383 438 513 493">
    <p class='ocr_par' dir='ltr' id='par_1_1' title="bbox 383 438 513 493">
     <span class='ocr_line' id='line_1_1' title="bbox 383 438 513 493; baseline -0.031 0"><span class='ocrx_word' id='word_1_1' title='bbox 383 438 513 493; x_wconf 70' lang='grc'><strong>1521</strong></span> 
     </span>
    </p>
   </div>
   <div class='ocr_carea' id='block_1_2' title="bbox 1227 423 2581 489">
    <p class='ocr_par' dir='ltr' id='par_1_2' title="bbox 1227 423 2581 489">
     <span class='ocr_line' id='line_1_2' title="bbox 1227 423 2581 489; baseline -0.002 0"><span class='ocrx_word' id='word_1_2' title='bbox 1227 431 1552 489; x_wconf 76' lang='lat' dir='ltr'><strong>HISTORIA</strong></span> <span class='ocrx_word' id='word_1_3' title='bbox 1593 423 2167 485; x_wconf 71' lang='lat' dir='ltr'><strong>ECCLESIASTICA.</strong></span> <span class='ocrx_word' id='word_1_4' title='bbox 2211 462 2281 471; x_wconf 88' lang='lat'><strong>—-</strong></span> <span class='ocrx_word' id='word_1_5' title='bbox 2321 433 2451 486; x_wconf 87' lang='lat' dir='ltr'><strong>LIB.</strong></span> <span class='ocrx_word' id='word_1_6' title='bbox 2493 433 2581 487; x_wconf 80' lang='grc' dir='ltr'><strong>γι.</strong></span> 
     </span>
    </p>
   </div>
   <div class='ocr_carea' id='block_1_3' title="bbox 3471 437 3610 491">
    <p class='ocr_par' dir='ltr' id='par_1_3' title="bbox 3471 437 3610 491">
     <span class='ocr_line' id='line_1_3' title="bbox 3471 437 3610 491; baseline 0.007 -1"><span class='ocrx_word' id='word_1_7' title='bbox 3471 437 3610 491; x_wconf 63' lang='grc'><strong>1521</strong></span> 
     </span>
    </p>
   </div>
   <div class='ocr_carea' id='block_1_4' title="bbox 376 550 2134 625">
    <p class='ocr_par' dir='ltr' id='par_1_4' title="bbox 376 550 2134 625">
     <span class='ocr_line' id='line_1_4' title="bbox 376 550 2134 625; baseline -0.002 -16"><span class='ocrx_word' id='word_1_8' title='bbox 376 552 614 615; x_wconf 75' lang='grc' dir='ltr'>εὐσεϐῶς</span> <span class='ocrx_word' id='word_1_9' title='bbox 640 556 835 619; x_wconf 84' lang='grc' dir='ltr'>κεῖται,</span> <span class='ocrx_word' id='word_1_10' title='bbox 862 555 1193 618; x_wconf 80' lang='grc' dir='ltr'><strong>ὑπεναντίως</strong></span> <span class='ocrx_word' id='word_1_11' title='bbox 1214 556 1312 625; x_wconf 81' lang='grc' dir='ltr'><strong>τῆς</strong></span> <span class='ocrx_word' id='word_1_12' title='bbox 1338 552 1547 623; x_wconf 79' lang='grc' dir='ltr'><strong>Ἀρείου</strong></span> <span class='ocrx_word' id='word_1_13' title='bbox 1571 550 1902 621; x_wconf 77' lang='grc' dir='ltr'><strong>διαστροφῆς</strong></span> <span class='ocrx_word' id='word_1_14' title='bbox 1921 590 1935 604; x_wconf 94' lang='grc'><strong>.</strong></span> <span class='ocrx_word' id='word_1_15' title='bbox 1967 556 2011 613; x_wconf 79' lang='grc' dir='ltr'><strong>Α</strong></span> <span class='ocrx_word' id='word_1_16' title='bbox 2042 566 2134 622; x_wconf 96' lang='lat' dir='ltr'><strong>pra</strong></span> 
     </span>
    </p>
   </div>
   <div class='ocr_carea' id='block_1_5' title="bbox 1851 550 3609 625">
    <p class='ocr_par' dir='ltr' id='par_1_5' title="bbox 1851 550 3609 622">
     <span class='ocr_line' id='line_1_5' title="bbox 1851 550 3609 622; baseline 0.002 -18"><span class='ocrx_word' id='word_1_17' title='bbox 1851 552 1935 621; x_wconf 71' lang='grc' dir='ltr'><strong>ῆς.</strong></span> <span class='ocrx_word' id='word_1_18' title='bbox 1967 556 2011 613; x_wconf 79' lang='grc' dir='ltr'><strong>Α</strong></span> <span class='ocrx_word' id='word_1_19' title='bbox 2042 552 2363 622; x_wconf 74' lang='lat' dir='ltr'><strong>pravitatem</strong></span> <span class='ocrx_word' id='word_1_20' title='bbox 2411 553 2496 622; x_wconf 91' lang='lat' dir='ltr'><strong>pie</strong></span> <span class='ocrx_word' id='word_1_21' title='bbox 2552 559 2850 620; x_wconf 71' lang='lat' dir='ltr'><strong>sancteque</strong></span> <span class='ocrx_word' id='word_1_22' title='bbox 2898 550 3133 620; x_wconf 83' lang='lat' dir='ltr'><strong>positum</strong></span> <span class='ocrx_word' id='word_1_23' title='bbox 3185 559 3292 606; x_wconf 92' lang='lat' dir='ltr'><strong>est.</strong></span> <span class='ocrx_word' id='word_1_24' title='bbox 3346 551 3609 609; x_wconf 76' lang='lat' dir='ltr'><strong>Similiter</strong></span> 
     </span>
    </p>
   </div>
   <div class='ocr_carea' id='block_1_6' title="bbox 387 640 1945 715">
    <p class='ocr_par' dir='ltr' id='par_1_6' title="bbox 387 640 1945 715">
     <span class='ocr_line' id='line_1_6' title="bbox 387 640 1945 715; baseline -0.004 -16"><span class='ocrx_word' id='word_1_25' title='bbox 387 645 616 715; x_wconf 81' lang='grc' dir='ltr'><strong>Ὁμοίως</strong></span> <span class='ocrx_word' id='word_1_26' title='bbox 636 646 729 697; x_wconf 77' lang='grc' dir='ltr'>καὶ</span> <span class='ocrx_word' id='word_1_27' title='bbox 747 646 895 715; x_wconf 77' lang='grc' dir='ltr'>ἡμᾶς</span> <span class='ocrx_word' id='word_1_28' title='bbox 912 646 1049 715; x_wconf 87' lang='grc' dir='ltr'>μετὰ</span> <span class='ocrx_word' id='word_1_29' title='bbox 1078 645 1186 698; x_wconf 84' lang='grc' dir='ltr'><strong>τῶν</strong></span> <span class='ocrx_word' id='word_1_30' title='bbox 1212 642 1623 715; x_wconf 83' lang='grc' dir='ltr'><strong>προειρημένων</strong></span> <span class='ocrx_word' id='word_1_31' title='bbox 1651 640 1749 707; x_wconf 79' lang='grc' dir='ltr'>τὴν</span> <span class='ocrx_word' id='word_1_32' title='bbox 1774 640 1945 710; x_wconf 79' lang='grc' dir='ltr'>αὐτὴν</span> 
     </span>
    </p>
   </div>
   <div class='ocr_carea' id='block_1_7' title="bbox 374 732 1944 807">
    <p class='ocr_par' dir='ltr' id='par_1_7' title="bbox 374 732 1944 807">
     <span class='ocr_line' id='line_1_7' title="bbox 374 732 1944 807; baseline -0.003 -19"><span class='ocrx_word' id='word_1_33' title='bbox 374 737 556 789; x_wconf 86' lang='grc' dir='ltr'>πίστιν</span> <span class='ocrx_word' id='word_1_34' title='bbox 581 736 981 807; x_wconf 81' lang='grc' dir='ltr'><strong>κεκρατηκέναι</strong></span> <span class='ocrx_word' id='word_1_35' title='bbox 1006 754 1066 788; x_wconf 92' lang='grc' dir='ltr'><strong>τε</strong></span> <span class='ocrx_word' id='word_1_36' title='bbox 1094 737 1187 789; x_wconf 71' lang='grc' dir='ltr'><strong>καὶ</strong></span> <span class='ocrx_word' id='word_1_37' title='bbox 1208 737 1451 806; x_wconf 82' lang='grc' dir='ltr'><strong>κρατεῖν,</strong></span> <span class='ocrx_word' id='word_1_38' title='bbox 1480 734 1573 787; x_wconf 70' lang='grc' dir='ltr'><strong>κα)⁵</strong></span> <span class='ocrx_word' id='word_1_39' title='bbox 1601 732 1729 803; x_wconf 82' lang='grc' dir='ltr'>ἄχρι</span> <span class='ocrx_word' id='word_1_40' title='bbox 1756 732 1944 795; x_wconf 79' lang='grc' dir='ltr'><strong>τέλους</strong></span> 
     </span>
    </p>
   </div>
   <div class='ocr_carea' id='block_1_8' title="bbox 374 826 1943 899">
    <p class='ocr_par' dir='ltr' id='par_1_8' title="bbox 374 826 1943 899">
     <span class='ocr_line' id='line_1_8' title="bbox 374 826 1943 899; baseline -0.001 -20"><span class='ocrx_word' id='word_1_41' title='bbox 374 829 698 897; x_wconf 79' lang='grc' dir='ltr'><strong>φυλάσσειν,</strong></span> <span class='ocrx_word' id='word_1_42' title='bbox 748 829 854 899; x_wconf 80' lang='grc' dir='ltr'>ίδίᾳ</span> <span class='ocrx_word' id='word_1_43' title='bbox 889 830 1033 899; x_wconf 79' lang='grc' dir='ltr'>χειρὶ</span> <span class='ocrx_word' id='word_1_44' title='bbox 1066 826 1433 898; x_wconf 84' lang='grc' dir='ltr'>ὁμολογοῦμεν</span> <span class='ocrx_word' id='word_1_45' title='bbox 1456 843 1471 857; x_wconf 77' lang='grc' dir='ltr'><strong><em>ο</em></strong></span> <span class='ocrx_word' id='word_1_46' title='bbox 1524 826 1943 895; x_wconf 87' lang='grc' dir='ltr'>κατακρίνοντες</span> 
     </span>
    </p>
   </div>
   <div class='ocr_carea' id='block_1_9' title="bbox 376 915 1943 988">
    <p class='ocr_par' dir='ltr' id='par_1_9' title="bbox 376 915 1943 988">
     <span class='ocr_line' id='line_1_9' title="bbox 376 915 1943 988; baseline -0.001 -19"><span class='ocrx_word' id='word_1_47' title='bbox 376 919 591 987; x_wconf 58' lang='grc' dir='ltr'>’Ἄρειον</span> <span class='ocrx_word' id='word_1_48' title='bbox 613 918 705 969; x_wconf 74' lang='grc' dir='ltr'><strong>καὶ</strong></span> <span class='ocrx_word' id='word_1_49' title='bbox 731 917 829 987; x_wconf 83' lang='grc' dir='ltr'>τὴν</span> <span class='ocrx_word' id='word_1_50' title='bbox 858 917 1025 988; x_wconf 78' lang='grc' dir='ltr'>ἀσεϐῆ</span> <span class='ocrx_word' id='word_1_51' title='bbox 1048 917 1260 987; x_wconf 82' lang='grc' dir='ltr'>διδαχὴν</span> <span class='ocrx_word' id='word_1_52' title='bbox 1290 915 1474 981; x_wconf 80' lang='grc' dir='ltr'>αὑτοῦ,</span> <span class='ocrx_word' id='word_1_53' title='bbox 1506 916 1603 968; x_wconf 85' lang='grc' dir='ltr'><strong>σὺν</strong></span> <span class='ocrx_word' id='word_1_54' title='bbox 1630 917 1741 978; x_wconf 81' lang='grc' dir='ltr'>τοῖς</span> <span class='ocrx_word' id='word_1_55' title='bbox 1770 915 1943 985; x_wconf 83' lang='grc' dir='ltr'>μαθη-</span> 
     </span>
    </p>
   </div>
   <div class='ocr_carea' id='block_1_10' title="bbox 369 1007 1939 1079">
    <p class='ocr_par' dir='ltr' id='par_1_10' title="bbox 369 1007 1939 1079">
     <span class='ocr_line' id='line_1_10' title="bbox 369 1007 1939 1079; baseline -0.002 -17"><span class='ocrx_word' id='word_1_56' title='bbox 369 1013 488 1073; x_wconf 82' lang='grc' dir='ltr'><strong>ταῖς</strong></span> <span class='ocrx_word' id='word_1_57' title='bbox 539 1010 744 1073; x_wconf 81' lang='grc' dir='ltr'>αύτοῦ,</span> <span class='ocrx_word' id='word_1_58' title='bbox 810 1011 903 1062; x_wconf 75' lang='grc' dir='ltr'><strong>καὶ</strong></span> <span class='ocrx_word' id='word_1_59' title='bbox 966 1012 1146 1063; x_wconf 79' lang='grc' dir='ltr'>πᾶσαν</span> <span class='ocrx_word' id='word_1_60' title='bbox 1198 1010 1409 1079; x_wconf 82' lang='grc' dir='ltr'>αἵρεσιν</span> <span class='ocrx_word' id='word_1_61' title='bbox 1461 1007 1939 1077; x_wconf 79' lang='grc' dir='ltr'>Πατροπασιανοῦ,</span> 
     </span>
    </p>
   </div>
   <div class='ocr_carea' id='block_1_11' title="bbox 370 1099 1939 1169">
    <p class='ocr_par' dir='ltr' id='par_1_11' title="bbox 370 1099 1939 1169">
     <span class='ocr_line' id='line_1_11' title="bbox 370 1099 1939 1169; baseline -0.002 -15"><span class='ocrx_word' id='word_1_62' title='bbox 370 1101 712 1169; x_wconf 70' lang='grc' dir='ltr'>Μαρκίωνος,</span> <span class='ocrx_word' id='word_1_63' title='bbox 757 1100 1014 1165; x_wconf 77' lang='grc' dir='ltr'>Φωτινοῦ,</span> <span class='ocrx_word' id='word_1_64' title='bbox 1064 1100 1405 1169; x_wconf 73' lang='grc' dir='ltr'>Μαρκέλλου,</span> <span class='ocrx_word' id='word_1_65' title='bbox 1455 1100 1550 1153; x_wconf 79' lang='grc' dir='ltr'>καὶ</span> <span class='ocrx_word' id='word_1_66' title='bbox 1590 1099 1801 1152; x_wconf 85' lang='grc' dir='ltr'><strong>Παύλου</strong></span> <span class='ocrx_word' id='word_1_67' title='bbox 1846 1100 1939 1151; x_wconf 74' lang='grc' dir='ltr'>τοῦ</span> 
     </span>
    </p>
   </div>
   <div class='ocr_carea' id='block_1_12' title="bbox 370 1191 1940 1262">
    <p class='ocr_par' dir='ltr' id='par_1_12' title="bbox 370 1191 1940 1262">
     <span class='ocr_line' id='line_1_12' title="bbox 370 1191 1940 1262; baseline -0.002 -18"><span class='ocrx_word' id='word_1_68' title='bbox 370 1193 749 1261; x_wconf 85' lang='grc' dir='ltr'>Σαμοσστέως,</span> <span class='ocrx_word' id='word_1_69' title='bbox 795 1194 887 1245; x_wconf 79' lang='grc' dir='ltr'>καὶ</span> <span class='ocrx_word' id='word_1_70' title='bbox 929 1192 1131 1244; x_wconf 86' lang='grc' dir='ltr'>τούτων</span> <span class='ocrx_word' id='word_1_71' title='bbox 1189 1192 1285 1262; x_wconf 82' lang='grc' dir='ltr'>τὴν</span> <span class='ocrx_word' id='word_1_72' title='bbox 1331 1192 1551 1261; x_wconf 82' lang='grc' dir='ltr'>διδαχὴν</span> <span class='ocrx_word' id='word_1_73' title='bbox 1594 1192 1687 1244; x_wconf 76' lang='grc' dir='ltr'><strong>καὶ</strong></span> <span class='ocrx_word' id='word_1_74' title='bbox 1734 1191 1940 1253; x_wconf 83' lang='grc' dir='ltr'>πάντας</span> 
     </span>
    </p>
   </div>
   <div class='ocr_carea' id='block_1_13' title="bbox 369 1281 1939 1354">
    <p class='ocr_par' dir='ltr' id='par_1_13' title="bbox 369 1281 1939 1354">
     <span class='ocr_line' id='line_1_13' title="bbox 369 1281 1939 1354; baseline -0.003 -18"><span class='ocrx_word' id='word_1_75' title='bbox 369 1286 493 1347; x_wconf 81' lang='grc' dir='ltr'>τοὺς</span> <span class='ocrx_word' id='word_1_76' title='bbox 518 1285 820 1354; x_wconf 77' lang='grc' dir='ltr'>ὁμόφρονας</span> <span class='ocrx_word' id='word_1_77' title='bbox 861 1282 1039 1336; x_wconf 72' lang='grc' dir='ltr'>αὐτῶν</span> <span class='ocrx_word' id='word_1_78' title='bbox 1064 1300 1077 1313; x_wconf 72' lang='grc' dir='ltr'><strong>ο</strong></span> <span class='ocrx_word' id='word_1_79' title='bbox 1134 1284 1229 1335; x_wconf 77' lang='grc' dir='ltr'>καὶ</span> <span class='ocrx_word' id='word_1_80' title='bbox 1266 1285 1443 1346; x_wconf 77' lang='grc' dir='ltr'>πάσας</span> <span class='ocrx_word' id='word_1_81' title='bbox 1469 1284 1524 1335; x_wconf 79' lang='grc' dir='ltr'>δὲ</span> <span class='ocrx_word' id='word_1_82' title='bbox 1558 1283 1656 1345; x_wconf 78' lang='grc' dir='ltr'>τὰς</span> <span class='ocrx_word' id='word_1_83' title='bbox 1702 1281 1939 1351; x_wconf 79' lang='grc' dir='ltr'>αἱρέσεις</span> 
     </span>
    </p>
   </div>
   <div class='ocr_carea' id='block_1_14' title="bbox 370 1375 1934 1446">
    <p class='ocr_par' dir='ltr' id='par_1_14' title="bbox 370 1375 1934 1446">
     <span class='ocr_line' id='line_1_14' title="bbox 370 1375 1934 1446; baseline -0.003 -16"><span class='ocrx_word' id='word_1_84' title='bbox 370 1378 467 1440; x_wconf 85' lang='grc' dir='ltr'>τὰς</span> <span class='ocrx_word' id='word_1_85' title='bbox 520 1377 933 1445; x_wconf 81' lang='grc' dir='ltr'>ὲναντιουμένας</span> <span class='ocrx_word' id='word_1_86' title='bbox 997 1378 1063 1445; x_wconf 81' lang='grc' dir='ltr'>τῇ</span> <span class='ocrx_word' id='word_1_87' title='bbox 1120 1376 1490 1446; x_wconf 74' lang='grc' dir='ltr'>προειρημένῃ</span> <span class='ocrx_word' id='word_1_88' title='bbox 1553 1375 1683 1445; x_wconf 78' lang='grc' dir='ltr'>ἁγίᾳ</span> <span class='ocrx_word' id='word_1_89' title='bbox 1728 1375 1934 1437; x_wconf 78' lang='grc' dir='ltr'>πίστει,</span> 
     </span>
    </p>
   </div>
   <div class='ocr_carea' id='block_1_15' title="bbox 369 1464 1938 1538">
    <p class='ocr_par' dir='ltr' id='par_1_15' title="bbox 369 1464 1938 1538">
     <span class='ocr_line' id='line_1_15' title="bbox 369 1464 1938 1538; baseline -0.003 -19"><span class='ocrx_word' id='word_1_90' title='bbox 369 1470 492 1538; x_wconf 80' lang='grc' dir='ltr'>ἥτις</span> <span class='ocrx_word' id='word_1_91' title='bbox 539 1467 776 1528; x_wconf 74' lang='grc' dir='ltr'>εὐσεϐῶς</span> <span class='ocrx_word' id='word_1_92' title='bbox 814 1466 1031 1536; x_wconf 79' lang='grc' dir='ltr'>ἐξετέθη</span> <span class='ocrx_word' id='word_1_93' title='bbox 1077 1466 1181 1519; x_wconf 82' lang='grc' dir='ltr'>ὑπὸ</span> <span class='ocrx_word' id='word_1_94' title='bbox 1228 1466 1337 1517; x_wconf 82' lang='grc' dir='ltr'><strong>τῶν</strong></span> <span class='ocrx_word' id='word_1_95' title='bbox 1369 1467 1538 1533; x_wconf 83' lang='grc' dir='ltr'>ἁγίων</span> <span class='ocrx_word' id='word_1_96' title='bbox 1580 1464 1835 1532; x_wconf 82' lang='grc' dir='ltr'>Πατὲρων</span> <span class='ocrx_word' id='word_1_97' title='bbox 1880 1465 1938 1515; x_wconf 80' lang='grc' dir='ltr'>ὲν</span> 
     </span>
    </p>
   </div>
   <div class='ocr_carea' id='block_1_16' title="bbox 372 1554 1937 1627">
    <p class='ocr_par' dir='ltr' id='par_1_16' title="bbox 372 1554 1937 1627">
     <span class='ocr_line' id='line_1_16' title="bbox 372 1554 1937 1627; baseline -0.004 -17"><span class='ocrx_word' id='word_1_98' title='bbox 372 1559 597 1627; x_wconf 54' lang='lat' dir='ltr'><strong>Nimia,</strong></span> <span class='ocrx_word' id='word_1_99' title='bbox 639 1557 1138 1627; x_wconf 74' lang='grc' dir='ltr'>ἀναϐεματίζομεν·</span> <span class='ocrx_word' id='word_1_100' title='bbox 1192 1554 1677 1623; x_wconf 77' lang='grc' dir='ltr'>ἀναθεματίζοντες</span> <span class='ocrx_word' id='word_1_101' title='bbox 1724 1554 1937 1623; x_wconf 77' lang='grc' dir='ltr'>Ἀρειον</span> 
     </span>
    </p>
   </div>
   <div class='ocr_carea' id='block_1_17' title="bbox 372 1643 1937 1718">
    <p class='ocr_par' dir='ltr' id='par_1_17' title="bbox 372 1643 1937 1718">
     <span class='ocr_line' id='line_1_17' title="bbox 372 1643 1937 1718; baseline -0.004 -17"><span class='ocrx_word' id='word_1_102' title='bbox 372 1648 683 1718; x_wconf 80' lang='grc' dir='ltr'>ἐξαιρέτως,</span> <span class='ocrx_word' id='word_1_103' title='bbox 731 1648 823 1701; x_wconf 74' lang='grc' dir='ltr'><strong>καὶ</strong></span> <span class='ocrx_word' id='word_1_104' title='bbox 862 1648 928 1698; x_wconf 83' lang='grc' dir='ltr'><strong>τά</strong></span> <span class='ocrx_word' id='word_1_105' title='bbox 958 1649 1014 1700; x_wconf 80' lang='grc' dir='ltr'>ὲν</span> <span class='ocrx_word' id='word_1_106' title='bbox 1049 1648 1115 1716; x_wconf 77' lang='grc' dir='ltr'>τῇ</span> <span class='ocrx_word' id='word_1_107' title='bbox 1160 1644 1436 1715; x_wconf 81' lang='grc' dir='ltr'>Ἀριμίνῳ,</span> <span class='ocrx_word' id='word_1_108' title='bbox 1476 1645 1575 1697; x_wconf 85' lang='grc' dir='ltr'>ὅσα</span> <span class='ocrx_word' id='word_1_109' title='bbox 1608 1643 1937 1705; x_wconf 83' lang='grc' dir='ltr'>ὑπεναντίως</span> 
     </span>
    </p>
   </div>
   <div class='ocr_carea' id='block_1_18' title="bbox 370 1732 1935 1807">
    <p class='ocr_par' dir='ltr' id='par_1_18' title="bbox 370 1732 1935 1807">
     <span class='ocr_line' id='line_1_18' title="bbox 370 1732 1935 1807; baseline -0.004 -18"><span class='ocrx_word' id='word_1_110' title='bbox 370 1737 571 1802; x_wconf 74' lang='grc' dir='ltr'>ταύτης</span> <span class='ocrx_word' id='word_1_111' title='bbox 597 1739 693 1806; x_wconf 83' lang='grc' dir='ltr'><strong>τῆς</strong></span> <span class='ocrx_word' id='word_1_112' title='bbox 716 1736 1121 1807; x_wconf 79' lang='grc' dir='ltr'>προειρημένης</span> <span class='ocrx_word' id='word_1_113' title='bbox 1151 1735 1383 1797; x_wconf 89' lang='grc' dir='ltr'>πίστεως</span> <span class='ocrx_word' id='word_1_114' title='bbox 1410 1734 1507 1802; x_wconf 80' lang='grc' dir='ltr'>τῆς</span> <span class='ocrx_word' id='word_1_115' title='bbox 1540 1734 1699 1800; x_wconf 81' lang='grc' dir='ltr'>ἁγίας</span> <span class='ocrx_word' id='word_1_116' title='bbox 1722 1732 1935 1784; x_wconf 83' lang='grc' dir='ltr'>συνόδου</span> 
     </span>
    </p>
   </div>
   <div class='ocr_carea' id='block_1_19' title="bbox 371 1823 1936 1899">
    <p class='ocr_par' dir='ltr' id='par_1_19' title="bbox 371 1823 1936 1899">
     <span class='ocr_line' id='line_1_19' title="bbox 371 1823 1936 1899; baseline -0.006 -16"><span class='ocrx_word' id='word_1_117' title='bbox 371 1831 618 1883; x_wconf 86' lang='grc' dir='ltr'>Νικαέων</span> <span class='ocrx_word' id='word_1_118' title='bbox 652 1828 899 1899; x_wconf 76' lang='grc' dir='ltr'>ἐπράχθη</span> <span class='ocrx_word' id='word_1_119' title='bbox 927 1844 939 1855; x_wconf 92' lang='grc'><strong>·</strong></span> <span class='ocrx_word' id='word_1_120' title='bbox 988 1823 1069 1889; x_wconf 85' lang='grc' dir='ltr'><strong>οἷς</strong></span> <span class='ocrx_word' id='word_1_121' title='bbox 1103 1826 1238 1891; x_wconf 81' lang='grc' dir='ltr'>δόλῳ</span> <span class='ocrx_word' id='word_1_122' title='bbox 1282 1827 1379 1878; x_wconf 75' lang='grc' dir='ltr'><strong>καὶ</strong></span> <span class='ocrx_word' id='word_1_123' title='bbox 1418 1824 1673 1895; x_wconf 75' lang='grc' dir='ltr'>ἐπιορκία</span> <span class='ocrx_word' id='word_1_124' title='bbox 1712 1825 1936 1876; x_wconf 81' lang='grc' dir='ltr'>ὑποπει-</span> 
     </span>
    </p>
   </div>
   <div class='ocr_carea' id='block_1_20' title="bbox 2044 644 3608 715">
    <p class='ocr_par' dir='ltr' id='par_1_20' title="bbox 2044 644 3608 715">
     <span class='ocr_line' id='line_1_20' title="bbox 2044 644 3608 715; baseline -0.001 -14"><span class='ocrx_word' id='word_1_125' title='bbox 2044 646 2209 701; x_wconf 90' lang='lat' dir='ltr'><strong>etiam</strong></span> <span class='ocrx_word' id='word_1_126' title='bbox 2259 660 2359 701; x_wconf 93' lang='lat' dir='ltr'><strong>nos</strong></span> <span class='ocrx_word' id='word_1_127' title='bbox 2395 660 2499 699; x_wconf 88' lang='lat' dir='ltr'><strong>una</strong></span> <span class='ocrx_word' id='word_1_128' title='bbox 2531 659 2654 698; x_wconf 91' lang='lat' dir='ltr'><strong>cum</strong></span> <span class='ocrx_word' id='word_1_129' title='bbox 2685 644 3017 715; x_wconf 75' lang='lat' dir='ltr'><strong>supradictis</strong></span> <span class='ocrx_word' id='word_1_130' title='bbox 3046 644 3290 701; x_wconf 85' lang='lat' dir='ltr'><strong>eamdem</strong></span> <span class='ocrx_word' id='word_1_131' title='bbox 3333 645 3493 700; x_wconf 88' lang='lat' dir='ltr'><strong>ﬁdem</strong></span> <span class='ocrx_word' id='word_1_132' title='bbox 3525 656 3608 700; x_wconf 88' lang='lat' dir='ltr'><strong>te-</strong></span> 
     </span>
    </p>
   </div>
   <div class='ocr_carea' id='block_1_21' title="bbox 2042 737 3606 807">
    <p class='ocr_par' dir='ltr' id='par_1_21' title="bbox 2042 737 3606 807">
     <span class='ocr_line' id='line_1_21' title="bbox 2042 737 3606 807; baseline 0 -16"><span class='ocrx_word' id='word_1_133' title='bbox 2042 739 2232 792; x_wconf 78' lang='lat' dir='ltr'><strong>nuisse</strong></span> <span class='ocrx_word' id='word_1_134' title='bbox 2263 751 2328 790; x_wconf 87' lang='lat' dir='ltr'><strong>ac</strong></span> <span class='ocrx_word' id='word_1_135' title='bbox 2360 744 2566 799; x_wconf 89' lang='lat' dir='ltr'><strong>tenere,</strong></span> <span class='ocrx_word' id='word_1_136' title='bbox 2609 743 2664 791; x_wconf 91' lang='lat' dir='ltr'><strong>et</strong></span> <span class='ocrx_word' id='word_1_137' title='bbox 2710 752 2883 807; x_wconf 88' lang='lat' dir='ltr'><strong>usque</strong></span> <span class='ocrx_word' id='word_1_138' title='bbox 2919 737 2983 791; x_wconf 80' lang='lat' dir='ltr'><strong>ad</strong></span> <span class='ocrx_word' id='word_1_139' title='bbox 3017 746 3322 791; x_wconf 83' lang='lat' dir='ltr'><strong>extremum</strong></span> <span class='ocrx_word' id='word_1_140' title='bbox 3353 738 3606 806; x_wconf 87' lang='lat' dir='ltr'><strong>spiritum</strong></span> 
     </span>
    </p>
   </div>
   <div class='ocr_carea' id='block_1_22' title="bbox 2043 827 3606 895">
    <p class='ocr_par' dir='ltr' id='par_1_22' title="bbox 2043 827 3606 895">
     <span class='ocr_line' id='line_1_22' title="bbox 2043 827 3606 895; baseline -0.003 -11"><span class='ocrx_word' id='word_1_141' title='bbox 2043 836 2355 884; x_wconf 77' lang='lat' dir='ltr'><strong>servaturos</strong></span> <span class='ocrx_word' id='word_1_142' title='bbox 2403 842 2547 892; x_wconf 88' lang='lat' dir='ltr'><strong>esse,</strong></span> <span class='ocrx_word' id='word_1_143' title='bbox 2610 827 2717 895; x_wconf 89' lang='lat' dir='ltr'><strong>ipsi</strong></span> <span class='ocrx_word' id='word_1_144' title='bbox 2794 842 2961 882; x_wconf 88' lang='lat' dir='ltr'><strong>manu</strong></span> <span class='ocrx_word' id='word_1_145' title='bbox 3010 837 3200 881; x_wconf 89' lang='lat' dir='ltr'><strong>nostra</strong></span> <span class='ocrx_word' id='word_1_146' title='bbox 3264 828 3606 895; x_wconf 85' lang='lat' dir='ltr'><strong>profitemur,</strong></span> 
     </span>
    </p>
   </div>
   <div class='ocr_carea' id='block_1_23' title="bbox 2040 916 3608 987">
    <p class='ocr_par' dir='ltr' id='par_1_23' title="bbox 2040 916 3608 987">
     <span class='ocr_line' id='line_1_23' title="bbox 2040 916 3608 987; baseline 0 -16"><span class='ocrx_word' id='word_1_147' title='bbox 2040 922 2229 973; x_wconf 83' lang='lat' dir='ltr'><strong>Arium</strong></span> <span class='ocrx_word' id='word_1_148' title='bbox 2257 926 2312 973; x_wconf 90' lang='lat' dir='ltr'><strong>et</strong></span> <span class='ocrx_word' id='word_1_149' title='bbox 2348 918 2567 987; x_wconf 85' lang='lat' dir='ltr'><strong>impiam</strong></span> <span class='ocrx_word' id='word_1_150' title='bbox 2603 918 2724 987; x_wconf 86' lang='lat' dir='ltr'><strong>ejus</strong></span> <span class='ocrx_word' id='word_1_151' title='bbox 2766 917 3103 981; x_wconf 87' lang='lat' dir='ltr'><strong>doctrinam,</strong></span> <span class='ocrx_word' id='word_1_152' title='bbox 3147 932 3253 971; x_wconf 89' lang='lat' dir='ltr'><strong>una</strong></span> <span class='ocrx_word' id='word_1_153' title='bbox 3287 932 3414 971; x_wconf 89' lang='lat' dir='ltr'><strong>cum</strong></span> <span class='ocrx_word' id='word_1_154' title='bbox 3440 916 3608 971; x_wconf 86' lang='lat' dir='ltr'><strong>disci-</strong></span> 
     </span>
    </p>
   </div>
   <div class='ocr_carea' id='block_1_24' title="bbox 2041 1008 3607 1081">
    <p class='ocr_par' dir='ltr' id='par_1_24' title="bbox 2041 1008 3607 1081">
     <span class='ocr_line' id='line_1_24' title="bbox 2041 1008 3607 1081; baseline -0.003 -17"><span class='ocrx_word' id='word_1_155' title='bbox 2041 1013 2187 1081; x_wconf 90' lang='lat' dir='ltr'><strong>pulis</strong></span> <span class='ocrx_word' id='word_1_156' title='bbox 2234 1011 2403 1075; x_wconf 90' lang='lat' dir='ltr'><strong>illius,</strong></span> <span class='ocrx_word' id='word_1_157' title='bbox 2437 1019 2495 1066; x_wconf 90' lang='lat' dir='ltr'><strong>et</strong></span> <span class='ocrx_word' id='word_1_158' title='bbox 2521 1010 2708 1065; x_wconf 91' lang='lat' dir='ltr'><strong>eadem</strong></span> <span class='ocrx_word' id='word_1_159' title='bbox 2744 1025 2867 1064; x_wconf 91' lang='lat' dir='ltr'><strong>cum</strong></span> <span class='ocrx_word' id='word_1_160' title='bbox 2915 1010 3008 1064; x_wconf 90' lang='lat' dir='ltr'><strong>illo</strong></span> <span class='ocrx_word' id='word_1_161' title='bbox 3060 1008 3425 1065; x_wconf 73' lang='lat' dir='ltr'><strong>sentientibus</strong></span> <span class='ocrx_word' id='word_1_162' title='bbox 3473 1024 3607 1061; x_wconf 88' lang='lat' dir='ltr'><strong>con-</strong></span> 
     </span>
    </p>
   </div>
   <div class='ocr_carea' id='block_1_25' title="bbox 2040 1097 3606 1168">
    <p class='ocr_par' dir='ltr' id='par_1_25' title="bbox 2040 1097 3606 1168">
     <span class='ocr_line' id='line_1_25' title="bbox 2040 1097 3606 1168; baseline -0.001 -15"><span class='ocrx_word' id='word_1_163' title='bbox 2040 1100 2402 1165; x_wconf 84' lang='lat' dir='ltr'><strong>detunantes;</strong></span> <span class='ocrx_word' id='word_1_164' title='bbox 2455 1114 2671 1153; x_wconf 89' lang='lat' dir='ltr'><strong>omnem</strong></span> <span class='ocrx_word' id='word_1_165' title='bbox 2720 1109 2979 1168; x_wconf 71' lang='lat' dir='ltr'><strong>praeterea</strong></span> <span class='ocrx_word' id='word_1_166' title='bbox 3025 1099 3271 1153; x_wconf 75' lang='lat' dir='ltr'><strong>hzercsim</strong></span> <span class='ocrx_word' id='word_1_167' title='bbox 3317 1097 3606 1167; x_wconf 83' lang='lat' dir='ltr'><strong>Patmpas-</strong></span> 
     </span>
    </p>
   </div>
   <div class='ocr_carea' id='block_1_26' title="bbox 2040 1186 3605 1266">
    <p class='ocr_par' dir='ltr' id='par_1_26' title="bbox 2040 1186 3605 1266">
     <span class='ocr_line' id='line_1_26' title="bbox 2040 1186 3605 1266; baseline -0.001 -23"><span class='ocrx_word' id='word_1_168' title='bbox 2040 1189 2207 1252; x_wconf 89' lang='lat' dir='ltr'><strong>siani,</strong></span> <span class='ocrx_word' id='word_1_169' title='bbox 2240 1188 2554 1251; x_wconf 83' lang='lat' dir='ltr'><strong>Marcionis,</strong></span> <span class='ocrx_word' id='word_1_170' title='bbox 2596 1188 2839 1252; x_wconf 88' lang='lat' dir='ltr'><strong>Photini,</strong></span> <span class='ocrx_word' id='word_1_171' title='bbox 2871 1187 3104 1242; x_wconf 82' lang='lat' dir='ltr'><strong>Marcelli</strong></span> <span class='ocrx_word' id='word_1_172' title='bbox 3144 1196 3198 1266; x_wconf 83' lang='lat' dir='ltr'><strong>et</strong></span> <span class='ocrx_word' id='word_1_173' title='bbox 3229 1186 3382 1242; x_wconf 87' lang='lat' dir='ltr'><strong>Pauli</strong></span> <span class='ocrx_word' id='word_1_174' title='bbox 3416 1186 3605 1241; x_wconf 85' lang='lat' dir='ltr'><strong>Samo-</strong></span> 
     </span>
    </p>
   </div>
   <div class='ocr_carea' id='block_1_27' title="bbox 2040 1280 3603 1350">
    <p class='ocr_par' dir='ltr' id='par_1_27' title="bbox 2040 1280 3603 1350">
     <span class='ocr_line' id='line_1_27' title="bbox 2040 1280 3603 1350; baseline -0.003 -13"><span class='ocrx_word' id='word_1_175' title='bbox 2040 1282 2238 1337; x_wconf 91' lang='lat' dir='ltr'><strong>sateni.</strong></span> <span class='ocrx_word' id='word_1_176' title='bbox 2288 1281 2490 1336; x_wconf 85' lang='lat' dir='ltr'><strong>Horum</strong></span> <span class='ocrx_word' id='word_1_177' title='bbox 2538 1282 2839 1336; x_wconf 89' lang='lat' dir='ltr'><strong>doctrinam</strong></span> <span class='ocrx_word' id='word_1_178' title='bbox 2891 1291 2945 1335; x_wconf 89' lang='lat' dir='ltr'><strong>et</strong></span> <span class='ocrx_word' id='word_1_179' title='bbox 2991 1282 3275 1335; x_wconf 89' lang='lat' dir='ltr'><strong>universos</strong></span> <span class='ocrx_word' id='word_1_180' title='bbox 3324 1281 3417 1350; x_wconf 86' lang='lat' dir='ltr'><strong>qui</strong></span> <span class='ocrx_word' id='word_1_181' title='bbox 3463 1280 3603 1334; x_wconf 86' lang='lat' dir='ltr'><strong>idem</strong></span> 
     </span>
    </p>
   </div>
   <div class='ocr_carea' id='block_1_28' title="bbox 2040 1370 3605 1441">
    <p class='ocr_par' dir='ltr' id='par_1_28' title="bbox 2040 1370 3605 1441">
     <span class='ocr_line' id='line_1_28' title="bbox 2040 1370 3605 1441; baseline -0.002 -16"><span class='ocrx_word' id='word_1_182' title='bbox 2040 1387 2165 1425; x_wconf 91' lang='lat' dir='ltr'><strong>cum</strong></span> <span class='ocrx_word' id='word_1_183' title='bbox 2201 1371 2310 1426; x_wconf 86' lang='lat' dir='ltr'><strong>illis</strong></span> <span class='ocrx_word' id='word_1_184' title='bbox 2350 1372 2621 1437; x_wconf 90' lang='lat' dir='ltr'><strong>sentiunt,</strong></span> <span class='ocrx_word' id='word_1_185' title='bbox 2669 1387 2860 1427; x_wconf 89' lang='lat' dir='ltr'><strong>omnes</strong></span> <span class='ocrx_word' id='word_1_186' title='bbox 2893 1370 3126 1441; x_wconf 88' lang='lat' dir='ltr'><strong>denique</strong></span> <span class='ocrx_word' id='word_1_187' title='bbox 3160 1372 3396 1426; x_wconf 65' lang='lat' dir='ltr'><strong>haereses</strong></span> <span class='ocrx_word' id='word_1_188' title='bbox 3422 1372 3605 1425; x_wconf 90' lang='lat' dir='ltr'><strong>adver-</strong></span> 
     </span>
    </p>
   </div>
   <div class='ocr_carea' id='block_1_29' title="bbox 2039 1463 3603 1534">
    <p class='ocr_par' dir='ltr' id='par_1_29' title="bbox 2039 1463 3603 1534">
     <span class='ocr_line' id='line_1_29' title="bbox 2039 1463 3603 1534; baseline 0 -17"><span class='ocrx_word' id='word_1_189' title='bbox 2039 1470 2225 1517; x_wconf 90' lang='lat' dir='ltr'><strong>santes</strong></span> <span class='ocrx_word' id='word_1_190' title='bbox 2255 1470 2459 1517; x_wconf 73' lang='lat' dir='ltr'><strong>sancta:</strong></span> <span class='ocrx_word' id='word_1_191' title='bbox 2495 1463 2618 1517; x_wconf 91' lang='lat' dir='ltr'><strong>ﬁdei</strong></span> <span class='ocrx_word' id='word_1_192' title='bbox 2660 1464 3007 1532; x_wconf 69' lang='lat' dir='ltr'><strong>supradictae,</strong></span> <span class='ocrx_word' id='word_1_193' title='bbox 3054 1479 3174 1534; x_wconf 79' lang='lat' dir='ltr'><strong>qua:</strong></span> <span class='ocrx_word' id='word_1_194' title='bbox 3216 1464 3302 1532; x_wconf 86' lang='lat' dir='ltr'><strong>pie</strong></span> <span class='ocrx_word' id='word_1_195' title='bbox 3337 1478 3366 1515; x_wconf 90' lang='lat' dir='ltr'><strong>a</strong></span> <span class='ocrx_word' id='word_1_196' title='bbox 3402 1464 3603 1517; x_wconf 77' lang='lat' dir='ltr'><strong>sanctis</strong></span> 
     </span>
    </p>
   </div>
   <div class='ocr_carea' id='block_1_30' title="bbox 2038 1552 3604 1622">
    <p class='ocr_par' dir='ltr' id='par_1_30' title="bbox 2038 1552 3604 1622">
     <span class='ocr_line' id='line_1_30' title="bbox 2038 1552 3604 1622; baseline 0.001 -17"><span class='ocrx_word' id='word_1_197' title='bbox 2038 1552 2292 1607; x_wconf 78' lang='lat' dir='ltr'><strong>Patribus</strong></span> <span class='ocrx_word' id='word_1_198' title='bbox 2325 1552 2518 1608; x_wconf 69' lang='lat' dir='ltr'><strong>Nicaeae</strong></span> <span class='ocrx_word' id='word_1_199' title='bbox 2554 1554 2799 1622; x_wconf 81' lang='lat' dir='ltr'><strong>exposita</strong></span> <span class='ocrx_word' id='word_1_200' title='bbox 2830 1562 2933 1618; x_wconf 90' lang='lat' dir='ltr'><strong>est,</strong></span> <span class='ocrx_word' id='word_1_201' title='bbox 2986 1555 3335 1608; x_wconf 81' lang='lat' dir='ltr'><strong>anathemate</strong></span> <span class='ocrx_word' id='word_1_202' title='bbox 3378 1554 3604 1607; x_wconf 85' lang='lat' dir='ltr'><strong>damna-</strong></span> 
     </span>
    </p>
   </div>
   <div class='ocr_carea' id='block_1_31' title="bbox 2038 1644 3603 1714">
    <p class='ocr_par' dir='ltr' id='par_1_31' title="bbox 2038 1644 3603 1714">
     <span class='ocr_line' id='line_1_31' title="bbox 2038 1644 3603 1714; baseline 0.001 -17"><span class='ocrx_word' id='word_1_203' title='bbox 2038 1660 2160 1699; x_wconf 91' lang='lat' dir='ltr'><strong>mus</strong></span> <span class='ocrx_word' id='word_1_204' title='bbox 2199 1664 2212 1698; x_wconf 91' lang='lat'>:</span> <span class='ocrx_word' id='word_1_205' title='bbox 2245 1646 2531 1699; x_wconf 87' lang='lat' dir='ltr'><strong>anathema</strong></span> <span class='ocrx_word' id='word_1_206' title='bbox 2566 1645 2835 1713; x_wconf 64' lang='lat' dir='ltr'><strong>praecipue</strong></span> <span class='ocrx_word' id='word_1_207' title='bbox 2855 1644 3097 1700; x_wconf 87' lang='lat' dir='ltr'><strong>dicentes</strong></span> <span class='ocrx_word' id='word_1_208' title='bbox 3122 1646 3269 1711; x_wconf 85' lang='lat' dir='ltr'><strong>Ario,</strong></span> <span class='ocrx_word' id='word_1_209' title='bbox 3304 1654 3357 1700; x_wconf 87' lang='lat' dir='ltr'><strong>et</strong></span> <span class='ocrx_word' id='word_1_210' title='bbox 3387 1646 3454 1699; x_wconf 90' lang='lat' dir='ltr'><strong>iis</strong></span> <span class='ocrx_word' id='word_1_211' title='bbox 3483 1662 3603 1714; x_wconf 75' lang='lat' dir='ltr'><strong>qua:</strong></span> 
     </span>
    </p>
   </div>
   <div class='ocr_carea' id='block_1_32' title="bbox 2039 1735 3600 1807">
    <p class='ocr_par' dir='ltr' id='par_1_32' title="bbox 2039 1735 3600 1807">
     <span class='ocr_line' id='line_1_32' title="bbox 2039 1735 3600 1807; baseline 0.001 -20"><span class='ocrx_word' id='word_1_212' title='bbox 2039 1735 2094 1788; x_wconf 93' lang='lat' dir='ltr'><strong>in</strong></span> <span class='ocrx_word' id='word_1_213' title='bbox 2128 1735 2459 1789; x_wconf 84' lang='lat' dir='ltr'><strong>Ariniinensi</strong></span> <span class='ocrx_word' id='word_1_214' title='bbox 2490 1735 2701 1804; x_wconf 85' lang='lat' dir='ltr'><strong>synodo</strong></span> <span class='ocrx_word' id='word_1_215' title='bbox 2729 1743 2880 1804; x_wconf 83' lang='lat' dir='ltr'><strong>gesta</strong></span> <span class='ocrx_word' id='word_1_216' title='bbox 2914 1744 3041 1791; x_wconf 90' lang='lat' dir='ltr'><strong>sunt</strong></span> <span class='ocrx_word' id='word_1_217' title='bbox 3067 1745 3256 1790; x_wconf 87' lang='lat' dir='ltr'><strong>contra</strong></span> <span class='ocrx_word' id='word_1_218' title='bbox 3286 1738 3600 1807; x_wconf 60' lang='lat' dir='ltr'><strong>praedictam</strong></span> 
     </span>
    </p>
   </div>
   <div class='ocr_carea' id='block_1_33' title="bbox 2041 1827 3601 1900">
    <p class='ocr_par' dir='ltr' id='par_1_33' title="bbox 2041 1827 3601 1900">
     <span class='ocr_line' id='line_1_33' title="bbox 2041 1827 3601 1900; baseline 0.003 -21"><span class='ocrx_word' id='word_1_219' title='bbox 2041 1827 2200 1881; x_wconf 80' lang='lat' dir='ltr'><strong>fidem</strong></span> <span class='ocrx_word' id='word_1_220' title='bbox 2248 1829 2423 1884; x_wconf 85' lang='lat' dir='ltr'><strong>sancti</strong></span> <span class='ocrx_word' id='word_1_221' title='bbox 2470 1829 2692 1883; x_wconf 86' lang='lat' dir='ltr'><strong>concilii</strong></span> <span class='ocrx_word' id='word_1_222' title='bbox 2753 1827 2980 1883; x_wconf 71' lang='lat' dir='ltr'><strong>Nicrcni.</strong></span> <span class='ocrx_word' id='word_1_223' title='bbox 3037 1829 3246 1895; x_wconf 87' lang='lat' dir='ltr'><strong>Quibus</strong></span> <span class='ocrx_word' id='word_1_224' title='bbox 3291 1830 3359 1883; x_wconf 91' lang='lat' dir='ltr'><strong>ab</strong></span> <span class='ocrx_word' id='word_1_225' title='bbox 3405 1831 3601 1900; x_wconf 90' lang='lat' dir='ltr'><strong>oppido</strong></span> 
     </span>
    </p>
   </div>
   <div class='ocr_carea' id='block_1_34' title="bbox 372 1890 2130 1989">
    <p class='ocr_par' dir='ltr' id='par_1_34' title="bbox 372 1890 2122 1987">
     <span class='ocr_line' id='line_1_34' title="bbox 372 1890 2122 1987; baseline -0.003 -14"><span class='ocrx_word' id='word_1_226' title='bbox 372 1922 591 1983; x_wconf 74' lang='grc' dir='ltr'>σθέντες</span> <span class='ocrx_word' id='word_1_227' title='bbox 617 1922 673 1973; x_wconf 79' lang='grc' dir='ltr'>ὲν</span> <span class='ocrx_word' id='word_1_228' title='bbox 693 1890 1257 1971; x_wconf 59' lang='grc' dir='ltr'>Κωνσταντινουπόλει</span> <span class='ocrx_word' id='word_1_229' title='bbox 1278 1890 1613 1987; x_wconf 83' lang='grc' dir='ltr'>κομισθεῖσιν</span> <span class='ocrx_word' id='word_1_230' title='bbox 1637 1890 1742 1967; x_wconf 71' lang='grc' dir='ltr'><strong>άπὸ</strong></span> <span class='ocrx_word' id='word_1_231' title='bbox 1764 1915 1937 1985; x_wconf 85' lang='grc' dir='ltr'>Νίκης</span> <span class='ocrx_word' id='word_1_232' title='bbox 1970 1890 2011 1943; x_wconf 74' lang='grc' dir='ltr'><strong>Β</strong></span> <span class='ocrx_word' id='word_1_233' title='bbox 2042 1920 2122 1974; x_wconf 85' lang='lat' dir='ltr'><strong>Th</strong></span> 
     </span>
    </p>
   </div>
   <div class='ocr_carea' id='block_1_35' title="bbox 1840 1890 3598 1989">
    <p class='ocr_par' dir='ltr' id='par_1_35' title="bbox 1840 1890 3598 1989">
     <span class='ocr_line' id='line_1_35' title="bbox 1840 1890 3598 1989; baseline -0.002 -12"><span class='ocrx_word' id='word_1_234' title='bbox 1840 1931 1937 1985; x_wconf 83' lang='grc' dir='ltr'>κης</span> <span class='ocrx_word' id='word_1_235' title='bbox 1970 1890 2011 1943; x_wconf 73' lang='grc' dir='ltr'><strong>Β</strong></span> <span class='ocrx_word' id='word_1_236' title='bbox 2042 1920 2289 1975; x_wconf 75' lang='lat' dir='ltr'><strong>Thraciae</strong></span> <span class='ocrx_word' id='word_1_237' title='bbox 2322 1920 2451 1975; x_wconf 84' lang='lat' dir='ltr'><strong>Nice</strong></span> <span class='ocrx_word' id='word_1_238' title='bbox 2475 1921 2674 1984; x_wconf 82' lang='lat' dir='ltr'><strong>allatis,</strong></span> <span class='ocrx_word' id='word_1_239' title='bbox 2701 1921 2827 1975; x_wconf 91' lang='lat' dir='ltr'><strong>dolo</strong></span> <span class='ocrx_word' id='word_1_240' title='bbox 2857 1935 2921 1975; x_wconf 92' lang='lat' dir='ltr'><strong>ac</strong></span> <span class='ocrx_word' id='word_1_241' title='bbox 2951 1922 3190 1989; x_wconf 90' lang='lat' dir='ltr'><strong>perjurio</strong></span> <span class='ocrx_word' id='word_1_242' title='bbox 3218 1921 3598 1985; x_wconf 78' lang='lat' dir='ltr'><strong>circumventi,</strong></span> 
     </span>
    </p>
   </div>
   <div class='ocr_carea' id='block_1_36' title="bbox 371 2010 1934 2087">
    <p class='ocr_par' dir='ltr' id='par_1_36' title="bbox 371 2010 1934 2087">
     <span class='ocr_line' id='line_1_36' title="bbox 371 2010 1934 2087; baseline -0.005 -19"><span class='ocrx_word' id='word_1_243' title='bbox 371 2017 469 2085; x_wconf 80' lang='grc' dir='ltr'>τῆς</span> <span class='ocrx_word' id='word_1_244' title='bbox 506 2016 746 2087; x_wconf 81' lang='grc' dir='ltr'>Θρᾴκης,</span> <span class='ocrx_word' id='word_1_245' title='bbox 799 2014 1215 2084; x_wconf 59' lang='grc' dir='ltr'>ὑπεγράψαμεν.</span> <span class='ocrx_word' id='word_1_246' title='bbox 1260 2010 1444 2065; x_wconf 79' lang='grc' dir='ltr'>Ταῦτα</span> <span class='ocrx_word' id='word_1_247' title='bbox 1487 2010 1934 2080; x_wconf 85' lang='grc' dir='ltr'>ὁμολογήσαντες,</span> 
     </span>
    </p>
   </div>
   <div class='ocr_carea' id='block_1_37' title="bbox 372 2102 1937 2177">
    <p class='ocr_par' dir='ltr' id='par_1_37' title="bbox 372 2102 1937 2177">
     <span class='ocr_line' id='line_1_37' title="bbox 372 2102 1937 2177; baseline -0.008 -15"><span class='ocrx_word' id='word_1_248' title='bbox 372 2111 465 2163; x_wconf 71' lang='grc' dir='ltr'>καὶ</span> <span class='ocrx_word' id='word_1_249' title='bbox 492 2109 589 2177; x_wconf 79' lang='grc' dir='ltr'><strong>τὴν</strong></span> <span class='ocrx_word' id='word_1_250' title='bbox 621 2107 931 2161; x_wconf 78' lang='grc' dir='ltr'>ἐκτεοεῖσαν</span> <span class='ocrx_word' id='word_1_251' title='bbox 974 2107 1030 2156; x_wconf 80' lang='grc' dir='ltr'><strong>ἐν</strong></span> <span class='ocrx_word' id='word_1_252' title='bbox 1076 2104 1281 2173; x_wconf 57' lang='lat' dir='ltr'><strong>Nimia.</strong></span> <span class='ocrx_word' id='word_1_253' title='bbox 1308 2103 1509 2165; x_wconf 89' lang='grc' dir='ltr'>πίστιν,</span> <span class='ocrx_word' id='word_1_254' title='bbox 1541 2102 1721 2163; x_wconf 84' lang='grc' dir='ltr'>αὐτοῖς</span> <span class='ocrx_word' id='word_1_255' title='bbox 1755 2102 1937 2170; x_wconf 76' lang='grc' dir='ltr'>ῥητοῖς</span> 
     </span>
    </p>
   </div>
   <div class='ocr_carea' id='block_1_38' title="bbox 372 2191 1940 2272">
    <p class='ocr_par' dir='ltr' id='par_1_38' title="bbox 372 2191 1940 2272">
     <span class='ocr_line' id='line_1_38' title="bbox 372 2191 1940 2272; baseline -0.008 -18"><span class='ocrx_word' id='word_1_256' title='bbox 372 2205 437 2272; x_wconf 80' lang='grc' dir='ltr'>τῇ</span> <span class='ocrx_word' id='word_1_257' title='bbox 466 2201 609 2270; x_wconf 74' lang='grc' dir='ltr'>οἰκίᾳ</span> <span class='ocrx_word' id='word_1_258' title='bbox 637 2198 894 2268; x_wconf 81' lang='grc' dir='ltr'>ὁμολογίᾳ</span> <span class='ocrx_word' id='word_1_259' title='bbox 937 2196 1175 2265; x_wconf 69' lang='grc' dir='ltr'>συνῆψαν</span> <span class='ocrx_word' id='word_1_260' title='bbox 1196 2234 1209 2258; x_wconf 90' lang='grc'><strong>,</strong></span> <span class='ocrx_word' id='word_1_261' title='bbox 1258 2195 1359 2247; x_wconf 64' lang='grc' dir='ltr'>καὶ</span> <span class='ocrx_word' id='word_1_262' title='bbox 1382 2195 1511 2264; x_wconf 77' lang='grc' dir='ltr'>περὶ</span> <span class='ocrx_word' id='word_1_263' title='bbox 1536 2193 1646 2245; x_wconf 85' lang='grc' dir='ltr'>τῶν</span> <span class='ocrx_word' id='word_1_264' title='bbox 1672 2191 1940 2261; x_wconf 81' lang='grc' dir='ltr'>πραχθέν-</span> 
     </span>
    </p>
   </div>
   <div class='ocr_carea' id='block_1_39' title="bbox 372 2283 1939 2363">
    <p class='ocr_par' dir='ltr' id='par_1_39' title="bbox 372 2283 1939 2363">
     <span class='ocr_line' id='line_1_39' title="bbox 372 2283 1939 2363; baseline -0.009 -16"><span class='ocrx_word' id='word_1_265' title='bbox 372 2311 490 2348; x_wconf 83' lang='grc' dir='ltr'>τωνι</span> <span class='ocrx_word' id='word_1_266' title='bbox 505 2292 805 2363; x_wconf 80' lang='grc' dir='ltr'>γράμματα</span> <span class='ocrx_word' id='word_1_267' title='bbox 850 2288 1100 2360; x_wconf 81' lang='grc' dir='ltr'>Λιὸερίου</span> <span class='ocrx_word' id='word_1_268' title='bbox 1127 2286 1401 2350; x_wconf 79' lang='grc' dir='ltr'>λαϐόντες,</span> <span class='ocrx_word' id='word_1_269' title='bbox 1444 2285 1709 2337; x_wconf 78' lang='grc' dir='ltr'>ἔπλευσαν</span> <span class='ocrx_word' id='word_1_270' title='bbox 1738 2283 1817 2345; x_wconf 89' lang='grc' dir='ltr'><strong>είς</strong></span> <span class='ocrx_word' id='word_1_271' title='bbox 1846 2283 1939 2333; x_wconf 89' lang='grc' dir='ltr'><strong>Σι-</strong></span> 
     </span>
    </p>
   </div>
   <div class='ocr_carea' id='block_1_40' title="bbox 373 2386 575 2440">
    <p class='ocr_par' dir='ltr' id='par_1_40' title="bbox 373 2386 575 2440">
     <span class='ocr_line' id='line_1_40' title="bbox 373 2386 575 2440; baseline -0.015 0"><span class='ocrx_word' id='word_1_272' title='bbox 373 2386 575 2440; x_wconf 81' lang='grc' dir='ltr'>κελίαν.</span> 
     </span>
    </p>
   </div>
   <div class='ocr_carea' id='block_1_41' title="bbox 972 2470 1360 2527">
    <p class='ocr_par' dir='ltr' id='par_1_41' title="bbox 972 2470 1360 2527">
     <span class='ocr_line' id='line_1_41' title="bbox 972 2470 1360 2527; baseline -0.01 0"><span class='ocrx_word' id='word_1_273' title='bbox 972 2474 1221 2527; x_wconf 80' lang='grc' dir='ltr'><strong>ΚΕΦΑΛ.</strong></span> <span class='ocrx_word' id='word_1_274' title='bbox 1262 2470 1360 2524; x_wconf 86' lang='lat' dir='ltr'><strong>IB&#39;.</strong></span> 
     </span>
    </p>
   </div>
   <div class='ocr_carea' id='block_1_42' title="bbox 373 2556 1934 2635">
    <p class='ocr_par' dir='ltr' id='par_1_42' title="bbox 373 2556 1934 2635">
     <span class='ocr_line' id='line_1_42' title="bbox 373 2556 1934 2635; baseline -0.009 -13"><span class='ocrx_word' id='word_1_275' title='bbox 373 2568 508 2635; x_wconf 82' lang='grc' dir='ltr'>Περὶ</span> <span class='ocrx_word' id='word_1_276' title='bbox 531 2566 636 2631; x_wconf 83' lang='grc' dir='ltr'>τῆς</span> <span class='ocrx_word' id='word_1_277' title='bbox 658 2567 726 2618; x_wconf 79' lang='grc' dir='ltr'><strong>ἐν</strong></span> <span class='ocrx_word' id='word_1_278' title='bbox 749 2563 987 2635; x_wconf 64' lang='grc' dir='ltr'>Σικελίᾳ</span> <span class='ocrx_word' id='word_1_279' title='bbox 1010 2561 1296 2635; x_wconf 65' lang='grc' dir='ltr'>συνόδου,</span> <span class='ocrx_word' id='word_1_280' title='bbox 1322 2559 1422 2635; x_wconf 54' lang='lat' dir='ltr'><strong>zeal</strong></span> <span class='ocrx_word' id='word_1_281' title='bbox 1447 2558 1557 2635; x_wconf 72' lang='grc' dir='ltr'>τῆς</span> <span class='ocrx_word' id='word_1_282' title='bbox 1575 2558 1645 2610; x_wconf 84' lang='grc' dir='ltr'><strong>ἐν</strong></span> <span class='ocrx_word' id='word_1_283' title='bbox 1670 2556 1934 2635; x_wconf 57' lang='lat' dir='ltr'><strong>Tucia-etc,</strong></span> 
     </span>
    </p>
   </div>
   <div class='ocr_carea' id='block_1_43' title="bbox 439 2628 1935 2702">
    <p class='ocr_par' dir='ltr' id='par_1_43' title="bbox 439 2628 1935 2702">
     <span class='ocr_line' id='line_1_43' title="bbox 439 2628 1935 2702; baseline -0.009 -12"><span class='ocrx_word' id='word_1_284' title='bbox 439 2628 536 2690; x_wconf 55' lang='grc' dir='ltr'><strong>καί</strong></span> <span class='ocrx_word' id='word_1_285' title='bbox 553 2628 683 2702; x_wconf 66' lang='grc' dir='ltr'>περὶ</span> <span class='ocrx_word' id='word_1_286' title='bbox 707 2634 813 2698; x_wconf 84' lang='grc' dir='ltr'>τῆς</span> <span class='ocrx_word' id='word_1_287' title='bbox 831 2633 1139 2702; x_wconf 73' lang='grc' dir='ltr'><strong>ἑνΚΙλικίςι</strong></span> <span class='ocrx_word' id='word_1_288' title='bbox 1156 2629 1649 2702; x_wconf 73' lang='grc' dir='ltr'>προσδοκῳμένῃς</span> <span class='ocrx_word' id='word_1_289' title='bbox 1668 2628 1935 2702; x_wconf 63' lang='grc' dir='ltr'>ἐσεσραι,</span> 
     </span>
    </p>
   </div>
   <div class='ocr_carea' id='block_1_44' title="bbox 440 2695 1936 2774">
    <p class='ocr_par' dir='ltr' id='par_1_44' title="bbox 440 2695 1936 2774">
     <span class='ocr_line' id='line_1_44' title="bbox 440 2695 1936 2774; baseline -0.009 -14"><span class='ocrx_word' id='word_1_290' title='bbox 440 2706 521 2774; x_wconf 73' lang='grc' dir='ltr'><strong>ἢν</strong></span> <span class='ocrx_word' id='word_1_291' title='bbox 551 2695 835 2759; x_wconf 40' lang='grc' dir='ltr'>διέλυσεν</span> <span class='ocrx_word' id='word_1_292' title='bbox 870 2695 1138 2774; x_wconf 51' lang='grc' dir='ltr'>οὺάληςλ</span> <span class='ocrx_word' id='word_1_293' title='bbox 1186 2695 1283 2774; x_wconf 64' lang='grc' dir='ltr'><strong>καί</strong></span> <span class='ocrx_word' id='word_1_294' title='bbox 1324 2695 1474 2774; x_wconf 60' lang='grc' dir='ltr'>περί</span> <span class='ocrx_word' id='word_1_295' title='bbox 1496 2697 1775 2774; x_wconf 28' lang='grc' dir='ltr'>τοῦ-τότε</span> <span class='ocrx_word' id='word_1_296' title='bbox 1805 2695 1936 2774; x_wconf 58' lang='grc' dir='ltr'>δίω-</span> 
     </span>
    </p>
   </div>
   <div class='ocr_carea' id='block_1_45' title="bbox 439 2765 1936 2852">
    <p class='ocr_par' dir='ltr' id='par_1_45' title="bbox 439 2765 1936 2852">
     <span class='ocr_line' id='line_1_45' title="bbox 439 2765 1936 2852; baseline -0.002 -23"><span class='ocrx_word' id='word_1_297' title='bbox 439 2765 609 2852; x_wconf 66' lang='grc' dir='ltr'><strong>σχῖμοῦ,</strong></span> <span class='ocrx_word' id='word_1_298' title='bbox 638 2776 735 2852; x_wconf 59' lang='grc' dir='ltr'><strong>καί</strong></span> <span class='ocrx_word' id='word_1_299' title='bbox 763 2774 842 2837; x_wconf 86' lang='grc' dir='ltr'>ὼς</span> <span class='ocrx_word' id='word_1_300' title='bbox 875 2772 1221 2852; x_wconf 58' lang='grc' dir='ltr'>’ᾼᾷανάᾳέος</span> <span class='ocrx_word' id='word_1_301' title='bbox 1243 2772 1275 2822; x_wconf 83' lang='grc' dir='ltr'><em>ὁ</em></span> <span class='ocrx_word' id='word_1_302' title='bbox 1294 2769 1480 2852; x_wconf 58' lang='grc' dir='ltr'>μέγας</span> <span class='ocrx_word' id='word_1_303' title='bbox 1508 2768 1691 2852; x_wconf 46' lang='lat' dir='ltr'><strong>inter</strong></span> <span class='ocrx_word' id='word_1_304' title='bbox 1711 2765 1936 2852; x_wconf 40' lang='lat' dir='ltr'><strong>avrti)”.</strong></span> 
     </span>
    </p>
   </div>
   <div class='ocr_carea' id='block_1_46' title="bbox 437 2839 1938 2913">
    <p class='ocr_par' dir='ltr' id='par_1_46' title="bbox 437 2839 1938 2913">
     <span class='ocr_line' id='line_1_46' title="bbox 437 2839 1938 2913; baseline -0.009 -13"><span class='ocrx_word' id='word_1_305' title='bbox 437 2839 743 2913; x_wconf 66' lang='grc' dir='ltr'>ἆπεκρύόη</span> <span class='ocrx_word' id='word_1_306' title='bbox 760 2861 775 2873; x_wconf 72' lang='grc' dir='ltr'><strong>ο</strong></span> <span class='ocrx_word' id='word_1_307' title='bbox 814 2841 913 2913; x_wconf 69' lang='grc' dir='ltr'>καὶ</span> <span class='ocrx_word' id='word_1_308' title='bbox 936 2841 1016 2904; x_wconf 86' lang='grc' dir='ltr'><strong>ὡς</strong></span> <span class='ocrx_word' id='word_1_309' title='bbox 1035 2842 1218 2913; x_wconf 74' lang='grc' dir='ltr'>πάλιν</span> <span class='ocrx_word' id='word_1_310' title='bbox 1245 2839 1589 2913; x_wconf 34' lang='grc' dir='ltr'>γράμμασιν.</span> <span class='ocrx_word' id='word_1_311' title='bbox 1602 2839 1938 2913; x_wconf 45' lang='grc' dir='ltr'>ρὺἀτῑενζος</span> 
     </span>
    </p>
   </div>
   <div class='ocr_carea' id='block_1_47' title="bbox 436 2904 1938 2984">
    <p class='ocr_par' dir='ltr' id='par_1_47' title="bbox 436 2904 1938 2984">
     <span class='ocr_line' id='line_1_47' title="bbox 436 2904 1938 2984; baseline -0.01 -14"><span class='ocrx_word' id='word_1_312' title='bbox 436 2904 741 2984; x_wconf 62' lang='grc' dir='ltr'>ἀνεφάνη,</span> <span class='ocrx_word' id='word_1_313' title='bbox 776 2911 873 2965; x_wconf 80' lang='grc' dir='ltr'><strong>καί</strong></span> <span class='ocrx_word' id='word_1_314' title='bbox 908 2913 1013 2975; x_wconf 86' lang='grc' dir='ltr'>τὰς</span> <span class='ocrx_word' id='word_1_315' title='bbox 1050 2912 1174 2963; x_wconf 82' lang='grc' dir='ltr'>κατ’</span> <span class='ocrx_word' id='word_1_316' title='bbox 1219 2904 1522 2977; x_wconf 55' lang='lat' dir='ltr'><strong>ﬁrmiter</strong></span> <span class='ocrx_word' id='word_1_317' title='bbox 1576 2904 1938 2972; x_wconf 77' lang='grc' dir='ltr'>Ἐκκλησίας</span> 
     </span>
    </p>
   </div>
   <div class='ocr_carea' id='block_1_48' title="bbox 440 2988 686 3039">
    <p class='ocr_par' dir='ltr' id='par_1_48' title="bbox 440 2988 686 3039">
     <span class='ocr_line' id='line_1_48' title="bbox 440 2988 686 3039; baseline -0.004 0"><span class='ocrx_word' id='word_1_318' title='bbox 440 2988 686 3039; x_wconf 80' lang='grc' dir='ltr'>διεῖπεν.</span> 
     </span>
    </p>
   </div>
   <div class='ocr_carea' id='block_1_49' title="bbox 438 3062 1938 3146">
    <p class='ocr_par' dir='ltr' id='par_1_49' title="bbox 438 3062 1938 3146">
     <span class='ocr_line' id='line_1_49' title="bbox 438 3062 1938 3146; baseline -0.011 -16"><span class='ocrx_word' id='word_1_319' title='bbox 438 3077 736 3146; x_wconf 85' lang='grc' dir='ltr'>Γενομένης</span> <span class='ocrx_word' id='word_1_320' title='bbox 762 3074 816 3127; x_wconf 78' lang='grc' dir='ltr'>δὲ</span> <span class='ocrx_word' id='word_1_321' title='bbox 842 3073 1061 3127; x_wconf 80' lang='grc' dir='ltr'>κάκεῖσε</span> <span class='ocrx_word' id='word_1_322' title='bbox 1086 3070 1297 3123; x_wconf 79' lang='grc' dir='ltr'>συνόδου</span> <span class='ocrx_word' id='word_1_323' title='bbox 1319 3080 1363 3133; x_wconf 78' lang='grc' dir='ltr'>Ρ,</span> <span class='ocrx_word' id='word_1_324' title='bbox 1393 3068 1486 3121; x_wconf 75' lang='grc' dir='ltr'><strong>καὶ</strong></span> <span class='ocrx_word' id='word_1_325' title='bbox 1512 3068 1580 3119; x_wconf 82' lang='grc' dir='ltr'>τὰ</span> <span class='ocrx_word' id='word_1_326' title='bbox 1608 3062 1746 3118; x_wconf 81' lang='grc' dir='ltr'>αὐτὰ</span> <span class='ocrx_word' id='word_1_327' title='bbox 1770 3064 1938 3133; x_wconf 76' lang='grc' dir='ltr'>ψηφι-</span> 
     </span>
    </p>
   </div>
   <div class='ocr_carea' id='block_1_50' title="bbox 371 3159 1933 3239">
    <p class='ocr_par' dir='ltr' id='par_1_50' title="bbox 371 3159 1933 3239">
     <span class='ocr_line' id='line_1_50' title="bbox 371 3159 1933 3239; baseline -0.009 -16"><span class='ocrx_word' id='word_1_328' title='bbox 371 3170 619 3239; x_wconf 84' lang='grc' dir='ltr'>σαμένων</span> <span class='ocrx_word' id='word_1_329' title='bbox 647 3168 753 3220; x_wconf 83' lang='grc' dir='ltr'><strong>τῶν</strong></span> <span class='ocrx_word' id='word_1_330' title='bbox 800 3167 923 3237; x_wconf 79' lang='grc' dir='ltr'>τῇδε</span> <span class='ocrx_word' id='word_1_331' title='bbox 967 3166 1299 3226; x_wconf 73' lang='grc' dir='ltr'>ἐπισκόπων,</span> <span class='ocrx_word' id='word_1_332' title='bbox 1340 3164 1464 3215; x_wconf 75' lang='grc' dir='ltr'>ἐπεὶ</span> <span class='ocrx_word' id='word_1_333' title='bbox 1500 3162 1624 3215; x_wconf 85' lang='grc' dir='ltr'>τάδε</span> <span class='ocrx_word' id='word_1_334' title='bbox 1668 3159 1933 3230; x_wconf 74' lang='grc' dir='ltr'>ἔπραξαν,</span> 
     </span>
    </p>
   </div>
   <div class='ocr_carea' id='block_1_51' title="bbox 372 3250 1936 3341">
    <p class='ocr_par' dir='ltr' id='par_1_51' title="bbox 372 3250 1936 3341">
     <span class='ocr_line' id='line_1_51' title="bbox 372 3250 1936 3341; baseline -0.009 -26"><span class='ocrx_word' id='word_1_335' title='bbox 372 3260 687 3341; x_wconf 78' lang='grc' dir='ltr'>ἐπανῆλθον.</span> <span class='ocrx_word' id='word_1_336' title='bbox 724 3258 858 3312; x_wconf 85' lang='grc' dir='ltr'>Κατ’</span> <span class='ocrx_word' id='word_1_337' title='bbox 890 3259 1090 3310; x_wconf 81' lang='grc' dir='ltr'>ἐκεῖνον</span> <span class='ocrx_word' id='word_1_338' title='bbox 1116 3256 1171 3309; x_wconf 80' lang='grc' dir='ltr'>δὲ</span> <span class='ocrx_word' id='word_1_339' title='bbox 1202 3256 1294 3307; x_wconf 86' lang='grc' dir='ltr'><strong>τὸν</strong></span> <span class='ocrx_word' id='word_1_340' title='bbox 1320 3255 1509 3324; x_wconf 72' lang='grc' dir='ltr'>καιρὸν</span> <span class='ocrx_word' id='word_1_341' title='bbox 1536 3253 1750 3306; x_wconf 86' lang='grc' dir='ltr'>σύνοδον</span> <span class='ocrx_word' id='word_1_342' title='bbox 1778 3250 1936 3319; x_wconf 82' lang='grc' dir='ltr'>ἀγόν-</span> 
     </span>
    </p>
   </div>
   <div class='ocr_carea' id='block_1_52' title="bbox 376 3341 1937 3419">
    <p class='ocr_par' dir='ltr' id='par_1_52' title="bbox 376 3341 1937 3419">
     <span class='ocr_line' id='line_1_52' title="bbox 376 3341 1937 3419; baseline -0.009 -12"><span class='ocrx_word' id='word_1_343' title='bbox 376 3371 477 3407; x_wconf 70' lang='grc' dir='ltr'>οων</span> <span class='ocrx_word' id='word_1_344' title='bbox 528 3354 585 3405; x_wconf 75' lang='grc' dir='ltr'>ἐν</span> <span class='ocrx_word' id='word_1_345' title='bbox 626 3352 854 3413; x_wconf 82' lang='grc' dir='ltr'>Τυάνοις</span> <span class='ocrx_word' id='word_1_346' title='bbox 892 3349 1001 3419; x_wconf 63' lang='grc'><strong>(72)</strong></span> <span class='ocrx_word' id='word_1_347' title='bbox 1052 3347 1311 3401; x_wconf 77' lang='grc' dir='ltr'>Εὑσεϐίου</span> <span class='ocrx_word' id='word_1_348' title='bbox 1358 3346 1450 3399; x_wconf 80' lang='grc' dir='ltr'>τοῦ</span> <span class='ocrx_word' id='word_1_349' title='bbox 1494 3344 1791 3397; x_wconf 75' lang='grc' dir='ltr'>ἐπισκόπου</span> <span class='ocrx_word' id='word_1_350' title='bbox 1836 3341 1937 3411; x_wconf 80' lang='grc' dir='ltr'>τῆς</span> 
     </span>
    </p>
   </div>
   <div class='ocr_carea' id='block_1_53' title="bbox 373 3434 1934 3507">
    <p class='ocr_par' dir='ltr' id='par_1_53' title="bbox 373 3434 1934 3507">
     <span class='ocr_line' id='line_1_53' title="bbox 373 3434 1934 3507; baseline -0.008 -9"><span class='ocrx_word' id='word_1_351' title='bbox 373 3442 752 3498; x_wconf 76' lang='grc' dir='ltr'>Καππαδοκῶν</span> <span class='ocrx_word' id='word_1_352' title='bbox 795 3439 1159 3507; x_wconf 84' lang='grc' dir='ltr'>Καισαρείας,</span> <span class='ocrx_word' id='word_1_353' title='bbox 1200 3435 1516 3490; x_wconf 80' lang='grc' dir='ltr'>Ἀθανασίου</span> <span class='ocrx_word' id='word_1_354' title='bbox 1566 3453 1626 3487; x_wconf 88' lang='grc' dir='ltr'><strong>τε</strong></span> <span class='ocrx_word' id='word_1_355' title='bbox 1670 3434 1762 3487; x_wconf 79' lang='grc' dir='ltr'>τοῦ</span> <span class='ocrx_word' id='word_1_356' title='bbox 1809 3434 1934 3503; x_wconf 79' lang='grc' dir='ltr'><strong>Ἀγ-</strong></span> 
     </span>
    </p>
   </div>
   <div class='ocr_carea' id='block_1_54' title="bbox 370 3522 1932 3605">
    <p class='ocr_par' dir='ltr' id='par_1_54' title="bbox 370 3522 1932 3605">
     <span class='ocr_line' id='line_1_54' title="bbox 370 3522 1932 3605; baseline -0.008 -16"><span class='ocrx_word' id='word_1_357' title='bbox 370 3533 564 3605; x_wconf 86' lang='grc' dir='ltr'>κύρας,</span> <span class='ocrx_word' id='word_1_358' title='bbox 596 3534 688 3587; x_wconf 75' lang='grc' dir='ltr'>καὶ</span> <span class='ocrx_word' id='word_1_359' title='bbox 713 3531 978 3598; x_wconf 88' lang='grc' dir='ltr'>Πελαγίου</span> <span class='ocrx_word' id='word_1_360' title='bbox 1007 3529 1100 3582; x_wconf 77' lang='grc' dir='ltr'>τοῦ</span> <span class='ocrx_word' id='word_1_361' title='bbox 1127 3528 1461 3590; x_wconf 82' lang='grc' dir='ltr'>Λαοδικείας,</span> <span class='ocrx_word' id='word_1_362' title='bbox 1488 3526 1730 3597; x_wconf 83' lang='grc' dir='ltr'>Ζήνωνός</span> <span class='ocrx_word' id='word_1_363' title='bbox 1754 3543 1813 3578; x_wconf 90' lang='grc' dir='ltr'><strong>τε</strong></span> <span class='ocrx_word' id='word_1_364' title='bbox 1837 3522 1932 3577; x_wconf 83' lang='grc' dir='ltr'>τοῦ</span> 
     </span>
    </p>
   </div>
   <div class='ocr_carea' id='block_1_55' title="bbox 370 3615 1932 3697">
    <p class='ocr_par' dir='ltr' id='par_1_55' title="bbox 370 3615 1932 3697">
     <span class='ocr_line' id='line_1_55' title="bbox 370 3615 1932 3697; baseline -0.007 -18"><span class='ocrx_word' id='word_1_365' title='bbox 370 3627 588 3697; x_wconf 84' lang='grc' dir='ltr'>Τυρίου,</span> <span class='ocrx_word' id='word_1_366' title='bbox 640 3625 732 3677; x_wconf 71' lang='grc' dir='ltr'><strong>καὶ</strong></span> <span class='ocrx_word' id='word_1_367' title='bbox 770 3622 979 3675; x_wconf 81' lang='grc' dir='ltr'>Παύλου</span> <span class='ocrx_word' id='word_1_368' title='bbox 1011 3622 1105 3675; x_wconf 82' lang='grc' dir='ltr'>τοῦ</span> <span class='ocrx_word' id='word_1_369' title='bbox 1152 3620 1410 3691; x_wconf 85' lang='grc' dir='ltr'>Ἐμέσης,</span> <span class='ocrx_word' id='word_1_370' title='bbox 1460 3617 1693 3688; x_wconf 89' lang='grc' dir='ltr'>Ὀτρέως</span> <span class='ocrx_word' id='word_1_371' title='bbox 1736 3635 1796 3669; x_wconf 89' lang='grc' dir='ltr'><strong>τε</strong></span> <span class='ocrx_word' id='word_1_372' title='bbox 1840 3615 1932 3669; x_wconf 79' lang='grc' dir='ltr'>τοῦ</span> 
     </span>
    </p>
   </div>
   <div class='ocr_carea' id='block_1_56' title="bbox 369 3707 1933 3787">
    <p class='ocr_par' dir='ltr' id='par_1_56' title="bbox 369 3707 1933 3787">
     <span class='ocr_line' id='line_1_56' title="bbox 369 3707 1933 3787; baseline -0.007 -16"><span class='ocrx_word' id='word_1_373' title='bbox 369 3717 677 3787; x_wconf 74' lang='grc' dir='ltr'>Μελιτηνῆς</span> <span class='ocrx_word' id='word_1_374' title='bbox 711 3714 845 3785; x_wconf 79' lang='grc'><strong>(73),</strong></span> <span class='ocrx_word' id='word_1_375' title='bbox 892 3714 989 3767; x_wconf 77' lang='grc' dir='ltr'><strong>καὶ</strong></span> <span class='ocrx_word' id='word_1_376' title='bbox 1016 3713 1314 3785; x_wconf 84' lang='grc' dir='ltr'>Γρηγορίου</span> <span class='ocrx_word' id='word_1_377' title='bbox 1358 3709 1451 3763; x_wconf 79' lang='grc' dir='ltr'>τοῦ</span> <span class='ocrx_word' id='word_1_378' title='bbox 1482 3707 1806 3773; x_wconf 80' lang='grc' dir='ltr'>Ναζιανζοῦ,</span> <span class='ocrx_word' id='word_1_379' title='bbox 1839 3710 1933 3761; x_wconf 75' lang='grc' dir='ltr'><strong>καὶ</strong></span> 
     </span>
    </p>
   </div>
   <div class='ocr_carea' id='block_1_57' title="bbox 370 3801 1931 3877">
    <p class='ocr_par' dir='ltr' id='par_1_57' title="bbox 370 3801 1931 3877">
     <span class='ocr_line' id='line_1_57' title="bbox 370 3801 1931 3877; baseline -0.007 -14"><span class='ocrx_word' id='word_1_380' title='bbox 370 3810 577 3863; x_wconf 79' lang='grc' dir='ltr'>πολλῶν</span> <span class='ocrx_word' id='word_1_381' title='bbox 627 3808 820 3872; x_wconf 84' lang='grc' dir='ltr'>ἄλλων,</span> <span class='ocrx_word' id='word_1_382' title='bbox 868 3806 917 3858; x_wconf 82' lang='grc' dir='ltr'>οἳ</span> <span class='ocrx_word' id='word_1_383' title='bbox 949 3806 1008 3860; x_wconf 82' lang='grc' dir='ltr'><strong>τὸ</strong></span> <span class='ocrx_word' id='word_1_384' title='bbox 1052 3806 1330 3877; x_wconf 86' lang='grc' dir='ltr'>ὀμοούσιον</span> <span class='ocrx_word' id='word_1_385' title='bbox 1373 3802 1691 3873; x_wconf 77' lang='grc' dir='ltr'>πρεσϐεύειν</span> <span class='ocrx_word' id='word_1_386' title='bbox 1735 3801 1931 3870; x_wconf 72' lang='grc' dir='ltr'>ἑψηφί-</span> 
     </span>
    </p>
   </div>
   <div class='ocr_carea' id='block_1_58' title="bbox 372 3894 1929 3970">
    <p class='ocr_par' dir='ltr' id='par_1_58' title="bbox 372 3894 1929 3970">
     <span class='ocr_line' id='line_1_58' title="bbox 372 3894 1929 3970; baseline -0.006 -15"><span class='ocrx_word' id='word_1_387' title='bbox 372 3920 529 3955; x_wconf 87' lang='grc' dir='ltr'>σαντο</span> <span class='ocrx_word' id='word_1_388' title='bbox 575 3903 632 3953; x_wconf 81' lang='grc' dir='ltr'><strong>ὲν</strong></span> <span class='ocrx_word' id='word_1_389' title='bbox 679 3900 1001 3970; x_wconf 78' lang='grc' dir='ltr'>Ἀντιοχείᾳ,</span> <span class='ocrx_word' id='word_1_390' title='bbox 1054 3898 1144 3950; x_wconf 77' lang='grc' dir='ltr'>ἐπὶ</span> <span class='ocrx_word' id='word_1_391' title='bbox 1190 3899 1289 3969; x_wconf 83' lang='grc' dir='ltr'>τῆς</span> <span class='ocrx_word' id='word_1_392' title='bbox 1334 3894 1589 3950; x_wconf 76' lang='grc' dir='ltr'>ἰοδιανοῧ</span> <span class='ocrx_word' id='word_1_393' title='bbox 1637 3894 1929 3963; x_wconf 87' lang='grc' dir='ltr'>βασιλείας,</span> 
     </span>
    </p>
   </div>
   <div class='ocr_carea' id='block_1_59' title="bbox 369 3984 1931 4062">
    <p class='ocr_par' dir='ltr' id='par_1_59' title="bbox 369 3984 1931 4062">
     <span class='ocr_line' id='line_1_59' title="bbox 369 3984 1931 4062; baseline -0.008 -15"><span class='ocrx_word' id='word_1_394' title='bbox 369 3993 798 4062; x_wconf 81' lang='grc' dir='ltr'>ἀναγινώσκεται</span> <span class='ocrx_word' id='word_1_395' title='bbox 842 3993 909 4045; x_wconf 83' lang='grc' dir='ltr'><strong>τὰ</strong></span> <span class='ocrx_word' id='word_1_396' title='bbox 942 3991 1191 4061; x_wconf 75' lang='grc' dir='ltr'>Λιόερίου</span> <span class='ocrx_word' id='word_1_397' title='bbox 1243 3990 1333 4042; x_wconf 74' lang='grc' dir='ltr'>καὶ</span> <span class='ocrx_word' id='word_1_398' title='bbox 1376 3988 1483 4039; x_wconf 82' lang='grc' dir='ltr'><strong>τῶν</strong></span> <span class='ocrx_word' id='word_1_399' title='bbox 1529 3986 1630 4039; x_wconf 77' lang='grc' dir='ltr'>ἀνά</span> <span class='ocrx_word' id='word_1_400' title='bbox 1658 3984 1755 4055; x_wconf 80' lang='grc' dir='ltr'><strong>τὴν</strong></span> <span class='ocrx_word' id='word_1_401' title='bbox 1782 3984 1931 4037; x_wconf 84' lang='grc' dir='ltr'>δύσιν</span> 
     </span>
    </p>
   </div>
   <div class='ocr_carea' id='block_1_60' title="bbox 370 4077 1925 4158">
    <p class='ocr_par' dir='ltr' id='par_1_60' title="bbox 370 4077 1925 4158">
     <span class='ocr_line' id='line_1_60' title="bbox 370 4077 1925 4158; baseline -0.008 -18"><span class='ocrx_word' id='word_1_402' title='bbox 370 4088 690 4158; x_wconf 84' lang='grc' dir='ltr'>γράμματα.</span> <span class='ocrx_word' id='word_1_403' title='bbox 742 4087 1065 4155; x_wconf 84' lang='grc' dir='ltr'>Περιχαρεῖς</span> <span class='ocrx_word' id='word_1_404' title='bbox 1115 4100 1172 4135; x_wconf 89' lang='grc' dir='ltr'><strong>τε</strong></span> <span class='ocrx_word' id='word_1_405' title='bbox 1224 4082 1315 4133; x_wconf 76' lang='grc' dir='ltr'><strong>ἐπὶ</strong></span> <span class='ocrx_word' id='word_1_406' title='bbox 1362 4079 1569 4141; x_wconf 85' lang='grc' dir='ltr'>τούτοις</span> <span class='ocrx_word' id='word_1_407' title='bbox 1615 4077 1925 4146; x_wconf 81' lang='grc' dir='ltr'>γενόμενοι,</span> 
     </span>
    </p>
   </div>
   <div class='ocr_carea' id='block_1_61' title="bbox 369 4168 1930 4249">
    <p class='ocr_par' dir='ltr' id='par_1_61' title="bbox 369 4168 1930 4249">
     <span class='ocr_line' id='line_1_61' title="bbox 369 4168 1930 4249; baseline -0.009 -19"><span class='ocrx_word' id='word_1_408' title='bbox 369 4176 613 4249; x_wconf 66' lang='grc' dir='ltr'>ἔγραψαν</span> <span class='ocrx_word' id='word_1_409' title='bbox 665 4176 863 4238; x_wconf 83' lang='grc' dir='ltr'>πάσαις</span> <span class='ocrx_word' id='word_1_410' title='bbox 908 4178 1030 4237; x_wconf 85' lang='grc' dir='ltr'>ταῖς</span> <span class='ocrx_word' id='word_1_411' title='bbox 1076 4170 1465 4241; x_wconf 86' lang='grc' dir='ltr'>Ἐκκλησίαις,</span> <span class='ocrx_word' id='word_1_412' title='bbox 1522 4170 1761 4237; x_wconf 82' lang='grc' dir='ltr'>ἐντυχεῖν</span> <span class='ocrx_word' id='word_1_413' title='bbox 1818 4168 1930 4228; x_wconf 86' lang='grc' dir='ltr'>τοῖς</span> 
     </span>
    </p>
   </div>
   <div class='ocr_carea' id='block_1_62' title="bbox 442 4345 1300 4416">
    <p class='ocr_par' dir='ltr' id='par_1_62' title="bbox 442 4345 1300 4416">
     <span class='ocr_line' id='line_1_62' title="bbox 442 4345 1300 4416; baseline -0.009 -9"><span class='ocrx_word' id='word_1_414' title='bbox 442 4352 459 4382; x_wconf 90' lang='grc'>¹</span> <span class='ocrx_word' id='word_1_415' title='bbox 494 4350 677 4415; x_wconf 87' lang='lat' dir='ltr'><strong>Socr.,</strong></span> <span class='ocrx_word' id='word_1_416' title='bbox 711 4350 805 4404; x_wconf 82' lang='lat' dir='ltr'><strong>lib.</strong></span> <span class='ocrx_word' id='word_1_417' title='bbox 840 4364 914 4409; x_wconf 84' lang='lat' dir='ltr'><strong>tv,</strong></span> <span class='ocrx_word' id='word_1_418' title='bbox 941 4363 1063 4416; x_wconf 89' lang='lat' dir='ltr'><strong>cap.</strong></span> <span class='ocrx_word' id='word_1_419' title='bbox 1095 4346 1181 4410; x_wconf 71' lang='lat' dir='ltr'><strong>l2,</strong></span> <span class='ocrx_word' id='word_1_420' title='bbox 1215 4345 1300 4400; x_wconf 76' lang='grc'><strong>13.</strong></span> 
     </span>
    </p>
   </div>
   <div class='ocr_carea' id='block_1_63' title="bbox 2039 2012 3603 2083">
    <p class='ocr_par' dir='ltr' id='par_1_63' title="bbox 2039 2012 3603 2083">
     <span class='ocr_line' id='line_1_63' title="bbox 2039 2012 3603 2083; baseline -0.001 -16"><span class='ocrx_word' id='word_1_421' title='bbox 2039 2012 2513 2083; x_wconf 88' lang='lat' dir='ltr'><strong>Constantinopoli</strong></span> <span class='ocrx_word' id='word_1_422' title='bbox 2549 2012 2996 2083; x_wconf 86' lang='lat' dir='ltr'><strong>subscripsimus.</strong></span> <span class='ocrx_word' id='word_1_423' title='bbox 3045 2012 3181 2067; x_wconf 90' lang='lat' dir='ltr'><strong>Cum</strong></span> <span class='ocrx_word' id='word_1_424' title='bbox 3228 2014 3340 2067; x_wconf 66' lang='lat' dir='ltr'><strong>hiet:</strong></span> <span class='ocrx_word' id='word_1_425' title='bbox 3370 2012 3603 2083; x_wconf 87' lang='lat' dir='ltr'><strong>professi</strong></span> 
     </span>
    </p>
   </div>
   <div class='ocr_carea' id='block_1_64' title="bbox 2038 2104 3601 2176">
    <p class='ocr_par' dir='ltr' id='par_1_64' title="bbox 2038 2104 3601 2176">
     <span class='ocr_line' id='line_1_64' title="bbox 2038 2104 3601 2176; baseline -0.001 -14"><span class='ocrx_word' id='word_1_426' title='bbox 2038 2115 2263 2171; x_wconf 89' lang='lat' dir='ltr'><strong>essent,</strong></span> <span class='ocrx_word' id='word_1_427' title='bbox 2315 2106 2471 2161; x_wconf 90' lang='lat' dir='ltr'><strong>ﬁdem</strong></span> <span class='ocrx_word' id='word_1_428' title='bbox 2520 2104 2713 2161; x_wconf 56' lang='lat' dir='ltr'><strong>Nicaeae</strong></span> <span class='ocrx_word' id='word_1_429' title='bbox 2756 2107 2953 2161; x_wconf 86' lang='lat' dir='ltr'><strong>editam</strong></span> <span class='ocrx_word' id='word_1_430' title='bbox 2995 2106 3185 2162; x_wconf 85' lang='lat' dir='ltr'><strong>iisdem</strong></span> <span class='ocrx_word' id='word_1_431' title='bbox 3228 2106 3388 2176; x_wconf 90' lang='lat' dir='ltr'><strong>plane</strong></span> <span class='ocrx_word' id='word_1_432' title='bbox 3418 2106 3601 2161; x_wconf 83' lang='lat' dir='ltr'><strong>verbis</strong></span> 
     </span>
    </p>
   </div>
   <div class='ocr_carea' id='block_1_65' title="bbox 2038 2198 3601 2269">
    <p class='ocr_par' dir='ltr' id='par_1_65' title="bbox 2038 2198 3601 2269">
     <span class='ocr_line' id='line_1_65' title="bbox 2038 2198 3601 2269; baseline 0 -16"><span class='ocrx_word' id='word_1_433' title='bbox 2038 2199 2372 2253; x_wconf 87' lang='lat' dir='ltr'><strong>confessioni</strong></span> <span class='ocrx_word' id='word_1_434' title='bbox 2406 2214 2520 2254; x_wconf 75' lang='lat' dir='ltr'><strong>sua:</strong></span> <span class='ocrx_word' id='word_1_435' title='bbox 2550 2199 2969 2269; x_wconf 73' lang='lat' dir='ltr'><strong>subiunxerunt,</strong></span> <span class='ocrx_word' id='word_1_436' title='bbox 3030 2207 3082 2253; x_wconf 92' lang='lat' dir='ltr'><strong>et</strong></span> <span class='ocrx_word' id='word_1_437' title='bbox 3122 2200 3360 2267; x_wconf 77' lang='lat' dir='ltr'><strong>acceptis</strong></span> <span class='ocrx_word' id='word_1_438' title='bbox 3399 2198 3601 2253; x_wconf 87' lang='lat' dir='ltr'><strong>Liberii</strong></span> 
     </span>
    </p>
   </div>
   <div class='ocr_carea' id='block_1_66' title="bbox 2039 2289 3598 2362">
    <p class='ocr_par' dir='ltr' id='par_1_66' title="bbox 2039 2289 3598 2362">
     <span class='ocr_line' id='line_1_66' title="bbox 2039 2289 3598 2362; baseline -0.001 -19"><span class='ocrx_word' id='word_1_439' title='bbox 2039 2292 2240 2346; x_wconf 90' lang='lat' dir='ltr'><strong>litteris</strong></span> <span class='ocrx_word' id='word_1_440' title='bbox 2285 2290 2353 2345; x_wconf 90' lang='lat' dir='ltr'><strong>de</strong></span> <span class='ocrx_word' id='word_1_441' title='bbox 2388 2292 2553 2346; x_wconf 84' lang='lat' dir='ltr'><strong>rebus</strong></span> <span class='ocrx_word' id='word_1_442' title='bbox 2601 2306 2722 2362; x_wconf 73' lang='lat' dir='ltr'><strong>qua:</strong></span> <span class='ocrx_word' id='word_1_443' title='bbox 2772 2299 2939 2361; x_wconf 72' lang='lat' dir='ltr'><strong>gesta:</strong></span> <span class='ocrx_word' id='word_1_444' title='bbox 2984 2289 3224 2356; x_wconf 81' lang='lat' dir='ltr'><strong>fuerant,</strong></span> <span class='ocrx_word' id='word_1_445' title='bbox 3260 2290 3316 2343; x_wconf 90' lang='lat' dir='ltr'><strong>in</strong></span> <span class='ocrx_word' id='word_1_446' title='bbox 3356 2290 3598 2344; x_wconf 79' lang='lat' dir='ltr'><strong>Siciliain</strong></span> 
     </span>
    </p>
   </div>
   <div class='ocr_carea' id='block_1_67' title="bbox 2038 2382 2390 2453">
    <p class='ocr_par' dir='ltr' id='par_1_67' title="bbox 2038 2382 2390 2453">
     <span class='ocr_line' id='line_1_67' title="bbox 2038 2382 2390 2453; baseline 0 -18"><span class='ocrx_word' id='word_1_447' title='bbox 2038 2382 2390 2453; x_wconf 73' lang='lat' dir='ltr'><strong>navigarunt.</strong></span> 
     </span>
    </p>
   </div>
   <div class='ocr_carea' id='block_1_68' title="bbox 2567 2473 3071 2544">
    <p class='ocr_par' dir='ltr' id='par_1_68' title="bbox 2567 2473 3071 2544">
     <span class='ocr_line' id='line_1_68' title="bbox 2567 2473 3071 2544; baseline -0.002 -16"><span class='ocrx_word' id='word_1_448' title='bbox 2567 2474 2727 2544; x_wconf 77' lang='lat'><strong>233</strong></span> <span class='ocrx_word' id='word_1_449' title='bbox 2779 2473 2931 2528; x_wconf 79' lang='lat' dir='ltr'><strong>CAP.</strong></span> <span class='ocrx_word' id='word_1_450' title='bbox 2958 2473 3071 2527; x_wconf 82' lang='lat' dir='ltr'><strong>xu.</strong></span> 
     </span>
    </p>
   </div>
   <div class='ocr_carea' id='block_1_69' title="bbox 2041 2565 3597 2636">
    <p class='ocr_par' dir='ltr' id='par_1_69' title="bbox 2041 2565 3597 2636">
     <span class='ocr_line' id='line_1_69' title="bbox 2041 2565 3597 2636; baseline -0.003 -15"><span class='ocrx_word' id='word_1_451' title='bbox 2041 2566 2115 2621; x_wconf 86' lang='lat' dir='ltr'><strong>De</strong></span> <span class='ocrx_word' id='word_1_452' title='bbox 2140 2567 2339 2636; x_wconf 83' lang='lat' dir='ltr'><strong>synodo</strong></span> <span class='ocrx_word' id='word_1_453' title='bbox 2370 2566 2654 2629; x_wconf 78' lang='lat' dir='ltr'><strong>Siciliensi,</strong></span> <span class='ocrx_word' id='word_1_454' title='bbox 2684 2566 2815 2619; x_wconf 82' lang='lat' dir='ltr'><strong>etde</strong></span> <span class='ocrx_word' id='word_1_455' title='bbox 2845 2567 3061 2618; x_wconf 80' lang='lat' dir='ltr'><strong>concilio</strong></span> <span class='ocrx_word' id='word_1_456' title='bbox 3096 2566 3289 2634; x_wconf 82' lang='lat' dir='ltr'><strong>Tyanis</strong></span> <span class='ocrx_word' id='word_1_457' title='bbox 3315 2565 3597 2625; x_wconf 82' lang='lat' dir='ltr'><strong>celebrato,</strong></span> 
     </span>
    </p>
   </div>
   <div class='ocr_carea' id='block_1_70' title="bbox 2105 2635 3595 2705">
    <p class='ocr_par' dir='ltr' id='par_1_70' title="bbox 2105 2635 3595 2705">
     <span class='ocr_line' id='line_1_70' title="bbox 2105 2635 3595 2705; baseline -0.003 -15"><span class='ocrx_word' id='word_1_458' title='bbox 2105 2635 2267 2690; x_wconf 84' lang='lat' dir='ltr'><strong>etde</strong></span> <span class='ocrx_word' id='word_1_459' title='bbox 2312 2637 2409 2689; x_wconf 85' lang='lat' dir='ltr'><strong>illo</strong></span> <span class='ocrx_word' id='word_1_460' title='bbox 2456 2638 2594 2705; x_wconf 86' lang='lat' dir='ltr'><strong>quod</strong></span> <span class='ocrx_word' id='word_1_461' title='bbox 2645 2638 2698 2688; x_wconf 84' lang='lat' dir='ltr'><strong>in</strong></span> <span class='ocrx_word' id='word_1_462' title='bbox 2737 2636 2927 2689; x_wconf 79' lang='lat' dir='ltr'><strong>Cilicia</strong></span> <span class='ocrx_word' id='word_1_463' title='bbox 2973 2638 3211 2705; x_wconf 72' lang='lat' dir='ltr'><strong>futurum</strong></span> <span class='ocrx_word' id='word_1_464' title='bbox 3263 2635 3595 2703; x_wconf 82' lang='lat' dir='ltr'><strong>sperabatur,</strong></span> 
     </span>
    </p>
   </div>
   <div class='ocr_carea' id='block_1_71' title="bbox 2105 2704 3598 2776">
    <p class='ocr_par' dir='ltr' id='par_1_71' title="bbox 2105 2704 3598 2776">
     <span class='ocr_line' id='line_1_71' title="bbox 2105 2704 3598 2776; baseline -0.001 -18"><span class='ocrx_word' id='word_1_465' title='bbox 2105 2707 2243 2776; x_wconf 86' lang='lat' dir='ltr'><strong>quod</strong></span> <span class='ocrx_word' id='word_1_466' title='bbox 2276 2724 2309 2759; x_wconf 91' lang='lat' dir='ltr'><strong>a</strong></span> <span class='ocrx_word' id='word_1_467' title='bbox 2349 2704 2561 2761; x_wconf 85' lang='lat' dir='ltr'><strong>Valente</strong></span> <span class='ocrx_word' id='word_1_468' title='bbox 2606 2709 2900 2758; x_wconf 79' lang='lat' dir='ltr'><strong>discussum</strong></span> <span class='ocrx_word' id='word_1_469' title='bbox 2938 2715 3035 2758; x_wconf 81' lang='lat' dir='ltr'><strong>est.</strong></span> <span class='ocrx_word' id='word_1_470' title='bbox 3079 2704 3213 2757; x_wconf 79' lang='lat' dir='ltr'><strong>Item</strong></span> <span class='ocrx_word' id='word_1_471' title='bbox 3254 2706 3317 2776; x_wconf 72' lang='lat' dir='ltr'><strong>(te</strong></span> <span class='ocrx_word' id='word_1_472' title='bbox 3354 2721 3598 2774; x_wconf 82' lang='lat' dir='ltr'><strong>persecu-</strong></span> 
     </span>
    </p>
   </div>
   <div class='ocr_carea' id='block_1_72' title="bbox 2108 2775 3598 2845">
    <p class='ocr_par' dir='ltr' id='par_1_72' title="bbox 2108 2775 3598 2845">
     <span class='ocr_line' id='line_1_72' title="bbox 2108 2775 3598 2845; baseline -0.001 -18"><span class='ocrx_word' id='word_1_473' title='bbox 2108 2775 2245 2829; x_wconf 79' lang='lat' dir='ltr'><strong>tione</strong></span> <span class='ocrx_word' id='word_1_474' title='bbox 2279 2792 2394 2845; x_wconf 74' lang='lat' dir='ltr'><strong>qua:</strong></span> <span class='ocrx_word' id='word_1_475' title='bbox 2428 2787 2549 2829; x_wconf 88' lang='lat' dir='ltr'><strong>tunc</strong></span> <span class='ocrx_word' id='word_1_476' title='bbox 2576 2782 2953 2845; x_wconf 79' lang='lat' dir='ltr'><strong>grassabatur:</strong></span> <span class='ocrx_word' id='word_1_477' title='bbox 2983 2786 3031 2827; x_wconf 85' lang='lat' dir='ltr'><strong>et</strong></span> <span class='ocrx_word' id='word_1_478' title='bbox 3059 2775 3316 2841; x_wconf 86' lang='lat' dir='ltr'><strong>quomodo</strong></span> <span class='ocrx_word' id='word_1_479' title='bbox 3360 2776 3598 2827; x_wconf 78' lang='lat' dir='ltr'><strong>Athana-</strong></span> 
     </span>
    </p>
   </div>
   <div class='ocr_carea' id='block_1_73' title="bbox 2106 2845 3598 2915">
    <p class='ocr_par' dir='ltr' id='par_1_73' title="bbox 2106 2845 3598 2915">
     <span class='ocr_line' id='line_1_73' title="bbox 2106 2845 3598 2915; baseline 0.001 -18"><span class='ocrx_word' id='word_1_480' title='bbox 2106 2848 2216 2898; x_wconf 81' lang='lat' dir='ltr'><strong>sius</strong></span> <span class='ocrx_word' id='word_1_481' title='bbox 2256 2852 2425 2899; x_wconf 85' lang='lat' dir='ltr'><strong>denuo</strong></span> <span class='ocrx_word' id='word_1_482' title='bbox 2467 2848 2691 2915; x_wconf 77' lang='lat' dir='ltr'><strong>fugiens,</strong></span> <span class='ocrx_word' id='word_1_483' title='bbox 2740 2862 2850 2899; x_wconf 82' lang='lat' dir='ltr'><strong>sese</strong></span> <span class='ocrx_word' id='word_1_484' title='bbox 2893 2845 3206 2905; x_wconf 75' lang='lat' dir='ltr'><strong>occultavit;</strong></span> <span class='ocrx_word' id='word_1_485' title='bbox 3256 2855 3598 2915; x_wconf 6' lang='lat' dir='ltr'><strong>posteagvero</strong></span> 
     </span>
    </p>
   </div>
   <div class='ocr_carea' id='block_1_74' title="bbox 2118 2913 3594 2979">
    <p class='ocr_par' dir='ltr' id='par_1_74' title="bbox 2118 2913 3594 2979">
     <span class='ocr_line' id='line_1_74' title="bbox 2118 2913 3594 2979; baseline -0.002 -10"><span class='ocrx_word' id='word_1_486' title='bbox 2118 2915 2349 2969; x_wconf 81' lang='lat' dir='ltr'><strong>Valentis</strong></span> <span class='ocrx_word' id='word_1_487' title='bbox 2400 2913 2590 2969; x_wconf 74' lang='lat' dir='ltr'><strong>litteris</strong></span> <span class='ocrx_word' id='word_1_488' title='bbox 2625 2925 2918 2975; x_wconf 72' lang='lat' dir='ltr'><strong>revocatus,</strong></span> <span class='ocrx_word' id='word_1_489' title='bbox 2962 2914 3213 2978; x_wconf 84' lang='lat' dir='ltr'><strong>processit</strong></span> <span class='ocrx_word' id='word_1_490' title='bbox 3246 2917 3300 2966; x_wconf 77' lang='lat' dir='ltr'><strong>in</strong></span> <span class='ocrx_word' id='word_1_491' title='bbox 3346 2913 3594 2979; x_wconf 85' lang='lat' dir='ltr'><strong>medium,</strong></span> 
     </span>
    </p>
   </div>
   <div class='ocr_carea' id='block_1_75' title="bbox 2104 2985 3057 3056">
    <p class='ocr_par' dir='ltr' id='par_1_75' title="bbox 2104 2985 3057 3056">
     <span class='ocr_line' id='line_1_75' title="bbox 2104 2985 3057 3056; baseline -0.003 -18"><span class='ocrx_word' id='word_1_492' title='bbox 2104 2998 2153 3039; x_wconf 86' lang='lat' dir='ltr'><strong>et</strong></span> <span class='ocrx_word' id='word_1_493' title='bbox 2184 2985 2449 3039; x_wconf 79' lang='lat' dir='ltr'><strong>Ecclesias</strong></span> <span class='ocrx_word' id='word_1_494' title='bbox 2482 2985 2703 3056; x_wconf 66' lang='lat' dir='ltr'><strong>Afgypti</strong></span> <span class='ocrx_word' id='word_1_495' title='bbox 2732 2986 3057 3053; x_wconf 83' lang='lat' dir='ltr'><strong>gubernavit.</strong></span> 
     </span>
    </p>
   </div>
   <div class='ocr_carea' id='block_1_76' title="bbox 2104 3075 3597 3146">
    <p class='ocr_par' dir='ltr' id='par_1_76' title="bbox 2104 3075 3597 3146">
     <span class='ocr_line' id='line_1_76' title="bbox 2104 3075 3597 3146; baseline -0.001 -17"><span class='ocrx_word' id='word_1_496' title='bbox 2104 3076 2182 3129; x_wconf 85' lang='lat' dir='ltr'><strong>lbi</strong></span> <span class='ocrx_word' id='word_1_497' title='bbox 2229 3085 2556 3146; x_wconf 83' lang='lat' dir='ltr'><strong>congregato</strong></span> <span class='ocrx_word' id='word_1_498' title='bbox 2605 3077 2863 3143; x_wconf 86' lang='lat' dir='ltr'><strong>concilio,</strong></span> <span class='ocrx_word' id='word_1_499' title='bbox 2894 3092 3017 3128; x_wconf 88' lang='lat' dir='ltr'><strong>cum</strong></span> <span class='ocrx_word' id='word_1_500' title='bbox 3063 3075 3300 3145; x_wconf 85' lang='lat' dir='ltr'><strong>cpisc0pi</strong></span> <span class='ocrx_word' id='word_1_501' title='bbox 3334 3076 3479 3130; x_wconf 91' lang='lat' dir='ltr'><strong>illius</strong></span> <span class='ocrx_word' id='word_1_502' title='bbox 3514 3076 3597 3128; x_wconf 81' lang='lat' dir='ltr'><strong>in-</strong></span> 
     </span>
    </p>
   </div>
   <div class='ocr_carea' id='block_1_77' title="bbox 2040 3166 3595 3228">
    <p class='ocr_par' dir='ltr' id='par_1_77' title="bbox 2040 3166 3595 3228">
     <span class='ocr_line' id='line_1_77' title="bbox 2040 3166 3595 3228; baseline -0.001 -7"><span class='ocrx_word' id='word_1_503' title='bbox 2040 3167 2171 3221; x_wconf 76' lang='lat' dir='ltr'><strong>sula:</strong></span> <span class='ocrx_word' id='word_1_504' title='bbox 2202 3167 2389 3220; x_wconf 88' lang='lat' dir='ltr'><strong>eadem</strong></span> <span class='ocrx_word' id='word_1_505' title='bbox 2438 3167 2827 3228; x_wconf 87' lang='lat' dir='ltr'><strong>decrevissent,</strong></span> <span class='ocrx_word' id='word_1_506' title='bbox 2866 3167 2948 3219; x_wconf 90' lang='lat' dir='ltr'><strong>his</strong></span> <span class='ocrx_word' id='word_1_507' title='bbox 2996 3166 3158 3221; x_wconf 86' lang='lat' dir='ltr'><strong>rebus</strong></span> <span class='ocrx_word' id='word_1_508' title='bbox 3205 3168 3488 3227; x_wconf 84' lang='lat' dir='ltr'><strong>confectis,</strong></span> <span class='ocrx_word' id='word_1_509' title='bbox 3540 3168 3595 3220; x_wconf 88' lang='lat' dir='ltr'><strong>in</strong></span> 
     </span>
    </p>
   </div>
   <div class='ocr_carea' id='block_1_78' title="bbox 2037 3256 3594 3327">
    <p class='ocr_par' dir='ltr' id='par_1_78' title="bbox 2037 3256 3594 3327">
     <span class='ocr_line' id='line_1_78' title="bbox 2037 3256 3594 3327; baseline 0.001 -17"><span class='ocrx_word' id='word_1_510' title='bbox 2037 3257 2268 3327; x_wconf 89' lang='lat' dir='ltr'><strong>patriam</strong></span> <span class='ocrx_word' id='word_1_511' title='bbox 2317 3258 2522 3312; x_wconf 87' lang='lat' dir='ltr'><strong>reversi</strong></span> <span class='ocrx_word' id='word_1_512' title='bbox 2566 3259 2761 3311; x_wconf 70' lang='lat' dir='ltr'><strong>sunt‘.</strong></span> <span class='ocrx_word' id='word_1_513' title='bbox 2803 3256 3005 3311; x_wconf 86' lang='lat' dir='ltr'><strong>Eodem</strong></span> <span class='ocrx_word' id='word_1_514' title='bbox 3056 3266 3296 3326; x_wconf 88' lang='lat' dir='ltr'><strong>tempore</strong></span> <span class='ocrx_word' id='word_1_515' title='bbox 3334 3272 3457 3310; x_wconf 91' lang='lat' dir='ltr'><strong>cum</strong></span> <span class='ocrx_word' id='word_1_516' title='bbox 3503 3274 3594 3327; x_wconf 79' lang='lat' dir='ltr'><strong>sy-</strong></span> 
     </span>
    </p>
   </div>
   <div class='ocr_carea' id='block_1_79' title="bbox 2036 3346 3596 3417">
    <p class='ocr_par' dir='ltr' id='par_1_79' title="bbox 2036 3346 3596 3417">
     <span class='ocr_line' id='line_1_79' title="bbox 2036 3346 3596 3417; baseline -0.001 -17"><span class='ocrx_word' id='word_1_517' title='bbox 2036 3348 2213 3402; x_wconf 91' lang='lat' dir='ltr'><strong>nodus</strong></span> <span class='ocrx_word' id='word_1_518' title='bbox 2241 3348 2623 3416; x_wconf 87' lang='lat' dir='ltr'><strong>episcoporum</strong></span> <span class='ocrx_word' id='word_1_519' title='bbox 2674 3357 3002 3417; x_wconf 84' lang='lat' dir='ltr'><strong>congregata</strong></span> <span class='ocrx_word' id='word_1_520' title='bbox 3037 3356 3184 3403; x_wconf 84' lang='lat' dir='ltr'><strong>esset</strong></span> <span class='ocrx_word' id='word_1_521' title='bbox 3233 3346 3454 3417; x_wconf 85' lang='lat' dir='ltr'><strong>Tyanis.</strong></span> <span class='ocrx_word' id='word_1_522' title='bbox 3505 3347 3596 3399; x_wconf 92' lang='lat' dir='ltr'><strong>cui</strong></span> 
     </span>
    </p>
   </div>
   <div class='ocr_carea' id='block_1_80' title="bbox 2037 3438 3594 3509">
    <p class='ocr_par' dir='ltr' id='par_1_80' title="bbox 2037 3438 3594 3509">
     <span class='ocr_line' id='line_1_80' title="bbox 2037 3438 3594 3509; baseline -0.001 -17"><span class='ocrx_word' id='word_1_523' title='bbox 2037 3438 2338 3494; x_wconf 84' lang='lat' dir='ltr'><strong>intererant</strong></span> <span class='ocrx_word' id='word_1_524' title='bbox 2379 3439 2647 3494; x_wconf 89' lang='lat' dir='ltr'><strong>Eusebius</strong></span> <span class='ocrx_word' id='word_1_525' title='bbox 2684 3439 2945 3494; x_wconf 68' lang='lat' dir='ltr'><strong>Ctesarea:</strong></span> <span class='ocrx_word' id='word_1_526' title='bbox 2994 3439 3350 3509; x_wconf 72' lang='lat' dir='ltr'><strong>Cappadociae</strong></span> <span class='ocrx_word' id='word_1_527' title='bbox 3386 3440 3594 3503; x_wconf 84' lang='lat' dir='ltr'><strong>episco-</strong></span> 
     </span>
    </p>
   </div>
   <div class='ocr_carea' id='block_1_81' title="bbox 2038 3528 3595 3601">
    <p class='ocr_par' dir='ltr' id='par_1_81' title="bbox 2038 3528 3595 3601">
     <span class='ocr_line' id='line_1_81' title="bbox 2038 3528 3595 3601; baseline -0.002 -18"><span class='ocrx_word' id='word_1_528' title='bbox 2038 3546 2161 3601; x_wconf 89' lang='lat' dir='ltr'><strong>pus,</strong></span> <span class='ocrx_word' id='word_1_529' title='bbox 2192 3531 2525 3584; x_wconf 84' lang='lat' dir='ltr'><strong>Alhanasius</strong></span> <span class='ocrx_word' id='word_1_530' title='bbox 2553 3531 2802 3600; x_wconf 67' lang='lat' dir='ltr'><strong>Ancyrae,</strong></span> <span class='ocrx_word' id='word_1_531' title='bbox 2832 3528 3081 3599; x_wconf 80' lang='lat' dir='ltr'><strong>Pelagius</strong></span> <span class='ocrx_word' id='word_1_532' title='bbox 3118 3528 3416 3592; x_wconf 63' lang='lat' dir='ltr'><strong>Laodiceae,</strong></span> <span class='ocrx_word' id='word_1_533' title='bbox 3446 3528 3595 3581; x_wconf 80' lang='lat' dir='ltr'><strong>Zeno</strong></span> 
     </span>
    </p>
   </div>
   <div class='ocr_carea' id='block_1_82' title="bbox 2038 3619 3597 3692">
    <p class='ocr_par' dir='ltr' id='par_1_82' title="bbox 2038 3619 3597 3692">
     <span class='ocr_line' id='line_1_82' title="bbox 2038 3619 3597 3692; baseline -0.001 -17"><span class='ocrx_word' id='word_1_534' title='bbox 2038 3621 2190 3692; x_wconf 79' lang='lat' dir='ltr'><strong>Tyri,</strong></span> <span class='ocrx_word' id='word_1_535' title='bbox 2225 3622 2421 3677; x_wconf 80' lang='lat' dir='ltr'><strong>Paulus</strong></span> <span class='ocrx_word' id='word_1_536' title='bbox 2460 3621 2686 3686; x_wconf 69' lang='lat' dir='ltr'><strong>Emesze,</strong></span> <span class='ocrx_word' id='word_1_537' title='bbox 2745 3619 2941 3675; x_wconf 88' lang='lat' dir='ltr'><strong>Otreus</strong></span> <span class='ocrx_word' id='word_1_538' title='bbox 2990 3620 3268 3684; x_wconf 70' lang='lat' dir='ltr'><strong>Melitinze,</strong></span> <span class='ocrx_word' id='word_1_539' title='bbox 3302 3619 3597 3689; x_wconf 77' lang='lat' dir='ltr'><strong>Gregorius</strong></span> 
     </span>
    </p>
   </div>
   <div class='ocr_carea' id='block_1_83' title="bbox 2035 3708 3592 3783">
    <p class='ocr_par' dir='ltr' id='par_1_83' title="bbox 2035 3708 3592 3783">
     <span class='ocr_line' id='line_1_83' title="bbox 2035 3708 3592 3783; baseline -0.003 -18"><span class='ocrx_word' id='word_1_540' title='bbox 2035 3711 2315 3778; x_wconf 85' lang='lat' dir='ltr'><strong>Naziauzi,</strong></span> <span class='ocrx_word' id='word_1_541' title='bbox 2347 3722 2401 3767; x_wconf 89' lang='lat' dir='ltr'><strong>et</strong></span> <span class='ocrx_word' id='word_1_542' title='bbox 2430 3713 2522 3767; x_wconf 85' lang='lat' dir='ltr'><strong>alii</strong></span> <span class='ocrx_word' id='word_1_543' title='bbox 2550 3713 2883 3783; x_wconf 88' lang='lat' dir='ltr'><strong>complures,</strong></span> <span class='ocrx_word' id='word_1_544' title='bbox 2910 3712 3026 3781; x_wconf 85' lang='lat' dir='ltr'><strong>qui,</strong></span> <span class='ocrx_word' id='word_1_545' title='bbox 3048 3721 3307 3780; x_wconf 79' lang='lat' dir='ltr'><strong>regnante</strong></span> <span class='ocrx_word' id='word_1_546' title='bbox 3340 3708 3592 3774; x_wconf 85' lang='lat' dir='ltr'><strong>Joviano,</strong></span> 
     </span>
    </p>
   </div>
   <div class='ocr_carea' id='block_1_84' title="bbox 2034 3801 3594 3870">
    <p class='ocr_par' dir='ltr' id='par_1_84' title="bbox 2034 3801 3594 3870">
     <span class='ocr_line' id='line_1_84' title="bbox 2034 3801 3594 3870; baseline -0.001 -14"><span class='ocrx_word' id='word_1_547' title='bbox 2034 3803 2339 3857; x_wconf 74' lang='lat' dir='ltr'><strong>Antiochia:</strong></span> <span class='ocrx_word' id='word_1_548' title='bbox 2370 3804 2606 3870; x_wconf 88' lang='lat' dir='ltr'><strong>collecti,</strong></span> <span class='ocrx_word' id='word_1_549' title='bbox 2656 3802 3139 3859; x_wconf 89' lang='lat' dir='ltr'><strong>consubstantialis</strong></span> <span class='ocrx_word' id='word_1_550' title='bbox 3172 3801 3475 3855; x_wconf 86' lang='lat' dir='ltr'><strong>doctrinam</strong></span> <span class='ocrx_word' id='word_1_551' title='bbox 3505 3818 3594 3855; x_wconf 89' lang='lat' dir='ltr'><strong>re-</strong></span> 
     </span>
    </p>
   </div>
   <div class='ocr_carea' id='block_1_85' title="bbox 2037 3892 3594 3958">
    <p class='ocr_par' dir='ltr' id='par_1_85' title="bbox 2037 3892 3594 3958">
     <span class='ocr_line' id='line_1_85' title="bbox 2037 3892 3594 3958; baseline -0.001 -11"><span class='ocrx_word' id='word_1_552' title='bbox 2037 3895 2313 3949; x_wconf 87' lang='lat' dir='ltr'><strong>tinendam</strong></span> <span class='ocrx_word' id='word_1_553' title='bbox 2363 3910 2487 3950; x_wconf 90' lang='lat' dir='ltr'><strong>esse</strong></span> <span class='ocrx_word' id='word_1_554' title='bbox 2536 3895 2915 3958; x_wconf 88' lang='lat' dir='ltr'><strong>decreverant,</strong></span> <span class='ocrx_word' id='word_1_555' title='bbox 2963 3893 3160 3947; x_wconf 85' lang='lat' dir='ltr'><strong>Liberii</strong></span> <span class='ocrx_word' id='word_1_556' title='bbox 3193 3901 3249 3947; x_wconf 89' lang='lat' dir='ltr'><strong>et</strong></span> <span class='ocrx_word' id='word_1_557' title='bbox 3278 3892 3594 3947; x_wconf 86' lang='lat' dir='ltr'><strong>Occidenta-</strong></span> 
     </span>
    </p>
   </div>
   <div class='ocr_carea' id='block_1_86' title="bbox 2035 3984 3595 4053">
    <p class='ocr_par' dir='ltr' id='par_1_86' title="bbox 2035 3984 3595 4053">
     <span class='ocr_line' id='line_1_86' title="bbox 2035 3984 3595 4053; baseline -0.001 -16"><span class='ocrx_word' id='word_1_558' title='bbox 2035 3985 2165 4038; x_wconf 91' lang='lat' dir='ltr'><strong>lium</strong></span> <span class='ocrx_word' id='word_1_559' title='bbox 2199 3985 2390 4040; x_wconf 70' lang='lat' dir='ltr'><strong>littera:</strong></span> <span class='ocrx_word' id='word_1_560' title='bbox 2418 3985 2658 4039; x_wconf 63' lang='lat' dir='ltr'><strong>recitatae</strong></span> <span class='ocrx_word' id='word_1_561' title='bbox 2695 3994 2845 4040; x_wconf 90' lang='lat' dir='ltr'><strong>sunt.</strong></span> <span class='ocrx_word' id='word_1_562' title='bbox 2874 3984 2990 4050; x_wconf 86' lang='lat' dir='ltr'><strong>Qua</strong></span> <span class='ocrx_word' id='word_1_563' title='bbox 3028 3999 3096 4038; x_wconf 80' lang='lat' dir='ltr'><strong>ex</strong></span> <span class='ocrx_word' id='word_1_564' title='bbox 3136 3998 3195 4036; x_wconf 87' lang='lat' dir='ltr'><strong>re</strong></span> <span class='ocrx_word' id='word_1_565' title='bbox 3223 3984 3430 4052; x_wconf 82' lang='lat' dir='ltr'><strong>ingenti</strong></span> <span class='ocrx_word' id='word_1_566' title='bbox 3465 3999 3595 4053; x_wconf 79' lang='lat' dir='ltr'><strong>gau-</strong></span> 
     </span>
    </p>
   </div>
   <div class='ocr_carea' id='block_1_87' title="bbox 2033 4076 3595 4147">
    <p class='ocr_par' dir='ltr' id='par_1_87' title="bbox 2033 4076 3595 4147">
     <span class='ocr_line' id='line_1_87' title="bbox 2033 4076 3595 4147; baseline -0.003 -16"><span class='ocrx_word' id='word_1_567' title='bbox 2033 4078 2123 4131; x_wconf 88' lang='lat' dir='ltr'><strong>dio</strong></span> <span class='ocrx_word' id='word_1_568' title='bbox 2180 4078 2400 4143; x_wconf 74' lang='lat' dir='ltr'><strong>affecti,</strong></span> <span class='ocrx_word' id='word_1_569' title='bbox 2460 4080 2802 4147; x_wconf 86' lang='lat' dir='ltr'><strong>scripserunt</strong></span> <span class='ocrx_word' id='word_1_570' title='bbox 2847 4080 2912 4133; x_wconf 85' lang='lat' dir='ltr'><strong>ad</strong></span> <span class='ocrx_word' id='word_1_571' title='bbox 2961 4094 3151 4133; x_wconf 86' lang='lat' dir='ltr'><strong>omnes</strong></span> <span class='ocrx_word' id='word_1_572' title='bbox 3199 4076 3497 4139; x_wconf 75' lang='lat' dir='ltr'><strong>Ecclesiae,</strong></span> <span class='ocrx_word' id='word_1_573' title='bbox 3533 4082 3595 4128; x_wconf 87' lang='lat' dir='ltr'><strong>ut</strong></span> 
     </span>
    </p>
   </div>
   <div class='ocr_carea' id='block_1_88' title="bbox 2033 4167 3589 4239">
    <p class='ocr_par' dir='ltr' id='par_1_88' title="bbox 2033 4167 3589 4239">
     <span class='ocr_line' id='line_1_88' title="bbox 2033 4167 3589 4239; baseline -0.001 -17"><span class='ocrx_word' id='word_1_574' title='bbox 2033 4167 2464 4225; x_wconf 86' lang='lat' dir='ltr'><strong>Occidentalium</strong></span> <span class='ocrx_word' id='word_1_575' title='bbox 2520 4170 2901 4239; x_wconf 89' lang='lat' dir='ltr'><strong>episcoporum</strong></span> <span class='ocrx_word' id='word_1_576' title='bbox 2960 4170 3178 4225; x_wconf 81' lang='lat' dir='ltr'><strong>decreta</strong></span> <span class='ocrx_word' id='word_1_577' title='bbox 3226 4170 3589 4239; x_wconf 78' lang='lat' dir='ltr'><strong>perlegerent,</strong></span> 
     </span>
    </p>
   </div>
   <div class='ocr_carea' id='block_1_89' title="bbox 1540 4496 2371 4553">
    <p class='ocr_par' dir='ltr' id='par_1_89' title="bbox 1540 4496 2371 4553">
     <span class='ocr_line' id='line_1_89' title="bbox 1540 4496 2371 4553; baseline 0.002 -2"><span class='ocrx_word' id='word_1_578' title='bbox 1540 4496 1802 4553; x_wconf 80' lang='lat' dir='ltr'><strong>VALESII</strong></span> <span class='ocrx_word' id='word_1_579' title='bbox 1825 4496 2371 4553; x_wconf 77' lang='lat' dir='ltr'><strong>ANNOTATIONES.</strong></span> 
     </span>
    </p>
   </div>
   <div class='ocr_carea' id='block_1_90' title="bbox 438 4608 2196 4692">
    <p class='ocr_par' dir='ltr' id='par_1_90' title="bbox 438 4609 2188 4692">
     <span class='ocr_line' id='line_1_90' title="bbox 438 4609 2188 4692; baseline -0.002 -26"><span class='ocrx_word' id='word_1_580' title='bbox 438 4613 550 4692; x_wconf 56' lang='grc' dir='ltr'><strong>(Β)</strong></span> <span class='ocrx_word' id='word_1_581' title='bbox 583 4611 919 4692; x_wconf 53' lang='lat' dir='ltr'><strong>Stirqdor...</strong></span> <span class='ocrx_word' id='word_1_582' title='bbox 944 4610 1013 4663; x_wconf 78' lang='grc' dir='ltr'><strong>ἐν</strong></span> <span class='ocrx_word' id='word_1_583' title='bbox 1041 4610 1302 4692; x_wconf 59' lang='grc' dir='ltr'>Τυὰνοις.</span> <span class='ocrx_word' id='word_1_584' title='bbox 1332 4609 1534 4692; x_wconf 54' lang='lat' dir='ltr'><strong>Denhac</strong></span> <span class='ocrx_word' id='word_1_585' title='bbox 1560 4609 1769 4692; x_wconf 61' lang='lat' dir='ltr'><strong>synde</strong></span> <span class='ocrx_word' id='word_1_586' title='bbox 1782 4610 1924 4692; x_wconf 37' lang='lat' dir='ltr'><strong>Tyat</strong></span> <span class='ocrx_word' id='word_1_587' title='bbox 1956 4616 1997 4672; x_wconf 81' lang='grc' dir='ltr'><strong>υ</strong></span> <span class='ocrx_word' id='word_1_588' title='bbox 2028 4626 2188 4691; x_wconf 83' lang='lat' dir='ltr'><strong>agere</strong></span> 
     </span>
    </p>
   </div>
   <div class='ocr_carea' id='block_1_91' title="bbox 1830 4608 3588 4692">
    <p class='ocr_par' dir='ltr' id='par_1_91' title="bbox 1830 4608 3588 4692">
     <span class='ocr_line' id='line_1_91' title="bbox 1830 4608 3588 4692; baseline 0.005 -31"><span class='ocrx_word' id='word_1_589' title='bbox 1830 4625 1924 4692; x_wconf 67' lang='grc' dir='ltr'>γξιτ</span> <span class='ocrx_word' id='word_1_590' title='bbox 1956 4616 1997 4672; x_wconf 81' lang='grc' dir='ltr'><strong>υ</strong></span> <span class='ocrx_word' id='word_1_591' title='bbox 2028 4626 2225 4691; x_wconf 81' lang='lat' dir='ltr'><strong>agere;</strong></span> <span class='ocrx_word' id='word_1_592' title='bbox 2274 4617 2437 4678; x_wconf 86' lang='lat' dir='ltr'><strong>atque</strong></span> <span class='ocrx_word' id='word_1_593' title='bbox 2468 4608 2594 4688; x_wconf 80' lang='lat' dir='ltr'><strong>inde</strong></span> <span class='ocrx_word' id='word_1_594' title='bbox 2627 4610 2843 4692; x_wconf 36' lang='lat' dir='ltr'><strong>reversi.</strong></span> <span class='ocrx_word' id='word_1_595' title='bbox 2868 4611 2921 4664; x_wconf 93' lang='lat' dir='ltr'><strong>in</strong></span> <span class='ocrx_word' id='word_1_596' title='bbox 2959 4610 3294 4692; x_wconf 86' lang='lat' dir='ltr'><strong>Siciliam_et</strong></span> <span class='ocrx_word' id='word_1_597' title='bbox 3339 4629 3437 4683; x_wconf 87' lang='lat' dir='ltr'><strong>per</strong></span> <span class='ocrx_word' id='word_1_598' title='bbox 3462 4613 3588 4692; x_wconf 80' lang='lat' dir='ltr'><strong>illy-</strong></span> 
     </span>
    </p>
   </div>
   <div class='ocr_carea' id='block_1_92' title="bbox 370 4679 1921 4751">
    <p class='ocr_par' dir='ltr' id='par_1_92' title="bbox 370 4679 1921 4751">
     <span class='ocr_line' id='line_1_92' title="bbox 370 4679 1921 4751; baseline -0.003 -15"><span class='ocrx_word' id='word_1_599' title='bbox 370 4679 670 4751; x_wconf 59' lang='lat' dir='ltr'><strong>nensi&#39;agit</strong></span> <span class='ocrx_word' id='word_1_600' title='bbox 727 4681 993 4751; x_wconf 81' lang='lat' dir='ltr'><strong>Baronius</strong></span> <span class='ocrx_word' id='word_1_601' title='bbox 1037 4680 1105 4732; x_wconf 88' lang='lat' dir='ltr'><strong>ad</strong></span> <span class='ocrx_word' id='word_1_602' title='bbox 1154 4695 1355 4751; x_wconf 87' lang='lat' dir='ltr'><strong>annum</strong></span> <span class='ocrx_word' id='word_1_603' title='bbox 1399 4679 1776 4751; x_wconf 54' lang='lat' dir='ltr'><strong>Christifatiii,</strong></span> <span class='ocrx_word' id='word_1_604' title='bbox 1809 4680 1921 4751; x_wconf 87' lang='lat' dir='ltr'><strong>ubi</strong></span> 
     </span>
    </p>
   </div>
   <div class='ocr_carea' id='block_1_93' title="bbox 370 4747 1922 4819">
    <p class='ocr_par' dir='ltr' id='par_1_93' title="bbox 370 4747 1922 4819">
     <span class='ocr_line' id='line_1_93' title="bbox 370 4747 1922 4819; baseline -0.001 -15"><span class='ocrx_word' id='word_1_605' title='bbox 370 4754 538 4805; x_wconf 84' lang='lat' dir='ltr'><strong>inulta</strong></span> <span class='ocrx_word' id='word_1_606' title='bbox 565 4747 910 4819; x_wconf 77' lang='lat' dir='ltr'><strong>coiigei-it_de</strong></span> <span class='ocrx_word' id='word_1_607' title='bbox 944 4750 1045 4803; x_wconf 86' lang='lat' dir='ltr'><strong>ista</strong></span> <span class='ocrx_word' id='word_1_608' title='bbox 1071 4750 1282 4819; x_wconf 79' lang='lat' dir='ltr'><strong>synodo</strong></span> <span class='ocrx_word' id='word_1_609' title='bbox 1308 4764 1376 4803; x_wconf 78' lang='lat' dir='ltr'><strong>ex</strong></span> <span class='ocrx_word' id='word_1_610' title='bbox 1403 4747 1589 4803; x_wconf 91' lang='lat' dir='ltr'><strong>Basilii</strong></span> <span class='ocrx_word' id='word_1_611' title='bbox 1615 4747 1922 4819; x_wconf 57' lang='lat' dir='ltr'><strong>Caesarien-</strong></span> 
     </span>
    </p>
   </div>
   <div class='ocr_carea' id='block_1_94' title="bbox 370 4817 1922 4889">
    <p class='ocr_par' dir='ltr' id='par_1_94' title="bbox 370 4817 1922 4889">
     <span class='ocr_line' id='line_1_94' title="bbox 370 4817 1922 4889; baseline -0.004 -14"><span class='ocrx_word' id='word_1_612' title='bbox 370 4824 449 4876; x_wconf 88' lang='lat' dir='ltr'><strong>sis</strong></span> <span class='ocrx_word' id='word_1_613' title='bbox 481 4817 748 4889; x_wconf 85' lang='lat' dir='ltr'><strong>epistolis.</strong></span> <span class='ocrx_word' id='word_1_614' title='bbox 792 4817 961 4871; x_wconf 84' lang='lat' dir='ltr'><strong>Nemo</strong></span> <span class='ocrx_word' id='word_1_615' title='bbox 992 4817 1171 4871; x_wconf 82' lang='lat' dir='ltr'><strong>tamen</strong></span> <span class='ocrx_word' id='word_1_616' title='bbox 1214 4819 1281 4889; x_wconf 77' lang='lat' dir='ltr'><strong>de</strong></span> <span class='ocrx_word' id='word_1_617' title='bbox 1308 4820 1427 4889; x_wconf 92' lang='lat' dir='ltr'><strong>hac</strong></span> <span class='ocrx_word' id='word_1_618' title='bbox 1458 4818 1666 4889; x_wconf 86' lang='lat' dir='ltr'><strong>synodo</strong></span> <span class='ocrx_word' id='word_1_619' title='bbox 1696 4818 1922 4871; x_wconf 89' lang='lat' dir='ltr'><strong>uberius</strong></span> 
     </span>
    </p>
   </div>
   <div class='ocr_carea' id='block_1_95' title="bbox 371 4887 1921 4958">
    <p class='ocr_par' dir='ltr' id='par_1_95' title="bbox 371 4887 1921 4958">
     <span class='ocr_line' id='line_1_95' title="bbox 371 4887 1921 4958; baseline -0.002 -14"><span class='ocrx_word' id='word_1_620' title='bbox 371 4887 589 4958; x_wconf 74' lang='lat' dir='ltr'><strong>scripsit</strong></span> <span class='ocrx_word' id='word_1_621' title='bbox 622 4905 783 4958; x_wconf 81' lang='lat' dir='ltr'><strong>quam</strong></span> <span class='ocrx_word' id='word_1_622' title='bbox 825 4892 1180 4958; x_wconf 79' lang='lat' dir='ltr'><strong>Sozumenus.</strong></span> <span class='ocrx_word' id='word_1_623' title='bbox 1218 4887 1320 4951; x_wconf 87' lang='lat' dir='ltr'><strong>Qui</strong></span> <span class='ocrx_word' id='word_1_624' title='bbox 1350 4887 1568 4955; x_wconf 86' lang='lat' dir='ltr'><strong>quidem</strong></span> <span class='ocrx_word' id='word_1_625' title='bbox 1600 4888 1803 4941; x_wconf 85' lang='lat' dir='ltr'><strong>diserte</strong></span> <span class='ocrx_word' id='word_1_626' title='bbox 1836 4895 1921 4941; x_wconf 86' lang='lat' dir='ltr'><strong>te-</strong></span> 
     </span>
    </p>
   </div>
   <div class='ocr_carea' id='block_1_96' title="bbox 374 4957 1923 5028">
    <p class='ocr_par' dir='ltr' id='par_1_96' title="bbox 374 4957 1923 5028">
     <span class='ocr_line' id='line_1_96' title="bbox 374 4957 1923 5028; baseline -0.004 -13"><span class='ocrx_word' id='word_1_627' title='bbox 374 4957 548 5015; x_wconf 84' lang='lat' dir='ltr'><strong>statur</strong></span> <span class='ocrx_word' id='word_1_628' title='bbox 576 4957 693 5013; x_wconf 86' lang='lat' dir='ltr'><strong>eam</strong></span> <span class='ocrx_word' id='word_1_629' title='bbox 742 4960 1008 5028; x_wconf 81' lang='lat' dir='ltr'><strong>synodum</strong></span> <span class='ocrx_word' id='word_1_630' title='bbox 1042 4957 1369 5010; x_wconf 84' lang='lat' dir='ltr'><strong>celebratam</strong></span> <span class='ocrx_word' id='word_1_631' title='bbox 1403 4958 1577 5028; x_wconf 79' lang='lat' dir='ltr'><strong>fuisse</strong></span> <span class='ocrx_word' id='word_1_632' title='bbox 1628 4964 1751 5028; x_wconf 86' lang='lat' dir='ltr'><strong>post</strong></span> <span class='ocrx_word' id='word_1_633' title='bbox 1769 4958 1923 5028; x_wconf 79' lang='lat' dir='ltr'><strong>redi-</strong></span> 
     </span>
    </p>
   </div>
   <div class='ocr_carea' id='block_1_97' title="bbox 371 5026 1921 5099">
    <p class='ocr_par' dir='ltr' id='par_1_97' title="bbox 371 5026 1921 5099">
     <span class='ocr_line' id='line_1_97' title="bbox 371 5026 1921 5099; baseline -0.002 -18"><span class='ocrx_word' id='word_1_634' title='bbox 371 5040 481 5081; x_wconf 89' lang='lat' dir='ltr'><strong>tum</strong></span> <span class='ocrx_word' id='word_1_635' title='bbox 533 5026 829 5099; x_wconf 84' lang='lat' dir='ltr'><strong>legatorum</strong></span> <span class='ocrx_word' id='word_1_636' title='bbox 864 5026 1234 5099; x_wconf 60' lang='lat' dir='ltr'><strong>_Orienta_lium</strong></span> <span class='ocrx_word' id='word_1_637' title='bbox 1290 5042 1354 5079; x_wconf 80' lang='lat' dir='ltr'><strong>ex</strong></span> <span class='ocrx_word' id='word_1_638' title='bbox 1401 5026 1921 5099; x_wconf 59' lang='lat' dir='ltr'><strong>Italia.__Celeh_rata</strong></span> 
     </span>
    </p>
   </div>
   <div class='ocr_carea' id='block_1_98' title="bbox 369 5095 1924 5166">
    <p class='ocr_par' dir='ltr' id='par_1_98' title="bbox 369 5095 1924 5166">
     <span class='ocr_line' id='line_1_98' title="bbox 369 5095 1924 5166; baseline -0.001 -15"><span class='ocrx_word' id='word_1_639' title='bbox 369 5109 451 5152; x_wconf 88' lang='lat' dir='ltr'><strong>est</strong></span> <span class='ocrx_word' id='word_1_640' title='bbox 486 5095 652 5166; x_wconf 75' lang='lat' dir='ltr'><strong>igitur</strong></span> <span class='ocrx_word' id='word_1_641' title='bbox 679 5112 820 5149; x_wconf 87' lang='lat' dir='ltr'><strong>anno</strong></span> <span class='ocrx_word' id='word_1_642' title='bbox 851 5096 1053 5150; x_wconf 84' lang='lat' dir='ltr'><strong>Christi</strong></span> <span class='ocrx_word' id='word_1_643' title='bbox 1087 5097 1209 5158; x_wconf 76' lang='lat'><strong>367,</strong></span> <span class='ocrx_word' id='word_1_644' title='bbox 1237 5104 1333 5148; x_wconf 88' lang='lat' dir='ltr'><strong>aut</strong></span> <span class='ocrx_word' id='word_1_645' title='bbox 1360 5106 1506 5166; x_wconf 89' lang='lat' dir='ltr'><strong>certe</strong></span> <span class='ocrx_word' id='word_1_646' title='bbox 1537 5095 1660 5166; x_wconf 69' lang='lat'><strong>368.</strong></span> <span class='ocrx_word' id='word_1_647' title='bbox 1690 5096 1924 5149; x_wconf 80' lang='lat' dir='ltr'><strong>Proinde</strong></span> 
     </span>
    </p>
   </div>
   <div class='ocr_carea' id='block_1_99' title="bbox 365 5164 1924 5235">
    <p class='ocr_par' dir='ltr' id='par_1_99' title="bbox 365 5164 1924 5235">
     <span class='ocr_line' id='line_1_99' title="bbox 365 5164 1924 5235; baseline -0.001 -14"><span class='ocrx_word' id='word_1_648' title='bbox 365 5164 567 5221; x_wconf 69' lang='lat' dir='ltr'><strong>erravit</strong></span> <span class='ocrx_word' id='word_1_649' title='bbox 612 5167 902 5230; x_wconf 85' lang='lat' dir='ltr'><strong>Baronius,</strong></span> <span class='ocrx_word' id='word_1_650' title='bbox 946 5168 1039 5235; x_wconf 87' lang='lat' dir='ltr'><strong>qui</strong></span> <span class='ocrx_word' id='word_1_651' title='bbox 1071 5181 1189 5218; x_wconf 88' lang='lat' dir='ltr'><strong>eam</strong></span> <span class='ocrx_word' id='word_1_652' title='bbox 1233 5165 1506 5233; x_wconf 83' lang='lat' dir='ltr'><strong>synodum</strong></span> <span class='ocrx_word' id='word_1_653' title='bbox 1560 5164 1745 5235; x_wconf 10' lang='lat' dir='ltr'><strong>referti</strong></span> <span class='ocrx_word' id='word_1_654' title='bbox 1778 5180 1924 5219; x_wconf 87' lang='lat' dir='ltr'><strong>anno</strong></span> 
     </span>
    </p>
   </div>
   <div class='ocr_carea' id='block_1_100' title="bbox 369 5234 1921 5303">
    <p class='ocr_par' dir='ltr' id='par_1_100' title="bbox 369 5234 1921 5303">
     <span class='ocr_line' id='line_1_100' title="bbox 369 5234 1921 5303; baseline -0.003 -12"><span class='ocrx_word' id='word_1_655' title='bbox 369 5238 493 5294; x_wconf 76' lang='grc'><strong>565,</strong></span> <span class='ocrx_word' id='word_1_656' title='bbox 528 5236 716 5290; x_wconf 86' lang='lat' dir='ltr'><strong>eodem</strong></span> <span class='ocrx_word' id='word_1_657' title='bbox 768 5251 911 5288; x_wconf 91' lang='lat' dir='ltr'><strong>anno</strong></span> <span class='ocrx_word' id='word_1_658' title='bbox 963 5250 1072 5303; x_wconf 84' lang='lat' dir='ltr'><strong>quo</strong></span> <span class='ocrx_word' id='word_1_659' title='bbox 1122 5236 1363 5303; x_wconf 85' lang='lat' dir='ltr'><strong>synodus</strong></span> <span class='ocrx_word' id='word_1_660' title='bbox 1398 5234 1678 5302; x_wconf 78' lang='lat' dir='ltr'><strong>Lampsaci</strong></span> <span class='ocrx_word' id='word_1_661' title='bbox 1738 5234 1921 5287; x_wconf 83' lang='lat' dir='ltr'><strong>habita</strong></span> 
     </span>
    </p>
   </div>
   <div class='ocr_carea' id='block_1_101' title="bbox 373 5304 1922 5373">
    <p class='ocr_par' dir='ltr' id='par_1_101' title="bbox 373 5304 1922 5373">
     <span class='ocr_line' id='line_1_101' title="bbox 373 5304 1922 5373; baseline -0.004 -13"><span class='ocrx_word' id='word_1_662' title='bbox 373 5311 565 5360; x_wconf 80' lang='lat' dir='ltr'><strong>fuerat.</strong></span> <span class='ocrx_word' id='word_1_663' title='bbox 602 5306 756 5370; x_wconf 89' lang='lat' dir='ltr'><strong>Quod</strong></span> <span class='ocrx_word' id='word_1_664' title='bbox 786 5306 1001 5373; x_wconf 88' lang='lat' dir='ltr'><strong>quidem</strong></span> <span class='ocrx_word' id='word_1_665' title='bbox 1030 5304 1142 5356; x_wconf 85' lang='lat' dir='ltr'><strong>ﬁeri</strong></span> <span class='ocrx_word' id='word_1_666' title='bbox 1175 5306 1323 5357; x_wconf 90' lang='lat' dir='ltr'><strong>nullo</strong></span> <span class='ocrx_word' id='word_1_667' title='bbox 1352 5306 1509 5357; x_wconf 86' lang='lat' dir='ltr'><strong>modo</strong></span> <span class='ocrx_word' id='word_1_668' title='bbox 1544 5310 1744 5373; x_wconf 84' lang='lat' dir='ltr'><strong>potest.</strong></span> <span class='ocrx_word' id='word_1_669' title='bbox 1775 5304 1922 5366; x_wconf 89' lang='lat' dir='ltr'><strong>Quo-</strong></span> 
     </span>
    </p>
   </div>
   <div class='ocr_carea' id='block_1_102' title="bbox 371 5372 1920 5441">
    <p class='ocr_par' dir='ltr' id='par_1_102' title="bbox 371 5372 1920 5441">
     <span class='ocr_line' id='line_1_102' title="bbox 371 5372 1920 5441; baseline -0.003 -10"><span class='ocrx_word' id='word_1_670' title='bbox 371 5377 531 5431; x_wconf 87' lang='lat' dir='ltr'><strong>modo</strong></span> <span class='ocrx_word' id='word_1_671' title='bbox 559 5378 700 5429; x_wconf 87' lang='lat' dir='ltr'><strong>cuim</strong></span> <span class='ocrx_word' id='word_1_672' title='bbox 734 5372 842 5428; x_wconf 85' lang='lat' dir='ltr'><strong>uno</strong></span> <span class='ocrx_word' id='word_1_673' title='bbox 872 5374 1169 5440; x_wconf 87' lang='lat' dir='ltr'><strong>eodemque</strong></span> <span class='ocrx_word' id='word_1_674' title='bbox 1212 5390 1355 5426; x_wconf 86' lang='lat' dir='ltr'><strong>anno</strong></span> <span class='ocrx_word' id='word_1_675' title='bbox 1391 5374 1547 5441; x_wconf 79' lang='lat' dir='ltr'><strong>legati</strong></span> <span class='ocrx_word' id='word_1_676' title='bbox 1588 5373 1655 5425; x_wconf 87' lang='lat' dir='ltr'><strong>ab</strong></span> <span class='ocrx_word' id='word_1_677' title='bbox 1684 5372 1920 5441; x_wconf 81' lang='lat' dir='ltr'><strong>Qrieutis</strong></span> 
     </span>
    </p>
   </div>
   <div class='ocr_carea' id='block_1_103' title="bbox 371 5440 1919 5516">
    <p class='ocr_par' dir='ltr' id='par_1_103' title="bbox 371 5440 1919 5516">
     <span class='ocr_line' id='line_1_103' title="bbox 371 5440 1919 5516; baseline -0.001 -19"><span class='ocrx_word' id='word_1_678' title='bbox 371 5447 619 5516; x_wconf 80' lang='lat' dir='ltr'><strong>partibus</strong></span> <span class='ocrx_word' id='word_1_679' title='bbox 656 5446 709 5497; x_wconf 91' lang='lat' dir='ltr'><strong>in</strong></span> <span class='ocrx_word' id='word_1_680' title='bbox 758 5444 964 5498; x_wconf 82' lang='lat' dir='ltr'><strong>Italiam</strong></span> <span class='ocrx_word' id='word_1_681' title='bbox 999 5444 1164 5507; x_wconf 86' lang='lat' dir='ltr'><strong>mitti,</strong></span> <span class='ocrx_word' id='word_1_682' title='bbox 1212 5451 1267 5497; x_wconf 90' lang='lat' dir='ltr'><strong>et</strong></span> <span class='ocrx_word' id='word_1_683' title='bbox 1306 5440 1487 5496; x_wconf 69' lang='lat' dir='ltr'><strong>Itonia:</strong></span> <span class='ocrx_word' id='word_1_684' title='bbox 1536 5458 1656 5496; x_wconf 91' lang='lat' dir='ltr'><strong>cum</strong></span> <span class='ocrx_word' id='word_1_685' title='bbox 1701 5440 1919 5495; x_wconf 87' lang='lat' dir='ltr'><strong>Liberio</strong></span> 
     </span>
    </p>
   </div>
   <div class='ocr_carea' id='block_1_104' title="bbox 2026 4679 3591 4759">
    <p class='ocr_par' dir='ltr' id='par_1_104' title="bbox 2026 4679 3591 4759">
     <span class='ocr_line' id='line_1_104' title="bbox 2026 4679 3591 4759; baseline 0.004 -26"><span class='ocrx_word' id='word_1_686' title='bbox 2026 4679 2231 4745; x_wconf 73' lang='lat' dir='ltr'><strong>ticum,</strong></span> <span class='ocrx_word' id='word_1_687' title='bbox 2284 4694 2411 4759; x_wconf 86' lang='lat' dir='ltr'><strong>cuin</strong></span> <span class='ocrx_word' id='word_1_688' title='bbox 2442 4679 2733 4759; x_wconf 72' lang='lat' dir='ltr'><strong>episcopis</strong></span> <span class='ocrx_word' id='word_1_689' title='bbox 2754 4680 2881 4759; x_wconf 64' lang='lat' dir='ltr'><strong>illic</strong></span> <span class='ocrx_word' id='word_1_690' title='bbox 2911 4684 3263 4759; x_wconf 74' lang='lat' dir='ltr'><strong>congregatis</strong></span> <span class='ocrx_word' id='word_1_691' title='bbox 3295 4679 3591 4759; x_wconf 73' lang='lat' dir='ltr'><strong>c_onvenire</strong></span> 
     </span>
    </p>
   </div>
   <div class='ocr_carea' id='block_1_105' title="bbox 2028 4748 3591 4825">
    <p class='ocr_par' dir='ltr' id='par_1_105' title="bbox 2028 4748 3591 4825">
     <span class='ocr_line' id='line_1_105' title="bbox 2028 4748 3591 4825; baseline 0.004 -22"><span class='ocrx_word' id='word_1_692' title='bbox 2028 4758 2360 4825; x_wconf 67' lang='lat' dir='ltr'><strong>potuerunt,</strong></span> <span class='ocrx_word' id='word_1_693' title='bbox 2403 4748 2709 4825; x_wconf 39' lang='lat' dir='ltr'><strong>etnindei‘n</strong></span> <span class='ocrx_word' id='word_1_694' title='bbox 2748 4748 3146 4822; x_wconf 77' lang='lat' dir='ltr'><strong>Cappadociam</strong></span> <span class='ocrx_word' id='word_1_695' title='bbox 3191 4753 3258 4805; x_wconf 89' lang='lat' dir='ltr'><strong>ad</strong></span> <span class='ocrx_word' id='word_1_696' title='bbox 3304 4752 3591 4825; x_wconf 80' lang='lat' dir='ltr'><strong>Tyancnse</strong></span> 
     </span>
    </p>
   </div>
   <div class='ocr_carea' id='block_1_106' title="bbox 2027 4818 2681 4887">
    <p class='ocr_par' dir='ltr' id='par_1_106' title="bbox 2027 4818 2681 4887">
     <span class='ocr_line' id='line_1_106' title="bbox 2027 4818 2681 4887; baseline -0.005 -14"><span class='ocrx_word' id='word_1_697' title='bbox 2027 4818 2322 4873; x_wconf 77' lang='lat' dir='ltr'><strong>concilium</strong></span> <span class='ocrx_word' id='word_1_698' title='bbox 2361 4818 2631 4887; x_wconf 86' lang='lat' dir='ltr'><strong>proficisci</strong></span> <span class='ocrx_word' id='word_1_699' title='bbox 2657 4819 2681 4859; x_wconf 73' lang='grc' dir='ltr'><strong><em>ν</em></strong></span> 
     </span>
    </p>
   </div>
   <div class='ocr_carea' id='block_1_107' title="bbox 2098 4888 3587 4956">
    <p class='ocr_par' dir='ltr' id='par_1_107' title="bbox 2098 4888 3587 4956">
     <span class='ocr_line' id='line_1_107' title="bbox 2098 4888 3587 4956; baseline 0.004 -15"><span class='ocrx_word' id='word_1_700' title='bbox 2098 4890 2209 4956; x_wconf 68' lang='lat'><strong>(75)</strong></span> <span class='ocrx_word' id='word_1_701' title='bbox 2256 4888 2491 4954; x_wconf 85' lang='grc' dir='ltr'>Ὀτρέως</span> <span class='ocrx_word' id='word_1_702' title='bbox 2542 4888 2646 4941; x_wconf 84' lang='grc' dir='ltr'>τοῦ</span> <span class='ocrx_word' id='word_1_703' title='bbox 2701 4888 3037 4955; x_wconf 63' lang='lat' dir='ltr'><strong>Melita-17¢.</strong></span> <span class='ocrx_word' id='word_1_704' title='bbox 3092 4890 3292 4944; x_wconf 88' lang='lat' dir='ltr'><strong>Otreus</strong></span> <span class='ocrx_word' id='word_1_705' title='bbox 3319 4889 3526 4945; x_wconf 90' lang='lat' dir='ltr'><strong>dicitur</strong></span> <span class='ocrx_word' id='word_1_706' title='bbox 3558 4908 3587 4947; x_wconf 87' lang='lat' dir='ltr'><strong>a</strong></span> 
     </span>
    </p>
   </div>
   <div class='ocr_carea' id='block_1_108' title="bbox 2028 4957 3589 5028">
    <p class='ocr_par' dir='ltr' id='par_1_108' title="bbox 2028 4957 3589 5028">
     <span class='ocr_line' id='line_1_108' title="bbox 2028 4957 3589 5028; baseline 0.003 -17"><span class='ocrx_word' id='word_1_707' title='bbox 2028 4958 2231 5028; x_wconf 67' lang='lat' dir='ltr'><strong>Basilio</strong></span> <span class='ocrx_word' id='word_1_708' title='bbox 2270 4957 2465 5026; x_wconf 75' lang='lat' dir='ltr'><strong>Magne</strong></span> <span class='ocrx_word' id='word_1_709' title='bbox 2517 4957 2572 5009; x_wconf 88' lang='lat' dir='ltr'><strong>in</strong></span> <span class='ocrx_word' id='word_1_710' title='bbox 2626 4960 2857 5027; x_wconf 87' lang='lat' dir='ltr'><strong>epistola</strong></span> <span class='ocrx_word' id='word_1_711' title='bbox 2905 4959 3029 5020; x_wconf 80' lang='grc'><strong>516,</strong></span> <span class='ocrx_word' id='word_1_712' title='bbox 3059 4969 3112 5013; x_wconf 89' lang='lat' dir='ltr'><strong>et</strong></span> <span class='ocrx_word' id='word_1_713' title='bbox 3148 4962 3217 5013; x_wconf 88' lang='lat' dir='ltr'><strong>ab</strong></span> <span class='ocrx_word' id='word_1_714' title='bbox 3260 4962 3589 5028; x_wconf 63' lang='lat' dir='ltr'><strong>imperatore</strong></span> 
     </span>
    </p>
   </div>
   <div class='ocr_carea' id='block_1_109' title="bbox 2029 5027 3590 5091">
    <p class='ocr_par' dir='ltr' id='par_1_109' title="bbox 2029 5027 3590 5091">
     <span class='ocr_line' id='line_1_109' title="bbox 2029 5027 3590 5091; baseline 0.003 -10"><span class='ocrx_word' id='word_1_715' title='bbox 2029 5027 2346 5081; x_wconf 81' lang='lat' dir='ltr'><strong>Theodosio</strong></span> <span class='ocrx_word' id='word_1_716' title='bbox 2380 5029 2436 5080; x_wconf 90' lang='lat' dir='ltr'><strong>in</strong></span> <span class='ocrx_word' id='word_1_717' title='bbox 2484 5028 2600 5091; x_wconf 79' lang='lat' dir='ltr'><strong>lege</strong></span> <span class='ocrx_word' id='word_1_718' title='bbox 2630 5030 2787 5081; x_wconf 90' lang='lat' dir='ltr'><strong>tertia</strong></span> <span class='ocrx_word' id='word_1_719' title='bbox 2843 5028 3042 5082; x_wconf 91' lang='lat' dir='ltr'><strong>Codice</strong></span> <span class='ocrx_word' id='word_1_720' title='bbox 3090 5028 3472 5083; x_wconf 75' lang='lat' dir='ltr'><strong>Theodosi-ano</strong></span> <span class='ocrx_word' id='word_1_721' title='bbox 3522 5032 3590 5085; x_wconf 88' lang='lat' dir='ltr'><strong>de</strong></span> 
     </span>
    </p>
   </div>
   <div class='ocr_carea' id='block_1_110' title="bbox 2029 5096 3587 5168">
    <p class='ocr_par' dir='ltr' id='par_1_110' title="bbox 2029 5096 3587 5168">
     <span class='ocr_line' id='line_1_110' title="bbox 2029 5096 3587 5168; baseline 0.003 -18"><span class='ocrx_word' id='word_1_722' title='bbox 2029 5097 2134 5151; x_wconf 91' lang='lat' dir='ltr'><strong>ﬁde</strong></span> <span class='ocrx_word' id='word_1_723' title='bbox 2180 5098 2470 5168; x_wconf 71' lang='lat' dir='ltr'><strong>catholica.</strong></span> <span class='ocrx_word' id='word_1_724' title='bbox 2516 5096 2815 5165; x_wconf 87' lang='lat' dir='ltr'><strong>Gregorius</strong></span> <span class='ocrx_word' id='word_1_725' title='bbox 2861 5100 3153 5166; x_wconf 89' lang='lat' dir='ltr'><strong>episc0pus</strong></span> <span class='ocrx_word' id='word_1_726' title='bbox 3198 5098 3455 5153; x_wconf 86' lang='lat' dir='ltr'><strong>Nazianzi</strong></span> <span class='ocrx_word' id='word_1_727' title='bbox 3492 5102 3587 5168; x_wconf 86' lang='lat' dir='ltr'><strong>qui</strong></span> 
     </span>
    </p>
   </div>
   <div class='ocr_carea' id='block_1_111' title="bbox 2028 5164 3583 5235">
    <p class='ocr_par' dir='ltr' id='par_1_111' title="bbox 2028 5164 3583 5235">
     <span class='ocr_line' id='line_1_111' title="bbox 2028 5164 3583 5235; baseline 0.003 -16"><span class='ocrx_word' id='word_1_728' title='bbox 2028 5174 2156 5235; x_wconf 88' lang='lat' dir='ltr'><strong>post</strong></span> <span class='ocrx_word' id='word_1_729' title='bbox 2198 5164 2424 5219; x_wconf 86' lang='lat' dir='ltr'><strong>Otreum</strong></span> <span class='ocrx_word' id='word_1_730' title='bbox 2470 5164 2783 5220; x_wconf 83' lang='lat' dir='ltr'><strong>nominatur</strong></span> <span class='ocrx_word' id='word_1_731' title='bbox 2819 5164 2921 5221; x_wconf 80' lang='lat' dir='ltr'><strong>hoc</strong></span> <span class='ocrx_word' id='word_1_732' title='bbox 2957 5164 3098 5231; x_wconf 85' lang='lat' dir='ltr'><strong>loco,</strong></span> <span class='ocrx_word' id='word_1_733' title='bbox 3136 5178 3287 5233; x_wconf 84' lang='lat' dir='ltr'><strong>pater</strong></span> <span class='ocrx_word' id='word_1_734' title='bbox 3314 5177 3399 5222; x_wconf 82' lang='lat' dir='ltr'><strong>est</strong></span> <span class='ocrx_word' id='word_1_735' title='bbox 3445 5164 3583 5224; x_wconf 72' lang='lat' dir='ltr'><strong>Cre-</strong></span> 
     </span>
    </p>
   </div>
   <div class='ocr_carea' id='block_1_112' title="bbox 2024 5234 3582 5305">
    <p class='ocr_par' dir='ltr' id='par_1_112' title="bbox 2024 5234 3582 5305">
     <span class='ocr_line' id='line_1_112' title="bbox 2024 5234 3582 5305; baseline 0.002 -17"><span class='ocrx_word' id='word_1_736' title='bbox 2024 5234 2162 5303; x_wconf 80' lang='lat' dir='ltr'><strong>gorii</strong></span> <span class='ocrx_word' id='word_1_737' title='bbox 2197 5234 2547 5297; x_wconf 81' lang='lat' dir='ltr'><strong>Nazianzeni,</strong></span> <span class='ocrx_word' id='word_1_738' title='bbox 2591 5246 2649 5288; x_wconf 89' lang='lat' dir='ltr'><strong>ut</strong></span> <span class='ocrx_word' id='word_1_739' title='bbox 2697 5248 2842 5291; x_wconf 89' lang='lat' dir='ltr'><strong>recte</strong></span> <span class='ocrx_word' id='word_1_740' title='bbox 2872 5239 3079 5290; x_wconf 90' lang='lat' dir='ltr'><strong>notavit</strong></span> <span class='ocrx_word' id='word_1_741' title='bbox 3126 5238 3437 5305; x_wconf 85' lang='lat' dir='ltr'><strong>Baronius;</strong></span> <span class='ocrx_word' id='word_1_742' title='bbox 3488 5240 3582 5305; x_wconf 88' lang='lat' dir='ltr'><strong>qui</strong></span> 
     </span>
    </p>
   </div>
   <div class='ocr_carea' id='block_1_113' title="bbox 2024 5306 3583 5375">
    <p class='ocr_par' dir='ltr' id='par_1_113' title="bbox 2024 5306 3583 5375">
     <span class='ocr_line' id='line_1_113' title="bbox 2024 5306 3583 5375; baseline -0.001 -15"><span class='ocrx_word' id='word_1_743' title='bbox 2024 5306 2396 5373; x_wconf 84' lang='lat' dir='ltr'><strong>coadjutorem</strong></span> <span class='ocrx_word' id='word_1_744' title='bbox 2424 5307 2529 5359; x_wconf 88' lang='lat' dir='ltr'><strong>sibi</strong></span> <span class='ocrx_word' id='word_1_745' title='bbox 2554 5308 2721 5359; x_wconf 88' lang='lat' dir='ltr'><strong>lilium</strong></span> <span class='ocrx_word' id='word_1_746' title='bbox 2754 5308 2807 5359; x_wconf 92' lang='lat' dir='ltr'><strong>in</strong></span> <span class='ocrx_word' id='word_1_747' title='bbox 2832 5309 3148 5375; x_wconf 81' lang='lat' dir='ltr'><strong>episcopatu</strong></span> <span class='ocrx_word' id='word_1_748' title='bbox 3173 5308 3407 5361; x_wconf 63' lang='lat' dir='ltr'><strong>adseivit</strong></span> <span class='ocrx_word' id='word_1_749' title='bbox 3431 5318 3583 5361; x_wconf 76' lang='lat' dir='ltr'><strong>extra</strong></span> 
     </span>
    </p>
   </div>
   <div class='ocr_carea' id='block_1_114' title="bbox 2024 5376 3584 5446">
    <p class='ocr_par' dir='ltr' id='par_1_114' title="bbox 2024 5376 3584 5446">
     <span class='ocr_line' id='line_1_114' title="bbox 2024 5376 3584 5446; baseline 0.003 -20"><span class='ocrx_word' id='word_1_750' title='bbox 2024 5392 2173 5443; x_wconf 86' lang='lat' dir='ltr'><strong>spem</strong></span> <span class='ocrx_word' id='word_1_751' title='bbox 2222 5376 2615 5440; x_wconf 83' lang='lat' dir='ltr'><strong>successionis,</strong></span> <span class='ocrx_word' id='word_1_752' title='bbox 2650 5385 2709 5429; x_wconf 89' lang='lat' dir='ltr'><strong>ut</strong></span> <span class='ocrx_word' id='word_1_753' title='bbox 2759 5377 2875 5446; x_wconf 86' lang='lat' dir='ltr'><strong>ipse</strong></span> <span class='ocrx_word' id='word_1_754' title='bbox 2924 5377 3302 5432; x_wconf 71' lang='lat' dir='ltr'><strong>Nazianzenus</strong></span> <span class='ocrx_word' id='word_1_755' title='bbox 3341 5380 3584 5433; x_wconf 86' lang='lat' dir='ltr'><strong>declarat</strong></span> 
     </span>
    </p>
   </div>
   <div class='ocr_carea' id='block_1_115' title="bbox 2025 5446 2444 5499">
    <p class='ocr_par' dir='ltr' id='par_1_115' title="bbox 2025 5446 2444 5499">
     <span class='ocr_line' id='line_1_115' title="bbox 2025 5446 2444 5499; baseline 0.005 -2"><span class='ocrx_word' id='word_1_756' title='bbox 2025 5446 2081 5498; x_wconf 90' lang='lat' dir='ltr'><strong>in</strong></span> <span class='ocrx_word' id='word_1_757' title='bbox 2113 5446 2365 5499; x_wconf 89' lang='lat' dir='ltr'><strong>oratione</strong></span> <span class='ocrx_word' id='word_1_758' title='bbox 2392 5446 2444 5499; x_wconf 91' lang='lat'><strong>8.</strong></span> 
     </span>
    </p>
   </div>
   <div class='ocr_carea' id='block_1_116' title="bbox 1777 5616 2156 5673">
    <p class='ocr_par' dir='ltr' id='par_1_116' title="bbox 1777 5616 2156 5673">
     <span class='ocr_line' id='line_1_116' title="bbox 1777 5616 2156 5673; baseline 0 -2"><span class='ocrx_word' id='word_1_759' title='bbox 1777 5616 2156 5673; x_wconf 77' lang='lat' dir='ltr'><strong>VARIORUM.</strong></span> 
     </span>
    </p>
   </div>
   <div class='ocr_carea' id='block_1_117' title="bbox 442 5759 647 5810">
    <p class='ocr_par' dir='ltr' id='par_1_117' title="bbox 442 5759 647 5810">
     <span class='ocr_line' id='line_1_117' title="bbox 442 5759 647 5810; baseline 0.02 -4"><span class='ocrx_word' id='word_1_760' title='bbox 442 5767 467 5806; x_wconf 79' lang='grc' dir='ltr'><strong>ρ</strong></span> <span class='ocrx_word' id='word_1_761' title='bbox 498 5759 647 5810; x_wconf 83' lang='grc' dir='ltr'>Γενο</span> 
     </span>
    </p>
   </div>
   <div class='ocr_carea' id='block_1_118' title="bbox 367 5774 1385 5893">
    <p class='ocr_par' dir='ltr' id='par_1_118' title="bbox 367 5774 1385 5893">
     <span class='ocr_line' id='line_1_118' title="bbox 442 5774 1385 5821; baseline 0.003 -15"><span class='ocrx_word' id='word_1_762' title='bbox 442 5774 467 5806; x_wconf 76' lang='grc' dir='ltr'><strong>ρ</strong></span> <span class='ocrx_word' id='word_1_763' title='bbox 498 5774 647 5810; x_wconf 67' lang='grc' dir='ltr'>ιἐνο</span> <span class='ocrx_word' id='word_1_764' title='bbox 691 5774 831 5821; x_wconf 78' lang='grc' dir='ltr'>ενης</span> <span class='ocrx_word' id='word_1_765' title='bbox 860 5774 927 5807; x_wconf 79' lang='grc' dir='ltr'><strong>οε</strong></span> <span class='ocrx_word' id='word_1_766' title='bbox 964 5774 1202 5806; x_wconf 81' lang='grc' dir='ltr'>κακεισε</span> <span class='ocrx_word' id='word_1_767' title='bbox 1237 5774 1385 5809; x_wconf 75' lang='lat' dir='ltr'><strong>avra</strong></span> 
     </span>
     <span class='ocr_line' id='line_1_119' title="bbox 367 5774 1385 5893; baseline -0.004 -10"><span class='ocrx_word' id='word_1_768' title='bbox 367 5827 442 5883; x_wconf 76' lang='lat' dir='ltr'><strong>bit</strong></span> <span class='ocrx_word' id='word_1_769' title='bbox 473 5832 596 5884; x_wconf 75' lang='lat' dir='ltr'><strong>Ant.</strong></span> <span class='ocrx_word' id='word_1_770' title='bbox 644 5774 796 5893; x_wconf 49' lang='lat' dir='ltr'><strong>ﬁngi,</strong></span> <span class='ocrx_word' id='word_1_771' title='bbox 828 5826 893 5876; x_wconf 84' lang='lat' dir='ltr'><strong>ad</strong></span> <span class='ocrx_word' id='word_1_772' title='bbox 924 5840 1053 5876; x_wconf 89' lang='lat' dir='ltr'><strong>ann.</strong></span> <span class='ocrx_word' id='word_1_773' title='bbox 1090 5824 1212 5880; x_wconf 77' lang='grc'><strong>565.</strong></span> <span class='ocrx_word' id='word_1_774' title='bbox 1245 5841 1298 5877; x_wconf 82' lang='grc' dir='ltr'>ιι.</span> <span class='ocrx_word' id='word_1_775' title='bbox 1332 5830 1385 5882; x_wconf 86' lang='lat'><strong>6.</strong></span> 
     </span>
    </p>
   </div>
   <div class='ocr_carea' id='block_1_119' title="bbox 682 5912 1309 5973">
    <p class='ocr_par' dir='ltr' id='par_1_119' title="bbox 682 5912 1309 5973">
     <span class='ocr_line' id='line_1_120' title="bbox 682 5912 1309 5973; baseline -0.002 -1"><span class='ocrx_word' id='word_1_776' title='bbox 682 5916 904 5973; x_wconf 73' lang='lat' dir='ltr'><strong>PATRL.</strong></span> <span class='ocrx_word' id='word_1_777' title='bbox 938 5912 1051 5969; x_wconf 77' lang='lat' dir='ltr'><strong>Gn.</strong></span> <span class='ocrx_word' id='word_1_778' title='bbox 1087 5912 1309 5971; x_wconf 75' lang='lat' dir='ltr'><strong>LXVII.</strong></span> 
     </span>
    </p>
   </div>
   <div class='ocr_carea' id='block_1_120' title="bbox 691 5752 2449 5826">
    <p class='ocr_par' dir='ltr' id='par_1_120' title="bbox 691 5752 2449 5826">
     <span class='ocr_line' id='line_1_121' title="bbox 691 5752 2449 5826; baseline 0.003 -20"><span class='ocrx_word' id='word_1_779' title='bbox 691 5756 831 5821; x_wconf 78' lang='grc' dir='ltr'>ἐνης</span> <span class='ocrx_word' id='word_1_780' title='bbox 860 5754 927 5807; x_wconf 83' lang='grc' dir='ltr'>δὲ</span> <span class='ocrx_word' id='word_1_781' title='bbox 964 5753 1202 5826; x_wconf 71' lang='grc' dir='ltr'>κάκεῖσε</span> <span class='ocrx_word' id='word_1_782' title='bbox 1237 5756 1519 5811; x_wconf 60' lang='grc' dir='ltr'>συνόδων.</span> <span class='ocrx_word' id='word_1_783' title='bbox 1550 5754 1796 5826; x_wconf 77' lang='lat' dir='ltr'><strong>Synodos</strong></span> <span class='ocrx_word' id='word_1_784' title='bbox 1828 5752 2069 5808; x_wconf 80' lang='lat' dir='ltr'><strong>Siculam</strong></span> <span class='ocrx_word' id='word_1_785' title='bbox 2093 5770 2143 5811; x_wconf 83' lang='lat' dir='ltr'><strong>ct</strong></span> <span class='ocrx_word' id='word_1_786' title='bbox 2171 5756 2449 5826; x_wconf 68' lang='lat' dir='ltr'><strong>Tyancnse</strong></span> 
     </span>
    </p>
   </div>
   <div class='ocr_carea' id='block_1_121' title="bbox 1822 5752 3580 5826">
    <p class='ocr_par' dir='ltr' id='par_1_121' title="bbox 1828 5752 3580 5826">
     <span class='ocr_line' id='line_1_122' title="bbox 1828 5752 3580 5826; baseline 0.006 -19"><span class='ocrx_word' id='word_1_787' title='bbox 1828 5752 2069 5808; x_wconf 89' lang='lat' dir='ltr'><strong>Siculam</strong></span> <span class='ocrx_word' id='word_1_788' title='bbox 2093 5770 2143 5811; x_wconf 83' lang='lat' dir='ltr'><strong>et</strong></span> <span class='ocrx_word' id='word_1_789' title='bbox 2171 5756 2514 5826; x_wconf 69' lang='lat' dir='ltr'><strong>Tyancnsem</strong></span> <span class='ocrx_word' id='word_1_790' title='bbox 2548 5772 2689 5812; x_wconf 87' lang='lat' dir='ltr'><strong>anno</strong></span> <span class='ocrx_word' id='word_1_791' title='bbox 2747 5757 2851 5812; x_wconf 78' lang='lat'><strong>366</strong></span> <span class='ocrx_word' id='word_1_792' title='bbox 2917 5766 3137 5813; x_wconf 89' lang='lat' dir='ltr'><strong>coactas</strong></span> <span class='ocrx_word' id='word_1_793' title='bbox 3198 5756 3366 5813; x_wconf 86' lang='lat' dir='ltr'><strong>fuisse</strong></span> <span class='ocrx_word' id='word_1_794' title='bbox 3434 5759 3580 5817; x_wconf 72' lang='lat' dir='ltr'><strong>scri-</strong></span> 
     </span>
    </p>
   </div>
   <div class='ocr_carea' id='block_1_122' title="bbox 3264 5909 3336 5968">
    <p class='ocr_par' dir='ltr' id='par_1_122' title="bbox 3264 5909 3336 5968">
     <span class='ocr_line' id='line_1_123' title="bbox 3264 5909 3336 5968; baseline 0 0"><span class='ocrx_word' id='word_1_795' title='bbox 3264 5909 3336 5968; x_wconf 72' lang='lat'><strong>49</strong></span> 
     </span>
    </p>
   </div>
  </div>
