4452 6598
803 371 939 439 ιω

2244 355 2467 421 ΒΟΖΟΜ
2479 362 2561 418 ΕΝ
2570 363 2588 416 ι

3900 359 4041 415 1324

801 504 860 548 et
904 492 1165 563 epistolas
1196 499 1308 543 tum
1356 488 1574 552 Liberii,
1609 495 1722 540 tum
1760 486 2140 556 episcoporum
2175 485 2361 548 Italia,
2393 490 2438 547 Α
2464 485 2559 553 ψηι

2281 486 2361 548 ite,
2393 490 2438 547 Α
2464 485 2777 554 ψηφίσμασι
2823 483 2932 536 τῶν
2971 485 3074 536 ἀνὰ
3101 484 3199 553 τὴν
3230 484 3382 535 δύσιν
3411 481 3752 562 ἐπισκόπων,
3797 482 3890 533 καὶ
3920 485 4039 543 τοῖς

803 585 1023 648 Africae,
1049 580 1238 636 Gallia
1278 589 1332 634 et
1370 580 1608 645 Sicilia;
1644 593 1768 632 nam
1797 586 1852 633 et
1900 579 2131 634 istorum
2161 578 2368 633 litteras

803 675 1099 730 attulerant
1132 672 1292 742 legati
1321 685 1352 723 a
1387 672 1595 741 synodo
1622 669 1992 739 Lampsacena
2041 670 2194 725 missi
2229 687 2242 722 :
2281 677 2369 722 ut-

804 780 912 832 que
987 764 1233 818 omnium
1300 761 1518 816 illorum
1580 775 1866 815 numerum
1934 760 2366 816 considerarent.

807 853 977 909 Multo
1009 854 1154 908 enim
1182 853 1369 923 plures
1397 861 1554 907 erant
1582 852 1650 907 iis
1676 852 1769 922 qui
1799 853 1854 908 in
1878 852 2207 907 Ariminensi
2239 867 2369 907 con-

806 945 936 998 cilio
966 945 1240 999 sederant.
1268 943 1538 998 Praeterea
1585 951 1645 996 ut
1678 941 1990 998 consentire
2027 957 2150 995 cum
2180 942 2288 996 illis
2314 949 2369 997 et

806 1039 1218 1089 communicare
1247 1034 1471 1099 vellent,
1512 1048 1676 1102 seque
1706 1032 1950 1103 ejusdem
1990 1049 2113 1089 esse
2155 1041 2369 1088 senten-

808 1127 897 1180 tia
938 1141 1033 1195 per
1066 1125 1279 1180 litteras
1325 1126 1654 1180 indicarent.
1688 1124 1973 1181 Postremo
2011 1135 2070 1179 ut
2107 1133 2233 1179 ante
2263 1124 2370 1179 exi-

809 1227 923 1270 tum
975 1219 1126 1271 veris
1160 1217 1228 1272 ad
1267 1224 1532 1271 statutum
1561 1217 1703 1271 diem
1758 1233 1918 1286 quem
1958 1218 2062 1286 ipsi
2113 1218 2369 1286 prascri-

808 1311 1051 1371 pserant,
1078 1303 1307 1358 Tarsum
1337 1303 1542 1358 Cilicia
1569 1305 1947 1358 convenirent.
1979 1303 2042 1356 Et
2071 1305 2124 1356 hi
2147 1304 2368 1372 quidem

810 1407 930 1446 sese
979 1392 1212 1446 invicem
1264 1392 1367 1446 hoc
1422 1393 1582 1446 modo
1628 1392 1697 1446 ad
1744 1392 2050 1447 faciendam
2103 1397 2369 1464 synodum

811 1484 1192 1538 hortabantur.
1229 1481 1400 1538 Porro
1443 1499 1568 1536 cum
1603 1484 1844 1555 synodus
1869 1484 2095 1554 jamjam
2143 1501 2370 1556 congre-

811 1569 986 1639 ganda
1017 1578 1165 1626 esset
1192 1571 1248 1624 in
1276 1572 1409 1625 urbe
1438 1570 1632 1635 Tarso,
1667 1579 1904 1640 quatuor
1931 1574 2153 1629 circiter
2174 1591 2237 1629 ac
2270 1575 2369 1629 tri-

809 1657 958 1727 ginta
997 1657 1182 1713 Asiani
1221 1659 1488 1728 episcopi,
1520 1661 1572 1713 in
1587 1659 1748 1714 Caria
1776 1663 1920 1716 Asia
1951 1663 2228 1731 provincia
2257 1666 2370 1718 col-

812 1747 935 1801 lccti
958 1787 973 1812 ,
1002 1748 1244 1803 studium
1278 1748 1496 1818 quidem
1532 1749 1588 1803 in
1622 1752 1959 1807 restituenda
1995 1753 2367 1808 Ecclesiarum

2469 569 2721 640 Λιδερίου
2767 571 3054 641 γράμμασι
3099 572 3194 624 καὶ
3236 570 3489 630 Ἰταλῶν,
3539 572 3631 624 καὶ
3666 571 3907 638 Ἄφρων,
3941 572 4039 622 καὶ

2470 660 2724 714 Γαλατῶν
2744 660 2852 712 τῶν
2879 661 3014 730 πρὸς
3037 660 3208 723 δύσιν,
3233 660 3328 713 καὶ
3353 659 3585 713 Σικελῶν
3605 677 3617 689 ο
3645 656 3905 729 ἐκόμισαν
3924 660 4040 731 γὰρ

2468 753 2564 805 καὶ
2601 753 2806 807 τούτων
2835 755 3141 824 γράμματα
3185 755 3234 806 οί
3276 754 3340 804 ἐκ
3386 752 3687 822 Λαμψάκου
3736 751 3992 822 πρέσϐεις
4017 769 4034 781 ·

2469 843 2563 896 atat
2590 843 3011 912 ἀναλογίσασθαι
3043 843 3155 912 (74)
3191 843 3283 896 τὸν
3313 842 3530 895 πάντων
3565 841 3814 911 ἀριθμόν.
3849 839 4040 908 Πολλῷ

2470 933 2579 1004 γὰρ
2606 934 2684 1002 τῷ
2711 933 2904 1004 πλήθει
2925 934 3025 1002 τὴν
3053 936 3110 986 ἐν
3143 933 3409 1005 ’Λριμίνῳ
3441 931 3655 986 σύνοδον
3682 931 3872 983 ἐνίκων
3890 947 3905 960 ·
3942 932 4041 982 καὶ

2468 1027 2773 1096 ὁμόφρονας
2823 1027 3005 1088 αὐτοῖς
3039 1025 3288 1092 γενέσθαι
3336 1025 3430 1077 καὶ
3459 1023 3744 1084 κοινωνούς
3766 1039 3780 1052 ο
3828 1023 3921 1075 καὶ
3952 1023 4038 1074 ὅτι

2467 1113 2668 1183 ταύτης
2691 1115 2796 1166 εἰσὶ
2818 1113 2917 1182 τῆς
2936 1113 3180 1184 γνώμης,
3202 1114 3289 1167 διὰ
3307 1114 3521 1183 γραφῆς
3547 1113 3750 1174 οἰκείας
3773 1112 3910 1182 δηλιῖ
3921 1127 4038 1164 σαι·

2471 1195 2742 1258 συνελθεῖν
2768 1206 2824 1258 δὲ
2845 1207 2924 1269 είς
2952 1205 3163 1276 Ταρσὸν
3188 1205 3290 1274 τῆς
3320 1204 3572 1267 Κιλικίας
3595 1205 3677 1257 ἐτι
3701 1201 3833 1274 ἦρος
3859 1203 4040 1285 ὄντος,

2470 1300 2548 1360 εἰς
2583 1297 2753 1368 ῥητὴν
2784 1297 2996 1368 ἡμέραν
3026 1298 3092 1367 ἦν
3124 1297 3325 1367 ὥρισαν
3349 1336 3363 1360 ,
3392 1296 3484 1348 καὶ
3513 1296 3563 1348 oi
3594 1295 3710 1364 μὲν,
3741 1288 3843 1346 ὦδε
3867 1294 4035 1363 ἀλλή-

2468 1387 2590 1450 λους
2647 1387 2884 1440 συνιέναι
2937 1387 3354 1458 προετρέποντο.
3408 1386 3543 1455 Ἤδη
3589 1383 3644 1436 δὲ
3685 1383 4040 1435 συνίστασθαι

2473 1478 2769 1548 μελλούσης
2813 1466 2920 1547 ’τῆς
2969 1479 3028 1530 ἐν
3071 1477 3270 1547 Ταρσῷ
3300 1477 3550 1541 συνόδου,
3600 1475 3938 1538 συνελθόντες
3982 1476 4042 1524 ἐν

2470 1573 2656 1642 Καρίᾳ
2680 1574 2777 1641 τῆς
2808 1571 2989 1632 Ἀσίας
3021 1571 3132 1640 (75)
3161 1569 3304 1638 ἀμφὶ
3322 1569 3614 1640 τριάκοντα
3640 1569 3898 1636 τέσσαρες
3925 1568 4039 1619 τῶν

2483 1661 2742 1725 ’Δσιανῷν
2787 1660 3119 1723 ἐπισκόπων,
3164 1659 3263 1729 τὴν
3308 1659 3406 1728 μὲν
3447 1659 3539 1711 ἐπὶ
3568 1662 3634 1730 τῇ
3679 1658 3899 1726 ὁμονοίᾳ
3927 1656 4042 1709 τῶν

2484 1751 2812 1822 Ἐκκλησιῶν
2845 1751 3073 1821 σπουδὴν
3109 1751 3340 1820 ἐπῄνουν
3367 1767 3381 1780 ·
3418 1749 3753 1821 παρῃτοῦντο
3776 1749 3833 1802 δὲ
3855 1749 3915 1800 τὸ
3940 1747 4042 1800 τοῦ

810 1837 1105 1892 concordia
1139 1840 1374 1908 positum
1408 1853 1744 1910 magnopere
1773 1841 2086 1897 laudarunt.
2118 1843 2370 1900 Consub-
2402 1819 2441 1873 Β
2470 1843 2568 1910 ὁμο

2282 1847 2370 1899 ιι»-
2402 1819 2441 1873 Β
2470 1819 2753 1910 ὁμοουσνίου
2781 1840 2952 1912 ὄνομα
2975 1857 2990 1872 ·
3032 1819 3133 1894 καὶ
3156 1819 3254 1911 την
3289 1841 3346 1892 ἐν
3387 1819 3688 1909 Ἀντιοχείᾳ
3719 1840 3814 1892 καὶ
3843 1838 4040 1890 Σελευ-

812 1927 1088 1983 stantialis
1121 1936 1304 1982 autem
1329 1931 1655 1984 vocabulum
1684 1931 1974 1988 admittere
2014 1937 2366 2000 recusabant,

812 2016 1152 2074 afﬁrmantes
1180 2017 1338 2073 iidem
1381 2037 1502 2090 qua
1527 2023 1833 2078 Antiochia
1856 2034 1910 2080 et
1951 2025 2212 2083 Seleucia
2244 2044 2372 2098 pro-

813 2107 1054 2178 muigata
1082 2108 1280 2174 fuerat,
1320 2111 1484 2183 235
1513 2121 1686 2168 ratam
1722 2131 1845 2170 esse
1871 2127 2144 2186 oportere,
2171 2121 2372 2191 quippe

814 2212 935 2264 qua
961 2204 1016 2252 et
1046 2197 1272 2252 Luciani
1317 2204 1572 2271 martyris
1615 2203 1749 2260 tides
1779 2215 1945 2274 esset,
1993 2218 2047 2262 et
2100 2226 2209 2265 non
2253 2215 2371 2268 sine

814 2287 1003 2340 multis
1034 2288 1293 2358 periculis
1328 2305 1391 2345 ac
1426 2293 1703 2349 laboribus
1733 2296 1800 2349 ab
1839 2299 2084 2367 ipsorum
2119 2310 2368 2358 anteces-

816 2379 1036 2433 soribus
1082 2378 1274 2435 fuisset
1309 2384 1685 2452 comprobata.
1735 2388 2036 2457 imperator
2065 2407 2215 2457 vero,
2265 2393 2371 2447 Eu-

817 2469 966 2522 doxii
1011 2469 1271 2541 impulsu,
1299 2475 1591 2528 concilium
1625 2477 1772 2546 quod
1813 2479 1867 2533 in
1895 2479 2086 2536 Cilicia
2127 2484 2369 2537 futurum

817 2560 1159 2630 sperabatur,
1193 2563 1431 2627 diremit,
1481 2566 1702 2636 scriptis
1745 2583 1808 2623 ea
1851 2569 1920 2625 de
1960 2586 2018 2626 re
2079 2573 2276 2628 litteris
2320 2583 2374 2628 et

817 2651 1047 2720 adjectis
1075 2653 1256 2709 minis.
1294 2653 1616 2725 Specialiter
1658 2675 1877 2729 quoque
1918 2664 2223 2719 rectoribus
2256 2679 2376 2734 pro.

816 2741 1120 2796 vinciarum
1161 2744 1440 2800 mandavit
1490 2755 1548 2800 ut
1593 2751 1898 2819 episcopos,
1932 2755 2026 2823 qui
2062 2754 2373 2811 Constantii

815 2833 1155 2902 temporibus
1195 2835 1466 2904 depositi,
1511 2848 1699 2908 postea
1737 2855 1996 2912 regnante
2031 2844 2249 2902 Julian'o
2294 2864 2377 2903 sa-

821 2921 1126 2976 cerdotium
1172 2938 1657 2995 recuperaverant,
1709 2931 1970 2990 Ecclesiis
2021 2939 2373 3007 expellerent.

822 3011 904 3065 0b
929 3012 1068 3067 hanc
1094 3014 1400 3083 jussionem
1438 3019 1474 3073 ii
1511 3022 1602 3090 qui
1636 3023 1690 3076 in
1730 3023 1964 3096 IEgypto
1999 3031 2375 3098 magistratum

2469 1933 2593 2001 κείᾳ
2618 1931 2930 1984 ἐκτεθεῖσαν
2961 1932 3142 1983 πίστιν
3174 1931 3372 2001 χρῆναι
3419 1932 3637 2002 κρατεῖν
3682 1929 4042 1998 ἰσχυρίζοντο,

2467 2021 2542 2083 ὼς
2589 2023 2681 2073 καὶ⁵
2711 2020 3005 2075 Λουκιανοῦ
3054 2019 3148 2072 τοῦ
3201 2020 3474 2090 μάρτυρος
3520 2015 3705 2080 οὖσαν,
3751 2021 3848 2071 καὶ
3895 2017 4040 2086 μετὰ

2471 2111 2730 2164 κινδύνων
2757 2112 2850 2165 καὶ
2879 2111 3088 2163 πολλῶν
3117 2110 3350 2182 ἱδρώτων
3394 2111 3543 2180 παρὰ
3577 2110 3684 2162 τῶν
3712 2110 3820 2180 πρὸ
3859 2109 4044 2160 αὐτῶν

2469 2205 2916 2275 δοκιμασθεῖσανᾼ
2936 2206 2991 2256 '0
3021 2205 3078 2256 δέ
3110 2205 3379 2274 βασιλεὺς,
3408 2203 3656 2269 Εύδοξίου
3691 2202 3912 2271 σπουδῇ.
3935 2203 4046 2271 τὴν

2471 2297 2528 2347 ἐν
2569 2295 2791 2365 Κιλικίᾳ
2832 2295 3287 2365 προσδοκωμένην
3319 2294 3524 2346 διέλυσε
3555 2293 3786 2355 σύνοδον,
3823 2292 4044 2359 γράψας

2471 2388 2600 2458 περὶ
2625 2386 2812 2439 τούτου
2845 2387 2938 2438 καὶ
2983 2386 3208 2448 ἀπειλὰς
3246 2385 3474 2448 ἐπιθείς.
3517 2386 3602 2437 Ἐν
3652 2384 3805 2454 μέρει
3838 2385 3892 2436 δὲ
3927 2387 4046 2445 τοῖς

2471 2481 2696 2552 ἄρχουσι
2753 2480 2858 2532 τῶν
2913 2479 3120 2541 ἐθνῶν,
3181 2478 3501 2531 ἀπελαύνειν
3545 2477 3652 2529 τῶν
3703 2476 4048 2545 Ἐκκλησιῶν

2473 2573 2767 2642 προσέταξε
2791 2579 2830 2620 ’τι
2878 2575 3002 2635 τοὺς
3055 2574 3146 2623 ἐπὶ
3193 2571 3568 2623 Κωνσταντίου
3617 2557 4043 2640 καθαιρεθέντας

2473 2663 2823 2726 ἐπισκόπους,
2854 2659 3004 2725 αὖθις
3031 2662 3086 2715 δέ
3115 2662 3211 2732 τὴν
3243 2662 3537 2730 ἱερωσύνην
3565 2661 3927 2722 ἀναλαϐόντας
3947 2660 4045 2712 ἐπὶ

2473 2755 2571 2823 τῆς
2608 2754 2894 2807 Ἰουλιανοῦ
2929 2754 3219 2825 βασιλείας.
3263 2753 3357 2807 Ἐκ
3387 2753 3587 2824 ταύτης
3628 2753 3684 2806 δὲ
3728 2753 3826 2822 τῆς
3870 2768 4045 2821 προσ-

2474 2846 2699 2912 τάξεως,
2741 2848 2834 2899 καὶ
2876 2850 2995 2909 ταῖς
3027 2845 3130 2899 ἀνὰ
3175 2845 3272 2915 τὴν
3312 2844 3584 2913 Ᾱῖγυπτον
3612 2846 3805 2915 ἀρχαῖς
3839 2845 4044 2914 σπουδὴ

2476 2939 2716 3006 γέγονεν,
2748 2938 3038 3007 ἀφελέσθαι
3082 2937 3190 2990 τῶν
3223 2937 3406 2990 αὐτόθι
3443 2937 3744 3008 ἐκκλησιῶν
3783 2936 4045 2990 Ἀθανάσ-

2481 3047 2591 3093 ιον,
2646 3031 2738 3082 καὶ
2783 3030 2880 3100 τῆς
2932 3030 3136 3092 πόλεως
3175 3027 3461 3080 ἀπελάσαι.
3511 3029 3585 3080 Ού
3632 3030 3691 3081 τὸ
3742 3031 3898 3098 τυχὸν
3933 3032 4043 3096 γὰρ

822 3105 1100 3171 gerebant,
1125 3105 1483 3164 Athanasium
1515 3115 1764 3170 ecclesiis
1807 3118 1955 3174 illius
1986 3120 2093 3175 loci
2119 3124 2374 3192 spoliare,
2404 3142 2448 3202 ρ
2481 3123 2580 3172 ἐπι·

2283 3141 2374 3191 ιη,
2404 3142 2448 3202 C
2481 3119 2750 3190 ἐπιτίμιον
2765 3119 3000 3172 ἐνέκειτο
3017 3119 3093 3189 τῷ
3118 3120 3370 3190 βασιλείῳ
3383 3120 3690 3190 γράμματι,
3712 3122 3760 3172 εί
3784 3120 3856 3189 μὴ
3872 3120 4041 3172 ταῦτα

820 3205 874 3247 ct
900 3211 965 3248 ex
997 3195 1214 3252 civitate
1243 3198 1442 3267 ejicere
1461 3204 1808 3262 studuerunt.
1841 3207 2026 3279 Neque
2060 3214 2203 3266 enim
2243 3213 2374 3269 levis

824 3299 982 3351 poena
1011 3286 1214 3339 inserta
1235 3297 1355 3341 erat
1383 3292 1730 3361 imperatoris
1753 3295 1968 3351 edicto:
2001 3299 2096 3353 sed
2123 3303 2378 3359 omnibus

821 3388 886 3426 ex
935 3388 1092 3442 aquo
1122 3377 1470 3444 prasidibus,
1501 3395 1798 3452 eorumque
1830 3383 2156 3443 ofﬁcialibus
2186 3399 2241 3444 et
2287 3392 2380 3447 de-

822 3464 1176 3525 curionibus,
1217 3481 1325 3520 non
1368 3469 1599 3525 modica
1627 3474 1889 3541 pecunia
1922 3477 2122 3531 mulcta
2169 3480 2374 3551 irroga-

826 3553 1008 3615 hatur,
1059 3563 1114 3607 et
1158 3557 1407 3624 corporis
1461 3561 1738 3617 cruciatus
1794 3563 2222 3633 intentabantur,
2268 3571 2376 3626 nisi

830 3651 1091 3711 .mperata
1112 3643 1393 3700 fecissent.
1410 3645 1608 3702 Verum
1629 3652 1920 3708 multitudo
1940 3652 2376 3714 Christianorum

831 3748 882 3785 .n
917 3749 1083 3787 unum
1113 3736 1355 3801 collecta,
1386 3740 1594 3809 rogavit
1616 3743 1950 3811 praefectum,
1973 3762 2041 3802 ne
2062 3749 2375 3819 episcopum

831 3824 1132 3879 inconsulte
1175 3827 1506 3895 expelleret,
1557 3834 1651 3886 sed
1691 3837 2002 3892 accuratius
2051 3841 2380 3909 expenderet

831 3912 1056 3967 iormatn
1092 3916 1450 3986 imperialium
1491 3921 1816 3989 litterarum,
1847 3942 1970 3996 qua
1997 3928 2259 3985 adversus
2283 3947 2380 3986 eos

831 4007 974 4062 solos
1031 4008 1312 4074 valerent,
1367 4012 1458 4080 qui
1501 4023 1622 4083 post
1668 4018 1920 4072 exsilium
1972 4020 2382 4078 Constantianis

831 4099 1164 4168 temporibus
1219 4103 1558 4173 irrogatum,
1613 4119 1874 4176 regnante
1912 4109 2128 4166 Juliano
2174 4113 2382 4168 reversi

2477 3210 2704 3279 γένοιτο,
2757 3211 2974 3264 πάντων
3030 3213 3222 3282 ἐπίσης
3263 3213 3537 3283 ἀρχόντων
3571 3229 3627 3264 τε
3677 3212 3901 3265 καὶτῶν
3950 3213 4048 3264 ὑπ’

2477 3302 2672 3363 αὐτοὺς
2706 3302 3071 3371 στρατιωτῶν,
3106 3293 3198 3354 καὶ
3229 3303 3637 3372 βουλευτηρίων,
3679 3302 3881 3356 ἔκτισιν
3910 3303 4045 3354 πυλ-

2478 3394 2585 3447 λῶν
2615 3395 2912 3464 χρημάτων
2943 3393 3318 3458 καταδικάζον,
3351 3395 3444 3447 καὶ
3474 3395 3720 3464 σώματος
3756 3396 4047 3464 αἰκισμοὺς

2478 3486 2885 3555 ἀπειλούμενον.
2912 3487 3166 3539 Συνελθὸν
3186 3487 3242 3538 δὲ
3257 3486 3318 3538 τὺ
3341 3486 3539 3554 πλῆθος
3557 3486 3664 3538 τῶν
3683 3487 4045 3556 Χριστιανῶν,

2479 3576 2704 3645 ἐζήτουν
2729 3576 2818 3628 τὸν
2847 3576 3110 3646 ὕπαρχον,
3155 3575 3574 3646 ἀπερισκέπτως
3614 3575 3688 3645 μὴ
3722 3575 4050 3627 ἀπελαύνειν

2477 3667 2569 3718 τὸν
2590 3667 2882 3719 ἐπίσκοπον
2903 3685 2916 3697 ⁸
2954 3666 3340 3738 ἀκριϐέστερον
3359 3667 3416 3720 δέ
3441 3670 3661 3718 σκοπεῖν
3685 3668 3776 3719 τὸν
3800 3669 3920 3737 ὅρον
3939 3667 4050 3718 τῶν

2485 3756 2767 3826 βασιλείων
2797 3758 3158 3828 γραμμάτων,
3202 3757 3277 3820 ὡς
3307 3759 3426 3809 κατ’
3457 3757 3675 3808 ἐκείνων
3714 3758 3887 3822 μόνων
3911 3775 4048 3828 κραο

2484 3847 2676 3900 τοῦντα
2701 3849 2808 3901 τῶν
2837 3850 2929 3902 ἐπὶ
2962 3847 3251 3902 Ἰουλιανοῦ
3286 3848 3650 3901 κατελθόντων
3680 3849 3814 3916 μετὰ
3834 3851 3930 3916 τὴν
3958 3848 4050 3901 ἐπὶ

2485 3939 2862 3992 Κωνσταντίου
2904 3941 3101 4009 φυγήν.
3136 3939 3238 3992 Τὸν
3264 3930 3319 3990 δὲ
3345 3937 3664 3991 Ἀθανάσιον
3702 3937 3903 4004 ἔλεγον,
3946 3956 4047 4005 φυ-

2487 4031 2604 4096 γεῖν
2634 4029 2732 4099 μὲν
2766 4030 2859 4083 ἐπὶ
2901 4030 3279 4083 Κωνσταντίου
3304 4068 3320 4092 ,
3378 4029 3778 4100 μετακληθῆναι
3825 4029 3881 4080 δὲ
3922 4031 4051 4100 παρ’

2489 4109 2652 4172 αύτοῦ
2695 4120 2790 4172 καὶ
2828 4117 2926 4190 τὴν
2968 4117 3268 4180 ἐπισκοπὴν
3302 4117 3611 4170 ἀπολαϐεῖνο
3665 4116 3947 4170 Ἰουλιανδν
3995 4117 4054 4171 δὲ

1989 4289 2258 4348 VALESII
2293 4293 2853 4352 ANNOTATIONES.

902 4441 1014 4511 (74)
1041 4443 1149 4495 Kal
1175 4443 1670 4526 ἀναλογίσασβαι.
1715 4449 2248 4526 ChristOphot-sonus
2277 4470 2396 4509 ver—
2428 4439 2471 4494 ο
2494 4457 2644 4526 ginta

2291 4470 2396 4509 rer—
2428 4439 2471 4494 ο
2494 4457 2644 4526 ginta
2679 4465 2924 4526 quatuor,
2944 4455 3132 4508 Asiani
3163 4454 3456 4526 pontiﬁces,
3481 4461 3646 4523 atque
3665 4453 3748 4526 ita
3779 4452 4049 4526 Nicepho-

831 4512 900 4563 tit
927 4529 1198 4566 numerum
1224 4512 1398 4568 secum
1430 4517 1794 4572 subducerent.
1829 4512 2111 4576 Musculus
2144 4539 2276 4577 vero
2311 4526 2396 4579 in-

834 4589 1169 4664 terpretatus
1204 4591 1288 4664 est
1344 4596 1712 4664 recenserem:
1767 4591 1925 4664 quod
1967 4591 2161 4664 minus
2200 4595 2392 4664 probo,

832 4648 1168 4728 Epiphanius
1185 4663 1366 4707 autem
1381 4653 1646 4728 _Scholast
1658 4648 1954 4713 icus'vertit
1981 4648 2390 4717 considerarent:

831 4721 1015 4803 lituus.
1048 4721 1557 4803 interpretationem
1603 4729 1756 4796 sequi
1803 4731 1993 4794 malui,
2045 4747 2167 4785 cum
2207 4731 2394 4803 Lange

835 4788 1122 4861 Nicephori
1152 4788 1470 4861 interprete.

906 4805 1122 4911 cegnort
1152 4805 1470 4861 interprete.

906 4858 959 4942 (ξζ
1001 4859 1019 4928 )
1064 4859 1538 4942 ᾞηΚαρίςι-τῇς
1589 4865 1803 4942 ᾎσςιςας.
1838 4865 2174 4942 Epiphanius
2226 4871 2395 4927 Scho-

836 4927 1064 5009 lasticus
1101 4927 1318 5009 legisse.
1343 4927 1556 5009 videtur
1598 4935 1655 4985 ἐν
1671 4927 1962 5009 Ἀντιοχέίᾲ
2007 4940 2106 5006 τῆς
2157 4942 2386 5009 Καρίας.

838 4997 928 5080 gite
975 4999 1124 5052 enim
1159 4997 1384 5080 ivertit:
1446 4999 1680 5080 Cumque
1723 4997 1950 5080 synodus
2002 4997 2284 5075 pararetur
2333 4997 2388 5064 in

836 5064 1026 5130 Tarso,
1061 5070 1412 5124 convenientes
1459 5071 1514 5124 in
1557 5064 1830 5127 Antiochia
1881 5064 2057 5130 Caria:
2089 5080 2250 5146 ferme
2295 5081 2388 5132 tri-

2499 4521 2597 4596 ijus
2633 4521 2701 4578 in’
2726 4542 2862 4596 cap.
2903 4525 2958 4596 ξ),
2991 4526 3086 4579 lib.
3111 4521 3186 4596 _t_t',
3221 4521 3795 4596 expinterpretatione
3824 4521 4052 4578 Joannis

2499 4595 2691 4664 Langi.
2722 4592 2858 4648 Nam
2890 4594 3078 4649 Graca
3111 4592 3403 4664 Nicephori
3444 4593 3604 4646 hodie
3646 4593 4049 4647 desiderantur.

2497 4662 2678 4733 Atque
2706 4667 2847 4719 hanc
2877 4668 3207 4733 scripturam
3233 4662 3743 4733 equidemvulgata
3769 4665 3924 4730 longe
3956 4679 4055 4733 an-

2497 4729 2720 4804 tepono.
2749 4729 3069 4804 Quidien'im
3115 4733 3216 4786 sibi
3245 4729 3584 4804 voluntliac
3614 4729 3830 4787 'verba?
3872 4729 4056 4804 Καρίᾳ

2496 4801 2596 4871 τῆς
2627 4805 2836 4866 Ἀσίας.
2888 4803 3030 4868 Quid
3081 4817 3220 4870 opus
3257 4809 3341 4855 est
3391 4801 3590 4871 addere
3638 4817 3835 4855 nomen
3888 4801 4054 4862 Asia,

2496 4870 2655 4941 quasi
2684 4874 2984 4928 verendum
3036 4871 3108 4924 sit
3135 4887 3204 4926 ne
3233 4872 3395 4924 aliam
3431 4870 3645 4925 Cariam
3676 4883 3831 4926 extra
3868 4872 4055 4924 Asiam

2497 4943 2894 5012 intelligamus.
2947 4941 3074 4997 Fuit
3130 4943 3296 5012 etiam
3344 4941 3518 4994 altera
3569 4941 3812 5011 synodus
3864 4943 4058 4993 Antio-

2495 5013 2635 5065 chia
2652 5010 2717 5135 2in
2749 5013 2934 5077 Caria,
2968 5015 3033 5067 de
3061 5025 3168 5079 qua
3200 5010 3540 5064 Sozomenus
3569 5010 3624 5064 in
3657 5012 3797 5065 libro
3823 5012 4058 5079 septimo

2495 5096 2618 5135 can.
2693 5125 2703 5135 .

2494 5096 2618 5150 cap.
2652 5096 2703 5135 κ.

2269 5253 2626 5310 VARIORUM
2637 5296 2648 5306 .

910 5402 940 5443 «ι
975 5394 1326 5460 Προσέταξε.
1389 5397 1498 5454 Hoc
1541 5395 1780 5458 Valentis
1815 5407 2053 5460 edictum
2105 5423 2249 5462 anno
2284 5409 2390 5463 567

837 5465 1226 5548 ante_._l’asc'lla
1263 5470 1524 5548 emissum
1565 5475 1827 5548 _l'uit._l'3x
1875 5493 1985 5545 quo
2035 5478 2387 5548 intelligimus

834 5533 1124 5613 concilium
1142 5534 1423 5613 _Tarsens_e
1447 5542 1828 5613 celebrandum
1866 5533 2035 5600 fuisse
2063 5533 2238 5602 verno
2261 5533 2391 5602 tem;

837 5615 968 5670 pore
1002 5603 1243 5670 ejusdem
1281 5611 1443 5672 anni;
1495 5621 1548 5663 et
1583 5611 1850 5667 Valesium
1887 5621 1939 5668 in
1986 5621 2130 5671 notis
2166 5621 2231 5672 ad
2285 5618 2387 5671 So—

836 5680 1064 5755 cratem,
1113 5685 1182 5755 et_
1211 5675 1597 5755 So_z_ome_num_
1629 5684 1876 5752 aliosque
1927 5689 2188 5755 quosdam
2239 5689 2389 5744 viros

837 5739 1027 5795 ductus
1079 5745 1218 5799 male
1259 5747 1540 5806 distulisse
1586 5739 1914 5822 legationem
1945 5739 2385 5814 'Maccdouiano:

2492 5427 2612 5482 [um
2663 5410 2729 5465 ad
2773 5409 3305 5482 Liberiumpapatn,
3341 5421 3395 5467 et
3432 5412 3663 5482 concilia
3712 5411 3955 5465 Siculum
4003 5426 4057 5462 et

2493 5481 2780 5552 Tyanense
2808 5481 3075 5552 usquead
3107 5483 3252 5535 hunc
3281 5499 3483 5535 annum
3510 5481 3632 5544 567,
3668 5496 3790 5552 cum
3822 5496 3887 5534 eo
3911 5497 4056 5552 atina

2487 5549 2600 5619 jam
2626 5549 3198 5605 Liberius’del'unctus
3234 5561 3402 5615 esset,
3426 5563 3481 5606 et
3504 5561 3644 5604 ante'
3669 5549 3882 5604 Pascha
3914 5551 4057 5618 ejus-

2491 5622 2611 5674 dem
2650 5622 2780 5674 anni
2816 5623 3057 5674 edictum
3089 5624 3156 5674 de
3188 5622 3455 5689 pellendis
3485 5623 3756 5688 episcopis
3799 5630 3921 5688 post
3968 5623 4057 5673 illa

2491 5690 2723 5759 concilia
2743 5691 3015 5744 celebrata
3041 5702 3373 5756 cmanatum,
3394 5692 3505 5759 jam
3531 5691 3871 5744 exsecutioni
3901 5705 4054 5744 man-

2490 5757 2677 5815 datum
2707 5761 2890 5816 fuerit.
2926 5761 3075 5815 (Ant.
3110 5759 3259 5833 Pagi,
3291 5761 3355 5816 ad
3391 5757 3522 5814 ann.
3554 5760 3678 5821 565,
3713 5775 3770 5814 n.
3805 5759 3886 5828 3.)
