4452 6598
388 466 527 521 1325

1375 443 1694 504 HISTORIA
1737 437 2290 496 ECCI.ESIASTICA.

2331 471 2400 481 ---
2437 441 2565 496 LIB.
2611 440 2697 495 VI.
3506 450 3642 505 £595

385 584 595 645 πάντας
621 578 1022 649 καταγαγόντα,
1066 573 1223 646 μόνον
1263 571 1424 625 αὑτὸν
1452 566 1640 633 διῶξαι
1668 583 1680 596 ο
1733 563 1893 618 πάλιν
1921 561 1963 615 δ’
1997 571 2040 625 Α
2069 579 2143 617 εει

1883 561 1963 615 ιδ’
1997 571 2040 625 Α
2069 573 2275 618 essent.
2310 561 2670 618 Athanasium
2708 578 2873 634 porro
2913 563 3130 620 aiebant
3173 565 3475 638 relegatum
3517 573 3641 641 qui-

384 671 454 728 αὑ
485 673 739 727 Ίοϐιανὸν
769 671 930 724 αὑτὸν
967 665 1459 740 μετακαλέσασθαι.
1484 663 1668 716 Ταῦτα
1695 661 1962 728 λέγοντες,

384 768 484 820 οὑκ
525 763 760 818 ἔπειθον.
802 764 1075 831 Ἀντεῖχον
1122 759 1179 813 δὲ
1216 760 1398 828 ὅμως,
1446 751 1544 808 καὶ
1578 751 1857 823 βιάζεσθαι
1901 749 1963 803 οὑ

387 856 753 926 συνεχώρουν.
795 850 1140 922 Πανταχόθεν
1185 850 1242 903 δὲ
1268 848 1362 902 τοῦ
1399 848 1568 916 δήμου
1621 843 1962 915 συρρέοντος,

385 948 481 1000 καλ⁵
540 944 738 999 πολλοῦ
803 943 1035 1014 θορύϐου
1083 942 1178 995 καὶ
1237 939 1478 1010 ταραχῆς
1523 937 1625 992 ἀνὰ
1673 937 1773 1007 τὴν
1812 935 1966 987 πόλιν

384 1039 578 1099 ὄντων,
635 1037 730 1090 καλ¹
783 1036 1025 1098 στάσεως
1075 1027 1552 1104 προσδοκωμένης,
1615 1030 1881 1101 ἐμήνυσεν
1936 1029 1965 1080 ὁ

388 1130 632 1200 ὕπαρχος
665 1127 873 1198 βασιλεί
900 1127 968 1180 τὰ
999 1127 1285 1195 γενόμενα,
1305 1124 1683 1194 συγχωρήσας
1720 1121 1880 1175 αὑτὸν
1908 1121 1964 1171 ἐν

385 1224 452 1291 τῇ
511 1221 662 1273 πόλει
711 1219 940 1288 διάγειν.
1007 1217 1143 1282 ’Ἤδη
1207 1217 1262 1270 δὲ
1313 1215 1521 1268 πολλῶν
1572 1212 1965 1282 διαγενομένων

388 1311 652 1382 ἡμερῶν,
707 1313 802 1364 καὶ
847 1311 948 1380 τῆς
995 1309 1309 1379 κινηθείσης
1361 1308 1602 1370 στάσεως
1653 1305 1965 1358 πεπαῦσθαι

386 1404 670 1472 δοκούσης,
723 1403 960 1473 ἑσπέρας
1031 1401 1209 1454 λαθὼν
1260 1401 1579 1463 ’Λθανάσιος
1631 1398 1822 1468 ἐξῆλθε
1867 1399 1966 1468 τῆς

389 1499 618 1559 πόλεως,
660 1498 755 1550 καὶ
782 1496 861 1556 εἰς
908 1513 965 1548 τι
997 1495 1193 1565 χωρίον
1234 1494 1555 1564 ἐκρύπτετο.
1588 1493 1753 1561 ’Λωρὶ
1783 1492 1839 1544 δὲ
1871 1491 1966 1558 τῆς

388 1587 559 1654 αὐτῆς
592 1585 782 1648 νυκτὸς
825 1587 854 1637 ὁ
894 1584 1137 1654 ὕπαρχος
1173 1583 1468 1650 Αἰγύπτου,
1514 1583 1608 1635 καὶ
1648 1584 1676 1634 ὁ
1708 1581 1814 1633 τῶν
1840 1580 1966 1650 τῇδε

392 1679 818 1748 στρατευμάτων
844 1678 942 1746 ήγε
954 1675 1088 1746 μῶν,
1123 1675 1421 1728 κατέλαϐον
1448 1675 1546 1746 τὴν
1572 1673 1883 1742 ἐκκλησίαν,
1910 1672 1967 1723 ἐν

391 1762 425 1840 ᾖ
449 1768 508 1820 τὸ
527 1766 870 1835 καταγώγιον
894 1762 1006 1836 εἶχε
1029 1784 1042 1798 ·
1081 1765 1355 1835 πανταχοῦ
1378 1782 1436 1817 τε
1463 1765 1556 1818 καὶ
1584 1767 1663 1827 εἰς
1690 1763 1788 1826 τὰς
1809 1763 1968 1830 ὑπερο

389 1858 529 1928 ᾠους
561 1861 801 1928 οἰκήσεις
829 1857 1267 1928 ἁναζητήσαντες
1297 1857 1480 1921 αὑτὸν,
1515 1855 1831 1925 ὑπεχώρουν
1857 1853 1970 1906 δια-

396 1953 692 2022 μαρτόντες
713 1951 810 2020 τῆς
839 1951 1050 2020 βουλῆς.
1076 1951 1264 2020 ᾪοντο
1282 1950 1388 2019 γὰρ
1409 1949 1593 2001 λοιπὸν
1618 1948 1712 2007 τοῦ
1737 1946 1972 2018 πλήθους
2007 1930 2047 1984 Β

394 2043 819 2116 ἐπιλελησμένου
847 2043 946 2112 τῆς
980 2047 1252 2113 προτέρας
1288 2044 1575 2113 κινήσεως,
1613 2044 1661 2093 εἰ
1703 2041 1974 2095 ἐπίθοιντο

395 2137 612 2190 πάντων
641 2136 775 2207 πρξς
809 2135 976 2188 ὕπνον
1011 2134 1423 2205 τετραμμένων,
1465 2133 1662 2203 ῥᾳδίως
1697 2133 1792 2203 τὴν
1821 2133 1973 2203 βασι-

391 2230 526 2292 λέως
562 2229 857 2298 πρόσταξιν
897 2226 1250 2288 ἐπιτελέσειν,
1290 2228 1384 2280 καὶ
1415 2225 1512 2296 τὴν
1538 2225 1689 2279 πόλιν
1712 2226 1972 2279 ἀστασίαο

395 2340 519 2374 στον
545 2321 818 2389 φυλάξειν.
849 2318 1044 2388 Θειῦμα
1064 2317 1120 2370 δὲ
1143 2318 1350 2380 πάντας
1374 2317 1596 2381 εἰκότως
1620 2313 1783 2388 εἶχεν,
1812 2317 1972 2369 Ἀθα-

391 2416 576 2469 νασίου
607 2414 680 2484 μὴ
711 2412 1044 2483 εὑρεθέντος.
1068 2410 1190 2463 Εἴτε
1221 2410 1328 2481 γὰρ
1361 2410 1510 2473 θείας
1529 2410 1808 2480 δυνάμεως
1837 2427 1972 2480 προ·-

393 2510 652 2580 ειποὺσης
677 2509 1124 2578 ὑπανεχώρησεν,
1167 2507 1275 2560 εἴτε
1320 2505 1482 2558 τινῶν
1517 2503 1972 2572 ἀναγγειλάντων,

391 2604 681 2673 ἀμφότερα
707 2603 788 2664 εἰς
831 2601 1026 2653 ταυτὸν
1064 2599 1228 2652 τελεῖ.
1274 2599 1382 2650 Καὶ
1421 2597 1760 2668 προμηθείας
1794 2597 1905 2663 (76)
1942 2596 1974 2665 ἢ

393 2697 534 2749 κατὰ
557 2694 840 2765 ἄνθρωπον
862 2692 1057 2754 ἐδόκει,
1081 2692 1160 2752 εἰς
1182 2690 1477 2756 ἀναγκαῖον
1499 2681 1601 2740 ὦδε
1631 2686 1819 2756 καιρὸν
1845 2703 1976 2756 προ-

393 2785 586 2856 μαθεῖν
597 2785 691 2856 τὴν
709 2783 997 2851 ἐπιϐουλὴν
1013 2783 1105 2835 καὶ
1121 2779 1613 2849 φυλάξασθαι.”Ετε
1625 2795 1704 2848 ροι
1719 2779 1773 2830 δέ
1789 2795 1974 2846 φασιν,

394 2877 467 2939 ὡς
493 2876 589 2946 τὴν
615 2875 708 2928 τοῦ
741 2873 977 2942 πλήθους
1005 2872 1312 2942 παράλογον
1343 2869 1556 2940 κίνησιν
1585 2869 1854 2940 προορῶν,
1878 2868 1980 2920 δεί·

396 2986 491 3030 σας
527 2986 585 3020 τε
616 2967 690 3038 μὴ
715 2966 822 3019 τῶν
851 2964 1096 3017 ἐντεῦθεν
1129 2962 1560 3033 συμϐησομένων
1589 2962 1776 3014 δεινῶν
1808 2961 1979 3023 αἴτιος

395 3056 534 3112 εἶναι
593 3056 753 3124 δόξει,
795 3058 971 3111 πάντα
1029 3054 1216 3108 τοῦτον
1266 3054 1354 3106 τὸν
1404 3053 1595 3124 χρόνον
1647 3055 1704 3105 ἐν
1741 3051 1978 3122 πατρῴῳ

395 3150 636 3217 μνήματι
667 3147 918 3215 διέτριϐε.
957 3145 1062 3198 Καὶ
1089 3147 1115 3197 ὁ
1146 3145 1242 3214 μὲν
1275 3137 1375 3196 ὦδε
1407 3143 1721 3211 διαφυγὼντ
1754 3142 1978 3195 ἐλάνθα-

393 3254 504 3289 νεν.
535 3237 608 3288 Οὑ
638 3235 815 3305 πολλῷ
841 3236 894 3288 δὲ
925 3235 1144 3306 ὕστερον
1175 3235 1414 3304 ἔγραψεν
1449 3238 1476 3287 ό
1508 3235 1779 3304 βασιλεὺς,
1817 3234 1977 3286 αὑτὸν

395 3325 706 3380 ἐπανελθεῖν
739 3297 831 3378 καὶ
861 3325 957 3397 τὴν
997 3297 1290 3396 ἐκκλησίαν
1319 3297 1480 3396 έχειν.
1508 3297 1890 3395 ”Ι“εκμαίρομαι
1919 3324 1975 3377 δὲ
2005 3297 2044 3352 C

393 3418 664 3472 Οὐάλεντα
695 3419 846 3490 παρὰ
878 3418 1075 3470 σκοπὸν
1125 3419 1216 3470 ἐπὶ
1259 3418 1462 3486 ταύτην
1504 3418 1602 3487 τὴν
1645 3415 1861 3487 γραφὴν
1894 3414 1978 3467 ἐλ-

395 3509 588 3582 θεῖν,ἢ
624 3510 721 3582 τὴν
767 3510 1074 3581 κρατοῦσαν
1120 3510 1248 3578 περὶ
1287 3508 1602 3561 Ἀθανασίου
1643 3508 1797 3572 δόξαν
1831 3509 1976 3576 λογι-

393 3602 637 3671 ζόμενον,
683 3603 776 3655 καὶ
807 3603 888 3655 ὅτι
933 3601 1122 3662 τούτου
1167 3602 1325 3671 χάριν
1368 3601 1513 3663 είκὸς
1556 3595 1623 3672 ἦν
1661 3600 1976 3670 μέμψασθαι

393 3693 853 3759 Οὑαλεντινιανὸν,
884 3694 1069 3764 ἐπειδὴ
1117 3693 1225 3746 τῶν
1274 3695 1332 3745 έν
1380 3694 1584 3763 Νικαία
1618 3693 1976 3747 συνελθόντων

393 3785 455 3838 τὸ
502 3786 678 3855 δόγμα
729 3785 1127 3856 ἐπρέσϐευσεν
1170 3785 1203 3856 ἢ
1255 3784 1363 3836 τῶν
1409 3785 1770 3838 ἐπαινούντων
1817 3784 1976 3838 αὑτὸν

397 3877 606 3930 πολλῶν
632 3876 822 3942 ὄντων,
851 3878 948 3947 τὴν
977 3876 1186 3947 κίνησιν
1231 3875 1598 3947 ὑφορώμενον,
1631 3876 1704 3946 μή
1749 3892 1803 3927 τι
1841 3893 1976 3928 νεω-

392 3970 681 4039 τερίσωσιν
711 3970 804 4022 ἐπὶ
833 3969 1004 4042 βλάϐῃ
1036 3970 1143 4024 τῶν
1173 3969 1366 4024 κοινῶν
1419 3969 1776 4039 πραγμάτων.
1809 3966 1976 4039 Οἶμαι

393 4063 470 4125 δὲ,
499 4063 574 4124 ὼς
605 4063 769 4124 είκδς,
801 4063 892 4114 καὶ
921 4063 1044 4124 τοὺς
1074 4061 1418 4131 προεστῶτας
1451 4062 1550 4130 τῆς
1589 4062 1796 4134 ’Δρείου
1827 4062 1977 4133 αἱρέ-

397 4171 556 4216 σεως,
602 4153 674 4223 μὴ
710 4153 829 4204 λίαν
879 4152 1161 4204 ἐπιθέσθαι
1213 4156 1278 4223 τῇ
1328 4155 1455 4221 περὶ
1503 4152 1692 4206 τούτου
1748 4153 1971 4223 σπουδῇ·

395 4246 796 4315 λογισαμένους,
831 4244 903 4307 ὡς
935 4245 1031 4312 τῆς
1062 4243 1268 4307 πόλεως
1297 4244 1602 4315 ἐκϐληθεὶς,
1634 4240 1788 4308 αὖθις
1816 4245 1974 4315 ὀχλή-

397 4354 479 4390 σει
526 4341 636 4399 τοῖς
671 4336 967 4406 βασιλεῦσι,
1017 4335 1109 4388 καὶ
1155 4337 1406 4406 ἀφορμὴν
1439 4336 1686 4390 ἐντεῦθεν
1734 4337 1841 4402 ἕξει
1877 4338 1974 4408 τῆς

395 4430 530 4498 πρὸς
584 4429 780 4490 αὑτοὺς
833 4425 1084 4496 ὁμιλίας,
1129 4429 1223 4479 καὶ
1284 4426 1602 4493 μεταπείσει
1667 4427 1968 4479 Οὐάλεντα·

394 4520 835 4575 Οὑαλεντινιανὸν
876 4520 932 4571 δὲ
978 4520 1070 4571 καὶ
1119 4519 1198 4581 είς
1244 4517 1415 4590 ὀργὴν
1465 4520 1693 4589 κινήσει,
1731 4519 1805 4581 ὡς
1847 4521 1974 4590 ὁμό-

394 4630 586 4682 φρονα.
638 4612 888 4665 Μάλιστα
919 4611 1028 4678 γὰρ
1080 4611 1346 4680 περιδεεῖς
1395 4607 1536 4682 ἦσαν
1595 4613 1658 4665 ἐκ
1713 4611 1821 4664 τῶν
1876 4614 1970 4666 ἐπὶ

396 4705 772 4756 Κωνσταντῑου
829 4704 1170 4773 συμϐάντων,
1221 4703 1614 4772 πεπειραμένοι
1661 4704 1757 4773 τῆς
1803 4705 1967 4757 αὑτοῦ

392 4797 609 4864 ἀρετῆς.
650 4795 1022 4847 Ἐπιτοσοῦτον
1063 4795 1168 4864 γὰρ
1213 4795 1306 4846 καὶ
1357 4795 1477 4848 τότε
1528 4797 1626 4865 τῆς
1659 4797 1766 4848 τῶν
1812 4797 1966 4850 ἐναν-

393 4888 521 4940 τίων
550 4886 850 4957 ἐκράτησεν
878 4886 1184 4953 ἐπιϐουλῆς.
1227 4885 1300 4947 ὡς
1333 4886 1581 4956 ἀσμένως
1614 4889 1759 4958 αὑτῴ
1794 4905 1966 4958 παρα·

395 4981 636 5051 χωρῆσαι
668 4979 776 5031 τῶν
797 4978 898 5032 ἀνὰ
931 4979 1029 5047 τὴν
1057 4979 1325 5045 Αἴγυπτον
1358 4979 1710 5050 Ἐκκλησίων,
1747 4980 1842 5035 καὶ
1871 4981 1963 5033 ἐπὶ

2071 653 2193 708 dem
2221 653 2392 710 fuisse
2427 657 2530 711 sub
2558 657 2907 723 Constantio,
2934 657 3051 724 sed,
3089 660 3282 716 eodem
3317 663 3642 720 Constantio

2073 753 2382 809 revocante,
2421 747 2793 815 episcopatum
2826 763 2986 804 suum
3017 765 3409 822 recuperasse;
3441 763 3495 809 et
3543 754 3642 808 Ju-

2072 833 2282 887 lianum
2311 835 2529 904 quidem
2562 851 2686 889 cum
2723 838 2864 893 alios
2903 855 3094 895 omnes
3129 841 3200 896 ab
3239 845 3438 899 exsilio
3485 860 3646 900 revu-

2071 936 2274 992 casset,
2295 927 2439 981 hunc
2467 930 2644 983 solum
2675 941 3016 998 persecutum
3038 933 3491 1002 esse;.lovianum
3517 955 3646 995 vero

2071 1013 2256 1070 denuo
2300 1031 2424 1069 eum
2477 1019 2807 1076 restituisse.
2863 1020 2986 1076 llaec
3029 1039 3153 1078 cum
3203 1029 3483 1091 dicerent,
3534 1045 3646 1085 non

2074 1119 2467 1176 persuaserunt
2522 1111 2823 1180 praefecto:
2886 1116 3208 1172 restiterunt
3260 1120 3642 1188 nihilominus,

2073 1215 2175 1254 nec
2226 1203 2370 1270 passi
2424 1212 2555 1256 sunt
2615 1208 2723 1259 vim
2781 1206 2973 1262 inferri
3025 1209 3343 1267 Athanasio.
3394 1213 3647 1286 Cumque

2074 1294 2367 1347 multitudo
2397 1295 2542 1366 vulgi
2578 1297 2898 1362 conflueret,
2942 1301 3248 1372 ingensque
3287 1307 3553 1362 tumultus
3581 1322 3648 1362 ac

2075 1392 2421 1458 perturbatio
2477 1398 2647 1446 tutam
2707 1394 2896 1449 urbem
2945 1407 3278 1468 occuparet,
3328 1415 3392 1455 ac
3449 1403 3647 1458 seditio

2069 1483 2296 1552 jamjam
2333 1483 2517 1538 futura
2542 1496 2980 1555 exspectaretur,
3007 1492 3299 1560 praefectus
3330 1509 3442 1549 rem
3473 1496 3648 1564 impe-

2073 1579 2242 1631 ratori
2301 1579 2653 1647 significavit,
2706 1596 2902 1649 passus
2937 1583 3156 1639 interim
3191 1588 3550 1645 Athanasium
3591 1592 3647 1646 in

2075 1671 2210 1724 urbe
2241 1686 2545 1727 remanere.
2569 1672 2761 1728 Postea
2783 1692 2931 1742 vero,
2963 1679 3148 1733 multis
3176 1680 3287 1749 jam
3315 1684 3516 1754 elapsis
3543 1686 3650 1740 die-

2075 1765 2200 1829 bus,
2234 1779 2362 1818 cum
2400 1766 2598 1820 seditio
2629 1771 2896 1823 exstincta
2930 1785 3054 1825 esse
3105 1773 3398 1840 videretur,
3430 1793 3653 1847 vesper-

2076 1857 2191 1909 tino
2241 1865 2490 1928 tempore
2536 1859 2869 1917 Athanasius
2900 1863 3040 1917 clam
3078 1879 3142 1920 cx
3180 1865 3407 1922 civitate
3436 1869 3650 1938 digres-

2076 1965 2193 2015 sus,
2247 1950 2300 2002 in
2355 1951 2591 2020 quodam
2641 1955 2761 2008 loco
2807 1970 2929 2010 sese
2974 1958 3289 2014 occultavit.
3337 1959 3651 2029 Eademque

2077 2055 2238 2098 nocte
2273 2046 2567 2114 praifectus
2614 2047 2974 2117 Alexandriae,
3019 2058 3072 2105 et
3118 2053 3228 2106 dux
3278 2055 3510 2107 militum
3551 2053 3651 2108 ΑΞ-

2074 2137 2544 2205 gypti,ecclcsiam
2579 2138 2634 2190 in
2665 2152 2771 2206 qua
2801 2139 3163 2195 diversorium
3194 2151 3313 2196 erat
3340 2144 3648 2212 Athanasii,

2074 2235 2438 2295 occuparunt.
2485 2229 2550 2282 Et
2587 2244 2710 2283 cum
2747 2231 2896 2284 illum
2935 2232 3158 2302 ubique,
3205 2233 3259 2287 in
3311 2235 3446 2304 ipsis
3485 2241 3649 2290 etiam

2076 2319 2243 2372 tectis
2277 2327 2329 2372 et
2360 2318 2697 2374 culminibus
2747 2322 3224 2392 perquisivissent,
3271 2326 3510 2380 consilio
3547 2342 3652 2380 suo

2075 2412 2327 2466 frustrati
2358 2413 2756 2468 discesserunt.
2795 2414 2887 2470 Sic
2916 2416 3062 2470 enim
3101 2418 3516 2484 existimabant,
3551 2435 3650 2490 po-

2076 2503 2206 2573 pulo
2222 2505 2333 2573 jam
2359 2505 2560 2574 prioris
2587 2507 2876 2563 seditionis
2893 2509 3089 2575 oblito,
3106 2512 3432 2581 cunctisque
3455 2527 3652 2576 somno

2078 2597 2379 2663 oppressis,
2434 2611 2512 2660 se,
2574 2597 2619 2651 si
2678 2599 2940 2668 impetum
2990 2600 3256 2668 fact-rent,
3304 2605 3650 2674 imperatoris

2073 2685 2230 2754 jussa
2262 2685 2423 2739 facile
2446 2698 2831 2753 exsecuturos,
2850 2701 2904 2746 et
2931 2692 3118 2748 urbem
3142 2697 3429 2752 seditionis
3456 2714 3652 2768 exper-

2079 2785 2184 2829 tem
2232 2787 2548 2833 servaturos
2581 2796 2724 2834 esse.
2762 2779 2959 2851 Ingens
2999 2799 3161 2852 porro
3192 2786 3484 2842 admiratio
3515 2803 3652 2843 cun-

2077 2878 2196 2924 ctos
2243 2870 2435 2932 subiit,
2477 2871 2622 2940 quod
2669 2873 3006 2928 Athanasius
3052 2876 3307 2932 inventus
3339 2894 3448 2932 non
3484 2888 3651 2934 esset.

2076 2957 2209 3012 Nam
2241 2959 2356 3015 sive
2391 2960 2573 3014 divina
2609 2964 2960 3029 revelatione,
2998 2967 3111 3029 sive
3155 2968 3520 3036 quorumdam
3553 2970 3652 3023 ho-

2080 3053 2284 3105 minum
2315 3052 2516 3109 indicio
2546 3057 2903 3125 praemonitus
2934 3056 3204 3127 effugerit,
3239 3069 3531 3130 utrumque
3560 3077 3653 3115 eo-

2078 3141 2201 3194 dem
2234 3141 2450 3195 recidit.
2484 3144 2645 3198 (Jerte
2682 3155 2740 3198 ut
2771 3147 2895 3214 quis
2927 3155 3037 3200 tam
3074 3162 3380 3219 opportuno
3408 3161 3652 3222 tempore

2084 3247 2423 3302 praenoscere
2472 3235 2701 3290 insidias
2747 3246 2799 3290 et
2844 3252 3037 3294 cavere
3086 3242 3283 3309 possit,
3323 3243 3370 3295 id
3423 3246 3652 3313 majoris

2079 3326 2297 3381 videtur
2330 3342 2454 3381 esse
2495 3327 2871 3396 providentia),
2902 3345 3066 3400 quam
3102 3349 3224 3402 qute
3272 3334 3432 3405 235
3470 3337 3522 3389 in
3556 3337 3652 3390 IIO-

2081 3419 2280 3470 minem
2334 3417 2514 3473 cadat.
2553 3419 2658 3472 Alii
2703 3419 2936 3486 dicunt,
2978 3422 3364 3489 Athanasium,
3406 3441 3529 3480 cum
3570 3428 3650 3482 in-

2078 3507 2389 3560 consultum
2434 3509 2621 3578 p0puli
2670 3509 2963 3564 tumultum
3017 3513 3380 3581 przeviderct,
3420 3519 3649 3572 veritum

2079 3613 2147 3652 ne
2195 3601 2460 3653 malorum
2512 3615 2632 3668 quae
2673 3615 2738 3656 ex
2793 3618 2859 3657 eo
2888 3614 3151 3659 eventura
3204 3618 3409 3675 essent,
3459 3623 3653 3665 auctor

2079 3691 2251 3746 fuisse
2279 3693 2575 3756 diceretur,
2628 3704 2742 3748 toto
2783 3697 2890 3751 hoc
2925 3706 3167 3768 tempore
3198 3699 3252 3752 in
3296 3713 3650 3757 monumento

2077 3783 2257 3852 patrio
2308 3784 2616 3839 delituisse.
2658 3786 2723 3839 Et
2762 3788 3095 3842 Athanasius
3142 3790 3364 3859 quidem
3422 3793 3524 3846 hac
3565 3811 3651 3847 ra-

2078 3875 2226 3929 tione
2257 3876 2499 3946 elapsus,
2536 3893 2657 3932 sesc
2687 3881 2999 3935 occultavit.
3027 3880 3330 3952 Imperator
3353 3900 3504 3951 vero,
3538 3902 3647 3942 non

2077 3971 2249 4023 multo
2287 3978 2408 4040 post
2457 3971 2680 4040 scripsit
2736 3972 2808 4034 ei,
2859 3981 2918 4025 ut
2974 3975 3194 4041 rediret,
3243 3984 3299 4030 et
3343 3976 3647 4032 Ecclesiam

2076 4075 2232 4116 suam
2276 4063 2560 4130 reciperet.
2612 4063 2881 4117 Caeterum
2937 4067 3194 4139 suspjcnr
3224 4066 3506 4124 Valentem
3538 4087 3647 4124 non

2075 4170 2142 4209 ex
2168 4154 2334 4207 animi
2362 4156 2446 4210 sui
2482 4157 2751 4212 sententia
2781 4157 2884 4212 ista
2917 4142 3230 4229 scripsisse,
3264 4163 3358 4217 sed
3391 4163 3472 4216 vel
3498 4166 3645 4233 quod

2077 4257 2419 4301 constantem
2457 4251 2698 4303 omnium
2738 4250 3022 4304 hominum
3071 4253 3535 4310 existimationem
3580 4259 3648 4312 de

2075 4338 2279 4392 virtute
2310 4339 2594 4392 Athanasii
2629 4354 2813 4394 secum
2846 4341 2961 4408 ipse
2991 4350 3287 4410 reputaret,
3322 4353 3376 4398 et
3409 4347 3479 4399 ob
3507 4347 3648 4401 hanc

2075 4445 2297 4485 causam
2335 4431 2520 4498 procul
2555 4430 2721 4484 dubio
2751 4430 3193 4488 Valentinianum
3231 4435 3283 4488 id
3313 4439 3536 4493 moleste
3569 4440 3648 4492 la-

2077 4531 2258 4575 turum
2289 4540 2304 4576 :
2339 4520 2539 4590 quippe
2567 4521 2658 4590 qui
2699 4519 2904 4575 Nicmni
2935 4523 3153 4576 concilii
3188 4523 3492 4579 doctrinam
3529 4543 3645 4580 am-

2077 4615 2270 4684 plexus
2317 4621 2505 4670 esset:
2560 4615 2644 4668 vel
2679 4615 2822 4684 quod
2859 4615 3262 4671 multitudinem
3310 4633 3498 4672 eorum
3550 4622 3642 4690 qui

2072 4705 2375 4760 Athanasio
2421 4705 2695 4770 favebant,
2735 4707 3073 4770 formidaret,
3117 4724 3182 4762 ne
3219 4710 3348 4778 quid
3387 4711 3442 4765 in
3485 4712 3642 4765 dani-

2074 4817 2204 4854 num
2257 4799 2574 4868 reipublicm
2630 4799 2970 4855 molirentur.
3024 4800 3276 4854 Arbitror
3328 4802 3534 4867 etiam,
3590 4804 3642 4858 id

2072 4893 2218 4962 quod
2253 4891 2547 4946 verisimile
2588 4902 2692 4952 est,
2723 4891 3052 4946 Arianorum
3097 4894 3374 4948 antistites
3423 4909 3530 4948 non
3567 4895 3639 4948 ita

2070 4980 2377 5036 vehementi
2409 4980 2593 5035 studio
2628 4982 2681 5036 in
2715 4981 2864 5035 illum
2907 4983 3250 5038 incubuisse:
3285 4984 3641 5054 prmvidentes

1568 5138 1652 5191 VA
1665 5137 1832 5192 LESII
1881 5139 2436 5196 ANNOTATIONES.

466 5234 716 5318 (7‘G)'I’t'al
770 5234 1178 5318 προιέηθεξας..
1206 5233 1554 5318 Supplrnilus
1604 5235 1822 5290 videtur
1869 5238 1960 5291 hic
2001 5240 2154 5292 locus
2199 5240 2224 5292 ii

1879 5239 1960 5291 hic
2001 5240 2154 5292 locus
2199 5240 2254 5292 in
2301 5241 2447 5293 hunc
2513 5239 2736 5293 modum
2809 5237 2902 5291 καὶ
2948 5237 3286 5307 προμηθείας
3331 5238 3637 5308 μείζονοςῆ

396 5307 534 5359 κατὰ
559 5305 841 5374 ἄνθρωπον
870 5304 1007 5355 εἶναι
1034 5304 1198 5367 δοκεῖ,
1235 5308 1313 5358 vel
1344 5305 1534 5358 ἐδόκει.

1801 5459 2188 5516 VARIORUM.

471 5563 490 5589 τ
528 5554 632 5606 Καὶ
666 5543 916 5622 μὲνῶδε
945 5552 1269 5620 διαφυγών.
1311 5551 1514 5622 Fugam
1549 5552 1830 5606 Athanasii
1865 5569 1966 5622 po-

395 5633 676 5679 stremam.
717 5641 839 5676 cum
880 5625 1092 5677 erudito
1121 5626 1238 5676 viro
1271 5624 1508 5675 Antonio
1543 5622 1733 5692 Pagio,
1769 5623 1822 5676 in
1865 5640 1956 5677 an-

396 5711 522 5747 num
554 5694 835 5760 rejicimus
867 5696 1089 5748 circiter
1119 5695 1241 5746 567.
1269 5693 1406 5757 Quia
1442 5695 1653 5746 scilicet
1681 5695 1756 5746 ait
1791 5693 1967 5748 Theo-

395 5764 603 5842 phanes
633 5765 988 5843 Athanasium
1028 5765 1387 5833 quadraginta
1424 5779 1516 5816 sex
1551 5765 1710 5844 annis
1746 5766 1965 5844 cpisco-

395 5833 501 5902 pali
564 5835 910 5913 perfunctum
973 5851 1234 5899 munere,
1293 5841 1434 5887 totos
1491 5835 1853 5913 quadraginta
1909 5835 1962 5889 in

397 5903 656 5966 periculis
709 5906 1226 5975 calamitatilmsquc
1275 5915 1572 5970 versatum,
1624 5904 1696 5958 ita
1750 5915 1806 5958 ut
1861 5921 1952 5960 sex

2073 5553 2367 5634 postremis
2398 5553 2574 5634 solum
2616 5557 2736 5611 vitae
2769 5570 2887 5634 sua:
2913 5556 3074 5610 annis
3100 5555 3146 5609 ei
3184 5555 3551 5634 liruerithlta
3586 5564 3633 5633 et

2071 5625 2468 5704 imperturbata
2504 5625 2609 5704 frui
2661 5626 2982 5704 paceLQna;
3026 5642 3156 5704 sane
3199 5625 3461 5704 Iemporis
3500 5627 3636 5676 ratio

2069 5694 2364 5752 constabit,
2391 5694 2438 5745 si
2474 5695 2538 5745 ad
2575 5694 2775 5752 annum
2804 5697 2903 5750 567
2931 5697 3048 5763 ejus
3079 5697 3258 5763 fugam
3297 5695 3635 5763 reditumque

2067 5767 2435 5818 conferamus.
2478 5766 2721 5834 (Clariss.
2763 5770 3016 5822 monachi
3051 5762 3392 5822 Beiiedittini
3443 5765 3495 5816 in
3516 5762 3636 5818 l't'ta

2069 5838 2351 5897 Athenas,
2380 5848 2499 5905 pag.
2536 5837 2647 5908 85.)
