4452 6598
803 428 949 485 ’132⁸1
2282 424 2561 481 SOZUMB

2306 420 2622 479 mnium
3920 434 4064 494 ,ηε

818 550 1061 598 futurum
1107 553 1165 597 ut
1203 544 1294 598 ille
1323 559 1388 598 ex
1414 544 1638 598 civitate
1670 545 1883 612 pulsus,
1916 546 2095 598 denuo
2146 547 2372 614 impera-
2412 553 2455 606 Α
2484 544 2576 593 τοι]

2307 560 2372 596 ra-
2412 553 2455 606 Α
2484 544 2658 611 τούτῳ
2689 544 2840 611 μόλις
2875 540 3014 610 εἶξαι
3037 546 3153 615 (77)
3201 548 3575 600 Κωνσταντίου
3626 549 3964 618 γράμμασιν,
3995 553 4065 602 ἔκ

817 645 965 692 tores
995 637 1458 705 iuterpellaret,et
1486 638 1829 692 occasionem
1861 651 1955 690 eos
1984 636 2219 690 adeundi
2251 650 2383 689 nan-
2485 636 2575 703 τῆς

2305 651 2383 688 Iu-
2485 636 2583 703 τῆς
2624 636 2853 698 Ἰταλίας
2891 637 3225 691 ἀπανιλθεῖν.
3287 639 3361 690 Τὸ
3388 640 3486 708 μὲν
3524 636 3622 692 οὖν
3654 642 3842 702 αῐτιον,
3871 642 4063 693 καθότι

818 729 1160 782 cisceretur:
1196 742 1259 781 ac
1293 725 1573 780 Valentem
1604 726 1821 795 quidem
1855 726 1909 780 in
1959 741 2113 780 suam
2166 734 2384 780 senten-
2498 726 2576 777 Ἀ(

2305 743 2384 778 :n-
2498 726 2813 789 Ἀθανάσιος
2862 727 3058 797 ἐπίσης
3102 730 3216 789 τοῖς
3278 727 3457 791 ἄλλοις
3504 731 3604 782 οὐκ
3653 730 3900 800 ἀφῃρέθη
3960 733 4063 800 τῆς

821 819 950 870 tiam
984 818 1356 887 pertraheret:
1387 816 1825 873 Valentinianum
1856 832 2005 880 vero,
2025 826 2213 885 utpote
2240 817 2388 884 ejus-
2499 818 2579 869 ‘E:

2307 833 2388 870 ωε·
2499 816 2847 885 Ἐκκλησίας,
2876 818 3034 871 τοῦτο
3064 819 3266 882 εἰκάζω
3291 815 3449 875 εἶναι.
3485 821 3609 884 Τοῖς
3648 821 3703 874 δὲ
3734 822 3936 885 λοιποῖς
3966 840 4065 890 μο-

819 909 941 961 dem
976 908 1097 962 fidei
1131 916 1478 971 sectatorem,
1516 909 1583 962 ad
1617 909 1753 963 iram
1781 910 2069 963 excitaret.
2101 908 2234 961 Nam
2262 923 2385 960 cum
2489 926 2576 961 νον

2304 924 2385 960 um
2489 910 2700 977 νονουχ“ι
2744 909 2981 977 διωγμὸς
3033 910 3269 980 συνέϐη,
3324 911 3613 980 Έλληνικῷ
3663 912 4062 982 παραπλήσιος.

819 999 1072 1053 virtutem
1100 1000 1220 1069 ejus
1252 999 1355 1053 viri
1386 1009 1722 1069 perspectam
1760 1001 2026 1055 haberent
2051 1015 2117 1053 ex
2159 1000 2225 1053 iis
2267 1013 2390 1068 qua:
2487 998 2577 1048 Φυ·

2309 1013 2390 1051 ua:
2487 998 2660 1062 Φυγαί
2691 1012 2751 1048 τε
2785 996 2894 1065 γὰρ
2933 998 3213 1066 ὑπερόριοι
3262 1000 3651 1065 ἑσπουδάζοντο
3691 1004 3800 1055 τῶν
3828 1004 3896 1056 τά
3921 1004 4067 1056 αὐτὰ

823 1092 1129 1161 principatu
1156 1091 1461 1148 Constantii
1488 1093 1820 1157 acciderant,
1852 1091 2063 1161 ingenti
2089 1098 2231 1144 metu
2264 1105 2393 1159 per-
2490 1105 2581 1157 φρ(

2310 1105 2393 1144 er-
2490 1091 2704 1157 φρονείν
2735 1090 3099 1158 ἀναινομένων
3122 1108 3136 1120 ⁸
3172 1093 3267 1144 κα)⁸
3300 1093 3577 1163 εὐκτήριοι
3605 1090 3765 1157 οἶκοι,
3812 1095 3923 1149 τῶν
3962 1095 4068 1164 μὲν

822 1183 1185 1237 cellehantur.
1221 1181 1431 1237 Etenim
1482 1198 1548 1238 eo
1586 1198 1803 1253 quoque
1834 1191 2099 1251 tempore,
2131 1182 2391 1235 adversa-
2490 1179 2580 1248 dem

2310 1195 2391 1234 sa-
2490 1178 2835 1250 ἀφῃροῦντοο
2897 1182 3006 1241 τοῖς
3057 1181 3115 1233 δὲ
3166 1183 3511 1252 παρεδίδοντο
3538 1201 3549 1215 ·
3602 1186 3634 1254 ἡ
3687 1184 3745 1237 ἃ
3789 1186 4068 1254 Αἰγυπτος

824 1276 1031 1329 riorum
1082 1272 1313 1328 insidias
1357 1281 1642 1343 tantopere
1672 1275 1975 1342 superavit,
2026 1281 2086 1327 ut
2120 1272 2392 1327 Ecclesias
2489 1276 2582 1323 τέο

2312 1274 2392 1325 ias
2489 1276 2627 1332 τέως
2667 1269 2869 1339 τούτων
2914 1270 3206 1339 ἀπείρατος
3249 1268 3339 1343 ἦν,
3388 1273 3470 1325 ἐτι
3512 1273 3829 1329 ’Δθανασίου
3852 1274 3930 1344 τῷ
3962 1274 4068 1343 βιῳ

824 1364 1044 1434 A-Sgypti
1077 1364 1308 1419 libenter
1337 1364 1385 1419 ei
1417 1365 1793 1419 concesserint
1820 1382 1831 1417 :
1885 1364 2002 1433 ipse
2029 1377 2161 1416 vero
2194 1361 2391 1415 litteris
2492 1359 2796 1429 περιόντος.

825 1460 1132 1515 Constantii
1174 1461 1267 1513 vix
1299 1459 1568 1514 adductus
1622 1458 1806 1517 fuerit.
1841 1467 1901 1513 ut
1951 1458 2055 1511 hac
2122 1457 2438 1511 conditione
2506 1469 2572 1507 ex
2618 1451 2772 1505 Italia
2825 1459 3206 1507 reverteretur.
3262 1453 3329 1506 Et
3380 1454 3523 1509 hanc
3564 1456 3781 1526 quidem
3835 1471 4063 1512 causam

827 1553 1002 1607 fuisse
1025 1552 1283 1620 conjicio,
1311 1565 1412 1605 cur
1438 1552 1742 1605 Athanasio
1775 1552 2029 1621 adempta
2056 1565 2166 1605 non
2229 1552 2301 1605 sit
2366 1548 2632 1608 Ecclesia,
2685 1547 2907 1616 perinde
2973 1561 3038 1600 ac
3085 1548 3310 1618 reliquis
3356 1551 3649 1620 episcopis.
3695 1550 3755 1605 In
3823 1551 4064 1619 reliquos

824 1660 956 1700 vero
990 1643 1307 1715 persecutio
1338 1643 1609 1706 incubuit,
1646 1658 1756 1696 non
1783 1642 2066 1698 dissimilis
2096 1643 2173 1696 illi
2206 1657 2326 1711 qua:
2366 1655 2395 1693 a
2434 1639 2730 1709 gentilibus
2757 1638 2887 1691 olim
2919 1638 3096 1693 fuerat
3119 1642 3374 1695 excitata.
3405 1640 3539 1695 Nam
3600 1642 3693 1713 qui
3744 1643 4058 1699 doctrinam

826 1738 1041 1792 illorum
1070 1736 1224 1806 sequi
1272 1735 1661 1796 detrectarent,
1686 1735 1753 1789 iis
1808 1736 2194 1802 irrogabantur
2249 1733 2459 1787 exsilia.
2501 1730 2567 1783 Et
2595 1729 2856 1784 Ecclesia:
2908 1730 2977 1785 iis
3028 1730 3244 1801 quidem
3295 1732 3698 1800 adimebantur,
3734 1734 3846 1789 illis
3880 1743 4063 1789 autem

822 1829 1202 1884 tradebantur.
1223 1824 1418 1881 Verum
1454 1823 1725 1895 Egyptus
1756 1826 1985 1890 istarum
2012 1825 2389 1880 calamitatum
2429 1836 2624 1890 expers
2658 1822 2876 1876 interim
2904 1819 3032 1888 fuit,
3064 1823 3363 1878 Athanasio
3426 1824 3605 1880 adhuc
3677 1828 3993 1896 superstite.

1432 1916 1582 1971 CAP.
1632 1918 1773 1972 XIII.
2416 1924 2459 1979 Β
3066 1918 3190 1971 ΚΕίι

1716 1918 1773 1972 ΙΙ.
2416 1924 2459 1979 Β
3066 1918 3321 1974 ΚΕΦΑΛ.
3377 1919 3474 1973 ῙΓν.

814 2012 1098 2081 Quomodo
1126 2009 1461 2081 Demophilus
1484 2010 1715 2062 Arianus
1744 2021 1859 2077 post
1883 2009 2186 2081 Eudoan'um
2213 2011 2387 2079 factus
2506 2008 2572 2061 Ὧι

2307 2019 2387 2062 tus
2506 2008 2603 2072 Ὧς
2613 2007 2763 2075 μετὰ
2780 2004 3073 2081 Εὐδόξιον
3090 2010 3422 2081 Δημόφιλος
3450 2012 3737 2080 Ἁρειαγὸς
3753 2018 4065 2069 Κωνσταιο.

891 2084 960 2136 sit
1010 2083 1284 2150 cpiscopus
1325 2080 1889 2146 Constantinopoleos;
1944 2079 2224 2134 orthodoxi
2270 2096 2389 2134 vero
2558 2094 2649 2150 gr

2300 2096 2389 2134 ero
2558 2080 2956 2150 yrovzdxswc
2986 2079 3206 2150 γίνεται
3222 2079 3551 2146 ἐπίσκοπος
3578 2096 3595 2112 ο
3617 2085 3682 2135 τὸ
3698 2083 3765 2137 δὲ
3790 2086 4058 2150 εὐσεϐὲς,

890 2147 1195 2224 Ευαθῆιιιιι
1229 2150 1515 2219 elegerint;
1568 2158 1616 2201 et
1654 2153 1717 2203 de
1764 2152 2118 2216 persecutione
2173 2150 2235 2204 ob
2272 2166 2391 2205 eam

2304 2166 2391 2203 aut
2558 2147 2851 2224 Eﬁdtptor
2876 2147 3340 2224 ἱπροχειρίζονται
3362 2167 3377 2182 ο
3419 2151 3516 2204 καὶ
3562 2152 3696 2220 περὶ
3731 2147 4060 2224 γενομθοῦ

893 2215 1287 2277 τειηέεσὶιαια.
1308 2215 1325 2219 ⁷
1766 2215 1772 2216 ⁷
2558 2216 2651 2268 ἐντ

1766 2215 1772 2216 ί
2558 2216 2840 2269 ἐντεῦθεν
2868 2215 3140 2285 decorum").

892 2312 1103 2368 Interea
1140 2313 1437 2383 imperator
1469 2312 1669 2367 Valens
1716 2310 2063 2365 Antiochiam
2101 2310 2167 2364 ad
2210 2308 2390 2365 Oron-

823 2416 929 2461 tem
960 2406 1122 2459 sitam
1158 2404 1431 2472 proficisci
1458 2402 1695 2457 decrevit
1723 2402 1763 2456 ³.
1804 2401 1909 2467 Qui
1946 2402 2075 2455 dum
2106 2403 2161 2456 iu
2197 2403 2392 2458 itinere

811 2505 985 2564 esset,
1021 2495 1296 2551 Eudoxius
1327 2511 1395 2550 ex
1421 2497 1523 2550 hac
1558 2496 1671 2549 vita
1701 2494 1983 2560 discessit,
2015 2494 2266 2550 undecim
2293 2510 2393 2549 an-

825 2589 912 2643 nis
963 2589 1278 2657 episcopatu
1334 2586 1842 2656 Constantinopolis
1890 2585 2231 2658 perfunctus.
2289 2586 2392 2643 De-

823 2679 1101 2750 mophilus
1131 2680 1293 2751 236
1329 2696 1479 2745 vero,
1516 2681 1637 2749 ejus
1670 2680 1791 2735 loco
1818 2680 1885 2735 ab
1912 2680 2133 2736 Arianis
2172 2679 2394 2734 ordina-

825 2783 935 2837 tus,
965 2774 1225 2827 ecclesias
1256 2772 1406 2826 urbis
1437 2773 1599 2842 regiae
1630 2770 2093 2828 administrandas
2123 2774 2387 2842 suscepit.

824 2859 1028 2918 Verum
1070 2859 1301 2915 Nicaeum
1348 2859 1472 2915 fidei
1522 2870 1981 2931 propugnatores,
2022 2869 2389 2932 opportunum

826 2953 932 3009 sibi
962 2960 1182 3022 tempus
1209 2952 1451 3006 oblatum
1484 2951 1609 3016 rati,
1644 2951 1934 3023 Evagrium
1965 2953 2255 3021 quemdam
2286 2953 2390 3008 sibi

825 3042 1143 3112 episcopum
1188 3039 1526 3111 delegerunt.
1591 3038 1747 3096 Hunc
1805 3040 2149 3105 Eustathius,
2202 3042 2249 3095 is
2297 3044 2390 3112 qui

821 3133 958 3187 olim
1005 3132 1398 3187 Antiochenam
1454 3130 1753 3188 Ecclesiam
1802 3141 2047 3197 rexerat,
2094 3132 2388 3190 ordinavit.

824 3223 1073 3295 Namque
1108 3224 1178 3290 is,
1219 3238 1342 3278 cum
1370 3220 1635 3279 Iovianus
1666 3224 1844 3293 ipsum
1873 3224 1943 3279 ab
1991 3225 2188 3281 exsilio
2235 3241 2391 3281 revo-

821 3323 1029 3381 casset,
1062 3316 1205 3371 clam
1250 3329 1318 3370 eo
1362 3322 1607 3385 tempore
1633 3314 2107 3386 Constantinopoli
2143 3318 2392 3371 moraba-
2416 3303 2458 3325 "

830 3419 941 3472 tur,
967 3406 1331 3463 Homusianos
1356 3406 1581 3472 docens,
1612 3414 1774 3477 atque
1801 3407 2096 3464 exhortans
2126 3418 2186 3464 ut
2214 3410 2270 3463 in
2298 3424 2389 3463 ca-

827 3501 951 3555 dem
1007 3500 1074 3555 de
1124 3497 1418 3555 Divinitate
1467 3499 1735 3555 sententia
1787 3506 2189 3568 permanerent.
2249 3498 2390 3554 Hinc

825 3591 997 3659 igitur
1028 3591 1217 3646 Ariani
1247 3590 1315 3645 ad
1347 3589 1670 3647 seditionem
1710 3590 1992 3653 commoti,
2026 3589 2271 3646 fautores
2299 3605 2387 3645 or-

827 3682 1124 3737 dinationis
1157 3682 1374 3752 Evagrii
1407 3681 1602 3736 acerbe
1632 3680 1886 3751 persequi
1925 3688 2229 3751 coeperunt.
2257 3680 2390 3748 Qui-

826 3774 931 3830 bus
978 3771 1232 3844 cognitis,
1282 3774 1581 3843 imperator
1618 3770 1947 3828 Nicomedia:
1993 3771 2388 3843 aliquantisper

827 3866 1095 3921 substitit.
1146 3867 1224 3921 Ac
1268 3868 1474 3922 veritus
1506 3881 1574 3921 ne
1601 3863 1732 3935 quid
1760 3864 1891 3919 mali
1925 3864 2049 3919 urbi
2097 3865 2258 3934 regiae
2293 3879 2390 3934 per

824 3957 1151 4013 seditionem
1195 3957 1489 4022 accideret,
1520 3956 1717 4011 milites
1759 3968 1826 4010 eo
1869 3955 2088 4009 mittere
2125 3955 2387 4020 decrevit,

826 4057 1061 4116 quantos
1091 4045 1159 4101 ad
1205 4061 1324 4102 eam
1362 4061 1476 4102 rem
1511 4046 1644 4101 satis
1674 4060 1796 4101 esse
1823 4043 2122 4113 judicabat.
2171 4043 2238 4099 Et
2288 4043 2389 4098 Eu-

822 4137 1088 4193 stathium
1118 4137 1338 4208 quidem
1367 4136 1912 4207 comprehensum,in
1936 4135 2196 4205 oppidum
2222 4134 2392 4189 Thrao

821 4227 927 4282 ciae
969 4226 1192 4281 Bizuam
1234 4225 1465 4295 relegari
1507 4225 1707 4295 jussit:
1756 4222 2048 4294 Evagrium
2097 4238 2231 4279 vero
2280 4224 2388 4277 alio

828 4319 1045 4374 abduci.
1088 4318 1267 4388 Atque
1312 4317 1428 4372 htec
1473 4316 1695 4387 quidem
1741 4322 1896 4385 gesta
1950 4320 2081 4370 sunt
2135 4315 2191 4369 in
2241 4313 2389 4370 hunc

828 4410 1069 4466 modum.

1444 4493 1596 4551 CAP.
1626 4494 1767 4550 XIV.

873 4589 951 4644 De
978 4589 1245 4659 octoginta
1264 4586 1580 4659 orthodoxi:
1613 4587 1950 4659 presbyteris,
1980 4602 2108 4659 quos
2141 4584 2331 4641 Valens

1038 4656 1221 4730 gm'edio
1253 4658 1307 4712 in
1337 4658 1473 4711 mari
1498 4656 1785 4712 combussit
1815 4656 2161 4712 Nicomedia.

894 4809 1083 4865 Ariani
1130 4825 1281 4874 vero,
1318 4819 1378 4863 ut
1402 4809 1459 4864 in
1491 4810 1655 4865 rebus
1690 4810 1944 4867 secundis
1972 4810 2191 4866 evenire
2226 4811 2384 4877 solet,

828 4902 1211 4959 insolentiores
1257 4902 1410 4971 facti,
1441 4917 1536 4958 eos
1567 4904 1658 4973 qui
1689 4903 1758 4958 ab
1788 4902 1920 4974 ipsis
1964 4902 2382 4970 dissentiebant,

896 5087 913 5115 ¹
950 5080 1131 5144 Socr.,
1160 5081 1251 5135 lib.
1289 5098 1360 5147 Iv,
1393 5097 1514 5153 cap.
1545 5081 1635 5147 14,
1667 5080 1755 5135 l5.

2416 4500 2463 4557 D

2561 2305 2653 2375 Τῷ
2688 2305 2744 2359 δὲ
2784 2306 2997 2377 βασιλεῖ
3024 2308 3280 2362 Οὐάλεντι
3307 2311 3405 2382 τὴν
3437 2314 3568 2383 παρ’
3611 2315 3901 2385 Ὀῥρὀτην
3937 2315 4064 2369 Ἀν-

2488 2391 2725 2462 τιόχειαν
2754 2395 3080 2449 καταλαϐεῖν
3109 2397 3303 2451 ἐδόκει.
3367 2399 3652 2471 Ἐχομένου
3678 2402 3735 2457 δὲ
3764 2404 3929 2457 αὐτοῦ
3957 2405 4064 2474 τῆς

2489 2482 2633 2547 ὁδοῦ,
2666 2485 2889 2556 τελευτᾷ
2910 2487 3000 2540 τὸν
3024 2488 3136 2557 βίον
3169 2490 3435 2555 Εὑδόξιος,
3464 2494 3557 2547 ἐπὶ
3584 2495 3773 2549 ἕνδεκα
3797 2498 4064 2563 ἐνιαυτοῖς

2491 2578 2774 2647 κρατήσας
2797 2579 2905 2631 τῶν
2935 2581 2994 2633 ὲν
3031 2583 3095 2651 τῇ
3125 2582 3693 2639 Κωνσταντινουπόλει
3728 2588 4058 2660 ἐκκλησιῶν.

2503 2667 2884 2737 Ἐπιτρέπεται
2928 2670 2985 2723 δὲ
3030 2671 3231 2735 ταύτας
3274 2675 3618 2745 Δημόφιλος,
3665 2682 4063 2751 χειροτονηθεὶς

2492 2760 2572 2819 εἰς
2607 2759 2706 2829 τὴν
2752 2760 2915 2814 αὑτοῦ
2967 2762 3215 2833 διαδοχὴν
3249 2767 3398 2837 παρὰ
3434 2768 3542 2821 τῶν
3582 2769 3649 2822 τὰ
3687 2771 3893 2841 Ἀρείου
3927 2791 4065 2844 (ppo-

2490 2850 2746 2905 νούντων.
2778 2854 2840 2905 Oi
2870 2853 2926 2906 δὲ
2950 2852 3043 2907 τοῦ
3066 2854 3335 2926 δόγματος
3366 2858 3462 2929 τῆς
3493 2862 3551 2913 ὲν
3583 2860 3787 2932 Νικαίᾳ
3818 2864 4059 2928 συνόδου,

2489 2943 2809 3014 νομίσαντες
2851 2948 2929 3008 εἰς
2975 2947 3166 3018 καιρὸν
3211 2949 3393 3012 αὐτοῖς
3440 2950 3565 3004 τάδε
3629 2954 4060 3025 συμϐεϐηκέναι,

2489 3034 2814 3106 ψηφίζονται
2844 3037 3111 3108 Εὑάγριόν
3144 3056 3263 3092 τινα
3294 3042 3608 3095 ἐπισκοπεῖν
3636 3045 3831 3098 αὐτῶν.
3867 3047 4063 3115 Χειρο-

2489 3130 2633 3180 τονεί
2657 3128 2715 3181 δὲ
2758 3128 2949 3182 τοῦτον
2992 3128 3317 3194 Εὑστάθιος,
3360 3132 3420 3195 ὃς
3464 3134 3563 3203 τὴν
3607 3135 3917 3206 Ἀντιοχέων
3948 3137 4064 3190 τῶν

2491 3220 2678 3291 Σύρων
2703 3221 2906 3274 διεῖπεν
2936 3222 3279 3293 Ἐκκλησίαν.
3315 3222 3691 3294 Μετακληθεὶς
3714 3226 3821 3297 γὰρ
3843 3227 4065 3282 ὑπδἸο-

2491 3311 2676 3366 ϐιανοῦ
2710 3315 2772 3367 ἐκ
2798 3314 2899 3383 τῆς
2930 3313 3224 3386 ὑπερορίας
3246 3315 3444 3386 φυγῆς,
3477 3315 3649 3388 λάθρα
3677 3319 3793 3371 τότε
3823 3319 3882 3373 ἰν
3904 3321 4065 3373 Κων-

2494 3402 2770 3456 σταντίνου
2804 3403 2954 3457 πόλει
2981 3404 3237 3473 διέτριϐε,
3269 3406 3396 3469 τοὺς
3422 3407 3707 3477 ὁμοδόξους
3738 3408 3883 3479 αὺτῷ
3912 3410 4062 3463 διδά-

2493 3507 2657 3556 σκων,
2701 3492 2796 3545 καὶ
2838 3493 3161 3564 προτρέπων
3191 3495 3283 3547 ἐπὶ
3308 3497 3406 3565 τῆς
3436 3495 3605 3566 αὐτῆς
3630 3497 3811 3565 μένειν
3850 3499 3975 3569 περὶ
3995 3499 4065 3552 τὸ

2491 3581 2633 3636 θεῖον
2680 3583 2923 3655 γνώμης.
2989 3586 3267 3639 Ἐντεῦθεν
3308 3589 3355 3639 οἱ
3404 3588 3501 3657 μὲν
3556 3588 3662 3640 ἀπὸ
3710 3589 3808 3658 τῆς
3845 3590 4061 3661 Ἀρείου

2490 3674 2753 3744 αἱρέσεως
2785 3676 2921 3746 πρὸς
2952 3677 3139 3730 στάσιν
3170 3677 3604 3746 άνακινηθέντες,
3627 3680 3875 3749 χαλεπῶς
3900 3681 4061 3734 ἐδίω-

2490 3780 2586 3817 κον
2610 3766 2736 3827 τοὺς
2777 3765 3111 3830 σπουδαστὰς
3155 3769 3253 3839 τῆς
3280 3769 3549 3839 Εὑαγρίου
3587 3771 3939 3841 χειροτονίας.
3998 3773 4062 3826 Ὁ

2487 3857 2544 3910 δὲ
2598 3856 2849 3927 βασιλεὺς
2888 3857 3060 3911 ταῦτα
3097 3860 3257 3928 γνοὺς
3311 3861 3369 3915 ἐν
3395 3863 3728 3935 Νικομηδείᾳ
3773 3863 3911 3929 τέως
3959 3866 4061 3935 τὴν

2488 3948 2605 4002 ὁδὸν
2633 3948 2849 4019 ἐπέσχε.
2878 3950 3069 4013 Δείσας
3095 3950 3150 4004 δὲ
3195 3953 3321 4022 περὶ
3350 3952 3450 4022 τῆς
3480 3953 3685 4017 πόλεως
3717 3956 3790 4026 μή
3824 3973 3877 4008 τι
3908 3956 4062 4030 πάθῃ

2491 4038 2597 4093 ὑπὸ
2623 4041 2885 4104 στάσεως,
2917 4040 3121 4095 σύνοιδε
3166 4044 3375 4113 πέμψαι
3426 4045 3758 4115 στρατιώτας
3801 4050 3881 4112 εἰς
3906 4051 4061 4101 Κων-

2496 4131 2947 4195 σταντινούπολιν,
2981 4132 3074 4196 οὓς
3102 4136 3314 4198 ἱκανοὺς
3342 4137 3588 4206 ἐνόμισεν
3623 4140 3704 4201 εἰς
3726 4138 3905 4194 τοῦτο.
3954 4141 4059 4194 Εὖ-

2496 4222 2711 4275 στάθιον
2746 4223 2801 4276 δὲ
2854 4224 3221 4294 συλληφθέντα
3264 4229 3594 4298 προσέταξεν
3643 4232 3702 4283 ἐν
3745 4231 3911 4305 Βιξύῃ
3943 4233 4056 4303 (78)

2495 4312 2646 4364 πόλει
2691 4312 2792 4381 τῆς
2836 4313 3057 4384 Θρᾴκης
3094 4314 3332 4382 διάγειν,
3386 4320 3478 4370 καὶ
3520 4319 3790 4392 Εὑάγριον
3831 4323 4057 4394 ἑτέρωθι

2493 4403 2823 4473 ἀπάγεσθαι.
2853 4406 2963 4458 Καὶ
2991 4405 3062 4458 τὰ
3091 4406 3187 4476 μὲν
3221 4401 3323 4460 ὧδε
3353 4407 3499 4477 ἔσχε.

3081 4497 3329 4551 ΚΕΦΑΛ.
3370 4499 3467 4552 IA'.

2488 4583 2629 4660 Hec}
2644 4584 2761 4660 τῷκ
2776 4586 3080 4660 πρέσϐεων
3096 4588 3205 4656 (79)
3228 4589 3344 4641 τῶν
3371 4588 3637 4660 εὐσεϐῶν
3664 4592 4049 4660 ὀγδοήκοντα.

2554 4653 2663 4730 οὓς
2691 4654 2927 4730 Οὐάλης
2957 4657 3078 4730 σὺν
3105 4653 3303 4730 ’πλοίῳ
3332 4658 3526 4727 μέσης-
3557 4653 3874 4730 θαλᾶσσής
3915 4653 4055 4718 κικτέ

2558 4722 2820 4777 ἐκαυσεν
2855 4726 2924 4777 ἐν
2950 4727 3325 4794 Νικομηδειᾳ.

2558 4813 2891 4885 Θρασύτεροι
2921 4816 2997 4881 δὲ,
3027 4818 3102 4881 ὡς
3142 4818 3284 4887 φιλεί
3308 4820 3621 4889 συμϐαίνειν
3650 4824 3758 4886 τοῖς
3794 4826 4049 4896 εὐτυχοῦ-

2490 4920 2593 4970 σιν,
2625 4907 2675 4959 οἱ
2702 4906 2769 4960 τὰ
2802 4908 3010 4979 Ἀρείου
3046 4910 3364 4980 φρονοῦντες
3393 4914 3690 4982 γενόμενοι,
3724 4917 3823 4969 οὐκ
3850 4919 4051 4971 ἀνεκτὰ

1983 5236 2247 5291 VALESII
2284 5234 2844 5291 ANNOTATIONES.

894 5357 1011 5429 (77)
1037 5358 1145 5413 Kal
1172 5359 1267 5413 ἐπὶ
1294 5361 1483 5423 τούτῳ
1500 5359 1677 5426 μόλις
1702 5354 1874 5422 εἶξαι.
1906 5357 2189 5429 Δίιιιθξκιξο
2220 5354 2385 5429 verba

829 5424 1009 5504 funalis
1036 5424 1724 5504 distinctioappo'sitacst
1749 5430 1802 5504 in
1838 5424 2383 5504 codice_Ful_tetiano.

879 5514 1010 5553 uare
1060 5514 1168 5553 non
1219 5495 1575 5568 dubito'quiu
1622 5498 1725 5551 hoc
1761 5502 1880 5551 loco
1914 5495 2275 5568 scribendum
2301 5495 2388 5568 _sit

827 5502 1010 5622 (ἐπει-ε
1060 5514 1168 5553 non
1219 5502 1411 5553 dubito
1444 5502 1575 5568 quin
1622 5502 1725 5551 hoc
1761 5502 1880 5551 loco
1914 5502 2266 5551 scribendum
2316 5502 2387 5547 sit

826 5586 851 5621 ε
880 5572 956 5648 ξε,
1006 5569 1286 5653 quodest
1320 5570 1491 5653 longe
1536 5568 1965 5653 elegantilusietL
1988 5563 2387 5653 clariiusllion

826 5632 973 5692 enim
1024 5632 1258 5693 refertur
1307 5638 1377 5690 ad
1421 5632 1528 5702 ὧς,
1570 5632 1665 5693 sed
1719 5637 1787 5691 ad
1838 5637 2085 5692 verbum.
2116 5632 2385 5703 ἐκράτησε

826 5709 971 5777 quod
1002 5709 1298 5777 praecessit.

899 5774 1017 5844 (7Βὶ
1058 5780 1151 5830 Ἐν
1183 5776 1382 5847 Κιζύῃί.
1415 5774 1833 5847 liestitu'endum
1859 5783 1944 5847 est
1987 5774 2172 5847 [ξιζύῃ.
2208 5784 2267 5828 ut
2302 5774 2382 5847 le—

830 5847 977 5919 gitur
1011 5848 1064 5901 in
1096 5849 1284 5902 codice
1332 5844 1656 5912 Fukctiano,
1700 5856 1753 5901 ct
1799 5845 1942 5917 apud
1994 5844 2280 5900 Socratem
2326 5845 2382 5898 iu

2639 5370 2710 5435 iv,
2755 5368 2873 5424 cap.
3042 5355 3132 5409 ubi
3179 5356 3641 5435 .vi_(le,_si_‘pl_acet,
3677 5376 3800 5435 qua:
3840 5363 4044 5435 notavi.

2491 5422 2749 5502 Ejusdem
2796 5422 2983 5502 oppidi
3031 5426 3280 5502 meminit
3317 5422 3595 5486 Palladius
3622 5422 3950 5502 in'Diafogo
3982 5434 4048 5486 de

2490 5495 2597 5546 vita
2628 5493 2850 5563 Joannis
2878 5493 3260 5563 Chrysostomi.

2562 5563 2673 5657 s72)
2709 5562 3224 5657 Ecéafffiﬂlflé
3256 5564 3810 5657 9Et55‘99hrtmus.
3840 5572 4045 5657 ιεεειςιε

2488 5634 2656 5705 vertit
2706 5647 2831 5686 cum
2882 5635 3228 5705 presbyteros
3278 5634 3490 5691 vertere
3535 5640 3837 5694 debuisset.
3884 5634 4046 5696 Certe

2492 5702 2846 5781 Sozornenus'
2874 5702 3278 5781 ecclesiasticos
3316 5707 3631 5781 eos_fuisse_
3657 5709 4044 5781 dicit.VGrego-

2489 5773 2609 5825 rius
2633 5786 2771 5852 vero
2788 5771 3177 5852 gazianzenus
3205 5773 3258 5852 in
3291 5776 3671 5852 oratiorie_2(_),_
3698 5771 4044 5852 presbyteros

2490 5842 2757 5912 appellat:
2788 5841 3174 5913 Πρεσϐυτέρων
3201 5845 3516 5916 ὲμτιρησμο)⁵
3544 5841 3835 5903 θαλάττιοι.
