4452 6598
390 460 528 514 1529

1388 450 1711 509 HISTORIA
1752 447 2300 506 ECCLESIAS'HCA.
2343 483 2409 492 ο-
2449 454 2575 509 LIB.
2620 453 2705 508 Vl.

3510 460 3530 513 1
3543 460 3645 515 350

385 578 740 630 ἐπεϐούλευον
778 580 891 640 τοῖς
927 578 1033 632 ἀπὸ
1066 578 1164 647 τῆς
1193 579 1440 640 ἐναντίας
1462 577 1636 645 δόξης.
1691 575 1755 628 Οί
1783 574 1859 636 δὲ,
1888 572 1966 637 εἷς
1997 580 2041 637 Α
2070 588 2143 629 aet

1888 572 1966 637 εἵς
1997 574 2422 637 Αοοοτιιὶεεὶι-ηε
2475 578 2724 647 persequi
2782 574 3136 631 instituerunt
3169 576 3206 630 '.
3261 576 3362 643 Qui
3415 592 3538 631 cum
3591 585 3642 631 et

385 686 444 722 τε
483 671 640 739 σῶμα
686 671 1053 740 ὑὸριζόμενοι,
1092 670 1319 740 ἄρχουσί
1364 686 1421 722 τε
1449 669 1542 742 καὶ
1571 667 1964 736 δεσμωτηρίοις

386 762 824 832 παραδιδόμενοι,
867 763 960 814 καὶ
985 762 1082 824 τὰς
1123 762 1308 824 οὐσίας
1360 764 1478 814 κατ’
1515 761 1692 828 ὀλίγον
1716 758 1966 812 δαπανώ-

388 871 538 924 μενοι
585 857 703 915 ταῖς
742 855 952 907 ἐνθένδε
995 854 1204 923 συχνῶς
1246 854 1670 924 συμϐαινούσαις
1715 852 1963 922 ζημίαις,

383 947 626 1012 ἔγνωσαν
653 945 912 1015 δεηθῆναι
941 946 1034 998 τοῦ
1077 945 1361 1015 βασιλέως,
1394 946 1539 1010 ὅπως
1573 944 1695 998 τινὰ
1721 944 1830 996 τῶν
1858 945 1967 997 δει-

383 1039 487 1089 νῶν
515 1037 726 1109 εὕροιεν
752 1037 1092 1107 ἀπαλλαγήν.
1130 1039 1238 1090 Καὶ
1269 1037 1754 1106 ἐκκλησιαστικοὺς
1778 1036 1966 1107 ὀγδοή-

383 1146 546 1181 κοντα
574 1129 771 1201 ἄνδρας
795 1129 886 1182 ἐπὶ
907 1129 1062 1181 τοῦτο
1085 1129 1310 1190 εἴλοντο,
1334 1121 1409 1182 ὧν
1432 1128 1662 1198 ἡγοῦντο
1690 1128 1966 1198 υὺρὸανὺς

384 1222 476 1273 καὶ
503 1220 776 1291 Θεόδωρος
807 1220 900 1273 καὶ
929 1221 1265 1290 Μενέδημος.
1304 1221 1392 1284 Ὡς
1415 1220 1471 1273 δὲ
1498 1223 1576 1284 εἰς
1599 1202 1965 1292 Νικομήδειαν

381 1311 659 1381 ἀφίκοντο,
713 1311 915 1380 βιϐλίον
957 1313 1236 1365 ἐπέδωκαν
1286 1313 1353 1364 τὲ
1395 1313 1512 1374 κατ’
1536 1313 1732 1375 αὐτοὺς
1760 1313 1965 1382 ἐγγρά-

381 1409 601 1475 ψαντες.
664 1407 722 1459 '0
754 1405 831 1466 δὲ.
863 1405 1064 1474 σφόδρα
1093 1404 1381 1474 θυμωθεὶς,
1431 1404 1553 1457 ὅσον
1588 1403 1834 1474 ὠργίσθη
1865 1405 1964 1456 οὑκ

382 1499 599 1565 ἐγένετο
620 1497 803 1566 δῆλος
838 1497 1010 1566 λάθρα
1029 1497 1086 1548 δὲ
1109 1496 1338 1565 ὑπάρχῳ
1362 1492 1660 1564 προσέταξε
1682 1493 1965 1547 συλλαδεῑν

380 1591 577 1652 αὐτοὺς
607 1589 701 1640 καὶ
724 1588 953 1644 ἀνελεῖν.
1021 1589 1080 1640 '0
1117 1589 1173 1641 δὲ
1219 1588 1464 1657 ὕπαρχος
1508 1586 1689 1647 δείσας
1726 1588 1801 1658 μὴ
1833 1604 1960 1639 στα-

382 1681 548 1749 σιάσῃ
582 1680 640 1732 τὸ
669 1680 892 1750 πλῆθος,
916 1678 1183 1732 τοσούτων
1206 1677 1450 1731 εὑλαδὼν
1489 1677 1696 1748 ἀνδρῶν
1730 1677 1824 1729 καὶ
1860 1693 1965 1746 μη·

379 1774 467 1826 ῐὲν
499 1773 835 1843 ἠδικηκότων
868 1773 1193 1842 παραλόγως
1225 1771 1637 1842 ἀναιρουμένων
1665 1811 1680 1835 ,
1729 1769 1963 1823 πλάττε-

380 1881 470 1917 σιαι
498 1863 876 1927 καταδικάζειν
907 1863 1084 1916 αὑτῶν
1127 1865 1423 1935 ὑπερορίαν
1467 1864 1665 1933 φυγήν.
1735 1864 1824 1928 Ὠς
1871 1864 1963 1918 ἐπὶ

2068 670 2346 724 cruciatus
2397 669 2646 738 corporis
2698 669 3076 733 sustinerent,
3130 677 3185 722 et
3231 669 3297 724 ad
3349 670 3644 738 praesidum

2068 762 2364 816 tribunalia
2416 772 2471 815 et
2517 776 2768 816 carceres
2819 764 3189 824 traherentur,
3246 771 3298 815 ct
3342 762 3413 815 ob
3449 761 3644 816 crebra

2065 867 2189 922 qua:
2219 854 2342 907 inde
2381 852 2516 922 ipsis
2545 853 2872 908 eveniebant
2899 852 3120 917 damna,
3142 853 3497 908 facultatibus
3524 854 3641 909 suis

2066 944 2326 1014 paulatim
2363 943 2723 1011 nudarentur,
2756 944 3078 1014 imperatori
3109 946 3420 1016 supplicare
3450 945 3642 998 decre-

2067 1047 2282 1102 verunt,
2321 1047 2378 1092 ut
2427 1038 2511 1093 his
2543 1039 2951 1094 calamitatibus
2988 1039 3169 1108 aliqua
3207 1054 3271 1094 ex
3314 1046 3470 1109 parte
3502 1039 3639 1092 Iibe-

2070 1138 2339 1185 rarentur.
2375 1127 2547 1199 Hujus
2580 1131 2655 1186 rei
2687 1146 2853 1187 causa
2888 1132 3170 1201 octoginta
3198 1131 3344 1185 viros
3383 1130 3642 1186 ecclesia-

2068 1223 2238 1276 sticos
2274 1222 2614 1294 delegerunt,
2648 1223 2789 1277 inter
2819 1239 2956 1294 quos
3007 1225 3283 1288 Urbanus,
3317 1223 3645 1280 Theodorus-

2069 1327 2133 1368 ac
2188 1311 2537 1368 Menedemus
2578 1313 2876 1383 principem
2923 1315 3098 1370 locum
3138 1315 3478 1370 obtinebant.
3534 1317 3649 1382 Qui.

2069 1421 2193 1460 cum
2229 1404 2597 1460 Nicomediam
2640 1407 2956 1472 venissent,
2999 1409 3239 1463 libellum
3279 1407 3493 1463 Valenti
3542 1411 3639 1464 ob-

2070 1500 2332 1564 tulerunt,
2377 1499 2428 1551 in
2461 1515 2570 1568 quo
2607 1513 2668 1552 ea
2703 1499 3136 1568 perscripserant
3168 1517 3288 1570 qua:
3319 1503 3384 1554 ad
3418 1516 3638 1556 causam

2066 1590 2312 1660 ipsorum
2365 1594 2712 1659 pertinerent.
2762 1594 2832 1645 At
2885 1591 3126 1655 Valens,
3178 1593 3426 1662 quamvis
3473 1609 3638 1662 supra

2066 1685 2288 1736 modum
2342 1683 2739 1754 indignaretur,
2791 1687 2883 1739 irae
2933 1695 3113 1740 tamen
3155 1701 3267 1740 sua:
3316 1686 3637 1756 gravitatem

2066 1789 2175 1828 non
2223 1777 2493 1845 prodidit,
2527 1777 2618 1832 sed
2653 1779 2792 1832 clam
2827 1779 3105 1832 mandavit
3148 1778 3424 1849 praifecto,
3461 1791 3518 1834 ut
3545 1795 3639 1835 eos

2067 1867 2494 1937 comprehensos
2529 1872 2879 1927 interficeret.
2913 1873 3207 1928 Praefectus
3250 1890 3398 1940 vero,
3439 1874 3638 1930 timens

382 1957 538 2009 τοῦτο
567 1956 622 2010 δέ
653 1957 887 2026 πέμπων
920 1957 1138 2019 αὑτοὺς,
1168 1957 1246 2019 είς
1282 1957 1464 2022 πλοῖον
1499 1956 1830 2019 ἐνεϐίϐασεν,
1862 1957 1961 2008 οὑκ
1997 1969 2035 2023 Β
2067 1978 2133 2014 ne

1879 1957 1961 2008 ›ὑκ
1997 1969 2035 2023 Β
2067 1978 2133 2014 ne
2170 1964 2359 2032 vulgus
2395 1964 2718 2018 seditionem
2751 1968 3078 2031 concitaret,
3109 1967 3153 2021 si
3186 1979 3258 2023 tot
3294 1970 3366 2038 pii
3398 1969 3497 2022 viri
3543 1970 3637 2039 qui

380 2050 622 2114 ἀγεννῶς
663 2049 789 2103 τάδε
843 2048 1031 2102 παθεῖν
1066 2048 1456 2116 ὑπομένοντας.
1514 2047 1667 2098 Ἐπεὶ
1694 2046 1750 2098 δὲ
1780 2047 1964 2098 πλέον·

381 2158 474 2203 τες
523 2141 662 2192 κατὰ
717 2138 877 2208 μέσον
905 2137 998 2191 τοῦ
1044 2137 1328 2213 Ἀστακίοὺ
1378 2136 1718 2206 καλουμένου
1762 2137 1962 2188 κόλπου

382 2234 652 2299 ἐγένοντο,
691 2233 741 2285 οἱ
779 2232 888 2303 μένὶ
915 2225 1107 2284 ναῦται
1141 2233 1273 2302 πυρὶ
1302 2229 1362 2282 τὸ
1391 2232 1598 2299 σκάφος
1630 2230 1962 2298 ὑφαψαντες,

383 2325 455 2385 ώς
483 2320 550 2393 ἦν
576 2325 757 2387 αὑτοῖς
784 2325 1278 2393 προστεταγμένον,
1309 2323 1625 2392 ὑπεχώρουν
1671 2324 1749 2385 εἰς
1778 2321 1835 2374 τὸ
1867 2323 1960 2390 ἐφ-

381 2417 560 2468 όλκιον
617 2415 1118 2486 μεταπηδήσαντες.
1181 2415 1243 2468 Ἢ
1290 2415 1345 2467 δὲ
1391 2414 1520 2477 ναῦς
1565 2413 1669 2466 ὑπὸ
1702 2415 1963 2484 ἐπιφόρου

383 2508 586 2575 ἀνέμου
618 2507 969 2577 ἐλαυνομένη,
996 2507 1123 2576 ἄχρι
1149 2508 1462 2575 Δακιὸίςης,
1501 2505 1700 2575 χωρίον
1724 2505 1778 2557 δέ
1809 2506 1966 2559 τοῦτο

384 2599 482 2667 τῆς
550 2599 814 2669 παραλίου
873 2599 1165 2661 Βιθυνίας,
1219 2598 1473 2668 διήρκεσε
1530 2598 1665 2667 πρὸς
1724 2599 1814 2650 τὸν
1870 2598 1962 2650 ἕκ-

387 2694 553 2744 πλουν
580 2692 710 2761 (80).
749 2693 898 2760 Ἅμα
932 2690 989 2743 δὲ
1015 2693 1080 2761 τῇ
1119 2693 1191 2761 γῇ
1244 2691 1532 2760 προσέσχε,
1582 2691 1675 2742 καὶ
1719 2685 1960 2762 διελύθη,

389 2787 486 2837 σὺν
513 2786 694 2847 αὐτοῖς
719 2783 947 2854 ἀνδράσι
983 2783 1409 2852 καταφλεγεῖσα.

2067 2053 2198 2106 nihil
2229 2053 2594 2124 deliquerant,
2627 2066 2822 2127 praeter
2854 2059 2945 2128 jus
3003 2076 3069 2116 ac
3107 2062 3376 2114 rationem
3412 2061 3635 2117 occide-

2069 2155 2276 2209 rentur,
2297 2147 2517 2200 simulat
2541 2165 2600 2204 se
2627 2150 2821 2204 exsilio
2851 2166 2945 2205 eos
2977 2152 3228 2208 addicere
3248 2193 3262 2213 .
3295 2165 3346 2208 et
3377 2161 3637 2224 tanquam

2068 2231 2120 2284 in
2152 2234 2404 2287 exsilium
2437 2235 2752 2300 mittendos,
2787 2240 3001 2308 navigio
3045 2239 3249 2309 imponi
3287 2240 3461 2312 jubet,
3493 2241 3645 2312 quod

2067 2323 2284 2392 quidem
2344 2325 2420 2378 illi
2477 2325 2602 2382 forti
2649 2329 2831 2383 animo
2864 2328 3006 2385 ferre
3038 2332 3211 2398 parati
3252 2344 3432 2387 erant.
3466 2333 3642 2387 Porro

2067 2433 2190 2474 Cum
2223 2419 2291 2473 ad
2328 2419 2564 2475 medium
2595 2421 2850 2478 Astaceni
2886 2424 3041 2479 sinus
3090 2426 3398 2495 navigando
3444 2442 3638 2496 perve-

2068 2511 2299 2570 nissent.
2339 2524 2535 2576 nautae,
2590 2531 2857 2570 succensa
2894 2531 3051 2577 nave.
3086 2519 3229 2572 sicut
3274 2519 3408 2590 ipsis
3465 2521 3641 2574 fuerat

2071 2601 2420 2671 imperatum,
2446 2606 2497 2658 in
2533 2605 2794 2675 scapham
2827 2607 3146 2663 desilientes
3177 2611 3500 2664 abscedunt.
3534 2609 3643 2665 Na-

2070 2694 2152 2747 vis
2202 2711 2331 2750 vero
2371 2697 2487 2767 ipsa
2541 2699 2785 2755 secundo
2822 2713 2987 2755 vento
3022 2703 3278 2771 impulsa,
3331 2701 3641 2757 Dacibizam

2070 2802 2261 2856 usque,
2295 2791 2385 2857 qui
2439 2793 2598 2862 237
2651 2794 2802 2850 locus
2843 2795 3016 2849 estin
3068 2795 3324 2867 Bithynia
3377 2796 3443 2850 ad
3493 2811 3644 2850 mare

389 2883 552 2944 situs,
587 2881 757 2935 valuit
797 2880 1099 2951 pervenire.
1129 2879 1237 2934 Sed
1267 2880 1432 2935 simul
1461 2888 1624 2950 atque
1656 2879 1724 2933 ad
1758 2890 1960 2934 terram
2000 2883 2227 2952 appulit,
2258 2884 2524 2942 dissoluta
2560 2904 2667 2943 una
2696 2904 2820 2944 cum
2886 2890 3021 2960 ipsis
3056 2891 3372 2946 hominibus
3439 2888 3643 2946 conﬂa-

390 2978 590 3046 gravii.

988 3068 1238 3125 ΚΕΦΔΛ.
1266 3067 1366 3125 ιε’.
1428 3127 1438 3147 ι

394 3165 534 3232 Περὶ
567 3164 676 3231 τῆς
703 3162 992 3232 διαφορᾶς
1016 3163 1308 3217 Εὑσεϐίου
1341 3160 1445 3232 τοῦ
1473 3164 1844 3232 Καισαῇεξιις,
1871 3159 1970 3212 καί

469 3231 787 3288 Βασιλείαν
807 3231 914 3288 τοῦ
973 3234 1267 3301 Μεγάλου.
1317 3231 1539 3301 Καὶνὼς
1582 3231 1865 3301 ἐντεῦθεν
1915 3233 1971 3285 οἱ

480 3305 756 3373 Ἆρειανοὶ
784 3303 1008 3369 θάρσος
1035 3299 1343 3367 λαϐόντες,
1378 3299 1450 3368 τῇ
1483 3299 1826 3369 Καισαρέων
1843 3301 1972 3354 ἐπι-

466 3375 734 3444 φοιτῶσι,
758 3375 856 3427 καὶ
879 3375 1335 3441 ἁποκρούοντιιι.

468 3469 680 3536 Οὐάλης
714 3467 769 3520 δὲ
810 3466 1120 3520 καταλιπὼν
1164 3468 1262 3534 τὴν
1307 3465 1697 3534 Νικομήδειαν,
1743 3463 1835 3516 ἐπὶ
1876 3462 1972 3532 τὴν

2073 3142 2149 3197 De
2184 3141 2513 3196 dissensione
2548 3143 2686 3196 inter
2719 3142 2999 3196 Eusebium
3033 3141 3415 3198 Caesariensem
3443 3145 3646 3210 episco-

2141 3229 2262 3281 pum
2307 3225 2354 3266 et
2400 3212 2660 3266 Basiliam
2711 3211 2999 3283 Magnum;
3056 3225 3104 3265 et
3147 3215 3405 3282 quomodo
3430 3215 3642 3279 Ariani,

2143 3295 2354 3351 sumpta
2398 3300 2463 3338 ea:
2510 3301 2569 3337 eo
2622 3285 2850 3350 ﬁducia,
2905 3284 3291 3338 Cwsoriensem
3349 3283 3644 3338 Ecclesium

2146 3355 2320 3408 adorti
2351 3365 2498 3420 sunt,
2532 3371 2594 3406 oc
2622 3355 2833 3422 repulsi.

2144 3447 2211 3500 At
2251 3446 2466 3510 Valens,
2521 3449 2707 3502 relicta
2743 3444 3079 3511 Nicomedia,
3128 3446 3478 3507 Antiochiam
3524 3463 3645 3502 ver-

412 3560 739 3627 Ἀντιόχειαν
765 3557 881 3610 ὁδὸν
909 3559 1162 3611 ἐποιεῖτο.
1213 3557 1300 3609 Ἑν
1345 3556 1519 3626 τούτῳ
1561 3555 1639 3618 δὲ,
1676 3554 1972 3607 Καππαδό-
2001 3526 2041 3580 C
2076 3554 2170 3594 διιεῖ

1887 3526 1972 3606 δέ-
2001 3526 2041 3580 C
2076 3554 2170 3594 sus
2196 3540 2297 3592 iter
2325 3538 2470 3594 fecit.
2505 3538 2626 3605 Quo
2660 3539 2881 3607 quidem
2917 3548 3162 3608 tempore
3190 3556 3313 3592 eum
3343 3539 3398 3592 in
3437 3540 3644 3608 Cappa-

399 3668 521 3712 καις
545 3650 872 3719 ἐπιδημήσας,
905 3651 1040 3719 ὅπερ
1082 3647 1260 3700 εἰώθει
1315 3651 1508 3708 ποιεῖν,
1542 3645 1841 3710 ἐσπούδαζε
1872 3663 1971 3698 κα·-

400 3741 528 3795 κοῦν
588 3742 713 3802 τοὺς
762 3739 1115 3811 ὁρθόφρονας,
1165 3739 1382 3802 καὶτὰς
1425 3738 1612 3791 ἐνθάδε
1653 3737 1976 3807 Ἐκκλησίας

399 3835 748 3906 παραδιδόναι
815 3837 925 3897 τοῖς
977 3835 1044 3886 τὰ
1080 3833 1285 3903 Ἀρείου
1333 3831 1607 3901 φρονοῦσι.
1658 3830 1879 3901 Ῥαδίως
1915 3846 1974 3882 τε
2018 3887 2033 3902 L

397 3927 556 3980 τοῦτο
585 3927 947 3999 κατορθώσειν
977 3925 1130 3996 ᾤετο,
1175 3927 1238 3976 ἐκ
1278 3923 1369 3976 τοῦ
1398 3923 1661 3992 διαφορᾶς
1682 3939 1824 3986 τινος
1859 3922 1972 3992 (8|)

399 4022 477 4083 εἰς
505 4020 678 4090 λύπην
731 4020 1065 4088 καταστῆναι
1109 4017 1386 4070 Βασίλειον
1421 4016 1667 4084 Εὑσεὸίῳ
1699 4015 1818 4066 τότε
1857 4016 1975 4066 ἐπι-

399 4111 712 4180 τροπεύοντι
737 4111 834 4180 τὴν
857 4107 1174 4178 Καισαρέων
1203 4106 1548 4175 Ἐκκλησίαν.
1565 4099 1571 4107 ’
1589 4105 1794 4157 Διὸ.καὶ
1838 4105 1971 4173 πρὸς

397 4205 488 4255 τὸν
518 4201 715 4254 Πόντον
748 4198 1090 4269 ὑπεχώρησε,
1127 4197 1219 4250 καὶ
1252 4200 1364 4259 τοῖς
1405 4193 1591 4248 ἐνθάδε
1624 4191 1973 4262 φιλοσοφοῦσι

402 4295 652 4364 μοναχοῖς
676 4291 856 4361 συνῆν.
890 4290 962 4341 Τὸ
1007 4289 1063 4342 δὲ
1100 4288 1322 4358 πλῆθος,
1369 4289 1460 4339 καὶ
1493 4285 1728 4354 μάλιστα
1760 4285 1807 4336 οἱ
1837 4285 1974 4354 κρά-

399 4403 569 4438 τιστοι
600 4385 693 4437 καὶ
727 4366 1041 4453 σοφώτεροι,
1065 4383 1122 4433 ἐν
1156 4379 1380 4450 ὑπονοίᾳ
1396 4378 1482 4430 τὸν
1508 4376 1762 4429 Εὑσέϐιον
1791 4370 1934 4444 εἶχον
1955 4392 1968 4405 ·

401 4480 491 4532 καὶ
515 4479 588 4541 ὡς
618 4477 795 4546 φυγῆς
823 4476 992 4528 αἴτιον
1019 4466 1307 4542 γενόμενόν
1329 4470 1519 4540 ἀνδρὸς
1538 4467 1969 4537 εὑδοκιψοτάτου

400 4574 455 4623 ἐν
494 4569 570 4639 τῷ
602 4569 748 4638 βιοῦν
775 4570 868 4620 καὶ
893 4566 1092 4633 λέγειν,
1117 4562 1401 4616 ἀπολιπεῖν
1429 4560 1587 4613 αὑτὸν
1605 4557 1968 4620 ἐϐουλεύοντο,

400 4662 492 4713 καὶ
519 4659 639 4712 καθ’
675 4658 898 4718 ἑαυτοὺς
945 4652 1342 4724 ἐκκλησιάζειν.
1388 4649 1524 4702 Ἀλλ’
1557 4651 1584 4701 ὁ
1628 4650 1745 4718 μὲν,
1780 4649 1866 4699 ἵνα
1895 4648 1969 4718 μὴ

402 4750 491 4803 καὶ
539 4749 599 4801 τὸ
645 4747 765 4800 καθ’
822 4745 1013 4799 ἑαυτὸν
1057 4743 1322 4812 ἐπιτρέψῃ
1353 4742 1450 4812 τὴν
1504 4739 1829 4807 Ἐκκλησίαν
1871 4739 1969 4791 οὑκ

2074 3630 2286 3684 dociam
2321 3631 2582 3693 venisset,
2610 3631 2966 3695 orthodoxos,
2995 3640 3050 3684 ut
3082 3632 3312 3696 solebat,
3342 3634 3642 3702 exagitare,

2075 3731 2128 3775 ct
2174 3721 2318 3774 illius
2366 3722 2660 3790 provincia:
2707 3723 2984 3776 Ecclesias
3018 3723 3238 3789 Arianis
3267 3723 3484 3779 tradere
3529 3732 3645 3778 stu-

2073 3811 2208 3865 duit.
2245 3811 2408 3881 ldque
2434 3827 2500 3867 eo
2533 3812 2749 3868 facilius
2794 3829 2853 3867 se
2899 3822 3330 3867 consecuturum
3366 3814 3644 3883 sperabat,

2073 3907 2217 3976 quod
2262 3908 2533 3962 dissensio
2579 3905 2828 3976 quaedam
2871 3922 2933 3961 ac
2983 3908 3236 3962 simultas
3285 3909 3646 3984 intercederet

2075 4001 2216 4054 inter
2256 4000 2515 4056 Basilium
2539 4007 2592 4054 et
2625 4000 2939 4068 Eusebium,
2972 4002 3223 4071 qui‘tunc
3253 4000 3644 4056 Cresai‘ienseni

2076 4093 2367 4148 Ecclesiam
2423 4092 2860 4155 administrabat.
2911 4092 3030 4158 Qua
3080 4094 3149 4148 de
3201 4107 3366 4148 causa
3410 4093 3645 4148 Basilius

2073 4199 2133 4238 se
2179 4186 2228 4238 in
2281 4184 2510 4238 Pontum
2564 4193 2876 4252 receperat,
2925 4193 2980 4239 et
3019 4201 3143 4239 cum
3199 4188 3482 4240 monachis
3529 4189 3646 4241 illic

2074 4276 2588 4348 philosophantibas
2646 4277 2986 4330 versabatur.
3047 4277 3287 4346 Populus
3341 4294 3508 4342 vero,
3579 4296 3643 4333 ac

2075 4370 2347 4439 praecipue
2392 4368 2576 4437 optimi
2623 4369 2830 4438 quique
2877 4384 2942 4422 ac
2991 4369 3426 4438 prudentissimi.
3476 4371 3641 4426 Euse-

2073 4461 2221 4515 bium
2270 4468 2579 4528 suspectum
2639 4460 2839 4514 habere
2894 4468 3218 4529 cmperuut:
3252 4465 3412 4530 eique
3460 4463 3638 4532 fugant

2072 4551 2197 4613 viri,
2242 4558 2353 4602 tum
2396 4551 2466 4604 ob
2497 4551 2682 4615 \itam,
2726 4560 2836 4603 tum
2873 4551 2944 4604 ob
2987 4552 3356 4620 eloquentiam
3394 4555 3639 4608 celeber-

2075 4644 2197 4697 rimi
2244 4645 2610 4713 assignantes,
2642 4643 2896 4699 descrere
2928 4644 3103 4706 illum,
3150 4652 3204 4697 et
3240 4660 3491 4700 seorsum
3522 4627 3638 4700 col-

2075 4737 2243 4789 lectas
2266 4750 2425 4804 agere
2449 4735 2872 4790 meditabantur.
2909 4733 3102 4788 Verum
3129 4736 3362 4790 Basilius
3394 4737 3637 4806 quidem,

400 4843 553 4894 ἐνδεᾶ
583 4839 825 4910 θορύϐων
854 4837 940 4890 διὰ
961 4837 1057 4898 τὰς
1085 4833 1478 4893 ἐπαναστάσεις
1500 4830 1606 4882 τῶν
1627 4829 1966 4901 ἑτεροδόξων,
2005 4872 2044 4924 D
2077 4841 2142 4879 Ite

1881 4847 1966 4894 ων,
2005 4872 2044 4924 D
2077 4841 2142 4879 ne
2178 4826 2419 4881 itcclesia
2453 4827 2625 4894 ipsius
2667 4842 2832 4880 causa
2877 4829 3314 4896 perturbaretur,
3347 4846 3468 4898 quae
3502 4829 3639 4882 alio-

401 4939 456 4988 ἐν
486 4939 598 4997 τοῖς
630 4933 755 5003 περὶ
789 4933 879 4984 τὸν
912 4931 1110 4982 Πόντον
1129 4925 1557 4998 φροντιστηρίοις
1592 4923 1819 4993 ἡσυχίαν
1840 4919 1963 4991 ἦγε.

401 5026 631 5079 Βασιλέα
655 5026 709 5078 δέ
740 5023 833 5075 καὶ
865 5024 988 5084 τοὺς
1011 5019 1145 5088 ἀμφ’
1165 5019 1325 5070 αὑτὸν
1362 5016 1711 5076 ἐπισκόπους,
1748 5015 1834 5066 ἀεὶ
1863 5015 1968 5084 γὰρ

400 5118 547 5170 αὑτῶ
577 5117 810 5184 συνῆσαν
838 5117 933 5182 τῆς
975 5111 1181 5184 Ἀρείου
1214 5110 1494 5180 αἱρέσεως.
1537 5104 1974 5176 προθυμοτέρους

490 5294 702 5356 ⁸5υυι·.,
735 5293 827 5345 lib.
863 5308 932 5356 tv,
963 5306 1081 5347 cat).
1120 5291 1200 5343 i6.

2075 4919 2163 4986 qui
2183 4919 2252 4972 ob
2275 4919 2655 4971 luereticorum
2685 4919 2920 4972 insultus
2947 4922 3274 4976 tumultibus
3297 4937 3642 4990 nequaquam

2081 5028 2245 5065 vacua
2281 5020 2424 5080 erat,
2472 5013 2523 5065 in
2573 5015 2925 5070 monasteriis
2962 5015 3116 5068 Ponti
3161 5017 3344 5085 quiete
3388 5017 3638 5085 degebat.

2082 5102 2395 5171 Imperatori
2439 5121 2567 5159 vero
2609 5116 2660 5160 ct
2703 5106 2981 5177 (‘plSCOpiS
3015 5109 3106 5179 qui
3155 5125 3281 5163 cum
3326 5109 3417 5163 illo
3464 5117 3639 5172 eraml,

1576 5442 1838 5498 VALESII
1872 5443 2427 5502 ANNOTATIONES.

480 5610 590 5677 (80)
629 5610 858 5675 Διτξρκει
893 5610 1037 5678 πρὸς
1069 5607 1173 5662 τὸν
1215 5607 1502 5663 ἔκπλουν.
1544 5606 1599 5661 In
1642 5608 1829 5661 codice
1861 5607 1967 5660 Fu-

405 5680 623 5753 kcliano
656 5683 918 5753 scriptum
948 5692 1030 5735 est
1059 5682 1335 5753 διήρκεσε,
1372 5680 1469 5753 levi
1502 5678 1840 5742 discrimine,
1871 5680 1962 5734 sed

403 5751 549 5820 quod
590 5769 616 5802 a
660 5752 817 5805 nobis
859 5752 1120 5819 prmeriri
1150 5751 1252 5805 non
1280 5752 1486 5805 delmit.

475 5821 587 5886 (8|)
641 5823 738 5874 Ἐκ
797 5818 900 5874 τοῦ
940 5821 1226 5889 διαφορᾶς
1270 5839 1449 5884 τινες.
1485 5818 1766 5872 Assenlior
1806 5819 1963 5872 Chri-

404 5896 772 5957 stophorsono
801 5902 853 5947 et
886 5893 1112 5950 Savilio.
1153 5894 1242 5962 qui
1282 5890 1962 5962 pra-[mitionchaddunt

2076 5609 2177 5663 hoc
2213 5607 2372 5662 modo
2411 5627 2422 5661 :
2465 5609 2527 5662 ἐκ
2549 5607 2641 5661 τοῦ
2680 5610 2742 5660 ἐκ
2769 5607 3049 5676 διαφορᾶς,
3085 5614 3191 5659 etc.
3237 5605 3308 5658 De
3345 5606 3445 5676 hac
3481 5617 3643 5676 porro

2071 5682 2353 5733 simultate
2410 5679 2550 5733 inter
2604 5679 2859 5734 Basilium
2922 5674 3173 5745 Magnum
3233 5687 3284 5729 et
3347 5674 3641 5727 Eusebium

2071 5753 2383 5820 episcopum
2411 5790 2424 5809 .
2466 5752 2585 5804 \‘idc
2617 5748 2942 5820 Gregorium
2978 5749 3376 5802 Nazianzenum
3431 5746 3483 5798 in
3528 5757 3644 5796 ora-

2072 5829 2218 5877 tione
2248 5819 2458 5875 funebri
2489 5821 2554 5878 de
2591 5821 2855 5876 laudibus
2879 5819 3090 5876 Basilii.
