4452 6598
885 421 1013 480 1331

2323 435 2668 494 SOZOMENI

883 554 1068 596 secum
1097 541 1240 596 enim
1271 551 1530 612 perpetuo
1568 545 1805 601 habebat
1833 548 2052 606 Arianae
2090 561 2255 608 sectae
2297 555 2441 609 anti-
2468 561 2516 616 Α
2542 557 2623 618 είς

2375 555 2441 609 li-
2468 561 2516 616 Α
2542 557 2623 618 είς
2645 556 2744 628 τὴν
2767 557 3107 630 ἐπιχείρησιν
3131 559 3304 612 ἐποίει
3347 561 3381 630 ἡ
3425 559 3701 614 Βασιλείου
3731 561 3994 621 ἀπουσία,
4025 561 4133 614 καὶ

877 630 1055 692 stites,
1087 631 1300 686 animos
1334 631 1621 689 addiderat
1651 636 1905 693 absentia
1935 639 2144 706 Basilii,
2170 649 2226 698 et
2255 643 2442 698 odium

877 722 1252 779 multitudinis
1307 725 1574 783 adversus
1612 727 1934 786 Eusebium.
1984 732 2184 788 Verum
2215 744 2444 790 conatus

878 819 1077 879 prater
1095 812 1423 867 sententiam
1455 815 1590 884 ipsis
1621 819 1906 874 successit.
1941 819 2149 876 Etenim
2179 822 2342 877 simul
2363 832 2446 877 at-

879 915 990 968 que
1038 902 1348 956 nuntiatum
1391 913 1478 959 est
1525 920 1620 960 eos
1674 907 1728 961 in
1769 907 2167 979 Cappadociam
2213 919 2444 968 conten-

877 989 1030 1055 dere,
1067 991 1303 1047 Basilius
1344 992 1519 1049 Punlo
1553 996 1844 1061 decedens,
1880 1008 2073 1071 suopte
2110 1009 2258 1057 motu
2298 1003 2446 1058 venit

877 1079 1209 1136 Casaream.
1270 1081 1334 1135 Et
1386 1099 1510 1138 eum
1552 1084 1791 1142 Eusebio
1846 1089 2066 1160 quidem
2119 1091 2174 1145 in
2213 1092 2442 1162 gratiam

875 1187 1135 1228 reversus
1168 1182 1284 1242 est;
1324 1175 1620 1234 Ecclesiam
1655 1195 1786 1235 vero
1811 1191 2118 1253 opportune
2145 1184 2436 1240 admodum

875 1263 1204 1334 eloquentiae
1229 1281 1343 1321 sua:
1368 1269 1617 1324 subsidio
1643 1271 1869 1342 adjuvit.
1905 1271 2105 1330 Valens
2126 1275 2308 1346 itaque
2333 1292 2440 1331 una

876 1370 1004 1410 cum
1052 1357 1329 1429 episcopis
1376 1375 1516 1430 quos
1557 1377 1742 1418 secum
1799 1365 2040 1420 habebat
2089 1375 2288 1422 conatu
2341 1384 2444 1425 suo

878 1447 1164 1518 depulsus,
1188 1456 1300 1504 tum
1327 1452 1544 1521 quidem
1579 1469 1638 1509 re
1667 1454 1866 1510 iniecta
1900 1457 2179 1514 discessit.

1493 1589 1644 1644 CAP.
1690 1589 1828 1644 XVI.

880 1719 1155 1799 Quemodo
1184 1733 1300 1791 post
1334 1719 1618 1799 Eusebium
1646 1725 1885 1799 Basilius
1915 1726 2203 1782 Ecclesium
2231 1728 2447 1799 Cappa-

947 1791 1137 1845 docum
1169 1795 1729 1870 [ινςλεηάαηιἐςιιιεεερίιΔ
1761 1811 1859 1870 :‘er
1889 1799 1954 1852 de
1983 1799 2176 1870 insigni
2201 1791 2321 1868 ejus
2345 1791 2442 1854 αα-

946 1876 1125 1916 rersus
1169 1863 1436 1918 Valentem
1461 1867 1516 1918 in
1543 1865 1762 1920 dicendo
1788 1866 2048 1922 libertate.

951 1969 1159 2026 Verum
1203 1974 1485 2046 aliquanto
1527 1985 1648 2046 post
1703 1976 1901 2034 Valens
1949 1980 2003 2034 in
2053 1981 2451 2052 Cappadociam

879 2077 1153 2128 reversus,
1194 2063 1455 2122 Basilium
1493 2078 1614 2137 post
1649 2080 1875 2124 mortem
1927 2071 2145 2127 Eusebii
2192 2073 2452 2132 Ecclesiis

878 2143 1024 2201 illius
1045 2149 1338 2216 provincia:
1369 2153 1620 2222 regendis
1643 2153 1953 2222 praelectum
1993 2157 2198 2226 reperit
2215 2157 2256 2210 ί.
2281 2157 2451 2224 Quem

877 2251 1000 2290 cum
1043 2238 1170 2293 inde.
1204 2243 1474 2313 expellere
1516 2247 1910 2312 constituisset,
1957 2248 2026 2303 ab
2077 2249 2319 2320 incaaplo
2354 2250 2451 2306 dc-

879 2328 1071 2384 sistere
1095 2331 1260 2402 238
1294 2344 1515 2391 coactus
1558 2346 1660 2392 est.
1698 2335 1832 2392 Nam
1855 2339 2015 2393 simul
2057 2349 2219 2410 atque
2259 2342 2310 2396 id
2361 2357 2454 2413 ag-

879 2435 1102 2490 gressus
1154 2424 1385 2488 l'uisset,
1448 2429 1752 2497 insequenti
1817 2439 1978 2485 nocte
2037 2447 2174 2486 uxor
2222 2436 2342 2500 ejus
2395 2434 2451 2489 in

877 2515 1083 2570 somnis
1128 2518 1415 2573 terret-aeta
1463 2519 1680 2588 dicitur,
1733 2530 1786 2577 et
1833 2521 2050 2580 Galates
2105 2525 2249 2581 ﬁlius
2289 2542 2450 2597 quem

879 2604 1102 2660 unicum
1146 2606 1400 2675 habebat,
1444 2611 1726 2680 repentina
1759 2620 1931 2668 morte
1965 2623 2284 2687 praereptus.
2319 2616 2450 2673 Om-

878 2713 1087 2768 nesque
1131 2701 1206 2754 ita
1265 2711 1638 2768 censuerunt,
1696 2703 1862 2760 Deum
1907 2707 2260 2763 ulciscentem
2318 2708 2454 2766 insi-

878 2789 997 2844 dias
1045 2807 1166 2861 quze
1208 2793 1471 2850 adversus
1518 2795 1777 2851 Basilium
1829 2807 2052 2854 structa:
2104 2810 2319 2866 essent,
2382 2802 2450 2856 ad

877 2884 1182 2954 puniendos
1215 2895 1490 2954 parentes,
1527 2887 1697 2942 ﬁlium
1737 2905 1767 2944 e
1790 2890 1968 2945 medio
1992 2893 2300 2949 sustulisse.
2331 2896 2452 2966 Ipse

878 2974 1041 3038 etiam
1095 2973 1298 3032 Valens
1350 2977 1424 3032 ita
1482 2977 1771 3049 judicavit.
1826 2981 1988 3039 Certe
2035 2994 2254 3041 mortuo
2299 2986 2450 3054 ﬁlio,

881 3068 1088 3123 nullam
1135 3071 1371 3141 amplius
1414 3073 1722 3128 molestiam
1756 3075 2005 3131 exhibuit
2049 3076 2275 3134 Basilio.
2309 3080 2446 3134 Dum

2544 645 2606 698 τὸ
2631 647 2758 717 περὶ
2806 648 3062 701 Εὑσέϐιον
3117 648 3212 702 τοῦ
3251 649 3385 703 λαοῦ
3429 653 3610 720 μῖσος.
3654 651 3856 722 Ἀπέϐη
3889 651 4129 722 δὲπαρὰ

2545 737 2772 808 γνώμην
2802 738 3005 802 αὐτοῖς.
3043 741 3194 811 ’Δμα
3247 740 3357 813 γὰρ
3386 742 3728 811 ἠγγέλθησαν
3752 743 3845 795 ἐπὶ
3879 745 4131 796 Καππα-

2543 826 2730 882 δοκίαν
2772 828 3037 894 ἐλαύνειν,
3079 831 3394 884 καταλιπὼν
3425 833 3520 885 τὸν
3564 832 3765 886 Πόντον
3817 832 4126 895 Βασίλειος,

2545 917 2827 990 ἐθελοντὴς
2849 921 2932 984 είς
2957 923 3290 993 Καισάρειαν
3313 918 3416 993 ἦκε
3443 935 3488 979 ³.
3506 925 3615 978 Καὶ
3635 924 3879 995 Εὑσεϐίῳ
3895 925 4133 978 σπεισάο

2549 1025 2729 1077 μενος.
2777 1009 2966 1076 εὔνους
3009 1007 3077 1084 ἦν
3101 1028 3113 1042 ·
3157 1013 3304 1084 τῇδὲ
3338 1014 3630 1086 Ἐκκλησία
3665 1017 3746 1079 είς
3787 1016 3977 1088 καιρὸν
4007 1019 4132 1077 τοῖς

2545 1099 2722 1168 λόγοις
2747 1103 3046 1174 ἐπήμυνεν.
3077 1104 3135 1159 '0
3167 1105 3224 1158 δὲ
3249 1106 3463 1178 Οὐάλης
3499 1105 3786 1178 ἀποτυχὼν
3823 1108 3920 1177 τῆς
3953 1124 4130 1160 cmu-

2545 1191 2662 1262 δῆς.
2692 1192 2970 1265 ἄπρακτος
3003 1196 3120 1266 ἅμα
3147 1200 3260 1260 τοῖς
3280 1199 3377 1252 σὺν
3396 1197 3544 1269 αὐτῷ
3564 1199 3880 1262 ἐπισκόποις
3903 1195 4134 1268 ἀπεχώ-

2549 1300 2682 1355 ρησε
2708 1285 2854 1339 τότε.

3136 1590 3390 1645 ΚΕΦΑΛ.
3422 1592 3542 1659 ις’.

2543 1726 2656 1792 Ὧς
2679 1725 2830 1794 μετὰ
2883 1726 3180 1780 Εὑσέὅιον
3217 1727 3513 1792 Βασίλεος
3557 1726 3673 1794 τὴν
3704 1727 4138 1782 Καππαδοκῶν

2616 1795 2917 1878 ἐπετράπη
2937 1796 3072 1878 ,χαί
3091 1797 3222 1865 περί
3246 1796 3354 1866 τῆς
3391 1797 3541 1866 πρὸς
3563 1797 3872 1851 Οὐάλεντα
3898 1801 4138 1866 anim-

2473 1887 2518 1948 Β
2619 1867 2760 1932 σίας
2796 1867 3003 1920 αὐτοῦ·
3037 1905 3052 1920 .

2621 1975 2777 2031 Μετὰ
2825 1976 3015 2048 χρόνον
3077 1976 3134 2030 δέ
3175 1977 3336 2031 πάλιν
3384 1977 3465 2041 είς
3496 1977 3892 2032 Καππαδοκίαν
3931 1978 4132 2042 ἐλθὼν,

2551 2065 2959 2137 καταλαμϐάνει
2980 2065 3260 2120 Βασίλειον
3277 2066 3377 2130 τὰς
3401 2067 3527 2137 τῇδε
3554 2065 3878 2138 Ἑκκλησίας
3901 2070 4136 2137 ἐπιτρα-

2551 2160 2721 2213 πέντα
2746 2158 2886 2230 μετὰ
2919 2159 3017 2231 τὴν
3059 2158 3320 2212 Εὑσεϐίου
3370 2159 3652 2230 τελευτήν.
3686 2159 4135 2227 Βουλευσάμενος

2549 2251 2606 2305 δὲ
2622 2251 2781 2305 αὑτὸν
2802 2249 3052 2316 ἐξελάσαι
3075 2251 3119 2310 ί.
3142 2250 3242 2320 οὐχ
3262 2249 3401 2303 ἑκὼν
3417 2249 3685 2321 ἀπέσχετο
3703 2248 3804 2318 τῆς
3814 2247 4131 2316 ἐπιϐουλῆς.

2553 2343 2702 2413 Ἅμα
2753 2341 2862 2412 γὰρ
2909 2343 2976 2414 τῇ
3035 2342 3374 2414 ἐπιχειρήσει
3434 2340 3653 2409 λέγεται
3703 2339 3804 2410 τῆς
3856 2339 4138 2410 ἐχομένης

2550 2433 2758 2497 νυκτὸς,
2796 2433 2895 2502 τὴν
2918 2430 3082 2485 αὐτοῦ
3111 2430 3356 2503 γαμετὴν
3400 2432 3717 2503 περιπεσεῖν
3755 2429 3995 2499 δείμασι,
4031 2427 4138 2482 καὶ

2548 2523 2795 2593 Γαλάτην
2827 2522 2918 2576 τὸν
2942 2521 3056 2576 υίδν
3085 2521 3144 2575 ὃν
3169 2522 3329 2593 μόνον
3361 2516 3494 2592 εἶχε,
3521 2521 3716 2592 ταχείᾳ
3747 2520 3887 2591 νόσῳ
3917 2518 4134 2573 ἀποϐα-

2549 2619 2677 2670 νεῖν.
2727 2615 2932 2668 Ἐδὸκει
2958 2615 3016 2668 δὲ
3045 2616 3202 2676 πᾶσι,
3253 2614 3499 2686 τιμωρὸν
3545 2613 3837 2684 γενόμενον
3874 2611 3963 2665 τὸν
3990 2611 4134 2666 Θεὸν

2548 2709 2658 2763 τῶν
2683 2709 2824 2763 κατὰ
2856 2707 3136 2763 Βασιλείου
3168 2706 3626 2778 βεϐουλευμένων,
3647 2705 3738 2758 ἐπὶ
3751 2704 3991 2758 κακώσει
4019 2703 4137 2756 τῶν

2550 2801 2874 2865 τεκνόντων,
2901 2799 3165 2854 ἀπολέσαι
3185 2799 3278 2853 τὸν
3295 2798 3483 2852 παῖδα.
3503 2797 3690 2852 Ταῦτα
3713 2797 3770 2850 δέ
3795 2797 3891 2850 καὶ
3912 2795 4135 2864 Οὐάλης

2549 2890 2948 2961 ὑπελάμϐανεν.
2988 2889 3202 2960 Ἀμέλει
3257 2887 3616 2950 ἀποθανόντος
3667 2886 3765 2957 μὲν
3805 2883 3900 2938 τοῦ
3952 2885 4130 2947 υἱέος,

2547 2982 2730 3037 οὐκέτι
2751 2981 2912 3034 αὐτὸν
2937 2978 3269 3050 ἠνώχλησεν.
3305 2977 3395 3031 Ἐν
3421 2970 3467 3044 ᾧ
3491 2975 3547 3029 δέ
3568 2975 3784 3046 περιῆν,
3816 2973 3910 3027 καὶ
3934 2973 4134 3033 κακῶς

2549 3075 2689 3147 ἔχων
2715 3073 2904 3144 ἔμελλε
2920 3059 3195 3142 τελευτᾷν,
3219 3071 3474 3140 πέπομφε
3491 3066 3629 3140 πρὸς
3647 3067 3807 3121 αὑτὸν
3832 3064 4136 3120 ἀντιϐολῶν

880 3169 1060 3215 autem
1118 3173 1452 3232 superesset,
1513 3173 1565 3220 et
1625 3167 1818 3222 morbo
1879 3183 2177 3239 oppressus
2217 3170 2446 3242 jamjam
2483 3231 2518 3242 _
2551 3168 2638 3222 ὐπὲ

2377 3186 2446 3226 Im
2483 3231 2518 3242 _
2551 3168 2690 3239 ὑπὲρ
2719 3164 2885 3220 αὐτοῦ
2909 3163 3006 3218 τοῦ
3038 3163 3340 3234 κάμνοντος
3372 3158 3652 3224 εὔξασθαι.
3684 3157 3749 3210 Ἀ
3761 3175 3837 3228 μα
3877 3157 3987 3228 γὰρ
4021 3157 4135 3224 ἀφ-

881 3231 1201 3312 moriturus
1223 3258 1560 3324 crederetur,
1615 3261 1766 3317 misit
1809 3262 1875 3317 ad
1917 3231 2449 3335 B-asiliilm.'rogvans
2476 3231 2518 3289 C
2554 3261 2639 3314 5x8

2377 3281 2449 3322 ins
2476 3231 2518 3289 Ο
2554 3231 2698 3314 εκετο
2723 3260 2803 3322 είς
2817 3231 3174 3328 Καισάρειαν,
3199 3252 3705 3326 μετακαλεσάμενος
3725 3253 3755 3304 ὁ
3774 3249 4020 3321 ὕπαρχος
4039 3248 4135 3302 τὸν

881 3350 1047 3414 atque
1083 3345 1368 3404 obtestans
1404 3355 1462 3404 ut
1485 3364 1584 3420 pro
1629 3359 1837 3422 aegroto
1881 3351 2049 3407 Deum
2089 3355 2302 3423 precari
2337 3356 2450 3410 velo

881 3433 977 3491 let.
1014 3434 1152 3491 Cum
1202 3439 1344 3493 enim
1383 3441 1623 3496 venisset
1663 3442 1990 3508 Caesaream,
2035 3445 2218 3499 statim
2257 3446 2450 3516 praele-

881 3533 1006 3582 ctus
1039 3531 1295 3597 praetorio
1336 3528 1620 3588 evocatum
1651 3534 1717 3588 ad
1763 3550 1823 3591 se
1867 3535 2153 3602 Basilium,
2203 3539 2447 3594 eamdem

882 3632 1008 3673 cum
1062 3621 1309 3692 principe
1370 3622 1493 3682 ﬁdei
1571 3625 1879 3682 doctrinam
1938 3629 2193 3699 amplecti
2245 3630 2447 3700 jussit;

880 3716 1112 3766 mortem
1157 3713 1397 3770 minatus
1428 3715 1534 3771 nisi
1580 3718 2003 3790 obtemperaret.
2057 3719 2293 3779 Basilius
2322 3739 2450 3780 vero

881 3803 1232 3872 respondisse
1285 3804 1492 3873 fertur,
1556 3825 1750 3880 magno
1794 3812 1848 3867 id
1902 3813 2005 3869 sibi
2061 3815 2219 3870 lucro
2289 3817 2446 3881 fore,

883 3906 1050 3962 seque
1075 3893 1315 3964 iugentia
1348 3897 1694 3968 largiturum,
1732 3909 1790 3954 ut
1815 3917 1978 3970 quam
2013 3903 2283 3959 citissime
2323 3920 2448 3960 cor-

881 3985 1032 4053 poris
1064 3985 1296 4042 vinculis
1334 3989 1682 4046 liberaretur.
1714 3992 1962 4063 Cumque
2007 3994 2299 4064 praefectus
2320 3997 2445 4065 jus-

882 4073 1070 4140 sisset,
1127 4084 1186 4130 ut
1235 4092 1301 4132 eo
1342 4079 1431 4134 die
1483 4089 1537 4134 et
1574 4081 1882 4151 insequenti
1940 4093 2101 4140 nocte
2153 4087 2444 4142 consilium

881 4174 1120 4235 caperet,
1154 4182 1291 4223 neve
1325 4169 1732 4228 inconsiderate
1763 4173 1818 4229 in
1855 4185 2105 4245 apertum
2137 4188 2320 4232 rueret
2351 4195 2446 4248 pe.-

883 4256 1138 4320 riculum.
1171 4258 1265 4312 sed
1301 4269 1354 4312 ut
1380 4261 1641 4330 postridie
1669 4263 1905 4328 adesset,
1928 4281 2197 4336 suamque
2229 4277 2446 4323 senten-

881 4347 1013 4400 tiam
1038 4357 1315 4417 promeret
1342 4369 1354 4406 :
1390 4351 1517 4405 Mihi
1545 4369 1693 4415 vero,
1726 4355 1904 4425 inquit
1935 4357 2192 4422 Basilius,
2233 4359 2443 4416 delibe—

883 4439 1096 4493 ratione
1131 4454 1270 4509 opus
1311 4457 1418 4495 non
1466 4451 1583 4509 est,
1633 4445 1774 4500 idem
1804 4448 1949 4500 enim
1975 4449 2068 4519 qui
2115 4465 2260 4504 nunc
2300 4467 2442 4516 sum,

2550 3348 2848 3410 Βασίλειον,
2880 3345 3132 3399 ἐκέλευσε
3155 3345 3224 3398 τὰ
3247 3342 3519 3405 Βασιλέως
3537 3341 3772 3411 φρονεῖν.
3791 3338 4136 3393 Ἀπειθοῦντε

2548 3440 2628 3503 δέ,
2684 3437 2950 3509 ἠπείλησε
2995 3435 3243 3491 θάνατον.
3275 3435 3380 3488 Τὸν
3409 3433 3468 3487 δὲ
3516 3433 3701 3502 φάναι,
3743 3429 3939 3485 πολλοῦ
3976 3429 4136 3494 ἄξιον

2549 3530 2767 3583 ἔσεσθαι
2814 3527 2984 3598 αὐτῷ,
3035 3527 3131 3581 καὶ
3180 3525 3445 3597 μεγίστην
3497 3523 3689 3579 δώσειν
3743 3523 3924 3594 χάριν,
3958 3521 4037 3583 ώς
4072 3521 4136 3574 ἐν

2547 3624 2703 3695 τάχει
2723 3621 2832 3675 τῶν
2854 3619 3069 3692 δεσμῶν
3113 3619 3208 3672 τοῦ
3260 3616 3513 3688 σώματος
3549 3613 3930 3680 ἀπαλλάξειεν.
3973 3611 4134 3666 Ἐπεὶ

2546 3715 2606 3768 δὲ
2659 3714 2758 3786 τὴν
2793 3713 2914 3767 τότε
2964 3711 3177 3783 ἡμέραν
3201 3711 3294 3764 καὶ
3329 3708 3428 3780 τὴν
3458 3707 3585 3778 ἑξῆς
3620 3707 3792 3761 νύκτα
3839 3705 4135 3759 ἐκέλευσεν

2547 3807 2710 3861 αὑτὸν
2739 3807 2767 3858 ὁ
2793 3803 3035 3876 ὕπαρχος
3069 3801 3438 3873 βουλεύεσθαι,
3473 3800 3570 3854 καὶ
3603 3799 3678 3871 μὴ
3699 3797 4128 3870 ἀπερισκέπτως

2547 3903 2628 3964 είς
2649 3896 2930 3971 προῦπτον
2953 3895 3174 3951 ἁλέσθαι
3201 3893 3464 3960 κίνδυνον,
3493 3893 3573 3956 είς
3609 3891 3666 3945 δὲ
3698 3890 3796 3961 τὴν
3829 3888 4125 3960 ὑστεραίαν

2546 3994 2820 4064 παρεῖναι,
2845 3989 2939 4042 καὶ
2961 3987 3060 4058 τὴν
3091 3985 3285 4040 ἐαυτοῦ
3302 3983 3530 4056 γνώμην
3553 3983 3722 4054 δήλην
3739 3984 3934 4047 ποιεῖν,
3965 3980 4126 4051 Ἐμοὶ

2549 4080 2811 4153 μέν,ἐφη,
2842 4079 2902 4132 οὺ
2935 4079 3016 4130 δεῖ
3069 4076 3282 4147 βουλῆς.
3334 4074 3509 4138 Αὐτὸς
3536 4074 3646 4145 γὰρ
3691 4072 3885 4143 ἔσομαι
3932 4071 4026 4126 xal.
4056 4072 4122 4141 τῇ

2547 4173 2826 4244 ὑστεραίᾳ.
2861 4171 3081 4240 Κτίσμα
3114 4168 3222 4240 γὰρ
3263 4166 3360 4231 ὢν,
3387 4169 3487 4220 οὐκ
3521 4166 3783 4235 ἀνέξομαι
3820 4165 3914 4218 τὸν
3941 4165 4131 4234 ὅμοιον

2546 4265 2868 4335 προσκυνεῖν
2892 4262 2984 4315 κα¹ι
3008 4261 3138 4314 Θεὸν
3171 4260 3474 4332 ὁμολογεῖν,
3519 4259 3640 4312 οὐδὲ
3667 4257 3926 4320 κοινωνός
3951 4257 4034 4309 σοί
4064 4248 4123 4309 ἷξε

2545 4356 2638 4410 καὶ
2686 4354 2895 4426 βασιλεῖ
2938 4352 3036 4421 τῆς
3087 4350 3381 4423 θρησκείας
3433 4345 3595 4404 εἶναι.
3638 4348 3702 4402 Εἰ
3729 4349 3838 4419 γὰρ
3880 4347 3976 4400 καὶ
4000 4347 4126 4399 λίαν

2546 4449 2806 4519 ἐπίσημοι
2866 4443 3187 4516 τυγχάνετε,
3235 4442 3329 4496 καὶ
3373 4441 3474 4495 οὐκ
3526 4440 3715 4508 ὀλίγης
3760 4437 3978 4508 ἡγεῖσθε
4023 4439 4125 4505 τῆς

883 4544 1006 4582 cras
1045 4531 1206 4585 etiam
1232 4547 1360 4596 ero,
1392 4549 1514 4588 nam
1543 4551 1665 4591 eum
1702 4538 1817 4608 ipse
1846 4552 2095 4596 creatura
2138 4543 2264 4604 sim.
2300 4560 2444 4598 nun-
2475 4565 2520 4624 ι)
2545 4545 2641 4596 olm

2367 4561 2444 4598 ιη·
2475 4565 2520 4624 ι)
2545 4541 2866 4612 οἰκουμένης
2915 4539 3142 4607 μοίρας,
3183 4535 3244 4588 οὐ
3273 4532 3424 4605 παρὰ
3470 4532 3628 4624 τοῦτο
3665 4535 3778 4624 τοῖς
3814 4528 4125 4624 ἀνθρώποις

882 4636 1046 4686 quam
1113 4620 1307 4676 adduci
1359 4632 1550 4693 potero
1606 4635 1664 4681 ut
1719 4631 1823 4684 mei
1884 4631 2119 4687 similem
2186 4635 2444 4703 adorem,

881 4709 1162 4782 Deumque
1195 4715 1485 4780 conﬁtear,
1522 4727 1688 4789 utque
1734 4723 1979 4790 ejusdem
2011 4733 2186 4780 tecum
2229 4736 2283 4781 ct
2320 4743 2442 4781 cum

883 4803 1210 4872 imperatore
1241 4807 1426 4862 cultus
1456 4810 1728 4882 particeps
1757 4814 1880 4868 sim.
1915 4814 2027 4872 Etsi
2069 4817 2214 4872 enim
2251 4817 2442 4873 admo-

959 4979 973 5010 ‘
1004 4979 1157 5036 Socr.
1187 4983 1280 5039 lib.
1322 5000 1395 5046 ιν,
1423 4999 1471 5039 c.
1503 4984 1591 5040 ες.

2553 4632 2860 4707 χαριστέον.
2891 4628 3252 4698 Ὀλιγωρῆσαι
3280 4626 3446 4695 δέτῆς
3474 4627 3554 4686 εἰς
3581 4623 3642 4676 τὸ
3669 4623 3825 4677 Θεῖον
3861 4622 4121 4682 πίστεως,

2553 4727 2618 4796 ῆν
2646 4723 2745 4777 οὐκ
2773 4723 2838 4776 ἄν
2859 4738 2989 4774 ποτε
3021 4719 3295 4789 προδοίην,
3323 4715 3446 4769 οὔτε
3473 4715 3733 4786 δήμευσιν
3762 4712 3968 4774 οὐσίας.
3993 4709 4124 4762 οὔτε

2551 4814 2844 4886 ὑπερορίαν
2883 4813 3082 4883 φυγὴν,
3108 4808 3228 4863 οὒτε
3254 4808 3480 4862 θάνατον
3497 4802 3931 4866 καταδικασθείς.
3969 4802 4125 4855 Ἐπεὶ

1998 5134 2363 5191 VARIORUM
2407 5134 2957 5192 ANNOTATIONES.

1036 5293 1352 5359 Βασίλειος
1399 5294 1489 5356 εἰς
1551 5290 1910 5361 Καισάρειαν
1946 5287 2074 5361 ἧκε.
2125 5290 2250 5348 Haec
2295 5309 2440 5348 anno

880 5360 984 5414 570
1013 5371 1134 5415 acta
1169 5378 1291 5418 esse
1312 5370 1418 5433 ,κει
1451 5362 1706 5415 Βειεὶιὶυηι
1739 5360 1870 5416 tunc
1909 5360 2171 5433 temporis
2211 5366 2440 5433 presby-

881 5433 1058 5484 terum
1097 5441 1306 5486 tantum
1338 5432 1530 5497 fuisse,
1563 5443 1754 5486 contra
1786 5433 2076 5487 Baronium
2108 5432 2267 5487 docet
2309 5432 2437 5486 Aut.

884 5500 1037 5562 Peri,
1069 5501 1134 5555 ad
1167 5518 1296 5556 ann.
1326 5503 1452 5559 570.
1480 5519 1534 5555 η.
1563 5502 1652 5557 19.
1687 5502 1798 5557 lloc
1826 5510 2004 5557 autem
2039 5516 2183 5556 anno
2210 5503 2442 5556 moritur

886 5571 1185 5643 illusebius,
1214 5589 1372 5642 eique
1407 5574 1459 5626 in
1492 5573 1809 5643 episc0patu
1844 5573 2168 5643 Caesariensi
2197 5573 2443 5630 succedit

883 5639 1162 5700 Basilius:
1211 5639 1303 5711 qui
1338 5639 1623 5712 postquam
1679 5639 1853 5697 annos
1901 5650 2027 5695 ucto
2070 5641 2123 5695 in
2183 5643 2272 5695 illa
2311 5643 2442 5697 sede

883 5717 1453 5782 egerattnonumque
1493 5713 1840 5768 inchoaverat
1869 5751 1885 5773 ,
1918 5713 2303 5766 mortalitatem
2353 5728 2444 5766 ex-

883 5782 1047 5904 rlevit
1088 5781 1655 5869 Kalendis’ganuariis
1696 5783 1821 5836 anni
1871 5781 2007 5841 580.
2043 5782 2238 5862 .inquit
2296 5782 2437 5835 idem

911 5855 1081 5904 'amus
1119 5853 1184 5904 ad
1219 5867 1342 5904 ann.
1379 5853 1481 5904 .370
1513 5862 1566 5904 et
1598 5852 1722 5904 078.
1753 5859 1942 5904 contra
1988 5852 2216 5904 aliorum
2258 5853 2437 5904 calcu-

911 5850 1081 5918 'agius
1119 5853 1184 5906 ad
1219 5867 1342 5906 ann.
1378 5853 1481 5907 570
1513 5862 1566 5908 et
1598 5852 1722 5916 578,
1753 5859 1942 5907 contra
1988 5850 2216 5906 aliorum
2258 5853 2440 5906 calcu—

2542 5292 2656 5346 lum
2689 5293 2743 5346 in
2770 5301 2884 5348 not.
2919 5307 3033 5346 var.
3068 5291 3134 5347 ad
3168 5291 3348 5355 Socr.,
3383 5293 3479 5346 lib.
3508 5307 3579 5352 Iv,
3616 5307 3737 5362 cap.
3773 5290 3864 5362 26.

2615 5367 2632 5384 ‘
2670 5363 3098 5427 Βασίλιος....
3152 5365 3494 5430 παρῤισίας.
3551 5362 3642 5415 Sic
3683 5360 3771 5416 ed.
3821 5361 3998 5416 Paris.
4049 5360 4122 5415 Et

2544 5447 2677 5487 sane
2707 5430 2961 5504 Valesius
2995 5433 3096 5504 hos
3135 5433 3326 5504 titulos
3364 5441 3424 5486 ut
3459 5431 3682 5504 putidos
3723 5441 3778 5485 et
3811 5432 4113 5488 mendosos

2543 5517 2773 5572 prorsus
2812 5502 3118 5572 neglexisse
3149 5503 3382 5572 videtur.

2618 5571 2638 5608 ⁸
2681 5570 3182 5640 Βουλεῃσάμενος
3242 5571 3311 5625 δὲ
3357 5571 3543 5624 αὐτὸν
3594 5569 3905 5634 ἐξελάσαι.
3957 5573 4120 5626 Hunc

2545 5642 2848 5696 secundum
2880 5639 3125 5710 Valentis
3171 5642 3226 5696 in
3261 5641 3320 5695 S.
3356 5641 3618 5697 Basilium
3654 5643 3912 5710 impetum
3945 5640 4118 5697 Theo-

2546 5711 2756 5780 phanes
2779 5711 2833 5764 in
2863 5709 3144 5782 Chronico,
3169 5711 3336 5782 refert
3379 5727 3524 5782 anno
3561 5709 3767 5765 Christi
3796 5712 4118 5782 justaAle—

2547 5783 2849 5853 xandrinos
2889 5781 3014 5853 568,
3055 5781 3147 5853 qui
3193 5781 3454 5838 Kalendis
3479 5780 3816 5853 Septembris
3842 5781 3970 5837 anni
4008 5781 4119 5838 375

2546 5867 2667 5907 aera:
2701 5852 2934 5922 vulgaris
2965 5852 3179 5922 incipit.
