4452 6598
361 417 398 492 ἰ
409 437 514 494 333

1313 429 1633 487 HISTORIA
1674 424 2220 486 ECCLESIASTICA.
2263 462 2331 469 —
2370 431 2497 485 LIB.
2545 432 2629 485 VI.

3460 434 3597 489 ιδδι

373 556 573 610 τούτων
589 556 735 609 οὐδέν
755 574 821 627 με
839 557 992 627 ἀνιᾷν
1020 556 1328 627 δυνήσεται.
1345 556 1472 624 Είγε
1497 554 1685 607 οὑσίαν
1708 551 1804 622 μὲν
1822 551 1931 621 (ὃῖ)
1962 557 2006 613 Α
2037 552 2131 606 dttt

1834 551 1931 621 ΒΞ)
1962 557 2006 613 Α
2037 552 2165 606 dum
2203 552 2503 621 conspicui,
2551 568 2651 606 nec
2696 551 2923 606 modicae
2962 551 3109 606 orbis
3147 560 3418 606 terrarum
3456 552 3592 619 parti

372 651 471 702 οὑκ
498 648 625 719 ἔχω,
657 650 822 720 ρᾶκός
844 650 1015 704 τεκαὶ
1040 649 1215 720 βιβλία
1242 647 1415 716 ὀλίγα.
1441 647 1586 701 Οίκῶ
1610 646 1665 699 δὲ
1693 646 1790 717 τὴν
1806 645 1929 715 γῆν,

372 740 447 802 ὼς
480 740 567 792 ἀεὶ
593 739 923 809 παροδεύων.
954 740 1123 811 Σῶμα
1148 739 1207 793 δὲ
1234 740 1300 793 δι’
1332 737 1637 801 ἀσθένειαν,
1672 737 1809 807 μετὰ
1836 738 1933 809 τὴν

373 830 595 903 πρώτην
646 830 878 899 πληγὴν,
912 830 1216 901 αἰσθήσεως
1252 831 1347 883 καὶ
1394 829 1640 899 βασάνων
1665 832 1931 899 κρεῖττον.

374 922 609 974 Τοιαῦτα
634 922 912 975 Βασιλείω
954 922 1489 992 παρρησιασαμένου,
1534 920 1818 990 θαυμάσας
1840 920 1931 973 τοῦ

373 1000 565 1080 ἀνδρὸς
610 1010 709 1080 τὴν
736 1011 939 1082 ἀρετὴν
970 1013 999 1064 ὁ
1020 1011 1263 1080 ὕπαρχος
1291 1011 1577 1081 ἀνήγγειλε
1604 1010 1682 1080 τῷ
1706 1009 1931 1079 βασιλεῖ.

386 1082 453 1153 Ὀ.
467 1101 539 1161 δὲ,
569 1102 986 1170 ἐπιτελουμένης
1004 1102 1103 1170 τῆς
1125 1101 1233 1155 τῶν
1256 1101 1562 1170 Θεοφανίων
1594 1102 1804 1171 ἑορτῆς,
1837 1101 1933 1153 σὺν

375 1194 485 1254 τοῖς
514 1193 737 1261 ἄρχουσι
759 1193 851 1245 καὶ
876 1193 1188 1264 δορυφόροις
1215 1194 1293 1254 είς
1322 1193 1421 1263 τὴν
1442 1192 1733 1262 ἐκκλησίαν
1758 1209 1931 1261 παρα-

380 1284 683 1352 γενόμενος.
718 1283 869 1353 δῶρά
901 1301 957 1336 τε
989 1287 1052 1354 τῇ
1101 1286 1221 1357 ἱερᾷ
1254 1283 1500 1355 τραπέζῃ
1541 1286 1931 1355 προσήνεγκεν,

375 1371 469 1423 καὶ
500 1374 576 1435 εἰς
631 1372 819 1440 λόγους
864 1372 1008 1443 αὑτῷ
1033 1369 1184 1445 ἦλθε,
1231 1375 1325 1427 καὶ
1352 1375 1542 1443 σοφίας
1584 1375 1677 1427 καὶ
1700 1374 1792 1427 τοῦ
1808 1376 1937 1444 περὶ

376 1462 437 1513 τὸ
470 1461 714 1530 ἱερᾶσθαι
738 1468 832 1515 και
852 1463 1229 1533 ἐκκλησιάζειν
1258 1464 1460 1533 κόσμου
1489 1480 1546 1516 τε
1564 1464 1655 1516 καὶ
1685 1462 1937 1527 εὐταξίας

375 1552 658 1621 ἐπῄνεσεν.
699 1553 947 1621 Ἐκράτει
969 1553 1023 1607 δὲ
1067 1555 1215 1623 ὅμως
1264 1555 1364 1607 οὑκ
1387 1556 1466 1617 είς
1492 1554 1705 1624 μακρὰν
1728 1556 1793 1606 ὲκ
1820 1554 1935 1606 δια-

378 1642 538 1710 ϐολῆς
567 1642 674 1695 τῶν
706 1643 980 1708 ἐναντίων,
1024 1643 1318 1713 ὑπερορίαν
1366 1643 1526 1694 αὑτὸν
1552 1642 1737 1696 οἰκεῖν.
1772 1643 1879 1695 Καὶ
1902 1643 1935 1711 ἡ

376 1730 473 1794 νὺξ
496 1731 698 1800 παρῆν,
722 1731 843 1784 καθ’
873 1731 939 1800 ἢν
972 1730 1146 1782 ἐδόκει
1168 1729 1323 1782 τοῦτο
1361 1729 1605 1797 γίνεσθαι
1632 1744 1645 1757 ·
1680 1726 1936 1797 ἐξαπίνης

374 1823 432 1874 δὲ
454 1822 683 1893 πυρετὸς
700 1820 971 1874 ἐπιλαϐὼν
987 1821 1078 1874 τοῦ
1100 1821 1359 1890 βασιλέως
1371 1821 1462 1872 τὸν
1477 1819 1610 1881 υἱὸν,
1633 1820 1712 1880 εἰς
1733 1817 1798 1870 ἁθ
1808 1817 1935 1888 ρόαν

376 1914 470 1965 καὶ
503 1912 774 1982 σφαλερὰν
794 1912 946 1963 νόσον
978 1911 1265 1965 κατέϐαλε.
1285 1912 1392 1963 Καὶ
1428 1912 1456 1962 ὁ
1478 1908 1657 1978 πατὴρ
1679 1908 1821 1960 κατὰ
1840 1907 1932 1960 τοῦ
1966 1906 2005 1960 B

376 2003 950 2074 éaégooug‘éppi‘tttsto,
1008 2001 1087 2053 ἔτι
1138 2000 1314 2063 ζῶντα
1356 2000 1447 2053 τὸν
1500 2000 1661 2053 παῖδα
1685 1997 1929 2050 πενθῶνσ

374 2070 745 2165 ἀμηχανῶν-δε
768 2095 862 2148 καὶ
890 2092 1221 2162 πανταχόθεν
1256 2093 1393 2153 σῶον
1426 2093 1585 2149 αὑτὸν
1618 2090 1934 2154 σπουδάζων

375 2187 536 2255 ἔχειν,
571 2187 984 2255 ἐπιτρέπειτοῖς
1005 2185 1220 2248 οίκείοις
1262 2183 1727 2254 μετακαλέσασθαι
1773 2181 1936 2239 Βασί-

374 2278 517 2330 λειον
584 2279 663 2341 είς
716 2278 1001 2347 ἐπίσκεψιν
1054 2276 1147 2330 τοῦ
1205 2277 1490 2347 κειμένου·
1537 2276 1760 2346 ἔναγχος
1827 2273 1935 2344 γάρ

376 2370 707 2442 ὑϐρισμένῳ,
737 2372 914 2441 ᾐδεῖτο
946 2370 1105 2433 αὑτὸς
1137 2371 1261 2440 περὶ
1289 2369 1473 2423 τούτου
1503 2370 1761 2423 κελεύειν.
1786 2370 1935 2438 ’Ἅμα

374 2460 429 2512 δὲ
456 2460 661 2531 παρῆν,
693 2461 786 2515 καὶ
851 2461 879 2512 ὁ
916 2463 1044 2523 παῖς
1070 2461 1196 2530 ῥᾷον
1224 2460 1395 2528 ἔσχεν,
1447 2460 1522 2521 ὡς
1560 2458 1784 2521 πολλοὺς
1814 2460 1935 2511 τότε

377 2552 767 2623 ἰσχυρίζεσθαι.
808 2550 881 2615 ὡς
901 2552 999 2605 οὑκ
1033 2551 1099 2603 ἂν
1127 2550 1409 2611 ἀπολώλει,
1452 2553 1499 2602 εί
1529 2551 1601 2621 μὴ
1638 2551 1731 2603 καὶ
1756 2553 1937 2622 ἑτερο-

374 2643 553 2707 δόξους
571 2644 685 2713 ἅμα
709 2643 967 2712 Βασιλείῳ
996 2643 1347 2696 συνεκάλεσεν
1373 2684 1385 2705 ,
1433 2642 1572 2713 ὑπὲρ
1615 2642 1709 2695 τοῦ
1752 2646 1938 2708 παιδὸς

375 2734 713 2803 εὑξομένους.
734 2736 900 2804 Λόγος
924 2734 979 2787 δὲ
1002 2736 1095 2789 καὶ
1120 2736 1207 2789 τὸν
1224 2736 1462 2805 ὕπαρχον
1485 2735 1622 2806 νόσῳ
1642 2736 1758 2788 τότε
1782 2753 1934 2808 περια

376 2829 557 2880 πεσεῖν
582 2842 594 2855 ⁵
650 2827 1026 2882 ἀντιϐολοῦντα
1074 2828 1131 2881 δὲ
1174 2830 1269 2881 καὶ
1301 2825 1727 2898 παραιτούμενον
1773 2828 1933 2880 αὑτὸν

378 2917 506 2983 ὑγιᾶ
534 2916 801 2982 γενέσθαι.
848 2918 1005 2973 Ἀλλά
1038 2919 1207 2974 ταῦτα
1255 2917 1351 2992 μὲν
1395 2920 1455 2974 οὑ
1488 2918 1772 2990 θαυμαστὰ
1806 2918 1934 2984 ἴσως

378 3008 575 3072 δόξειεν
616 3010 707 3061 ἐπὶ
737 3010 997 3084 Βασιλείῳ
1037 3012 1399 3083 σκοπούμενα,
1435 3011 1589 3083 ἀνδρὶ
1630 3012 1903 3083 φιλοσοφω

376 3102 520 3170 ταιτρ
540 3118 598 3153 τε
629 3103 719 3155 καὶ
750 3103 924 3171 λόγοις
949 3104 1243 3176 ὑπερφυῶς
1265 3104 1694 3173 εὐδοκιμήσαντι.

2034 643 2340 712 imperatis,
2384 659 2493 698 non
2534 644 2882 699 ideo.tamen
2932 644 3246 700 horninibus
3296 642 3601 714 gratificari

2032 734 2209 794 decet.
2261 734 2419 789 fidem
2470 751 2599 790 vero
2632 737 2687 790 in
2720 735 2887 790 Deum
2933 738 3208 808 negligere
3252 750 3454 806 :quam
3494 752 3597 802 ego

2032 824 2251 894 quidem
2309 841 2585 895 nunquam
2632 826 2998 896 prodiderim,
3051 843 3155 882 nec
3218 828 3265 881 si
3328 828 3603 881 bonorum-

2034 916 2460 985 proscriptione,
2505 927 2600 970 aut
2648 919 2865 981 exsilio,
2920 926 3015 973 aut
3057 918 3275 988 capitali
3327 917 3601 972 sententia

2032 1006 2321 1061 damnatus
2360 1009 2535 1063 fuero.
2566 1008 2707 1062 Nihil
2746 1012 2891 1064 enim
2920 1011 3114 1064 borum
3146 1024 3229 1062 me
3259 1008 3451 1061 dolore
3483 1006 3597 1058 alli—

2033 1114 2160 1153 cere
2191 1100 2413 1167 poterit.
2456 1098 2590 1153 Nam
2638 1115 2769 1169 opes
2800 1101 3016 1164 quidem
3058 1100 3239 1153 nullas
3272 1098 3464 1157 habeo,
3499 1096 3593 1149 sed

2035 1191 2258 1259 pallium
2290 1190 2557 1245 duntaxat
2590 1200 2644 1245 et
2674 1207 2878 1261 paucos
2911 1191 3097 1245 libros.
3132 1192 3189 1243 In
3218 1193 3379 1245 terris
3410 1197 3605 1241 autem.

2034 1280 2108 1334 ita
2182 1282 2357 1349 dego,
2420 1282 2575 1351 quasi
2631 1284 2975 1352 peregrinus.
3028 1282 3245 1351 Corpus
3304 1295 3433 1334 vero
3486 1293 3600 1346 prae

2017 1370 2427 1437 imbecillitate,
2459 1380 2580 1441 post
2608 1373 2837 1442 primam
2870 1373 3130 1428 inflictam
3165 1372 3399 1441 plagam.
3430 1383 3594 1423 sensu

2035 1465 2242 1519 doloris
2299 1472 2353 1518 et
2409 1466 2749 1519 cruciatibus
2785 1468 3037 1534 superius
3095 1466 3221 1519 erit.
3283 1463 3415 1530 Quae
3470 1475 3593 1513 cum

2034 1553 2203 1607 libere
2252 1554 2485 1609 dixisset
2538 1554 2794 1620 Basilius,
2844 1554 3132 1624 praefectus
3177 1554 3434 1607 virtutem
3490 1549 3592 1602 viri

2035 1646 2372 1711 admiratus,
2419 1662 2532 1700 rem
2571 1646 2883 1715 imperatori
2936 1646 3229 1700 nuntiavit.
3286 1644 3410 1707 ille,
3470 1656 3604 1695 cum

2034 1734 2209 1791 festus
2266 1737 2743 1806 Tiieopbaniorum
2797 1737 2915 1792 dies
2968 1748 3239 1807 ageretur,
3300 1750 3406 1789 una
3464 1746 3590 1798 cum

2035 1828 2329 1883 comitibus
2368 1830 2484 1882 suis
2518 1828 3007 1898 cst-protectoribus
3046 1828 3113 1880 ad
3153 1826 3439 1881 ecclesiam
3471 1836 3603 1893 pro-.

2035 1920 2325 1974 cessitzet
2379 1919 2696 1973 muneribus
2740 1918 2854 1972 suis
2911 1918 2976 1972 ad
3039 1919 3213 1972 altare
3263 1915 3492 1977 oblatis,
3543 1915 3595 1964 in

2034 2011 2366 2079 colloquium
2417 2011 2562 2064 venit
2616 2025 2739 2063 cum
2787 2009 3007 2073 Basilio,
3057 2023 3293 2077 eumque
3350 2016 3466 2059 tum
3528 2006 3611 2057 ob

2036 2102 2404 2172 prudentiam,
2434 2110 2545 2154 tum
2586 2101 2656 2154 ob
2677 2100 2925 2155 decorem
2958 2109 3120 2169 atque
3144 2099 3463 2169 gravitatem
3491 2110 3597 2164 qua

2035 2193 2326 2248 sacerdotii
2384 2208 2582 2247 munus
2629 2193 2834 2256 obibat,
2897 2200 2952 2246 et
3005 2198 3307 2246 conventus
3370 2186 3584 2256 agebat,

2036 2298 2362 2352 magnOpere
2398 2284 2667 2352 suspexit.
2697 2282 2862 2336 Paulo
2897 2289 3019 2351 post
3046 2289 3226 2335 tamen
3252 2276 3598 2333 adversario-

2036 2390 2156 2428 rum
2190 2375 2480 2430 calumniis
2503 2375 2753 2428 eﬂ'ectum
2791 2383 2895 2437 est,
2928 2383 2986 2426 ttt
3036 2374 3089 2426 in
3118 2371 3372 2427 exsilium
3408 2369 3596 2421 mittes

2036 2474 2207 2521 retur.
2268 2466 2498 2537 Jamque
2555 2466 2743 2521 aderat
2796 2481 2901 2520 nox
2941 2481 3045 2536 qua
3103 2467 3155 2520 id
3205 2462 3593 2535 perficiendum

2037 2558 2340 2611 videbat-ur.
2383 2558 2516 2611 Cum
2560 2568 2782 2628 repente
2824 2558 2992 2614 febris
3038 2554 3386 2625 imperatoris
3424 2552 3594 2606 filium

2036 2647 2363 2715 corripiens,
2395 2647 2623 2716 ancipiti
2658 2662 2721 2700 ac
2756 2648 3063 2716 periculoso
3089 2646 3281 2699 morbo
3307 2640 3595 2712 oppressit.

2041 2737 2197 2791 Pater
2238 2739 2357 2811 ipse
2395 2738 2545 2791 bumi
2601 2741 2940 2807 provolutus,
2979 2739 3147 2791 filium
3187 2737 3364 2791 adhuc
3404 2749 3597 2803 super-

2039 2830 2221 2885 stitem
2254 2830 2491 2898 lugebat.
2522 2831 2770 2899 Cumque
2805 2830 2872 2883 ad
2906 2830 3143 2899 inopiam
3188 2827 3401 2883 consilii
3440 2826 3598 2879 reda-

2038 2930 2161 2975 ctus
2183 2929 2349 2985 esset,
2374 2930 2428 2975 et
2449 2921 2701 2976 omnibus
2737 2920 2907 2975 modis
2930 2919 3257 2975 incolumem
3289 2916 3391 2972 sibi
3429 2916 3596 2970 tilium

2037 3014 2250 3068 restitui
2283 3013 2546 3076 studeret,
2573 3013 2821 3082 permisit
2846 3012 3227 3073 familiaribus,
3252 3021 3308 3063 ut
3338 3009 3596 3063 Basiliqu

2036 3110 2381 3159 accerserent
2420 3102 2487 3156 ad
2528 3102 2811 3158 visendum
2854 3117 3080 3172 aegrum.
3114 3101 3168 3154 ld
3210 3101 3353 3154 enim
3398 3100 3516 3167 ipse
3547 3098 3595 3151 ei

376 3192 634 3246 mandare
656 3208 762 3259 non
790 3193 1053 3261 audebat,
1076 3210 1236 3263 quem
1264 3193 1423 3261 paulo
1447 3204 1571 3257 ante
1600 3192 1931 3258 contumelia
1969 3191 2266 3248 aﬂ'ecisset.
2310 3190 2482 3245 Simul
2529 3199 2694 3258 atque
2761 3190 2933 3243 adfuit
2986 3188 3244 3248 Basilius,
3291 3202 3423 3255 puer
3490 3201 3603 3238 me-

382 3282 489 3334 iius
520 3281 716 3337 habere
745 3285 909 3353 cmpit
943 3301 957 3338 :
992 3285 1124 3339 adeo
1155 3284 1317 3354 239
1346 3290 1405 3337 ut
1474 3284 1630 3337 multi
1706 3283 2113 3348 afIirtnaverint,
2159 3298 2387 3353 puerum
2424 3285 2647 3337 omnino
2692 3282 3015 3336 moriturum
3090 3295 3196 3334 non
3238 3278 3428 3341 fuisse,
3496 3277 3601 3330 nisi

378 3392 485 3428 una
516 3391 638 3429 cum
661 3376 858 3432 Basilio
882 3378 1167 3433 haereticos
1188 3381 1347 3434 etiam
1378 3379 1697 3433 advocasset
1749 3377 1970 3443 Valens,
2044 3379 2136 3449 qui
2192 3393 2293 3448 pro
2351 3377 2463 3431 filio
2521 3384 2897 3448 precarentur.
2953 3374 3260 3440 Quinetiam
3320 3370 3621 3441 praefectus.

378 3469 568 3520 eodem
601 3474 844 3536 tempore
879 3470 933 3523 in
964 3471 1214 3525 morbum
1250 3470 1510 3535 incidisse
1542 3469 1759 3523 fertur:
1829 3485 2063 3539 cumque
2105 3471 2442 3540 supplicaret
2487 3484 2551 3523 ac
2609 3470 2824 3522 veniam
2896 3472 3121 3535 peteret,
3171 3464 3400 3518 salutem
3449 3478 3604 3516 recu-

379 3576 623 3632 perasse.
672 3559 874 3615 Verum
924 3563 1039 3618 haec
1080 3565 1261 3618 minus
1309 3563 1655 3617 admirabilia
1704 3562 1936 3618 fortasse
1974 3564 2306 3618 videbuntur
2351 3563 2405 3617 in
2480 3562 2704 3625 Basilio,
2754 3558 3190 3626 viroexcellenti
3262 3557 3604 3627 pltilOSOphia

379 3654 627 3723 praadito,
680 3664 733 3709 et
775 3655 845 3710 ob
880 3656 1182 3724 doctrinam
1220 3665 1386 3726 atque
1415 3657 1782 3727 eloquentiam
1827 3657 2029 3725 ubique
2061 3656 2363 3710 celebrato.

969 3752 1217 3806 ΚΕΦΑΛ.
1250 3751 1347 3817 tz'.
1969 3757 2012 3814 ο
2637 3748 2720 3801 CA

1250 3751 1347 3817 IZ'V.
1969 3757 2012 3814 C
2637 3746 2789 3801 CAP.
2840 3745 2999 3800 XVII.

378 3840 516 3906 Περὶ
537 3839 647 3907 τῆς
671 3842 1012 3910 συμμαχίας
1036 3842 1357 3895 Βασιλείου
1382 3842 1474 3895 καὶ
1496 3845 1543 3895 Γ
1538 3844 1820 3910 ρηγορίου
1837 3842 1942 3895 τοῦ
2044 3843 2121 3898 De

1846 3842 1942 3895 τοῦ
2044 3843 2121 3898 De
2169 3844 2414 3898 societate
2459 3844 2598 3897 inter
2638 3840 2894 3895 Basiliam
2938 3848 2986 3892 et
3027 3839 3355 3910 Gregorium
3385 3836 3604 3891 Theola-

446 3912 775 3979 Θεολόγου·
827 3913 919 3962 καὶ
980 3913 1057 3976 ὼς
1079 3912 1243 3978 ἄκροι
1280 3914 1579 3980 γενόμενοι
1614 3914 1708 3964 ἐπὶ
1736 3914 1939 3980 σοφίᾳ,

479 3982 553 4033 οὗ
572 3980 640 4032 ἐν
660 3983 871 4046 Νικαίᾳ
891 3981 1179 4049 δόγματος
1206 3983 1629 4049 ὐπερίσταντο.

449 4073 742 4143 Σύγχρονοι
796 4074 851 4126 δὲ
900 4074 1049 4135 ὄντες
1082 4073 1239 4135 αὑτός
1270 4091 1327 4126 τε
1348 4076 1438 4126 καὶ
1467 4074 1783 4145 Γρηγόριος,
1815 4074 1943 4144 ὁμό-

381 4161 530 4229 ζηλοι
558 4166 675 4225 ταῖς
710 4165 953 4232 ἀρεταῖς,
996 4163 1069 4224 ὡς
1108 4164 1300 4225 εἰπεῖν,
1346 4165 1714 4233 ἐγνωρίζοντο.
1743 4167 1942 4235 ’Ἄμφω

380 4254 488 4323 γάρ
513 4254 617 4305 νέοι
676 4253 847 4316 ὄντες,
886 4253 1099 4322 Ἰμερίῳ
1133 4254 1223 4305 καὶ
1254 4255 1608 4325 Προαιρεσίῳ,
1666 4260 1776 4317 τοῖς
1823 4258 1942 4309 τότε

380 4346 769 4413 δοκιμωτάτοις
798 4348 1077 4413 σοφισταῖς
1110 4348 1166 4397 ἐν
1193 4347 1439 4416 Ἀθήναις
1467 4349 1784 4416 ἐφοίτησαν·
1808 4350 1943 4418 μετά

380 4436 549 4488 ταῦτα
575 4437 649 4495 δὲ,
676 4438 731 4487 ἐν
761 4438 1056 4506 Ἀντιοχείᾳ
1075 4438 1307 4508 Λιϐανίῳ
1320 4438 1395 4508 τῷ
1411 4438 1941 4508 Σύρῳ.Σοφιστεύειν

378 4526 436 4578 δὲ
466 4527 556 4579 καὶ
578 4527 729 4589 δίκας
753 4527 1034 4597 ἀγορεύειν
1062 4528 1421 4597 ὑπεριδόντες,
1456 4528 1761 4597 φιλοσοφεῖν
1784 4529 1940 4597 ἔγνω-

383 4632 481 4667 σαν
516 4618 654 4677 κατὲ
715 4617 805 4668 τὸν
839 4619 938 4687 τῆς
971 4616 1293 4687 Ἐκκλησίας
1347 4617 1528 4685 νόμον.
1570 4618 1690 4670 Ἐπί
1728 4637 1846 4671 τινα
1885 4620 1941 4672 δὲ

382 4706 571 4777 χρόνον
596 4708 704 4768 τοῖς
741 4706 1023 4777 μαθήμασι
1067 4707 1172 4758 τῶν
1222 4708 1349 4777 παρ’
1382 4706 1605 4777 Ἕλλησι
1640 4708 1939 4778 φιλοσόφων

384 4798 832 4868 ἐνδιατρίψαντες,
865 4798 1075 4861 καὶτὰς
1108 4799 1394 4868 ἐξηγήσεις
1423 4798 1530 4851 τῶν
1559 4800 1717 4870 ἱερῶν
1751 4801 1937 4869 Λόγων

384 4889 846 4959 ἐξακριϐώσαντες
904 4892 966 4942 ὲκ
1009 4890 1117 4943 τῶν
1165 4891 1485 4959 Ὠριγένους,
1547 4893 1638 4949 καὶ
1677 4892 1785 4945 τῶν
1836 4892 1940 4963 πρὸ

380 4980 543 5032 αὑτοῦ
584 4981 675 5032 καὶ
708 4982 819 5050 μετ’
852 4982 1053 5033 ἐκεῖνον
1092 4983 1149 5032 ὲν
1168 4984 1283 5044 ταῖς
1313 4983 1626 5052 ἑρμηνείαις
1645 4983 1752 5035 τῶν
1779 4984 1938 5053 ίερῶν

2114 3931 2237 3983 gum
2269 3924 2363 3984 χει
2391 3913 2649 3984 quomodo
2693 3912 2859 3984 ίιηιίιυΔ
2880 3910 3156 3984 expellenti
3188 3909 3429 3962 doctrina
3468 3923 3604 3975 pnt-

2113 3979 2232 4048 Eliti,
2271 3979 2544 4036 Nicd’nam
2577 3981 2733 4052 fidem
2766 3979 3129 4045 defenderunt.

2113 4070 2219 4125 Iste
2269 4085 2434 4139 porro
2486 4077 2539 4124 et
2594 4067 2913 4137 Gregorius,
2975 4068 3091 4135 pari
3142 4065 3362 4120 virtutis
3423 4063 3607 4118 studio

2042 4161 2232 4226 dediti,
2262 4161 2456 4215 iisdem
2492 4162 2831 4230 temporibus
2872 4159 3198 4213 ﬂoruerunt.
3250 4158 3423 4211 Ambo
3458 4157 3604 4212 enim

2042 4249 2223 4303 adhuc
2280 4248 2675 4309 adolescentes.
2736 4248 3036 4301 Himerium
3094 4257 3145 4302 et
3214 4246 3604 4309 Prozuresium,

2042 4342 2315 4411 sopbistas
2350 4356 2411 4395 ea
2448 4349 2769 4410 tempestate
2797 4342 3210 4400 celeberrimos.
3245 4340 3473 4394 Athenis
3496 4355 3595 4393 au-

2042 4432 2262 4486 dierunt
2310 4451 2323 4486 :
2372 4441 2559 4502 postea
2615 4448 2743 4487 vero
2802 4433 3091 4486 Libanium
3156 4430 3351 4501 Syrum
3411 4431 3608 4485 Antio-

2042 4524 2177 4578 cbim
2198 4525 2235 4578 ¹.
2273 4523 2376 4578 Sed
2409 4540 2531 4578 cum
2568 4524 2926 4594 sapitisticam
2963 4523 3360 4593 professionem
3392 4530 3445 4577 et
3476 4538 3607 4575 eau-

2043 4617 2330 4672 sidieinam
2358 4617 2574 4671 tandem
2607 4618 2967 4687 sprevissent,
3003 4617 3158 4685 juxta
3201 4630 3389 4669 sacras
3429 4617 3608 4669 Eccle-

2040 4710 2133 4762 sia:
2184 4709 2328 4777 leges
2388 4708 2762 4778 philosophari
2816 4709 3199 4762 decreverunt.
3259 4705 3429 4758 Porro
3482 4721 3603 4758 eum

2043 4800 2377 4868 aliquantum
2417 4801 2673 4869 temporis
2714 4799 2767 4853 in
2801 4798 3114 4867 disciplinis
3150 4797 3603 4866 philosOpborum

2041 4890 2319 4958 gentilium
2354 4890 2918 4959 consumpsissent,ct
2947 4903 3227 4947 sacrarum
3266 4888 3596 4940 Litterarum

2040 4982 2433 5052 expositionem
2488 4983 2684 5052 partim
2731 4996 2792 5034 ex
2852 4981 3262 5035 commentariis
3315 4977 3604 5047 Origenis,

383 5071 586 5123 Βίῦλων
621 5071 1108 5141 εὐδοκιμησάντων,
1136 5071 1279 5141 μέγα
1304 5072 1491 5139 ὄφελος
1518 5072 1657 5125 κατὰ
1677 5073 1765 5125 τὸν
1797 5091 1938 5142 παρ·
1974 5087 2015 5141 [)
2042 5089 2140 5144 par

1846 5091 1938 5142 1p-
1974 5087 2015 5141 [)
2042 5074 2239 5144 partim
2273 5076 2350 5128 'ex
2393 5075 2538 5137 aliis,
2569 5073 2661 5142 qui
2711 5073 2794 5128 vel
2837 5080 2964 5126 ante
3008 5071 3319 5141 Origenem,
3361 5073 3438 5125 rel
3485 5080 3604 5141 post

382 5163 508 5214 όντα
537 5162 723 5233 καιρὸν
780 5163 1022 5230 ἐγένοντο
1068 5164 1177 5225 τοῖς
1228 5162 1499 5232 ὀμοδόξοις
1522 5162 1628 5216 τῶν
1652 5166 1709 5217 ἐν
1734 5164 1937 5235 Νικαίᾳ

455 5346 483 5387 ί.
507 5344 684 5402 Socr..
720 5344 813 5398 lib.
848 5358 919 5408 tv,
958 5357 1006 5397 c.
1037 5343 1127 5397 26.

2044 5167 2218 5231 illum,
2264 5168 2317 5220 in
2358 5168 2532 5222 sacris
2575 5166 2973 5229 Voluminibus.
3018 5165 3445 5233 interpretandis
3497 5180 3604 5219 non

1551 5497 1815 5552 VALESII
1853 5498 2408 5556 ANNOTATIONES.

452 5614 560 5682 (82)
598 5617 665 5667 Εἰ
698 5614 805 5683 γὰρ
832 5616 1049 5669 οὐσίαν
1068 5614 1197 5682 μέν.
1224 5611 1378 5667 Hunc
1400 5613 1587 5669 locum
1618 5617 1829 5667 correxi
1860 5630 1924 5668 ex

380 5686 571 5741 codice
599 5684 930 5749 Fuketiano,
983 5687 1033 5737 in
1082 5699 1192 5752 quo
1238 5684 1442 5737 diserte
1479 5684 1737 5739 scribitur
1766 5683 1820 5736 εἴ
1864 5702 1927 5752 γε

381 5756 564 5811 οὐσίαν
612 5756 713 5823 μὲν.
744 5756 841 5807 οὑκ
879 5755 1019 5824 ἔχω’
1059 5753 1222 5824 ρἄός
1250 5770 1327 5817 τε,
1369 5762 1474 5824 etc.
1516 5753 1723 5807 Mallem
1750 5764 1927 5824 tamen

383 5821 622 5879 scribere
650 5826 815 5894 ρᾶκος
845 5821 942 5888 δέ’,
990 5821 1093 5878 etc.
1143 5821 1311 5876 Porro
1354 5823 1421 5878 de
1455 5824 1555 5879 hac
1583 5823 1820 5879 secunda
1854 5824 1934 5878 in.

2035 5616 2395 5689 terrogatione
2435 5615 2620 5671 Basilii
2653 5617 3127 5689 coramgModesto
3167 5617 3424 5689 przefecto
3456 5635 3621 5689 pra»-

2034 5686 2195 5758 torio,
2234 5687 2352 5758 vide
2380 5702 2501 5756 qua:
2532 5689 2715 5741 notavi
2755 5688 2819 5741 ad
2843 5686 3081 5744 Socratis
3118 5686 3211 5743 lib.
3246 5705 3318 5750 iv,
3353 5686 3475 5758 cap}
3506 5690 3594 5743 26.

2036 5754 2220 5825 Neque
2251 5754 2410 5809 enim‘
2430 5772 2567 5826 opus
2605 5766 2686 5815 est
2714 5758 2801 5813 hic
2843 5766 3092 5829 repetere
3126 5774 3187 5815 ea
3217 5776 3337 5830 quae
3366 5754 3477 5814 illic
3503 5761 3603 5815 ob-.

2040 5834 2253 5881 servata
2284 5833 2431 5884 sunt.
