4452 6598
877 427 1005 486 1331

2313 433 2663 498 SOZOMENI

3975 445 4125 504 i352

875 560 1060 602 secum
1088 547 1231 602 enim
1263 557 1522 618 perpetuo
1560 550 1797 607 habebat
1825 554 2044 611 Ariana:
2082 565 2246 613 sectae
2289 559 2433 613 anti-
2459 566 2508 621 Α
2534 561 2616 622 είς

2367 559 2433 613 ti-
2459 566 2508 621 Α
2534 561 2616 622 είς
2638 559 2736 632 τὴν
2760 562 3099 634 ἐπιχείρησιν
3123 563 3296 616 ἐποίει
3339 565 3373 635 ή
3417 563 3693 618 Βασιλείου
3723 565 3987 623 ἀπουσία.
4016 564 4125 618 καὶ

869 636 1047 698 alites,
1080 637 1292 692 animos
1325 637 1613 694 addiderat
1643 642 1897 698 absentia
1927 643 2136 710 Basilii,
2161 655 2218 702 et
2247 649 2434 703 odium

869 727 1244 784 multitudinis
1299 730 1566 788 adversus
1604 733 1926 791 Eusebium.
1977 737 2176 794 Verum
2207 748 2436 796 conatus

871 825 1069 885 praeter
1088 818 1414 872 sententiam
1447 820 1582 890 ipsis
1613 824 1898 879 successit.
1933 823 2142 880 Etenim
2170 827 2334 882 simul
2356 838 2438 881 at-

871 920 982 974 que
1031 907 1340 962 nuntiatum
1383 917 1470 964 est
1517 925 1612 966 eos
1666 912 1720 966 in
1761 912 2160 985 Cappadociam
2205 923 2436 972 conten-

870 995 1022 1060 dere,
1061 997 1296 1052 Basilius
1336 997 1512 1054 Ponto
1545 1002 1836 1067 decedens,
1873 1013 2066 1076 suopte
2102 1014 2251 1062 motu
2291 1008 2438 1062 venit

870 1085 1202 1142 Caesaream.
1262 1086 1326 1140 Et
1379 1105 1502 1143 cum
1544 1089 1783 1147 Eusebio
1839 1094 2059 1165 quidem
2111 1095 2166 1150 in
2206 1095 2435 1166 gratiam

869 1193 1128 1234 reversus
1161 1187 1276 1248 est;
1317 1181 1613 1239 Ecclesiam
1647 1199 1779 1241 vero
1803 1196 2111 1258 Opportune
2137 1188 2429 1244 admodum

868 1269 1197 1340 eloquentiae
1221 1286 1335 1327 sua:
1361 1273 1609 1330 subsidio
1635 1276 1862 1347 adjuvit.
1899 1276 2098 1335 Valens
2119 1280 2301 1351 itaque
2326 1296 2432 1336 una

869 1376 996 1416 cum
1045 1363 1322 1434 episcopis
1368 1381 1508 1435 quos
1549 1383 1734 1424 secum
1793 1370 2032 1426 habebat
2083 1380 2282 1427 conatu
2333 1388 2438 1430 suo

871 1453 1157 1524 depulsus,
1181 1461 1293 1509 tum
1319 1457 1536 1526 quidem
1572 1475 1631 1514 re
1660 1459 1860 1516 infecta
1893 1462 2172 1519 discessit.

1486 1594 1637 1648 CAP.
1683 1594 1821 1649 XVI.

873 1724 1148 1804 Quomodo
1177 1738 1293 1796 post
1327 1725 1610 1804 Eusebium
1641 1730 1878 1804 Basilius
1908 1731 2194 1804 Ecclesium
2224 1733 2440 1804 Cappa-

939 1796 1130 1851 docum
1163 1801 1445 1874 regendam
1464 1803 1721 1874 suscepit
1754 1818 1772 1855 :
1791 1815 1852 1874 et
1882 1803 1947 1856 de
1976 1804 2169 1874 insigni
2194 1796 2313 1873 ejus.
2338 1796 2436 1858 ad-

939 1881 1118 1922 versus
1163 1867 1429 1923 Valentem
1455 1872 1509 1924 in
1536 1871 1756 1925 dicendo
1781 1871 2041 1927 libertate.

944 1974 1153 2032 Verum
1197 1979 1478 2051 aliquanto
1520 1991 1641 2052 post
1696 1981 1894 2039 Valens
1941 1985 1996 2039 in
2046 1985 2443 2057 Cappadociam

871 2083 1146 2133 reversus,
1188 2069 1447 2127 Basilium
1486 2084 1607 2142 post
1643 2085 1868 2130 mortem
1920 2076 2138 2132 Eusebii
2185 2077 2446 2136 Ecclesiis

871 2149 1018 2207 illius
1039 2155 1331 2221 provinciae
1362 2158 1614 2227 regendis
1636 2158 1946 2227 praefectum
1987 2161 2248 2232 reperit‘.
2273 2161 2444 2228 Quem

870 2257 994 2296 cum
1035 2243 1163 2298 inde
1198 2249 1467 2318 expellere
1509 2251 1904 2316 constituisset,
1950 2253 2019 2308 ab
2069 2255 2312 2325 increpto
2347 2255 2445 2311 dc-

873 2334 1065 2389 sistere
1089 2336 1254 2407 238
1288 2349 1508 2396 coactus
1551 2351 1654 2397 est.
1692 2340 1825 2397 Nam
1848 2343 2008 2399 simul
2051 2354 2212 2415 atque
2252 2347 2304 2400 id
2355 2361 2447 2418 ag-

873 2441 1096 2495 gressus
1147 2429 1378 2494 fuisset,
1441 2435 1746 2502 insequenti
1810 2444 1971 2490 nocte
2030 2452 2167 2491 uxor
2215 2440 2335 2505 ejus
2389 2438 2444 2493 in

871 2521 1078 2576 somnis
1121 2523 1408 2579 terrefacta
1456 2525 1674 2593 dicitur,
1726 2535 1780 2582 et
1826 2526 2043 2584 Galates
2098 2530 2242 2586 (ilius
2283 2547 2443 2602 quem

873 2610 1096 2665 unicum
1140 2611 1394 2681 habebat,
1437 2616 1718 2686 repentina
1752 2625 1925 2672 morte
1958 2627 2277 2692 praereptus.
2312 2620 2444 2678 Om-

871 2718 1081 2774 nesque
1125 2706 1200 2760 ita
1259 2716 1632 2773 censuerunt,
1690 2708 1856 2764 Deum
1900 2712 2253 2768 ulciscentem
2312 2713 2448 2771 insi-

872 2794 991 2850 dias
1039 2812 1159 2866 qua:
1202 2798 1465 2856 adversus
1512 2800 1770 2856 Basilium
1823 2812 2045 2859 structa:
2097 2815 2312 2871 essent,
2376 2807 2444 2860 ad

871 2889 1175 2960 puniendos
1209 2901 1484 2960 parentes,
1521 2891 1690 2947 lilium
1730 2909 1761 2948 e
1784 2895 1961 2950 medio
1985 2899 2294 2954 sustulisse.
2324 2900 2446 2970 Ipse

872 2979 1035 3044 etiam
1090 2979 1292 3037 Valens
1344 2983 1418 3038 ita
1476 2983 1765 3054 judicavit.
1820 2986 1981 3044 Certe
2029 2998 2247 3046 mortuo
2293 2991 2444 3059 lilio,

874 3074 1081 3129 nullam
1128 3077 1365 3147 amplius
1407 3078 1716 3134 molestiam
1750 3079 1999 3136 exhibuit
2043 3081 2268 3138 Basilio.
2303 3085 2440 3139 Dum

2536 649 2599 702 τὸ
2623 652 2752 722 περ)⁸
2797 652 3055 706 Εὑσέϐιον
3109 652 3205 706 τοῦ
3244 653 3376 706 λαοῦ
3421 657 3601 724 μῖσος.
3646 655 3848 726 Ἀπέδη
3881 655 3938 708 δὲ
3959 659 4121 726 παρά

2538 741 2764 813 γνώμην
2795 742 2997 806 αὑτοῖς.
3035 745 3186 815 ’Ἅμα
3239 744 3349 817 γάρ
3378 746 3720 815 ἠγγέλθησαν
3744 747 3837 798 ἐπὶ
3871 748 4122 800 Καππα-

2535 831 2723 886 δοκίαν
2765 832 3029 898 ἐλαύνειν,
3071 834 3386 889 καταλιπὼν
3417 836 3512 889 τδν
3557 836 3758 890 Πόντον
3809 836 4118 899 Βασίλειος,

2537 921 2820 994 ἐθελοντὴς
2842 925 2924 988 είς
2949 927 3283 997 Καισάρειαν
3305 922 3408 998 ἧκε
3435 938 3481 982 ⁸.
3498 929 3606 981 Καὶ
3627 928 3871 998 Εὑσεδίῳ
3887 928 4124 981 σπεισά-

2541 1029 2722 1082 μενος.
2770 1013 2959 1080 εὔνους
3002 1011 3070 1088 ἦν
3093 1033 3106 1046 ·
3149 1017 3297 1088 τῇδὲ
3331 1018 3622 1091 Ἐκκλησία
3657 1021 3738 1083 είς
3779 1019 3968 1092 καιρὸν
3998 1022 4123 1081 τοῖς

2538 1103 2715 1173 λόγοις
2740 1107 3038 1179 ἐπήμυνεν.
3069 1108 3128 1162 Ὀ
3159 1108 3216 1162 δὲ
3242 1109 3455 1181 Οὐάλης
3491 1109 3779 1181 ἀποτυχὼν
3815 1112 3913 1182 τῆς
3944 1127 4121 1164 σπου-

2538 1195 2654 1266 δῆς.
2685 1196 2962 1269 ἄπρακτος
2996 1200 3113 1271 ἅμα
3139 1204 3253 1264 τοῖς
3273 1202 3369 1256 σὺν
3389 1200 3537 1272 αὑτῷ
3557 1201 3871 1266 ἐπισκόποις
3894 1199 4125 1272 ἀπεχὼ-

2542 1305 2675 1360 ρησε
2701 1289 2846 1343 τότε.

3129 1594 3383 1649 ΚΕΦΑΛ.
3415 1596 3534 1662 ις’.

2554 1731 2649 1796 Ὠς
2673 1730 2822 1798 μετὰ
2875 1730 3172 1785 Εὑσέϐιον
3209 1731 3506 1795 Βασίλεος
3550 1729 3666 1797 τὴν
3698 1731 4128 1785 Καππαδοκῶν

2609 1799 2910 1882 ἐπετράπη
2929 1800 3064 1882 ..καὶ
3085 1801 3215 1868 περί
3239 1800 3348 1870 τῆς
3385 1801 3534 1868 πρὸς
3555 1801 3864 1855 Οὐάλεντα
3891 1804 4129 1870 «afﬁn-

2466 1891 2511 1952 Β
2611 1871 2752 1936 σίας
2789 1871 2996 1924 αὐτοῦ·
3030 1910 3046 1924 .

2615 1979 2770 2036 Μετὰ
2819 1980 3009 2052 χρόνον
3070 1980 3127 2034 δὲ
3168 1980 3329 2035 πάλιν
3377 1981 3458 2044 είς
3489 1981 3886 2036 Καππαδοκίαν
3925 1981 4123 2046 ἐλθὼν,

2544 2070 2952 2141 καταλαμϐάνει
2973 2069 3253 2124 Βασίλειον
3270 2070 3370 2135 τάς
3394 2071 3520 2141 τῇδε
3547 2069 3871 2141 Ἐκκλησίας
3895 2073 4126 2141 ἐπιτρα-

2545 2164 2714 2217 πέντα
2740 2163 2879 2234 μετὰ
2911 2163 3010 2235 τὴν
3052 2162 3313 2216 Εὑσεὸίου
3363 2163 3646 2233 τελευτήν.
3680 2162 4128 2231 Βουλευσάμενος

2543 2255 2600 2309 δὲ
2616 2255 2774 2309 αὑτὸν
2796 2253 3045 2320 ἐξελάσαι
3068 2255 3113 2314 ί.
3136 2253 3235 2325 οὑχ
3255 2253 3394 2307 ἐκὼν
3410 2253 3679 2324 ἀπέσχετο
3696 2252 3798 2321 τῆς
3807 2251 4124 2320 ἐπιϐουλῆς.

2546 2348 2696 2418 Ἀμα
2747 2346 2856 2417 γὰρ
2902 2347 2970 2417 τῇ
3029 2346 3368 2418 ἐπιχειρήσει
3428 2344 3646 2413 λέγεται
3696 2343 3798 2413 τῆς
3851 2342 4131 2413 ἐχομένης

2544 2437 2752 2502 νυκτὸς,
2789 2437 2888 2506 τὴν
2911 2434 3075 2489 αὑτοῦ
3104 2433 3350 2507 γαμετὴν
3393 2436 3710 2506 περιπεσεῖν
3749 2433 3989 2502 δείμασι,
4025 2431 4132 2485 καὶ

2543 2527 2788 2597 Γαλάτην
2821 2526 2911 2579 τὸν
2936 2525 3049 2580 υἱὸν
3079 2524 3138 2579 ὃν
3163 2525 3323 2596 μόνον
3355 2519 3488 2596 εἶχε,
3515 2524 3709 2595 ταχείᾳ
3741 2524 3882 2594 νόσῳ
3911 2521 4126 2576 ἀποθα-

2542 2623 2671 2674 νεῖν.
2721 2619 2925 2672 Ἐδόκει
2952 2618 3009 2672 δὲ
3038 2620 3196 2681 πᾶσι,
3247 2617 3493 2690 τιμωρὸν
3539 2617 3830 2688 γενόμενον
3868 2614 3958 2668 τὸν
3984 2615 4128 2668 Θεὸν

2541 2713 2652 2767 τῶν
2676 2713 2818 2767 κατὰ
2850 2711 3130 2767 Βασιλείου
3161 2709 3620 2782 βεϐουλευμένων,
3641 2709 3732 2762 ἐπὶ
3745 2707 3986 2762 κακώσει
4012 2706 4130 2760 τῶν

2544 2805 2867 2870 τεκνόντων,
2895 2803 3158 2859 ἀπολέσαι
3179 2803 3271 2858 τὸν
3288 2802 3476 2856 παῖδα.
3497 2801 3684 2856 Ταῦτα
3707 2801 3763 2854 δὲ
3789 2800 3886 2853 καὶ
3906 2799 4128 2867 Οὐάλης

2543 2894 2942 2966 ὑπελάμϐανεν.
2982 2893 3196 2964 Ἀμέλει
3251 2891 3610 2954 ἀποθανόντος
3660 2890 3759 2961 μὲν
3799 2886 3894 2942 τοῦ
3946 2888 4121 2950 υἱέος.

2541 2987 2724 3042 οὐκέτι
2745 2985 2906 3038 αὑτὸν
2931 2982 3262 3054 ἠνώχλησεν.
3298 2981 3390 3035 Ἐν
3415 2974 3461 3048 ᾧ
3485 2979 3541 3033 δὲ
3562 2979 3778 3050 περιῆν,
3810 2977 3905 3031 καὶ
3929 2976 4126 3037 κακῶς

2543 3080 2684 3151 ἔχων
2709 3077 2898 3148 ἔμελλε
2914 3075 3188 3146 τελευτᾷν,
3211 3074 3468 3144 πέπομφε
3486 3070 3622 3143 πρὸς
3641 3070 3802 3124 αὑτὸν
3826 3068 4128 3124 ἀντιϐολῶν

875 3175 1054 3221 autem
1112 3177 1446 3237 superesset,
1507 3178 1560 3225 et
1619 3171 1812 3227 morbo
1873 3188 2171 3244 oppressus
2210 3175 2440 3246 jamjam
2477 3236 2512 3246 _
2545 3173 2633 3226 ὑπὲ

2367 3190 2440 3230 Im
2477 3236 2512 3246 _
2545 3173 2684 3243 ὑπὲρ
2713 3168 2879 3225 αὑτοῦ
2903 3167 3000 3222 τοῦ
3031 3167 3334 3238 κάμνοντος
3366 3162 3646 3228 εὔξασθαι.
3678 3161 3743 3214 Ἀ
3755 3178 3832 3232 μα
3871 3160 3980 3232 γὰρ
4014 3161 4125 3228 ἀφ-

875 3236 1197 3318 ιηοτίωτυε
1217 3263 1554 3330 crederetur,
1609 3267 1760 3322 misit
1803 3267 1869 3322 ad
1911 3236 2444 3340 B-asiliiim,vrog'ans
2471 3236 2513 3293 ϐ
2549 3265 2633 3318 εκε

2369 3286 2444 3326 ms
2471 3236 2513 3293 ϐ
2549 3236 2692 3319 ίκετο
2718 3265 2797 3327 είς
2813 3236 3168 3333 Καισάρειαν,
3193 3255 3699 3330 μετακαλεσάμενος
3720 3256 3748 3307 ὁ
3769 3253 4014 3324 ὕπαρχος
4033 3251 4127 3305 τὸν

875 3355 1041 3419 atque
1078 3351 1362 3410 obtestans
1398 3360 1456 3408 ut
1479 3369 1578 3425 pro
1623 3364 1831 3427 aegroto
1875 3356 2042 3412 Deum
2083 3360 2296 3428 precari
2331 3360 2444 3414 vel-

875 3438 971 3496 iet.
1008 3439 1146 3496 Cum
1196 3444 1338 3498 enim
1377 3446 1617 3501 venisset
1657 3447 1985 3513 Ctesaream,
2029 3449 2212 3504 statim
2251 3450 2444 3521 praele-

875 3539 1000 3588 ctus
1033 3536 1289 3602 pmtorio
1330 3534 1614 3592 evocatum
1646 3539 1711 3594 ad
1757 3555 1817 3596 se
1861 3540 2147 3607 Basilimn,
2197 3544 2442 3600 eamdem

778 3674 781 3676 _
876 3637 1002 3678 cum
1055 3626 1303 3697 principe
1364 3627 1488 3687 ﬁdei
1565 3631 1874 3687 doctrinam
1932 3634 2187 3704 amplecti
2239 3635 2442 3705 jussit;

875 3722 1106 3772 mortem
1152 3718 1391 3776 minatus
1423 3721 1529 3777 nisi
1574 3723 1997 3796 obtemperaret.
2051 3725 2287 3783 Basilius
2317 3744 2444 3784 vero

875 3808 1226 3878 respondisse
1279 3809 1486 3878 fertur,
1551 3830 1744 3886 magno
1788 3817 1842 3872 id
1896 3818 2000 3874 sibi
2055 3821 2213 3874 lucro
2283 3822 2440 3886 fore,

877 3912 1044 3968 seque
1069 3899 1310 3969 ingentia
1343 3902 1689 3973 largiturum,
1726 3914 1784 3959 ut
1809 3922 1973 3976 quam
2008 3908 2278 3964 citissime
2317 3924 2442 3964 cor-

876 3990 1027 4058 poris
1059 3991 1290 4048 vinculis
1329 3995 1676 4051 liberaretur.
1708 3997 1956 4068 Cumque
2002 3999 2440 4069 przrl'ectusjus-

876 4079 1064 4145 sisset,
1121 4089 1180 4136 ut
1230 4098 1295 4137 eo
1337 4084 1426 4139 die
1477 4094 1532 4140 et
1568 4086 1876 4157 insequenti
1934 4099 2095 4144 nocte
2147 4092 2439 4147 consilium

876 4180 1115 4240 caperet,
1149 4188 1285 4229 neve
1319 4175 1726 4233 inconsiderate
1757 4179 1812 4234 in
1849 4190 2099 4250 apertum
2131 4193 2315 4237 rueret
2345 4199 2441 4254 pe-

877 4262 1133 4326 riculum.
1165 4263 1260 4318 sed
1297 4275 1349 4317 ut
1375 4266 1636 4336 postridie
1664 4269 1900 4332 adesset,
1923 4286 2192 4341 suamque
2223 4282 2442 4328 senten-

876 4353 1008 4406 tiam
1033 4363 1309 4423 promeret
1337 4375 1350 4411 :
1385 4356 1512 4411 Mihi
1539 4375 1688 4420 vero,
1721 4360 1899 4430 inquit
1930 4362 2186 4427 Basilius,
2228 4364 2439 4421 delibe-

878 4444 1091 4499 ratione
1127 4459 1264 4515 opus
1306 4463 1413 4501 non
1461 4456 1578 4515 est,
1628 4450 1769 4505 idem
1799 4453 1944 4505 enim
1970 4454 2062 4524 qui
2110 4470 2255 4509 nunc
2295 4471 2437 4521 sum,

2544 3353 2842 3415 Βασίλειον,
2874 3349 3125 3403 ἐκέλευσε
3150 3349 3218 3401 τὰ
3241 3346 3513 3409 Βασιλέως
3531 3345 3767 3415 φρονεῖν.
3786 3341 4128 3396 Ἀπειθοῦντε

2543 3445 2622 3507 δὲ,
2679 3442 2944 3514 ἠπείλησε
2990 3440 3237 3495 θάνατον.
3269 3438 3375 3492 Τὸν
3404 3437 3462 3491 δὲ
3511 3437 3694 3506 φάναι,
3736 3433 3932 3489 πολλοῦ
3971 3433 4128 3498 ἀξιον

2543 3535 2762 3588 ἔσεσθαι
2809 3532 2978 3602 αὑτῷ,
3028 3531 3125 3585 καὶ
3173 3529 3440 3601 μεγίστην
3491 3527 3683 3584 δώσειν
3737 3526 3918 3598 χάριν,
3951 3525 4030 3587 ὡς
4065 3525 4128 3577 ἐν

2542 3629 2698 3700 τάχει
2717 3625 2827 3680 τῶν
2848 3623 3063 3696 δεσμῶν
3108 3622 3203 3677 τοῦ
3255 3621 3508 3692 σώματος
3544 3617 3924 3684 ἀπαλλάξειεν.
3967 3614 4125 3670 Ἐπεὶ

2541 3719 2600 3773 δὲ
2653 3718 2752 3791 τὴν
2788 3717 2908 3772 τότε
2959 3715 3172 3787 ἡμέραν
3196 3714 3288 3768 καὶ
3323 3711 3422 3784 τὴν
3453 3711 3579 3782 ἑξῆς
3615 3711 3786 3765 νύκτα
3835 3708 4126 3762 ἐκέλευσεν

2542 3811 2705 3866 αὑτὸν
2733 3811 2762 3863 ὁ
2788 3808 3029 3880 ὕπαρχος
3064 3804 3432 3877 βουλεύεσθαι,
3468 3804 3564 3858 καὶ
3597 3802 3673 3874 μὴ
3693 3801 4120 3873 ἀπερισκέπτως

2543 3907 2622 3968 είς
2643 3901 2924 3975 προῦπτον
2947 3899 3168 3954 ἁλέσθαι
3195 3897 3458 3963 κίνδυνον,
3488 3896 3568 3960 είς
3603 3895 3660 3949 δὲ
3692 3893 3790 3966 τὴν
3823 3891 4117 3964 ὑστεραίαν

2541 3999 2815 4068 παρεῖναι,
2840 3992 2934 4047 καὶ
2957 3992 3056 4063 τὴν
3087 3989 3280 4045 ἑαυτοῦ
3297 3986 3524 4060 γνώμην
3547 3987 3717 4058 δήλην
3732 3988 3928 4051 ποιεῖν,
3958 3983 4118 4055 Ἐμοὶ

2544 4087 2660 4158 μὲν,
2679 4085 2806 4155 ἔφη.
2837 4084 2898 4136 οὑ
2930 4083 3011 4135 δεῖ
3064 4081 3278 4151 βουλῆς.
3329 4078 3503 4142 Αὐτὸς
3531 4078 3640 4150 γὰρ
3685 4076 3880 4146 ἔσομαι
3925 4074 4019 4128 καὶ
4048 4076 4115 4144 τῇ

2542 4177 2821 4248 ὑστεραίᾳ.
2857 4175 3076 4243 Κτίσμα
3109 4173 3217 4244 γὰρ
3258 4171 3355 4235 ὢν,
3382 4173 3482 4224 οὑκ
3516 4169 3776 4239 ἀνέξομαι
3814 4169 3907 4222 τὸν
3934 4169 4123 4238 ὅμοιον

2541 4269 2863 4339 προσκυνεῖν
2886 4267 2980 4319 καὶ
3003 4265 3133 4318 Θεὸν
3166 4264 3470 4336 ὁμολογεῖν,
3514 4263 3637 4316 οὑδὲ
3662 4261 3921 4324 κοινωνός
3944 4260 4027 4313 σοί
4057 4251 4116 4312 τε

2541 4361 2634 4415 καὶ
2681 4358 2890 4430 βασιλεῖ
2934 4356 3032 4426 τῆς
3083 4355 3375 4427 Θρησκείας
3427 4349 3590 4408 εἶναι.
3633 4352 3697 4406 Εἰ
3724 4352 3833 4422 γάρ
3875 4351 3970 4404 καὶ
3993 4349 4118 4402 λίαν

2540 4453 2801 4523 ἐπίσημοι
2861 4447 3182 4521 τυγχάνετε,
3231 4447 3324 4500 καὶ
3367 4445 3469 4498 οὑκ
3521 4443 3710 4512 ὀλίγης
3755 4441 3972 4511 ἡγεῖσθε
4017 4443 4118 4508 τῆς

878 4550 1001 4589 cras
1040 4537 1202 4590 etiam
1227 4553 1355 4602 ero,
1387 4555 1508 4594 nam
1539 4556 1661 4596 cum
1698 4544 1812 4614 ipse
1841 4557 2090 4601 creatura
2133 4549 2258 4609 sim.
2294 4565 2440 4603 nun-
2469 4570 2515 4628 ι)
2540 4550 2636 4601 olm

2361 4567 2440 4603 ιη·
2469 4570 2515 4628 ι)
2540 4545 2861 4616 οἰκουμένης
2909 4543 3101 4611 μοίρας
3122 4581 3138 4606 ,
3178 4539 3239 4592 οὑ
3269 4536 3420 4608 παρὰ
3464 4536 3624 4628 τοῦτο
3660 4539 3772 4628 τοῖς
3808 4532 4119 4628 ἀνθρώποις

877 4641 1041 4692 quam
1109 4626 1302 4682 adduci
1353 4637 1545 4700 potero
1601 4641 1659 4686 ut
1713 4636 1818 4690 mei
1879 4637 2114 4693 similem
2181 4640 2439 4707 adorem,

876 4716 1158 4788 Deumque
1191 4720 1481 4787 confitear,
1517 4733 1684 4795 utque
1729 4729 1974 4796 ejusdem
2006 4738 2182 4786 tecum
2224 4741 2278 4786 et
2315 4748 2438 4786 cmn

878 4809 1206 4878 imperatore
1237 4813 1422 4868 cultus
1451 4817 1723 4888 particeps
1752 4820 1876 4874 sim.
1910 4820 2022 4877 Etsi
2064 4822 2209 4877 enim
2246 4822 2437 4878 admo-

954 4986 968 5016 ¹
999 4985 1153 5041 Socr.
1183 4989 1274 5044 lib.
1317 5005 1390 5052 tv,
1418 5005 1467 5044 c.
1499 4990 1586 5045 εε.

2548 4637 2854 4711 χαριστέον.
2887 4633 3247 4703 Ὀλιγωρῆσαι
3275 4630 3441 4700 δέτῆς
3469 4630 3548 4690 εἰς
3576 4627 3637 4680 τὸ
3665 4627 3819 4680 Θεῖον
3855 4625 4114 4685 πίστεως,

2547 4731 2613 4800 ἣν
2641 4728 2740 4781 οὑκ
2767 4728 2834 4780 ἀν
2855 4742 2984 4778 ποτε
3017 4722 3290 4794 προδοίην,
3319 4719 3440 4772 οὔτε
3468 4717 3728 4788 δήμευσιν
3757 4715 3962 4778 οὐσίας.
3988 4712 4116 4766 οὔτε

2546 4818 2840 4890 ὑπερορίαν
2879 4816 3076 4887 φυγὴν,
3103 4812 3224 4867 οὔτε
3249 4811 3475 4866 Θάνατον
3491 4806 3926 4870 καταδικασθείς.
3962 4805 4118 4858 Ἐπεὶ

1992 5139 2358 5196 VARIORUM
2401 5138 2954 5196 ANNOTATIONES.

948 5309 970 5337 ι·
1032 5299 1348 5364 Buculeio;
1395 5299 1484 5362 είς
1547 5296 1905 5366 Καισάρειαν
2121 5295 2244 5353 Haec
2290 5315 2434 5352 anno

876 5367 980 5420 570
1009 5376 1130 5421 acta
1165 5383 1287 5423 esse
1308 5376 1414 5439 ,_et
1447 5368 1701 5421 Basiliam
1735 5378 1866 5439 tunc
1905 5368 2166 5439 temporis
2206 5372 2435 5439 presby-

878 5441 1053 5490 terum
1093 5447 1302 5492 tantum
1333 5437 1526 5502 fuisse,
1559 5449 1750 5492 contra
1781 5437 2071 5492 Baronium
2103 5437 2262 5492 docet
2305 5437 2432 5491 Ant.

880 5506 1033 5568 Paci,
1065 5507 1130 5561 ad
1163 5524 1293 5562 ann.
1322 5509 1448 5563 370.
1476 5525 1530 5560 η.
1559 5508 1647 5562 19.
1683 5508 1794 5562 lloc
1822 5515 2000 5561 autem
2034 5520 2178 5561 anno
2205 5509 2437 5561 moritur

882 5578 1181 5659 Eiisebius,
1211 5594 1367 5659 etque
1403 5580 1456 5659 in
1488 5579 1806 5648 episcOpatu
1839 5577 2164 5659 Caesariensi
2179 5577 2438 5659 succedit

879 5646 1158 5706 Basilius:
1207 5646 1299 5717 qui
1334 5646 1619 5716 postquam
1675 5646 1849 5702 annos
1897 5655 2023 5701 octo
2066 5647 2119 5701 in
2179 5648 2268 5700 illa
2307 5647 2437 5702 sede

879 5724 1449 5788 egerathonumqtte
1490 5719 1836 5773 inchoaverat
1865 5719 2298 5788 {mortalitatem
2347 5733 2438 5771 ex-

879 5789 1044 5910 plevit
1084 5787 1651 5875 Kalendis’zl'anuariis
1691 5789 1817 5842 anni
1867 5787 2003 5846 580.
2039 5787 2233 5868 .inquit
2291 5787 2432 5840 idem

907 5861 1076 5910 'atnus
1114 5859 1180 5910 ad
1215 5873 1338 5910 ann.
1375 5859 1478 5910 .370
1509 5867 1562 5910 et
1594 5858 1719 5910 078.
1750 5865 1938 5910 contra
1984 5857 2211 5910 altorum
2253 5859 2432 5910 calcu-

907 5856 1076 5925 ’θείης
1114 5859 1180 5911 ad
1215 5873 1338 5912 ann.
1375 5859 1478 5913 570
1509 5867 1562 5914 et
1594 5858 1719 5922 678,
1750 5865 1938 5912 contra
1984 5857 2211 5912 aliorum
2253 5859 2436 5911 calcu-

2537 5297 2651 5351 lum
2684 5297 2738 5350 in
2765 5305 2881 5352 not.
2915 5311 3028 5350 var.
3063 5295 3130 5351 ad
3163 5295 3344 5359 Socr.,
3378 5296 3475 5350 lih.
3503 5311 3575 5356 tv,
3611 5311 3734 5366 cap.

2609 5372 2628 5388 '
2665 5369 3094 5432 Βασίλιος....
3147 5369 3489 5434 παρῤισίας.
3547 5366 3638 5419 Sic
3680 5363 3766 5420 ed.
3814 5364 3993 5419 Paris.
4043 5363 4116 5418 Ει

2539 5451 2672 5491 sane
2703 5434 2956 5491 Valesius
2992 5437 3092 5491 hos
3131 5437 3322 5491 titulos
3359 5445 3419 5490 ut
3454 5435 3678 5507 putidos
3718 5444 3774 5489 et
3805 5435 4107 5492 mendosos

2538 5522 2768 5577 prorsus
2807 5507 3114 5577 neglegisse
3145 5507 3378 5577 videtur.

2613 5576 2633 5613 ⁸
2676 5573 3178 5645 Βουλειξσάμεγος
3238 5575 3307 5629 δὲ
3353 5575 3539 5628 αὐτὸν
3590 5573 3899 5638 ἐξελάσαι.
3942 5577 4114 5645 lianc

2541 5647 2843 5701 secundum
2876 5643 3121 5700 Valentis
3167 5647 3222 5700 in
3257 5645 3316 5700 S.
3353 5645 3614 5701 Basilium
3650 5647 3907 5714 impetum
3939 5643 4112 5700 Theo-

2541 5717 2751 5785 phanes
2775 5716 2828 5769 in
2859 5715 3139 5786 Chronico?
3165 5715 3332 5786 refert
3375 5731 3520 5786 anno
3557 5715 3763 5769 Christi
3791 5716 3960 5786 juxta
3980 5715 4112 5786 Ale-

2542 5784 2844 5841 sandrinos
2885 5786 3010 5849 368,
3050 5785 3143 5855 qui
3190 5785 3449 5842 Kalendis
3475 5784 3810 5857 Septembris
3836 5784 3965 5841 anni
4003 5784 4113 5841 375

2541 5871 2663 5912 serae
2697 5857 2929 5927 vulgaris
2960 5857 3175 5926 incipit.
