4452 6598
366 423 403 498 ἰ
414 442 519 499 333

1314 432 1638 493 HISTORIA
1679 430 2224 492 ECCLESIASTICA.
2268 468 2335 475 —
2375 437 2503 491 LIB.
2550 438 2633 491 Vl.

3464 440 3601 496 ιδεμ

378 562 578 616 τούτων
594 561 740 615 οὐδέν
760 579 826 633 με
844 563 997 633 ἀνιᾷν
1025 563 1153 633 δυνή
1164 578 1332 615 σεται.
1350 561 1476 628 Είγε
1502 559 1689 613 οὑσίαν
1712 557 1809 629 μὲν
1827 557 1936 627 (8‘2)
1967 563 2011 619 Α
2042 558 2136 612 dur

1839 557 1936 627 :82)
1967 563 2011 619 Α
2042 558 2170 612 dum
2208 558 2508 627 conspicui,
2556 574 2655 612 nec
2701 557 2929 613 modicae
2966 557 3115 613 orbis
3152 568 3422 613 terrarum
3460 558 3597 626 parti

376 656 476 708 οὑκ
503 654 630 725 ἔχω,
662 656 827 725 ρᾶκός
850 672 913 709 τι
925 656 1019 709 καὶ
1044 654 1220 726 βιβλία
1247 653 1420 722 ὀλίγα.
1445 652 1591 707 Obuia
1614 652 1670 705 δὲ
1697 652 1796 723 τὴν
1811 651 1934 721 γῆν,

376 745 452 807 ὼς
485 745 572 797 ἀεὶ
598 744 928 814 παροδεύων.
959 746 1127 817 Σῶμα
1152 745 1213 798 δὲ
1238 745 1304 798 δι’
1337 743 1642 808 ἀσθένειαν,
1677 742 1814 813 μετὰ
1841 744 1938 814 τὴν

378 836 600 909 πρώτην
651 835 883 904 πληγὴν,
917 836 1220 907 αἰσθήσεως
1257 837 1351 889 καὶ
1399 835 1645 905 βασάνων
1670 838 1935 905 κρεῖττον.

379 927 615 979 Τοιαῦτα
638 927 917 981 Βασιλείου
959 928 1493 998 παρρησιασαμένου,
1538 926 1822 996 θαυμάσας
1845 926 1936 979 τοῦ

378 1006 570 1096 ἀνδρὸς
614 1016 714 1085 τὴν
741 1017 944 1087 ἀρετὴν
975 1018 1004 1069 ὁ
1025 1016 1268 1086 ὕπαρχος
1296 1017 1582 1087 ἀνήγγειλε
1609 1016 1687 1086 τῷ
1711 1015 1936 1085 βασιλεῖ.

392 1108 448 1159 '0
472 1106 544 1166 δὲ,
574 1107 991 1175 ἐπιτελουμένης
1009 1108 1107 1176 τῆς
1130 1106 1238 1160 τῶν
1261 1106 1566 1176 Θεοφανίων
1599 1108 1809 1177 ἑορτῆς,
1842 1107 1938 1159 σὺν

381 1200 490 1259 τοῖς
519 1198 743 1267 ἄρχουσι
764 1198 856 1250 καὶ
881 1198 1193 1270 δορυφόροις
1220 1200 1298 1260 είς
1326 1199 1425 1268 τὴν
1447 1198 1737 1267 ἐκκλησίαν
1763 1215 1937 1267 παρα-

386 1288 688 1357 γενόμενος,
723 1288 874 1359 δῶρά
906 1307 962 1341 τε
994 1292 1057 1359 τῇ
1105 1292 1225 1363 ίερᾷ
1259 1288 1505 1361 τραπέζῃ
1546 1292 1935 1361 προσήνεγκεν,

381 1376 473 1428 καὶ
505 1379 581 1440 εἰς
636 1377 824 1445 λόγους
868 1378 1012 1449 αὑτῷ
1038 1375 1189 1451 ἦλθε,
1236 1380 1329 1433 καὶ
1357 1381 1547 1449 σοφίας
1589 1380 1682 1432 καὶ
1705 1380 1796 1433 τοῦ
1813 1381 1941 1450 περὶ

381 1466 442 1519 τὸ
476 1466 719 1535 ἱερᾶσθαι
742 1473 836 1520 καὶ
856 1469 1234 1539 ἐκκλησιάζειν
1262 1469 1465 1539 κόσμου
1494 1486 1550 1522 τε
1568 1470 1659 1522 καὶ
1690 1467 1941 1533 εὐταξίας

380 1557 663 1627 ἐπῄνεσεν.
703 1558 952 1626 Ἐκράτει
973 1558 1029 1612 δὲ
1071 1560 1220 1629 ὅμως
1269 1561 1368 1613 οὐκ
1392 1561 1471 1623 είς
1496 1560 1710 1630 μακρὰν
1733 1561 1798 1612 ἐκ
1824 1560 1940 1611 δια-

383 1647 543 1715 ϐολῆς
571 1647 679 1700 τῶν
710 1649 985 1713 ἐναντίων,
1028 1648 1323 1719 ὑπερορίαν
1371 1649 1530 1700 αὑτὸν
1557 1648 1741 1701 οἰκεῖν.
1777 1648 1884 1700 Καὶ
1906 1649 1939 1717 ή

382 1735 478 1799 νὺξ
501 1736 702 1805 παρῆν,
727 1737 848 1789 καθ’
878 1736 944 1805 ἢν
976 1736 1151 1787 ἐδόκει
1174 1734 1328 1787 τοῦτο
1366 1735 1610 1802 γίνεσθαι
1636 1749 1650 1763 ⁸
1685 1732 1941 1802 ἐξαπίνης

380 1828 437 1878 δὲ
458 1846 528 1879 πυ
535 1827 687 1898 ρετὸς
705 1826 976 1879 ἐπιλαϐὼν
992 1826 1082 1879 τοῦ
1105 1826 1364 1896 βασιλέως
1376 1826 1467 1878 τὸν
1482 1825 1615 1887 υἱὸν,
1638 1825 1716 1886 εἰς
1738 1823 1802 1876 ἁθ
1813 1823 1940 1894 ρόαν

380 1919 475 1970 καὶ
507 1917 778 1987 σφαλερὰν
798 1917 950 1969 νόσον
982 1917 1270 1975 κατέϐαλε.
1290 1917 1397 1969 Καὶ
1433 1918 1460 1968 ὁ
1483 1914 1661 1983 πατὴρ
1684 1914 1825 1966 κατὰ
1845 1913 1937 1966 τοῦ
1971 1912 2009 1966 Β

380 2008 955 2080 ἑδάφουςᾼέρρίπτετο,
1012 2006 1091 2059 ἔτι
1143 2005 1319 2069 ζῶντα
1361 2005 1452 2058 τὸν
1505 2005 1665 2063 παῖδα
1690 2003 1933 2056 πενθῶν·

380 2075 750 2170 ἀμηχανῶνίδέ
772 2100 867 2153 καὶ
894 2098 1226 2168 πανταχόθεν
1261 2098 1397 2158 σῶον
1430 2098 1589 2152 αὑτὸν
1622 2096 1938 2160 σπουδάζων

380 2192 540 2260 ἔχειν,
575 2192 989 2261 ἐπιτρέπειτοῖς
1009 2190 1225 2253 οίκείοις
1266 2189 1732 2259 μετακαλέσασθαι
1777 2187 1940 2245 Βασί-

379 2283 522 2336 λειον
588 2284 667 2346 είς
720 2284 1005 2353 ἐπίσκεψιν
1058 2282 1152 2336 τοῦ
1210 2283 1494 2353 κειμένου·
1541 2281 1764 2352 ἔναγχος
1832 2279 1939 2349 γὰρ

380 2376 711 2447 ὑϐρισμένῳ,
741 2378 919 2447 ᾐδεῖτο
950 2375 1110 2438 αὑτὸς
1142 2377 1266 2445 περὶ
1294 2375 1477 2429 τούτου
1507 2376 1765 2429 κελεύειν.
1790 2376 1940 2445 ’Ἅμα

378 2466 433 2518 δὲ
460 2466 665 2536 παρῆν,
697 2467 790 2520 καὶ
855 2467 883 2517 ὁ
921 2469 1048 2528 παῖς
1074 2467 1200 2536 ῥᾷον
1228 2466 1399 2534 ἔσχεν,
1452 2466 1527 2526 ὼς
1564 2464 1788 2527 πολλοὺς
1818 2466 1939 2517 τότε

382 2557 772 2628 ἰσχυρίζεσθαι,
812 2556 885 2620 ὡς
906 2557 1003 2611 οὑκ
1037 2557 1103 2609 ἂν
1131 2556 1413 2617 ἀπολώλει,
1456 2558 1504 2608 εἰ
1533 2557 1605 2626 μὴ
1643 2557 1735 2609 καὶ
1761 2560 1941 2628 ἐτερο-

378 2648 557 2713 δόξους
575 2650 689 2719 ἅμα
713 2649 971 2718 Βασιλείῳ
1001 2649 1352 2701 συνεκάλεσεν
1377 2689 1390 2710 ,
1438 2648 1577 2719 ὑπὲρ
1620 2648 1713 2701 τοῦ
1757 2651 1942 2714 παιδὸς

380 2740 717 2808 εὑξομὲνους.
738 2742 905 2809 Λόγος
928 2740 983 2793 δὲ
1006 2742 1099 2795 καὶ
1124 2742 1211 2795 τὸν
1228 2742 1467 2810 ὕπαρχον
1489 2740 1626 2811 νόσῳ
1647 2741 1763 2793 τότε
1786 2759 1938 2813 περια

380 2834 561 2885 πεσεῖν
586 2847 598 2860 ⁸
654 2832 1031 2887 ἀντιϐολοῦντα
1078 2833 1135 2886 δὲ
1178 2835 1273 2886 καὶ
1306 2831 1732 2903 παραιτούμενον
1778 2834 1938 2886 αὑτὸν

382 2922 510 2988 ὑγιᾶ
538 2921 805 2987 γενέσθαι.
853 2924 1009 2979 Ἀλλά
1042 2925 1211 2979 ταῦτα
1259 2923 1356 2997 μὲν
1399 2925 1460 2979 οὑ
1492 2924 1777 2996 θαυμαστά
1810 2923 1938 2990 ἴσως

382 3013 579 3077 δόξειεν
620 3016 711 3067 ἐπὶ
740 3015 1001 3089 Βασιλείῳ
1041 3018 1404 3089 σκοπούμενα,
1439 3017 1593 3089 ἀνδρὶ
1635 3018 1907 3089 φιλοσοφω

380 3106 524 3175 camp
544 3124 602 3159 τε
633 3108 723 3161 καὶ
754 3109 928 3177 λόγοις
953 3109 1247 3181 ὑπερφυῶς
1269 3110 1699 3178 εὐδοκιμήσαντι.

2039 649 2345 718 imperatis,
2390 664 2498 704 non
2539 650 2887 705 ideo.tameu
2937 651 3251 707 horninibus
3300 649 3605 720 gratiﬁcari

2036 740 2213 800 decet.
2266 740 2424 795 ﬁdem
2474 757 2603 796 vero
2637 743 2691 796 in
2725 741 2892 797 Deum
2938 744 3212 814 negligere
3256 757 3458 812 :quam
3498 758 3601 809 ego

2037 830 2255 900 quidem
2314 847 2590 901 nunquam
2636 832 3003 902 prodiderim,
3056 850 3159 889 nec
3223 834 3269 887 si
3332 835 3607 887 bonorum

2038 922 2464 991 proscriptione,
2510 933 2605 976 aut
2653 925 2870 987 exsilio,
2925 932 3019 979 aut
3061 925 3279 995 capitali
3331 923 3605 978 sententia

2037 1013 2326 1067 damnatus
2365 1015 2539 1068 fuero.
2571 1014 2712 1068 Nihil
2751 1018 2895 1070 enim
2924 1017 3118 1070 horum
3150 1030 3234 1069 me
3263 1014 3455 1067 dolore
3487 1012 3601 1064 alli-

2038 1120 2165 1159 cere
2196 1106 2418 1173 poterit.
2460 1104 2595 1159 Nam
2643 1121 2773 1176 opes
2805 1107 3021 1170 quidem
3063 1106 3243 1159 nullas
3276 1104 3468 1163 habeo,
3502 1102 3597 1156 sed

2039 1197 2262 1265 pallium
2295 1197 2561 1251 duntaxat
2595 1206 2649 1251 et
2679 1213 2883 1267 paucos
2915 1198 3101 1251 libros.
3136 1198 3193 1249 In
3222 1199 3383 1251 terris
3415 1204 3595 1247 autem

2039 1286 2112 1340 ita
2186 1288 2361 1355 dego,
2424 1287 2580 1357 quasi
2636 1290 2979 1358 peregrinus.
3033 1288 3249 1357 Corpus
3308 1302 3436 1340 vero
3491 1300 3604 1353 pra;

2022 1376 2431 1442 imbecillitate,
2463 1386 2585 1447 post
2612 1379 2842 1448 primam
2875 1379 3134 1434 inﬁictam
3169 1378 3403 1447 plagam,
3434 1390 3598 1430 sensu

2039 1470 2246 1525 doloris
2304 1478 2357 1524 et
2414 1472 2754 1525 cruciatibus
2790 1474 3042 1540 superius
3099 1472 3225 1525 erit.
3287 1470 3419 1537 Qua:
3473 1482 3597 1519 cum

2039 1559 2207 1613 libere
2256 1560 2488 1615 dixisset
2542 1560 2798 1626 Basilius,
2848 1561 3137 1630 prmfectus
3182 1560 3438 1614 virtutem
3494 1555 3597 1609 viri

2039 1651 2376 1716 admiratus,
2424 1667 2537 1706 rem
2575 1652 2887 1721 imperatori
2941 1653 3234 1706 nuntiavit.
3290 1650 3414 1713 Ille,
3474 1663 3608 1701 cum.

2038 1740 2213 1797 festus
2271 1743 2747 1812 Tlteophaniorum
2802 1744 2919 1798 dies
2974 1754 3243 1813 ageretur,
3305 1757 3411 1795 una
3468 1753 3594 1805 cum

2039 1834 2333 1889 comitibus
2372 1836 2488 1888 suis
2523 1834 3012 1904 et-protectoribus
3051 1834 3117 1886 ad
3157 1832 3443 1888 ecclesiam
3475 1843 3607 1899 pro-.

2039 1926 2329 1980 cessit:et
2383 1925 2700 1979 muneribus
2745 1924 2859 1979 suis
2915 1924 2980 1978 ad
3043 1925 3217 1978 altare
3267 1921 3496 1983 oblatis,
3546 1921 3599 1971 in

2039 2017 2370 2085 colloquium
2420 2017 2566 2070 venit
2621 2031 2744 2069 cum
2791 2015 3012 2079 Basilio,
3061 2029 3297 2084 eumque
3355 2022 3471 2066 tum
3532 2012 3615 2063 ob

2040 2108 2409 2178 prudentiam,
2438 2116 2549 2160 tum
2590 2107 2660 2160 ob
2681 2106 2930 2161 decorem
2962 2116 3125 2175 atque
3149 2106 3467 2176 gravitatem
3495 2116 3601 2171 qua

2039 2199 2330 2255 sacerdotii
2389 2214 2586 2253 munus
2633 2200 2839 2262 obibat,
2902 2205 2956 2252 et
3009 2205 3312 2252 conventus
3374 2193 3588 2263 agebat,

2040 2304 2366 2358 magnOpere
2402 2290 2671 2358 suspexit.
2700 2288 2866 2342 Paulo
2902 2295 3023 2357 post
3051 2296 3230 2341 tamen
3256 2282 3602 2339 adversario-

2040 2396 2161 2433 rum
2195 2381 2484 2436 calumniis
2508 2381 2757 2434 eﬂ’eetum
2795 2389 2900 2444 est,
2932 2389 2990 2432 ut
3041 2380 3093 2433 in
3122 2377 3376 2433 exsilium
3412 2376 3601 2428 mitte-.

2040 2481 2211 2527 retur.
2272 2473 2503 2543 Jamque
2559 2472 2747 2527 aderat
2799 2488 2905 2526 nox
2945 2488 3050 2542 qua
3107 2473 3159 2526 id
3210 2468 3598 2541 perﬁciendum

2041 2564 2344 2617 videbat-ur.
2387 2564 2520 2617 Cum
2564 2574 2786 2634 repente
2829 2564 2996 2620 febris
3043 2561 3390 2632 imperatoris
3428 2558 3598 2612 ﬁlium

2041 2653 2367 2721 corripiens,
2400 2653 2627 2722 ancipiti
2662 2669 2725 2706 ac
2760 2654 3068 2722 periculoso
3094 2652 3285 2705 morbo
3311 2647 3599 2718 oppressit.

2045 2743 2201 2797 Pater
2242 2745 2361 2817 ipse
2399 2745 2549 2797 humi
2605 2748 2944 2813 provolutus,
2983 2745 3151 2797 ﬁlium
3191 2743 3369 2797 adhuc
3408 2755 3601 2810 super-

2044 2836 2225 2891 stitem
2258 2836 2495 2905 lugebat.
2526 2837 2774 2905 Cumque
2808 2836 2876 2890 ad
2910 2837 3148 2906 inopiam
3192 2833 3405 2889 consilii
3444 2832 3602 2885 reda-

2043 2936 2165 2981 cuts
2187 2935 2353 2991 esset,
2378 2936 2432 2981 et
2453 2927 2705 2982 omnibus
2740 2926 2912 2982 modis
2935 2926 3261 2981 incolumem
3293 2922 3395 2978 sibi
3433 2922 3600 2976 ﬁlium

2041 3020 2254 3074 restitui
2287 3019 2549 3081 studeret,
2577 3020 2825 3088 permisit
2850 3019 3231 3079 familiaribus,
3256 3027 3312 3069 ut
3342 3015 3599 3069 Basilium

2040 3116 2385 3164 accerserent
2424 3108 2491 3162 ad
2532 3109 2815 3164 visendum
2858 3123 3084 3178 aegrum.
3118 3107 3171 3160 ld
3214 3107 3357 3160 enim
3403 3106 3520 3173 ipse
3551 3104 3599 3157 ei

380 3197 638 3251 mandare
660 3214 766 3265 non
794 3199 1057 3266 audebat,
1080 3216 1240 3269 quem
1268 3199 1427 3267 paulo
1451 3209 1575 3263 ante
1605 3198 1935 3263 contumelia
1974 3196 2270 3253 aﬁ‘ccisset.
2314 3196 2486 3251 Simul
2533 3205 2698 3264 atque
2765 3196 2937 3249 adfuit
2990 3194 3248 3254 Basilius,
3296 3209 3427 3262 puer
3494 3207 3607 3244 me-

386 3287 493 3340 lius
524 3287 720 3342 habere
749 3291 913 3359 cmpit
947 3307 962 3343 :
996 3290 1128 3344 adeo
1159 3289 1321 3359 239
1350 3296 1409 3342 ut
1478 3290 1634 3342 multi
1710 3289 2117 3354 aﬁirmaverint,
2163 3304 2391 3358 puerum
2428 3291 2651 3343 omnino
2696 3288 3019 3343 moriturum
3094 3302 3199 3340 non
3242 3285 3432 3347 fuisse,
3500 3283 3605 3336 nisi

381 3398 489 3433 una
519 3396 641 3434 cum
665 3382 861 3438 Basilio
886 3384 1171 3439 haereticos
1192 3386 1351 3439 etiam
1382 3384 1701 3439 advocasset
1753 3382 1974 3449 Valens,
2048 3385 2141 3454 qui
2196 3399 2297 3454 pro
2355 3383 2466 3437 ﬁlio
2525 3390 2901 3454 precarentur.
2957 3380 3264 3446 Quinetiam
3324 3376 3625 3447 praefectus.

382 3475 572 3526 eodem
605 3480 848 3542 tempore
883 3476 937 3529 in
968 3476 1219 3530 morbum
1254 3476 1514 3541 incidisse
1546 3475 1763 3536 fertur:
1833 3491 2068 3545 cumque
2110 3477 2447 3546 supplicaret
2491 3490 2555 3529 ac
2613 3476 2828 3528 veniant
2900 3478 3126 3541 peteret,
3175 3470 3404 3524 salutem
3453 3484 3608 3522 recu-

382 3581 627 3637 perasse.
676 3565 878 3621 Verum
929 3569 1043 3623 haec
1084 3570 1265 3623 minus
1313 3568 1659 3623 admirabilia
1708 3568 1941 3624 fortasse
1978 3570 2310 3624 videbuntur
2355 3569 2409 3623 in
2484 3568 2708 3631 Basilio,
2757 3564 3194 3632 viroexcellenti
3266 3563 3608 3634 pltilOSOpliia

383 3660 631 3728 praedito,
684 3670 737 3715 et
779 3660 849 3716 ob
884 3662 1186 3730 doctrinam
1224 3671 1390 3731 atque
1419 3662 1786 3732 eloquentiam
1831 3663 2033 3731 ubique
2066 3662 2367 3716 celebrato.

972 3757 1019 3808 Κ
1030 3757 1220 3811 ΕΦΛΛ.
1253 3757 1351 3811 ῘΖ’.
1974 3763 2016 3811 C
2641 3754 2724 3807 CA

1253 3757 1351 3811 IZ'.
1974 3763 2016 3811 ϐ
2641 3752 2792 3807 CAP.
2843 3751 3003 3806 XVII.

972 3763 1220 3811 ΚΕΦΛΛ.
1255 3763 1351 3811 IZ'.

382 3846 519 3912 Περὶ
541 3844 651 3912 τῆς
675 3848 1015 3915 συμμαχίας
1040 3820 1361 3900 Βασιλείοὺ
1386 3848 1478 3900 καὶ
1500 3849 1824 3915 I‘pnroplov
1841 3848 1947 3901 τοῦ
1974 3763 2016 3820 c
2048 3849 2125 3904 De

1974 3763 2016 3820 ο
2641 3763 2792 3807 L‘Al’.
2846 3763 3004 3806 Mli.

1850 3848 1947 3901 τοῦ
2048 3849 2125 3904 De
2173 3851 2419 3904 societate
2462 3850 2602 3903 inter
2641 3846 2898 3901 Basiliam
2942 3855 2989 3898 et
3031 3845 3334 3914 Gregorium
3389 3842 3608 3905 Theola-

450 3918 779 3984 Θεολόγου·
831 3919 923 3968 καὶ
984 3918 1061 3981 ὡς
1082 3917 1247 3984 ἄκροι
1284 3919 1585 3985 γενόμενοι
1618 3920 1713 3970 ἐπὶ
1740 3920 1943 3986 σοφίᾳ,

482 3987 556 4039 οῦ
576 3986 644 4037 ἐν
664 3988 875 4051 Nitrata
895 3986 1183 4054 δόγματος
1210 3988 1633 4055 ὑπερίσταντο.

453 4078 746 4148 Σύγχρονοι
800 4079 855 4131 δέ
904 4079 1052 4140 ὄντες
1086 4079 1243 4141 αὑτός
1274 4096 1331 4131 τε
1352 4081 1442 4132 καὶ
1471 4080 1787 4150 Γρηγόριος,
1819 4080 1947 4150 ὀμό-

385 4166 533 4235 ζηλοι
561 4171 679 4230 ταῖς
714 4170 957 4237 ἀρεταῖς,
1000 4168 1073 4229 ὡς
1111 4170 1304 4231 εἰπεῖν,
1350 4170 1717 4239 ἐγνωρίζοντο.
1747 4172 1947 4240 Ἀμφω

384 4259 491 4328 γὰρ
516 4259 620 4310 νέοι
679 4258 850 4321 ὄντες,
889 4259 1102 4328 Ἰμερίῳ
1136 4259 1227 4311 καὶ
1258 4260 1612 4330 Προαιρεσίῳ,
1670 4265 1780 4323 τοῖς
1827 4263 1946 4314 τότε

383 4352 773 4419 δοκιμωτάτοις
802 4354 1080 4419 σοφισταῖς
1114 4354 1169 4403 ἐν
1198 4352 1443 4421 Ἀθήναις
1470 4354 1788 4422 ἐφοίτησαν’
1812 4356 1947 4423 μετά

384 4442 553 4494 ταῦτα
578 4442 652 4501 δέ,
679 4443 734 4493 ἐν
765 4443 1060 4512 Ἀντιοχείᾳ
1079 4443 1398 4514 Λιϐανὲῳτῷ
1414 4443 1585 4514 Σύρῳ.
1602 4446 1945 4513 Σοφιστεύειν

380 4531 439 4583 δὲ
469 4532 559 4584 καὶ
581 4532 732 4595 δίκας
756 4533 1038 4603 ἀγορεύειν
1065 4534 1424 4603 ὑπεριδόντες,
1459 4534 1764 4603 φιλοσοφεῖν
1788 4535 1945 4603 ξγνωο

387 4638 485 4673 σαν
520 4623 657 4683 κατά
718 4622 808 4674 τὸν
842 4625 941 4692 τῆς
974 4622 1296 4693 Ἐκκλησίας
1351 4623 1532 4692 νόμον.
1573 4624 1694 4676 Ἐπί
1732 4643 1850 4677 τινα
1889 4626 1944 4678 δὲ

386 4712 574 4782 χρόνον
599 4714 708 4773 τοῖς
745 4712 1026 4783 μαθήμασι
1070 4713 1176 4764 τῶν
1226 4713 1353 4783 παρ’
1386 4713 1608 4783 Ἕλλησι
1644 4714 1943 4784 φιλοσόφων

387 4804 835 4873 ἐνδιατρίψαντες,
868 4805 957 4857 καὶ
980 4804 1078 4866 τὰς
1111 4805 1397 4874 ἐξηγήσεις
1427 4805 1533 4857 τῶν
1563 4807 1721 4877 ἱερῶν
1754 4808 1941 4875 Λόγων

386 4894 850 4964 ἐξακριϐώσαντες
907 4897 969 4948 ἐκ
1013 4896 1120 4948 τῶν
1168 4897 1489 4964 Ὠριγένους,
1550 4899 1641 4955 καὶ
1680 4898 1789 4951 τῶν
1839 4898 1944 4969 πρὸ

384 4985 546 5037 αὑτοῦ
588 4987 679 5037 καὶ
711 4987 823 5056 μετ’
855 4988 1057 5039 ἐκεῖνον
1094 4988 1152 5037 ἐν
1171 4990 1287 5049 ταῖς
1317 4989 1629 5058 ἑρμηνείαις
1648 4989 1755 5040 τῶν
1783 4990 1942 5059 ἱερῶν

2118 3938 2241 3989 gum
2273 3931 2366 3990 χει
2395 3919 2653 3990 quomodo
2697 3918 2862 3990 ambo
2884 3916 3160 3990 excellenti
3192 3916 3433 3968 doctrina
3471 3929 3607 3981 prit—

2118 3985 2236 4054 iliti,
2276 3985 2548 4042 Nicri‘nam
2581 3987 2737 4058 fidem
2770 3985 3133 4051 defenderunt.

2117 4076 2223 4131 Iste
2273 4091 2438 4145 porro
2490 4084 2543 4131 et
2597 4073 2917 4143 Gregorius,
2979 4074 3094 4141 pari
3146 4071 3366 4126 virtutis
3426 4069 3611 4123 studio

2046 4167 2236 4232 dediti,
2266 4167 2460 4221 iisdem
2496 4168 2834 4236 temporibus
2876 4166 3201 4219 ﬂoruerunt.
3254 4164 3426 4217 Ambo
3462 4163 3607 4218 enim

2047 4255 2227 4309 adhuc
2285 4254 2679 4315 adolescentes,
2741 4254 3039 4308 Iiimerium
3097 4263 3148 4308 et
3216 4252 3607 4316 Promresium,

2046 4348 2320 4416 sopbistas
2354 4362 2415 4401 ea
2452 4356 2773 4416 tempestate
2801 4348 3213 4407 celeberrimos,
3248 4346 3475 4400 Atbenis
3499 4362 3598 4399 au-

2046 4438 2266 4493 dierunt
2315 4457 2327 4492 :
2376 4447 2563 4508 postea
2619 4454 2747 4493 vero
2806 4439 3094 4492 Libanium
3159 4436 3354 4508 Syrum
3414 4438 3611 4492 Antio-

2047 4530 2181 4584 ebia:
2202 4531 2239 4584 ¹.
2277 4529 2380 4583 Sed
2413 4546 2535 4584 cum
2572 4530 2929 4600 sepltisticam
2967 4529 3363 4599 professionem
3395 4537 3448 4584 et
3479 4545 3610 4581 cau-

2047 4623 2334 4678 sidicinam
2362 4623 2577 4677 tandem
2611 4625 2971 4693 sprevissent,
3007 4623 3161 4691 juxta
3204 4636 3391 4675 sacras
3432 4623 3611 4676 Eccle-

2044 4716 2138 4768 si:e
2188 4715 2332 4783 leges
2392 4714 2766 4784 philosophari
2820 4715 3202 4768 decreverunt.
3261 4711 3431 4764 Porro
3484 4728 3606 4765 cum

2048 4806 2381 4874 aliquantum
2421 4807 2677 4875 temporis
2717 4805 2771 4859 in
2804 4804 3117 4873 disciplinis
3153 4803 3605 4871 pltilosOpborum

2045 4896 2323 4964 gentilium
2358 4896 2921 4965 consumpsissent,et
2951 4908 3230 4953 sacrarum
3269 4894 3599 4946 Litterarum

2044 4988 2436 5057 expositionem
2492 4989 2687 5058 partim
2734 5002 2796 5040 ex
2855 4987 3265 5040 commentariis
3318 4983 3606 5053 Origenis,

386 5076 590 5129 Βίῦλων
625 5076 1111 5147 εὐδοκιμησάντων,
1140 5077 1282 5147 μέγα
1307 5078 1495 5145 ὄφελος
1522 5078 1661 5131 κατὰ
1680 5079 1769 5131 τὸν
1800 5097 1942 5148 παρ·
1978 5093 2019 5147 [)
2046 5095 2144 5150 par

1848 5097 1942 5148 αρ-
1978 5093 2019 5147 υ
2046 5080 2243 5150 partim
2276 5082 2353 5134 ὀι
2397 5081 2542 5144 aliis,
2573 5079 2665 5147 qui
2715 5078 2798 5134 vel
2840 5085 2967 5131 ante
3012 5077 3322 5147 Origenent,
3364 5079 3441 5131 vel
3488 5086 3606 5146 post

384 5169 511 5219 οντα
540 5168 726 5239 καιρὸν
783 5169 1026 5236 ἐγένοντο
1071 5170 1180 5231 τοῖς
1232 5168 1502 5238 ὀμοδόξοις
1526 5168 1631 5223 τῶν
1656 5172 1713 5223 ἐν
1736 5171 1940 5241 Νικαία

458 5351 486 5394 ¹.
510 5350 687 5407 Socr..
723 5350 817 5404 lib.
851 5364 922 5413 Iv,
961 5363 1009 5403 c.
1040 5348 1140 5409 26.Δ

2048 5173 2221 5236 illum,
2267 5174 2320 5226 in
2361 5174 2536 5229 sacris
2578 5172 2977 5237 Voluminibus.
3022 5170 3448 5239 interpretandis
3500 5186 3607 5225 non

1554 5504 1818 5558 VALESII
1856 5505 1946 5560 AN
1956 5505 2411 5562 NOTATIONES.

455 5620 562 5688 (82)
601 5623 668 5673 Et
701 5620 809 5689 γὰρ
835 5622 1053 5675 οὐσίαν
1071 5620 1201 5688 μέν.
1227 5617 1381 5672 Hunc
1403 5620 1591 5675 locum
1622 5622 1831 5673 correxi
1863 5636 1927 5674 ex

383 5692 574 5746 codice
602 5690 933 5755 Fuketiano,
985 5693 1037 5743 in
1085 5705 1195 5758 quo
1241 5690 1445 5743 diserte
1483 5690 1740 5744 scribitur
1769 5689 1823 5741 εἴ
1867 5708 1930 5759 γε

384 5762 568 5817 οὐσίαν
615 5762 717 5828 μὲν.
747 5762 844 5813 οὑκ
882 5761 1022 5830 ἔχω·
1062 5759 1226 5830 ρᾶιεός
1253 5775 1330 5823 τε,
1373 5768 1477 5813 etc.
1519 5759 1725 5813 Mallem
1754 5770 1930 5830 tamen

386 5832 625 5885 scribere
653 5832 817 5901 ρᾶκος
848 5828 945 5895 δέ,
993 5828 1096 5885 etc.
1146 5828 1314 5883 Porro
1357 5829 1425 5884 de
1457 5830 1557 5885 hac
1586 5829 1823 5884 secunda
1857 5830 1937 5884 in-

2038 5623 2399 5695 terrogatione
2438 5621 2623 5677 Basilii
2656 5623 3130 5695 wramAModesto
3170 5623 3427 5695 praefecto
3459 5641 3623 5695 pra»-

2037 5693 2199 5764 torio,
2237 5694 2355 5764 vide
2383 5708 2504 5762 qua:
2534 5695 2717 5747 notavi
2758 5693 2822 5747 ad
2846 5692 3084 5751 Socratis
3121 5692 3214 5749 lib.
3248 5710 3321 5756 iv,
3356 5692 3478 5764 cap.
3509 5696 3597 5749 26.

2038 5760 2223 5831 Neque
2254 5760 2414 5816 enim'
2433 5778 2570 5832 opus
2608 5772 2689 5821 est
2717 5764 2803 5819 hic
2846 5772 3095 5835 repetere
3130 5780 3189 5821 ea
3219 5782 3339 5836 quae
3369 5760 3479 5820 illic
3505 5768 3607 5820 ob-.

2043 5840 2257 5887 servata
2287 5840 2435 5890 sunt.
