4452 6598
426 425 559 483 187

1366 432 1692 495 HISTORIA
1730 435 2283 502 ECCLESIASTICA.
2324 478 2393 490 --
2433 447 2560 501 LIB.
2600 446 2686 501 VI.

3531 453 3673 512 £330

414 540 494 611 τῷ
515 540 744 613 ὑπάρχῳ
802 536 891 613 ἦν,
945 544 1147 615 καίπερ
1196 547 1501 619 ἑτερόδοξος
1539 548 1635 616 ὢν,
1685 552 1858 624 λάθρα
1884 558 1993 617 τοῖς
2024 565 2067 617 Λ
2098 573 2172 612 co:

1909 558 1993 617 οἷς
2024 565 2067 617 Α
2098 569 2397 615 conventus
2422 562 2534 615 lieri
2561 561 2918 630 permisisset.
2951 561 3021 615 At
3054 562 3357 631 Modestus,
3389 566 3492 621 hoc
3519 572 3667 625 enim

428 630 728 701 Ἐδεσηνοῖς
759 634 1019 703 ἐμήνυσε,
1067 636 1404 704 φυλάξασθαι
1448 640 1546 711 τὴν
1585 643 1874 716 ὑστεραίαν
1916 647 1990 717 μὴ

418 721 690 775 συνελθεῖν
743 726 824 787 εἰς
866 726 958 778 τὸν
1004 728 1230 781 εἰωθότα
1262 731 1427 784 τόπον
1477 732 1810 803 εὐξαμένους
1853 739 1989 809 (87).

416 810 567 867 Εἶναι
595 814 705 884 γὰρ
734 815 883 885 αὐτῷ
916 820 1391 891 προστεταγμένον
1414 824 1561 893 παρὰ
1580 825 1673 877 τοῦ
1707 824 1990 894 βασιλέως,

416 908 771 976 τιμωρεῖσθαι
820 909 948 970 τοῦς
1002 910 1407 983 ἁλισκομένους.
1464 916 1575 968 Καὶ
1611 918 1639 969 6
1684 919 1782 986 μὲν
1821 919 1994 974 ταῦτα

416 998 646 1066 ἠπείλει,
676 998 963 1069 ἢόλῑγους,
1020 1002 1053 1072 ἢ
1111 1004 1314 1075 μηδένα
1352 1008 1597 1078 προνοῶν
1626 1011 1992 1073 κινδυνεῦσαι.

418 1093 511 1145 καὶ
529 1092 688 1147 αὐτὸν
740 1098 1123 1166 παραιτεῖσθαι
1191 1101 1508 1166 σπουδάζων
1566 1103 1703 1175 πρὸς
1751 1104 1850 1174 τὴν
1899 1104 1992 1158 τοῦ

419 1185 743 1255 κρατοῦντος
774 1188 962 1259 ὀργήν.
988 1190 1049 1243 Οἱ
1074 1189 1129 1242 δέ
1180 1191 1474 1263 Ἐδεσηνοὶ,
1507 1196 1634 1265 παρ’
1654 1194 1803 1249 οὐδὲν
1835 1212 1990 1266 ποιη-

422 1276 645 1346 σάμενοι
672 1280 771 1350 τὴν
801 1279 1051 1352 ἀπειλὴν,
1097 1284 1509 1357 σπουδαιότερον
1545 1286 1579 1358 ἢ
1618 1286 1840 1358 προτοῦ,
1874 1303 1997 1339 συν-

419 1370 603 1442 έῤῥεον
635 1372 824 1438 ἕωθεν,
860 1376 954 1429 καὶ
1004 1376 1093 1430 τὸν
1140 1377 1369 1432 εἰωθότα
1402 1379 1565 1433 τόπον
1595 1381 1889 1451 ἐπλήρουν.
1935 1380 1994 1433 '0

416 1461 472 1515 δὲ
505 1463 795 1528 Μόδεστος,
822 1464 1181 1535 ἀγγελθέντος
1228 1470 1441 1532 τούτου.
1474 1472 1570 1524 οὐκ
1593 1466 1737 1542 εἶχεν
1765 1473 1793 1525 ὅ
1816 1489 1869 1527 τι
1901 1474 1995 1525 καὶ

418 1556 713 1626 ποιήσειεν,
745 1559 1044 1628 ἀμηχανῶν
1074 1560 1131 1612 δὲ
1160 1564 1274 1624 τοῖς
1303 1562 1593 1633 παροῦσιν,
1642 1566 1792 1635 ὅμως
1815 1565 1908 1618 ἐπὶ
1935 1565 1994 1617 τὸ

416 1645 597 1700 πεδίον
650 1648 758 1719 ᾔει.
808 1650 949 1721 Γυνὴ
997 1652 1054 1704 δέ
1088 1670 1173 1716 τις
1202 1654 1486 1726 παιδάριον
1524 1657 1776 1721 ἕλκουσα,
1809 1659 1903 1711 καὶ
1934 1658 1996 1710 τὸ

419 1738 590 1807 φᾶρος
627 1743 748 1811 εἰκῆ
777 1743 1145 1814 ὲπισυρομένη
1170 1747 1324 1817 παρὰ
1350 1746 1440 1799 τὸν
1469 1747 1748 1818 πρέποντα
1778 1750 1997 1818 γυναικὶ

419 1829 641 1900 κόσμον,
675 1832 750 1895 ὡς
780 1834 872 1885 ἐπί
908 1851 960 1887 τι
999 1836 1280 1891 σπουδαῖον
1322 1840 1671 1910 ἐπειγομένη,
1702 1840 1800 1912 τὴν
1832 1844 1995 1912 ἡγου-

2094 651 2317 706 nomine
2364 653 2660 708 vocabatur
2703 654 3029 723 pmfectus,
3075 657 3202 712 licet
3234 660 3463 715 alterius
3506 674 3671 718 secta:

2094 750 2265 808 esset.
2294 743 2439 798 clam
2475 752 2659 799 tamen
2692 746 3000 801 Edessenos
3040 748 3383 815 submonuit,
3418 760 3478 805 ut
3512 768 3672 808 cave-

2093 840 2217 887 rent
2245 847 2315 888 ne
2345 840 2575 903 postero
2601 833 2691 888 die
2719 834 2785 887 ad
2830 844 3155 890 consuetum
3187 838 3364 892 locum
3409 843 3670 908 precandi

2092 940 2259 980 causa
2313 925 2693 979 convenirent.
2756 925 2873 979 Sibi
2934 942 3170 998 namque
3219 928 3290 983 ab
3343 930 3668 1000 imperatore

2094 1021 2425 1085 pneceptum
2470 1029 2614 1077 esse,
2656 1014 2793 1069 utin
2837 1030 2934 1071 eos
2986 1018 3078 1086 qui
3113 1017 3441 1087 deprehensi
3486 1034 3673 1078 essent

2093 1104 2576 1159 animadverteret.
2612 1105 2692 1160 Ac
2719 1104 3014 1175 praefectus
3039 1108 3256 1177 quidem
3290 1110 3393 1165 ista
3424 1112 3672 1166 minaba-

2095 1208 2205 1261 tur,
2241 1197 2583 1267 prospiciens
2632 1208 2692 1252 ut
2744 1214 2906 1254 nemo
2935 1215 3148 1261 eorum,
3189 1204 3273 1256 vel
3316 1213 3469 1259 certe
3502 1220 3671 1275 quam

2094 1291 2420 1360 paucissimi
2471 1292 2526 1345 in
2574 1291 2873 1346 discrimen
2907 1293 3184 1357 venirent,
3223 1303 3394 1365 utque
3438 1298 3672 1367 ipsemet

2094 1384 2442 1452 imperatoris
2473 1385 2610 1439 iram
2646 1383 2925 1455 elI‘ugeret.
2967 1384 3168 1441 Verum
3207 1386 3489 1454 Edesseni,
3514 1404 3672 1460 spre-

2096 1476 2169 1529 tis
2197 1475 2510 1543 hujusmodi
2544 1476 2730 1538 minis,
2762 1478 2941 1546 primo
2973 1478 3238 1544 diluculo,
3278 1480 3482 1549 majore
3504 1498 3668 1551 quant

2096 1575 2255 1623 antea
2297 1568 2480 1623 studio
2527 1568 2955 1639 conﬂuxerunt,
3008 1578 3063 1626 et
3112 1584 3436 1628 consuetum
3487 1576 3669 1629 locum

2095 1670 2452 1731 occuparunt.
2493 1663 2567 1717 Ea
2600 1678 2658 1719 re
2680 1664 2955 1727 nuntiata,
3004 1663 3287 1719 Modestus
3324 1666 3454 1734 quid
3487 1673 3673 1736 ageret

2096 1756 2394 1810 nesciebat.
2436 1753 2505 1809 Et
2548 1758 2801 1825 quamvis
2854 1757 2907 1810 in
2952 1757 3054 1811 hoc
3084 1772 3268 1811 rerum
3316 1766 3459 1813 statu
3509 1759 3671 1829 inops

2097 1844 2314 1897 consilii
2354 1853 2523 1906 esset.
2578 1844 2940 1898 nihilominus
2994 1844 3059 1898 ad
3102 1858 3355 1915 campum
3408 1848 3669 1915 perrexit.

419 1922 588 1992 μένην
630 1924 724 1977 τοῦ
770 1926 1015 1997 ὑπάρχου
1064 1902 1466 2001 στρατιιυτικὴν⁷
1515 1902 1673 2001 ἐςτιχᾷ
1720 1902 1989 2003 διέτεμεν.
2030 1902 2177 1986 ΒΙιιι

1911 1951 1989 1989 εν.
2030 1902 2308 1987 BInterea
2356 1934 2555 1990 mulier
2609 1936 2859 2005 quaedam
2915 1951 3145 2006 puerum
3194 1951 3358 1991 manu
3404 1947 3669 2008 raptans,

429 2013 573 2067 Ἰδὼν
600 2016 658 2070 δὲ
688 2017 979 2082 Μόδεστος,
1024 2019 1354 2091 προσέταξεν
1397 2022 1567 2091 αὐτὴν
1601 2023 1987 2094 συλληφθῆναι.

418 2107 528 2161 Καὶ
577 2110 1121 2181 προσκαλεσάμενος,
1179 2113 1378 2183 ἀπῄτει
1432 2113 1609 2181 λέγειν
1652 2115 1744 2167 τοῦ
1790 2117 1991 2187 δρόμου

418 2196 515 2266 τὴν
541 2198 737 2251 αἰτίαν.
791 2199 901 2269 Τῆς
928 2200 983 2253 δέ
1022 2201 1303 2272 εἰπούσης,
1344 2203 1430 2256 ἵνα
1459 2203 1650 2256 θᾶττον
1697 2205 1992 2259 καταλάϐω

417 2286 477 2338 τὸ
507 2287 707 2350 πεδίον,
738 2286 865 2341 ἔνθα
895 2292 1138 2345 συνιᾶσιν
1165 2294 1212 2345 οἱ
1236 2293 1344 2347 ἀπὸ
1374 2294 1474 2364 τῆς
1490 2294 1720 2349 καθόλου
1766 2298 1993 2368 Ἐκκλη-

417 2376 558 2440 σίας.
612 2379 763 2450 Μόνη
815 2376 931 2445 οῦν,
986 2382 1088 2455 ἔφη
1130 2384 1421 2449 Μόδεστος,
1455 2387 1556 2441 οὐκ
1596 2387 1767 2456 ἔγνως
1797 2389 1992 2444 αὐτίκα

420 2469 633 2538 μέλλειν
664 2473 843 2527 ἐκεῖσε
880 2473 974 2527 τὸν
1009 2475 1252 2548 ῦπαρχον
1285 2480 1437 2541 ξέναι,
1470 2481 1565 2534 καὶ
1594 2480 1687 2545 οὓς
1724 2482 1791 2535 ἂν
1814 2481 1988 2553 εὖροι,

416 2560 625 2626 πάντας
680 2566 1235 2639 ἀναιρήσεινςΝαίχι
1288 2570 1523 2641 ἀκήκοα,
1580 2574 1734 2643 φησὶ,
1777 2576 1871 2627 καί
1901 2576 1992 2630 διὰ

416 2656 577 2709 τοῦτο
630 2661 864 2728 μάλιστα
921 2663 1122 2734 δρόμου
1164 2665 1244 2717 δεῖ
1296 2684 1415 2735 μοι,
1460 2667 1545 2721 ἵνα
1576 2668 1648 2738 μὴ
1675 2668 1768 2722 τοῦ
1798 2672 1990 2741 καιροῦ

418 2749 643 2802 κατόπιν
668 2752 931 2823 γένωμαι,
972 2758 1064 2809 καὶ
1109 2758 1341 2829 ἁμάρτω
1372 2762 1470 2829 τῆς
1506 2763 1632 2831 περὶ
1682 2762 1819 2816 Θεοῦ
1850 2782 1987 2835 μαρο

416 2840 609 2909 τυρίας
631 2841 759 2909 (88).
783 2845 965 2915 Ἀτάρ.
996 2848 1048 2901 τί
1068 2865 1129 2915 γε
1154 2850 1384 2903 τοῦτοτὸ
1411 2852 1620 2905 παιδίον
1652 2854 1770 2923 μεθ’
1792 2855 1994 2925 ἑαυτῆς

418 2930 592 2997 ἄγεις,
645 2934 807 3005 ἤρετο
854 2940 881 2989 6
918 2938 1159 3011 ὕπαρχος
1185 2958 1199 2971 ⁵
1236 2943 1310 3007 ὡς
1342 2945 1406 2997 ἄν
1437 2961 1501 3013 γε
1548 2945 1641 2998 καὶ
1671 2946 1831 3011 αὐτὸ,
1862 2946 1988 3017 ἔφη,

417 3021 507 3073 τοῦ
536 3025 710 3077 κοινοῦ
750 3026 955 3091 πάθους
983 3032 1245 3105 μετάσχῃ,
1280 3034 1377 3086 καὶ
1404 3034 1509 3087 τῶν
1546 3034 1675 3089 ἴσων
1706 3036 1986 3108 ἀξιωθείη.

417 3112 711 3183 Θαυμάσας
740 3118 795 3170 δὲ
830 3119 858 3169 6
898 3120 1165 3186 Μόδεστος
1204 3122 1302 3195 τὴν
1328 3129 1563 3192 γυναῖκα
1593 3126 1691 3197 τῆς
1712 3127 1984 3198 ἀνδρείας,

2094 2039 2255 2080 secus
2293 2041 2457 2095 quam
2507 2027 2790 2083 mulierem
2821 2028 2999 2095 decet,
3042 2029 3267 2097 pallium
3311 2030 3671 2099 incomposite

2092 2118 2341 2182 trahens,
2366 2117 2657 2173 militarem
2690 2134 2911 2173 manum
2944 2136 3065 2190 qua:
3094 2120 3410 2190 praefectum
3431 2122 3666 2176 anteibat

2092 2210 2359 2279 perrupit.
2392 2211 2550 2279 quasi
2579 2208 2646 2265 ad
2687 2214 2867 2283 magni
2910 2214 3173 2269 momenti
3207 2215 3485 2284 negotium
3518 2214 3662 2271 festi-

2093 2317 2256 2356 nans.
2278 2300 2434 2368 Quod
2461 2319 2585 2360 cum
2617 2304 2845 2359 vidisset
2869 2304 3170 2371 Modestus,
3203 2309 3485 2362 mulierem
3516 2323 3670 2362 com-

2094 2393 2358 2463 prehendi
2386 2393 2577 2462 jussit.
2609 2394 2675 2447 Et
2713 2398 3035 2451 accersitam
3086 2398 3152 2453 ad
3199 2413 3260 2454 se
3291 2399 3668 2469 interrogavit,

2092 2498 2213 2552 quae
2258 2499 2427 2539 causa
2458 2499 2658 2541 cursus
2704 2496 2815 2540 tam
2858 2490 3100 2543 contenti
3149 2499 3314 2545 esset.
3364 2489 3667 2561 Respondit

2093 2579 2183 2633 illa
2227 2597 2241 2635 :
2279 2576 2347 2632 Ut
2398 2578 2564 2634 citius
2621 2579 2933 2649 perveniam
2982 2582 3048 2636 ad
3108 2598 3385 2653 campum,
3451 2585 3506 2638 in
3560 2600 3668 2653 quc

2091 2669 2330 2740 populus
2359 2669 2615 2725 Ecclesiae
2644 2672 2927 2726 catholica:
2966 2684 3351 2744 congregatur.
3381 2675 3520 2731 Tum
3551 2677 3666 2732 Mo-

2090 2763 2280 2817 destus
2315 2782 2327 2815 :
2365 2760 2523 2817 Tune
2548 2764 2688 2827 sola,
2734 2764 2933 2833 inquit,
2980 2765 3207 2835 ignoras
3238 2768 3552 2835 praefectum
3602 2784 3667 2824 eo

2091 2854 2276 2908 statim
2305 2862 2595 2908 venturum
2621 2868 2766 2916 esse,
2800 2863 2853 2908 et
2877 2862 3154 2925 quotquot
3177 2859 3469 2922 invenerit,
3499 2859 3665 2915 simul

2089 2960 2286 3000 omnes
2336 2944 2801 3001 interfecturum?
2835 2945 2948 3002 Imo
2988 2963 3141 3014 vero,
3176 2950 3254 3003 ait
3303 2950 3521 3016 mulier,
3570 2967 3656 3006 au-

2090 3038 2222 3093 divi.
2267 3038 2446 3108 Atque
2496 3039 2707 3093 idcirco
2759 3055 2924 3094 cursu
2964 3042 3094 3095 mihi
3129 3057 3267 3112 Opus
3314 3052 3421 3110 est,
3453 3060 3520 3098 ne
3552 3054 3665 3098 tar-

2089 3131 2213 3185 dius
2253 3145 2320 3186 eo
2357 3132 2602 3197 veniam,
2651 3139 2705 3186 et
2756 3134 3008 3204 martyrii
3066 3135 3240 3204 gloria
3278 3137 3481 3205 priver.
3524 3136 3665 3192 Tum

416 3201 742 3299 ἀνέστρεψεν
777 3207 887 3277 (89)
915 3213 995 3274 εἰς
1033 3212 1103 3264 τὰ
1151 3212 1413 3282 βασίλεια.
1446 3217 1555 3269 Καὶ
1590 3218 1986 3289 κοινωσάμενος
2013 3240 2057 3297 c
2089 3219 2174 3291 25

1905 3236 1986 3282 vo;
2013 3240 2057 3297 ρ
2089 3219 2249 3291 24],
2294 3220 2583 3291 pmfectus
2646 3201 3008 3294 interrogavit
3040 3201 3212 3281 :_Cur
3249 3201 3382 3282 vero
3435 3244 3663 3299 puerum

415 3291 493 3362 τῷ
519 3297 805 3364 κρατοῦντε
830 3302 958 3370 περὶ
984 3302 1173 3373 αὐτῆς,
1210 3305 1392 3359 ἔπεισε
1420 3307 1493 3376 μὴ
1519 3307 1714 3377 χρῆναι
1744 3308 1804 3360 τὸ
1828 3309 1984 3375 δόξαν
2092 3313 2173 3367 litt:

1904 3312 1984 3375 ξαν
2023 3291 2051 3297 ν
2092 3313 2240 3368 hunc
2295 3323 2473 3369 tecum
2530 3315 2731 3371 ducis?
2784 3291 2945 3371 Utvet
2991 3317 3139 3387 ipse,
3194 3320 3374 3390 inquit
3434 3291 3662 3385 inulier,

416 3384 698 3445 ἐπιτελεῖν,
753 3392 976 3460 αἰσχρὸν
1003 3393 1162 3447 τοῦτο
1200 3396 1294 3447 καὶ
1335 3397 1654 3468 ἀσύμφορον
1687 3397 1981 3464 ἐπιδείξας.

427 3475 491 3528 Ἦ
522 3478 621 3546 μὲν
648 3478 709 3550 δὴ
738 3480 846 3532 τῶν
883 3482 1177 3552 Ἐδεσηνῶν
1200 3488 1371 3549 πόλις,
1397 3487 1667 3558 πανδημεὶ
1705 3490 1796 3543 τὸν
1836 3493 1988 3561 εἰρη-

418 3568 577 3635 μένον
597 3572 794 3640 τρόπον
826 3574 962 3645 ὑπὲρ
986 3577 1080 3629 τοῦ
1103 3579 1370 3648 δόγματος
1398 3581 1771 3653 ὡμολόγησεν.

2091 3405 2363 3476 particeps
2414 3406 2487 3462 sit
2533 3408 2847 3463 communis
2891 3409 3041 3475 mali,
3091 3417 3145 3463 et
3201 3413 3318 3480 pari
3362 3426 3485 3464 cum
3539 3413 3663 3468 aliis

2091 3502 2313 3568 prmmio
2334 3499 2633 3555 al‘liciatur.
2662 3501 2985 3558 Admiratus
3014 3502 3261 3559 mulieris
3286 3504 3661 3559 fortitudinem

2092 3590 2392 3654 Modestus,
2430 3591 2495 3645 ad
2532 3592 2795 3661 palatium
2835 3596 3098 3651 recurrit.
3130 3594 3379 3667 Cumque
3414 3598 3662 3652 mulieris

416 3658 629 3715 facinus
652 3664 884 3733 principi
917 3669 1219 3731 retulisset,
1256 3674 1529 3739 persuasit
1557 3684 1616 3727 ut
1646 3676 1715 3728 ab
1741 3677 1988 3748 incmpto
2024 3681 2318 3737 desisteret
2342 3700 2359 3750 ;
2387 3699 2488 3737 nec
2518 3658 2833 3753 honestum,
2872 3702 2972 3742 nec
3035 3686 3171 3743 utile
3234 3687 3288 3743 id
3320 3704 3441 3744 esse
3477 3698 3661 3745 osten-

412 3756 567 3811 dens.
618 3758 701 3812 Ad
739 3759 884 3815 hunc
930 3764 1148 3818 modum
1200 3765 1601 3823 Edessenorum
1626 3772 1820 3833 civitas
1862 3776 2118 3832 universa
2151 3776 2353 3833 Christi
2383 3781 2590 3836 cultum
2626 3781 2877 3836 confessa
2905 3790 3004 3836 est.

1010 3856 1257 3911 ΚΕΦᾹΛ.
1300 3860 1400 3913 ΙΘ’.

420 3942 671 4017 Talaus-7‘7
716 3944 821 3997 τοῦ
863 3947 1129 4017 μεγάλου
1182 3951 1548 4016 Ἀθανασίου,
1595 3957 1693 4009 καὶ
1720 3961 1980 4013 Λουκίου

487 4013 588 4095 ςοῦ
633 4013 1112 4095 Ἀρειοιςόφροιθος
1129 4019 1363 4095 ’ἄνοδος
1383 4027 1468 4088 εἰς
1487 4013 1594 4077 τόν
1617 4029 1853 4095 θρόνον,
1882 4032 1978 4082 καὶ

482 4082 598 4160 ὅσα
623 4082 906 4160 κακίζτάςῖ
918 4082 988 4141 ἐν
1000 4082 1269 4157 Αἰγύπτῳ
1285 4082 1975 4160 Ἐκκλησίαξκατέλαϐεο

484 4153 686 4235 καλῶς
712 4154 933 4235 Ιζέζοος
959 4161 991 4209 ὀ
1023 4153 1175 4225 μὲτά
1216 4153 1584 4231 Ἆθανὰσιον,
1616 4153 1860 4235 διαδρὰς
1892 4173 1981 4235 εἰς

493 4222 720 4291 Ῥώμην
741 4224 923 4293 διέϐη.

492 4314 627 4367 Ὑπὸ
640 4316 694 4368 δέ
713 4315 899 4369 τοῦτον
922 4318 1012 4379 τὸν
1025 4320 1231 4390 χρόνον,
1251 4324 1599 4395 ἐτελεύτησεν
1615 4326 1643 4379 6
1666 4328 1979 4395 Ἀθανάσιος

410 4405 507 4474 τῆς
542 4405 932 4479 ’Δλεξανδρέων
972 4409 1295 4481 Ἐκκλησίας
1333 4416 1650 4481 ἐπίσκοπος,
1683 4418 1825 4488 ἀμφὶ
1855 4437 1979 4473 τεσ-

412 4496 717 4566 σαράκοντα
761 4500 853 4553 καὶ
889 4498 947 4565 ἒξ
976 4501 1255 4567 ἐνιαυτοὺς
1292 4504 1391 4575 τὴν
1419 4507 1827 4578 ἀρχιερωσύνην
1855 4509 1982 4563 ἁνύ-

412 4602 525 4650 ως.

485 4760 500 4790 ⁸
523 4757 701 4826 Socr.,
722 4762 817 4818 lib.
848 4780 920 4829 tv,
947 4778 996 4817 c.
1026 4763 1115 4829 ‘20,
1156 4765 1245 4820 2i.

2693 3873 2847 3929 CAP.
2898 3874 3041 3930 XIX.

2088 3961 2166 4016 De
2196 3962 2340 4016 obitu
2368 3965 2546 4033 magni
2583 3964 2887 4030 Athanasii,
2930 3965 3082 4033 cujus
3114 3965 3285 4020 sedem
3324 3968 3515 4020 invasit
3556 3965 3651 4019 Lua

2161 4035 2282 4106 eius
2306 4034 2539 4106 Arrianus
2567 4050 2584 4087 :
2609 4043 2659 4087 et
2693 4037 3004 4106 quotimalis
3049 4036 3256 4106 afﬂicta:
3300 4038 3406 4090 sint
3438 4036 3660 4106 zEgypti

2156 4103 2443 4173 Ecclesiae:
2469 4114 2515 4156 et
2536 4105 2793 4173 quomoda
2814 4105 3026 4169 Petrus,
3051 4103 3322 4162 successor
3352 4103 3660 4171 Atltandsii,

2157 4172 2283 4242 fuga
2307 4172 2554 4242 elapsus,
2571 4173 2794 4227 Romam
2827 4178 3076 4244 perrexit.

2161 4326 2275 4382 Sub
2307 4328 2449 4383 idem
2495 4337 2710 4399 tempus
2744 4331 3081 4387 Athanasius
3117 4332 3505 4387 Alexandrinae
3556 4332 3657 4385 Ec-

2084 4421 2267 4476 clesia:
2312 4422 2629 4493 episcopus,
2682 4422 2796 4477 fato
2854 4422 3080 4478 Iunctus
3135 4433 3241 4489 cst,
3290 4440 3411 4479 cum
3464 4441 3557 4479 sex
3604 4434 3656 4477 ut

2086 4512 2443 4582 quadraginta
2494 4514 2715 4569 circiter
2747 4530 2921 4570 annos
2968 4514 3333 4570 sacerdotium
3378 4515 3655 4569 obtinuis-

579 4589 699 4641 Τῶν
736 4590 793 4642 δὲ
830 4591 897 4644 τά
960 4594 1168 4662 Ἀρείου
1220 4595 1558 4666 φρονούντων
1595 4600 1653 4651 ἐν
1703 4602 1855 4670 τάχει
1881 4603 1977 4674 τὴν
2007 4598 2054 4656 D
2080 4611 2164 4658 set
2187 4604 2226 4658 ³.
2294 4605 2334 4660 C

1896 4598 2164 4674 n‘ijset
2187 4604 2226 4658 ³.
2294 4605 2543 4675 Cumque
2604 4622 2755 4663 mors
2812 4607 2933 4677 ejus
3005 4607 3257 4663 celeriter
3311 4608 3379 4661 ab
3437 4607 3654 4662 Arianis

1578 4921 1851 4977 VALESII
1912 4926 2472 4987 ANNOTATIONES.

474 5008 1046 5085 (§7)__Eb£ag_érov¢.
1101 5012 1385 5085 Assentior
1418 5013 1965 5085 Christophorsono,

404 5088 457 5153 et.
488 5078 693 5153 Savilio
724 5095 787 5133 ac
815 5079 1083 5153 Musculo,
1112 5086 1203 5150 qui
1234 5084 1554 5153 εὺξομένους
1576 5078 1961 5142 (amendarunt.

406 5151 457 5200 ltl
498 5150 641 5202 enim
677 5152 921 5218 postulat
973 5153 1144 5205 series
1176 5150 1461 5209 orationis.
1517 5155 1772 5211 Libenter
1801 5160 1964 5212 etiam

404 5218 507 5298 hoc
537 5220 657 5298 loco
682 5221 977 5298 scriberem
1007 5223 1385 5298 τῇ-ῦστεραίᾳ,
1409 5226 1531 5280 licet
1561 5227 1965 5298 refragantibus

404 5288 628 5362 scriptis,
643 5291 940 5362 codicibus
968 5307 1035 5362 ac
1050 5288 1389 5362 ’Nicepltoro.

472 5359 585 5436 (g8)
608 5358 726 5436 _1_'_ﬁc
755 5362 887 5428 περὶ
906 5361 1053 5436 Θεοῦ
1072 5358 1412 5430 μαρτυρίας.
1430 5364 1964 5436 Christophorsonus

401 5436 454 5481 et
496 5428 734 5505 Savi_lius
776 5428 1274 5505 emendaru'nt'ﬁ');
1310 5436 1459 5505 παρὰ
1493 5428 1668 5489 Θεοῦ.’
1692 5435 1783 5491 Sic
1819 5441 1965 5493 enim

401 5451 454 5481 es
496 5451 734 5484 annuus
776 5451 1138 5486 elllentlarunt
1177 5451 1206 5484 τ
1248 5453 1274 5495 ς
1310 5451 1459 5505 παρα
1493 5451 1648 5489 υεου.
1692 5451 1783 5491 διο
1819 5455 1961 5493 enim

401 5502 566 5551 vertit
602 5499 1139 5569 Christophorsouus
1162 5541 1177 5564 ,
1208 5451 1297 5585 ΖΠ.
1325 5516 1597 5586 propterea
1636 5524 1795 5561 cursu
1833 5510 1961 5586 mihi

401 5584 527 5647 opus
552 5578 659 5647 est,
701 5586 762 5623 ne
789 5580 906 5647 post
946 5579 1143 5647 tempus
1182 5578 1386 5626 veniam
1409 5614 1425 5635 ,
1469 5584 1519 5629 et
1548 5578 1622 5629 ita
1645 5582 1900 5647 martyrio
1930 5597 1964 5633 a

402 5637 509 5716 [{eo
543 5640 719 5716 oblato
769 5637 1055 5716 destituar.
1096 5643 1174 5696 Ita
1226 5660 1444 5713 quoque
1495 5647 1691 5716 legisse
1748 5637 1963 5703 videtur

401 5706 699 5787 qucuins,
734 5719 794 5764 ut
826 5727 889 5766 ex
925 5706 1380 5787 interpretatione
1416 5706 1819 5787 ejusvapparet.
1866 5720 1959 5773 Sic

399 5779 543 5849 enim
581 5780 695 5841 ille.
752 5798 813 5835 ne
852 5779 1084 5837 tardius
1114 5782 1207 5836 illo
1238 5779 1469 5849 veniam,
1504 5798 1553 5840 et
1587 5779 1625 5838 ᾰ
1648 5779 1956 5842 ἐεειὶιιιοπίο

398 5848 495 5904 0σὶ
523 5850 781 5920 deﬁciam.
818 5850 1159 5924 Nit‘CphOl‘us
1184 5871 1400 5926 quoque
1445 5848 1497 5911 in
1537 5856 1630 5912 lib.
1666 5873 1728 5926 ιι,
1759 5870 1810 5913 c.
1861 5859 1952 5923 22,

2072 5024 2224 5092 παρὰ
2262 5023 2387 5091 legit
2444 5025 2497 5078 in
2540 5026 2641 5079 hoc
2680 5027 2967 5083 Sozomeni
3016 5028 3158 5084 loco.
3207 5029 3297 5084 Sic
3349 5030 3499 5084 enim
3559 5031 3644 5082 Ir-

2073 5092 2163 5171 I_)e_t
2205 5112 2218 5145 :
2257 5094 2374 5171 ’ςΙνα
2424 5096 2497 5163 μὴ
2533 5098 2762 5171 κατόπιν
2809 5101 3172 5169 γεγενημένη,
3210 5100 3309 5168 τῆς
3350 5100 3498 5169 παρὰ
3532 5100 3650 5171 Θεῷ

2070 5162 2233 5239 δόξης
2258 5162 2515 5239 ἁμάρτω.
2541 5169 2715 5236 Atque
2749 5162 2861 5224 huic
2888 5162 3066 5223 'lectio
3102 5162 3230 5224 niilii
3266 5162 3496 5239 quidem
3539 5162 3647 5227 non

2071 5233 2361 5310 displicet,
2396 5236 2555 5287 modo
2587 5233 2898 5310 μαρτυρίαν
2928 5233 3308 5309 intelligamus
3345 5239 3649 5296 confessio-

2071 5317 2194 5379 nem
2227 5303 2412 5369 illam,
2445 5321 2552 5373 qua
2588 5303 2734 5363 Deus
2773 5303 2825 5364 in
2860 5303 3154 5379 Evangelio
3187 5312 3478 5379 pollicetur
3508 5327 3644 5366 con-

2072 5371 2357 5449 fessttrutn‘
2395 5371 2474 5429 se-
2508 5392 2638 5449 eos,
2700 5380 2792 5449 qui
2851 5371 3040 5449 ipsum'
3086 5371 3271 5434 coram
3324 5382 3646 5438 hominibus

2065 5442 2302 5499 confessi
2333 5442 2558 5500 fuerint.
2590 5442 2771 5503 Malim
2804 5442 2983 5505 tamen
3012 5450 3127 5506 haec
3161 5454 3448 5506 Sozomeni
3476 5456 3643 5507 verba

2062 5511 2367 5592 intelligere
2388 5513 2456 5569 de
2475 5518 2835 5592 confessione
2869 5522 2980 5592 illa,
3016 5536 3121 5592 qua
3172 5530 3442 5592 martyres
3470 5521 3639 5575 Deum

2060 5585 2410 5703 goulitentur.
2470 5588 2561 5644 Sic
2609 5591 2738 5662 περὶ
2799 5590 2975 5656 Θεοῦ,
3035 5585 3179 5647 idem
3232 5585 3341 5647 erit
3381 5607 3444 5647 ac
3499 5593 3642 5665 ὑπὲρ

2106 5670 2217 5703 εον.

2106 5670 2217 5705 εον.

2130 5724 2263 5804 (8_9)_
2284 5726 2696 5799 ’Δγ-ἔστρεψεν.
2728 5732 2782 5788 Iu
2809 5734 3000 5790 codice
3030 5733 3332 5789 Fultetiano
3357 5732 3629 5804 scriptum

2062 5804 2146 5849 est
2171 5795 2476 5866 ἀνέτρεχεν.
