4452 6598
390 437 521 497 1341

1308 436 1637 495 HISTORIA
1680 435 2237 502 ECCLESIASTICA.
2274 476 2341 489 —
2372 446 2499 504 LIB.
2534 448 2623 505 Vl.

3496 454 3633 509 1842

383 556 597 627 ἐφρόνει
668 554 1007 623 διαλέγεσθαι
1063 557 1159 626 μὲν
1192 557 1293 610 καὶ
1346 559 1479 626 περὶ
1522 558 1808 630 δογμάτων
1842 561 1957 615 άδο-
1986 570 2031 625 Α
2062 566 2141 635 opi

1876 561 1957 615 δο-
1986 570 2031 625 Α
2062 565 2375 635 Opinionem
2423 568 2534 622 Arii
2577 566 2995 621 aversabantur.
3038 565 3283 632 Quorum
3317 569 3634 623 testimonio

382 648 595 718 λεσχεῖν
618 646 742 701 οὔτε
775 648 945 711 θέλον,
971 646 1094 701 οὕτε
1123 649 1488 719 ἐπιστάμενον
1507 665 1521 680 °
1555 652 1683 720 παρ’
1731 651 1961 717 ἐκείνοις

382 738 439 792 δέ
462 737 782 808 πειθόμενον
812 735 951 792 εἶναι
987 740 1084 810 τὴν
1127 740 1406 811 ἀλήθειαν,
1438 740 1487 795 οἳ
1512 745 1625 806 τοῖς
1653 743 1836 812 ἔργοις
1862 746 1960 816 τὴν

383 830 586 900 ἀρετὴν
628 830 1022 886 ἐπεδείκνυντο.
1058 831 1305 895 Ὀποίους
1354 832 1479 886 τότε
1514 833 1623 887 τῶν
1649 835 1961 903 Αἰγυπτίων

385 923 640 994 ἀσκητῶν
698 925 974 995 ἡγεμόνας
1019 924 1273 994 γενέσθαι
1322 926 1632 997 ἀκούομεν,
1688 928 1814 991 τοὺς
1868 928 1963 981 δύο

385 1017 728 1087 Μακαρίους,
792 1016 886 1080 οὓς
947 1018 1006 1071 ἐν
1065 1020 1175 1082 τοῖς
1234 1018 1466 1090 πρόσθεν
1528 1018 1803 1089 ἔγνωμεν·
1867 1019 1962 1073 καὶ

387 1108 620 1177 Πάμϐω,
682 1110 777 1162 καὶ
829 1108 1207 1181 Ἡρακλείδην,
1258 1111 1353 1165 καὶ
1402 1111 1624 1174 λοιποὺς
1676 1112 1961 1164 Ἀντωνίου

390 1198 659 1269 μαθητάς.
692 1200 1063 1271 Λογισάμενος
1094 1197 1187 1255 οὖν
1223 1201 1475 1265 Λούκιος,
1504 1202 1579 1266 ὡς
1608 1203 1707 1256 οὐκ
1734 1204 1961 1273 ἐγγενή-

390 1304 540 1341 σεται
588 1292 701 1354 τοῖς
738 1291 951 1363 Ἀρείου
1014 1290 1247 1362 βεϐαίως
1290 1293 1562 1363 κρατῆσαι
1595 1293 1704 1347 τῶν
1732 1294 1839 1347 ἀπὸ
1863 1295 1963 1365 τῆς

386 1381 618 1436 καθόλου
664 1383 1010 1455 Ἐκκλησίας,
1060 1386 1111 1438 εἰ
1159 1385 1234 1455 μὴ
1266 1387 1393 1449 τοὺς
1426 1386 1693 1456 μοναχοὺς
1742 1386 1963 1452 τούτους

387 1473 693 1547 ὁμόφρονας
726 1476 907 1544 σφίσιν
934 1474 1289 1543 ἀποδείξειεν,
1332 1477 1605 1548 ἐπεχείρει
1642 1477 1959 1547 βιάζεσθαι·

390 1563 601 1618 πείθειν
627 1566 736 1636 γὰρ
763 1566 861 1619 οὐκ
911 1566 1161 1637 ἠδύνατο.
1204 1569 1547 1639 Διημάρτανε
1576 1569 1632 1623 δὲ
1670 1570 1765 1623 καὶ
1794 1569 1964 1635 οὕτως

388 1655 483 1709 τοῦ
515 1656 920 1711 σκοποῦ.Είκαὶ
948 1659 1237 1713 ἀποθανεῖν
1253 1660 1384 1722 δέοι,
1420 1662 1965 1733 παρεσκευασμένων

392 1748 591 1813 αὐτῶν,
628 1750 721 1805 καὶ
744 1751 870 1815 τοὺς
897 1751 1130 1822 αὐχένας
1162 1753 1394 1823 ἑτοίμως
1424 1753 1833 1807 ὑποϐαλλόντων
1855 1758 1966 1818 τοῖς

395 1838 625 1909 ξίφεσιν,
652 1840 686 1912 ἢ
716 1841 824 1895 τῶν
850 1844 907 1895 ἐν
930 1844 1132 1915 Νικαίᾳ
1174 1843 1441 1907 δοξάντων
1479 1846 1770 1917 ὑπεριδεῖν.
1800 1845 1966 1913 Λέγε-

391 1947 480 1983 ται
501 1930 557 1983 δέ
583 1932 703 1984 τότε
757 1934 1222 2005 προσδοκωμένων
1252 1937 1432 1999 αὐτοῖς
1470 1936 1823 2008 ἐπιθήσεσθαι
1858 1937 1965 1989 τῶν
2000 1917 2040 1971 Β

396 2024 784 2093 στρατιωτῶν,
840 2026 1253 2097 διακομισθῆναι
1306 2028 1426 2081 τινὰ
1499 2028 1634 2099 πρὸς
1670 2030 1865 2093 αὐτοὺς
1906 2031 1970 2082 ἐκ

396 2113 591 2167 πολλοῦ
621 2115 688 2168 τά
715 2115 891 2187 ἄρθρα
912 2118 1320 2189 άπεσκληκότα,
1352 2120 1446 2172 καὶ
1472 2120 1564 2172 ἐπὶ
1588 2121 1762 2174 ποδῶν
1780 2121 1969 2190 στῆναι

400 2205 474 2277 μὴ
506 2206 824 2276 δυνάμενον.
869 2206 1023 2262 Ἐπεὶ
1048 2209 1103 2262 δέ
1144 2209 1307 2279 ἐλαίῳ
1338 2209 1528 2263 τοῦτον
1556 2211 1799 2281 ἔχρισαν,
1832 2230 1974 2283 παρ-

398 2301 768 2365 εκελεύσαντο,
799 2302 886 2354 ἐπ’
909 2302 1133 2371 ὀνόματι
1156 2302 1415 2374 Χριστοῦ,
1437 2303 1495 2357 ὃν
1520 2304 1747 2368 Λούκιος
1766 2303 1970 2369 διώκει,

399 2392 799 2458 ἐξανίστασθαι.
847 2394 941 2447 καὶ
965 2394 1149 2447 οῖκαδε
1176 2395 1395 2449 ἀπιέναι
1417 2413 1429 2425 ·
1452 2396 1711 2467 ἐξαπίνης
1737 2396 1792 2449 δέ
1817 2398 1973 2467 ὑγιὴς

396 2485 683 2555 γενόμενος
716 2487 744 2538 ὁ
766 2486 1069 2557 ἄνθρωπος,
1092 2488 1391 2556 ἀναφανδὸν
1408 2489 1655 2554 ἀπέδειξε
1686 2490 1975 2561 παραπλή-

402 2595 491 2630 σια
518 2579 711 2649 χρῆναι
738 2578 981 2643 δοξάζειν
1002 2579 1233 2643 τούτοις,
1261 2577 1341 2645 οἷς
1370 2582 1462 2635 καὶ
1490 2582 1622 2644 Θεὸς
1644 2583 1806 2646 αὐτὸς
1847 2584 1976 2656 ἀλή-

402 2668 549 2723 θειαν
568 2669 962 2740 ἐπεψηφίσατο,
980 2674 1456 2743 κατηγορουμένου
1474 2672 1585 2743 (92)
1612 2675 1866 2741 Λουκίου,
1881 2676 1976 2729 καὶ

401 2758 703 2812 καλούντων
749 2762 1059 2827 ἐπακούσας
1105 2782 1197 2817 και
1238 2768 1330 2817 τὸν
1368 2766 1640 2835 κάμνοντα
1668 2768 1975 2838 ἰασάμενος.

414 2852 554 2905 Ἀλλ’
578 2853 637 2906 οὐ
672 2856 820 2924 παρά
858 2854 1017 2908 τοῦτο
1065 2856 1512 2928 μετεμελήθησαν
1533 2859 1581 2910 οἱ
1628 2857 1835 2923 τούτοις
1867 2862 1979 2923 τοῖς

406 2946 656 3015 μοναχοῖς
703 2946 1175 3011 ἐπιϐουλεύοντες·
1222 2949 1394 3001 εἰσότε
1432 2949 1495 3021 δὴ
1542 2948 1759 3022 νύκτωρ
1785 2950 1980 3013 αὐτοὺς

404 3034 821 3105 συλλαϐόμενοι,
866 3036 1126 3106 διήγαγον
1170 3039 1249 3100 είς
1294 3036 1597 3105 Αἰγυπτίαν
1634 3037 1754 3090 τινά
1818 3037 1980 3107 νῆσον

404 3126 509 3180 ὑπὸ
541 3126 743 3196 λιμνῶν
761 3127 1159 3199 κυκλουμένην.
1197 3130 1402 3199 ’ῼκουν
1442 3130 1498 3182 δὲ
1546 3128 1751 3199 ταύτην
1793 3128 1980 3201 ἄνδρες

2060 658 2348 713 adhaerens
2401 658 2693 712 multitudo
2729 659 2895 728 vulgi,
2944 659 3189 713 eamdem
3240 675 3365 715 cum
3397 656 3504 716 illis
3537 662 3637 715 do-

2060 750 2292 803 ctrinam
2325 749 2447 804 lidei
2494 750 2889 820 proﬁtebantur
2922 768 2935 804 :
2970 751 3174 821 quippe
3221 766 3342 821 qua:
3376 750 3445 805 de
3500 752 3636 821 dog-

2062 842 2297 897 matibus
2336 842 2615 911 disputare
2644 850 2696 897 et
2730 843 2940 911 garrire
2996 858 3176 913 neque
3221 844 3421 910 vellet,
3460 860 3637 913 neque

2061 941 2291 987 nosset:
2327 947 2494 1002 penes
2552 933 2674 988 illos
2724 942 2907 986 autem
2951 934 3237 987 veritatem
3274 948 3396 987 esse
3448 935 3640 988 crede-

2062 1035 2168 1088 ret,
2202 1025 2296 1094 qui
2326 1025 2583 1078 virtutem
2628 1024 2785 1078 lactis
2818 1024 2954 1094 ipsis
2996 1024 3406 1093 profiterentur.
3432 1024 3629 1093 Cujus-

2062 1113 2211 1167 modi
2263 1121 2394 1167 tunc
2442 1114 2836 1166 monachorum
2892 1112 3180 1182 praefectos
3224 1112 3395 1167 fuisse
3433 1110 3637 1179 accepi-

2062 1221 2185 1260 mus
2208 1206 2247 1269 ²,
2279 1204 2547 1260 Macarios
2580 1206 2741 1269 duos,
2766 1206 2833 1259 de
2866 1205 3065 1275 quibus
3088 1205 3197 1273 jam
3232 1211 3390 1257 antea
3428 1202 3634 1256 dictum

2062 1304 2174 1363 est;
2205 1306 2258 1351 et
2284 1295 2493 1350 Pambo
2517 1305 2680 1366 atque
2710 1295 3077 1356 Heraclidem,
3109 1302 3165 1349 et
3196 1302 3423 1348 cmteros
3462 1294 3637 1346 Auto—

2063 1387 2137 1440 nii
2183 1386 2511 1457 discipulos.
2548 1386 2750 1440 Lucius
2786 1386 2972 1454 igitur,
3008 1400 3133 1439 cum
3179 1384 3639 1438 animadverteret

2065 1475 2180 1531 ﬁeri
2210 1493 2319 1531 non
2357 1493 2518 1546 posse
2549 1488 2608 1531 ut
2641 1477 2827 1529 Ariani
2876 1476 3192 1545 superiores
3224 1482 3409 1527 essent
3433 1472 3639 1525 Catho-

2064 1569 2208 1633 licis,
2256 1569 2365 1623 nisi
2414 1570 2553 1625 istos
2601 1570 2905 1624 monachos
2952 1569 3005 1621 in
3054 1567 3384 1620 Arianorum
3426 1573 3641 1620 senten-

2067 1661 2196 1713 tiam
2252 1661 2636 1730 pertraxisset,
2687 1660 2737 1713 vi
2800 1676 2897 1716 eos
2955 1674 3150 1730 cogere
3198 1672 3492 1728 aggressus
3532 1666 3637 1715 est.

2065 1751 2285 1821 quando
2316 1752 2503 1807 verbis
2531 1751 2863 1821 persuadere
2891 1767 3000 1806 non
3041 1758 3276 1821 poterat.
3310 1750 3416 1804 Sed
3461 1764 3527 1803 ne
3561 1751 3639 1802 sic

2067 1844 2289 1915 quidem
2341 1844 2449 1898 voti
2499 1844 2586 1899 sui
2634 1859 2859 1914 compos
2904 1843 3086 1898 factus
3145 1850 3231 1897 est
3277 1859 3290 1895 :
3337 1841 3449 1895 illis
3501 1840 3639 1893 mori

2069 1951 2309 2007 quoque,
2349 1935 2396 1990 si
2444 1952 2585 2006 opus
2627 1944 2795 1997 esset,
2843 1935 3073 2005 paratis,
3116 1941 3171 1987 et
3216 1932 3463 1987 cervices
3512 1946 3643 1984 suas

2070 2025 2266 2096 gladiis
2296 2026 2439 2081 ulti'o
2466 2026 2892 2096 subjicientibus
2917 2026 3119 2094 potius,
3152 2034 3315 2094 quam
3350 2029 3408 2075 ut
3448 2022 3640 2091 synodi

2072 2118 2305 2175 Nieazna:
2343 2119 2565 2175 decreta
2594 2120 2888 2174 violarent.
2926 2118 3099 2173 Porro
3132 2134 3199 2173 eo
3246 2120 3368 2187 ipso
3398 2130 3645 2185 tempora

2071 2226 2181 2281 quo
2213 2211 2416 2267 milites
2453 2211 2506 2265 in
2549 2226 2645 2265 eos
2686 2211 2945 2280 impetum
2983 2209 3183 2264 facturi
3209 2218 3387 2271 erant,
3421 2206 3645 2276 quidam

2072 2306 2140 2360 ad
2182 2322 2275 2361 eos
2312 2306 2553 2375 perlatus
2594 2320 2719 2361 esse
2758 2306 2981 2371 dicitur,
3030 2304 3192 2373 cujus
3238 2310 3392 2357 artus
3428 2300 3649 2370 jamdu-

2072 2396 2201 2451 dum
2242 2398 2313 2451 ita
2342 2397 2566 2452 arefacti
2599 2402 2755 2451 erant
2787 2405 2949 2466 atque
2982 2394 3283 2457 extenuati,
3324 2399 3383 2445 ut
3412 2388 3645 2460 pedibus

2074 2490 2333 2545 insistere
2385 2506 2491 2544 non
2534 2498 2740 2560 posset.
2776 2487 2947 2555 Quem
2983 2502 3107 2542 cum
3155 2490 3276 2539 oleo
3326 2482 3643 2543 unxissent,

2070 2584 2357 2653 jusserunt
2385 2589 2444 2636 ut
2468 2582 2523 2636 in
2554 2582 2772 2636 nomine
2796 2580 3024 2643 Christi,
3049 2594 3210 2649 quem
3233 2576 3434 2629 Lucius
3457 2587 3644 2643 perse-

2078 2677 2366 2746 quebatur,
2412 2682 2732 2745 exsurgeret
2767 2689 2831 2728 ac
2872 2672 3095 2728 domum
3132 2670 3357 2725 rediret.
3411 2667 3503 2719 Ille
3546 2680 3649 2717 au-

2078 2776 2186 2822 tem
2250 2776 2474 2839 repente
2553 2774 2811 2830 sanatus,
2887 2764 3177 2836 perspicue
3256 2759 3653 2815 demonstravit

2080 2861 2298 2917 illorum
2349 2861 2612 2915 doctrinm
2655 2859 3063 2915 assentiendum
3113 2871 3257 2920 esse,
3300 2868 3465 2923 penes
3512 2866 3652 2918 quos

2079 2958 2224 3011 Deus
2277 2953 2561 3008 veritatem
2612 2965 2732 3005 esse
2785 2957 3017 3003 testatus
3057 2946 3251 3000 fuisset
3279 2963 3291 2998 ε
3320 2944 3481 2998 etiam
3527 2956 3650 2994 cum

2082 3047 2434 3103 accusatione
2468 3044 2624 3098 Lucii
2663 3045 2982 3097 invocantes
3005 3040 3185 3109 ipsum
3233 3035 3557 3095 exaudiens,
3600 3038 3655 3084 ct

2081 3145 2347 3207 aegrotum
2392 3132 2616 3188 sanitati
2674 3132 2991 3185 restituens.
3042 3126 3152 3181 Nec
3209 3125 3417 3179 idcirco
3466 3131 3652 3175 tamen

404 3214 637 3286 ἀμύητοι
658 3214 750 3268 τοῦ
771 3217 1114 3288 Χριστιανῶν
1140 3218 1426 3289 δόγματος,
1454 3220 1547 3274 καὶ
1561 3219 1976 3291 δεισιδαίμονες
2008 3256 2050 3313 C
2086 3246 2162 3284 res

1892 3234 1976 3283 ες’
2008 3256 2050 3313 C
2086 3228 2435 3299 resipuerunt
2481 3226 2515 3280 ii
2575 3224 2666 3295 qui
2694 3222 2981 3277 monachis
3033 3221 3155 3276 istis
3205 3217 3648 3273 insidiabantur:

406 3308 594 3362 καθότι
622 3309 713 3363 καὶ
749 3310 1111 3365 παλαιοτάτου
1134 3311 1261 3365 ναοῦ
1287 3314 1416 3384 παρ’
1434 3314 1615 3376 αὐτοῖς
1642 3313 1815 3379 ὄντος,
1847 3313 1980 3367 πολὺ

404 3400 594 3453 τούτου
630 3400 792 3463 σέϐας
824 3399 986 3471 εἶχον.
1035 3403 1121 3466 Ὠς
1154 3403 1210 3455 δὲ
1240 3406 1488 3473 κατῆραν
1523 3403 1777 3465 ἐνταῦθα,
1820 3404 1982 3473 φασιν

407 3491 524 3563 ἅμα
553 3495 618 3563 τῇ
654 3493 904 3547 ἐπιϐάσει
954 3493 1059 3546 τῶν
1096 3493 1325 3564 ἀνδρῶν,
1369 3494 1581 3563 δαίμονι
1622 3493 1984 3566 κρατηθεῖσαν

406 3587 506 3656 τὴν
525 3585 798 3657 θυγατέρα
825 3587 917 3639 τοῦ
937 3587 1127 3657 ἱερέως
1152 3589 1232 3651 εἰς
1260 3587 1565 3655 ἀπάντησιν
1591 3588 1773 3650 αὐτοῖς
1790 3587 1981 3640 ἐλθεῖν.

408 3676 648 3747 Θεεύσης
677 3676 733 3728 δὲ
761 3678 853 3729 καὶ
872 3676 1081 3747 βοὼσης
1104 3678 1203 3746 τῆς
1228 3678 1417 3749 κόρης,
1454 3676 1897 3746 καταπλαγέντες
1934 3679 1985 3730 οἱ

408 3762 535 3839 τῇδε
566 3768 841 3839 ἄνθρωποι
871 3768 948 3840 τῷ
984 3771 1233 3841 αἰφνιδίῳ
1281 3772 1374 3823 καὶ
1414 3770 1700 3840 παραδόξῳ
1729 3768 1822 3823 τοῦ
1857 3770 1988 3840 πρά·

410 3876 639 3929 γματος,
681 3860 915 3915 εἵποντο.
970 3861 1057 3923 Ὠς
1087 3861 1140 3914 δὲ
1164 3862 1301 3933 πρὸς
1325 3865 1389 3933 τῇ
1423 3861 1512 3931 νηῒ
1541 3863 1757 3929 ἐγένετο
1788 3862 1821 3932 ἦ
1860 3864 1989 3925 τοὺς

414 3953 599 4021 ἱεροὺς
649 3952 960 4024 πρεσϐύτας
1017 3952 1199 4026 ἔφερε,
1246 3957 1591 4023 ποτνιωμένη
1638 3954 1730 4005 καί⁷
1764 3954 1855 4005 ἐπὶ¹
1888 3955 1990 4023 γῆν

414 4042 823 4114 κυλινδουμένη,
854 4042 1061 4099 ἱκέτευε
1090 4046 1186 4097 καὶ
1212 4044 1355 4114 μέγα
1388 4044 1678 4113 ἀνέκραγε.
1706 4044 1771 4096 Τί
1803 4044 1867 4115 δὴ
1898 4045 1991 4097 καὶ

415 4136 550 4207 πρὸς
581 4138 725 4208 ἡμᾶς
748 4138 934 4208 ἥκετε,
952 4132 997 4191 ὦ
1019 4138 1131 4218 τοῦ.
1152 4137 1385 4208 μεγάλου
1438 4137 1574 4190 Θεοῦ
1622 4137 1951 4209 θεράποντες
1974 4154 1988 4199 ;

415 4229 605 4301 νησίον
638 4231 744 4301 γάρ
789 4230 947 4284 τοῦτο
998 4230 1226 4287 παλαιὸν
1276 4232 1406 4300 ἡμῖν
1452 4230 1597 4281 ἐστιν
1657 4230 1989 4299 οἰκητήριον.

428 4322 721 4392 Ὀχλοῦμεν
748 4322 805 4375 δὲ
837 4320 1012 4377 οὐδενί
1036 4338 1049 4351 ’
1084 4323 1219 4374 πᾶσι
1246 4322 1300 4379 δὲ
1332 4323 1445 4383 τοῖς
1472 4318 1777 4391 ἀνθρώποις
1812 4320 1992 4390 ἀγνῶ-

416 4432 527 4478 τες,
557 4413 742 4468 αὐτόθι
804 4412 1159 4483 λανθάνομεν,
1190 4413 1426 4477 ταύταις
1454 4415 1570 4477 ταῖς
1593 4412 1805 4482 λίμναις
1837 4430 1991 4484 περιρ

421 4507 795 4577 κεκλεισμένοι
831 4507 1111 4560 πάντοθεν.
1146 4506 1207 4559 Ei
1251 4506 1306 4558 δὲ
1350 4506 1507 4558 τοῦτο
1554 4506 1703 4572 φίλον
1732 4508 1878 4576 ὑμῖν,
1914 4506 1995 4559 δέ·

2084 3321 2178 3376 sed
2217 3328 2380 3374 noctu
2411 3334 2508 3373 eos
2549 3316 2997 3385 comprehensos,
3031 3315 3084 3368 in
3113 3310 3406 3383 quamdam
3436 3308 3655 3378 Egypti

2085 3415 2321 3469 insulam
2366 3427 2487 3481 quae
2537 3409 2826 3481 paludibus
2872 3406 3115 3475 undique
3160 3405 3341 3459 cincta
3390 3410 3509 3467 est,
3557 3400 3658 3454 ab-

2085 3507 2379 3561 duxerunt.
2443 3502 2640 3557 lncola:
2704 3502 2826 3571 ejus
2881 3500 3111 3565 insulm,
3178 3494 3459 3565 religionis
3496 3491 3657 3563 243

2085 3600 2412 3655 Christiana:
2468 3597 2685 3666 penitus
2731 3602 2980 3665 expertes
3015 3600 3196 3656 erant,
3245 3597 3299 3643 et
3350 3586 3657 3641 daamonum

2087 3690 2254 3744 cultui
2281 3688 2467 3743 dediti.
2498 3686 2780 3755 Templum
2827 3683 2971 3737 enim
3004 3680 3150 3751 quod
3180 3679 3321 3750 apud
3355 3679 3502 3747 ipsos
3542 3683 3661 3730 erat

2088 3782 2541 3841 vetustissimum,
2575 3792 2788 3832 smnma
2830 3776 3091 3845 religione
3126 3772 3552 3827 venerabantur.
3585 3767 3662 3819 Eo

2089 3890 2212 3927 cum
2258 3871 2620 3943 appulissent,
2672 3868 2845 3923 fertur
2893 3867 3056 3920 tiliam
3112 3863 3415 3919 sacerdotis
3457 3874 3579 3931 quze
3632 3873 3662 3911 a

2090 3963 2334 4017 daemone
2375 3962 2600 4015 obsessa
2644 3966 2791 4025 erat,
2841 3958 2954 4013 illis
2986 3974 3016 4011 e
3062 3972 3202 4011 nave
3249 3954 3662 4025 egredientibus

2091 4053 2304 4107 obviam
2345 4052 2583 4105 venisse.
2627 4048 2757 4113 Quae
2796 4063 2919 4101 cum
2977 4051 3225 4099 curreret
3271 4043 3663 4111 clamaretque,

2092 4145 2328 4201 insulani
2400 4142 2682 4213 repentina
2749 4148 2803 4193 et
2861 4138 3158 4208 improvisa
3218 4151 3276 4190 re
3331 4132 3667 4203 stupefacti,

2094 4239 2327 4309 puellam
2376 4235 2769 4305 sequebantur.
2798 4230 3093 4301 Postquam
3135 4243 3268 4283 vero
3312 4226 3547 4281 accessit
3599 4225 3665 4277 ad

2096 4343 2286 4384 navem
2347 4340 2469 4396 qua:
2539 4331 2763 4379 sanctos
2814 4336 2973 4375 senes
3035 4320 3286 4382 vehebat,
3349 4317 3560 4387 cjnlans
3616 4325 3664 4369 et

2098 4419 2245 4473 liumi
2303 4417 2589 4488 provoluta
2639 4414 2952 4484 supplicare
3000 4410 3198 4480 cmpit,
3263 4410 3483 4477 altaque
3536 4422 3671 4459 voc:

2097 4511 2379 4563 clamare:
2412 4507 2550 4573 Quid
2604 4506 2667 4559 ad
2726 4521 2826 4559 nos
2866 4504 3120 4563 venistis,
3166 4518 3198 4555 ο
3243 4501 3428 4553 Γειιιιιιίὶ
3482 4497 3665 4567 tttugni

420 4598 577 4669 χεσθε
594 4598 654 4651 τὸ
672 4597 937 4669 ἡμέτερον
964 4598 1173 4667 κτῆμα,
1191 4596 1282 4650 καὶ
1302 4598 1501 4649 οἰκεῖον
1521 4599 1779 4665 ποιήσατε
1795 4615 1808 4627 ·
1835 4600 1995 4668 ἡμεῖς
2030 4596 2070 4649 D
2102 4600 2175 4655 De

1909 4601 1995 4661 si;
2030 4596 2070 4649 D
2102 4600 2237 4655 Dei?
2290 4600 2417 4654 Ilzcc
2460 4599 2603 4652 enim
2670 4598 2849 4650 insula
2912 4597 3070 4649 nobis
3123 4604 3277 4647 vetus
3332 4592 3667 4645 domicilium

420 4691 476 4743 δὲ
536 4690 854 4760 ὑπείχομεν.
917 4691 1025 4743 Καὶ
1059 4692 1091 4761 ή
1147 4690 1246 4760 μὲν
1287 4688 1540 4753 τοιαύτας
1584 4689 1732 4759 ἠφίει
1770 4690 1952 4758 φωνάς
1978 4704 1991 4719 ·

424 4782 861 4852 ἐπιτιμησάντων
881 4781 936 4833 δὲ
975 4782 1053 4851 τῷ
1075 4781 1337 4851 δαιμονίῳ
1358 4780 1465 4832 τῶν
1500 4780 1643 4849 ἀμφὶ
1677 4780 1988 4849 Μακάριον,

422 4876 455 4944 ὴ
488 4878 613 4938 παῖς
676 4875 1061 4945 ἐσοφρὸνησεν.
1115 4872 1395 4926 Ἐντεῦθεν
1435 4871 1489 4924 δέ
1532 4873 1559 4923 ό
1589 4871 1789 4940 ταύτης
1815 4871 1996 4942 πατὴρ

426 4967 519 5019 σὺν
537 4968 648 5029 τοῖς
676 4966 918 5029 οἰκείοις,
946 4964 1039 5019 καὶ
1062 4965 1096 5035 ἠ
1129 4964 1289 5034 νῆσος
1324 4961 1593 5033 πανδημεὶ
1621 4964 1697 5025 εἰς
1732 4963 1994 5031 Χριστια-

496 5103 511 5133 ¹
548 5100 669 5157 Lib.
706 5118 788 5165 ιιι,
820 5118 869 5157 c.
894 5101 980 5155 Μ.

2101 4700 2204 4751 est,
2240 4690 2453 4745 Nemini
2480 4690 2694 4742 molesti
2722 4704 2913 4743 sumus
2942 4705 2953 4740 :
2986 4686 3077 4741 sed
3103 4686 3315 4738 cunctis
3348 4682 3672 4736 mortalibus

2104 4784 2293 4854 ignoti,
2341 4782 2431 4835 hic
2479 4780 2879 4840 delitescimus,
2922 4778 3211 4848 paludibus
3271 4776 3388 4829 istis
3435 4774 3673 4842 undique

2102 4874 2482 4929 circumclusi.
2526 4871 2682 4936 Quod
2736 4872 2777 4924 si
2826 4870 2978 4923 vobis
3024 4870 3096 4923 ita
3133 4869 3331 4937 placet,
3382 4866 3521 4918 hanc.
3573 4880 3671 4917 no-

2106 4976 2273 5021 stram
2302 4964 2703 5035 possessionem
2747 4961 2997 5031 accipite,
3029 4969 3085 5015 et
3136 4967 3321 5014 vestro
3350 4957 3462 5027 juri
3493 4954 3672 5010 vindi-

1618 5216 1884 5271 VALESll
1914 5216 2459 5273 ANNOTATIONES.

496 5314 609 5387 (92)
681 5312 1025 5387 ’Ἀλήθειανῄ
1051 5312 1394 5387 ἐψηφίσατο
1420 5380 1432 5387 _
1457 5309 2000 5387 κακηγορουμένοιξ.

429 5380 658 5443 Rectius
689 5386 741 5438 in
769 5384 956 5438 codice
987 5381 1285 5436 Fuketiano
1325 5380 1589 5451 scriptum
1622 5389 1705 5434 est
1734 5381 2003 5451 ἐπεψηφί-

428 5476 558 5512 σατο
610 5454 1085 5524 κατηγορουμένου
1144 5452 1397 5524 Λουκίου.
1454 5450 1528 5524 Et
1567 5458 1701 5524 post
1757 5450 2002 5503 ultimam

425 5542 616 5584 vocem
673 5520 935 5596 apposita
972 5533 1054 5577 est
1090 5523 1275 5596 media
1304 5520 1765 5596 _distinctio-seu
1823 5536 1997 5596 mora.

428 5600 602 5665 Quam
641 5589 933 5652 lectionem
962 5609 1042 5665 ac
1073 5592 1483 5665 distinctionem
1518 5589 1807 5665 conﬁrmat
1838 5590 2002 5665 pice-

428 5660 635 5741 phorus
694 5667 749 5721 in
794 5680 915 5734 cap.
949 5663 1301 5741 27,_lib;.xl.
1345 5664 1437 5741 εἰς
1474 5662 1621 5741 _cnim_
1658 5662 1802 5741 hunc
1833 5660 2003 5741 δοκο-

429 5727 575 5804 inerti
606 5739 784 5793 locum
821 5727 1112 5804 eipressit,
1155 5727 1250 5796 Οἷς
1275 5733 1374 5804 καὶ.
1399 5732 1532 5804 Θεὸς
1572 5732 1671 5803 τὴν
1702 5731 1860 5801 χάριν
1886 5733 2002 5804 ἐπι-

431 5798 729 5880 ψηξρίζεται
764 5808 831 5877 τῇ
866 5798 1670 5880 κατηγορία-Λουκίουηρυεὴι
1703 5798 1997 5880 Ἰοίίιιῐιιηίια

434 5871 600 5940 vertit
632 5871 883 5949 Langus,
939 5871 1297 5946 φιίὺιὶεῦειιε
1346 5872 1566 5927 Lucium
1626 5871 1999 5927 accusantibus

2111 5312 2341 5380 gratiam
2374 5326 2526 5363 suam
2561 5307 2881 5362 concederet.
2911 5305 3365 5380 Optiiuc_Langits
3397 5304 3670 5380 interpre-

2113 5376 2259 5436 tatus
2320 5389 2404 5435 cst
2472 5380 2635 5433 verba
2698 5380 3007 5431 Sozomeni.
3094 5376 3278 5445 Neque
3332 5376 3475 5429 eiiim
3537 5376 3677 5429 alius

2149 5458 2290 5505 otest
2342 5466 2463 5505 esse
2516 5465 2715 5503 sensus
2776 5450 2967 5501 horum
3021 5446 3307 5501 Sozomcni
3359 5446 3674 5498 verborum.

2112 5516 2215 5591 Sed
2254 5520 2597 5591 Nicephorius
2639 5536 2745 5573 non
2794 5519 2934 5572 idem
2964 5517 3272 5591 dicitqqu
3317 5516 3675 5591 Soaomenus.

2109 5590 2238 5645 Vult
2266 5586 2412 5646 enim
2440 5590 2639 5656 dicere,
2675 5600 2940 5659 quantum
2977 5586 3193 5659 quidem
3226 5586 3498 5659 cxiverbis
3528 5586 3678 5659 illius

2110 5662 2380 5732 conjicio,
2434 5659 2605 5716 Deum
2662 5656 3136 5732 monachis—illis
3170 5658 3401 5728 gratiam
3449 5656 3676 5732 sanandi

2107 5726 2238 5803 πιεῆ
2268 5733 2389 5787 ideo
2426 5732 2793 5799 concessisse,
2834 5730 2979 5802 quod
3011 5726 3236 5783 Lucium
3274 5738 3533 5797 tanquam
3576 5726 3680 5780 imo

2112 5804 2258 5873 pium
2298 5810 2675 5859 accusassent.
