4452 6598
332 453 469 511 ιδιε

1269 443 1589 502 ΙΙ.5ἸύΙιΙΛ
1627 441 2191 499 ECCLESIASTlCA.
2229 474 2294 483 --
2330 440 2457 496 LIB.
2500 440 2583 495 Vl.

3430 452 3568 507 1846

328 574 529 637 παντὸς
557 573 739 636 ἐθνους
762 572 857 624 ἱνα
874 572 970 633 τὰς
1007 571 1330 641 Ἐκκλησίας
1354 572 1672 623 ἐπισκοπεῖν
1704 586 1718 599 ’
1754 570 1897 621 κατά
1926 577 1970 631 Α
2001 567 2055 621 in

1812 570 1897 621 ιτά
1926 577 1970 631 Α
2001 567 2055 621 in
2099 568 2322 622 sinistro
2356 566 2525 620 latere
2577 566 2736 621 Ponti
2788 567 3005 621 Euxini.
3044 567 3216 624 Porro
3260 581 3413 625 vetus
3460 573 3570 628 illic

328 665 393 734 δὴ
418 663 508 715 τὸν
534 661 778 732 παρόντα
809 660 1021 728 καιρὸν,
1063 659 1392 729 ἐπετρόπευε
1425 658 1630 710 τούτων
1661 656 1897 725 Βρεττα-

327 752 583 819 νίων(97)
606 768 620 783 ·
656 753 750 804 καὶ
802 750 1014 818 Οὐάλης
1042 750 1069 801 ό
1101 748 1347 816 βασιλεὺς
1372 744 1506 820 ἧκεν
1540 749 1617 810 είς
1656 747 1824 815 Τόμιν
1848 754 1894 798 ⁸.

339 847 489 899 Ἐπεὶ
518 844 576 897 δὲ
598 846 679 907 είς
738 844 838 913 τὴν
889 842 1183 911 ἐκκλησίαν
1224 840 1468 908 ἀφίκετο,
1492 842 1585 892 καὶ
1621 840 1695 901 ὡς
1720 837 1898 891 εἰώθει

330 936 543 989 ἔπειθεν
564 935 725 989 αὐτὸν
752 937 1029 987 κοινωνεῖν
1075 936 1187 995 τοῖς
1212 932 1318 985 ἀπὸ
1356 932 1457 1001 τῆς
1484 932 1727 993 ἐναντίας
1750 930 1899 1001 αἱρέ-

330 1047 487 1093 σεως,
523 1028 781 1100 ἀνδρείως
808 1028 953 1096 μάλα
972 1025 1107 1096 πρὸς
1144 1024 1235 1076 τὸν
1262 1023 1565 1095 κρατοῦντα
1591 1025 1899 1093 παρρησια·

330 1123 559 1191 σάμενος
594 1118 839 1190 περὶτοῦ
863 1119 1128 1187 δόγματος
1159 1116 1264 1169 τῶν
1300 1119 1357 1167 ἐν
1387 1116 1588 1185 Νικαία
1625 1116 1901 1168 συνελθόν-

326 1230 453 1274 των,
480 1211 767 1265 κατέλιπεν
828 1209 1011 1273 αὑτὸν,
1048 1209 1139 1260 καὶ
1169 1209 1247 1269 εἰς
1280 1206 1469 1277 ἑτέραν
1506 1202 1667 1277 ἦλθεν
1702 1205 1901 1274 ἐκκλη-

330 1304 449 1357 σίαν
474 1320 487 1333 ο
520 1302 615 1356 καὶ
665 1304 693 1354 ό
751 1300 878 1363 λαὸς
934 1300 1356 1371 ἐπηκολούθησε.
1415 1299 1605 1369 Σχεδὸν
1645 1298 1701 1349 δέ
1750 1300 1899 1351 πᾶσα

326 1397 359 1462 ἠ
390 1394 543 1453 πόλις
568 1391 1035 1462 συνεληλύθεισαν,
1063 1390 1284 1460 βασιλέα
1304 1390 1577 1459 ὀψόμενοι,
1595 1391 1688 1441 καὶ
1711 1388 1901 1440 νεώτε-

329 1502 421 1555 ρον
477 1482 693 1536 ἔσεσθαί
750 1500 803 1535 τι
847 1482 1332 1553 προσδοκήσαντες.
1400 1479 1768 1547 ’Λπολειφθεὶς
1842 1480 1899 1531 δέ

328 1575 541 1646 Οὐάλης
588 1575 685 1627 σὺν
731 1576 845 1635 τοῖς
878 1576 1014 1643 ἀμφ’
1068 1573 1251 1635 αὑτὸν,
1300 1570 1551 1641 χαλεπῶς
1579 1571 1776 1640 ἦνεγκε
1804 1569 1901 1638 τὴν

330 1666 503 1736 ῦσριν.
532 1666 639 1718 Καὶ
664 1664 1031 1735 συλληφθέντα
1065 1664 1462 1733 Βρεττανίωνα,
1498 1663 1579 1723 είς
1604 1660 1902 1730 ὑπερορίαν

328 1758 554 1826 ἄγεσθαι
575 1756 872 1826 προσέταξε
899 1795 913 1817 ,
941 1757 1035 1808 καὶ
1060 1756 1160 1807 οὒκ
1192 1757 1269 1817 είς
1290 1755 1504 1825 μακρὰν
1519 1749 1617 1806 αῦθ
1628 1771 1672 1816 ις
1694 1753 1893 1805 ἐπανά-

329 1850 517 1919 γεσθαι
546 1848 832 1917 ἐπέτρεψε.
851 1847 1284 1909 Χαλεπαίνοντας
1320 1846 1429 1915 γὰρ
1461 1842 1612 1915 οἶμαι
1640 1846 1773 1913 πρὸς
1804 1845 1900 1915 τὴν

331 1941 506 2011 φυγὴν
533 1939 627 1992 τοῦ
653 1938 951 1991 ἐπισκόπου
984 1938 1105 1990 ἰδὼν
1142 1938 1267 1998 τοὺς
1297 1934 1527 1998 Σκύθας,
1587 1933 1771 1987 ἐδεδίει
1825 1934 1898 2003 μή

336 2049 395 2084 τι
450 2031 865 2100 νεωτερίσωσιν·
905 2029 1179 2097 ἀνδρείους
1213 2045 1271 2079 τε
1312 2028 1689 2096 ἐπιστάμενος,
1715 2026 1807 2078 καὶ
1835 2028 1899 2095 τῇ

332 2121 476 2174 θέσει
496 2122 602 2172 τῶν
616 2120 816 2183 τόπων,
836 2118 1165 2185 ἀναγκαίους
1190 2120 1254 2187 τῇ
1282 2118 1567 2184 Ῥωμαίων
1585 2118 1898 2189 οἰκουμένῃ,

332 2216 425 2268 καὶ
448 2214 553 2266 τῶν
570 2214 709 2266 κατά
750 2213 866 2265 τόδε
900 2212 959 2263 τὸ
988 2211 1154 2280 κλίμα
1183 2210 1480 2279 Βαρϐάρων
1521 2209 1901 2279 προϐεϐλημέο-

330 2325 472 2369 νους.
504 2304 834 2376 Βρεττανίων
860 2304 956 2374 μὲν
988 2295 1079 2354 οὖν
1105 2296 1205 2355 ὦδε
1243 2302 1505 2373 κρείττων
1535 2302 1774 2369 ἀνεφάνη
1802 2300 1903 2369 τῆς

330 2399 422 2452 τοῦ
464 2396 789 2469 κρατοῦντος
832 2396 1095 2467 σπουδῆς·
1151 2396 1289 2466 ἀνὴρ
1314 2395 1383 2448 τά
1419 2412 1480 2448 τε
1516 2393 1652 2448 ἀλλα
1679 2394 1901 2461 ἀγαθὸς,

331 2493 425 2543 καὶ
457 2490 549 2543 ἐπὶ
576 2489 743 2558 ἀρετῇ
796 2486 910 2556 βίου
972 2488 1258 2558 ἐπίσημος,
1302 2487 1377 2549 ὡς
1406 2486 1499 2539 καὶ
1518 2486 1670 2538 αὐτοὶ
1700 2485 1903 2538 Σκῦθαι

333 2577 715 2649 μαρτυροῦσιν.
760 2576 846 2640 Ὦς
896 2578 1097 2630 ἐπίπαν
1153 2577 1209 2629 δὲ
1248 2578 1355 2638 πᾶς
1391 2575 1592 2645 κλῆρος
1633 2574 1902 2645 ἐπειράθη

330 2670 418 2722 διὰ
444 2669 618 2723 ταῦτα
674 2669 775 2739 τῆς
803 2668 898 2721 τοῦ
930 2668 1202 2739 βασιλέως
1250 2667 1442 2737 ὀργῆς,
1467 2666 1604 2736 πλὴν
1633 2667 1741 2719 τῶν
1769 2667 1905 2737 πρὸς

334 2762 569 2833 ἑσπέραν
591 2761 691 2830 τῆς
711 2761 1017 2832 ἀρχομένης
1043 2760 1150 2813 τῶν
1178 2758 1533 2828 Ἐκκλησιῶν.
1564 2760 1764 2813 Καθότι
1795 2758 1904 2811 τῶν

332 2853 583 2906 ἐπέκεινα
619 2853 902 2923 Ῥωμαίων
932 2847 1103 2922 ἦρχεν
1130 2850 1589 2916 Οὐαλεντινιανὸς,
1618 2849 1903 2920 ἐπαινέτης

330 2963 389 2998 τε
416 2944 491 2998 ὢν
523 2945 618 2997 τοῦ
642 2945 909 3015 δόγματος
934 2944 1033 3013 τῆς
1056 2946 1113 2995 ἐν
1134 2942 1180 2995 Ν
1187 2942 1337 3013 ικαία
1359 2942 1596 3003 συνόδου,
1628 2944 1723 2994 καὶ
1748 2942 1904 2995 εὐλα-

330 3034 441 3098 ϐῶς
469 3036 549 3098 είς
582 3034 719 3102 ἄγαν
752 3036 878 3106 περὶ
913 3034 974 3086 τὸ
1007 3033 1159 3086 Θεῖον
1200 3035 1370 3103 ἔχων⁸
1407 3033 1481 3097 ὡς
1518 3034 1653 3103 μήτε
1685 3034 1895 3086 ἐπιτάτ·

330 3141 445 3177 τειν
474 3126 585 3187 τοῖς
610 3123 811 3194 ἱερεῦσι
838 3123 1022 3194 μηδὲν,
1059 3124 1194 3194 μήτε
1218 3124 1393 3187 ἄλλως
1419 3123 1685 3195 αἱρεῖσθαι
1717 3140 1904 3175 νεωτε-

1999 658 2343 713 consuetudo
2383 659 2682 710 etiamnum
2732 669 2933 718 manet,
2976 668 3035 711 ut
3078 661 3246 714 totius
3282 662 3572 729 provinciae

2000 746 2278 801 Ecclesias
2330 762 2475 801 unus
2534 755 2745 799 tantum
2798 756 2947 817 regat
2997 750 3309 818 episc0pus.
3367 750 3471 805 Per
3518 754 3572 807 id

1999 849 2219 909 tempus
2276 838 2542 893 Ecelcsiis
2599 848 2832 907 praeerat
2882 840 3181 906 Vetranio,
3243 851 3376 895 tunc
3440 858 3565 896 cum

2002 933 2301 1001 imperator
2335 930 2531 985 Valens
2572 932 2641 985 ad
2678 932 2864 986 urbem
2919 932 3123 989 Tomes
3174 932 3413 987 advenit.
3467 934 3569 999 Qui

2000 1039 2123 1077 cum
2175 1022 2464 1077 ecclesiam
2513 1022 2634 1090 ejus
2687 1022 2795 1076 loci
2842 1023 3127 1092 ingressus
3176 1033 3344 1087 esset.
3396 1032 3470 1084 et,
3511 1034 3565 1077 ut

2001 1115 2236 1178 solebat,
2282 1114 2539 1169 suaderet
2571 1113 2851 1183 episcopo,
2896 1125 2955 1166 ut
2988 1130 3110 1167 cum
3150 1115 3369 1168 Arianis
3420 1130 3561 1166 rom-

2001 1208 2336 1269 municaret,
2385 1206 2649 1261 Vetranio
2698 1214 3019 1261 constanter
3073 1215 3126 1259 et
3170 1207 3342 1259 libere
3384 1220 3575 1258 coram

2003 1299 2337 1367 imperatore
2373 1300 2591 1353 locutus
2637 1298 2703 1353 dc
2754 1300 3005 1353 doctrina
3055 1296 3177 1350 ﬁdei
3217 1297 3467 1358 Niczenae,
3504 1298 3573 1349 ab

1999 1408 2065 1445 eo
2097 1393 2373 1454 discessit,
2421 1402 2475 1446 et
2510 1392 2575 1443 ad
2624 1392 2783 1445 aliam
2840 1390 3131 1445 ecclesiam
3186 1404 3247 1443 se
3293 1390 3569 1443 contulit:

2002 1498 2164 1549 quem
2218 1485 2451 1550 populus
2485 1499 2706 1551 quoque
2742 1492 2963 1535 secutus
3008 1489 3115 1534 est.
3162 1478 3431 1534 Universa
3472 1496 3571 1534 au-

2002 1583 2109 1627 tem
2160 1573 2271 1627 fere
2313 1574 2508 1627 civitas
2555 1572 2916 1635 conﬂuxerat,
2963 1572 3313 1641 imperatoris
3353 1570 3571 1625 videndi

2003 1679 2188 1728 causa,
2218 1672 2274 1717 et
2303 1666 2432 1733 quia
2473 1667 2597 1719 novi
2628 1664 2912 1733 quidpiam
2943 1672 3271 1718 eventurum
3310 1664 3572 1719 credeba-

2003 1764 2115 1809 tur.
2152 1756 2221 1808 At
2260 1753 2458 1809 Valens
2494 1771 2603 1808 una
2631 1772 2754 1809 cum
2791 1755 2908 1809 suis
2935 1756 3236 1810 derelictus
3282 1763 3572 1811 contume-

2004 1848 2131 1900 liam
2182 1846 2374 1916 iniquo
2423 1848 2608 1901 animo
2668 1848 2812 1900 tulit.
2866 1846 3137 1911 Quocirca
3188 1845 3571 1903 Vetranionem

2003 1940 2501 2007 comprehensum,
2556 1939 2613 1991 in
2679 1938 2938 1992 exsilium
2991 1937 3187 1991 abduci
3238 1939 3394 2007 jubet
3426 1958 3439 1993 :
3470 1956 3572 1993 ncc

2002 2029 2175 2082 multo
2221 2038 2344 2099 post
2381 2028 2647 2083 redeundi
2697 2029 2746 2081 ei
2790 2028 3003 2093 capiam
3053 2025 3205 2080 fecit.
3265 2025 3399 2080 Nam
3444 2044 3570 2081 cum

2004 2120 2262 2191 Scythas,
2301 2130 2360 2173 ut
2398 2121 2617 2188 opinor,
2643 2118 2713 2172 ob
2750 2120 3005 2173 exsilium
3035 2119 3278 2188 episcopi
3307 2118 3396 2172 sui
3428 2119 3570 2172 indi-

2000 2217 2231 2278 gnantcs
2262 2209 2492 2272 videret,
2537 2217 2781 2262 metuere
2831 2208 2998 2276 coepit
3031 2224 3097 2262 ne
3135 2208 3264 2276 quid
3305 2223 3568 2261 novarum

2001 2315 2186 2354 rerum
2241 2301 2587 2354 molirentur.
2647 2298 2819 2352 Norat
2861 2300 3008 2353 enim
3059 2314 3155 2353 eos
3209 2298 3337 2352 forti
3387 2300 3571 2353 animo

2000 2391 2261 2461 praeditos
2294 2407 2439 2456 esse,
2477 2398 2531 2445 et
2564 2392 2635 2445 ob
2662 2392 2827 2445 situm
2863 2390 3111 2445 locorum
3163 2389 3327 2444 utiles
3380 2405 3443 2442 ac
3478 2405 3570 2443 ne-

2000 2482 2275 2537 cessarios
2315 2496 2439 2535 esse
2472 2481 2702 2549 imperio
2736 2479 3007 2542 Romano.
3038 2480 3165 2533 valli
3198 2482 3374 2533 instar
3414 2481 3570 2549 obje-

2000 2582 2119 2626 ctos
2154 2572 2399 2626 ﬁnitimis
2438 2571 2719 2625 Barbaris.
2759 2571 2918 2626 Hunc
2964 2574 3019 2625 in
3062 2572 3281 2625 modum
3314 2573 3570 2626 Vetranio

2001 2670 2236 2717 conatus
2279 2662 2547 2732 principis
2599 2662 2878 2731 superavit
2920 2677 2935 2714 :
2984 2661 3072 2714 vir
3121 2670 3177 2714 et
3229 2661 3286 2713 in
3340 2661 3569 2729 reliquis

2005 2755 2175 2809 rebus
2241 2754 2500 2813 eximius,
2553 2760 2607 2807 et
2660 2754 2783 2806 vita:
2843 2752 3157 2821 integritate
3214 2753 3569 2821 conspicuus.

2000 2847 2145 2902 sicut
2206 2846 2425 2915 ipsimet
2474 2844 2687 2915 Scytha:
2738 2853 3039 2899 testantur.
3093 2843 3194 2899 His
3257 2845 3325 2899 de
3383 2846 3569 2899 causis

2000 2952 2191 2993 cautes
2218 2940 2330 2992 fere
2357 2938 2561 3005 ubique
2587 2936 2772 2990 clerici
2814 2936 3163 3005 imperatoris
3196 2936 3330 2990 iram
3362 2938 3568 3006 experti

2000 3040 2150 3095 sunt,
2204 3029 2455 3097 eXCeptis
2507 3025 2935 3081 occidentalium
2985 3027 3221 3096 partium
3277 3027 3562 3084 Ecclesiis.

2000 3123 2060 3178 In
2100 3124 2210 3179 illis
2258 3127 2402 3179 enim
2450 3120 2766 3195 regionibus
2819 3120 3082 3188 regnabat
3126 3118 3566 3187 Valentinianus,

334 3214 502 3286 ρίζειν
535 3216 625 3268 ἐπὶ
657 3215 859 3286 χείρονι
882 3212 914 3284 ἢ
935 3213 1177 3283 ἀμείνονι
1214 3213 1460 3267 δοκοῦντι
1501 3212 1628 3283 περὶ
1646 3213 1771 3275 τοὺς
1799 3212 1899 3281 τῆς
1925 3246 1969 3307 c
2001 3216 2092 3286 qtti

1808 3212 1899 3307 τῆς
1925 3246 1969 3307 c
2001 3216 2094 3286 qui
2126 3224 2182 3271 et
2227 3215 2457 3271 Nicacnae
2509 3216 2704 3288 synodi
2761 3212 3068 3272 doctrinam
3114 3214 3466 3289 sequebatur,
3513 3224 3566 3271 et

342 3305 667 3378 Ἐκκλησίας
710 3306 960 3375 θεσμούς.
993 3305 1128 3359 Τάδε
1155 3305 1263 3375 γὰρ
1320 3305 1555 3376 κρείττω
1602 3304 1701 3373 τῆς
1732 3301 1896 3356 αὑτοῦ
1933 3301 1969 3307 “
2001 3323 2096 3378 erg

1807 3301 1896 3355 τοῦ
1933 3301 1969 3307 ”
2001 3322 2130 3378 erga
2180 3308 2426 3362 divinum
2461 3308 2673 3363 Numen
2724 3309 2862 3364 adeo
2908 3310 2995 3381 pie
3032 3319 3151 3365 erat
3210 3310 3456 3376 affectus,
3508 3321 3565 3363 ut

330 3397 649 3468 δοκιμασίας
674 3398 875 3466 ἠγεῖτο,
907 3396 1107 3465 καίπερ
1124 3394 1371 3465 βασιλεὺς
1397 3394 1616 3465 ἀριστος
1635 3392 1894 3462 γεγονὼς,
2000 3414 2088 3453 net

1807 3392 1894 3461 ὼς,
2000 3414 2180 3468 neque
2226 3400 2521 3469 imperaret
2575 3402 2873 3475 quidquam
2924 3402 3337 3465 sacerdotibus,
3390 3417 3565 3471 neque

331 3490 424 3543 καὶ
458 3489 639 3553 ἱκανὸς
663 3491 849 3559 ἄρχειν
875 3488 963 3541 διὰ
986 3488 1095 3541 τῶν
1120 3488 1459 3557 πραγμάτων
1483 3487 1693 3555 φανείς.
1999 3490 2089 3562 24

1999 3490 2160 3562 265
2189 3492 2419 3545 omnino
2454 3508 2659 3548 novare
2698 3491 2905 3562 aliquid
2941 3492 2996 3545 in
3038 3493 3433 3547 ecclesiasticis
3472 3508 3566 3547 su-

332 3582 580 3645 stineret,
630 3582 678 3636 si
732 3582 863 3652 quid
901 3582 1004 3637 sibi
1045 3580 1288 3635 deterius
1357 3590 1451 3635 aut
1494 3582 1705 3636 rectius
1749 3582 1928 3639 visum
1968 3584 2184 3641 luisset.
2234 3585 2345 3639 llas
2399 3588 2543 3641 enim
2600 3602 2711 3651 res,
2770 3588 3023 3640 examine
3080 3600 3145 3640 ac
3203 3586 3416 3655 judicio
3467 3603 3566 3642 suo

334 3672 738 3741 praestantiores
768 3687 892 3727 esse
934 3672 1301 3737 existimabat,
1355 3672 1608 3742 quamvis
1637 3674 1873 3731 eximius
1912 3685 2060 3732 esset
2086 3678 2403 3747 imperator,
2430 3687 2485 3733 et
2509 3678 2577 3733 ad
2619 3693 2706 3733 res
2747 3677 3031 3747 gerendas,
3072 3684 3131 3731 ut
3192 3680 3566 3749 experimento

334 3761 526 3829 patuit,
565 3762 908 3831 aptissimus.

910 3851 1157 3905 ΚΕΦΑΛ.
1199 3851 1327 3905 KB'.
2594 3852 2668 3906 CA

1200 3851 1327 3905 ΚΠ.
2594 3850 2750 3906 CAP.
2795 3850 2958 3907 XXII.

364 3946 465 3997 Οτι
488 3945 615 3997 κατ’
649 3942 844 3995 ἐκεῖνο
876 3942 1081 4011 καιροῦ
1108 3943 1457 4010 κινηθέντος
1480 3942 1587 3997 τοῦ
1628 3942 1759 4010 περὶ
1786 3943 1893 3998 τοῦ
2000 3942 2115 4011 Quo

1804 3943 1893 3998 τοῦ
2000 3942 2274 4011 Quomodo
2331 3952 2457 3995 tunc
2513 3943 2759 4008 temporis
2816 3959 2933 3995 cum
2987 3942 3052 3996 de
3111 3942 3317 4011 Spiritu
3378 3956 3562 3999 sancto

402 4012 574 4083 ἁγίου
616 4010 1189 4081 Πνεύματοςλόγου,
1224 4012 1509 4083 ίέκυρὼθη
1577 4014 1897 4083 ὀμοούσιον
2024 4010 2031 4011 ί
2069 4029 2154 4065 mo

1805 4031 1897 4068 ιον
2024 4010 2031 4011 ί
2069 4023 2215 4066 mota
2244 4023 2377 4083 esset
2412 4014 2653 4083 qumstio,
2699 4028 2817 4065 eum
2853 4012 3008 4065 Patri
3053 4020 3105 4065 et
3150 4010 3293 4064 Filio
3336 4016 3562 4067 consub-

398 4083 679 4153 λέγεσθαι
708 4083 892 4150 Πατρί
917 4098 981 4135 τε
1002 4083 1101 4136 καὶ
1142 4082 1270 4147 Υίῷ.
1612 4082 1617 4083 ⁷
2052 4091 2152 4135 ’δια

1163 4082 1270 4147 Γίῷ.
1612 4082 1617 4083 ⁷
2052 4082 2372 4135 ἐιαιιιίαίεηι
2397 4097 2508 4134 esse
2530 4082 2794 4134 decretum
2822 4090 2921 4134 est.

411 4173 500 4227 ‘Ev
526 4173 697 4243 τούτῳ
726 4172 782 4225 δὲ
814 4172 996 4235 πάλιν,
1026 4171 1126 4242 ἢδη
1160 4172 1257 4241 μὲν
1297 4171 1558 4242 πρότερον
1592 4173 1893 4244 ἀρξαμένη,
2069 4173 2169 4229 Εο(

1807 4191 1893 4244 νη,
2069 4173 2271 4229 Eodem
2296 4182 2540 4243 tempore
2571 4188 2764 4227 rursus
2796 4180 2943 4227 mota
2975 4180 3059 4227 est
3091 4172 3344 4241 quaestio,
3378 4182 3560 4229 utxum

331 4262 499 4317 νῦνδέ
528 4263 688 4315 πλέον
727 4260 985 4314 ἐπιδοῦσα
1018 4264 1050 4330 ἡ
1084 4260 1305 4332 ζήτησις
1335 4258 1425 4332 ἦν,
1476 4265 1523 4315 εί
1548 4264 1717 4317 καὶτὸ
1742 4264 1895 4333 ἅγιον
1999 4263 2089 4333 Spi

1802 4281 1895 4318 ἰον
1999 4263 2239 4333 Spiritus
2272 4270 2499 4317 sanctus
2538 4261 2781 4328 ejusdem
2810 4276 2934 4315 cum
2964 4260 3127 4316 Patre
3153 4269 3206 4315 et
3247 4260 3388 4315 Filio
3427 4263 3560 4317 sub-

334 4352 556 4422 Πνεῦμα
582 4349 755 4421 Πατρί
780 4367 839 4402 τε
883 4350 975 4403 καὶ
1008 4350 1121 4420 Υίῷ
1147 4350 1428 4420 όμοούσιον
1456 4351 1694 4416 δοξάζειν
1727 4370 1894 4423 προσ·
1996 4362 2092 4407 stat

1800 4370 1894 4405 ›οσ-
1996 4353 2213 4407 stantia
2244 4350 2553 4405 censendus
2585 4356 2762 4405 esset:
2782 4365 2902 4419 quae
2931 4351 3149 4419 quidem
3176 4351 3405 4420 qumstio
3435 4367 3558 4405 cum

331 4445 481 4514 ἧκεν.
538 4440 839 4511 Ἐριστικαί
883 4456 944 4492 τε
986 4441 1112 4510 περὶ
1156 4439 1343 4492 τούτου
1385 4440 1575 4494 πολλαὶ
1606 4442 1889 4508 διαλέξεις,
1991 4442 2089 4512 jan

1802 4460 1889 4505 εις,
1991 4442 2104 4512 jam
2150 4443 2363 4512 pridem
2411 4450 2589 4510 cmpta
2630 4441 2846 4505 fuisset,
2890 4449 3005 4494 tum
3036 4442 3330 4495 maximum
3381 4441 3560 4495 incre-

329 4535 429 4604 οὐχ
459 4526 620 4605 ἦττον
647 4531 682 4601 ἢ
715 4531 977 4600 πρότερον
1024 4529 1152 4599 περὶ
1187 4528 1281 4582 τοῦ
1308 4529 1443 4583 Θεοῦ
1468 4532 1641 4599 Λόγου
1672 4532 1895 4604 συνέϐη·
1921 4530 1972 4587 D
1998 4550 2083 4587 me

1800 4532 1895 4604 6η-
1921 4530 1972 4587 D
1998 4543 2237 4587 mentum
2260 4538 2551 4602 acceperat
2571 4532 2609 4585 ¹.
2644 4531 2827 4585 Multa:
2853 4531 3023 4601 igitur
3048 4532 3149 4586 hac
3182 4531 3248 4586 de
3276 4547 3335 4586 re
3362 4531 3556 4600 dispu-

332 4640 455 4677 σαν.
482 4621 638 4676 Κατά
669 4620 826 4673 τοῦτο
868 4620 925 4674 δέ
956 4620 1202 4690 ἀλλήλοις
1246 4621 1599 4692 συνεφέροντο
1635 4622 1687 4674 οἵ
1710 4639 1767 4675 τε
1800 4624 1895 4675 ἀν·
2001 4625 2090 4677 tati

1800 4624 1895 4675 ἀν-
2001 4625 2235 4678 taliones
2295 4638 2491 4693 magna
2536 4623 2888 4676 contentione
2948 4620 3139 4686 tactze,
3203 4637 3311 4676 non
3376 4622 3557 4676 minus

331 4715 512 4785 όμοιον
536 4714 628 4768 καὶ
652 4712 984 4785 όμοιοούσιον
1012 4712 1102 4765 τὸν
1133 4712 1260 4766 Υίὸν
1282 4707 1419 4767 εῖναι
1452 4712 1714 4781 λέγοντες.
1762 4715 1895 4785 Ἀμ-
1998 4730 2089 4783 qu:

1796 4715 1895 4785 ιμ-
1998 4729 2163 4783 quam
2191 4722 2351 4768 antea
2399 4712 2467 4769 de
2493 4712 2604 4767 Deo
2634 4711 2830 4769 Verbo.
2869 4712 3042 4769 Porro
3097 4714 3153 4767 in
3188 4713 3290 4767 hac
3330 4721 3554 4768 contro-

400 4893 418 4923 ⁸
451 4891 631 4958 Socr.,
666 4891 760 4945 lib.
793 4906 856 4956 ιι,
892 4906 943 4945 c.
980 4890 1068 4945 45.

1522 5039 1790 5093 VALESll
1828 5038 2373 5096 ANNOTATIONES.

396 5178 508 5250 (97)
534 5178 925 5251 Βρεττανίαν.Δ
954 5176 1285 5251 Interpretes
1316 5174 1751 5251 Britannionem_
1773 5192 1888 5251 ver-
1989 5177 2323 5251 gonstantii,
2372 5180 2463 5233 ubi
2498 5178 2566 5235 de
2598 5180 2943 5251 Vetranione
2961 5188 3193 5251 tyranno
3238 5186 3295 5236 lit
3328 5188 3551 5242 mentio.

330 5244 531 5323 terunt.
562 5244 673 5318 Ego
709 5244 1302 5323 Vetranionem—dicere
1329 5247 1513 5323 malui.
1543 5245 1676 5298 Nam
1706 5244 1881 5323 ,εἴτεκοί
1990 5246 2164 5323 Porro
2198 5247 2578 5323 Vetraniongm
2608 5251 2735 5303 .dici
2772 5266 2870 5323 pro
2902 5244 3287 5323 Veia-among,
3322 5254 3553 5323 jampri-

332 5321 433 5374 hoc
458 5316 680 5380 nomen,
705 5318 851 5387 quod
878 5317 1128 5371 Latinam
1161 5316 1323 5387 habet
1348 5316 1638 5387 originem,
1672 5316 1751 5368 sic
1778 5316 1885 5369 fere
1988 5318 2111 5369 dem
2159 5317 2445 5374 observavi
2490 5319 2545 5373 in
2588 5316 3040 5377 annotationibus
3082 5323 3149 5377 ad
3200 5316 3549 5379 Antmiariuut

331 5390 509 5444 solent
536 5389 819 5454 scribere,
868 5396 927 5441 ut
954 5401 1120 5457 supra
1157 5386 1399 5440 vidimus
1425 5387 1478 5439 in
1520 5386 1685 5439 rebus
1715 5387 1885 5454 gestis
1987 5387 2387 5442 Marcellinum.

1726 5554 2116 5613 VARIORUM.

472 5702 526 5755 ὀ
555 5694 1192 5783 βεεξᾷεὲς-.ἧ²εεν.εις.
1222 5697 1632 5783 κτιξξεινςᾉξψει-
1655 5695 1793 5783 εδρς.
1812 5704 1885 5783 ιιι
1991 5708 2075 5783 εει
2104 5701 2215 5783 ad.

1785 5704 1885 5783 ,ιιι
1991 5708 2075 5783 est
2104 5701 2378 5783 ‘adnmare
2414 5704 2522 5783 sita
2566 5707 2620 5760 in
2658 5707 2885 5783 sinistro
2928 5707 3098 5783 latere
3130 5708 3288 5767 Ponti
3324 5710 3543 5772 Euxini.

331 5781 475 5828 recte
506 5771 729 5850 conjicit
771 5765 1143 5851 Gethofredus
1180 5767 1234 5820 in
1279 5765 1639 5835 Chronologia
1663 5765 1882 5821 Codicis
1990 5772 2087 5840 (An

329 5840 716 5907 Theodostam,
739 5839 956 5895 Videtur
978 5836 1177 5895 Valens
1206 5834 1391 5891 Tomos
1409 5834 1689 5906 profectus
1710 5850 1725 5888 :
1746 5835 1877 5893 urbs

1316 5766 1639 5835 :hronologia
1663 5765 1882 5821 Codicis
1990 5772 2141 5840 (Ant.
2176 5770 2305 5828 Pam
2327 5814 2344 5841 ,
2377 5775 2443 5829 ad
2474 5789 2679 5831 annum
2714 5778 2835 5843 569,
2871 5794 2925 5832 ιι.
2962 5778 3074 5849 l8.)

1316 5852 1391 5891 ιοσ
1409 5834 1689 5906 prolectus
1710 5850 1725 5888 :
1746 5835 1877 5893 urbs
