4452 6598
852 399 987 456 1547

2304 398 2647 456 ΞΟΖΟΜΕΝΙ

3957 404 4106 462 1558

847 508 1027 564 versia
1066 506 1410 574 Anomoeani,
1445 514 1501 562 et
1538 506 1576 561 ii
1617 506 1711 575 qui
1748 502 1946 560 Filium
1994 504 2139 561 Patri
2184 507 2416 561 similem
2445 510 2495 572 Α
2521 506 2605 576 φόι

2346 522 2416 561 3m
2445 510 2495 572 Α
2521 506 2738 579 φότεροι
2768 508 2879 578 γὰρ
2907 508 3231 575 διακονικὸν,
3274 510 3370 564 καὶ
3397 512 3577 584 τρίτον
3608 514 3673 583 τῇ
3704 510 3875 577 τάξει.
3903 513 4004 566 καὶ
4031 514 4104 584 τῇ

847 599 1024 669 quoad
1066 598 1436 653 substantiam
1463 598 1807 659 asserebant,
1842 599 1984 653 inter
2017 612 2077 656 se
2109 611 2414 653 consense—

844 698 995 744 runt.
1034 685 1266 758 Utrique
1307 687 1453 743 enim
1483 684 1754 757 Spiritum
1806 698 2056 742 sanctum
2100 687 2414 742 ministrum

844 790 989 837 esse,
1040 782 1097 828 et
1143 773 1342 830 ordine
1392 785 1557 846 atque
1609 775 1822 831 honore
1872 778 2118 843 tertium,
2173 784 2230 830 et
2281 776 2414 831 sub-

845 865 1044 918 stantia
1077 865 1399 920 dissimilem
1451 868 1869 922 asseverabant.
1914 865 2243 935 Quicunque
2285 880 2417 921 vero

845 955 1042 1011 Filium
1080 956 1230 1012 Patri
1270 958 1794 1014 consubstantialem
1831 973 1953 1013 esse
1996 958 2413 1028 proﬁtebantur,

846 1048 986 1103 idem
1015 1064 1237 1120 quoque
1270 1051 1583 1109 sentiebant
1612 1049 1680 1104 de
1725 1048 1952 1121 Spiritu.
1987 1051 2163 1117 Quam
2207 1051 2417 1106 doctrin

844 1154 969 1193 nam
1014 1139 1069 1193 in
1104 1139 1262 1211 Syria
1303 1141 1521 1209 quidem
1556 1139 1898 1209 Apollinaris
1944 1141 2292 1198 Laodiccnus
2320 1162 2334 1197 :
2358 1143 2413 1197 in

841 1227 1082 1300 Egypto
1116 1238 1298 1285 autem
1347 1230 1684 1286 Athanasius
1731 1232 2025 1301 cpiscopus
2053 1249 2067 1298 ;
2100 1233 2152 1285 in
2206 1232 2415 1302 Cappa-

842 1320 1003 1375 docia
1027 1336 1164 1375 vero
1189 1330 1239 1376 et
1276 1323 1330 1377 in
1355 1322 1618 1379 Ecclesiis
1642 1323 1821 1390 Ponti,
1851 1323 2089 1380 Basilius
2125 1333 2179 1379 et
2208 1325 2415 1395 Grego—

843 1409 963 1466 rius
989 1411 1259 1467 acerrime
1288 1414 1450 1467 tutati
1484 1421 1632 1467 suut.
1672 1412 1845 1467 Porro
1878 1428 2002 1468 cum
2036 1414 2150 1468 hare
2182 1416 2415 1483 quaesﬁo

842 1502 1167 1572 agitaretur,
1200 1511 1255 1557 et
1284 1504 1648 1559 contendendi
1679 1505 1866 1559 studio
1913 1504 2088 1574 magis
2135 1506 2414 1576 magisque

841 1593 898 1648 in
922 1594 1042 1649 dies
1070 1604 1365 1659 cresceret,
1397 1596 1696 1665 episcopus
1743 1596 1903 1651 urbis
1930 1595 2136 1655 Romae,
2181 1611 2241 1649 re
2266 1611 2416 1650 como

840 1690 1021 1752 perta,
1056 1683 1282 1753 scripsit
1318 1685 1383 1738 ad
1416 1684 1659 1740 Orientis
1689 1684 1981 1749 Ecclesias,
1999 1695 2059 1739 ut
2087 1685 2413 1741 Trinitatem

838 1775 1386 1839 consubstantialem,
1435 1783 1492 1830 et
1546 1775 1754 1831 honore
1792 1776 2082 1847 gloriaque
2125 1778 2410 1847 aequalem,

2516 601 2674 670 τιμῇ,
2704 600 2799 652 καὶ
2838 602 2905 671 τῇ
2937 600 3096 673 οὐσίᾳ
3128 600 3339 655 ἀλλοῖον
3368 603 3431 655 τὸ
3463 603 3688 673 Πνεῦμα
3729 602 4100 675 ἰσχυρίζοντο.

2519 690 2671 743 Ὅσοι
2701 690 2758 744 δὲ
2785 692 3067 761 ὁμοούσιον
3097 691 3176 762 τῷ
3220 693 3395 763 Πατρὶ
3437 693 3529 748 τὸν
3559 694 3684 747 Υίὺν
3722 694 3994 760 ἐδόξαζον,
4029 695 4107 750 τὰ

2514 781 2655 834 αὐτὰ
2698 781 2795 835 stati.
2827 781 3072 853 περὶτοῦ
3107 782 3423 853 Πνεύματος
3450 784 3729 854 ἐφρόνουν.
3789 786 3903 838 Οὐκ
3933 786 4106 853 ἀγεν-

2513 872 2621 935 νῶς
2651 872 2709 926 δὲ
2736 873 2909 944 τούτῳ
2941 873 3019 944 τῷ
3056 873 3199 945 λόγῳ
3230 874 3576 937 συνίσταντο,
3623 876 3681 928 ὲν
3712 876 3809 945 μὲν
3830 878 3897 947 τῇ
3924 875 4105 947 Συρίᾳ

2526 958 2900 1029 Ἀπολινάριος
2936 962 2966 1013 6
3007 960 3303 1024 Λαοδικεύς
3328 977 3342 992 ·
3393 962 3452 1014 ὲν
3482 960 3744 1033 Αἰγύπτῳ
3768 962 3824 1016 δὲ
3867 963 4105 1017 Ἀθανὰο

2515 1066 2629 1113 σιος
2645 1050 2754 1119 (98)
2781 1054 2809 1105 6
2830 1052 3143 1116 ἐπίσκοπος
3164 1053 3315 1124 παρὰ
3338 1052 3394 1106 δὲ
3424 1055 3821 1117 Καππαδόκαις
3855 1056 3952 1109 καὶ
3972 1057 4104 1117 ταῖς

2511 1140 2615 1193 ἀνὰ
2642 1141 2734 1194 τὸν
2754 1142 2953 1195 Πόντον
2970 1142 3347 1213 Ἐκκλησίαις,
3368 1144 3647 1209 Βασίλειος
3661 1146 3753 1198 καὶ
3772 1146 4101 1217 Γρηγόριος,

2526 1232 2977 1302 Ἀνακινουμένης
3005 1233 3062 1287 δὲ
3103 1236 3203 1305 τῆς
3242 1237 3500 1308 τοιαύτης
3546 1238 3846 1309 ζητήσεως,
3892 1239 3987 1291 καὶ
4018 1237 4104 1298 ὡς

2514 1322 2660 1386 εἰκὸς
2683 1325 2804 1384 ταῖς
2837 1323 3188 1391 φιλονεικίαις
3211 1326 3484 1397 ὁσημέραι
3530 1327 3693 1380 πλέον
3730 1327 4099 1396 ἐπιδιδούσης,

2518 1412 2703 1483 μαθὼν
2742 1416 2771 1467 ὁ
2803 1414 3022 1485 Ῥώμης
3053 1417 3350 1481 ἐπίσκοπος
3386 1418 3519 1488 (99),
3569 1418 3776 1489 ἔγραψε
3818 1423 3939 1482 ταῖς
3986 1418 4103 1471 ἀνὰ

2512 1504 2612 1574 τὴν
2638 1506 2753 1558 Ἕω
2790 1506 3156 1578 Ἐκκλησίαις,
3208 1509 3306 1562 σὺν
3341 1513 3455 1572 τοῖς
3501 1510 3611 1563 ἀπὸ
3642 1510 3743 1580 τῆς
3779 1511 3985 1573 δύσεως
4012 1511 4102 1562 ιε-

2517 1595 2692 1665 ρεῦσι,
2745 1596 2951 1668 Τριάδα
2995 1598 3281 1669 ὁμοούσιον
3306 1600 3400 1652 καὶ
3441 1600 3696 1671 ὁμόδοξον
3745 1600 4098 1671 πρεσϐεύειν.

2515 1684 2715 1738 Τούτου
2736 1685 2794 1738 δὲ
2819 1687 3134 1757 γενομένου,
3179 1688 3258 1752 ὡς
3300 1690 3741 1761 ὲπικεκριμένοις
3766 1688 3912 1756 ἅπαξ
3940 1689 4101 1759 παρὰ

2514 1776 2614 1846 τῆς
2658 1777 2941 1848 Ῥωμαίων
2982 1780 3344 1851 Ἑκκλησίας,
3395 1782 3623 1852 ἡσυχίαν
3667 1778 3803 1855 ἦγον
3844 1784 4096 1847 ἔκαστοι,

840 1879 949 1919 una
1017 1881 1145 1920 cum
1197 1866 1635 1922 occidentalibus
1677 1867 1954 1937 episcopis
2002 1868 2419 1933 confiterentur.
2454 1856 2495 1909 Β
2522 1869 2598 1922 κα¹

2002 1868 2419 1933 confiterentur.
2454 1856 2495 1909 Β
2522 1869 2614 1922 καὶ
2635 1870 2787 1933 τέλος
2815 1870 2958 1941 ἔχειν
2989 1869 3165 1937 ἔδοξεν
3190 1874 3224 1943 ἡ
3251 1872 3471 1943 τοιαύτη
3503 1873 3750 1946 ζήτησις.

839 1954 961 2022 Quo
1012 1956 1176 2021 facto,
1233 1967 1423 2028 utpote
1454 1948 1852 2015 'cou'troversia
1878 1959 2095 2029 judicio
2145 1959 2407 2017 Romanae
2446 1960 2708 2019 Ecclesia:
2737 1965 3053 2031 terminata,
3094 1965 3296 2037 singuli
3326 1965 3584 2036 quievere
3618 1984 3633 2022 :
3697 1981 3874 2037 eaque
3943 1980 4100 2038 quaa-

839 2050 946 2106 stio
979 2050 1145 2106 tinem
1179 2050 1399 2107 tandem
1426 2052 1708 2123 accepisse
1736 2053 2055 2110 videbatur.

1421 2186 1576 2243 CAP.
1600 2187 1788 2245 XXIII.

838 2274 1106 2355 Delum-te
1135 2278 1333 2355 Liberii
1359 2282 1587 2355 episcopi
1606 2281 1839 2355 Romani
1860 2283 2070 2355 {deque
2093 2283 2327 2340 Damaso
2351 2295 2400 2339 et

911 2345 1105 2423 Ursino
1139 2352 1228 2419 qui
1259 2345 1569 2423 post'ilyint
1595 2352 1830 2420 fuerunt.
1865 2353 1926 2406 Et
1960 2345 2098 2423 4m
2128 2357 2400 2410 universus

910 2417 1166 2474 Occidens
1199 2417 1393 2489 pr'wler
1439 2417 1804 2476 Mediolanum
1837 2434 1888 2477 et
1922 2417 2242 2478 Auxentium
2284 2426 2400 2492 ejus

906 2493 1228 2558 episcopum,
1254 2500 1415 2564 Arecte
1452 2493 1729 2564 sentiebat.
1771 2492 1906 2547 Item
1951 2494 2016 2547 de
2059 2494 2261 2564 synodo
2295 2494 2404 2548 Ro-

908 2576 1066 2612 mana
1088 2575 1202 2636 quin
1220 2560 1272 2636 ΔΑ
1282 2563 1550 2615 umentium
1574 2564 1836 2631 deposuit,
1871 2574 1921 2618 et
1954 2567 2018 2618 de
2038 2560 2222 2636 regula
2243 2582 2403 2636 quam

903 2630 1275 2700 promulgavit.

903 2737 1010 2794 Per
1060 2739 1202 2794 idem
1263 2748 1476 2810 tempus
1523 2754 1743 2800 mortuo
1797 2745 2073 2812 Liberio‘,
2130 2745 2398 2805 Damasus

836 2826 1096 2882 Romana:
1132 2830 1279 2885 sedis
1319 2833 1852 2889 administrationem
1888 2838 2152 2907 suscepit.
2195 2836 2314 2903 Qua
2346 2839 2402 2893 in

834 2918 1181 2974 ordinatione
1212 2918 1447 2978 Ursinus
1485 2924 1712 2994 quidam
1738 2925 2008 2983 diaconus
2034 2928 2398 2997 quorumdam

835 3012 1112 3081 suti‘ragiis
1144 3015 1482 3078 nominatus,
1542 3030 1666 3069 cum
1704 3017 1980 3086 repulsam
2010 3033 2209 3088 passus
2235 3027 2400 3086 esset,

837 3102 980 3157 ferre
1018 3119 1125 3157 non
1178 3106 1402 3174 potuit:
1434 3105 1530 3161 scd
1584 3108 1727 3162 clam
1777 3108 1846 3165 ab
1883 3110 2137 3166 obscuris
2180 3111 2404 3182 quihus-

835 3196 961 3248 dam
986 3196 1260 3266 episcopis
1287 3196 1601 3263 ordinatus,
1637 3198 1937 3254 Ecclesiam
1970 3201 2305 3273 discerpere,
2346 3210 2401 3258 et

835 3290 1128 3357 separatim
1169 3290 1431 3345 collectas
1461 3305 1623 3361 agere
1664 3292 1987 3347 conabatur.
2030 3292 2212 3349 Diviso
2235 3294 2401 3368 246

836 3380 1003 3451 igitur
1038 3382 1258 3451 populo,
1292 3381 1384 3435 alii
1414 3381 1637 3451 quidem
1683 3383 1873 3450 istum,
1914 3385 2006 3438 alii
2041 3400 2171 3441 vero
2204 3385 2403 3441 Dama-

835 3483 958 3524 sum
991 3469 1353 3540 praeferebant
1397 3473 1739 3541 episcopum.
1791 3471 1952 3537 Hinc,
2005 3481 2063 3527 ut
2106 3475 2402 3531 verisimile

834 3573 939 3629 est,
972 3565 1163 3633 ingens
1202 3565 1484 3618 contentio
1509 3548 1572 3618 ac
1614 3564 2215 3622 scditio'multitudinis
2243 3581 2401 3621 exar-

836 3657 910 3710 sit
944 3657 1121 3710 :adeo
1157 3664 1215 3709 ut
1266 3656 1469 3709 malum
1522 3656 1590 3709 ad
1635 3657 1865 3712 vulnera
1902 3669 1954 3713 et
2005 3660 2185 3715 caedes
2223 3675 2401 3731 usque

837 3756 1241 3818 prorumperet,
1281 3747 1454 3802 donec
1489 3746 1781 3817 praefectus
1815 3750 1991 3815 urbis,
2046 3752 2234 3807 multis
2283 3761 2398 3805 tum

834 3854 903 3894 ex
944 3840 1120 3910 plebe,
1163 3849 1277 3892 tum
1324 3855 1390 3893 ex
1423 3840 1573 3894 clero
1621 3841 1894 3911 supplicio
1943 3843 2176 3909 aﬂ‘ectis,
2220 3842 2399 3899 Ursini

833 3939 1090 3985 conatum
1135 3932 1419 3999 repressit.
1455 3929 1611 3997 Quod
1653 3948 1783 3987 vero
1812 3933 1879 3987 ad
1916 3933 2225 3989 doctrinam
2274 3934 2403 3990 ﬁdei

835 4023 1091 4092 pertinet,
1140 4038 1240 4076 nec
1277 4019 1530 4089 Itomani,
1573 4039 1677 4079 nec
1707 4024 1803 4078 ulli
1838 4026 1931 4080 alii
1986 4026 2043 4081 in
2086 4026 2399 4083 Occidentis

834 4113 1102 4184 partibus,
1132 4121 1262 4168 tunc
1293 4115 1573 4184 temporis,
1622 4116 1767 4171 sicut
1795 4131 1896 4171 nec
1936 4128 2115 4184 antea,
2162 4119 2307 4174 inter
2339 4135 2399 4176 se

833 4206 1170 4260 dissidebant
1198 4223 1212 4260 :
1238 4204 1335 4261 sed
1370 4207 1606 4261 universi
1639 4210 1965 4263 sententiam
1994 4207 2227 4265 Nicaeum
2261 4227 2393 4283 syn-

832 4297 923 4352 odi
969 4296 1370 4366 approbabunt,
1417 4308 1474 4353 et
1521 4297 1845 4355 Trinitatem
1885 4303 2113 4372 aequalis
2165 4302 2398 4359 honoris

832 4403 898 4444 ac
914 4390 1167 4459 potentiae
1185 4390 1606 4446 venerabantur.
1628 4389 1869 4462 Excepto
1892 4392 2157 4447 duntaxat
2176 4393 2399 4450 Auxen-

835 4482 942 4540 tio.
990 4481 1081 4550 qui
1135 4488 1268 4534 tunc
1320 4480 1709 4539 Mediolanensi
1766 4472 2066 4555 praesidens
2116 4485 2393 4549 Ecclesiae,

3090 2190 3341 2245 ΚΕΦΑΛ.
3375 2189 3502 2243 ΚΓ.

2506 2285 2647 2355 Περὶ
2696 2281 2985 2350 τελευτῆς
3030 2282 3302 2355 Λιϐςρίου
3353 2281 3599 2355 Ῥώμης.
3650 2281 3746 2335 καὶ
3804 2282 4097 2355 Δαμάσου

2576 2351 2675 2410 ira!
2723 2354 3045 2423 Οὺρσικζου
3092 2351 3219 2423 τῶν,
3261 2354 3667 2423 μεἰίᾳὺτόκ·
3732 2353 3828 2405 καὶ
3876 2356 3958 2418 ὡς
4022 2355 4098 2406 ἐν

2592 2420 2872 2494 Έσπέῥᾳ,
2903 2422 3071 2494 πᾶσα
3092 2422 3161 2474 τὸ
3193 2420 3374 2494 ὀρθὸν
3402 2420 3660 2494 ἐδόξαζε,
3687 2423 3856 2494 πλὴν
3877 2424 4097 2477 Μεδιο-

2574 2492 2785 2550 λὰνωνί
2824 2494 2922 2546 καὶ
2961 2493 3290 2556 Αὑξεντίου
3330 2492 3437 2546 τοῦ
3471 2494 3691 2559 ταύτης
3731 2493 4090 2561 ἀρχιερέως·

2578 2566 2677 2618 καὶ
2708 2566 2839 2633 περὶ
2860 2562 2970 2631 τῆς
3000 2563 3072 2633 ἐν
3108 2561 3304 2633 ἰἶώέιῃ
3337 2563 3623 2633 συνόδου,
3648 2563 3780 2628 ἣτις
3809 2564 4095 2617 καθεῖλεν·

2576 2629 2928 2700 Αῠξέντιον,
2952 2632 3052 2685 καὶ
3079 2629 3186 2684 τοῦ
3218 2631 3359 2699 ὅρου
3388 2630 3461 2684 ὃν
3485 2632 3729 2701 ἔγραψε.

2577 2751 2714 2821 Περὶ
2743 2748 2800 2803 δὲ
2816 2745 3005 2800 τοῦτον
3031 2745 3122 2798 τὸν
3148 2745 3341 2816 χρόνον
3364 2744 3616 2817 Λιϐερίου
3638 2747 3861 2819 τελευτή
3871 2765 4090 2813 σαντος.

2507 2838 2861 2909 ἐπιτρέπεται
2889 2837 3140 2906 Δάμασος
3180 2835 3271 2887 τὸν
3313 2835 3600 2906 Ῥωμαίων
3640 2836 3849 2908 θρόνον.
3917 2839 4082 2892 Ὑπὸ·

2506 2929 2684 3001 ψηφος
2735 2929 2793 2981 δὲ
2836 2927 2911 2981 ὣν
2945 2931 3012 3000 τῇ
3063 2926 3368 2998 χειροτονίᾳ
3405 2929 3501 2980 καὶ
3550 2929 3836 2999 Ούρσὶκιός
3883 2947 3969 2993 τις
4007 2930 4087 3002 (l)

2506 3021 2771 3084 διάκονος,
2804 3018 3089 3089 ἀποτυχὼν
3111 3019 3210 3072 οὐκ
3233 3020 3431 3090 ἤνεγκε
3455 3033 3467 3047 ·
3504 3017 3678 3091 λάθρα
3699 3020 3756 3074 δὲ
3791 3022 3894 3074 ὑπό
3921 3040 4091 3076 ταωνι

2505 3112 2735 3182 ἀσήμων
2773 3112 3086 3164 ἐπισκόπων
3124 3109 3542 3181 χειροτονηθεὶς,
3572 3110 3810 3182 διασπᾷν
3840 3112 3930 3166 τὸν
3953 3112 4089 3167 λαὶ-δ

2507 3203 2824 3267 ἐσπούδαζε.
2858 3202 2952 3256 καὶ
2980 3201 3101 3257 καθ’
3135 3201 3327 3255 ἑαυτὸν
3356 3200 3755 3267 ἐκκλησιάζειν.
3789 3202 4090 3272 Μερισθέν-

2501 3315 2591 3360 τος
2626 3296 2685 3351 δὲ
2734 3294 2825 3349 τοῦ
2862 3294 3122 3365 πλήθους,
3157 3294 3205 3348 οἱ
3252 3294 3349 3365 μὲν
3390 3292 3598 3359 τοῦτον,
3632 3295 3682 3346 οἱ
3723 3294 3780 3347 δὲ
3828 3295 4088 3364 Δάμασον

2503 3390 2800 3443 ἐπίσκοπον
2843 3388 3027 3458 ἠξίουν
3050 3403 3064 3417 ⁸
3114 3388 3207 3441 καὶ
3240 3386 3408 3457 πολλὴ
3450 3387 3543 3439 τὸν
3584 3388 3777 3457 δῆμον,
3810 3388 3884 3452 ὼς
3909 3390 4082 3453 εἰκὸς,

2501 3480 2618 3552 ἔρις
2643 3476 2753 3551 εἶχε
2796 3480 2891 3533 καὶ
2924 3480 3131 3542 στάσις.
3192 3477 3280 3541 Ὠς
3313 3478 3475 3548 μέχρι
3504 3479 3599 3532 καὶ
3622 3482 3949 3550 τραυμάτων
3985 3483 4086 3535 καὶ

2501 3574 2676 3642 φόνων
2705 3572 2764 3625 τὸ
2794 3571 2962 3624 κακὸν
2991 3569 3295 3641 προελθεῖν.
3348 3570 3537 3623 Εἰσότε
3570 3571 3634 3640 δή
3658 3572 3685 3623 6
3718 3570 3818 3639 τῆς
3859 3571 4083 3641 Ῥώμης

2501 3665 2745 3736 ὕπαρχος
2775 3664 3002 3726 πολλοὺς
3023 3662 3118 3716 τοῦ
3144 3663 3205 3733 δή
3216 3680 3317 3732 μου
3344 3662 3551 3715 καὶτοῦ
3572 3662 3773 3733 κλήρου
3787 3664 4082 3736 τιμωρίαις

2501 3756 2803 3818 ὑποϐαλὼν,
2835 3756 3039 3808 ἔπαυσε
3071 3754 3170 3825 τὴν
3215 3753 3508 3820 Ούρσικίου
3558 3755 3919 3825 ἐπιχείρησιν.
3980 3757 4083 3809 Δο-

2499 3851 2727 3921 γμάτων
2751 3851 2808 3904 δὲ
2836 3850 2987 3920 πέρι,
3018 3847 3161 3901 καθὰ
3184 3848 3443 3918 πρότερον
3473 3845 3596 3899 οὔτε
3619 3848 3875 3917 Ῥωμαῖοι
3906 3848 4083 3918 διεφέ·

2502 3961 2675 4015 ροντο,
2708 3941 2833 3996 οὗτε
2882 3943 3060 4012 ἕτεροι
3088 3939 3197 3993 τῶν
3230 3938 3336 3993 ἀνὰ
3365 3941 3462 4010 τὴν
3494 3939 3645 3992 δύσιν
3666 3957 3678 3970 ·
3710 3940 3844 3994 ἀλλὰ
3874 3944 4079 4007 πάντες

2497 4036 2567 4088 τὰ
2595 4032 2820 4099 δόξαντα
2851 4035 2962 4095 τοῖς
2984 4034 3041 4085 ὲν
3079 4030 3284 4100 Νικαίᾳ
3313 4029 3661 4083 συνελθοῦσιν
3697 4031 3948 4102 ἐπῄνουν,
3978 4035 4079 4087 καὶ

2498 4125 2705 4197 Τριάδα
2747 4122 2986 4193 ἱσότιμόν
3030 4137 3088 4174 τε
3122 4121 3216 4174 καὶ
3266 4119 3581 4190 ίσοδύναμον
3607 4121 3870 4186 ἐδόξαζον.
3928 4123 4080 4194 Πλὴν

2497 4218 2604 4271 τῶν
2644 4216 2786 4286 ἀμφὶ
2814 4216 2904 4269 τὸν
2937 4212 3222 4279 Αὐξέντιον
3244 4226 3256 4240 °
3305 4211 3365 4275 ὃς
3405 4213 3685 4283 προεστὼς
3712 4215 3832 4267 τότε
3870 4215 3969 4284 τῆς
4016 4218 4077 4270 ὲν

2499 4305 2843 4369 Μεδιολάνοις
2880 4302 3224 4371 Ἐκκλησίας,
3258 4301 3377 4372 ἅμα
3409 4303 3551 4355 τισὶν
3578 4304 3846 4374 ἐπεχείρει
3872 4322 4072 4358 νεωτε-

2501 4395 2690 4467 ρίζειν,
2709 4395 2801 4448 καὶ
2828 4392 2975 4464 παρὰ
3002 4391 3101 4464 τὴν
3118 4391 3301 4461 κοινὴν
3330 4391 3604 4461 συνθήκην
3624 4393 3732 4446 τῶν
3762 4394 3895 4463 πρὸς
3917 4393 4077 4448 δύσιν

2500 4486 2708 4556 ἱερέων,
2764 4484 2825 4537 τὸ
2870 4483 3080 4552 Ἀρείου
3122 4481 3298 4550 δόγμα
3348 4481 3666 4549 κρατύνειν,
3726 4484 3819 4536 καὶ
3859 4483 3929 4536 τὰ
3976 4485 4075 4539 ἶσα

832 4586 955 4625 cum
989 4572 1181 4642 paucis
1225 4572 1549 4642 quibusdam
1592 4589 1682 4630 res
1728 4592 1899 4631 novas
1939 4577 2286 4639 moliebatur,
2345 4590 2399 4633 et
2431 4600 2473 4654 ο
2502 4596 2590 4648 φρι

2345 4590 2399 4633 et
2431 4600 2473 4654 ο
2502 4580 2717 4648 φρονεῖν
2742 4578 2852 4639 τοῖς
2868 4574 3118 4643 ἀνόμοιον
3147 4572 3239 4624 τὸν
3279 4571 3411 4624 Υἱὸν
3448 4572 3627 4625 καὶτὸ
3661 4574 3880 4644 Πνεῦμα
3908 4574 4071 4640 δοξά-

830 4670 1021 4717 contra
1061 4676 1409 4719 communem
1439 4678 1772 4722 consensum
1806 4663 2241 4724 Occidentalium
2273 4670 2391 4739 epi-

926 4834 943 4865 ⁸
964 4833 1123 4891 Socr.
1162 4836 1259 4891 lib.
1284 4853 1359 4907 tv,
1377 4853 1429 4894 c.
1461 4837 1557 4897 29.

2499 4669 2649 4734 ζουσι
2672 4667 2809 4721 κατὰ
2834 4666 2931 4737 τὴν
2956 4665 3179 4735 ὕστερον
3200 4663 3588 4737 ἐπιγενομένην
3615 4663 3860 4739 ζήτησιν,
3880 4667 4074 4721 κατα.

2012 4995 2280 5051 VALESII
2319 4991 2861 5051 ANNOTATIONES.

909 5097 1013 5169 {98)
1056 5099 1149 5153 Ἐν
1180 5100 1451 5169 Αἰγύπτῳ
1479 5099 1548 5154 δὲ
1585 5100 1955 5167 Ἀθανάσιος.
1985 5101 2177 5159 Melius
2216 5102 2388 5157 dixis—

828 5179 912 5224 set
931 5169 1308 5240 Petrum,uam
1337 5171 1667 5227 Athanasius
1695 5172 1805 5240 jam
1831 5175 2011 5227 vivere
2038 5172 2299 5237 desierat,
2330 5181 2389 5226 ut

828 5242 944 5310 ipse
975 5239 1311 5295 Sozomenus
1342 5255 1511 5312 supra
1543 5239 1747 5296 retulit.
1778 5241 1902 5296 Scio
1939 5244 2158 5312 quidem
2216 5245 2387 5295 Atha-

827 5314 1045 5364 nasiqu
1089 5312 1427 5382 divinitatum
1459 5311 1700 5382 Spiritus
1726 5315 1897 5366 sancti
1945 5311 2207 5382 perpetuo
2233 5329 2389 5368 assc-

826 5384 1025 5440 rnisse.
1078 5396 1310 5440 eumque
1349 5381 1496 5435 Patri
1547 5398 1612 5437 ac
1662 5381 1801 5436 Filio
1855 5381 2386 5437 consubstantialem

821 5452 1144 5506 credidisse.
1203 5452 1401 5505 Verum
1436 5452 1556 5521 ejus
1615 5456 1817 5507 mentio
1850 5455 2026 5507 aliena
2057 5462 2141 5508 est
2188 5454 2254 5506 ab
2286 5455 2388 5506 hoc

824 5522 965 5575 loco.
999 5522 1103 5577 Sed
1128 5524 1426 5576 notandum
1472 5532 1574 5587 est,
1609 5524 1974 5577 Sozomcnum
2012 5524 2115 5578 hoc
2150 5527 2269 5577 loco
2298 5538 2388 5575 or-

821 5591 1002 5645 dinem
1048 5599 1360 5662 temporum
1416 5607 1527 5662 non
1582 5608 1847 5648 servasse.
1903 5593 2111 5662 Quippe
2185 5592 2388 5647 Libet-ii

823 5672 1051 5732 mortem
1088 5670 1142 5717 et
1173 5661 1387 5715 initium
1434 5661 1652 5717 Damasi
1704 5668 1868 5718 rcl‘ert
1895 5661 2144 5732 sequenti
2191 5666 2387 5732 cupito,

821 5730 914 5784 diu
944 5741 1064 5799 pnst
1098 5741 1327 5786 mortem
1371 5733 1670 5787 Athanasii.
1717 5734 1880 5801 Atqui
1917 5730 2131 5791 constat
2154 5730 2392 5789 Athana-

820 5801 960 5855 sium
980 5801 1187 5871 aliquot
1204 5804 1361 5869 annis
1380 5804 1752 5873 supervixisse
1767 5802 2004 5859 Liberio.

2563 5102 2677 5173 (99)
2734 5105 2788 5157 Ὀ
2849 5104 3066 5173 Ῥώμης
3115 5107 3466 5174 ἐπίσκοπος.
3521 5108 3768 5165 Liberius
3821 5110 4059 5166 scilicet.

2491 5170 2820 5248 Huncenim
2845 5170 3051 5248 οιηῖεδε
3085 5178 3220 5248 dicit
3253 5170 3501 5247 sequenti
3540 5182 3740 5248 capite.

2561 5245 2636 5313 (l)
2663 5246 2998 5318 οὺρσάκιός
3020 5263 3129 5312 τις.
3159 5246 3229 5318 ln_
3254 5245 3446 5303 codice
3470 5245 3768 5312 Fuke'tiano
3792 5250 4060 5318 scriptum

2489 5322 2577 5389 est
2609 5315 2923 5389 Utbpoixiog
2950 5319 3175 5389 rectius.
3211 5316 3565 5389 Latiniienim
3595 5315 4059 5389 scriptores—eum

2495 5385 2767 5439 interdum
2807 5384 3115 5439 Ursicinum
3152 5396 3365 5441 vocant.
3399 5387 3593 5442 Verum
3622 5384 4057 5444 euicndatissimi

2494 5455 2715 5509 codices
2753 5456 2928 5527 tribus
2955 5464 3164 5509 tantum
3199 5458 3422 5527 syllabis
3451 5457 3709 5512 Ursinum
3744 5460 4058 5517 nominant,

2498 5534 2560 5578 ut
2592 5525 2772 5577 notavi
2804 5526 2868 5578 ad
2900 5525 3283 5592 lihruntxxvu
3320 5530 3590 5581 Ammiani
3634 5528 3950 5582 Marcellini.
3982 5530 4059 5585 De

2498 5594 2662 5662 hujus
2706 5593 2885 5649 Ursini
2917 5596 3215 5651 schismate
3237 5600 3502 5653 adversus
3533 5599 3827 5652 Damasum
3855 5597 4057 5651 Itoma-

2496 5681 2580 5718 πω
2611 5666 2762 5736 urbis
2786 5668 3124 5736 episcopum,
3160 5669 3530 5723 consulendus
3580 5681 3665 5723 est
3700 5667 3961 5723 Baronius
3998 5672 4053 5723 in

2499 5734 2793 5807 Annalibus
2817 5734 3208 5802 ecclesiasticis,
3232 5753 3375 5791 anno
3394 5738 3594 5792 Christi
3620 5739 3722 5791 567
3742 5747 3796 5792 et
3821 5754 4054 5807 sequuti-

2499 5807 2666 5858 tibus.
2702 5803 3015 5862 Diutissime
3044 5812 3188 5863 enim
3214 5808 3430 5863 duravit
3453 5809 3555 5863 hoc
3584 5809 3839 5864 schisma.
