4452 6598
337 436 474 494 1349

1328 436 1648 494 HISTORIA
1682 433 2237 495 ECCLESIASTICA.
2289 472 2357 481 -—-
2389 442 2517 497 LIB.
2566 443 2649 497 Vl.

3440 448 3581 504 1550

338 552 683 622 μηπσὰντωκρ
702 550 757 604 δὲ
774 553 880 606 τῶν
906 554 1016 607 ἀπὸ
1037 554 1135 622 τῆς
1151 554 1377 620 Γαλλίας
1405 558 1501 610 καὶ
1527 557 1781 621 Βενετίας
1804 558 1902 629 (ει),
1935 568 1979 624 Α
2008 576 2096 615 sco

1822 558 1902 629 Ξ),
1935 568 2326 630 Αεροροιιιιιι,
2379 561 2492 615 Arii
2547 564 2860 631 opinionem
2912 564 3188 627 stabilire,
3238 577 3293 621 ct
3326 582 3454 620 cum
3513 571 3579 627 i.s

334 644 429 696 καὶ
476 646 603 712 παρ’
680 643 853 713 τέρων
900 644 1060 697 τινῶν
1103 645 1276 699 ταῦτα
1324 647 1717 711 σπουδάζεσθαι
1775 648 1905 718 παρ’

334 736 545 797 αὐτοῖς,
599 736 659 786 οὐ
710 737 887 806 πολλῷ
933 736 1154 808 ὕστερον
1197 739 1539 803 συνελθόντες
1571 741 1651 802 εἰς
1688 740 1907 810 Ῥώμην

331 825 615 875 επξσκοποι
643 833 665 859 ν
710 827 919 881 πολλῶν
970 827 1158 891 ἐθνῶν,
1203 829 1539 899 ἐψηφίσαντο
1590 831 1687 899 τῆς
1727 829 1905 882 αὐτῶν

332 915 611 977 κοινωνίας
637 917 915 988 ἀλλότριον
938 914 1075 972 εἶναι
1102 920 1407 985 Αὑξέντιον,
1444 920 1537 972 καὶ
1561 922 1687 983 τοὺς
1706 922 1905 988 ὁμοίως

331 1003 478 1072 αὐτῷ
506 1004 825 1068 δοξάζοντας
850 1024 862 1035 ·
908 1006 1127 1075 βεϐαίαν
1153 1007 1207 1059 δὲ
1247 1009 1428 1077 μένειν
1459 1008 1556 1078 τὴν
1590 1009 1905 1079 παραδοθεῖ-

332 1112 429 1145 σαν
471 1097 654 1150 πίστιν
700 1099 850 1167 παρὰ
893 1100 989 1168 τῆς
1043 1101 1099 1151 ὲν
1131 1100 1335 1171 Νικαίᾳ
1380 1101 1638 1153 συνόδου·
1688 1102 1795 1153 τῶν
1844 1102 1902 1154 ὲν

343 1187 603 1258 Ἀριμίνῳ
666 1190 932 1255 δοξάντων
980 1191 1314 1244 ὑπεναντίων
1381 1192 1618 1263 ταύτης,
1683 1193 1902 1261 ἀκύρων

330 1278 514 1337 ὄντων,
551 1279 625 1342 ὡς
658 1284 795 1350 μήτε
826 1282 919 1333 τοῦ
948 1282 1056 1333 τῶν
1092 1283 1376 1352 Ῥωμαίων
1402 1285 1726 1347 ἐπισκόπου,
1762 1286 1900 1353 μήτε

329 1366 434 1417 τῶν
465 1368 638 1419 ἄλλων
674 1371 1015 1439 συνθεμένων
1045 1372 1229 1435 αὐτοῖς
1251 1388 1265 1401 ο
1318 1373 1412 1424 καὶ
1444 1372 1518 1436 ὡς
1552 1374 1760 1426 πολλῶν
1792 1374 1900 1426 τῶν

330 1459 511 1510 αὐτόθι
553 1461 934 1528 συνελθόντων,
987 1465 1402 1536 ἀπαρεσθέντων
1452 1470 1565 1529 τοῖς
1605 1468 1725 1520 τότε
1769 1467 1897 1538 παρ’

328 1551 505 1601 αὐτῶν
532 1551 892 1620 δεδογμένοις.
943 1556 1126 1609 Ταῦτα
1158 1558 1215 1609 δὲ
1241 1556 1382 1610 οὕτω
1405 1559 1657 1627 γενέσθαι
1690 1560 1785 1617 καὶ
1814 1560 1900 1612 δό-

329 1641 437 1704 ξαι,
491 1647 758 1713 μαρτυρεῖ
804 1646 898 1698 καὶ
942 1648 974 1716 ἡ
1022 1648 1308 1719 Ἐπιστολὴ
1336 1650 1589 1717 Δαμάσου
1620 1649 1713 1702 τοῦ
1765 1652 1898 1703 Ῥω-

332 1730 505 1794 μαίων
544 1732 878 1796 ἐπισκόπου,
927 1736 1017 1785 καὶ
1056 1735 1165 1787 τῶν
1209 1737 1322 1805 ἅμα
1373 1736 1519 1805 αὑτῷ
1556 1737 1675 1788 τότε
1715 1738 1898 1789 συνελ-

328 1818 543 1884 θόντων,
579 1823 714 1891 πρὸς
751 1826 875 1887 τοὺς
917 1826 1183 1895 Ἰλλυριῶν
1225 1827 1554 1890 ἐπισκόπους
1600 1831 1893 1899 γραφεῖσα.

331 1909 479 1977 Ἐχει
511 1912 565 1962 δὲ
594 1908 625 1963 ἄ
640 1913 716 1964 δε·

2011 655 2105 721 qui
2134 652 2332 707 Filium
2364 668 2429 707 ac
2463 652 2728 723 Spiritum
2760 664 3033 719 sanctum,
3071 657 3230 724 juxta
3262 668 3580 715 controver-

2007 748 2145 800 siam
2177 760 2368 800 recens
2400 755 2669 808 exortam,
2706 744 2857 799 Patri
2883 748 3203 802 dissimilem
3233 764 3357 803 esse
3383 764 3580 807 cense-

2005 832 2157 896 bant,
2190 833 2504 886 consentire
2535 834 2830 887 nitebatur.
2878 834 2984 887 Sed
3016 850 3144 888 cuin
3171 836 3413 905 episcopi
3446 837 3577 892 Gal-

2006 923 2093 975 lia:
2128 932 2182 977 et
2211 921 2471 987 Venetiae,
2508 923 2649 977 idem
2680 938 2897 994 quoque
2933 926 3128 979 tentari
3167 942 3197 978 a
3246 926 3575 994 quibusdam

2005 1013 2127 1067 aliis
2160 1013 2499 1078 retulissent,
2553 1013 2705 1067 brevi
2757 1023 2879 1083 post
2931 1026 3176 1085 tempore
3218 1017 3464 1086 episcopi
3506 1034 3577 1071 ex

2005 1106 2191 1159 multis
2252 1105 2554 1175 provinciis
2602 1104 2832 1161 Romam
2884 1110 3300 1172 convenientes,
3353 1110 3577 1164 Auxen-

2005 1196 2138 1249 tinm
2171 1212 2375 1267 eosque
2408 1197 2503 1266 qni
2557 1196 2697 1251 idem
2732 1213 2859 1251 cum
2895 1200 2990 1252 illo
3037 1200 3332 1263 sentirent,
3365 1200 3577 1255 alienos

2001 1298 2124 1337 esse
2165 1298 2195 1336 a
2228 1286 2612 1337 communione
2641 1300 2740 1339 sua
2787 1287 3151 1342 decreverunt
3189 1305 3202 1342 :
3242 1297 3406 1358 utque
3440 1290 3576 1344 ﬁdes

2001 1390 2121 1443 quae
2170 1390 2199 1427 a
2254 1376 2491 1429 concilio
2558 1375 2778 1431 Nicwno
2834 1380 3035 1433 tradita
3089 1388 3249 1444 crat,
3311 1382 3467 1434 tirma
3507 1396 3575 1434 ac

2000 1467 2214 1522 stabilis
2243 1478 2623 1538 permaneret,
2680 1471 2975 1526 inﬁrmatis
3006 1474 3073 1527 iis
3114 1488 3235 1542 qua:
3269 1473 3322 1525 in
3366 1472 3572 1525 Arimi-

2000 1559 2155 1612 nensi
2191 1560 2402 1629 synodo
2436 1571 2629 1614 contra
2660 1562 2808 1614 illam
2842 1563 3000 1618 [idem
3032 1565 3251 1619 decreta
3292 1573 3470 1624 erant,
3507 1579 3573 1617 eo

1999 1650 2143 1719 quod
2175 1666 2273 1705 nec
2305 1650 2584 1707 Romanus
2618 1653 2933 1724 episc0pus,
2984 1673 3088 1711 nec
3124 1658 3218 1710 alii
3260 1657 3430 1727 gestis
3463 1656 3575 1710 illis

1998 1742 2441 1804 consensissent,
2505 1746 2775 1814 multique
2832 1746 2997 1800 etiam
3064 1764 3129 1801 ex
3184 1750 3250 1802 iis
3296 1747 3389 1817 qni
3443 1746 3574 1799 huic

1999 1831 2206 1899 synodo
2245 1832 2629 1898 interfuerant,
2662 1836 2879 1890 decreta
2906 1837 3026 1906 ejus
3074 1838 3565 1908 improbavissent.

1923 1913 1965 1966 Β
1994 1920 2119 1976 Haec
2156 1938 2319 1992 porro
2366 1926 2439 1978 ita
2496 1934 2649 1995 gesta
2696 1930 3108 2000 constitutaque
3151 1946 3276 1986 esse
3328 1938 3572 1985 testatur

328 2005 569 2059 Eoistola
611 2006 848 2068 Damasi,
875 2022 1038 2075 quam
1074 2008 1163 2062 ille
1195 2024 1300 2061 una
1339 2024 1460 2062 cum
1494 2008 1768 2079 episc0pis
1797 2010 1891 2079 qui
1967 2020 2099 2068 tunc
2170 2013 2399 2068 Romam
2450 2031 2838 2084 convenerant,
2892 2022 3116 2091 scripsit
3166 2024 3236 2077 ad
3282 2022 3571 2091 episeopos

326 2096 543 2165 lllyrici.
576 2096 665 2150 Sic
697 2107 875 2151 autem
908 2100 1069 2153 habet
1108 2117 1120 2153 :

330 2190 390 2238 Ol
419 2188 738 2238 ἐπίσκοποι
781 2190 834 2239 ol
882 2187 979 2238 ἐπὶ
1020 2188 1136 2239 τῶν
1176 2187 1472 2254 Ῥωμαίων
1500 2190 1585 2253 εἰς
1620 2188 1685 2241 τὸ
1735 2189 1894 2257 ἱερὸν

398 2256 717 2321 συνέδριον
748 2260 1168 2322 συνελθόντες,
1216 2258 1337 2322 τοῖς
1374 2258 1441 2309 ἐν
1468 2257 1547 2321 τῷ
1591 2259 1898 2325 Ἰλλυρικῷ

394 2326 767 2397 καθεστῶσιν
804 2328 1177 2391 ἐπισκόποις,
1204 2327 1476 2395 Δάμασος
1501 2328 1599 2397 (5),
1624 2329 1722 2379 καὶ
1748 2332 1897 2381 Οὐα-

394 2396 591 2463 λέριος
622 2398 716 2465 (4),
763 2397 859 2447 καὶ
884 2400 934 2448 ol
966 2398 1189 2463 λοιποὶ,
1224 2397 1349 2463 τοῖς
1368 2397 1693 2466 ἀγαπητοῖς
1722 2398 1898 2452 ἁδελ-

396 2466 531 2533 φοῖς
557 2467 625 2517 ἐν
654 2467 845 2533 Κυρίῳ
864 2468 1112 2533 χαίρειν.

397 2558 728 2625 Πιστεύομεν
751 2559 848 2626 τὴν
876 2558 1034 2623 ἁγΐαν
1070 2559 1252 2612 πίστιν
1279 2558 1457 2629 ἡμῶν,
1480 2559 1577 2629 τὴν
1598 2561 1655 2611 ἐν
1673 2563 1737 2629 τῇ
1764 2560 1899 2613 διδα-

330 2650 523 2721 σκαλίᾳ
565 2649 671 2703 τῶν
715 2650 1025 2703 ἀποστόλων
1062 2650 1505 2719 θεμελιωθεῖσαν,
1538 2652 1739 2721 ταύτην
1771 2670 1897 2705 κατ-

326 2748 470 2816 έχειν
504 2748 594 2798 καὶ
619 2744 817 2814 ταύτην
848 2745 925 2814 τῷ
958 2745 1069 2815 λαῷ
1100 2745 1463 2815 ὑφηγεῖσθαι·
1508 2747 1629 2816 ἥτις
1660 2747 1767 2798 ἀπὸ
1788 2745 1897 2798 τῶν

329 2836 655 2909 ὁρισθέντων
676 2836 825 2906 παρὰ
846 2837 951 2888 τῶν
975 2839 1017 2888 ll
1027 2838 1117 2888 ατέ
1126 2855 1253 2907 ρων,
1269 2838 1440 2889 οὐδενὶ
1459 2837 1601 2907 λόγῳ
1622 2837 1892 2905 διαφωνεῖ.

324 2927 456 2979 Οὐδὲ
490 2926 598 2998 γὰρ
641 2927 811 2990 ἄλλως
846 2928 1072 2998 ἁρμόζει
1113 2929 1438 2981 διανοεῖσθαι
1488 2929 1610 2992 τοὺς
1643 2929 1736 2980 τοῦ
1762 2928 1896 2982 Θεοῦ

330 3016 512 3086 ἱερεῖς,
538 3016 627 3084 ὑφ’
655 3009 729 3068 ὧν
757 3017 961 3069 δίκαιόν
1004 3019 1120 3069 ἐστι
1146 3019 1270 3079 τοὺς
1301 3020 1494 3084 σοφοὺς
1530 3017 1893 3070 παιδεύεσθαι.

340 3106 499 3158 Ἀλλὰ
540 3107 605 3158 δι’
633 3108 909 3178 ἀναφορᾶς
940 3107 1047 3159 τῶν
1074 3111 1130 3160 ὲν
1162 3108 1362 3178 Γαλλίᾳ
1380 3109 1473 3161 καὶ
1497 3109 1717 3179 Βενετίᾳ
1744 3108 1896 3161 ἀδελ·

328 3197 463 3262 φῶν,
492 3196 734 3265 ἑγνωμέν
758 3214 907 3257 τινας
929 3197 1140 3265 αἵρεσιν
1164 3196 1503 3259 σπουδάζειν.
1532 3197 1707 3265 Ὅπερ
1729 3196 1895 3247 κακὸν

326 3290 387 3339 οὐ
424 3288 579 3357 μόνον
610 3287 1122 3358 παραφυλάττεσθαι
1167 3287 1469 3356 ὀφείλουσιν
1508 3288 1557 3339 οἱ
1584 3288 1892 3348 ἐπίσκοποι,

328 3378 463 3430 ἀλλὰ
516 3380 605 3430 καὶ
653 3380 753 3431 ὅσα
804 3378 1030 3449 ἁπιιρῖᾳ
1074 3380 1235 3431 τινῶν
1277 3377 1308 3448 ἢ
1368 3377 1629 3430 ἁπλότττι
1670 3378 1895 3430 οἰκείαις

2002 2186 2249 2265 Episcopi
2288 2186 2391 2265 _ad_
2431 2203 2641 2265 sacrum
2685 2187 2965 2265 concilium
2993 2188 3189 2265 limine
3239 2201 3566 2265 congregati,

2068 2258 2327 2323 episcopis
2373 2258 2426 2308 in
2462 2256 2681 2328 Illyrico
2726 2260 3050 2321 constitutis,
3098 2256 3380 2328 Damasus,
3420 2256 3569 2322 Vale-

2067 2330 2180 2449 {ius
2222 2339 2270 2379 et
2312 2328 2519 2395 reliqui,
2561 2327 2771 2379 dilectis
2817 2327 3075 2395 fratribus
3120 2332 3174 2383 in
3206 2332 3430 2389 Domino
3474 2356 3566 2392 sa-

2090 2408 2247 2449 utem.

2090 2414 2247 2450 utem.

2069 2550 2357 2606 Credimus
2416 2566 2514 2605 vos
2580 2563 2990 2607 sacrosanctam
3057 2556 3219 2611 ﬁdem
3282 2569 3565 2626 nostram,

1998 2657 2117 2711 quae
2143 2658 2309 2712 super
2342 2642 2591 2695 doetrina
2612 2644 2989 2710 apostolorum
3017 2644 3243 2701 fundata
3265 2650 3427 2722 247
3460 2664 3565 2718 est,

1996 2732 2252 2797 tetinere,
2278 2747 2505 2801 eamque
2540 2734 2741 2800 populo
2773 2734 3105 2801 prazdicare:
3130 2754 3253 2806 qua:
3285 2755 3314 2791 a
3344 2739 3567 2796 Patrum

1996 2822 2231 2877 decretis
2261 2823 2412 2875 nulla
2449 2822 2661 2876 ratione
2687 2821 2969 2878 dissentit.
3018 2826 3204 2896 Neque
3233 2830 3377 2884 enim
3408 2831 3568 2887 dccct

1996 2914 2154 2966 aliter
2185 2912 2391 2967 sentire
2444 2911 2755 2968 sacerdotes
2794 2913 2911 2979 Dei,
2946 2931 2975 2969 a
3007 2918 3207 2985 quibus
3259 2921 3423 2975 etiam
3478 2939 3568 2977 sa-

1996 3005 2207 3074 pientes
2254 3003 2458 3057 erudiri
2507 3002 2726 3057 debent.
2760 3003 2962 3059 Verum
2998 3006 3228 3063 lratruin
3278 3028 3343 3066 ex
3392 3012 3566 3068 Gallia

1994 3110 2047 3148 et
2078 3095 2296 3149 Venetia
2325 3094 2593 3148 relatione
2624 3094 2915 3150 didicimus
2978 3100 3271 3155 nonnullos
3314 3101 3563 3157 hazresim

1995 3188 2251 3241 inducere
2292 3187 2535 3242 studere.
2564 3186 2719 3252 Quod
2751 3188 2951 3242 malum
2986 3205 3096 3243 non
3149 3192 3325 3246 solum
3359 3210 3562 3263 prama-

1994 3297 2119 3335 vere
2153 3280 2351 3335 debent
2382 3280 2651 3350 episcopi,
2696 3281 2793 3336 sed
2843 3296 3183 3353 quaecunque
3213 3301 3307 3340 seu
3340 3303 3435 3357 per
3462 3288 3564 3341 im-

1996 3373 2266 3443 peritiam,
2317 3388 2409 3427 seu
2446 3388 2540 3442 per
2570 3372 2977 3444 simplicitatem
3004 3378 3387 3445 quorumdam,
3420 3380 3563 3435 veris

1514 3552 1781 3608 VALESII
1819 3548 2367 3605 ANNOTATIONES.

397 3650 471 3718 (2)
512 3651 632 3704 Τῶν
669 3651 788 3705 ἀπὸ
825 3651 934 3717 τῆς
965 3651 1230 3716 Γαλλίας
1259 3651 1353 3703 καὶ
1408 3651 1705 3713 Βενετιάς.
1748 3648 1892 3702 Idem
1922 3654 1961 3709 C
1998 3663 2155 3700 nem]

1808 3666 1892 3702 em
1922 3654 1961 3709 C
1998 3663 2120 3700 nem
2148 3656 2342 3701 nactus
2377 3647 2608 3710 fueram,
2635 3648 3118 3718 epistolam_illam
3154 3650 3294 3703 sicut
3320 3665 3350 3702 a
3405 3651 3562 3705 nobis

328 3729 555 3775 testatur
591 3720 857 3775 Damasus
890 3724 942 3773 iu
976 3724 1208 3790 epistola
1257 3722 1518 3790 synodica
1560 3737 1722 3787 quam
1758 3721 1891 3772 sub-

322 3792 445 3859 jicit
477 3792 832 3855 Sozomenus,
890 3791 973 3845 his
1014 3789 1231 3844 verbis:
1271 3791 1372 3844 Sed
1408 3789 1683 3841 Gallorum
1743 3802 1896 3857 atque

341 3861 698 3913 Venetensium
721 3862 945 3925 fratrum
990 3861 1243 3913 relatione
1274 3861 1638 3926 comperimus,
1671 3861 1896 3911 nonnul-

326 3934 401 3982 los
430 3947 527 3981 non
559 3928 771 3983 hwresis
794 3930 988 3989 studio.
1018 3938 1123 3983 etc.
1171 3930 1397 3999 Denique
1427 3930 1745 3981 Auxentium
1778 3927 1895 3982 Me-

323 4001 676 4053 diolaneusem
707 4002 802 4052 hac
827 4003 1083 4066 prwcipue
1116 4016 1277 4052 causa
1305 4000 1615 4052 damnatum
1635 4015 1747 4051 esse
1776 4015 1896 4066 per-

325 4072 575 4122 scribunt.
612 4070 706 4139 Ubi
732 4072 949 4122 noininc
986 4069 1204 4139 quidem
1246 4068 1628 4123 Venetensium
1663 4066 1892 4122 fratrum

327 4140 585 4207 intelligit
671 4138 1019 4191 Pliilastrium
1070 4139 1405 4192 Brixicnscin
1463 4142 1778 4207 episcopum
1838 4147 1893 4190 et

324 4208 637 4277 Evagrium.
673 4207 736 4260 Hi
766 4209 909 4261 enim
936 4213 1207 4276 praecipue
1228 4209 1482 4261 insectati
1512 4217 1640 4260 sunt
1671 4209 1893 4259 Auxen-

327 4279 483 4340 tium,
518 4287 574 4331 ut
604 4294 668 4331 ex
698 4278 1031 4347 Hiei'onyino
1061 4279 1265 4331 notavit
1292 4277 1556 4330 Baronius
1586 4279 1651 4329 ad
1688 4292 1889 4329 annum

324 4350 525 4400 Christi
579 4348 697 4401 569.
758 4346 988 4401 Nomine
1031 4358 1210 4400 autem
1247 4347 1546 4410 Gallorum,
1599 4347 1891 4415 designare

325 4417 535 4470 videtur
570 4417 831 4470 llilarium
870 4425 1140 4476 nostrum,
1197 4418 1287 4485 qui
1338 4417 1437 4469 hoc
1496 4416 1685 4468 eodem
1744 4433 1887 4470 anno

326 4488 546 4555 scripsit
577 4486 862 4554 epistolam
896 4487 961 4555 ad
1002 4501 1191 4539 omnes
1247 4487 1548 4539 catholicos
1600 4490 1887 4554 episcopos

325 4554 513 4609 contra
544 4558 872 4607 Auxentium
902 4554 1379 4608 Mediolanenseui.

395 4626 472 4692 (ὅ)
506 4625 781 4692 Δάμασος
807 4626 901 4676 καὶ
930 4624 1270 4690 Οὐαλέριος.
1290 4623 1412 4677 ΙΙωο
1441 4624 1670 4691 epistola
1693 4622 1884 4690 synodi

326 4693 581 4745 Romanae
632 4696 861 4747 refertur
906 4696 1125 4758 etiam-.1
1158 4693 1493 4746 Theodorito
1540 4694 1593 4745 in
1663 4693 1801 4745 libro
1848 4709 1884 4746 ιι

327 4763 581 4816 Historia:
636 4763 1047 4824 ecclesiasticae,
1107 4778 1226 4831 cap.
1288 4762 1377 4815 22.
1440 4762 1630 4815 Latine
1701 4770 1881 4815 autem

324 4844 504 4885 exstat
537 4835 588 4885 in
619 4833 931 4886 Collectione
960 4832 1197 4885 Romana
1218 4873 1232 4896 ,
1268 4848 1390 4901 qua:
1421 4847 1592 4900 nuper
1620 4831 1764 4885 edita
1801 4842 1883 4885 cst

324 4917 353 4953 a
386 4901 531 4955 Luca
592 4902 891 4964 llolstenio,
930 4905 1045 4955 viro
1090 4904 1430 4963 doctissimo,
1493 4918 1612 4969 pag.
1658 4901 1778 4954 165.
1818 4901 1881 4955 Et

1998 3720 2264 3769 translata
2294 3719 2470 3771 fuerat
2510 3719 2885 3786 ascripsimus.
2931 3716 3105 3772 Porro
3154 3720 3449 3775 notandum
3480 3729 3564 3775 est

1998 3787 2265 3857 synodum
2317 3788 2460 3857 illam
2522 3789 2819 3841 Romanam
2880 3803 2909 3840 a
2970 3788 3205 3841 Baronio
3262 3789 3563 3857 quidemet

1996 3856 2279 3910 Holstenio
2325 3856 2517 3909 referri
2550 3857 2617 3910 ad
2663 3872 2865 3909 annum
2902 3857 3109 3911 Christi
3141 3856 3427 3912 5694Μιιιι
3476 3870 3561 3913 ta-

1995 3944 2117 3980 men
2152 3928 2203 3979 in
2238 3936 2557 3992 sequentem
2616 3927 2803 3995 potius
2864 3942 3067 3981 annum
3127 3930 3341 3982 videtur
3372 3929 3563 3983 confe-

1996 3997 2183 4050 renda.
2226 3995 2361 4049 Nam
2415 4011 2539 4048 cum
2595 4006 2717 4065 post
2766 3997 3009 4050 libellum
3054 3996 3245 4051 Hilarii
3299 3999 3562 4054 adversus

1992 4066 2321 4119 Auxentium
2365 4065 2593 4117 collecta
2635 4066 2726 4127 sit,
2754 4078 2947 4126 cuncta
2974 4077 3153 4120 autem
3180 4068 3270 4120 illa
3294 4070 3560 4123 adversus

1992 4136 2321 4216 Auxentium
2360 4136 2427 4216 ab
2454 4133 2662 4215 Hilario
2682 4143 2836 4216 gesta
2866 4139 2990 4216 sint
3014 4152 3159 4216 anno
3197 4138 3558 4216 ωηιξη-7569,

1994 4214 2051 4257 nt
2089 4220 2153 4257 ex
2188 4204 2366 4271 ipsius
2396 4205 2652 4256 Auxentii
2681 4204 2860 4257 libello
2883 4213 3028 4259 recte
3057 4207 3368 4260 observavit
3399 4208 3563 4260 ltaro-

1990 4276 2155 4338 nius;
2184 4273 2423 4341 synodus
2455 4274 2715 4328 adversus
2735 4275 2983 4328 eumdem
3013 4275 3342 4329 Auxentium
3374 4279 3561 4331 Roma:

1994 4346 2078 4397 vix
2111 4344 2295 4415 potuit,
2313 4344 2632 4415 congregari
2652 4355 3002 4415 anteiannum
3038 4347 3290 4415 proxime
3326 4361 3561 4415 sequen-

1991 4422 2117 4466 tem.
2147 4412 2356 4466 Etenim
2383 4413 2715 4483 93episcopi
2750 4414 2797 4466 ei
2840 4412 3051 4483 synodo
3076 4414 3372 4470 interfuere
3399 4412 3419 4469 Ξ
3463 4416 3559 4483 qui

1987 4484 2264 4604 profecto,
2302 4482 2521 4535 nonnisi
2550 4484 2710 4550 longo
2733 4482 2993 4550 temporis
3012 4486 3188 4552 spatio
3212 4482 3557 4555 interposito,

2011 4555 2212 4604 {omam
2244 4552 2539 4604 convenire
2567 4567 2759 4604 omnes
2785 4561 3096 4604 notuerunt.

2011 4555 2212 4606 {omam
2244 4552 2539 4604 convenire
2567 4567 2759 4606 omnes
2785 4561 3096 4619 potuerunt.

2058 4623 2133 4690 (4';
2162 4623 2501 4686 Οὐαλέριος.
2521 4620 2592 4690 lu,
2613 4622 2932 4675 Collectiane
2960 4622 3196 4676 [fontana
3230 4622 3559 4681 Valerianus

1985 4691 2209 4763 dicitur,
2259 4693 2525 4763 _rectius._
2555 4689 2684 4743 Erat
2714 4691 2799 4744 hic
2831 4694 3449 4763 episcopus__Aquileiae,
3505 4705 3560 4750 et

1983 4760 2379 4828 Fortunatiano
2434 4760 2640 4814 Ariano
2699 4770 3059 4815 successerat.
3131 4760 3244 4815 Vir'
3266 4760 3557 4819 admodum

1984 4834 2106 4899 pius
2135 4840 2188 4884 et
2226 4830 2554 4899 catholicus,
2612 4831 2713 4884 sub
2766 4846 2874 4897 quo
2904 4832 3267 4897 Aquileiensis
3312 4832 3555 4889 Ecclesia

1982 4898 2218 4954 maxime
2240 4899 2441 4969 ﬂoruit.
2470 4898 2609 4969 Ejus
2638 4901 2874 4967 elogium
2902 4900 3071 4953 habes
3114 4902 3257 4969 apud
3282 4900 3546 4969 Hierony-

325 4972 379 5022 in
414 4974 662 5041 versione
712 4963 930 5040 quidem
992 4970 1325 5033 Theodoriti,
1357 4963 1645 5040 epistolam
1712 4972 1882 5039 ipsam
1917 4978 1960 5031 ι)
1989 4970 2220 5041 munrin
2251 4963 2532 5041 Epistolis.
2570 4963 2773 5041 Exstat
2788 4970 3041 5041 epistola
3058 4963 3244 5041 Basilii
3274 4971 3455 5041 Magni
3486 4963 3553 5025 ad

326 5050 485 5107 prout
525 5056 555 5111 a
590 5040 817 5094 Damaso
852 5042 1055 5095 dictata
1099 5051 1181 5095 est
1231 5042 1481 5111 apposui.
1531 5044 1585 5093 In
1635 5056 1884 5094 verswne

324 5121 499 5164 autem
538 5110 845 5175 Sozomcni,
901 5114 1027 5180 quia
1062 5110 1317 5166 nonduin
1352 5110 1652 5165 Romanam
1686 5111 1883 5163 editio-

1990 5037 2684 5107 Valerianum'episcopnm
2737 5037 2960 5107 Illyrici.
3012 5039 3118 5094 Sed
3156 5041 3246 5095 hic
3299 5037 3557 5098 diversus

1989 5117 2073 5163 est
2107 5109 2173 5161 ab
2200 5107 2534 5178 Aquileiensi
2585 5106 2888 5162 Valeriano.

1749 5261 2131 5318 VARIORUM.

400 5370 418 5396 '
455 5364 499 5413 Σ
529 5362 849 5425 'i-eltldrreg
883 5362 968 5424 εις
1006 5358 1229 5427 Ἰθώμην
1258 5359 1595 5410 ἐπίσκοποι.
1643 5357 1891 5411 Secunda

326 5434 563 5497 synodus
608 5430 854 5483 Romana
902 5448 930 5481 a
967 5429 1199 5482 Damaso
1243 5428 1508 5481 adversus
1560 5430 1886 5480 Auxentium

323 5509 509 5552 c-mcta
536 5506 678 5551 anno
707 5502 829 5551 572.
859 5499 987 5565 Ejus
1014 5499 1328 5568 synodicam
1353 5499 1421 5549 ad
1446 5497 1888 5568 episcopos_llly-

324 5570 435 5621 rios
476 5570 733 5636 scriptam
760 5571 999 5622 referunt
1044 5566 1259 5635 (pi-ceter
1294 5567 1677 5634 Sozomennm)
1711 5566 1886 5620 Theo-

323 5640 533 5691 doritus
577 5640 671 5689 lib.
726 5654 783 5697 ιι,
833 5654 949 5706 cap.
997 5638 1087 5699 ἐξ,
1152 5648 1202 5690 ct
1252 5636 1587 5705 Nil-ephorus
1645 5638 1739 5691 lib.
1807 5652 1881 5700 XI,

323 5724 443 5775 cap.
472 5709 559 5760 31.
596 5711 741 5767 (Ant.
771 5708 915 5774 Pagi.
955 5708 1021 5759 ad
1053 5724 1176 5759 ann.
1208 5706 1331 5767 569,
1353 5723 1405 5762 n.
1431 5708 1502 5773 7.)
1536 5707 1664 5770 Quae
1702 5706 1885 5759 hacte-

326 5794 425 5827 :‘9'1‘
482 5778 731 5845 superest
788 5778 1047 5844 synodica
1104 5777 1316 5828 Damasi
1369 5778 1616 5843 epistola,
1668 5778 1881 5827 videtur

325 5850 703 5916 compendium
740 5863 857 5902 esse
888 5847 1140 5914 Εριδουιω
1171 5848 1236 5899 ad
1269 5846 1446 5911 Afros,
1485 5862 1577 5901 seu
1627 5847 1804 5915 potius
1831 5846 1879 5900 ei

1991 5355 2294 5427 consimilis
2349 5368 2510 5427 quam
2575 5354 2642 5409 ad
2680 5353 2969 5427 Damasum
3010 5356 3271 5410 miserant
3310 5355 3551 5427 Egyptii

1990 5426 2289 5494 praesules,
2344 5426 2573 5493 ejusque
2625 5426 2912 5480 occasione
2964 5428 3296 5493 conscripta.
3360 5426 3551 5481 lta’ea

1986 5497 2190 5564 quippe
2226 5496 2529 5549 Auxentius
2564 5494 2872 5558 damnatus,
2910 5496 3273 5549 Ariminensis
3306 5500 3551 5563 proscri-

1986 5574 2075 5633 pta
2131 5565 2383 5627 formula,
2432 5564 2651 5617 Niczena
2703 5564 2837 5617 lides
2896 5564 3213 5617 conﬁrmata
3245 5574 3347 5619 est.
3399 5566 3548 5630 Quas

1984 5651 2073 5688 res
2105 5649 2290 5687 omnes
2323 5635 2711 5703 complectitur
2736 5633 2978 5701 Epistola
3008 5635 3075 5686 ad
3099 5635 3275 5703 Afros.
3295 5634 3397 5701 (Cl.
3434 5652 3551 5689 mo-

1982 5705 2143 5756 nachi
2172 5703 2510 5758 Bcnedietini
2540 5704 2594 5755 in
2640 5702 2756 5755 Vita
2793 5706 3095 5763 Athanasii.
3208 5704 3296 5767 86,
3329 5705 3420 5771 qui
3457 5720 3549 5773 sy-

1980 5774 2182 5827 nodum
2247 5774 2387 5828 hanc
2447 5780 2693 5829 coactam
2751 5773 2921 5830 fuisse
2964 5788 3109 5829 anno
3148 5775 3269 5840 570,
3317 5775 3402 5828 vel
3440 5773 3539 5830 371

1989 5842 2347 5913 existimant.)
