4452 6598
917 414 1050 475 1361

2350 402 2668 463 SOZOMEN
2675 402 2693 458 Ι

4026 398 4175 459 1351

915 551 980 590 ac
1042 535 1280 606 propriis
1329 532 1875 604 interpretationibus
1923 532 2328 585 adversantur:
2385 543 2486 583 nec
2517 533 2560 588 Α
2590 528 2673 596 ep;

2410 543 2486 583 nec
2517 533 2560 588 Α
2590 527 2907 598 ἑρμηνείαις
2936 527 3012 597 (5)
3034 525 3388 580 ἀνθίσταντο*
3414 523 3522 578 ἀπὸ
3543 518 3638 576 οὖν
3655 522 3730 592 (6)
3761 520 3872 575 τῶν
3897 521 4168 588 διαφόρου

916 627 986 680 ab
1052 625 1161 680 illis
1227 625 1321 693 qui
1378 624 1596 680 diversa
1660 622 1914 692 dogmata
1969 621 2483 684 comminiscuntur,

916 716 1095 784 abripi
1141 716 1196 769 in
1229 730 1494 780 errorem,
1544 713 1639 769 sed
1677 714 1859 783 potius
1909 712 2133 765 Patrum
2169 720 2484 766 nostrorum

915 805 1135 860 decreta
1170 807 1426 870 retinere,
1449 808 1670 876 quoties
1699 807 1776 859 illi
1803 807 1970 860 variis
1999 805 2251 859 consiliis
2281 813 2487 858 temere

916 895 1404 952 circumferuntur.
1450 898 1794 968 Quapropter
1842 898 2171 951 Auxentium
2225 895 2486 950 Mediola-

915 1003 1136 1043 nensem
1189 989 1463 1058 praecipue
1504 990 1558 1043 in
1593 991 1696 1044 hoc
1743 989 1961 1059 negotio
1994 988 2313 1044 damnatum
2363 1003 2486 1042 esse

917 1079 1283 1146 perscribunt.
1327 1078 1566 1148 [Equum
1601 1080 1766 1148 igitur
1805 1089 1908 1142 est,
1948 1090 2006 1133 ut
2041 1093 2231 1133 omnes
2269 1077 2324 1131 in
2355 1079 2486 1132 orbe

915 1167 1164 1222 Romano
1191 1169 1830 1226 Ecclesiarumdoctores
1863 1171 2002 1225 inter
2027 1185 2086 1224 se
2113 1169 2481 1231 consentiant,

913 1273 1016 1312 nec
1057 1259 1499 1329 discrepantibus
1547 1259 1817 1317 doctrinis
1872 1261 2030 1316 iidem
2078 1261 2480 1314 contaminent.

912 1347 1047 1400 Nam
1087 1363 1211 1402 cum
1257 1350 1643 1403 hereticorum
1672 1350 1994 1419 improbitas
2033 1349 2215 1418 vigere
2246 1349 2481 1416 prinmm

917 1439 1201 1509 cmpisset,
1231 1442 1688 1508 quemadmodum
1718 1456 1884 1505 nunc,
1911 1438 2059 1509 quod
2087 1438 2306 1508 quidem
2339 1435 2482 1490 Dens

912 1539 1144 1594 avertat,
1174 1532 1502 1586 Arianorum
1535 1534 1679 1602 viget
1701 1531 2058 1602 blasphemia,
2087 1529 2279 1584 Patres
2309 1528 2479 1583 nostri

911 1623 1139 1676 trecenti
1165 1623 1350 1677 decem
1383 1635 1438 1677 et
1462 1633 1589 1678 octo
1623 1624 1834 1686 selecti,
1861 1623 2046 1676 habito
2077 1621 2217 1690 apud
2245 1619 2479 1674 Nicaeam

909 1721 1170 1780 traCtatu,
1211 1716 1474 1771 adversus
1512 1730 1662 1768 arma
1695 1715 1897 1769 diaboli
1947 1714 2092 1767 hunc
2120 1728 2332 1766 Innrum
2364 1728 2482 1766 ere-

909 1811 1130 1864 xerunt,
1159 1811 1213 1858 et
1243 1803 1345 1857 hac
1388 1804 1630 1857 antidoto
1659 1803 1837 1857 letalia
1883 1820 2085 1858 venena
2131 1804 2476 1872 repulerunt,

911 1899 972 1945 ut
998 1890 1158 1947 Pater
1185 1902 1238 1947 et
1264 1891 1454 1957 Filius,
1488 1893 1651 1946 unius
1679 1891 2005 1955 divinitatis,
2040 1893 2202 1946 unius
2237 1892 2478 1956 virtutis,

910 1983 1185 2053 tutiusque
1221 1986 1402 2053 ﬁgurae
1439 2001 1563 2039 esse
1592 1985 1965 2040 crederentur.
1992 1982 2256 2053 Spiritum
2297 1991 2477 2036 autem

910 2084 1164 2130 sanctum
1204 2075 1450 2145 ejusdem
1486 2093 1704 2147 quoque
1742 2092 1862 2132 esse
1892 2076 2214 2130 substantiae
2258 2074 2479 2128 credere

908 2164 1198 2220 debemus.
1247 2165 1384 2219 Eum
1441 2182 1568 2220 vero
1597 2167 1690 2236 qui
1720 2167 1879 2220 aliter
1907 2167 2124 2225 sentiat,
2165 2181 2196 2219 a
2229 2180 2476 2219 commu-

907 2264 1074 2315 nione
1104 2267 1294 2314 nostra
1324 2260 1562 2313 alienum
1589 2274 1713 2313 esse
1735 2259 2099 2314 decrevimus.
2125 2258 2298 2324 Quam
2330 2257 2477 2311 salu-

906 2361 1081 2407 tarem
1112 2352 1353 2422 regulam
1385 2359 1439 2404 et
1465 2351 1798 2404 adorandam
1831 2351 2196 2412 sanctionem,
2226 2349 2474 2403 nonnulli

908 2446 1116 2500 violare
1144 2445 1327 2499 conati
1355 2452 1504 2498 sunt.
1536 2442 1738 2497 Verum
1774 2445 1828 2496 in
1859 2445 1976 2514 ipso
2011 2443 2195 2498 statim
2226 2441 2473 2502 exordio,

906 2540 978 2592 ab
1015 2539 1085 2593 iis
1123 2539 1258 2607 ipsis
1293 2537 1385 2606 qui
1421 2535 1651 2589 Arimini
1701 2535 1846 2589 istud
1881 2536 2142 2589 innovare
2173 2543 2266 2588 aut
2299 2541 2476 2586 atten-

905 2635 1024 2682 tare
1056 2628 1234 2681 coacti
1267 2625 1503 2689 iuerant,
1547 2640 1614 2679 eo
1659 2640 1832 2695 usque
1875 2625 2218 2679 emendatum
2263 2632 2369 2686 est.
2416 2633 2475 2676 ut

906 2717 1151 2773 confessi
1182 2717 1293 2772 sint
1317 2733 1377 2771 se
1414 2717 1518 2770 alia
1549 2716 1786 2786 quadam
1817 2717 2190 2786 disputatione
2219 2716 2476 2786 deceptos

903 2826 1048 2875 esse,
1085 2825 1250 2881 quam
1293 2810 1580 2863 sententia:
1608 2823 1637 2861 a
1666 2807 1902 2864 Nicmnis
1936 2807 2192 2862 Patribus
2233 2807 2476 2877 promul-

910 2908 1051 2970 gata:
1087 2901 1419 2954 contrariam
1449 2912 1572 2952 csse
1612 2899 1838 2952 minime
1871 2897 2255 2952 advertissent.
2288 2894 2476 2964 Neque

902 2991 1051 3046 enim
1084 2989 1457 3061 prtejudicium
1499 2989 1672 3042 ullum
1711 2987 1893 3043 ail'erri
1925 2988 2102 3058 potuit
2130 3002 2196 3041 ex
2246 2999 2474 3039 numero

903 3099 1093 3139 eorum
1125 3084 1216 3153 qui
1247 3081 1478 3136 Arimini
1505 3095 1812 3136 convenere
1839 3094 1854 3133 :
1899 3078 2364 3150 quandoquidem,
2395 3076 2473 3131 uti

2587 618 2938 682 διδασκαλίας
2971 617 3366 688 διανοουμένων
3401 615 3477 686 μὴ
3519 611 3977 685 παρολισθαίνειν,
4025 610 4170 664 ἀλλὰ

2589 709 2899 779 καὶμᾶλλον
2919 709 3028 762 τῶν
3047 709 3305 780 Πατέρων
3325 709 3358 779 η
3366 707 3482 778 μῶν
3511 708 3762 776 κατέχειν
3785 703 3881 775 τὴν
3910 701 4166 772 γνώμην,

2587 799 2774 864 ὁσάκις
2796 800 2863 853 ἂν
2883 801 3158 870 διαφόροις
3183 800 3399 870 βουλαῖς
3414 799 3838 870 περιφέρωνται.
3859 795 4169 866 Τοιγαροῦν

2587 892 2874 957 Αὑξέντιον
2918 891 3011 944 τὸν
3047 889 3393 944 Μεδιολάνων
3444 890 3736 960 ἐξαιρέτως
3785 891 3843 943 ἐν
3874 889 4049 958 τούτῳ
4079 887 4167 957 τῷ

2587 981 2874 1052 πράγματι
2905 980 3334 1052 κατακεκρίσθαι
3360 981 3794 1051 προγέγραπται.
3833 975 4047 1031 Δίκαιόν
4065 973 4167 1031 οὖν

2585 1074 2728 1136 ἐστι,
2763 1073 2969 1136 πάντας
2999 1073 3124 1136 τοὺς
3157 1073 3214 1125 ἐν
3255 1070 3333 1141 τῷ
3371 1071 3655 1141 Ῥωμαίων
3690 1071 3878 1140 κόσμῳ
3906 1070 4166 1122 διδασκὰ-

2585 1162 2708 1226 λους
2735 1165 3078 1234 ὁμοφρονεῖν,
3120 1164 3214 1215 καὶ¹
3248 1163 3322 1234 μὴ
3353 1163 3628 1235 διαςόροις
3655 1163 4024 1225 διδασκαλίαις
4054 1165 4162 1232 τὴν

2584 1256 2766 1309 πίστιν
2796 1257 3049 1325 μιαίνειν.
3072 1258 3182 1311 Καὶ
3219 1259 3327 1329 γάρ
3351 1257 3513 1328 ἡνίκα
3545 1255 3758 1326 πρῶτον
3782 1257 3816 1325 ή
3849 1253 4014 1307 κακία
4046 1255 4164 1307 τῶν

2584 1347 2876 1416 αἱρετικῶν
2923 1348 3190 1418 ἀκμάζειν
3239 1347 3462 1420 ἧρξατο,
3507 1347 3582 1410 ώς
3625 1346 3720 1400 κα)⁸
3759 1345 3854 1398 νῦν
3898 1345 4162 1416 μάλιστα,

2583 1439 2718 1510 ὅπερ
2744 1439 2931 1508 ἀπείη,
2961 1439 3070 1494 τῶν
3094 1441 3383 1513 Ἀρειανῶν
3411 1442 3444 1512 ἡ
3477 1439 3812 1510 βλασφημία,
3841 1441 3890 1492 oi
3922 1439 4164 1507 πατέρες

2583 1530 2738 1600 ήμῶν
2757 1532 3068 1601 ,τριακόσιοι
3096 1532 3228 1586 δέκα
3261 1533 3356 1586 καὶ
3375 1531 3520 1585 ὁκτὼ
3544 1531 3834 1596 ἐπίλεκτοι,
3869 1532 3926 1583 ἐν
3948 1531 4162 1601 Nimia

2582 1621 2870 1690 γενομένου
2898 1623 3233 1693 σκέμματος,
3256 1623 3414 1676 τοῦτο
3435 1623 3496 1676 τὸ
3512 1625 3688 1693 τεῖχος
3713 1598 4026 1676 ὑπεναντίον
4045 1620 4161 1673 τῶν

2581 1711 2760 1764 ὃπλων
2793 1712 2884 1766 τοῦ
2913 1713 3160 1768 διαϐόλου
3193 1714 3434 1786 ὥρισαν,
3463 1716 3557 1768 καὶ
3603 1715 3775 1784 ταύτῃ
3799 1717 3863 1783 τῇ
3895 1713 4157 1780 ἀντιδότῳ

2583 1801 2651 1854 τά
2677 1802 2949 1872 θανάσιμα
2977 1804 3244 1876 φάρμακα
3265 1803 3582 1857 ἀπεώσαντο
3605 1821 3616 1833 ·
3647 1802 3788 1855 ὥστε
3810 1802 3898 1854 τὸν
3932 1801 4159 1869 Πατέρα

2582 1892 2676 1944 καὶ
2708 1893 2798 1946 τὸν
2831 1895 2976 1959 Υίὸν,
3015 1897 3143 1964 μιᾶς
3175 1895 3444 1964 θεότητος,
3481 1897 3609 1964 μιᾶς
3637 1894 3855 1964 ἀρετῆς.
3912 1894 4002 1944 καὶ
4033 1888 4158 1953 ἑῦὺξ

2583 1984 2862 2052 χρήματος
2891 1983 2966 2052 (7)
3000 1984 3348 2037 πιστεύεσθαι
3373 2001 3387 2015 ο
3429 1984 3536 2055 χρὴ
3575 1984 3629 2036 δέ
3671 1986 3768 2053 τῆς
3797 1983 3996 2052 ταύτης
4021 1985 4158 2034 ὑπο-

2582 2074 2822 2138 στάσεως
2861 2076 2952 2127 καὶ
2986 2076 3045 2128 τὸ
3082 2074 3304 2146 Πνεῦμα
3335 2077 3395 2128 τὸ
3435 2077 3588 2144 ἆγιον
3617 2076 3914 2130 πιστεύειν.
3965 2075 4066 2127 Τὸν
4091 2074 4157 2126 δέ

2579 2166 2752 2231 ἄλλως
2781 2167 3101 2238 φρονοῦντα,
3143 2168 3418 2240 ἀλλότριον
3447 2164 3587 2221 εἶναι
3609 2169 3706 2238 τῆς
3738 2169 4010 2239 ἡμετέρας
4030 2184 4153 2220 κοι-

2579 2259 2774 2322 νωνίας
2802 2260 3115 2330 ἐκρίναμεν.
3168 2262 3376 2330 Ὃνπερ
3406 2260 3717 2331 σωτηριώδη
3759 2261 3902 2329 ὅρον,
3931 2259 4023 2312 καὶ
4047 2259 4157 2328 τὴν

2581 2350 2958 2422 προσκυνητὴν
2990 2351 3184 2420 σκέψιν
3228 2353 3372 2416 τινὲς
3409 2353 3594 2424 μιάναι
3629 2351 3921 2422 ἠθέλησαν.
3988 2352 4156 2404 Ἀλλά

2578 2443 2635 2494 ἐν
2662 2441 2797 2512 αὐτῇ
2826 2446 2892 2514 τῇ
2921 2445 3084 2513 ἀρχῇ,
3113 2444 3207 2496 ἀπ’
3230 2444 3410 2499 αὐτῶν
3433 2444 3635 2497 τούτων
3672 2443 3867 2506 οἵτινες
3888 2443 4045 2496 τοῦτο
4088 2445 4154 2495 ἐν

2590 2532 2848 2602 Ἀριμίνῳ
2883 2531 3312 2598 ἀνανεώσασθαι,
3343 2534 3376 2604 ἦ
3405 2533 3720 2604 ψηλαφῆσαι
3749 2532 4151 2603 ἠναγκάζοντο,

2580 2623 2740 2692 μέχρι
2767 2623 2954 2676 τούτου
2987 2623 3270 2694 διωρθώθη
3301 2624 3376 2687 ώς
3417 2624 3696 2694 ὁμολογεῖν
3745 2625 3941 2687 αὐτοὺς
3982 2622 4152 2692 ἑτέρα.

2575 2716 2681 2767 τινὶ
2721 2714 2952 2780 διαλέξει
2983 2717 3354 2786 ὑφαρπᾶσθαι,
3404 2718 3487 2770 δτι
3539 2717 3638 2770 οὐκ
3671 2718 3900 2786 ἐνόησαν
3945 2719 4009 2786 τῇ
4037 2716 4150 2768 τῶν

2578 2806 2836 2876 Πατέρων
2877 2805 3072 2878 γνώμῃ
3113 2810 3181 2878 τῇ
3237 2809 3295 2861 ἐν
3338 2808 3544 2879 Νικαίᾳ
3591 2809 3836 2879 ἀρεσάσῃ
3903 2808 4150 2860 ἐναντίον

2575 2893 2734 2951 εἶναι.
2764 2898 2897 2951 Οὐδέ
2926 2899 3034 2970 γάρ
3074 2901 3357 2970 πρόκριμά
3387 2918 3440 2953 τι
3485 2900 3725 2971 ἠδυνήθη
3752 2900 4004 2968 γενέσθαι
4037 2898 4151 2950 ἀπὸ

2575 2988 2668 3042 τοῦ
2709 2989 2941 3060 ἀριθμοῦ
2973 2990 3080 3043 τῶν
3117 2994 3175 3044 ἐν
3229 2992 3488 3062 Ἀριμίνῳ
3532 2991 3939 3061 συναχθέντων,
3980 2989 4149 3042 ὁπότε

2580 3081 2903 3153 συνέστηκε,
2961 3083 3100 3153 μήτε
3137 3083 3233 3136 τοῦ
3274 3085 3558 3153 Ῥωμαίων
3599 3083 3916 3143 ἐπισκόπου,
3948 3077 4011 3134 οὗ
4037 3079 4149 3148 πρὸ

904 3189 1072 3246 supra
1117 3174 1376 3240 diximus,
1424 3172 1505 3227 illi
1555 3172 1660 3242 ipsi
1707 3172 1801 3241 qui
1853 3187 1950 3241 per
1995 3170 2244 3224 fraudem
2278 3168 2542 3257 ccderec
2575 3170 2662 3224 mir

2385 3183 2472 3223 ere
2495 3199 2542 3257 α
2575 3170 2792 3224 πάντων
2815 3171 2920 3225 ἔδει
2941 3173 3039 3244 τὴν
3067 3173 3292 3244 γνώμην
3326 3173 3665 3240 ἐκδέξασθαι,
3699 3172 3823 3226 οὔτε
3843 3172 4143 3236 Βικεντίου,

905 3266 1309 3337 aliquantulum
1340 3265 1442 3320 visi
1474 3274 1624 3327 sunt,
1662 3272 1849 3334 postea
1876 3262 2326 3331 meliorejudicio
2357 3262 2466 3327 usi,

901 3374 966 3414 ea
996 3358 1100 3414 sibi
1128 3357 1423 3426 displicere
1458 3358 1642 3411 testati
1673 3367 1820 3410 sunt.
1847 3353 2114 3424 Perspicit
2157 3354 2320 3423 igitur
2349 3356 2467 3408 sin-

900 3450 1100 3505 ceritas
1129 3456 1332 3508 vestra,
1353 3448 1496 3502 hanc
1519 3447 1691 3503 solam
1715 3446 1874 3500 ﬁdem
1901 3461 2023 3515 quae
2043 3446 2197 3514 juxta
2229 3445 2469 3499 auctori-

902 3550 1066 3597 tatem
1113 3541 1486 3611 apostolorum
1533 3539 1588 3592 in
1644 3537 1780 3591 urbe
1822 3535 2040 3591 Nicena
2093 3537 2316 3590 fundata
2358 3543 2467 3597 est,

901 3638 1159 3700 perpetua
1183 3627 1439 3682 ﬁrmitate
1473 3625 1812 3680 retinendam
1851 3640 2011 3680 esse:
2046 3639 2220 3695 eaque
2245 3623 2466 3694 gloriari

898 3722 1186 3778 nobiscum
1219 3727 1331 3773 tum
1373 3717 1682 3772 Orientales
1719 3717 1811 3788 qui
1864 3717 2029 3789 248
2069 3733 2129 3772 se
2173 3716 2470 3770 catholicos

897 3827 1019 3869 esse
1061 3811 1405 3882 proﬁtentur,
1454 3817 1567 3862 lum
1602 3807 2004 3863 Occidentales.
2049 3808 2335 3863 Credimus
2374 3822 2470 3860 ειυς

910 3914 1020 3959 tem
1069 3904 1310 3957 futurum
1351 3902 1526 3965 brevi,
1559 3909 1618 3955 ιιι
1649 3903 1741 3972 qui
1775 3902 1878 3956 alia
1905 3904 2171 3965 sentiunt,
2203 3917 2233 3955 a
2277 3911 2468 3956 nostra

897 3995 1286 4051 communione
1319 4003 1662 4061 separentur,
1693 3993 1876 4046 ablato
1902 3993 2039 4062 ipsis
2079 3995 2467 4062 episcoporum

908 4081 1168 4135 nomine:
1217 4080 1291 4134 ita
1332 4089 1389 4132 ut
1433 4080 1617 4148 populi
1647 4080 1715 4133 ab
1741 4095 1928 4136 errore
1958 4082 2200 4150 ipsorum
2252 4081 2469 4136 liberati

900 4175 1168 4245 respirare
1207 4172 1440 4242 possint.
1477 4171 1637 4224 Nullo
1683 4171 1828 4224 enim
1859 4172 2022 4226 modo
2051 4187 2290 4226 errorem
2329 4174 2469 4226 mul-

897 4267 1149 4323 titudinis
1175 4264 1449 4335 corrigere
1499 4271 1780 4333 poterunt,
1815 4278 1938 4318 cum
1993 4262 2092 4332 ipsi
2133 4279 2322 4319 errore
2361 4265 2467 4318 im-

2571 3261 2630 3324 ὃς
2656 3263 2748 3316 ἐπὶ
2773 3263 3048 3328 τοσούτοις
3084 3265 3228 3318 ἔτεσι
3265 3266 3364 3336 τὴν
3411 3263 3716 3336 ἐπισκοπὴν
3745 3264 3986 3327 ἀσπίλως
4010 3263 4147 3332 ἐφύο

2572 3353 2752 3418 λαξεν,
2787 3355 2912 3408 οὔτε
2942 3356 3049 3409 τῶν
3079 3356 3253 3410 ἄλλων
3299 3359 3410 3420 τοίς
3438 3357 3698 3418 τοιούτοις
3725 3354 4145 3424 συγκαταθεμέ·

2573 3454 2759 3498 νωννο
2800 3447 2959 3499 ὁπότε
3006 3447 3240 3516 μάλιστα
3281 3445 3461 3510 καθὼς
3505 3449 3933 3517 προειρήκαμεν,
3986 3445 4147 3497 αὐτοὶ

2571 3527 2716 3588 οὗτοι.
2759 3535 2953 3598 οἵτινες
2996 3538 3136 3591 κατὰ
3183 3537 3448 3608 συσκευὴν
3499 3536 3877 3591 ὐποκλίνεσθαι
3932 3536 4141 3602 ἔδοξαν,

2569 3619 2715 3678 οὗτοι
2746 3625 2980 3680 καλλίονι
3008 3629 3199 3700 γνώμῃ
3221 3629 3577 3700 χρησάμενοι,
3602 3629 3935 3698 ἀπαρέσκειν
3959 3629 4144 3692 αὐτοῖς

2569 3716 2740 3769 ταῦτα
2781 3717 3176 3788 ἐμαρτύραντο.
3205 3721 3413 3791 Συνορᾷ
3437 3717 3530 3774 οὖν
3568 3722 3602 3792 ἠ
3633 3721 3871 3791 ὑμετέρα
3902 3721 4142 3792 καθαρό-

2567 3825 2686 3878 της,
2714 3809 2917 3880 ταύτην
2947 3811 3114 3882 μόνην
3143 3811 3240 3883 τὴν
3271 3813 3474 3878 πίστιν,
3501 3813 3624 3882 ἥτις
3667 3815 3725 3866 ἐν
3763 3813 3965 3885 Νικαίᾳ
3997 3814 4147 3866 κατὰ.

2569 3899 2667 3967 τὴν
2699 3899 2982 3953 αὑθεντίαν
3006 3901 3114 3952 τῶν
3157 3901 3468 3957 ἀποστόλων
3507 3903 3861 3973 ἐθεμελιώθη,
3903 3905 4148 3974 διηνεκεῐ

2571 3987 2880 4059 βεϐαιότητι
2927 3991 3218 4045 καθεκτέον
3256 3988 3429 4056 εἶναι,
3508 3996 3601 4048 καὶ
3652 3995 3771 4065 μεθ’
3812 3996 3970 4066 ἡμῶν
4012 3999 4143 4060 τοὺς

2585 4084 2956 4148 Ἀνατολικοὺς
2997 4085 3191 4149 οἵτινες
3245 4087 3468 4150 ἑαυτοὺς
3528 4090 3628 4156 τῆς
3674 4088 3963 4160 καθολικῆς
4001 4085 4143 4142 εἶναι

2569 4175 3008 4244 ἐπιγινώσκουσι,
3042 4179 3166 4240 τοὺς
3195 4178 3251 4230 δέ
3275 4179 3520 4244 δυτικοὺς
3553 4178 3629 4249 (8)
3662 4181 3984 4250 καυχᾶσθαι.
4043 4183 4144 4235 Πι-

2577 4266 2837 4336 στεύομεν
2883 4266 2940 4320 δέ
2979 4268 3080 4321 οὐκ
3129 4269 3208 4330 εἰς
3250 4268 3468 4339 μακράν
3512 4269 3638 4332 τοὺς
3683 4269 3818 4324 ἄλλα
3863 4270 4140 4336 νοοῦντας,

2088 4439 2357 4497 VALESII
2389 4442 2941 4502 ANNOTATIONES.

969 4538 1048 4606 (5)
1107 4537 1363 4600 Οικείαις
1388 4535 1771 4606 Ᾱὲρμηνείαις.
1839 4531 2034 4606 Totum
2086 4533 2234 4606 linnc
2274 4535 2468 4606 locum

2576 4536 2718 4609 libro
2756 4536 2997 4609 secundo
3037 4538 3304 4609 (Historia
3342 4553 3462 4605 cap.
3497 4537 3588 4604 22,
3630 4543 3830 4598 rectior
3859 4541 4138 4609 scriptura

896 4602 1136 4683 pessime
1165 4609 1324 4683 vertit
1373 4603 1598 4683 Graecus
1651 4603 1923 4683 interpres
1953 4680 1960 4683 _
2003 4602 2170 4683 huius
2194 4604 2463 4683 epistolae.
2498 4614 2542 4668 ι)
2572 4606 2654 4683 lial

2383 4607 2463 4658 lae.
2498 4614 2542 4668 ι)
2572 4606 2825 4683 1ιξιιιιεῑιιι⁸
2840 4607 3018 4683 ζιιιᾸυδΑ
3035 4608 3162 4670 loci,
3191 4609 3299 4662 τῶν
3324 4602 3537 4674 σκᾶιαϊς
3574 4602 3924 4682 κεχρημένων
3961 4602 4138 4683 ερμη-

894 4670 1090 4731 Latina
1136 4676 1355 4743 quidem
1399 4675 1627 4742 epistola
1676 4673 1757 4726 sic
1797 4670 1969 4725 liabet
2002 4688 2016 4725 :
2055 4672 2156 4725 Sed
2189 4670 2462 4728 Gallorum

895 4757 1049 4816 atque
1117 4746 1474 4816 Venetensium
1500 4746 1738 4816 (fratrum
1791 4743 2059 4816 relatione
2093 4746 2462 4816 comperimus,

895 4813 1174 4870 nonnullos
1203 4832 1304 4867 non
1323 4815 1533 4866 haeresis
1555 4814 1764 4872 studio;
1794 4828 1954 4879 neque
1975 4813 2113 4864 enim
2136 4813 2230 4865 hoc
2257 4823 2464 4867 tantum

893 4887 1025 4940 ntali
1044 4887 1228 4938 cadere
1256 4886 1310 4937 in
1342 4883 1443 4936 Dei
1501 4882 1766 4934 antistites
1819 4891 2027 4948 potest;
2082 4887 2170 4934 sed
2227 4884 2460 4945 inscitia,

894 4958 972 5010 vel
1005 4971 1070 5009 ea:
1098 4955 1434 5022 simplicitate
1450 4951 1702 5018 quadam,
1728 4951 1907 5004 scaevis
1941 4953 2462 5016 interpretationibus

890 5037 1326 5089 wstuantes,non
1379 5023 1510 5074 satis
1562 5022 1814 5086 dispicere
1861 5036 1978 5089 qua:
2018 5023 2185 5090 magis
2235 5022 2462 5075 Patrum

895 5105 1192 5150 nostrorum
1223 5096 1291 5147 sit
1321 5093 1540 5145 tenenda
1565 5091 1840 5161 sententia,
1865 5089 2209 5161 cumaiversa
2239 5093 2463 5145 consilia

891 5181 1074 5220 eorum
1104 5165 1321 5216 auribus
1377 5165 1705 5230 ingerantur.
1756 5159 2302 5229 Oramus—interpres
2363 5178 2460 5230 pro

892 5239 1073 5288 scwvis
1104 5235 1248 5304 q‘uod
1282 5233 1423 5286 idem
1459 5234 1604 5304 valet
1647 5245 1710 5304 ac
1762 5231 2018 5292 sinistris,
2072 5231 2263 5298 legisse
2286 5232 2455 5304 ‘vide-

894 5316 988 5358 tur
1021 5299 1153 5359 suis.
1184 5304 1355 5358 Vertit
1383 5303 1525 5354 enim
1545 5301 1796 5362 οἰκείαις,
1829 5315 2023 5368 magno
2045 5315 2252 5353 errore.
2281 5299 2384 5355 Sed
2403 5309 2456 5353 et

894 5378 1100 5444 reliqua
1124 5368 1933 5444 minimeintcllexit._Veruinin
1951 5369 2138 5444 codice
2157 5369 2455 5444 Fukctiaiio

891 5440 1052 5500 aliter
1070 5445 1329 5499 scribitur
1351 5442 1437 5495 hic
1458 5443 1632 5503 locus,
1657 5441 1759 5494 hoc
1780 5441 1990 5494 scilicet
2010 5440 2170 5491 modo
2193 5459 2204 5492 :
2226 5441 2457 5502 εἰκαίαις

889 5515 1180 5586 ἐρμηνίαις
1226 5513 1594 5566 ἀνθίστανται.
1630 5508 1737 5565 Sed
1788 5510 1930 5580 apud
1980 5507 2369 5564 Tlieodoritum
2401 5511 2455 5564 in

2570 4676 2709 4739 νίαις
2735 4677 3103 4746 ἀνθίστασθαι,
3135 4687 3239 4734 etc.
3473 4728 3488 4746 ,

2643 4746 2716 4822 ιο)
2760 4746 2892 4822 Ἀπὸ
2921 4743 3058 4822 οὖν.
3081 4747 3321 4822 Rectius;
3337 4743 3487 4822 apud
3509 4749 3898 4822 Theodoritum
3929 4750 4137 4822 legitur

2569 4816 2920 4891 ἀνθίστασθαι
2963 4816 3072 4870 ἀπὸ
3115 4819 3209 4871 τοῦ
3261 4816 3689 4891 νῦν’διαφόρους
3740 4820 4134 4882 διδασκαλίαις.

2569 4886 2998 4954 διανοουμένους,
3027 4897 3134 4942 etc.

2640 4955 2718 5029 (7)
2749 4955 2916 5020 Ἑνὸς
2954 4956 3274 5029 χρήματος.
3307 4959 3460 5029 Apud
3509 4957 3895 5029 Theodoritum
3936 4959 4134 5012 melius

2569 5025 3154 5100 Ιεείιιιιχχαρακτῆρος.
3185 5025 3420 5084 ϐειιοῖιι
3445 5030 3677 5100 epistola
3707 5028 3899 5082 Latina
3932 5030 4135 5098 legitur

2568 5097 2723 5148 unius
2754 5097 2958 5164 ﬁgurw.

2640 5165 2716 5232 (8)
2774 5165 2918 5229 Τοὺς
2951 5165 3019 5218 δὲ
3067 5166 3366 5235 δυτικούς.
3420 5169 3776 5224 Scribendnm
3821 5175 3905 5222 est
3939 5168 4134 5235 procul

2565 5233 2731 5287 ilubio
2774 5235 2898 5297 τούς
2925 5252 2984 5286 τε
3034 5233 3427 5301 δυτικούςξδίιε
3474 5242 3619 5293 enim
3674 5241 3834 5292 habet
3876 5233 4132 5289 Latinum

2560 5305 2838 5383 exemplar
2860 5305 3030 5383 _hnj_us
3051 5309 3314 5374 epistolae.
3354 5308 3468 5362 Hac
3496 5310 3767 5383 nobiscum
3809 5307 4130 5383 Orientales,

2561 5376 2727 5454 qni-sc
2763 5376 3050 5430 catholicos
3084 5391 3475 5447 recognoscant,
3513 5379 3978 5448 Occidentalesque
4013 5378 4133 5446 glo-

2565 5459 2719 5497 rtart.

2293 5658 2680 5719 VARIORUM.

965 5773 991 5800 ν
1045 5763 1243 5815 Ὁπότε
1291 5759 1649 5824 συνέστηκε.
1661 5797 1672 5809 .
1684 5796 1719 5809 ..

895 5834 1199 5904 supplenda
1226 5840 1308 5886 est
1335 5846 1401 5887 ex
1429 5828 1781 5892 'l‘lieodorito,
1813 5828 1907 5880 lib.
1941 5839 2001 5888 ιι,
2037 5840 2159 5892 cap.
2200 5825 2289 5876 22.

1778 5752 2328 5822 συγκαταθεμένων.
2358 5751 2564 5808 llorum
2597 5756 2881 5811 rei-lorum
2936 5752 3334 5824 interpretatio,
3401 5769 3432 5806 a
3465 5750 3536 5806 Va

2367 5751 2881 5811 llorumrcrlorum
2936 5752 3334 5824 interpretatio,
3401 5750 3678 5807 aValesio
3745 5749 3832 5806 hic
3897 5748 4125 5817 omissa,
