4452 6598
833 453 974 519 1355

2284 445 2624 504 SOZOMENI

3951 450 4103 509 135‘

835 571 959 626 iret.
1003 567 1108 623 Sed
1137 582 1262 623 eum
1299 568 1386 624 ille
1413 568 1632 639 quidem
1675 576 1960 623 recusaret
1990 582 2054 621 ac
2098 565 2397 623 reluctare-
2429 577 2472 634 Α
2497 568 2593 639 τῆς

2341 583 2397 623 e-
2429 577 2472 634 Α
2497 568 2599 639 τῆς
2626 567 2799 635 ἔριδος
2829 569 2928 623 οὐκ
2965 569 3140 635 ἄλλως
3183 571 3403 643 ἀνήσειν
3454 573 3783 644 ἰσχυρίζετο,
3818 570 4099 642 μηνύεται

837 673 946 727 tur,
1003 676 1340 731 prorsusque
1396 660 1759 716 sacerdotium
1805 659 2102 731 refugeret,
2170 661 2406 732 populus

837 768 968 806 vero
1017 753 1268 819 instaret,
1323 767 1422 807 nec
1471 753 1577 807 alia
1619 752 1935 808 conditione
1985 755 2299 822 quieturum
2347 767 2406 807 se

837 842 1152 908 affirmaret,
1183 859 1272 899 res
1312 843 1380 897 ad
1424 858 1682 912 proceres
1713 843 1899 913 palatii
1933 845 2190 898 refertur.
2229 841 2407 912 Impe-

838 946 996 990 rator
1047 944 1226 990 autem
1282 934 1728 999 Valentinianus,
1763 949 1828 988 eo
1889 935 2081 990 nuntio
2143 944 2406 1004 accepto,

845 1027 1012 1082 Deum
1041 1034 1299 1097 precatus
1333 1043 1456 1083 esse
1502 1027 1727 1091 dicitur,
1764 1027 1925 1097 eique
1961 1025 2168 1096 gratias
2204 1025 2405 1097 egisse,

841 1119 987 1190 quod
1028 1135 1127 1175 eos
1157 1119 1223 1173 ad
1254 1120 1548 1175 sacerdotii
1579 1133 1779 1174 munus
1807 1117 2121 1173 obeundum
2150 1119 2396 1190 eligeret,

843 1227 983 1281 quos
1014 1211 1129 1281 ipse
1162 1210 1417 1282 regendis
1452 1209 1756 1280 provinciis
1779 1211 2136 1280 prmfeciswt.
2163 1209 2412 1279 Cumque

842 1301 1030 1373 populi
1065 1301 1312 1371 pertinax
1352 1300 1592 1354 studium
1655 1307 1711 1354 et
1751 1300 2029 1355 Ambrosii
2057 1299 2412 1355 detrectatio-

844 1409 970 1448 nem
1021 1393 1342 1455 didicisset,
1403 1391 1469 1445 ad
1522 1392 1930 1446 conciliandam
1985 1391 2412 1446 Mediolanensis

847 1484 1110 1540 Ecclesia:
1160 1483 1516 1538 concordiam
1578 1483 1749 1537 Deum
1811 1483 1928 1539 haec
1985 1485 2061 1538 ita
2119 1483 2412 1554 disponere

845 1577 1104 1645 conjecit,
1147 1591 1381 1646 eumque
1413 1591 1577 1645 quam
1617 1577 1850 1645 primum
1902 1576 2224 1646 episcopum
2262 1575 2414 1630 Ol‘dl-

845 1670 966 1722 nari
997 1669 1186 1736 jussit.
1235 1667 1499 1732 Quicum
1547 1668 1879 1736 baptismum
1929 1682 1992 1721 ac
2039 1667 2411 1723 sacerdotium

846 1762 1012 1818 simul
1040 1761 1403 1831 suscepisset,
1433 1759 1618 1814 statim
1652 1758 1955 1814 Ecclesiam
1993 1773 2168 1818 suam.
2200 1773 2321 1828 quae
2344 1759 2414 1813 ob

845 1854 1384 1910 administrationem
1414 1850 1669 1905 Auxentii
1701 1850 1964 1904 diuturno
1993 1849 2231 1904 discidio
2264 1850 2415 1904 labo-

2507 659 2630 712 τάδε
2675 662 2798 723 ταῖς
2855 663 2913 714 ὲν
2964 664 3076 725 τοῖς
3130 661 3420 732 βασιλείοις
3469 665 3682 734 ἀρχαῖς.
3731 663 3882 732 ’Δμα
3926 660 3984 712 δὲ
4028 662 4099 729 τῇ

2506 749 2636 821 περὶ
2678 750 2882 804 τούτων
2923 752 3152 823 ἀγγελίᾳ.
3212 753 3428 823 λέγεται
3465 753 3900 817 υύαλεντινιανδς
3940 753 3968 805 ὁ
3998 750 4095 820 βαρ

2510 842 2686 906 σιλεὺς
2719 842 2998 909 εὔξασθαι,
3034 845 3128 900 καὶ
3161 847 3318 916 χάριν
3345 848 3512 916 φάναι
3541 846 3818 917 ὁμολογεῖν
3843 845 3922 917 τῷ
3949 842 4100 912 Θεῷ.

2507 938 2583 1000 ὡς
2630 937 2877 1008 ἱερᾶσθαι
2931 939 3332 1012 ἐπιλεγομένῳ,
3377 939 3470 1003 οὓς
3523 939 3684 1002 αὐτὸς
3727 941 3914 1010 ἄρχειν
3959 952 4103 1008 προ-

2511 1025 2780 1080 ϐάλλεται.
2817 1025 3023 1081 Μαθὼν
3059 1027 3116 1080 δὲ
3147 1028 3245 1100 τὴν
3288 1029 3382 1082 τοῦ
3425 1027 3664 1098 πλήθους
3700 1028 3950 1082 ἔνστασιν
4001 1024 4102 1078 καὶ

2509 1117 2609 1189 τὴν
2653 1117 2978 1188 ’Λμϐροσίου
3009 1120 3358 1191 παραίτησιν,
3411 1119 3703 1174 συνέϐαλεν
3739 1119 3831 1171 ἐπὶ
3869 1118 4102 1189 ὁμονοίᾳ

2511 1208 2608 1279 τῆς
2640 1207 2698 1259 ὲν
2730 1208 3042 1280 Μεδιολάνῳ
3073 1209 3402 1282 Ἑκκλησίας
3451 1210 3626 1264 ταῦτα
3674 1207 3963 1280 βραϐεύειν
4000 1209 4104 1261 τὸν

2511 1299 2643 1353 Θεόν
2675 1310 2702 1338 ν
2724 1316 2736 1329 ·
2769 1301 2862 1353 καὶ
2889 1301 2984 1372 τὴν
3013 1302 3274 1374 ταχίστην
3297 1303 3459 1356 αὐτὸν
3481 1300 3900 1374 χειροτονεῖσθαι
3924 1318 4102 1372 προσ-

2514 1391 2721 1457 έταξεν.
2747 1394 2899 1463 ’Λμα
2933 1394 2989 1447 δὲ
3023 1395 3235 1466 ἐμυήθη
3295 1396 3391 1449 καὶ
3425 1394 3526 1466 τὴν
3579 1393 3908 1466 χειροτονίαν
3955 1410 4108 1463 παρ-

2513 1485 2725 1549 έλαϐεν,
2766 1487 3085 1558 ὁμοφρονεδ
3123 1487 3354 1540 πέπεικε
3405 1487 3532 1560 περὶ
3573 1487 3641 1541 τά
3688 1485 3807 1539 θεῖα
3854 1488 3954 1556 τὴν
4003 1487 4105 1539 ὑπ’

2513 1574 2674 1628 αὑτὸν
2701 1575 3045 1647 Ἐκκλησίαν,
3076 1577 3168 1630 ἐπὶ
3199 1576 3377 1648 πολλῷ
3411 1577 3587 1649 χρόνῳ
3617 1575 3848 1647 διχονοίᾳ
3883 1576 4103 1643 καμοῦ-

2516 1682 2616 1722 σαν
2655 1667 2719 1719 ὲκ
2759 1667 2855 1737 τῆς
2900 1668 3235 1739 προστασίας
3287 1667 3596 1734 Λύξεντίου.
3650 1668 3787 1721 Ἀλλ’
3837 1665 3949 1730 οἶος
3994 1667 4106 1738 μὲν

2527 1755 2846 1826 Ἀμϐρόσιος
2873 1752 3025 1821 οὗτος
3059 1755 3196 1827 μετὰ
3236 1756 3335 1828 τὴν
3371 1757 3702 1827 χειροτονίαν
3730 1755 3964 1823 ἐγένετο,
3999 1753 4108 1807 καὶ

2515 1845 2588 1908 ώς
2619 1845 2874 1916 ἀνδρείως
2907 1847 3001 1901 καὶ
3034 1847 3177 1917 μάλα
3203 1846 3360 1910 θείως
3385 1846 3481 1918 τὴν
3506 1846 3802 1918 ἱερωσύνην
3824 1846 4042 1916 διήνυσε
4056 1861 4101 1904 δ.

845 1953 1086 2008 raverat,
1112 1945 1176 1999 ad
1209 1944 1544 1998 concordem
1578 1941 1646 1997 de
1676 1943 1791 1998 Deo
1820 1946 2150 1998 sententiam
2176 1942 2412 1997 reduxit.
2449 1925 2488 1978 Β
2517 1937 2575 1988 ὲν
2602 1960 2603 1967 η

2355 1943 2412 1997 ii,
2449 1925 2488 1978 Β
2517 1937 2575 1988 ὲν
2602 1938 2713 1998 τοῖς
2745 1936 2871 2006 ἑξῆς
2905 1937 3044 1990 κατὰ
3087 1935 3270 2008 χώραν
3307 1935 3602 2002 λελέξεται.
3645 1936 3781 2006 Περὶ
3816 1935 3872 1988 δὲ
3905 1933 4105 1987 τοῦτον

849 2035 1055 2090 Verum
1096 2035 1310 2105 qualem
1347 2049 1404 2088 se
1438 2033 1768 2089 Ambrosius
1810 2034 1913 2088 iste
1945 2043 2070 2102 post
2110 2031 2416 2087 ordinatio-

853 2143 974 2184 nem
1002 2126 1343 2198 praestiterit.
1379 2134 1433 2180 et
1462 2139 1625 2195 quam
1667 2133 1989 2180 constanter
2022 2139 2087 2179 ac
2113 2125 2199 2195 pie
2232 2141 2419 2180 sacer-

851 2221 1064 2274 dotium
1131 2215 1624 2280 administraverit,
1683 2214 1827 2270 infra
1891 2231 1992 2270 suo
2044 2216 2165 2271 loco
2218 2217 2416 2272 dicturi

853 2326 1068 2366 sumus.
1105 2307 1208 2362 Per
1242 2306 1383 2361 idem
1423 2315 1642 2378 tempus
1676 2306 1967 2362 Novatiani
2017 2310 2110 2378 qui
2153 2309 2208 2362 in
2255 2308 2421 2380 Phry-

852 2402 940 2471 gia
964 2401 1192 2470 degunt,
1216 2405 1409 2452 contra
1434 2407 1678 2452 veterum
1703 2412 1908 2452 morem
1934 2397 2146 2452 Pascha
2161 2415 2270 2454 una
2293 2416 2419 2454 ctnn

860 2490 1065 2546 ludatis
1120 2488 1402 2544 celebrare
1450 2491 1790 2558 cmperunt‘.
1848 2487 1984 2542 Nam
2037 2488 2280 2546 Novatus
2328 2495 2420 2562 qui

853 2584 977 2653 ejus
1026 2590 1186 2636 secta:
1251 2590 1452 2634 auctor
1508 2579 1635 2645 fuit,
1689 2583 2023 2649 pmnitentes
2081 2583 2304 2651 quidem
2356 2584 2420 2637 ad

855 2673 1298 2728 communionem
1354 2669 1581 2724 minime
1622 2670 1890 2725 admisit:
1922 2670 2087 2740 idque
2127 2673 2305 2726 solum
2353 2674 2424 2728 ab

856 2765 955 2819 illo
1012 2764 1336 2818 innovatum
1395 2769 1498 2818 est.
1559 2760 1832 2818 Cmterum
1879 2770 1990 2816 tam
2053 2765 2204 2834 ipse,
2257 2779 2423 2834 quam

859 2869 1216 2910 successores
1255 2854 1398 2922 ejus,
1450 2868 1560 2908 non
1617 2853 1781 2910 aliter
1808 2869 1972 2924 quam
2019 2853 2263 2912 Ecclesia
2309 2855 2424 2910 Ro-

857 2960 1045 3012 mana,
1093 2953 1216 3014 post
1259 2944 1653 3013 aequinoctium
1700 2959 1926 3000 vernum
1958 2945 2156 3002 festum
2204 2946 2427 3003 Pascha

864 3036 1012 3089 diem
1067 3044 1333 3105 perpetuo
1388 3033 1761 3088 celebrarunt.
1799 3031 2046 3089 Tandem
2100 3050 2231 3090 vero
2277 3039 2426 3090 circa

862 3128 983 3180 haec
1046 3135 1324 3194 tempora,
1385 3125 1611 3196 quidam
1679 3141 1776 3194 per
1842 3124 2133 3196 Phrygiam
2185 3126 2426 3198 episcOpi

862 3217 1317 3281 Novatianorum,
1342 3217 1658 3289 congregati
1704 3218 1760 3271 in
1798 3216 1923 3272 Pazi
1960 3220 2103 3282 vico.
2138 3220 2232 3288 qui
2276 3221 2428 3276 locus

2516 2026 2605 2078 τὸν
2627 2027 2815 2098 χρόνον
2853 2029 2902 2081 οἱ
2949 2028 3090 2099 ἀμφὶ
3137 2027 3234 2099 τὴν
3266 2027 3502 2099 Φρυγίαν
3547 2027 3900 2092 Ναυατιανοὶ,
3944 2025 4109 2098 παρὰ

2518 2117 2576 2170 τὸ
2605 2118 2866 2190 πρότερον
2889 2118 3100 2184 εἰωθὸς,
3138 2118 3368 2190 ἤρξαντο
3393 2119 3531 2188 μετὰ
3567 2136 3676 2171 των
3709 2117 3977 2172 Ἰουδαίων
3998 2118 4107 2188 τὴν

2518 2209 2612 2264 τοῦ
2651 2210 2840 2283 Πάσχα
2892 2213 3084 2283 ἑορτὴν
3127 2212 3414 2266 ἐπιτελεῖν.
3446 2211 3695 2276 Ναυάτος
3741 2213 3841 2282 μὲν
3872 2214 4007 2281 γάρ,
4037 2211 4106 2272 ὃς

2520 2302 2756 2373 ἀρχηγὸς
2777 2303 2990 2372 ἐγένετο
3016 2303 3115 2374 τῆς
3141 2305 3422 2376 αἱρέσεως,
3442 2304 3567 2366 τοὺς
3597 2303 4107 2374 μεταμελουμένους

2521 2393 2613 2445 ἐπὶ
2635 2394 2743 2455 τοῖς
2775 2393 3162 2464 ἁμαρτήμασιν
3189 2395 3265 2458 είς
3310 2394 3588 2447 κοινωνίαν
3613 2393 3675 2446 οὐ
3698 2393 3971 2463 προσίετο,
4006 2393 4109 2446 καὶ

2522 2483 2678 2537 τοῦτο
2722 2485 2880 2554 μόνον
2929 2485 3288 2555 ἐκαινοτόμει.
3325 2483 3724 2556 Παραπλησίως
3761 2484 3818 2537 δὲ
3856 2487 3922 2556 τῇ
3960 2483 4106 2536 Ῥω-

2526 2573 2700 2645 μαίων
2734 2573 3048 2646 Ἐκκλησία,
3078 2575 3219 2647 μετά
3246 2575 3344 2646 τὴν
3367 2575 3584 2646 ἐαρινὴν
3618 2575 3905 2646 ἰσημερίαν
3929 2574 4108 2628 διετέ-

2523 2667 2676 2720 λεσεν
2721 2666 2890 2730 αὐτός
2942 2683 3000 2720 τε
3047 2669 3142 2720 καὶ
3184 2669 3232 2721 oi
3279 2668 3392 2738 μετ’
3435 2666 3598 2720 αὐτὸν
3639 2666 3841 2736 ταύτην
3879 2667 4111 2736 ἄγοντες

2522 2759 2620 2830 τὴν
2659 2759 2870 2830 ἑορτήν.
2908 2758 3097 2813 Είσότε
3150 2759 3214 2829 δὴ
3261 2761 3354 2813 ἐπὶ
3394 2758 3597 2828 ταύτης
3642 2758 3744 2827 τῆς
3780 2758 4112 2828 ἡγεμονίας.

2523 2850 2666 2916 τινὲς
2691 2851 2800 2904 τῶν
2838 2851 2942 2905 ἀνὰ
2979 2850 3077 2922 τὴν
3120 2850 3359 2921 Φρυγίαν
3397 2849 3755 2905 Ναυατιανῶν
3794 2850 4114 2904 ἐπισκόπων

2527 2939 2866 3004 συνελθόντες
2901 2941 2959 2995 ἐν
3001 2941 3039 2993 Γ
3044 2940 3174 3006 ἀζου
3228 2939 3390 3013 κώμῃ
3440 2941 3574 3011 (15)⁶
3629 2939 3825 3012 χωρίον
3865 2939 3922 2992 δὲ
3967 2939 4113 3009 αὕτη

2525 3032 2772 3102 Φρυγῶν,
2823 3031 2943 3086 ὅθεν
3000 3032 3308 3104 Σαγγαρίου
3366 3030 3460 3085 τοῦ
3524 3031 3769 3102 ποταμοῦ
3824 3033 3878 3085 αί
3929 3033 4114 3102 πηγαὶ⁵

2531 3125 2710 3197 ῥέουσι
2729 3142 2744 3156 ο
2778 3125 2854 3189 ώς
2889 3125 3009 3179 οὐδὲ
3037 3125 3207 3197 ταύτῃ
3237 3127 3510 3178 κοινωνεῖν
3541 3124 3816 3190 ἀξιοῦντες
3851 3127 3959 3188 τοῖς
3992 3126 4107 3177 ἑτέ-

2535 3235 2640 3290 ρως
2668 3219 2850 3282 αὐτοῖς
2871 3217 3204 3283 δοξάζουσιν,
3229 3215 3357 3270 ἴδιον
3384 3215 3569 3269 ἔθεντο
3627 3216 3811 3288 νόμονο
3835 3215 3970 3269 ὥστε
4006 3217 4107 3286 τὴν

863 3319 948 3364 est
1005 3310 1060 3364 in
1110 3307 1385 3380 Phrygia,
1443 3309 1588 3364 unde
1648 3307 1896 3380 Sangarii
1946 3309 2186 3367 ﬂuminis
2249 3311 2426 3368 fontes
2460 3307 2498 3318 ’⁸
2529 3310 2621 3363 τῶι

2355 3323 2426 3368 Les
2460 3307 2498 3318 ’⁸
2529 3310 2638 3363 τῶν
2675 3309 2920 3381 ’Λζύμων
2944 3311 3220 3380 ἐπιτηρεῖν
3236 3308 3446 3379 ἑορτὴν,
3473 3308 3566 3362 καὶ
3587 3310 3684 3362 σὺν
3699 3310 3810 3372 τοῖς
3838 3308 4113 3372 Ἰουδαίοις

866 3407 1196 3469 erumpunt.
1235 3415 1359 3455 cum
1385 3415 1455 3455 ne
1495 3399 1595 3454 hac
1622 3401 1842 3470 quidem
1875 3401 1928 3454 in
1962 3411 2118 3472 parte
2147 3417 2273 3456 cum
2307 3404 2375 3459 iis
2398 3419 2430 3457 a

867 3491 1070 3560 quibus
1111 3491 1510 3546 dissentiebant
1548 3492 1959 3548 communicare
1993 3493 2216 3557 vellent.
2263 3510 2430 3566 pecu-

869 3583 1062 3638 liarem
1115 3581 1359 3652 regulam
1393 3585 1824 3650 constituerunt,
1873 3595 1931 3639 ut
1973 3588 2304 3658 Azymoruin
2355 3587 2432 3643 fe-

870 3683 1017 3729 stum
1069 3672 1124 3725 in
1187 3679 1470 3740 posterum
1525 3671 1907 3739 observarent,
1953 3683 2007 3729 et
2056 3690 2180 3730 eum
2228 3675 2435 3732 Judzeis

869 3765 1080 3820 Pascha
1139 3763 1505 3818 celebrarent.
1565 3761 1770 3818 Verum
1822 3765 1949 3820 huic
1993 3768 2201 3838 synodo
2258 3784 2437 3838 neque

871 3857 1092 3926 Agelius
1144 3854 1433 3919 interfuit,
1495 3853 1589 3924 qui
1644 3853 2074 3912 Novatianorum
2145 3861 2437 3931 episcopus

871 3957 986 4002 erat
1012 3945 1530 4016 Constantinopoli,
1558 3960 1738 4017 neque
1762 3947 1809 4002 is
1838 3947 1932 4016 qui
1965 3946 2182 4015 Νίσαια,
2216 3965 2314 4005 nec
2338 3951 2433 4019 qui

982 4121 1002 4152 ³
1025 4119 1182 4177 Socr.
1217 4119 1312 4176 lib.
1349 4135 1423 4186 tv,
1453 4133 1505 4174 c.
1542 4118 1635 4176 28.

2542 3402 2602 3455 τὸ
2625 3402 2816 3472 Πάσχα
2844 3401 3128 3454 ἐπιτελεῖν.
3146 3400 3260 3453 Οὐκ
3284 3399 3556 3453 ἐκοινώνει
3583 3399 3640 3453 δὲ
3671 3399 3846 3473 ταύτῃ
3895 3402 3960 3469 τῇ
3991 3416 4114 3451 συν-

2535 3493 2640 3565 όδῳ
2661 3491 2785 3546 οὔτε
2813 3491 3071 3560 Ἀγέλιος,
3089 3495 3117 3546 ὁ
3133 3494 3241 3544 τῶν
3259 3495 3316 3546 ὲν
3334 3493 3894 3545 Κωνσταντινουπόλει
3922 3492 4116 3543 Ναυα-

2536 3585 2732 3638 τιανῶν
2759 3587 3076 3648 ἐπίσκοπος,
3109 3583 3232 3637 οὔτε
3265 3587 3294 3638 ὁ
3316 3584 3572 3649 Νικαίας,
3606 3584 3691 3657 ἢὸ
3718 3584 4115 3655 Νικομηδείας.

2529 3677 2564 3747 ἢ
2598 3677 2627 3729 ὁ
2671 3676 2968 3730 Κοτυαείου
3027 3675 3167 3746 (14)’
3221 3674 3376 3738 πόλις
3433 3674 3490 3728 δὲ
3545 3674 3684 3747 αὕτη
3735 3675 3970 3746 Φρυγίας
4014 3677 4117 3728 ούκ

2531 3767 2768 3836 ἄσημος·
2806 3764 2899 3829 οὓς
2945 3765 3010 3837 δὴ
3059 3765 3282 3836 κυρίους
3311 3767 3405 3820 καὶ
3442 3765 3771 3834 κολοφῶνας,
3803 3767 3878 3830 ὡς
3915 3768 4113 3829 εἰπεῖν,

2533 3861 2582 3912 οἱ
2614 3858 2944 3912 Ναυατιανο“ι
2973 3857 3252 3928 νομίζουσι
3281 3857 3389 3910 τῶν
3419 3858 3545 3930 περὶ
3580 3859 3679 3930 τὴν
3725 3859 3928 3913 οἰκείαν
3962 3859 4117 3930 αἴρε-

2543 3967 2625 4003 σιν
2675 3950 2768 4002 καὶ
2809 3949 2908 4013 τὰς
2965 3948 3140 4002 αὐτῶν
3191 3947 3516 4020 Ἐκκλησίας
3565 3949 3966 4020 πραττομένων.
4020 3950 4118 4002 Ἐκ

2061 4273 2328 4330 VALESll
2364 4273 2916 4334 ANNOTATIONES.

950 4410 1057 4480 (l5)
1106 4408 1523 4481 'EJOdrtsgi'f
1546 4407 1737 4470 Γάζου
1761 4409 1943 4480 κώμῃ.
1980 4410 2136 4481 Apud
2163 4409 2442 4468 Socratem

879 4489 931 4534 et
964 4478 1351 4548 hicephorum
1404 4478 1525 4534 Pazi
1578 4481 1729 4535 vicus
1779 4478 1865 4534 hie
1912 4478 2140 4545 dicitur,
2194 4483 2336 4537 situs
2388 4484 2440 4535 in

878 4549 1218 4623 Phrygiaad
1262 4549 1582 4623 Sangarium
1611 4564 1863 4623 amnem.
1897 4550 2005 4623 Sed
2058 4567 2166 4606 non
2218 4566 2442 4623 possum

2550 4411 2774 4467 ketiano
2804 4416 3071 4486 scriptum
3102 4426 3186 4471 est
3227 4419 3542 4474 Κοτυαείου.
3595 4419 3685 4476 Sic
3719 4423 3860 4478 enim
3905 4424 4116 4481 dictum

2549 4491 2633 4556 e_st
2666 4484 2934 4552 oppiduni
2955 4488 3222 4556 Plirygize,
3251 4498 3390 4544 teste
3415 4490 3679 4546 Strabone
3708 4495 3761 4547 in
3803 4495 3940 4548 libro
3972 4497 4117 4550 duo-

2550 4552 3241 4635 decupc,‘etnﬁtephano,
3301 4567 3354 4635 et
3403 4563 3761 4635 (imistantino
3802 4562 4120 4635 l’orpliyro-

880 4619 1137 4704 assentiri
1188 4620 1444 4704 llaro‘n‘io,
1481 4621 1572 4689 qui
1609 4619 1756 4704 hqqc'
1783 4619 2121 4704 Pazbvicum
2151 4619 2444 4704 confundit
2548 4624 2771 4704 gcnnito
2801 4623 2854 4676 in
2890 4619 3251 4704 libro-primo
3294 4627 3369 4704 De
3394 4630 3729 4704 tltemotibus,
3756 4648 3873 4704 cap.
3903 4619 3956 4689 Ᾰ.
3987 4619 4120 4691 Ste—

878 4706 1002 4744 cum
1035 4687 1270 4758 Pepuza.
1327 4687 1513 4743 l’orro’
1538 4687 1883 4754 συνελθόντες
1915 4689 2018 4746 hoc
2074 4692 2195 4748 loco
2225 4692 2440 4747 restitui

879 4775 944 4813 ex
978 4757 1168 4813 codice
1195 4757 1514 4812 Fuketiano.

951 4831 1062 4900 (ιι)
1105 4829 1166 4882 '0
1207 4829 1552 4883 Κοτυλείου.
1587 4827 1770 4900 Longe
1802 4832 2008 4885 rectius
2037 4830 2092 4884 in
2124 4831 2311 4887 codice
2340 4831 2446 4886 Fu-

2551 4692 2764 4772 phauus
2813 4695 3026 4772 quidem
3063 4692 3386 4772 _'By1.a_ntins
3415 4692 3958 4772 Sttribit_t'egula'riter
4013 4707 4122 4761 hoc

2551 4763 2810 4831 oppidum
2843 4766 2950 4818 dici
2991 4763 3191 4822 debere
3213 4768 3468 4823 Cosaium
3501 4782 3556 4824 ut
3586 4763 3862 4828 Midaiunt.
3899 4773 4118 4830 Dictum

2559 4840 2644 4886 est
2677 4832 2826 4886 enim
2853 4849 2882 4886 a
2919 4835 3060 4891 Cosa
3111 4839 3380 4908 quodam.
3432 4839 3624 4895 Postea
3673 4858 3805 4897 vero
3855 4845 4069 4900 inserto
4097 4850 4122 4896 ῖ

2321 5011 2701 5074 VARIORUM.

881 5138 1102 5196 laudato
1127 5138 1338 5201 scribit,
1367 5139 1512 5194 hunc
1537 5139 1799 5194 Sabinum
1827 5156 1932 5193 non
1962 5139 2132 5194 videri
2160 5139 2437 5196 diversum

883 5227 913 5264 a
943 5208 1168 5279 Sabino.
1201 5224 1362 5279 quem
1422 5211 1478 5263 S.
1515 5208 1750 5263 Basilius
1784 5208 2011 5264 Romam
2055 5213 2122 5264 ad
2153 5210 2439 5266 Damasum

882 5280 1054 5334 misit.
1091 5278 1233 5345 Qua!
1253 5279 1569 5350 conjectura
1617 5296 1839 5350 prorsus
1867 5288 2052 5350 certa,
2080 5296 2205 5350 cum
2243 5280 2301 5335 S.
2347 5283 2444 5334 Ba-

883 5351 1040 5405 silius
1100 5351 1154 5403 in
1208 5352 1436 5419 epistola
1471 5349 1716 5412 275,7de
1743 5351 1942 5404 litteris
1973 5349 2036 5402 ad
2066 5349 2444 5406 Occidentales

884 5419 1189 5474 scribendis
1243 5424 1492 5488 loquens,
1540 5420 1683 5475 dicat
1715 5439 1728 5474 :
1762 5419 1872 5490 Ego
1918 5422 2362 5490 cuminriderim
2389 5425 2443 5472 in

885 5490 1484 5558 Sabinumidiaconum,
1520 5506 1621 5558 quo
1648 5489 1832 5544 nuntio
1865 5490 1966 5543 huc
1999 5489 2067 5541 ad
2113 5508 2204 5544 nos
2251 5492 2333 5545 illi
2363 5491 2446 5543 usi

884 5568 1027 5621 unt,
1059 5559 1127 5610 ad
1147 5557 1393 5630 lllyricgs
1414 5557 1620 5626 scripsi,
1654 5561 1721 5613 ad
1763 5561 1928 5614 Italus
1958 5570 2210 5628 prwterea
2239 5571 2286 5614 et
2320 5560 2448 5616 Gal-

884 5630 963 5682 le:
1002 5628 1290 5696 episcopcs.
1324 5628 1402 5683 Ex
1449 5645 1558 5700 quo
1590 5632 1770 5701 liquet
1821 5633 2088 5701 synodum
2145 5630 2445 5685 Romanam

884 5710 1010 5753 ante
1059 5715 1261 5753 annum
1292 5701 1417 5764 371,
1448 5699 1557 5771 quo
1588 5699 1818 5755 Basilius
1854 5699 2120 5755 Caesarea:
2159 5702 2448 5771 episcopus

884 5778 1152 5842 creatus.
1223 5779 1472 5824 coactam
1535 5787 1642 5825 non
1711 5771 1903 5827 fuisse.
1973 5771 2100 5827 Ant.
2164 5771 2328 5842 l’agi,
2381 5771 2446 5826 ad

882 5854 1010 5892 ann.
1042 5839 1165 5905 369,
1196 5857 1246 5892 ιι.
1273 5843 1325 5895 8.

2619 5159 2647 5232 _'
2701 5151 2890 5205 Ταῦτα
2946 5153 3269 5232 ,ϐραϐεύειν
3321 5157 3428 5232 τόν
3467 5159 3634 5232 ῥεόν.
3671 5158 3810 5215 Hinc
3851 5169 3935 5216 est
3966 5162 4120 5232 quod

2550 5218 2703 5292 salvo
2755 5237 2963 5277 canone
2990 5218 3301 5292 apostolico
3353 5230 3444 5284 80.
3483 5227 3544 5282 D.
3594 5231 3916 5286 Ambrosius
3945 5218 4120 5288 simul

2551 5297 2605 5343 et
2638 5290 2954 5360 baptizatus
2986 5290 3366 5373 et:_episc0p_us
3395 5297 3688 5373 ordinatus
3717 5309 3820 5373 est.
3857 5300 4120 5358 Prohibet

2550 5373 2767 5442 nempe
2796 5376 2976 5442 canon
3033 5365 3146 5442 ille,
3162 5365 3350 5442 ‘ne’is,
3394 5370 3482 5437 qui
3515 5385 3549 5422 a
3586 5371 3775 5438 gentili
3813 5373 3919 5426 vita
3950 5388 4121 5439 nuper

2552 5434 2788 5510 decessit.
2825 5441 2893 5510 _et
2950 5434 3127 5510 modo_
3156 5434 3460 5502 baptizatus
3503 5434 3604 5510 est;
3655 5441 3924 5510 episcopus
3970 5434 4121 5496 illico

2547 5500 2715 5580 ﬁeret.
2750 5498 3002 5580 Iniquum.
3045 5503 3181 5580 enim
3208 5498 3422 5580 esse,ut
3459 5509 3548 5578 qui
3572 5498 3657 5564 sui
3683 5498 3924 5565 'nond'um
3956 5527 4121 5580 expe-

2546 5570 2789 5661 rientiam
2821 5571 3242 5656 ostepderit,_sit
3275 5570 3504 5661 aliorum
3556 5582 3822 5661 magister,
3863 5583 3912 5661 εί
3949 5570 4123 5661 μὴ’πω

2546 5641 2684 5717 κατὰ
2705 5639 2854 5717 θεία-ν
2886 5642 3233 5717 χάριν-τουτο
3260 5647 3501 5717 γένηται,
3558 5639 3668 5703 nisi
3693 5639 3831 5717 forte
3877 5639 3972 5704 Ιιοὶ
4011 5639 4116 5704 ἰιι-

2546 5709 2666 5834 ista
2694 5713 2865 5781 gratia
2887 5709 3010 5782 ﬁat.
3040 5709 3574 5773 Atnbrosius'autem
3607 5709 3876 5778 divinitus
3906 5721 4120 5778 electus
