4452 6598
424 468 560 526 1857

1381 465 1702 522 HISTORIA
1749 464 2309 523 ECCLESIASTIGA.
2346 499 2403 511 -ο
2432 468 2558 524 LIB.
2595 468 2683 526 Vl.

3538 471 3676 525 i358

418 566 621 636 ταύτης
658 563 714 618 δὲ
746 563 843 634 τῆς
893 564 1090 626 αἰτίας.
1136 564 1281 626 ὅπως
1318 563 1410 615 καὶ
1451 554 1599 614 οὗτοι
1631 562 1711 625 είς
1740 561 2000 631 διαφορὰν
2028 566 2075 622 Α
2102 561 2176 616 Νίι

1913 565 2000 630 ραν
2028 566 2075 622 Α
2102 561 2453 623 Νἱςοηιοάιιε,
2489 577 2589 618 nec
2612 562 2705 633 qui
2733 561 2949 618 Cotuaii
2974 561 3350 633 episcopatum
3372 566 3671 634 gerebant:

419 658 775 727 κατέστησαν,
834 656 930 709 καὶ
986 657 1126 725 σφᾶς
1177 656 1373 718 αὐτοὺς
1426 654 1764 725 διατεμόντες
1829 654 1995 725 χωρὶς

417 748 796 818 ἐκκλησίαζον,
825 748 967 803 κατά
998 746 1189 819 καιρὸν
1219 746 1349 817 ἐρῶ.

2102 665 2187 710 est
2217 664 2400 711 autem
2433 657 2744 722 Cotuaiunt,
2791 652 3040 727 Phrygiae
3081 657 3214 712 urbs
3247 672 3358 711 non
3391 659 3671 728 ignobilis.

2103 746 2255 812 Quos
2301 758 2483 801 tamen
2525 742 2815 802 Novatiani
2848 750 2997 802 velut
3035 748 3276 803 arbitros
3306 763 3371 803 ac
3412 748 3667 804 modera-

416 848 566 895 tores
625 840 823 895 habent
864 853 1054 894 eorum
1127 853 1250 908 qua:
1307 836 1362 891 in
1402 835 1647 894 Ecclesia
1689 844 1745 893 et
1782 838 1837 891 in
1886 844 2035 893 secta
2075 837 2318 905 ipsorum
2357 847 2643 908 geruntur.
2710 836 2955 906 Qualiter
3000 855 3129 895 νειό
3179 841 3345 896 etiam
3399 842 3487 897 isti
3530 843 3673 897 hanc

416 933 487 985 ob
537 946 763 984 causam
818 930 964 986 inter
1007 946 1068 986 se
1114 930 1507 993 dissenserint,
1553 946 1723 1000 seque
1775 931 1925 996 ipsos
1970 945 1999 983 a
2041 929 2269 1000 reliquis
2294 932 2679 1001 praecidentes,
2723 935 3019 1003 separatim
3086 934 3350 990 collectas
3419 936 3670 990 celebra~

417 1026 617 1089 verint,
650 1025 828 1080 dicam
862 1038 965 1079 suo
997 1024 1264 1091 tempere.

1003 1114 1250 1166 ΚΕΦΑΛ.
1278 1112 1403 1166 κεν.

413 1207 550 1274 Περὶ
570 1206 688 1260 τῶν
718 1206 1154 1274 Ἀπολιναρίων,
1184 1204 1291 1259 τοῦ
1313 1206 1535 1273 πατρὸς
1562 1206 1662 1259 καὶ
1695 1206 1827 1260 υἱοῦ
1847 1223 1860 1235 ·
1894 1203 1987 1259 καὶ

482 1278 589 1331 τοῦ
634 1276 1039 1345 πρεσϐυτέρου
1094 1277 1479 1329 Bisaltia-09'
1534 1277 1630 1330 καί
1692 1276 1761 1329 ἐκ
1812 1276 1990 1341 ποίας

480 1347 762 1415 αΙρέσεως
811 1344 1150 1412 κινηθέντες
1195 1350 1278 1412 εὶς
1329 1346 1587 1414 αἱρέσεις
1646 1345 1982 1411 ἐξέκλιναν.

493 1440 582 1492 Ἐν
612 1439 783 1507 τούτῳ
812 1438 869 1491 δὲ
910 1439 989 1501 εἰς
1032 1439 1092 1492 τὸ
1135 1439 1407 1510 προφανὲς
1448 1440 1737 1510 προϊστατο
1780 1438 1990 1492 ’Δπολι-

409 1528 594 1601 νάριος
640 1530 738 1601 τῆς
782 1529 876 1582 ἀπ’
914 1531 1079 1584 αὐτοῦ
1118 1532 1525 1601 ὀνομαζομένης
1570 1531 1857 1603 αἱρέσεως
1895 1532 1988 1585 καὶ

412 1621 636 1683 πολλοὺς
674 1619 962 1690 ἀποτεμὼν
997 1621 1096 1691 τῆς
1128 1622 1456 1692 Ἐκκλησίας
1481 1623 1603 1676 καθ’
1641 1622 1832 1676 ἑαυτὸν
1866 1640 1988 1676 συν-

410 1715 528 1783 ῆγε.
566 1712 894 1768 Συνελᾶϐετο
925 1712 980 1768 δὲ
1008 1715 1156 1785 αὐτῷ
1202 1715 1339 1786 πρὸς
1388 1716 1485 1787 τὴν
1510 1715 1605 1772 τοῦ
1634 1718 1830 1769 οἰκείου
1857 1717 1985 1785 δὸγ.

412 1824 581 1875 ματος
619 1798 876 1859 σύστασιν
942 1806 1036 1858 καὶ
1083 1807 1328 1870 Βιτὰλιος
1381 1816 1428 1871 κ,
1460 1808 1827 1881 πρεσϐύτερος
1865 1810 1984 1862 Ἀν-

409 1898 619 1965 τιοχεὺς
655 1895 764 1950 τῶν
807 1896 910 1950 ὑπὸ
948 1898 1200 1950 Μελίτιον
1240 1898 1580 1969 ἱερωμένωνο
1611 1900 1771 1970 ἀνὴρ,
1809 1900 1858 1952 εί
1894 1901 1985 1952 καί

407 2004 490 2049 τις
516 1986 693 2049 ἄλλος,
729 1988 791 2040 ἐκ
830 1986 923 2040 τοῦ
978 1988 1093 2057 βίου
1140 1990 1232 2042 καὶ
1261 1991 1359 2059 τῆς
1384 1990 1658 2054 πολιτείας
1694 1989 1981 2062 ἐπιφανὴς,

407 2083 502 2134 καὶ
542 2081 671 2151 περὶ
710 2081 835 2143 τοὺς
878 2080 967 2132 ὑπ’
1003 2080 1164 2134 αὑτὸν
1211 2081 1509 2152 ἀγομένους
1552 2080 1856 2149 σπουδαῖος,
1890 2086 1985 2136 καὶ

405 2172 593 2226 τούτου
626 2173 786 2244 χάριν
818 2172 898 2242 τῷ
929 2172 1043 2243 λαῷ
1079 2173 1389 2243 σεϐάσμιος.
1415 2172 1549 2228 Μετ’
1590 2176 1649 2228 οὐ
1698 2175 1833 2229 πολὺ
1874 2177 1983 2246 γὰρ

404 2265 711 2335 ἀποσχίσας
754 2265 943 2319 ἑαυτὸν
992 2267 1093 2335 τῆς
1131 2265 1384 2321 Μελιτίου
1430 2267 1732 2332 κοινωνίας,
1772 2268 1985 2323 Ἀπολι-

406 2358 577 2428 ναρίῳ
612 2357 929 2428 προσέθετο·
966 2356 1197 2412 καὶτῶν
1236 2358 1306 2411 τὰ
1346 2357 1483 2413 αὐτὰ
1527 2358 1854 2424 δοξαζόντων
1890 2360 1984 2414 ἐπὶ

403 2450 501 2519 τῆς
544 2448 858 2519 Ἀντιοχέων
901 2450 1114 2519 ἡγεῖτοο
1150 2448 1287 2501 αἰδοῖ
1329 2451 1429 2518 τῆς
1473 2449 1636 2504 αὑτοῦ
1687 2450 1981 2513 πολιτείας,

408 2542 605 2613 πλῆθος
621 2542 721 2595 οὐκ
738 2541 916 2609 ὀλίγον
950 2539 1270 2610 πειθόμενον
1296 2540 1455 2611 ἔχων,
1490 2540 1538 2592 οἳ
1578 2542 1671 2594 καὶ
1701 2542 1793 2594 ἀπ’
1815 2542 1981 2596 αὑτοῦ

403 2633 501 2706 τὴν
552 2632 922 2706 προσηγορίαν
971 2632 1180 2702 ἔλαχον,
1223 2632 1528 2685 Βιταλιανοὶ
1573 2633 1723 2702 παρά
1777 2632 1979 2687 Ἀντιο-

403 2726 589 2799 χεῦσιν
633 2729 711 2789 είς
755 2724 836 2777 ἔτι
881 2723 974 2776 νῦν
1013 2723 1417 2793 ὀνομαζόμενοι.
1452 2722 1680 2790 Λέγεται
1727 2722 1786 2776 δὲ
1826 2722 1983 2775 τοῦτο

406 2819 595 2872 παθεῖν
626 2818 730 2872 ὑπὸ
770 2816 968 2887 λύπης,
999 2816 1074 2879 ὡς
1116 2815 1443 2885 ὑπεροφθεὶς
1486 2816 1632 2885 παρά
1660 2814 1977 2881 Φλασιανοῦ,

403 2906 461 2972 ὃς
491 2908 714 2979 ὕστερον
759 2907 1044 2978 ἐπετράπη
1089 2904 1180 2957 τὸν
1205 2906 1217 2925 ’
1241 2905 1541 2975 Αντιοχέων
1581 2904 1789 2976 θρόνον,
1841 2922 1979 2975 συμ-

404 2998 771 3070 πρεσδυτέρου
814 2997 935 3050 τότε
982 2996 1135 3058 ὄντος
1189 2995 1371 3065 αὐτῷ,
1418 2995 1681 3058 κωλυθεὶς
1737 2994 2003 3065 συνήθως·

407 3092 533 3143 ἰδεῖν
556 3090 647 3142 τὸν
684 3088 997 3142 ἐπίσκοπον.
1043 3086 1562 3158 Παρευδοκιμείσθαι
1588 3086 1697 3156 γὰρ
1732 3086 1978 3156 νομίσας,

2615 1111 2777 1181 250
2805 1109 2957 1166 CAP.
2998 1108 3160 1166 xxv.

2098 1201 2176 1256 De
2203 1203 2406 1257 duobus
2443 1203 2837 1272 Apollinaribus
2869 1214 3021 1271 patre
3051 1217 3099 1256 et
3135 1203 3267 1271 ﬁlio.
3312 1216 3360 1258 et
3398 1206 3461 1259 de
3497 1204 3667 1258 Vitale

2165 1274 2467 1355 presbytero
2498 1290 2515 1327 :
2542 1290 2645 1342 qua
2674 1276 2945 1329 oecasioue
2979 1275 3125 1340 moti,
3159 1275 3214 1327 in
3240 1275 3459 1329 Itwreses
3482 1276 3663 1342 prola—

2161 1358 2242 1411 ρει
2275 1354 2401 1397 sint.

2169 1431 2370 1487 Eodem
2424 1444 2667 1502 tempore
2738 1433 3074 1502 Apollinaris
3149 1434 3375 1489 haeresis
3426 1435 3495 1488 ab
3546 1433 3665 1504 ipso

2094 1522 2496 1591 cognominatae
2521 1522 2718 1578 ducem
2754 1523 2928 1591 palam
2967 1540 3024 1577 sc
3046 1524 3278 1593 prwbttit
3312 1524 3666 1592 :multosque

2093 1614 2164 1668 ab
2198 1612 2463 1669 Ecclesiae
2488 1628 2721 1684 corpore
2750 1613 3056 1678 abducens,
3098 1598 3346 1671 seorsum
3383 1616 3660 1685 collegit‘.

2094 1704 2267 1771 Quem
2304 1706 2528 1774 quidem
2572 1705 2627 1760 in
2658 1707 2991 1762 stabilienda
3035 1708 3229 1762 hzeresi
3273 1708 3483 1777 adjuvit
3510 1705 3663 1760 Vita-

2094 1798 2183 1857 lis,
2244 1797 2531 1868 presbyter
2576 1798 2956 1854 Antiuchcnus
3005 1816 3069 1854 ex
3121 1799 3319 1854 Meletii
3348 1801 3499 1854 clero
3532 1819 3545 1853 :
3581 1801 3662 1853 vir

2089 1904 2199 1957 prze
2249 1892 2463 1943 caeteris
2514 1889 2588 1943 ob
2647 1888 2777 1942 vita:
2836 1904 2901 1941 ac
2955 1888 3259 1958 disciplina:
3312 1888 3657 1942 severitatem

2086 1977 2338 2041 illustris,
2386 1986 2442 2031 et
2481 1978 2533 2031 in
2575 1979 2826 2048 regendis
2882 1978 2949 2031 iis
2979 1979 3181 2047 quibus
3214 1987 3446 2048 prmerat
3491 1980 3658 2033 scdu-

2089 2067 2194 2131 lus,
2226 2084 2399 2138 eaque
2420 2067 2494 2123 de
2523 2084 2693 2123 causa
2718 2070 2859 2139 plebi
2884 2069 3240 2124 venerabilis.
3271 2068 3465 2123 Verum
3496 2069 3659 2139 paqu

2087 2167 2242 2229 post,
2287 2176 2414 2214 cum
2448 2176 2509 2217 se
2559 2177 2588 2215 a
2628 2161 3014 2216 communione
3057 2159 3258 2216 Meletii
3292 2160 3652 2229 abjunxissct.

2083 2252 2389 2322 Apollinari
2420 2253 2651 2309 adhaesit
2683 2272 2696 2308 :
2732 2254 2910 2323 iisque
2938 2253 3031 2324 qui
3066 2253 3369 2307 Antiochia:
3403 2252 3653 2307 eamdem

2084 2346 2397 2414 opinionem
2435 2345 2791 2401 sectabantur
2828 2345 3067 2414 praefuit,
3111 2345 3181 2399 ob
3223 2345 3346 2398 vita:
3382 2359 3495 2398 suae
3530 2358 3657 2399 sau-

2082 2436 2401 2490 ctimoniatn
2441 2436 2589 2490 baud
2622 2451 2829 2506 paucos
2870 2435 3152 2491 auditores
3192 2436 3421 2498 habens,
3453 2436 3547 2506 qui
3584 2436 3654 2489 ab

2085 2529 2205 2598 ipso
2238 2535 2663 2599 cognomentum
2697 2528 2906 2590 sortiti,
2950 2526 3208 2581 Vitaliaui
3241 2528 3546 2581 etiamnum
3584 2527 3653 2579 ab

2083 2621 2552 2677 Antiochensibus
2592 2621 2958 2691 appellantur.
2992 2620 3109 2673 lluc
3136 2629 3317 2673 autent
3362 2620 3653 2689 prolapsus

2083 2730 2208 2769 esse
2245 2714 2450 2768 dicitur
2476 2730 2543 2769 cx
2587 2714 2890 2768 offensione
2934 2711 3130 2775 animi,
3177 2728 3243 2766 eo
3274 2712 3421 2782 quod
3459 2713 3653 2782 despe-

2088 2816 2215 2863 ctus
2284 2806 2481 2860 luisset
2540 2820 2569 2858 a
2620 2804 2917 2867 Flaviano,
2973 2815 3102 2858 tunc
3165 2804 3649 2875 comprcsbytero,

2083 2906 2273 2966 postea
2334 2912 2464 2950 vero
2525 2895 2913 2951 Antiochensis
2965 2894 3224 2949 Ecclesia:
3279 2896 3583 2966 episcopo:
3619 2912 3649 2949 a

2082 3003 2193 3058 quo
2241 2987 2555 3059 prohibitus
2602 2988 2780 3041 fuerat
2821 3002 2888 3041 ne
2920 2988 3241 3057 episcopum
3290 3002 3442 3042 more
3485 2988 3650 3042 solito

2082 3081 2311 3135 videret.
2375 3080 2664 3135 Contemni
2720 3080 2866 3133 enim
2921 3095 2980 3135 se
3032 3081 3369 3145 arbitratus,
3423 3081 3647 3134 humani

402 3181 737 3253 ἀνθρώπινον
781 3180 1023 3249 ὑπέστη·
1075 3178 1168 3231 καὶ
1216 3178 1349 3248 πρὸς
1390 3177 1757 3247 Ἀπολινάριον
1783 3176 1973 3240 ἐλθὼν,
2005 3186 2049 3244 c
2080 3189 2160 3242 qui

1888 3176 1973 3240 ὢν,
2005 3186 2049 3244 c
2080 3172 2362 3243 quidpiam
2388 3188 2581 3243 passus
2610 3181 2695 3227 est
2728 3190 2740 3225 :
2769 3181 2819 3226 et
2844 3173 2909 3225 ad
2935 3173 3307 3241 Apollinarem
3340 3182 3646 3242 transgres-

401 3275 745 3344 ἐκοινώνησε,
799 3275 894 3326 καὶ
947 3270 1097 3340 φίλον
1126 3270 1286 3326 αὐτὸν
1338 3265 1501 3339 εἶχεν.
1557 3271 1651 3323 Ἐκ
1689 3269 1876 3323 τούτου
1920 3270 1977 3323 δὲ

401 3369 495 3421 καὶ
532 3370 588 3420 ἐν
615 3367 803 3427 ἄλλαις
832 3364 1018 3417 πόλεσι
1046 3363 1211 3434 χωρὶς
1244 3360 1599 3431 ἐκκλησίαζον
1628 3361 1731 3414 ὑπὸ
1756 3361 1977 3414 ἐπισκό-

401 3476 522 3521 ποις
554 3458 719 3520 ίδίοις,
749 3456 841 3508 καὶ
872 3455 1090 3524 θεσμοῖς
1128 3453 1363 3525 ἐχρῶντο
1382 3452 1680 3523 ἀλλοτρίοις
1706 3452 1803 3521 τῆς
1840 3452 1976 3505 καθ-

406 3549 593 3618 ολικῆς
637 3546 975 3616 Ἐκκλησίας,
1038 3545 1186 3616 παρά
1238 3546 1335 3608 τάς
1381 3543 1771 3615 νενομισμένας
1821 3544 1975 3614 ίεράς

399 3640 560 3709 ᾠδὰς,
596 3639 845 3709 ἐμμετρά
872 3656 992 3690 τινα
1033 3637 1287 3708 μελύδρια
1315 3636 1625 3705 ψάλλοντες,
1659 3636 1790 3707 παρ’
1810 3634 1973 3690 αὑτοῦ

411 3728 778 3799 Ἀπολιναρίου
806 3729 1099 3799 εὑρημένα.
1129 3728 1271 3799 Πρὸς
1296 3728 1399 3797 γὰρ
1424 3729 1489 3797 τῇ
1519 3726 1650 3797 ἄλλῃ
1677 3725 1971 3786 παιδεύσει,

400 3823 494 3874 καὶ
520 3820 798 3891 ποιητικὸς
828 3820 922 3884 ὢν,
959 3821 1050 3872 καὶ
1085 3819 1440 3873 παντοδαπῶν
1477 3818 1686 3888 μέτρων
1711 3818 1969 3888 είδήμων,

399 3913 494 3965 καὶ
538 3915 647 3973 τοῖς
702 3911 945 3963 ἐντεῦθεν
988 3910 1260 3981 ἡδύσμασι
1313 3911 1438 3971 τοὺς
1487 3908 1710 3971 πολλοὺς
1756 3908 1972 3961 ἔπειθεν

397 4004 545 4074 αὐτῷ
577 4003 878 4073 προσέχειν.
913 4003 1134 4073 Ἄνδρες
1172 4020 1231 4055 τε
1257 4000 1407 4070 παρά
1432 4002 1556 4061 τοὺς
1576 4001 1771 4064 πότους
1794 4000 1887 4053 καὶ
1913 4002 1971 4053 ὲν

398 4098 596 4167 ἔργοις,
620 4098 712 4149 καὶ
737 4098 989 4163 γυναῖκες
1017 4095 1167 4165 παρά
1198 4098 1322 4156 τοὺς
1346 4094 1521 4155 ἱστοὺς
1542 4092 1611 4144 τὰ
1632 4092 1796 4145 αὐτοῦ
1832 4092 1968 4162 μέλη

396 4188 640 4255 ἔψαλλον.
666 4187 907 4254 Σπουδῆς
927 4187 1034 4255 γὰρ
1065 4186 1157 4238 καὶ
1189 4184 1443 4246 ἀνέσεως,
1496 4186 1590 4237 καὶ
1623 4184 1847 4253 ἑορτῶν,
1875 4184 1969 4237 καὶ

394 4280 501 4330 τῶν
540 4277 735 4341 ἄλλων,
765 4277 897 4347 πρὸς
932 4275 1022 4327 τὸν
1057 4274 1284 4327 ἑκάστου
1328 4273 1517 4342 καιρὸν
1555 4272 1791 4326 εἰδύλλια
1822 4271 1969 4341 αύτῷ

394 4370 685 4439 πεπόνητο,
716 4368 891 4421 πάντα
919 4369 998 4429 είς
1030 4366 1277 4434 εὐλογίαν
1311 4364 1446 4417 Θεοῦ
1478 4364 1741 4417 τείνοντα.
1766 4362 1967 4417 Μαθὼν

391 4457 484 4514 οὖν
513 4460 713 4530 ταύτην
745 4460 843 4529 τὴν
878 4459 1087 4526 αἵρεσιν
1134 4458 1213 4521 είς
1252 4455 1478 4519 πολλοὺς
1522 4454 1709 4526 ἕρπειν
1748 4454 1965 4526 πρῶτος

501 4640 513 4667 ¹
551 4634 707 4690 Socr.
745 4612 931 4697 abjn,
974 4647 1022 4686 ο.
1060 4634 1147 4686 46.

2081 3284 2219 3333 sus,
2287 3270 2610 3322 societatem
2668 3279 2720 3322 et
2782 3266 3077 3320 amicitiam
3146 3282 3271 3319 cum
3326 3282 3391 3321 co
3440 3266 3645 3335 junxit.

2077 3360 2291 3413 Abhinc
2332 3360 2385 3413 in
2420 3360 2545 3415 aliis
2576 3374 2799 3429 quoque
2824 3359 3144 3413 civitatibus
3174 3360 3470 3428 separatim
3512 3374 3644 3413 con-

2076 3460 2276 3507 ventus
2321 3467 2485 3521 agere
2528 3461 2816 3520 coeperunt
2858 3452 2963 3506 sub
2987 3454 3265 3522 episc0pis
3304 3468 3417 3507 sua:
3455 3463 3641 3514 sectae.

2075 3550 2131 3598 et
2170 3542 2371 3598 ritibus
2402 3544 2486 3597 usi
2517 3554 2649 3599 sunt
2702 3543 2772 3597 ab
2824 3542 3071 3599 Ecclesia
3104 3545 3374 3599 catholica
3401 3546 3597 3599 alienis
3626 3564 3639 3597 :

2077 3644 2277 3704 praeter
2305 3650 2498 3690 sacros
2532 3635 2765 3706 hymnos
2791 3636 2886 3705 qui
2920 3636 2975 3689 in
3012 3634 3255 3691 Ecclesia
3288 3636 3409 3690 cani
3440 3638 3638 3697 solent,

2074 3729 2290 3783 cantica
2323 3727 2570 3798 qumdam
2616 3728 2862 3783 numeris
2907 3727 3134 3783 astricta
3178 3728 3494 3798 psallentes,
3524 3746 3643 3798 qme

2072 3821 2143 3875 ab
2174 3821 2487 3889 Apollinare
2522 3828 2684 3874 erant
2717 3819 3049 3890 excogitata.
3081 3819 3326 3890 Namque
3359 3820 3475 3884 hic,
3504 3838 3643 3890 pra:-

2080 3917 2167 3963 ter
2224 3909 2495 3977 reliquam
2554 3908 2960 3973 eruditionem,
3015 3910 3258 3979 poetices
3304 3926 3528 3980 quoque
3588 3922 3644 3964 ct

2072 3998 2254 4053 omnis
2284 3998 2504 4069 generis
2537 4000 2845 4052 carminum
2887 4014 3112 4068 gnarus,
3148 4000 3335 4055 multis
3366 4002 3641 4071 ejusmodi

2069 4094 2476 4149 oblectamento
2501 4095 2697 4162 captis,
2736 4102 2794 4148 ut
2830 4095 2930 4164 ipsi
2958 4095 3301 4150 adhaarereut
3331 4097 3636 4166 persuasit,-

2071 4182 2306 4252 denique
2330 4183 2430 4235 viri
2465 4184 2518 4236 in
2566 4183 2857 4245 conviviis,
2889 4192 2944 4237 et
2988 4184 3116 4237 dum
3163 4198 3301 4253 opus
3364 4184 3634 4248 facerent,

2071 4272 2329 4327 mulieres
2356 4287 2485 4327 vero
2528 4273 2673 4327 inter
2693 4273 2987 4327 tesendum
3041 4273 3257 4328 cantica
3284 4273 3406 4343 ejus
3440 4274 3637 4345 psalle-

2070 4364 2221 4420 bant.
2257 4362 2468 4418 Etenim
2507 4378 2606 4433 pro
2657 4364 2844 4419 labore
2891 4374 3057 4434 atque
3100 4365 3238 4428 otio,
3296 4382 3394 4435 pro
3438 4367 3634 4421 diebus

2069 4453 2227 4510 festis
2256 4469 2320 4508 ac
2347 4454 2572 4523 reliquis
2598 4453 2878 4517 omnibus,
2912 4454 3099 4509 brevia
3130 4454 3376 4524 quasdam
3405 4460 3631 4526 campo;

1583 4785 1851 4839 VALESII
1890 4781 2442 4839 ANNOTATIONES.

390 4966 595 5019 dictum
624 4972 708 5018 est
729 4964 1006 5020 Cosiaium
1037 4982 1049 5017 :
1088 4964 1306 5018 tandem
1346 4969 1554 5016 mutata
1607 4962 1813 5023 littera,
1848 4960 1952 5015 (Ζο-
1983 4966 2026 5020 1)
2057 4977 2148 5029 περ

1871 4961 1952 5014 Σο·
1983 4966 2026 5020 1)
2057 4959 2185 5029 περὶ
2222 4957 2585 5029 παντοδαπῆς
2610 4957 2763 5026 ὕλης,
2809 4967 2864 5009 ιιι
2891 4958 3053 5029 refert
3084 4955 3393 5029 Stephanus
3424 4958 3629 5029 Byzan-

390 5038 605 5088 tiaium.
630 5034 694 5086 Et
720 5036 791 5087 ita
828 5034 1046 5101 quidem
1077 5031 1412 5101 Stephanus,
1439 5034 1531 5100 qui
1560 5051 1590 5086 υ
1620 5034 1673 5085 ἱιι
1707 5031 1950 5101 secunda

388 5106 596 5184 syllaba
622 5104 784 5171 hujus
815 5100 998 5184 oppidi
1024 5118 1134 5156 non
1156 5100 1436 5184 agnoscit.
1460 5102 1542 5183 ‘Ex
1575 5104 1677 5155 hoc
1705 5100 1951 5181 Phrygia:

388 5172 587 5243 oppido
617 5184 774 5228 ortus
818 5172 903 5228 est
927 5172 1234 5226 Alexander
1269 5173 1502 5243 insignis
1535 5173 1948 5240 grammaticus,

387 5243 727 5311 Asclepiadis
768 5244 934 5304 illius,
976 5244 1070 5311 qui
1096 5243 1165 5295 de
1194 5244 1364 5296 variis
1401 5243 1737 5311 argumentis
1776 5242 1948 5293 libros

387 5261 727 5313 Δδειιιριεοιδ
768 5261 934 5304 ιιιιιιε,
976 5261 1070 5311 (ιιιι
1096 5261 1165 5295 (ιιι
1194 5261 1364 5296 νειτιιε
1401 5261 1737 5311 argumentis
1777 5261 1947 5293 ΙΙυΓΟδ

386 5314 749 5384 quadraginta
766 5314 904 5368 duos
930 5312 1265 5383 conscripsit
1293 5314 1392 5367 hoc
1413 5314 1566 5366 titulo
1593 5321 1947 5381 praenotatos,

2059 5026 2188 5083 tius.
2223 5026 2281 5080 In
2313 5029 2434 5095 ejus
2465 5027 2679 5081 laudem
2708 5028 2974 5081 Aristides
3002 5026 3317 5082 Orationem
3348 5026 3624 5083 funehrm.

2058 5099 2302 5167 scripsit,
2356 5112 2479 5167 qua;
2533 5097 2692 5151 hodie
2717 5106 2895 5152 exstat
2940 5112 3063 5150 cum
3098 5100 3328 5166 epistola
3381 5099 3623 5166 ejusetcn.

2058 5164 2316 5222 Aristidis
2346 5164 2410 5219 ad
2448 5164 2708 5238 Senatum
2727 5176 2779 5220 et
2805 5168 3061 5238 populum
3088 5164 3501 5238 Gotyaensium.
3534 5167 3627 5221 Ti-

2054 5240 2205 5309 tulus
2247 5239 2497 5309 epistolae
2525 5237 2613 5309 hic
2644 5248 2765 5309 est:
2825 5237 3157 5309 Ἀριστείδης
3201 5237 3268 5309 τῇ
3324 5237 3486 5309 βουλῇ
3535 5240 3628 5292 καὶ

2052 5307 2133 5378 τῷ
2152 5307 2308 5378 δήμῳ
2328 5306 2616 5360 Κοτυαέων
2642 5308 2871 5378 χαίρειν.

1822 5485 2187 5542 νΑιιιοιιυιι

457 5672 485 5701 ι
535 5664 827 5729 Βιτάλιος.
867 5665 988 5717 Ἐπὶ
1035 5664 1133 5733 τῆς
1200 5663 1515 5732 Ἀντιοχέων
1565 5662 1845 5732 γενόμενοι
1896 5692 1953 5700 -

386 5732 521 5788 Cum
585 5751 814 5788 essemus
880 5735 1192 5795 Antiochiae,
1259 5735 1315 5784 in
1377 5735 1663 5800 primarios
1735 5734 1950 5785 illorum

386 5802 844 5876 [Dunmritarum]
886 5805 1188 5876 incidimus,
1230 5804 1395 5876 iuter_
1422 5820 1549 5871 quos
1591 5813 1727 5876 erat
1764 5802 1953 5876 Vitatis

384 5874 676 5942 eoiscopus.
700 5874 849 5928 homo
873 5877 997 5940 vita,
1021 5874 1275 5939 moribus,
1298 5884 1345 5928 et
1380 5874 1623 5929 instituto
1654 5874 1945 5946 religiosis-

2059 5664 2245 5716 simus.
2276 5662 2353 5714 Ac
2403 5677 2522 5714 cum
2552 5676 2860 5731 magnopere
2913 5662 3067 5715 illum
3119 5662 3544 5727 adhortarentur,
3576 5676 3624 5717 et

2064 5744 2306 5785 auctores
2355 5746 2619 5803 essemus,
2651 5741 2709 5785 ut
2764 5750 2883 5788 cum
2922 5732 3172 5787 Ecclesiae
3214 5734 3488 5787 catholicae
3520 5736 3624 5803 ﬁde

2060 5804 2532 5875 consentirenctc.
2584 5802 2924 5875 Epiphanius
2976 5804 3029 5861 in
3060 5805 3252 5859 hzeresl
3307 5802 3615 5859 llimoerita-

2053 5890 2193 5940 rum,
2226 5890 2344 5945 pag.
2375 5873 2528 5927 10M.
