4452 6598
384 481 510 538 ΒΜ

1302 469 1625 527 HISTORIA
1665 462 2212 522 ECCLESIASTICA.
2253 495 2322 503 —
2360 464 2486 518 LIB.
2531 461 2614 517 VI.

3486 462 3620 519 1562

378 603 601 673 γνώμην
634 600 865 668 ἔνειμεν.
913 594 1270 661 Ἀπολιναρίω
1313 593 1371 646 δὲ
1418 593 1585 661 ἄμφω
1626 590 1725 661 τὴν
1772 590 1949 660 ἁμαρ·
1977 586 2136 655 Aeju

1863 605 1949 660 ιρ-
1977 586 2319 655 Aejusmodi
2362 586 2592 657 hymnos
2636 584 2850 654 publice
2893 582 3163 646 recitant,
3212 588 3439 636 cunctos
3496 596 3621 650 pro-

376 694 497 746 τίαν
542 689 776 760 δημοσίᾳ
829 685 1073 753 ἐλέγξας,
1120 685 1218 753 τῆς
1264 682 1589 753 Ἐκκλησίας
1637 680 1946 752 ἀφώρισενο

378 782 547 852 ἤστην
573 779 682 848 γὰρ
725 774 987 846 κληρικώ·
1034 778 1064 828 ὁ
1107 774 1204 844 μὲν
1248 774 1428 844 πατὴρ
1466 772 1866 844 πρεσϐύτερος,
1920 772 1950 824 ὁ

374 868 435 920 δὲ
494 869 624 928 παῖς
677 861 1029 932 ἁναγνὼστης
1066 860 1146 914 ἔτι
1189 860 1300 913 τῶν
1338 860 1499 931 ἱερῶν
1526 861 1776 931 Γραφῶν.
1808 860 1949 929 Χρό·

374 972 470 1008 νου
497 954 554 1007 δέ
579 970 721 1017 τινος
750 951 1128 1019 διαγενομένου
1174 952 1232 1003 ἐν
1265 950 1494 1023 δάκρυσι
1537 952 1630 1004 καὶ
1682 950 1954 1020 νηστείαις

380 1040 614 1105 ἐπαξίως
659 1042 760 1110 τῆς
809 1038 1083 1110 ἁμαρτίας
1132 1038 1604 1109 μεταμεληθέντας
1672 1039 1953 1109 προσίεται

380 1126 540 1180 πάλιν
570 1126 839 1188 Θεόδοτος.
888 1126 975 1189 Ὠς
1009 1125 1066 1178 δὲ
1106 1126 1205 1195 τὴν
1251 1125 1419 1197 αὐτὴν
1456 1128 1756 1199 ἐπισκοπὴν
1795 1127 1954 1198 ἔλαχε

378 1218 669 1287 Γεώργιος,
717 1219 812 1272 καὶ
861 1218 894 1288 ἡ
938 1217 1071 1290 πρὸς
1104 1218 1418 1272 Ἀθανάσιον
1458 1221 1711 1274 συνουσία
1737 1222 1956 1290 γέγονεν

393 1309 767 1380 Ἀπολιναρίῳ,
799 1308 874 1371 ὡς
921 1309 1163 1379 εἴρηται,
1215 1309 1574 1383 ἀκοινώνητον
1623 1312 1786 1365 αὑτὸν
1828 1312 1957 1365 ἀπο-

383 1402 561 1471 φαίνει
613 1399 833 1469 καὶτῆς
857 1398 1184 1469 Ἐκκλησίας
1212 1400 1505 1471 ἀλλότριον.
1546 1403 1608 1455 '0
1642 1402 1699 1454 δὲ
1740 1402 1955 1471 λέγεται

382 1494 483 1564 μὲν
525 1490 783 1552 πολλάκις
838 1490 1001 1543 αύτοῦ
1058 1490 1312 1561 δεηθῆναι
1359 1492 1458 1563 τὴν
1500 1492 1780 1545 κοινωνίαν
1822 1494 1957 1546 ἀποο

380 1588 585 1666 λαϐεῖν.
627 1586 715 1649 Ὠς
741 1586 798 1639 δὲ
827 1587 925 1638 οὐκ
963 1585 1167 1649 ἔπειθε,
1209 1585 1353 1657 λύπῃ
1397 1587 1690 1657 κρατηθεὶς
1728 1586 1956 1659 ἐτάραξε

377 1678 477 1750 τὴν
508 1676 854 1747 Ἐκκλησίαν,
885 1677 979 1729 καὶ
1008 1674 1292 1746 δογμάτων
1338 1675 1633 1747 καινότητα
1675 1677 1776 1748 τὴν
1804 1681 1955 1750 εἰρη-

383 1768 550 1838 μένην
578 1767 789 1837 αἵρεσιν
827 1767 1137 1835 είσήγαγεν,
1174 1766 1312 1835 ὅπερ
1338 1765 1569 1835 ἠδύνατο
1602 1765 1739 1837 (18),
1764 1768 1951 1840 τέχνῃ,

2058 679 2216 734 fauos
2282 677 2530 733 homines
2586 690 2686 731 nec
2747 674 2921 731 sacris
2970 672 3080 727 illis
3146 671 3390 726 initiatos
3469 670 3617 723 foras

2055 774 2206 827 abire
2234 771 2516 840 jussisset.
2549 785 2649 825 nec
2672 768 2863 839 junior
2890 765 3243 838 Apollinaris,
3281 779 3379 819 nec
3410 764 3619 827 senior,

2056 878 2160 918 nec
2208 864 2352 918 ttllus
2407 862 2633 917 omnino
2693 876 2760 916 ex
2812 858 3141 913 Christianis
3208 858 3301 924 qui
3369 856 3616 919 aderant,

2055 954 2308 1010 discessit
2327 969 2391 1009 ex
2422 953 2716 1007 auditorio.
2741 950 2794 1003 Id
2824 965 2947 1003 eum
2975 947 3288 1003 rescivisset
3308 945 3619 1000 Theodotus

2056 1045 2365 1115 episcopus,
2397 1043 2638 1114 graviter
2666 1050 2973 1095 commotus
2995 1046 3100 1092 est.
3130 1036 3211 1091 Ac
3233 1035 3467 1105 reliquis
3497 1034 3620 1102 qui-

2056 1139 2178 1190 dem
2220 1136 2314 1205 qui
2350 1150 2415 1190 ex
2442 1133 2600 1203 plebe
2641 1139 2819 1196 erant,
2849 1130 3041 1183 leviter
3078 1126 3379 1198 objurgalis
3409 1125 3619 1179 veniam

2055 1222 2363 1285 concessit;
2413 1228 2708 1288 utrumque
2758 1228 2944 1272 autent
2989 1216 3358 1285 Apollinarem
3407 1213 3623 1283 publice

2056 1312 2366 1367 convictum
2437 1310 2682 1367 Ecclesia
2732 1309 2917 1378 ejecit.
2966 1307 3135 1361 Erant
3181 1307 3326 1361 enim
3381 1306 3619 1359 clerici:

2061 1412 2213 1473 pater
2234 1402 2455 1473 quidem
2477 1402 2782 1472 presbyter,
2811 1399 2952 1453 lilius
2984 1414 3112 1453 vero
3143 1399 3315 1453 lector
3340 1411 3621 1452 sacrarum

2061 1495 2492 1565 Scripturarum.
2525 1494 2820 1562 Aliquanto
2846 1500 2969 1561 post
2991 1499 3239 1559 tempore
3262 1488 3473 1557 elapso,
3498 1502 3622 1542 cum

2059 1586 2113 1639 in
2157 1584 2415 1656 lacrymis
2443 1598 2509 1638 ac
2547 1582 2775 1652 jejuniis
2833 1581 3212 1652 paniteutiam
3268 1578 3469 1633 delicto
3522 1590 3624 1630 suo

2056 1684 2443 1747 congruentem
2473 1676 2735 1744 egissent,
2763 1670 3079 1728 Theodotus
3100 1685 3198 1725 eos
3226 1668 3407 1723 denuo
3438 1680 3625 1723 susce-

2057 1768 2157 1836 pit.
2204 1765 2306 1821 Ubi
2340 1780 2473 1821 vero
2495 1764 2764 1835 Georgius
2791 1763 3171 1834 episcopatum
3209 1760 3360 1814 iHum
3395 1756 3626 1813 sortitus

379 1860 545 1930 φημὶ,
580 1859 752 1927 λόγων
786 1858 876 1911 τὸν
907 1857 1099 1928 ἐχθρὸν
1132 1858 1489 1927 ἀμυνόμενος,
1530 1858 1624 1913 καὶ
1666 1858 1957 1931 διελέγχων
1994 1930 1997 1931 ν
2056 1868 2137 1914 est

1868 1879 1957 1931 ξων
1994 1930 1997 1931 ν
2056 1868 2161 1918 est.
2190 1867 2244 1914 et
2273 1857 2630 1928 Apollinaris,
2662 1862 2723 1910 ut
2744 1855 2861 1925 jam
2898 1853 3038 1915 dixi,
3078 1866 3441 1921 congressum
3473 1848 3626 1901 illum

373 1949 455 2011 ὡς
500 1950 558 2000 ἐν
601 1946 917 2017 διδασκαλίᾳ
967 1944 1127 2017 ιερῶν
1166 1946 1451 2016 δογμάτων
1489 1947 1550 2001 ού
1581 1948 1819 2013 τοιοῦτος
1850 1930 1949 2015 ὧν,
1988 1930 2030 1986 Β
2061 1949 2127 2001 ha

1867 1930 1949 2015 ὧν,
1988 1930 2030 1986 Β
2061 1949 2247 2002 habuit
2284 1962 2413 2001 eum
2448 1945 2774 2007 Athanasio,
2813 1959 2843 1997 a
2871 1940 3261 1997 communione
3286 1955 3410 1994 eum
3440 1938 3625 1991 exclu-

377 2039 469 2092 τὸν
499 2038 707 2109 ἀμείνω
753 2037 1020 2092 καθεῖλεν.
1067 2037 1223 2091 Οὕτω
1278 2055 1354 2107 πη
1392 2040 1446 2091 αῖ
1481 2039 1609 2092 ῐδιαι
1634 2039 1822 2112 ἔχθραι
1845 2041 1955 2094 τῶν

376 2128 519 2183 κατά
539 2129 761 2199 καιροὺς
811 2126 1086 2198 κληρικῶν
1128 2126 1197 2180 τὰ
1238 2127 1470 2197 μέγιστα
1499 2126 1598 2198 τὴν
1626 2127 1953 2198 Ἐκκλησίαν

379 2219 642 2288 ἐσλαψαν,
673 2218 767 2273 καὶ
791 2218 890 2291 τὴν
922 2217 1217 2289 θρησκείαν
1239 2219 1320 2280 εἰς
1341 2217 1540 2281 πολλάς
1561 2219 1798 2289 αἱρέσεις
1823 2236 1951 2271 κατ-

379 2311 590 2379 έτεμον.
626 2309 935 2380 Τεκμήριον
964 2309 1021 2361 δὲ
1051 2308 1235 2361 τοῦτο·
1266 2310 1314 2362 εί
1352 2308 1461 2380 γὰρ
1494 2309 1691 2379 ὁμοίως
1720 2309 1956 2380 Θεοδότῳ

376 2401 475 2455 καὶ
518 2399 787 2471 Γεώργιος
833 2399 1277 2471 μεταμεληθέντα
1309 2400 1679 2471 Ἀπολινάριον
1716 2400 1954 2466 ἐδέξατο,

376 2495 482 2547 οὐκ
511 2491 599 2557 ἂν,
623 2488 799 2563 οἶμαι,
832 2495 864 2563 ἡ
890 2493 983 2545 ἀπ’
1011 2492 1175 2546 αὑτοῦ
1200 2493 1503 2564 καλουμένη
1530 2496 1737 2565 αἵρεσις
1776 2491 1860 2567 ἦν.
1898 2499 1963 2551 Ἦ

377 2584 489 2653 γὰρ
530 2582 842 2653 ἀνθρωπεία
882 2582 1062 2653 φύσις,
1102 2584 1588 2655 ὑπερφρονουμένη
1620 2585 1739 2656 μὲν,
1786 2588 1964 2641 ἀπαυ-

2058 2041 2131 2093 sit
2167 2039 2455 2107 Georgius,
2494 2043 2549 2091 et
2578 2035 2815 2089 alienum
2855 2034 2922 2088 ab
2952 2032 3198 2087 Ecclesia
3230 2028 3625 2101 pronuntiavit.

2060 2131 2127 2184 Et
2163 2127 2501 2200 Apollinaris
2546 2124 2765 2195 quidem
2809 2136 3187 2194 saepenumero
3230 2134 3359 2175 eum
3405 2131 3629 2187 rogasse

2059 2222 2283 2285 dicitur,
2317 2230 2379 2275 ut
2404 2220 2460 2273 in
2487 2216 2933 2273 communionem
2962 2213 3317 2282 reciperetur.
3362 2207 3471 2262 Sed
3502 2221 3627 2261 cum

2060 2330 2184 2369 eum
2235 2312 2453 2369 ﬂectere
2488 2326 2597 2364 non
2639 2315 2843 2379 posset.
2874 2305 3037 2375 252
3080 2304 3273 2359 dolore
3314 2307 3626 2370 superatus.

2062 2403 2360 2459 Ecelesiam
2380 2401 2627 2463 turbare,
2657 2404 2712 2453 et
2745 2394 3061 2464 dogmatum
3091 2390 3403 2449 novitatem,
3438 2399 3629 2454 supra-

2061 2495 2268 2550 dictam
2304 2492 2559 2547 videlicet
2607 2490 2884 2549 haeresim,
2917 2484 3178 2539 inducere
3197 2493 3488 2552 aggressus
3507 2484 3626 2532 est:

2056 2601 2124 2641 ea
2180 2593 2300 2639 arte
2350 2598 2456 2655 qua
2496 2582 2794 2652 plurimum
2844 2576 3097 2639 valebat,
3141 2570 3361 2628 dicendi
3421 2567 3630 2624 scilicet

376 2672 690 2735 θαδιάζεται
710 2674 845 2744 (I9),
874 2674 968 2727 καὶ
992 2675 1072 2736 είς
1094 2674 1423 2742 φιλονεικίαν
1451 2676 1544 2728 καὶ
1567 2679 1963 2748 νεωτερισμοὺς
2062 2676 2134 2731 fat

1870 2679 1963 2743 οὺς
2062 2676 2351 2737 facultate,
2396 2674 2678 2729 inimicum
2718 2669 3025 2733 ulciscens,
3064 2677 3120 2721 et
3169 2662 3315 2735 quod
3356 2659 3626 2715 hominem

380 2761 732 2816 καθίσταταιο
767 2762 1110 2816 ἀπολαύουσα
1131 2762 1189 2817 δέ
1213 2763 1322 2817 τῶν
1343 2763 1493 2832 ίσων,
1519 2765 1831 2836 μετριάζειν
1866 2767 1960 2821 καὶ
2059 2768 2117 2823 in

1866 2767 1960 2821 καὶ
2059 2768 2117 2823 in
2162 2782 2446 2824 sacrarum
2511 2764 2843 2819 Litterarum
2898 2760 3147 2815 doctrina
3191 2755 3622 2828 praestantiorem

380 2852 474 2905 ἐπὶ
506 2852 614 2905 τῶν
640 2854 819 2907 αὐτῶν
848 2854 1028 2925 μένειν
1055 2854 1215 2923 φιλεῖ.
2065 2858 2138 2928 ips

2065 2858 2183 2928 ipse
2216 2856 2444 2912 inferior
2472 2854 2847 2924 deposuisset,
2882 2852 3237 2921 redarguens.
3290 2847 3367 2900 lta
3408 2844 3629 2916 privata:

383 2946 525 3000 inter
547 2945 1089 3002 clericosinimicitiae
1122 2947 1420 3003 Ecclesiam
1467 2948 1703 3005 subinde
1757 2950 1998 3006 maximo
2069 2950 2396 3005 detrimento
2436 2949 2763 3010 allecerunt,
2812 2954 2865 2999 et
2903 2944 3267 2999 Christianam
3313 2940 3629 3009 religionem

381 3037 564 3093 varias
602 3038 658 3091 in
698 3045 879 3095 sectas
922 3039 1284 3096 disciderunt.
1322 3041 1494 3111 Cujus
1526 3044 1605 3097 rei
1654 3053 2035 3115 argumentum
2102 3044 2229 3099 hinc
2302 3046 2544 3113 suppetit
2588 3063 2601 3098 :
2643 3041 2777 3096 Nam
2855 3040 2903 3095 si
2951 3036 3220 3109 Georgius
3268 3036 3620 3106 paenitentem

381 3129 715 3199 suscepisset
763 3130 1152 3200 Apollinarem,
1206 3134 1431 3201 perinde
1483 3149 1549 3189 ac
1596 3134 1935 3201 Theodotus,
1973 3134 2197 3190 haeresis
2236 3135 2327 3189 illa
2366 3150 2490 3204 quae
2535 3135 2602 3188 ab
2640 3133 2763 3203 ejus
2832 3132 3055 3186 nomine
3104 3135 3417 3197 nuncupata
3486 3132 3604 3188 est,

379 3218 543 3273 hodie
595 3228 654 3274 ut
709 3222 906 3290 opinor
958 3239 1067 3278 non
1121 3231 1383 3279 exstaret.
1432 3225 1637 3281 Natura
1705 3229 1853 3283 enim
1908 3228 1985 3282 ita
2049 3228 2350 3296 comparati
2379 3240 2509 3284 sunt
2543 3229 2816 3294 homines,
2843 3234 2903 3280 ut
2944 3225 3186 3294 despecti
3217 3221 3435 3293 quidem
3472 3219 3615 3272 insoo

382 3310 612 3373 lescant,
634 3318 690 3365 et
713 3312 1048 3367 contentioni
1077 3328 1142 3367 ac
1161 3316 1327 3371 rebus
1352 3316 1510 3371 novis
1536 3319 1824 3373 studeant:
1854 3319 1944 3374 ubi
1984 3331 2113 3372 vero
2139 3332 2353 3385 aequum
2381 3319 2562 3389 adepti
2595 3325 2744 3382 sunt,
2788 3314 3068 3369 moderate
3095 3327 3155 3368 se
3180 3318 3371 3383 gerant
3431 3315 3486 3364 et
3550 3307 3605 3361 'n'

377 3401 572 3456 eodem
593 3408 741 3457 statu
769 3416 1148 3473 permaneant.

946 3498 1194 3552 ΚΕΦΑΛ.
1248 3500 1393 3567 xcr.

381 3584 831 3654 1.ἐρίΕὐνομίου
851 3588 948 3640 καὶ
972 3588 1079 3642 τοῦ
1099 3588 1468 3645 διδασκάλου
1488 3594 1675 3648 αὐτοῦ
1695 3596 1921 3651 Ἀετίου
1938 3615 1953 3628 ·

452 3653 651 3730 καὶ-τὰ
686 3653 814 3730 καῖ’
836 3658 1078 3730 αὐτοὺς,
1106 3659 1204 3712 καί
1232 3662 1291 3730 τί
1315 3660 1708 3730 ἐδογμάτιζον,
1740 3666 1841 3720 καὶ
1870 3668 1959 3722 ὅτι

452 3722 668 3790 πρῶτοι
716 3721 892 3801 οὗτοιΔ
916 3721 1063 3793 μίαν
1105 3721 1576 3786 κατάδυσιῖἐπὶ
1602 3721 1721 3790 ’τοῦ
1741 3721 1960 3801 ﬁdunt;

452 3809 680 3861 σματος
709 3796 1075 3864 ἐπενόησαν.

465 3885 631 3955 Ἀμφὶ
678 3886 735 3939 δὲ
786 3888 973 3942 τοῦτον
1016 3888 1108 3943 τὸν
1160 3890 1350 3962 χρόνον
1399 3894 1681 3965 Εὐνόμιος,
1730 3898 1788 3961 ὃς
1837 3899 1961 3952 ἀντὶ

396 3972 666 4026 Ἑλευσίου
710 3974 809 4045 τὴν
854 3979 912 4029 ὲν
968 3978 1191 4049 Κυζίκῳ
1224 3979 1547 4052 Ἐκκλησίαν
1592 3989 1830 4056 κατεῖχε,
1861 3989 1961 4059 τῆς

396 4062 603 4131 Ἀρείου
653 4065 918 4135 αἱρέσεως
960 4068 1375 4139 προϊστάμενος,
1416 4072 1610 4141 ἑτέραν
1652 4075 1802 4145 παρὰ
1836 4077 1963 4129 ταύ-

381 4169 479 4223 την
509 4155 869 4226 εἰσηγήσατο·
928 4157 996 4228 ἢν
1027 4160 1075 4211 οἱ
1108 4160 1205 4229 μὲν
1240 4160 1334 4213 ἀπ’
1376 4164 1538 4216 αὑτοῦ
1574 4166 1925 4236 ὀνομάζουσιν
1945 4207 1960 4232 ,

378 4243 432 4294 oi.
478 4242 534 4295 δὲ
592 4243 690 4314 τὴν
737 4245 847 4298 τῶν
881 4246 1171 4318 Ἀνομοίων
1219 4250 1463 4304 καλοῦσι.
1508 4255 1644 4308 Φασὶ
1688 4255 1744 4307 δέ
1792 4274 1957 4321 τινες,

382 4332 598 4404 πρῶτον
630 4331 816 4388 τοῦτον
853 4336 1114 4407 Εὐνόμιον
1151 4339 1419 4409 τολμῆσαι
1455 4344 1874 4412 εἰσηγήσασθαι,
1903 4349 1961 4399 ἐν

384 4425 488 4495 μιᾷ
524 4424 810 4478 καταδύσει
847 4426 1042 4497 χρῆναι
1072 4430 1336 4483 ἐπιτελεῖν
1369 4432 1465 4502 τὴν
1496 4434 1645 4487 θείαν
1683 4434 1961 4504 βάπτισιν,

385 4515 479 4567 καὶ
528 4518 912 4587 παραχαράξαι
966 4518 1064 4590 τὴν
1116 4522 1224 4574 ἀπὸ
1279 4523 1387 4575 τῶν
1425 4525 1734 4579 ἀποστόλων
1792 4529 1963 4583 είσέτι

384 4607 480 4661 νῦν
506 4609 565 4661 ἐν
590 4609 724 4666 πᾶσι
770 4609 1176 4682 φυλαττομένην
1219 4614 1536 4685 παράδοσιν,
1577 4618 1671 4671 καὶ
1720 4619 1798 4683 ὡς
1834 4619 1958 4672 ἐπί-

387 4714 524 4759 παν,
584 4698 777 4768 ἐτέραν
826 4698 949 4751 τινὰ
996 4700 1098 4771 τῆς
1140 4701 1302 4755 αὑτοῦ
1336 4703 1663 4776 Ἐκκλησίας
1721 4708 1962 4781 ἐξευρεῖν

385 4789 628 4862 ἀγωγὴν,
659 4792 945 4864 σεμνότητι
987 4795 1081 4847 καὶ
1109 4795 1363 4868 ἀκριϐείᾳ
1403 4797 1608 4853 πλείονι
1644 4799 1743 4871 τὴν
1779 4802 1962 4856 καινό-

2648 3496 2801 3551 CAP.
2843 3493 3032 3548 XXVI.

2061 3600 2137 3655 De
2174 3596 2453 3658 Eunomia,
2489 3592 2624 3646 etde
2656 3590 2911 3657 magistro
2938 3588 3052 3654 ejus
3092 3584 3263 3639 Actio.
3300 3583 3429 3658 Qua}
3470 3583 3628 3658 fuerit

2130 3670 2405 3736 atriusque
2442 3653 2592 3736 inita,
2631 3671 2681 3713 et
2730 3653 2845 3726 qua!
2881 3653 3163 3736 dogmata,
3195 3665 3245 3707 et
3288 3654 3425 3735 quod
3471 3653 3629 3722 primi

2132 3725 2343 3792 unicam
2367 3737 2420 3788 in
2450 3733 2709 3801 baptismo
2734 3725 3042 3783 mersionem
3072 3725 3400 3779 iuduxeriut.

2132 3893 2333 3948 Eodem
2363 3892 2478 3946 fere
2511 3900 2750 3958 tempore
2778 3885 3104 3946 Eunomins,
3130 3882 3221 3952 qui
3264 3880 3464 3934 Eleusii
3508 3879 3629 3934 loco

2059 3986 2383 4058 Cyzicenam
2448 3980 2671 4051 regebat
2734 3977 3063 4037 Ecclesiam,
3121 3989 3245 4027 cum
3301 3971 3626 4024 Arianorum

2062 4087 2226 4134 secta:
2276 4081 2553 4145 praeesset,
2605 4083 2799 4123 novam
2853 4068 3077 4133 insuper
3123 4062 3373 4115 haeresim
3425 4058 3629 4112 invexit

2060 4183 2227 4240 quam
2273 4165 2367 4219 alii
2410 4162 2631 4233 quidem
2660 4175 2723 4214 ex
2759 4159 2880 4227 ejus
2910 4155 3153 4219 nomine,
3182 4153 3272 4205 alii
3317 4166 3449 4205 vero
3478 4150 3625 4203 Ano-

2065 4273 2329 4313 mazorum
2360 4253 2634 4325 appellant
2657 4252 2699 4303 ¹.
2737 4250 2901 4303 Aiunt
2934 4261 3097 4318 porro
3122 4245 3269 4298 hunc
3303 4242 3624 4296 Eunomium

2064 4352 2297 4421 primum
2332 4345 2575 4399 omnium
2625 4357 2817 4396 ausum
2870 4354 2993 4394 esse
3030 4350 3306 4399 asserere,
3341 4333 3484 4403 quod
3537 4348 3628 4386 sa-

2062 4455 2219 4495 crum
2259 4438 2531 4507 baptisma
2570 4434 2728 4487 unica
2775 4430 3050 4485 mersione
3099 4424 3465 4497 peragendum
3509 4423 3624 4478 sit:

2062 4542 2115 4587 et
2150 4529 2505 4601 apostolicam
2539 4524 2887 4580 traditionem
2930 4536 3053 4591 qua;
3077 4519 3379 4573 etiamnum
3424 4515 3627 4584 ubique

2064 4630 2341 4686 servatur,
2374 4617 2726 4686 corrupisse:
2758 4615 2923 4666 aliam
2957 4612 3193 4680 denique
3226 4608 3487 4663 Ecclesiae
3515 4622 3627 4661 sua:

2063 4712 2409 4781 disciplinam
2456 4708 2730 4779 plerisque
2773 4704 2826 4758 in
2876 4704 3039 4757 rebus
3072 4700 3472 4761 introduxisse,
3505 4714 3628 4767 qua:

2061 4805 2335 4876 gravitate
2374 4815 2440 4854 ac
2492 4797 2784 4854 severitate
2834 4793 3070 4863 quadam
3123 4790 3419 4845 novitatem
3471 4803 3625 4842 suam

383 4898 521 4952 τητα
554 4883 1019 4953 περιπέττουσαν.
1063 4886 1310 4954 Ἐγένετο
1357 4888 1414 4942 δὲ
1460 4890 1555 4944 καὶ
1596 4892 1848 4963 τεχνίτης
1885 4892 1970 4946 λό-
1998 4888 2042 4942 D
2068 4897 2141 4949 oh‘

1885 4892 1970 4946 λό-
1998 4888 2042 4942 D
2068 4897 2363 4964 obtegeret.
2397 4888 2522 4943 Fuit
2544 4894 2724 4940 autem
2754 4882 3121 4954 peritissimus
3146 4879 3362 4935 dicendi
3402 4878 3621 4939 artifex,

384 4990 516 5040 γων,
547 4974 640 5027 καὶ
666 4975 939 5045 ἐριστικὸς
958 5014 974 5037 ,
998 4978 1092 5030 καὶ
1114 4978 1486 5049 συλλογισμοῖς
1513 4981 1718 5053 χαίρων
1739 4999 1753 5014 ο
1778 4983 1957 5037 τοιού-

384 5081 509 5127 τους
561 5065 619 5117 δὲ
673 5068 797 5128 τοὺς
855 5067 1083 5131 πολλοὺς
1126 5069 1234 5122 τῶν
1284 5071 1352 5124 τὰ
1403 5072 1565 5125 αὑτοῦ
1620 5075 1961 5145 φρονούντων

385 5152 531 5206 ἔστιν
563 5154 709 5207 ίδεῖν.
738 5155 813 5208 Οὐ
852 5155 1051 5224 μᾶλλον
1091 5158 1199 5228 γὰρ
1244 5159 1520 5214 ἐπαινοῦσι
1555 5161 1667 5231 βίον
1691 5164 1893 5230 ἀγαθὸν
1923 5163 1957 5233 ἢ

384 5244 602 5313 τρόπον,
629 5244 663 5314 ἢ
696 5244 786 5297 τὸν
832 5246 957 5315 περὶ
988 5248 1113 5310 τοὺς
1158 5248 1442 5319 δεομένους
1477 5250 1642 5316 ἔλεον,
1689 5254 1737 5305 εί
1776 5252 1850 5323 μὴ
1895 5253 1963 5305 τὰ

386 5335 525 5388 αὐτὰ
570 5335 868 5400 δοξάζοιεν·
918 5338 1041 5391 ὅσον
1087 5340 1141 5391 εἴ
1178 5358 1259 5402 τις
1303 5342 1588 5413 ἐριστικῶς
1639 5343 1957 5413 διαλέγοιτο,

384 5425 480 5479 καὶ
517 5430 736 5497 κρατεῖν
765 5427 947 5499 δοκοίη
995 5430 1465 5500 συλλογιζόμενος·
1498 5435 1527 5485 ὁ
1564 5433 1802 5496 τοιοῦτος
1850 5435 1959 5507 γὰρ

464 5542 481 5573 ⁸
516 5541 653 5598 Socr
703 5544 796 5599 lib.
823 5561 897 5610 Iv,
926 5560 978 5599 c.
1002 5547 1033 5600 7
1067 5552 1121 5601 et
1143 5564 1198 5610 ν,
1228 5562 1278 5601 c.
1309 5547 1395 5604 2L

2060 4993 2116 5040 et
2155 4978 2619 5053 disputationibus
2651 4983 2813 5045 atque
2846 4973 3183 5043 argumentis
3227 4969 3623 5026 delectabatur.

2060 5076 2223 5130 Certe
2278 5073 2571 5142 plerosque
2623 5082 2815 5122 eorum
2860 5064 2953 5134 qui
2994 5064 3133 5116 hanc
3196 5069 3399 5117 sectam
3455 5060 3621 5129 proli-

2062 5176 2277 5227 tentur,
2348 5161 2616 5235 ejusmodi
2681 5159 2898 5229 ingenio
2973 5154 3230 5225 praeditos
3308 5154 3431 5206 licet
3503 5166 3626 5205 cer-

2067 5272 2217 5311 nere.
2258 5253 2445 5324 Neque
2466 5252 2609 5306 enirn
2643 5251 2765 5305 vitae
2803 5260 3126 5317 morumque
3172 5245 3531 5313 probitatem,
3572 5252 3626 5296 ct

2070 5348 2126 5402 in
2157 5354 2378 5418 egentes
2421 5343 2854 5399 misericordiam
2897 5348 3106 5393 tantum
3148 5336 3372 5390 laudant
3426 5335 3480 5389 in
3530 5336 3626 5388 ali-

2067 5452 2196 5507 quo,
2227 5433 2330 5489 nisi
2360 5431 2500 5487 forte
2530 5434 2579 5487 is
2602 5442 2818 5495 sectam
2858 5429 3098 5498 ipsorum
3134 5436 3413 5494 sequatur,
3453 5437 3625 5491 quan-

1580 5658 1851 5713 VALESII
1885 5657 2439 5715 ANNOTATIONES.

595 5750 780 5835 :gfzep
799 5747 1078 5835 ῄδύνατρ..
1102 5748 1219 5803 Non
1246 5750 1438 5835 dubito
1460 5751 1593 5835 quin
1615 5750 1958 5835 scribendum

383 5820 458 5898 sit
488 5820 542 5871 in
579 5819 948 5898 dativonqiyrep
975 5819 1224 5898 ἠδύνατο.
1277 5822 1457 5892 Atque
1499 5822 1573 5876 ita
1624 5822 1863 5877 Savilius
1894 5822 1959 5875 ad

388 5890 534 5944 latus
555 5888 644 5944 sui
677 5888 887 5945 codicis
908 5888 1254 5945 emendarat.

2143 5752 2257 5819 (19)
2298 5748 2831 5809 Ἀπαυθαδιάζεται.
2862 5744 2917 5799 In
2932 5744 3132 5819 _e_od_i_ce
3157 5740 3453 5796 Fuketiano
3483 5744 3625 5796 scri-

2068 5816 2219 5890 ptum
2238 5816 2431 5891 inveni
2454 5819 2893 5879 ἀπαυθαδῐςεται.
2926 5816 3167 5870 Similem
3197 5829 3434 5869 crrorctu
3465 5822 3623 5869 antea

2067 5907 2287 5963 quoque
2313 5900 2505 5947 notare
2538 5891 2778 5945 memini.
