4452 6598
879 448 1016 506 1363

2331 451 2674 509 εοΖρΜΕΜ

3965 453 4112 508 im

869 575 980 620 tum
1003 564 1224 620 laudare
1257 566 1456 633 solent,
1491 567 1536 621 si
1577 567 1699 638 quis
1737 568 1790 622 in
1833 567 2159 638 disputando
2197 583 2425 623 conten-
2456 578 2498 630 Α
2529 571 2624 622 εὐσ

2353 585 2425 621 τιι-
2456 578 2498 630 Α
2529 569 2754 640 εὐσεϐὴς
2808 569 2956 640 παρὰ
3021 569 3224 631 πάντας
3278 567 3594 638 νομίζεται.
3663 566 3748 630 Ὠς
3796 566 3972 630 ἄλλοις
4027 567 4111 620 60-

869 659 1044 711 tiosus
1069 658 1252 720 fuerit,
1280 669 1333 712 et
1359 660 1706 716 adversarios
1741 661 2124 716 ratiocinando
2167 676 2428 730 superare

869 748 1148 812 videatur;
1190 749 1500 818 hujusuiodi
1529 752 1672 805 enim
1731 754 1814 806 vir
1855 768 1963 822 pra:
1997 754 2220 822 reliquis
2249 755 2427 806 omni-

869 840 967 892 tius
1021 840 1146 906 pius
1192 842 1263 894 ab
1300 842 1409 896 illis
1448 844 1815 899 existimatur.
1870 845 1976 897 Alii
2031 859 2161 898 vero
2219 844 2427 905 dicunt,

869 944 1007 997 quos
1059 929 1276 998 quidem
1316 932 1526 986 veriora
1579 934 1761 989 dicere
1809 935 2069 998 arbitror,
2110 935 2430 1004 Theophra-

869 1021 1016 1073 nium
1065 1020 1462 1091 Cappadocem,
1511 1031 1570 1078 et
1629 1025 1974 1096 l'lutychiuni,
2009 1030 2168 1080 istius
2206 1026 2429 1080 lizeresis

870 1110 1184 1165 defensores
1213 1113 1536 1178 acerrimos,
1576 1117 1856 1184 sequentis
1894 1119 2245 1186 imperatoris
2279 1119 2429 1186 prin-

870 1203 1072 1270 cipatu,
1105 1218 1228 1257 cum
1270 1221 1329 1260 se
1363 1207 1433 1260 ah
1466 1205 1729 1260 Eunomia
1755 1210 2122 1279 abrupissent,
2173 1221 2286 1264 tum
2320 1210 2428 1263 alia

871 1308 932 1347 ex
970 1293 1219 1349 Eunoniii
1249 1297 1505 1363 decretis,
1531 1306 1728 1352 tumea
1757 1316 1877 1370 qua:
1912 1302 1977 1356 ad
2001 1317 2217 1356 sacrum
2256 1302 2430 1370 bapti-

871 1398 1043 1438 smum
1061 1389 1331 1454 pertinent
1348 1389 1661 1452 inuovasse,
1681 1401 1987 1446 asserentes
2007 1408 2114 1446 non
2127 1393 2182 1446 in
2197 1392 2432 1446 Trinita-

870 1483 997 1539 tem,
1033 1478 1192 1549 253
1232 1480 1326 1534 sed
1379 1480 1434 1533 in
1463 1479 1664 1535 Christi
1697 1492 1922 1537 mortem
1980 1483 2242 1552 baptizari
2276 1499 2430 1554 opor-

870 1577 1003 1622 tere.
1050 1567 1374 1624 Euuomium
1406 1580 1558 1627 certe
1591 1575 1723 1626 nihil
1760 1575 1861 1628 hae
1899 1577 1952 1627 in
2009 1585 2162 1644 parte
2197 1591 2429 1631 navasse

870 1660 1163 1721 allirmant,
1211 1662 1306 1717 sed
1337 1663 1406 1716 ab
1429 1664 1585 1717 initio
1620 1663 1840 1730 quidem
1882 1665 2124 1733 opinioni
2167 1666 2282 1718 Arii
2328 1666 2430 1719 ad-

870 1751 1125 1817 transisse,
1160 1760 1216 1806 ct
1245 1753 1300 1807 in
1338 1768 1398 1808 ea
1429 1770 1807 1823 perseverasse
1842 1775 1856 1810 :
1893 1766 2080 1827 postea
2135 1772 2267 1811 vero
2301 1772 2428 1812 cum

869 1843 1162 1913 episcopus
1191 1843 1375 1915 Cyztei
1415 1846 1592 1900 I‘aetus
1623 1848 1846 1911 fuisset,
1878 1859 2190 1902 accusatum
2220 1863 2344 1904 esse
2399 1863 2430 1902 a

2530 664 2614 714 κεῖ
2629 661 2761 728 (20),
2776 660 3186 732 τάληθέστερον,
3206 655 3376 729 οἶμαι,
3397 659 3661 726 λέγουσιν,
3689 659 3760 721 ὡς
3781 658 4112 727 Θεοερρόνιος

2527 753 2556 804 ό
2599 753 3002 822 Καππαδόκης,
3054 753 3145 806 καὶ
3200 751 3479 821 Εὐτύχιος,
3525 745 3850 804 σπόυδασταὶ
3901 751 4112 819 ταύτης

2527 842 2624 910 τῆς
2671 843 2955 912 αἱρέσεως,
3005 843 3368 910 ἀποτεμόντες
3415 843 3553 908 σφᾶς
3585 842 3677 894 ἐπὶ
3713 845 3808 910 τῆς
3837 841 4112 910 ἐχομένης

2531 933 2824 1003 βασιλείας,
2853 934 2979 1004 περί
3007 952 3066 987 τε
3096 934 3229 986 ἄλλα
3267 934 3376 986 τῶν
3414 934 3660 1004 Εὑνομίῳ
3693 932 3975 997 δοξάντων,
4011 932 4115 984 καὶ

2529 1023 2656 1094 περὶ
2715 1025 2812 1093 τὴν
2867 1024 3012 1076 θείαν
3067 1024 3318 1093 βάπτισιν
3386 1025 3741 1094 ἐνεωτέρισαν
3795 1035 3842 1086 ⁸,
3873 1025 3974 1076 οὐκ
4029 1024 4114 1084 εἰς

2529 1113 2751 1184 Τριάδα,
2786 1114 2921 1166 ἀλλὰ
2965 1116 3045 1177 εἰς
3089 1115 3179 1167 τὸν
3225 1113 3320 1167 τοῦ
3367 1115 3601 1184 Χριστοῦ
3648 1115 3872 1168 Θάνατον
3918 1113 4116 1181 βαπτί-

2529 1204 2714 1267 ζεσθαι
2755 1208 3196 1277 εἰσηγησάμενοι.
3239 1207 3496 1276 Εὐνόμιον
3551 1208 3731 1277 μέντοι
3773 1210 3937 1279 μηδὲν
3976 1206 4116 1278 περὶ

2529 1293 2719 1349 τούτου
2749 1296 2862 1364 (21)
2909 1298 3316 1366 καινοτομῆσιιι⁹
3349 1297 3462 1350 ἀλλ’
3506 1298 3564 1363 ἐξ
3605 1300 3776 1368 ἀρχῆς
3816 1300 4007 1354 τοῦτον
4041 1300 4116 1354 τὰ

2545 1387 2750 1457 Ἀρείου
2802 1388 3092 1459 φρονῆσαι,
3126 1390 3220 1442 καὶ
3267 1388 3408 1441 οὕτω
3455 1391 3761 1457 διαμεῖναιο
3810 1394 4116 1445 ἐπίσκοπον

2532 1480 2588 1532 δὲ
2621 1480 2857 1544 Κυζίκου
2896 1481 3202 1551 γενόμενον,
3249 1483 3686 1551 κατηγορηθῆναι
3730 1485 3834 1536 ὑπὸ
3872 1485 3980 1537 τῶν
4013 1485 4116 1536 ὑπ’

2531 1571 2690 1622 αὐτὸν
2718 1572 3011 1641 κληρικῶν,
3048 1572 3122 1635 ὡς
3159 1573 3434 1639 νεωτέρων
3469 1574 3752 1643 δογμάτων
3784 1576 4112 1654 εἰσηγητήν.

2531 1661 2842 1730 Τηνιχαῦτα
2869 1664 2925 1714 δὲ
2957 1663 3201 1727 Εὐδόξιον
3229 1665 3318 1717 τὸν
3349 1666 3648 1734 ἡγούμενον
3677 1667 3736 1718 ὲν
3764 1667 4118 1727 Κωνσταντι-

2530 1755 2774 1806 νουπόλει
2833 1754 2932 1823 τῆς
2987 1755 3195 1825 Ἀρείου
3251 1758 3544 1827 αἱρέσεως,
3599 1759 4117 1828 μετακαλεσάμενον

2532 1843 2711 1908 αὑτὸν,
2762 1844 3044 1914 ἐπιτρέψαι
3098 1846 3178 1915 τῷ
3227 1845 3340 1916 λαῷ
3401 1849 3794 1918 προσομιλῆσαι
3845 1848 4116 1917 περὶτοῦ

869 1931 1084 1985 clericis
1113 1913 1259 1998 suis,
1297 1943 1555 2004 tanquam
1594 1951 1861 1991 novorum
1897 1937 2210 2008 dogmatum
2251 1952 2433 1995 asser-
2466 1913 2507 1969 Β
2529 1934 2622 2000 δότ

2357 1954 2433 1995 3r-
2466 1913 2507 1969 Β
2529 1934 2823 2003 δόγματος·
2863 1913 2936 2004 μὴ
2984 1913 3322 2002 καταννόντα
3369 1939 3424 1992 δὲ
3447 1913 3457 1916 -
3478 1913 3657 2009 μηδὲν,
3688 1913 4115 2012 προτρέᾷασθαι

869 2027 1062 2076 torem.
1100 2025 1284 2093 Itaque
1311 2024 1613 2082 Eudoxium
1643 2029 1736 2098 qui
1763 2029 1977 2083 Arianae
1999 2039 2161 2083 sectm
2196 2038 2429 2100 praeerat

870 2110 1375 2186 Coustantinopoti,
1423 2134 1549 2172 eum
1588 2133 1871 2183 evocasse,
1904 2120 2246 2189 jussisseque
2280 2122 2428 2175 utde

870 2219 968 2258 sua
996 2204 1240 2259 doctrina
1266 2208 1480 2277 publice
1501 2209 1553 2263 in
1575 2209 1805 2264 ecclesia
1825 2211 1987 2263 verba
2015 2210 2237 2263 faceret.
2266 2211 2429 2264 llum-

869 2310 974 2365 que
1004 2296 1137 2351 nihil
1164 2298 1217 2351 in
1271 2314 1338 2354 eo
1394 2299 1740 2363 damnasset,
1775 2302 2054 2355 monuisse
2086 2311 2140 2353 ut
2169 2302 2427 2371 Cyzicum

872 2395 1276 2458 reverteretur;
1309 2390 1638 2445 Eunomiqu
1702 2408 1832 2446 vero
1867 2393 2236 2463 respondisse,
2287 2395 2432 2447 nolle

874 2498 932 2535 se
968 2485 1204 2558 amplius
1242 2487 1446 2539 versari
1472 2503 1594 2540 cum
1629 2487 1697 2541 iis
1717 2502 1854 2557 quos
1879 2495 2166 2556 suspectos
2183 2487 2428 2541 haberet.

873 2575 933 2637 Et
1004 2577 1146 2632 hanc
1201 2581 1416 2651 quidem
1471 2597 1692 2635 causam
1741 2583 2070 2636 secessionis
2125 2596 2238 2636 sum
2277 2582 2426 2635 illum

873 2668 1247 2734 prmlcndisse,
1297 2685 1485 2723 revera
1541 2679 1718 2723 autem
1751 2671 1870 2725 ideo
1897 2671 2228 2732 secessisse,
2283 2671 2426 2739 quod

871 2763 1496 2829 Aetiumpraeceptorem
1549 2776 1709 2815 suum
1757 2763 2037 2830 suscipere
2094 2763 2425 2820 renuissent.

873 2852 998 2906 t’ost
1029 2853 1140 2907 haec
1171 2853 1495 2912 Eunomium
1547 2856 1600 2906 in
1637 2853 1870 2923 propriis
1897 2853 2106 2908 aedibus
2141 2853 2428 2916 mansisse,

874 2959 972 3006 nec
1000 2945 1065 2999 de
1096 2945 1326 3014 pristina
1362 2945 1633 3000 sententia
1669 2945 1967 3019 quidquam
2027 2946 2252 2999 omnino
2309 2960 2432 2998 mu-

871 3044 1038 3094 tasse.
1085 3035 1150 3088 Et
1182 3038 1295 3090 haec
1321 3035 1411 3088 alii
1463 3035 1681 3104 quidem
1719 3037 1822 3089 hoc
1877 3037 2037 3090 modo
2068 3073 2084 3099 ,
2150 3036 2243 3089 alii
2303 3051 2434 3089 vero

871 3126 1030 3186 aliter
1115 3137 1360 3182 narrant.
1427 3125 1620 3182 Verum
1683 3130 1799 3182 sive
1883 3127 2228 3191 Eunomius.
2319 3130 2436 3184 sive

871 3215 964 3289 qui
1054 3215 1145 3270 alii
1238 3217 1351 3271 hmc
1453 3219 1508 3271 in
1582 3219 1880 3275 traditione
1951 3219 2206 3288 baptismi
2273 3221 2434 3274 inno-

874 3307 1096 3373 varint,
1155 3307 1454 3364 verendum
1506 3319 1590 3364 est
1629 3311 1784 3378 ipsis.
1844 3326 1964 3366 mea
2023 3312 2240 3380 quidem
2310 3327 2433 3368 sen-

873 3400 1065 3461 tentia,
1101 3415 1170 3455 ne
1232 3403 1335 3456 soli
1402 3403 1669 3467 omnium,
1728 3404 1884 3472 juxta
1950 3405 2092 3456 hanc
2144 3405 2430 3468 rationem,

873 3502 1125 3560 expertes
1155 3492 1300 3549 sacri
1338 3493 1678 3564 baptismatis
1727 3510 1791 3547 ex
1827 3494 1925 3547 hac
1960 3495 2073 3547 vita
2125 3496 2429 3548 discedant.

877 3580 1006 3634 Nam
1035 3583 1192 3650 primi
1225 3582 1300 3635 illi
1334 3584 1425 3652 qui
1454 3583 1611 3652 juxta
1667 3584 2118 3638 consuetudinem
2175 3585 2243 3638 ab
2277 3585 2435 3638 initio

877 3677 1131 3728 traditam
1161 3677 1426 3746 haptizati
1459 3676 1714 3740 fuerant,
1750 3687 1925 3731 semet
1951 3679 2054 3747 ipsi
2085 3678 2428 3746 rebaptizare

875 3765 1095 3819 minime
1122 3773 1437 3835 potuerunt.
1470 3767 1562 3835 qui
1594 3776 1773 3820 tamen
1806 3767 1856 3820 id
1877 3767 2021 3836 quod
2050 3768 2180 3834 ipsis
2214 3768 2435 3822 minime

873 3857 1181 3927 obtigerat,
1248 3859 1503 3927 primitus
1568 3856 2026 3920 introduxerunt,
2086 3856 2249 3926 idque
2311 3857 2432 3911 aliis

877 3949 1268 4024 przcstiterunt,
1297 3951 1440 4019 quod
1475 3964 1649 4018 neque
1706 3949 1807 4016 ipsi
1865 3956 2043 4010 erant,
2109 3963 2286 4017 neque
2340 3963 2435 4017 per

875 4042 1015 4095 alios
1037 4040 1218 4109 adepti
1244 4042 1483 4094 fuerant.
1507 4040 1754 4108 Cumque
1783 4039 1932 4092 nullo
1960 4047 2112 4093 certo
2138 4040 2431 4108 principio,

877 4133 970 4191 sed
1003 4133 1219 4202 propria
1251 4132 1518 4197 duntaxat
1576 4133 2069 4200 comprehensione
2111 4130 2247 4190 nixi,
2284 4129 2430 4184 istud

2541 2025 2638 2094 μὲν
2689 2027 2768 2087 εἰς
2812 2027 3048 2088 Κύζικον
3084 2027 3415 2082 ἐπανελθεῖν.
3447 2031 3549 2082 Τὸν
3584 2031 3640 2082 δὲ
3686 2034 3875 2102 φῆσαι,
3907 2034 3982 2103 μὴ
4027 2034 4120 2085 αἱ·

2540 2114 2748 2186 ρείσοαι
2801 2115 2982 2170 λοιπὸν
3041 2120 3150 2180 τοῖς
3206 2121 3263 2171 ὲν
3315 2120 3538 2190 ὑπονοίᾳ
3595 2121 3743 2191 αὑτῷ
3801 2125 4120 2192 γενομένοις

2541 2211 2800 2261 συνεῖναι·
2837 2210 2926 2262 καὶ
2970 2212 3240 2279 πρόφασιν
3287 2211 3490 2282 ταύτην
3534 2213 3628 2266 τοῦ
3675 2215 3955 2284 χωρισμοῦ
3995 2214 4118 2282 (3‘2)

2539 2301 2884 2369 ποιήσασθαι.
2908 2301 2980 2352 Τὸ
3007 2302 3060 2353 δὲ
3079 2300 3302 2368 ἀληθὲς,
3332 2302 3414 2353 ὅτι
3445 2303 3647 2354 Ἀέτιον
3662 2304 3751 2356 τὸν
3774 2303 3937 2355 αὑτοῦ
3966 2303 4117 2356 διδά-

2535 2392 2729 2443 σκαλον
2768 2392 2826 2443 οὐ
2869 2392 3283 2459 προσεδέξαντοο
3337 2394 3419 2459 ἐφ’
3468 2393 3661 2446 ἑαυτοῦ
3707 2395 3765 2446 δὲ
3812 2396 4116 2462 διαμεῖναι,

2537 2483 2702 2552 μηδὲν
2733 2482 2832 2551 τῆς
2861 2483 3126 2552 προτέρας
3169 2485 3324 2554 δόξης
3364 2485 3800 2554 παραλλάξαντα.
3845 2485 4030 2550 Ταῦτα
4062 2488 4118 2540 οἱ

2537 2574 2635 2642 μὲν
2678 2567 2809 2635 ὦδε,
2865 2575 2912 2625 οἱ
2957 2573 3013 2626 δὲ
3061 2573 3262 2643 ἑτέρως
3305 2574 3570 2640 λέγουσιν.
3621 2577 3758 2629 Ἀλλ’
3804 2578 3911 2629 εἴτε
3946 2578 4118 2630 Εὐνό-

2539 2679 2681 2732 μιος,
2707 2663 2815 2713 εἴτε
2845 2661 2992 2714 ἄλλοι
3035 2663 3198 2728 τινὲς,
3238 2667 3362 2733 περὶ
3388 2667 3485 2734 τὴν
3510 2666 3804 2734 παράδοσιν
3842 2666 3936 2718 τοῦ
4006 2667 4117 2735 βαι

2535 2755 2838 2823 ’κτίσματος
2857 2754 3026 2806 ταῦτα
3042 2756 3413 2826 ἐνεωτέρισαν,
3444 2760 3566 2827 ἐμοὶ
3587 2758 3751 2820 δοκεῖ,
3788 2760 3936 2828 μόνοι
3964 2759 4116 2810 κατὰ

2534 2846 2626 2898 τὸν
2676 2846 2837 2900 αὑτὸν
2887 2846 3042 2912 λόγον
3096 2847 3509 2910 κινδυνεύουσιν,
3557 2851 3772 2918 ἄμοιροι
3817 2851 3918 2916 τῆς,
3960 2849 4120 2912 Θείας

2537 2939 2839 3010 βαπτίσεως
2865 2939 2956 2991 τὸν
2983 2940 3096 3009 βίον
3125 2940 3456 2993 καταλιπεῖν.
3489 2941 3549 2993 Εἰ
3580 2946 3686 3011 γὰρ
3711 2941 3851 2993 κατὰ
3880 2942 3938 2993 τὸ
3964 2957 4117 2993 νενο-

2540 3033 2798 3102 μισμένον
2831 3031 2941 3100 (25)
2981 3031 3039 3095 ἐξ
3081 3033 3252 3100 ἀρχῆς
3287 3033 3682 3101 βαπτισθέντες,
3723 3034 3983 3099 πρότερον
4011 3035 4117 3084 αὐ-

2534 3125 2617 3177 τοὶ
2672 3125 2894 3185 ἑαυτοὺς
2951 3123 3335 3188 ἀναὸαπτίςειν
3386 3128 3484 3177 οὐκ
3535 3124 3813 3193 ἠδύναντο.
3848 3124 3894 3176 οἳ
3931 3125 3995 3175 τὸ
4034 3124 4120 3196 μὴ

2539 3215 2750 3283 συμϐὰν
2776 3217 2866 3267 ἐπὶ
2892 3215 3066 3267 αὐτῶν
3093 3217 3191 3280 τὴν
3221 3216 3392 3286 ἀρχὴν
3417 3217 3747 3285 εἰσηγοῦντο.
3781 3217 3887 3268 Καὶ
3912 3217 3939 3267 δ
3975 3201 4117 3284 μήτε

2541 3305 2692 3357 αὐτοὶ
2734 3300 2873 3375 ἦσαν
2926 3307 3060 3373 μήτε
3102 3305 3167 3358 δι’
3201 3307 3373 3358 ἄλλων
3402 3309 3668 3373 ἐγένοντο,
3697 3308 3850 3358 τοῦτο
3893 3311 4117 3375 ἐτέρους

2541 3397 2786 3449 ἐποίουν·
2823 3397 2914 3450 καὶ
2947 3397 3006 3460 ἐξ
3046 3399 3414 3450 ἁνυποστὰτου
3461 3401 3603 3459 τινος
3648 3400 3820 3468 ἀρχῆς
3854 3403 3942 3450 καὶ
3978 3398 4116 3461 ἰδίας

2539 3488 2891 3557 καταλήψεως
2937 3489 3094 3540 τοῦτο
3139 3489 3200 3542 τὸ
3251 3490 3422 3558 δόγμα
3476 3492 3888 3557 συστησάμενοι,
3941 3489 3978 3541 Ξι
4037 3491 4116 3557 μὴ

2539 3582 2692 3634 αὐτοὶ
2747 3582 3171 3648 παρειλήφασιν,
3222 3581 3398 3644 ἄλλοις
3446 3582 3908 3651 παραδεδώκασιν.
3935 3582 4115 3649 Ὅπερ

2538 3673 2727 3744 εὔηθές
2775 3675 2909 3726 ἐστι.
2965 3673 3408 3744 Συνωμολόγηται
3462 3675 3571 3743 γὰρ
3615 3675 3706 3726 καὶ
3759 3676 3886 3740 παρ’
3911 3675 4118 3737 αὐτῶν,

2536 3767 2661 3826 τοὺς
2699 3766 2974 3833 ἀμυήτους
3011 3763 3083 3833 μὴ
3116 3764 3370 3817 δύνασθαι
3409 3763 3598 3827 ἄλλους
3652 3764 3963 3832 βαπτίζειν·
4001 3764 4028 3814 ὁ
4056 3763 4115 3815 δὲ

2539 3856 2621 3926 τῷ
2651 3857 2836 3927 τρόπῳ
2880 3855 2980 3922 τῆς
3029 3855 3209 3907 αὐτῶν
3260 3855 3603 3924 παραδόσεως
3661 3857 3733 3925 μὴ
3778 3855 4115 3923 βειτττιεινθεὶς⁹

2539 3947 2868 4007 etiamm-.0;
2897 3945 3078 4006 αὐτοῖς
3108 3940 3243 3996 εἶναι
3289 3945 3452 4010 δοκεῖ,
3482 3945 3557 4008 ὡς
3589 3945 3662 4014 μὴ
3703 3945 3929 4005 δεόντως
3977 3962 4104 4014 μυη·

2542 4037 2673 4099 Θείς.
2709 4039 2816 4089 Καὶ
2864 4036 3226 4105 μαρτυροῦσιν
3254 4037 3424 4099 αὐτοὶ,
3473 4036 3567 4099 οὓς
3607 4036 3672 4090 ἂν
3701 4037 3956 4090 δύνωνται
3991 4037 4116 4088 πεί-

2542 4131 2653 4182 θειν
2697 4129 2767 4181 τὰ
2808 4128 2987 4180 αὐτῶν
3015 4130 3250 4197 φρονεῖν,
3282 4128 3736 4192 ἀναὸαπτίζοντες
3766 4129 3902 4198 (2i),
3939 4131 3989 4182 εί
4021 4129 4116 4182 καὶ

2035 4270 2303 4324 VALESII
2340 4268 2888 4327 ANNOTATIONES.

947 4383 1060 4451 (9.0)
1103 4382 1198 4451 Ὧς
1250 4381 1461 4445 ἄλλοις
1497 4379 1677 4434 δοκεῖ.
1716 4379 2079 4434 Scribendum
2130 4391 2213 4451 est
2249 4381 2440 4448 procul

880 4447 1048 4505 dubio
1067 4451 1142 4514 ὡς
1184 4450 1241 4502 δὲ
1271 4451 1448 4511 ἄλλοις
1476 4451 1640 4510 δοκεῖ,
1667 4452 1713 4502 τ’
1739 4451 2118 4520 σληυέστερον,
2148 4447 2319 4518 οἶμαι,
2353 4451 2438 4502 λέ-

877 4539 1094 4589 γουσιν.
1142 4521 1482 4592 Θεοφρόνιος,
1521 4531 1654 4592 etc.,
1700 4537 1865 4590 quam
1923 4521 2209 4592 lectionem
2265 4521 2435 4592 secuti

876 4592 1133 4645 videntur
1175 4589 1456 4644 Museulus
1485 4600 1539 4644 et
1579 4589 2135 4658 Christuphursonus.
2171 4589 2341 4642 Porro
2371 4591 2438 4642 de

2620 4381 2730 4447 (25)
2768 4383 2833 4433 Ei
2873 4381 2981 4448 γὰρ
3003 4380 3240 4434 κατὰτὸ
3273 4382 3724 4452 νενομισμένον.
3763 4383 3880 4438 Non
3918 4386 4117 4440 dubito

2544 4453 2675 4518 quin
2721 4452 3068 4504 scribendum
3104 4455 3174 4504 sit
3205 4455 3248 4503 oi
3299 4454 3425 4520 γάρ.
3473 4464 3581 4507 etc.
3632 4453 3694 4505 Et
3750 4467 3867 4520 post
3924 4473 4115 4518 rut-eiu

2545 4521 2817 4592 πρότερον
2846 4521 3357 4576 subtlistinctmnetn
3389 4538 3621 4591 appono,
3647 4526 3923 4592 qumnoilo
3946 4529 4112 4580 etiam

2547 4591 2783 4644 Savilius
2807 4591 2861 4643 in
2886 4607 2987 4644 suo
3009 4595 3200 4644 codice
3224 4597 3494 4659 apposuit.
3517 4595 3570 4646 In
3596 4591 3783 4648 codice
3812 4593 4114 4648 Fuketiano

880 4661 1234 4741 Eunomianis
1266 4663 1359 4729 qui
1407 4663 1865 4752 unicamersione
1892 4661 2224 4752 .haptilzaut,
2257 4671 2436 4714 exstat
2469 4699 2512 4752 Β
2546 4670 2808 4739 scriptum
2846 4661 3022 4715 inveni
3058 4663 3327 4730 πρότεροι,
3359 4678 3522 4730 quam
3572 4666 3858 4719 lectionem
3893 4667 3946 4718 in
3991 4682 4113 4720 ver-

877 4748 1054 4788 cannn
1093 4732 1361 4801 septimus
1395 4731 1587 4801 synodi
1621 4731 2266 4801 Constantinopolitante.

948 4801 1060 4866 (Si)
1098 4800 1300 4864 Μηδὲν
1329 4799 1458 4866 περὶ
1485 4802 1716 4853 τούτου.
1770 4799 1976 4852 Mallem
2019 4800 2263 4853 scribere
2313 4799 2438 4868 περὶ

875 4871 1054 4925 τοῦτο.
1092 4869 1166 4921 Ita
1195 4881 1343 4924 certe
1382 4871 1622 4939 loquitur
1649 4873 1809 4939 paulu
1851 4879 1971 4938 pust
2003 4869 2361 4923 Suzomenus.

947 4942 1054 5008 (ἐξ)
1113 4943 1421 5008 Πρόφασιν
1455 4938 1662 5004 αὐτὴν
1720 4938 1826 4991 τοι)
1883 4939 2206 5007 χωρισμοῦ.
2273 4939 2437 4993 llecte

873 5013 1412 5077 Christuptiorsonus
1450 5013 1595 5064 hunc
1644 5012 1818 5063 laeum
1856 5011 2122 5063 intellexit
2167 5009 2235 5062 de
2277 5025 2436 5078 sepa-

877 5085 1088 5143 ratione
1116 5081 1362 5133 I‘lunumii
1394 5082 1461 5144 ab
1488 5081 1723 5133 Ariauis.
1761 5081 1925 5148 quue
1958 5079 2118 5146 plane
2145 5081 2437 5132 contirmat

881 5152 1276 5217 i’itilttslorgitls
1309 5154 1359 5201 in
1389 5155 1478 5206 liti.
1518 5167 1594 5215 ix,
1631 5165 1752 5218 cap.
1785 5150 1837 5212 4,
1867 5161 1920 5203 et
1950 5149 2110 5206 Socr.
2145 5150 2199 5202 in
2228 5150 2324 5203 lib.
2359 5164 2434 5214 ιν,

877 5243 998 5294 cap.
1031 5224 1118 5282 12,
1150 5239 1311 5289 quem
1337 5223 1476 5282 vide.

2545 4732 2698 4783 sione
2735 4745 2849 4784 mea
2883 4742 3104 4783 secutus
3137 4748 3277 4783 sum.

2615 4801 2726 4866 (24)
2773 4798 3301 4863 Ἀνιιϐαπτίζοι-τες.
3333 4798 3657 4854 Eunomiani
3683 4802 3826 4856 istud
3856 4803 3926 4856 ab
3950 4805 4114 4856 Aria-

2545 4872 2652 4941 nis,
2707 4879 2893 4941 utpote
2953 4871 3270 4941 parentibus
3324 4872 3460 4926 suis.
3517 4883 3862 4941 acceperant.
3922 4876 4110 4930 Ariani

2542 4939 2687 4994 enim
2718 4940 3033 5011 Catholicus
3058 4939 3132 5011 ad
3165 4956 3225 4994 se
3266 4943 3545 4995 venientes
3587 4939 4023 5011 rebaptizabant.
4057 4956 4114 4999 ut

2543 5018 2731 5062 notum
2759 5018 2861 5063 est.
2889 5009 3005 5074 Qua
3037 5010 3101 5062 de
3125 5025 3181 5063 re
3207 5011 3357 5065 locus
3385 5023 3465 5064 cst
3493 5009 3730 5066 illustris
3751 5014 3806 5068 in
3831 5013 4130 5068 Breviariu‘

2541 5079 2663 5149 lidei
2713 5080 2978 5149 adversus
3021 5079 3277 5142 Ariauos,
3312 5081 3456 5149 quod
3509 5083 3636 5134 olim
3666 5083 3836 5136 edidit
3869 5081 4113 5140 Iacobus

2542 5147 2909 5223 sumundum
2951 5148 3134 5223 Dicere
3166 5147 3342 5223 etiam
3360 5154 3526 5203 solent
3563 5152 3626 5202 de
3662 5153 3945 5218 baptismo,
3969 5155 4110 5223 quod

2541 5221 2595 5272 in
2621 5237 2680 5272 eo
2716 5219 2901 5272 melius
2933 5220 3002 5271 sit
3037 5220 3268 5287 ipsorum
3300 5222 3639 5284 baptismum,
3664 5240 3821 5291 quant
3845 5219 4109 5287 nostrum;

2283 5332 2662 5389 VAliIORUM.

951 5441 974 5466 ι
1013 5426 1149 5493 Περὶ
1191 5428 1302 5490 τὴν
1356 5426 1521 5479 θείαν
1547 5426 1844 5489 βάπτισιν
1877 5425 2290 5492 ἐνεωτέρισαν,
2332 5434 2440 5478 etc.

881 5499 991 5556 Eos
1025 5509 1236 5551 Mitllt'Cl
1267 5499 1360 5564 qui
1397 5499 1447 5548 in
1481 5500 1701 5549 nomine
1743 5495 1938 5556 Patris,
1971 5506 2024 5549 et
2054 5496 2198 5556 Filii,
2235 5506 2289 5549 et
2317 5494 2440 5562 Spi-

888 5579 1026 5621 ritus
1055 5571 1232 5620 sancti
1283 5569 1537 5634 haptizati
1580 5577 1738 5626 sunt,
1771 5567 1925 5632 quasi
1957 5567 2216 5620 seductos
2263 5569 2444 5618 denuo

880 5640 1248 5706 baptizabant,
1274 5638 1435 5703 idque
1465 5646 1670 5690 tauttnn
1703 5653 1808 5688 una
1833 5637 2103 5706 mersione
2130 5638 2182 5688 in
2212 5645 2440 5706 mortem

879 5704 1111 5762 Christi.
1146 5707 1266 5761 για.
1302 5707 1477 5769 Socr.,
1534 5708 1627 5758 lih.
1687 5722 1752 5768 v,
1816 5722 1938 5774 cap.
1971 5705 2060 5768 ει,
2101 5714 2154 5758 et
2207 5704 2440 5764 Theod.,

887 5778 1033 5842 λιιι-ι’.
1069 5780 1203 5846 ['ab.,
1239 5778 1332 5830 lib.
1374 5792 1446 5840 tv,
1475 5792 1594 5844 cap.
1622 5776 1674 5829 5.
1707 5777 2056 5828 Contrarium
2081 5777 2282 5829 diserte
2313 5790 2448 5846 pra:-

884 5859 1011 5917 μιιιι
1053 5865 1227 5902 canon
1274 5847 1609 5916 apostolicus
1647 5846 2160 5917 quinquagesimum
2219 5846 2283 5900 Et
2324 5845 2448 5919 qui-

2550 5428 2672 5480 dem
2706 5427 2908 5478 trinam
2948 5425 3001 5478 in
3042 5426 3312 5494 baptismo
3353 5427 3660 5496 peragrando
3695 5428 4111 5488 immersionem

2550 5495 2853 5567 antiquitus
2907 5507 3220 5562 usurpatam
3261 5495 3450 5557 fuisse.
3492 5495 3794 5567 locupletes
3842 5500 4110 5555 habemus

2553 5564 2719 5621 testes
2750 5564 3165 5621 Tertulliauuui.
3197 5564 3842 5637 Athanasitltuﬁyrilluni
3867 5567 4109 5636 Hier-us,

2549 5637 2920 5706 Ambrosium,
2975 5637 3220 5702 aliosque
3261 5637 3451 5690 Patres
3483 5637 3703 5691 Graecos
3753 5637 4107 5706 Latinosque.

2550 5705 2684 5760 \‘iile
2724 5706 2867 5760 Guil.
2895 5704 3264 5776 Βενιιιιεοιυιι,
3288 5709 3482 5760 Αηηοι.
3512 5709 3562 5776 in
3600 5721 3864 5760 canouem
3909 5704 4110 5776 praedi-

2549 5789 2723 5838 ctum,
2779 5785 2834 5829 et
2879 5775 2932 5826 in
2987 5774 3175 5829 Codice
3235 5794 3490 5828 canonum
3533 5775 3778 5829 Iit-claim
3827 5774 4109 5841 primitiae

2551 5848 2842 5912 illustruto,
2875 5845 2967 5898 lib.
3009 5860 3068 5911 It,
3099 5862 3217 5914 cap.
3251 5851 3301 5914 ϐ,
3341 5849 3412 5900 De
3447 5847 3588 5900 trina
3621 5849 3889 5904 incisione.
