4452 6598
372 459 507 513 1565

1364 455 1683 515 HISTORIA
1728 460 2284 523 ECCLESIASTICA.
2319 499 2386 508 —
2424 468 2549 524 LIB.
2595 469 2684 525 Vl.

3463 474 3600 531 1566

364 572 602 640 ἔρθασαν
636 574 904 645 μυηθῆναι
934 576 1074 631 κατὰ
1108 576 1207 646 τὴν
1241 576 1536 647 παράδοσιν
1567 578 1665 649 τῆς
1705 578 1933 635 καθόλου
1964 584 2009 643 Α
2038 580 2122 652 do;

1841 581 1933 635 λου
1964 584 2009 643 Α
2038 580 2235 655 dogma
2263 584 2634 651 conﬂassent;
2671 586 2725 641 id
2759 586 2904 657 quod
2936 586 3041 658 ipsi
3082 588 3307 645 minime
3337 604 3599 661 suscepe-

374 664 717 734 Ἐκκλησίας.
755 666 1028 737 Ἐθορύδει
1062 666 1161 737 μὲν
1191 662 1283 721 οὖν
1300 668 1361 721 οὐ
1385 666 1620 738 μετρίως
1648 669 1938 724 καὶταῦτα

361 750 457 823 τὴν
490 751 816 823 θρησκείαν·
857 754 1090 818 καὶτοῖς
1124 754 1332 811 θέλουσι
1384 758 1784 828 Χριστιανίξειν
1841 761 1938 830 έμ-

365 839 543 893 πόδιον
587 842 801 906 ἐγένετο
849 842 909 895 τὸ
946 842 1196 915 διάφορον
1231 844 1339 899 τῶν
1384 847 1785 918 ἑπιγενομένων
1812 849 1936 918 δογ-

366 930 567 998 μάτων.
604 929 893 983 Ἐκάστοτε
918 930 1025 1002 γὰρ
1085 934 1347 1005 καρτεραὶ
1379 934 1641 1010 διαλέξεις
1676 937 1934 1006 ἐγίνοντο,

363 1019 453 1071 καὶ
485 1018 559 1082 ὼς
596 1021 652 1073 ἐν
693 1020 1023 1091 ἀρχομέναις
1070 1023 1341 1094 αἱρέσεσιν
1388 1026 1654 1096 ἧκμαζον,
1704 1028 1765 1080 οὐ
1812 1029 1937 1091 τοὺς

360 1109 617 1179 τυχόντας
679 1111 879 1183 σπουδῇ
935 1112 1029 1167 καὶ
1086 1111 1259 1182 λόγων
1331 1115 1555 1187 δυνάμει
1620 1117 1935 1190 καθηγητὰς

362 1199 579 1270 ἔχουσαι
601 1219 612 1231 ⁸
641 1201 716 1265 ὡς
743 1201 799 1255 δὲ
827 1203 1151 1274 συμϐάλλειν
1183 1204 1317 1271 ἔστι,
1349 1207 1546 1279 μικροῦ
1579 1208 1677 1280 τῆς
1706 1209 1932 1264 καθόλου

372 1289 693 1362 Ἐκκλησίας
740 1295 820 1357 είς
863 1295 962 1367 τὴν
990 1296 1167 1350 αὐτῶν
1190 1296 1347 1365 δόξαν
1374 1300 1498 1362 τοὺς
1536 1300 1754 1365 πλείους
1791 1319 1932 1373 παρ-

361 1382 580 1453 έσυραν,
612 1385 659 1437 εί
697 1384 772 1455 μὴ
815 1386 942 1450 τοὺς
990 1388 1132 1457 ἀμφὶ
1180 1388 1455 1443 Βασίλειον
1502 1393 1593 1445 καὶ
1640 1392 1935 1465 Γρηγόριον

359 1474 483 1536 τοὺς
511 1475 893 1539 Καππαδόκας,
942 1476 1263 1544 ἀντιπάλους
1311 1476 1486 1552 εὗρον,
1528 1483 1630 1536 καῖ
1659 1486 1692 1553 ἡ
1734 1483 1919 1537 Θεοδο-

362 1563 475 1616 σίου
520 1564 786 1634 βασιλεία,
820 1566 920 1621 οὐκ
970 1570 1051 1632 είς
1112 1570 1330 1641 μακρὰν
1380 1574 1774 1645 ἐπιγενομένη,
1834 1574 1935 1645 τὴν

363 1659 697 1731 ιπιχείρησιν
744 1660 958 1731 ἔστησε,
1002 1663 1095 1716 καὶ
1127 1664 1322 1729 αὐτοὺς
1356 1667 1482 1731 τοὺς
1522 1668 1795 1737 ἀρχηγοὺς
1826 1668 1934 1721 τῶν

357 1750 619 1821 αῒρέσεων
644 1752 705 1804 ἐκ
736 1751 829 1805 τοῦ
863 1754 1186 1825 συχνοτέρου
1219 1755 1320 1825 τῆς
1348 1756 1653 1827 ἀρχομένης
1683 1759 1760 1820 είς
1801 1759 1933 1829 ἐρηο

360 1839 619 1909 μοτέρους
654 1841 851 1905 τόπους
888 1842 1164 1915 ἐχώρησεν
1199 1844 1334 1915 (25).
1379 1847 1537 1900 Ὥστε
1584 1848 1639 1901 δὲ
1686 1848 1760 1920 μὴ
1798 1866 1932 1903 παν-

360 1907 521 1991 τελῶς
553 1930 698 1999 ἡμᾶς
727 1907 949 1999 ἀγνοεῖν.
985 1907 1068 1986 τὸ⁷
1093 1907 1267 2004 δόγμα
1294 1907 1417 2007 ’τῆς
1469 1907 1727 2010 έκατέρόυ
1748 1907 1760 1920 ’
1778 1940 1927 2011 αίρέ-
1967 1907 2007 1961 Β

358 2034 513 2082 σεως,
564 2019 734 2073 ίστέον
776 2022 851 2084 ὡς
880 2022 979 2092 τῆς
1034 2025 1153 2076 κατ’
1187 2025 1449 2095 Εὐνόμιον
1497 2026 1652 2099 δόξης
1717 2030 1930 2099 πρῶτος

367 2109 569 2173 Ἀἐτιος
596 2111 625 2163 ὁ
662 2110 830 2182 Σύρος
854 2112 1078 2185 εὑρετὴς
1104 2114 1337 2182 ἐγένετο,
1366 2117 1617 2187 ἀνόμοιον
1647 2117 1725 2188 τῷ
1753 2120 1925 2191 Πατρὶ

355 2198 444 2252 τὸν
476 2199 621 2266 Υίδν,
657 2202 872 2256 κτιστόν
925 2220 984 2256 τε
1034 2205 1127 2257 καὶ
1173 2204 1232 2269 ἐξ
1272 2207 1372 2260 οὐκ
1416 2206 1583 2261 ὄντων
1628 2210 1927 2278 γεγονέναι,

356 2288 495 2358 μετὰ
526 2290 743 2361 ’Δρειον
782 2292 1221 2365 ἀποφηνάμενος.
1259 2297 1363 2349 Καὶ
1415 2299 1464 2351 οἱ
1505 2300 1631 2351 τάδε
1670 2301 1928 2370 φρονοῦν-

354 2396 443 2441 τες
514 2378 770 2434 ’Δετιανοὶ
797 2382 854 2435 τὸ
898 2385 1025 2456 πρὶν
1064 2384 1424 2456 ὠνομάζοντο.
1470 2388 1619 2442 Ἐπεὶ
1646 2391 1731 2456 δὲ,
1768 2391 1843 2454 ὡς
1872 2394 1929 2445 ὲν

354 2472 418 2541 τῇ
457 2471 828 2525 Κωνσταντίου
874 2472 1118 2547 βασιλείᾳ
1168 2477 1400 2547 εἴρηται,
1434 2479 1540 2532 τῶν
1574 2480 1672 2550 μὲν
1732 2482 1929 2552 ὁμοού·

356 2578 497 2628 σιον,
552 2563 661 2618 τῶν
692 2564 749 2617 δὲ
779 2564 1112 2635 όμοιοούσιον
1162 2567 1236 2638 τῷ
1281 2570 1454 2640 Πατρὶ
1490 2570 1580 2623 τὸν
1628 2571 1754 2624 Υίὸν
1777 2572 1929 2639 δοξα-

356 2645 573 2720 ξόντων,
604 2656 786 2727 ὅμοιον
815 2657 935 2710 τότε
964 2656 1108 2722 ἔδοξε
1154 2658 1331 2727 λέγειν
1364 2662 1475 2723 τοῖς
1510 2661 1631 2715 τότε
1668 2662 1928 2734 κρατοῦσι

356 2749 495 2805 κατὰ
538 2750 637 2822 τὴν
679 2751 739 2804 έν
782 2750 1041 2823 ’Δριμίνῳ
1081 2750 1312 2817 σύνοδον,
1341 2752 1545 2816 Ἀέτιος
1583 2753 1682 2823 μὲν
1714 2755 1928 2808 κατεδι-

358 2839 528 2914 κάσθη
561 2840 799 2912 φεύγειν,
854 2840 930 2904 ὼς
975 2843 1054 2905 είς
1098 2841 1229 2895 Θεὸν
1269 2842 1701 2915 βλασφημῶν-ἡ
1746 2846 1801 2898 δὲ
1836 2846 1927 2899 ὑπ’

357 2932 513 2989 αὐτοῦ
565 2933 806 2989 συστᾶσα
850 2932 1059 3007 αἵρεσις
1110 2932 1310 3002 τρόπον
1363 2934 1486 2986 τινὰ
1549 2934 1639 2987 τὸν
1685 2936 1742 2988 ἐν
1779 2935 1929 3007 μέσῳ

356 3025 568 3097 διελύθη
600 3026 817 3096 χρόνοψ
860 3025 984 3079 οὔτε
1031 3022 1189 3081 ἄλλου
1236 3021 1342 3079 τῶν
1380 3024 1438 3080 ὲν
1473 3024 1635 3095 λόγῳ,
1666 3023 1787 3079 οὗτε
1828 3027 1931 3080 Εὐ-

2041 683 2185 741 rant,
2247 676 2373 733 aliis
2406 678 2755 734 tradiderunt
2799 696 2814 732 :
2859 679 3006 749 quod
3060 679 3280 750 quidem
3342 690 3602 738 extrema:

2038 764 2328 822 dementiae
2353 775 2461 824 est.
2488 769 2626 823 Nam
2659 778 2713 825 et
2751 770 2892 840 apud
2924 770 3074 841 ipsos
3112 771 3169 826 in
3208 772 3462 829 confesso
3491 784 3598 839 est,

2036 871 2132 913 eos
2154 859 2248 928 qui
2307 860 2551 915 nondum
2593 862 2862 933 baptizati
2887 871 3051 931 sunt,
3099 863 3431 934 baptismum
3476 866 3600 921 aliis

2036 944 2286 1002 conferre
2317 964 2424 1003 non
2468 965 2653 1020 posse.
2693 951 2796 1018 Qui
2838 966 3054 1007 veroex
3116 955 3227 1006 ritu
3282 954 3599 1010 traditionis

2035 1035 2286 1106 ipsorum
2320 1040 2636 1111 baptizatus
2660 1058 2770 1098 non
2799 1041 2982 1109 fuerit,
3012 1043 3101 1099 hic
3130 1044 3443 1114 baptizatus
3466 1047 3600 1116 ipsis

1984 1166 1987 1169 -
2036 1144 2146 1184 non
2179 1130 2417 1197 videtur,
2453 1140 2641 1203 utpote
2664 1136 2757 1204 qui
2805 1151 2914 1190 non
2948 1137 3053 1191 rite
3088 1135 3254 1191 fuerit
3308 1137 3600 1210 consigna-

2037 1225 2144 1274 tus.
2183 1217 2349 1290 quue
2384 1221 2487 1291 ipsi
2512 1230 2805 1289 testantur,
2836 1224 2927 1294 qui
2952 1239 3317 1296 quoscunque
3362 1227 3431 1281 ad
3469 1242 3595 1282 sen-

2036 1310 2268 1364 tentiam
2319 1326 2477 1366 suam
2524 1313 2839 1381 pertrahere
2891 1315 3189 1385 potuerint,
3236 1318 3599 1386 rebaptizant,

2036 1400 2250 1455 tametsi
2276 1399 2387 1468 jam
2425 1399 2577 1469 prius
2637 1402 2896 1471 baptizati
2931 1402 3307 1473 fuerintjuxta
3342 1402 3601 1458 Ecclesiae

2034 1489 2317 1545 catholicae
2357 1490 2736 1546 traditionem.
2788 1492 2968 1563 Atque
3034 1493 3152 1549 haec
3209 1494 3430 1564 quidem
3470 1494 3601 1548 reli-

2035 1582 2252 1651 gionem
2302 1588 2548 1635 nostram
2582 1597 2692 1637 non
2743 1584 3099 1638 mediocriter
3143 1584 3598 1638 conturbarunt:

2054 1669 2232 1738 iisque
2266 1669 2360 1739 qui
2393 1669 2759 1724 Christianam
2820 1670 2978 1726 ﬁdem
3050 1672 3302 1741 amplecti
3368 1672 3598 1734 vellent,

2036 1760 2330 1830 plurimum
2372 1761 2590 1816 obstitit
2658 1775 2924 1816 novorum
2988 1762 3222 1818 subinde
3282 1763 3598 1832 dogmatum

2034 1850 2295 1907 varietas.
2337 1852 2509 1907 Acres
2544 1850 2690 1906 enim
2726 1852 2977 1923 quotidie
3026 1852 3225 1908 ﬁebant
3264 1854 3599 1923 disputatio-

2036 1956 2164 2009 nes;
2194 1948 2248 1997 et
2282 1948 2339 1995 ut
2366 1941 2512 1996 inter
2543 1940 2824 1998 hareseon
2860 1941 3086 1997 exordia
3119 1943 3235 1997 ﬁeri
3289 1944 3429 1998 solet
3459 1982 3473 2007 ,
3521 1943 3599 1993 vi-

2034 2034 2255 2105 gebant,
2284 2033 2488 2102 quippe
2527 2046 2649 2103 quae
2684 2039 2993 2087 assertores
3043 2031 3330 2097 haberent,
3365 2033 3483 2085 zelo
3514 2040 3598 2085 at-

2035 2138 2141 2192 que
2161 2122 2413 2179 doctrina
2445 2137 2554 2175 non
2608 2122 2817 2189 vulgari
2854 2121 3127 2192 praeditos.
3186 2123 3285 2188 Ac,
3319 2138 3438 2178 meo
3472 2123 3598 2193 qui-

2034 2211 2158 2267 dem
2206 2211 2439 2281 judicio,
2496 2212 2792 2281 plerosque
2851 2227 2917 2266 ex
2972 2211 3274 2266 Catholicis
3327 2213 3380 2265 in
3441 2226 3597 2266 suam

2034 2302 2198 2374 254
2237 2302 2564 2358 sententiam
2611 2302 3029 2373 pertraxissent,
3088 2302 3195 2357 nisi
3255 2301 3490 2358 Basilius
3546 2312 3600 2357 ct

2033 2392 2334 2465 Gregorius
2388 2392 2779 2463 Cappadoces,
2825 2407 2949 2447 sese
3012 2392 3123 2448 illis
3174 2392 3591 2462 opposuissent,

2038 2497 2105 2537 ac
2162 2480 2281 2537 nisi
2332 2478 2678 2538 Theodosius
2748 2481 2841 2552 qui
2903 2481 3067 2551 paulo
3121 2489 3243 2553 post
3288 2481 3597 2551 imperavit,

2033 2573 2297 2644 impetum
2334 2572 2554 2627 illorum
2587 2574 2989 2643 repressisset,
3017 2574 3279 2645 ipsosque
3318 2573 3599 2627 liaareseon

2035 2675 2288 2722 auctores
2317 2680 2385 2721 ex
2419 2665 2824 2722 ammnioribus
2866 2665 3242 2736 loeisimperii
3283 2663 3517 2718 Romani
3543 2665 3599 2718 in

2035 2757 2293 2827 regiones
2326 2755 2581 2812 desertas
2596 2764 2650 2811 et
2682 2757 2967 2826 squalidas
3024 2758 3389 2829 deportasset.
3428 2754 3600 2810 Porro

2035 2861 2105 2901 ne
2131 2845 2420 2916 utriusque
2446 2844 2675 2900 haeresis
2733 2845 3043 2900 doctrinam
3110 2845 3331 2916 penitus
3387 2844 3604 2914 ignore-

2038 2952 2180 3005 mus,
2204 2936 2487 2994 sciendum
2509 2945 2593 2991 est
2613 2975 2627 2999 ,
2663 2934 2989 2990 Eunomiani
3018 2932 3294 3005 dogmatis
3319 2940 3602 2987 auctorem

2036 3027 2275 3097 primum
2312 3026 2484 3081 fuisse
2516 3026 2730 3080 Aetium
2764 3024 2982 3096 Syrum,
3041 3025 3134 3095 qui
3198 3020 3398 3077 Filium
3457 3012 3602 3076 Patri

358 3119 539 3189 νομίου
589 3120 669 3182 είς
712 3118 771 3171 τὸ
818 3118 1049 3189 φανερὸν
1097 3119 1191 3172 ἐπὶ
1244 3119 1415 3190 ταύτῃ
1464 3115 1932 3191 παρρησιάζεσθαι
2039 3116 2116 3171 dis

1844 3117 1932 3175 θαι
2039 3116 2386 3179 dissimilem,
2414 3123 2469 3171 et
2503 3130 2571 3169 ex
2606 3115 2776 3169 nihilo
2803 3123 3051 3170 creatum
3075 3129 3223 3177 esse,
3252 3122 3376 3184 post
3413 3112 3598 3166 Arium

357 3208 680 3279 τολμῶντος.
720 3208 808 3271 Ὠς
858 3208 914 3262 δὲ
958 3207 1059 3279 τὴν
1095 3208 1420 3279 Κυζικηνῶν
1456 3210 1779 3280 Ἐκκλησίαν
1811 3200 1931 3265 ἀντὶ
1958 3252 2001 3309 c
2039 3222 2115 3266 ast

1846 3200 1931 3264 ντὶ
1958 3252 2001 3309 c
2039 3206 2394 3267 asseveravit.
2424 3204 2613 3276 Itaque
2637 3206 2728 3277 qui
2768 3209 2909 3260 hanc
2941 3205 3257 3276 opinionem
3294 3204 3604 3274 sequeban-

370 3297 637 3351 Ἐλευσίου
688 3299 1057 3370 παρείληφεν,
1120 3299 1299 3354 οὐκέτι
1354 3299 1632 3363 παντελῶς
1704 3302 1931 3373 ἠρεμεῖν
1961 3294 2001 3309 “
2038 3309 2128 3356 tur

1842 3304 1931 3356 ιεῖν
1961 3294 2001 3309 “
2038 3309 2151 3368 tur,
2186 3301 2397 3357 Aetiani
2445 3298 2683 3371 primum
2741 3307 2870 3351 sunt
2902 3296 3055 3351 dicti.
3106 3294 3403 3365 Postquam
3450 3308 3600 3358 vero,

361 3388 621 3458 ἠνείχετο,
674 3390 769 3442 καὶ
818 3390 875 3442 ἐν
938 3389 1129 3460 πλήθει
1182 3390 1578 3460 διαλεγόμενος,
1632 3387 1788 3456 αὖθις
1830 3392 1931 3465 τὴν
2037 3393 2117 3458 sic

1845 3392 1931 3465 τὴν
2037 3393 2182 3458 sicut
2217 3392 2274 3447 in
2326 3392 2491 3447 rebus
2544 3388 2713 3462 gestis
2761 3386 3069 3442 Constantii
3120 3387 3429 3450 retulimus,
3481 3383 3603 3438 aliis

368 3477 567 3530 ’Δετίου
598 3477 753 3541 δόξαν
788 3481 867 3542 είς
900 3480 1062 3550 μέσον
1096 3481 1317 3551 ἦγαγεν.
1353 3475 1453 3534 Οἷα
1482 3482 1538 3535 δὲ
1566 3482 1707 3550 φιλεῖ
1735 3482 1932 3537 πολλά·
2035 3500 2126 3540 cor

1849 3483 1932 3537 td:-
2035 3484 2566 3541 consubstantialem
2603 3483 2751 3538 Patri
2781 3480 3000 3547 Filium,
3032 3477 3157 3534 aliis
3188 3477 3495 3534 substantia
3530 3477 3607 3531 si-

360 3585 459 3631 κις.
495 3568 868 3639 ἐπιλαθόμενοι
913 3572 962 3623 οί
1011 3570 1285 3642 ἄνθρωποι
1325 3570 1419 3625 τοῦ
1466 3570 1695 3643 πρώτως
1728 3574 1932 3646 ταύτην
2034 3576 2118 3630 mil

1833 3590 1932 3646 την
2034 3576 2217 3631 milem
2268 3573 2642 3631 asscrentihus
2706 3573 2742 3627 ii
2785 3572 2966 3642 quiin
3006 3565 3342 3625 Ariminensi
3375 3564 3587 3639 synodo

361 3659 605 3730 εὑρόντος
631 3660 729 3730 τὴν
758 3660 988 3731 αἵρεσιν,
1033 3663 1280 3734 Εὐνομίῳ
1309 3664 1433 3729 τοὺς
1465 3656 1566 3718 ὧδε
1604 3663 1934 3736 φρονοῦντας
2037 3680 2119 3738 pr:

1847 3682 1934 3729 ra;
2037 3665 2435 3738 praevalebant,
2465 3670 2780 3719 statuerunt
2810 3672 2869 3717 ut
2898 3661 3093 3717 similis
3137 3668 3348 3715 tantum
3395 3657 3605 3713 dicere-

361 3748 734 3819 ὲπωνόμασαν,
784 3750 972 3804 καθότι
1018 3754 1155 3822 μετὰ
1212 3753 1416 3807 Ἀέτιον
1454 3753 1611 3807 τοῦτο
1656 3754 1718 3808 τὸ
1761 3754 1935 3826 δόγμα
2035 3762 2119 3810 tu!

1848 3772 1935 3826 ’μα
2035 3762 2167 3810 tur:
2199 3752 2394 3809 Aetius
2420 3753 2665 3823 quidem,
2698 3759 2886 3822 utpote
2914 3752 3005 3822 qui
3038 3750 3091 3804 in
3130 3750 3298 3804 Deum
3328 3748 3494 3819 impie
3527 3747 3606 3801 lo-

365 3838 640 3905 άνενέωσε,
678 3840 770 3892 καὶ
816 3840 1209 3913 τολμηρότερον
1255 3842 1684 3916 ὲπεξειργάσατο
1708 3843 1799 3899 τοῦ
1834 3844 1932 3917 τὴν
2038 3862 2123 3918 (ιω

1849 3844 1932 3917 rip:
2038 3851 2320 3918 queretur,
2349 3844 2549 3899 exsilio
2578 3841 2873 3897 damnatus
2898 3849 3004 3897 est.
3039 3838 3273 3896 Haeresis
3309 3854 3440 3894 vero
3487 3852 3607 3908 qtue

358 3932 529 4002 άρχην
554 3933 903 4004 παραδόντος.
2037 3938 2109 3993 ab

2037 3938 2109 3993 ab
2148 3937 2241 3992 illo
2272 3933 2504 3991 conﬂata
2539 3932 2740 3999 fuerat,
2772 3932 2982 3987 interea
3029 3931 3294 3999 temporis
3338 3928 3606 4001 quodam-

366 4033 519 4075 mono
562 4025 833 4077 exstincta
877 4031 982 4083 est,
1013 4037 1137 4077 cum
1183 4039 1285 4080 nec
1331 4025 1474 4080 alius
1504 4025 1775 4096 quispiam
1812 4026 2047 4099 alicujus
2074 4024 2334 4083 momenti
2382 4024 2484 4088 vir,
2517 4037 2617 4079 nec
2685 4022 2991 4077 Eunomius
3057 4022 3174 4092 ipse
3236 4035 3355 4075 eam
3428 4020 3607 4090 palam

366 4112 650 4169 defendere
679 4117 923 4169 auderet.
959 4113 1157 4170 Verum
1194 4117 1285 4172 ubi
1317 4116 1599 4188 Cyzicena
1625 4118 1782 4173 urbis
1841 4120 2218 4190 episcopatum
2264 4115 2467 4171 Eleusii
2515 4115 2636 4169 loco
2704 4112 2966 4182 suscepit,
3034 4127 3142 4167 non
3205 4111 3318 4183 jam
3374 4110 3607 4181 amplius

366 4206 874 4272 secontinuit,sed
910 4222 1093 4262 coram
1129 4210 1332 4279 populo
1402 4210 1705 4279 disserens,
1772 4213 2085 4283 opinionem
2154 4212 2297 4266 Aetii
2379 4223 2574 4264 rursus
2618 4207 2676 4262 in
2725 4205 2962 4262 medium
3017 4205 3295 4278 produxit.
3349 4202 3608 4259 Homines

366 4313 510 4364 vero,
539 4301 682 4353 sicut
713 4299 1033 4371 plerumque
1062 4301 1176 4357 ﬁeri
1213 4304 1373 4368 solet,
1398 4302 1518 4374 eius
1548 4304 1641 4375 qui
1673 4304 1921 4360 hreresim
1963 4305 2110 4360 illam
2146 4304 2381 4374 primum
2414 4299 2822 4371 excogitaverat
2859 4296 3038 4365 obliti,
3105 4296 3385 4368 opinionis
3458 4297 3608 4351 illius

364 4400 659 4449 sectatores
701 4391 1067 4449 Eunomianos
1107 4395 1587 4465 cognominarunt,
1632 4406 1921 4467 propterea
1997 4395 2145 4467 quod
2188 4393 2490 4449 Eunomius
2529 4398 2651 4462 post
2689 4389 2903 4444 Aetium
2950 4389 3203 4444 haeresim
3240 4388 3387 4442 illam
3450 4402 3607 4442 reno.

367 4492 601 4548 raverat,
643 4491 696 4537 et
740 4484 948 4553 majore
976 4499 1101 4538 cum
1148 4484 1376 4542 audacia
1425 4501 1588 4552 quam
1630 4486 1720 4543 ille
1748 4502 1778 4541 a
1819 4501 1929 4558 quo
1969 4486 2207 4557 primum
2235 4482 2411 4540 fuerat
2440 4482 2805 4546 tradita,eam
2842 4486 3174 4537 astruxerat.

1624 4665 1894 4753 VALESH
1945 4696 2500 4756 ANNOTA'I‘lONES.

368 4897 491 4967 quia
520 4898 607 4965 qui
638 4896 701 4949 de
731 4894 836 4967 illis
860 4895 928 4948 ad
963 4911 1055 4949 nos
1091 4902 1484 4967 convertuntur,
1518 4911 1619 4949 non
1649 4910 1753 4967 eos
1773 4898 1930 4953 reba-
1964 4881 2011 4938 Ῑ)
2040 4897 2301 4950 catholico
2329 4897 2389 4966 ﬁt
2426 4897 2615 4963 laicus,
2646 4898 2789 4959 piam
2818 4898 3076 4967 damnans
3106 4896 3358 4967 ﬁdem,el
3386 4892 3612 4967 subscri-

367 4962 649 5037 plizamus.
670 4965 758 5019 sed
783 4982 872 5033 per
893 4966 1480 5037 manusimpositionem
1505 4965 1933 5037 reconciliamus.
2044 4967 2167 5021 bens
2206 4962 2423 5021 Arianae
2468 4962 2746 5037 impietati,
2788 4977 2845 5019 ut
2891 4964 2956 5018 ab
2995 4962 3471 5037 luereticoAiterum
3512 4962 3610 5027 cpio

370 5034 463 5092 Illi
496 5053 633 5097 vero,
670 5037 715 5089 si
740 5053 867 5099 quos
892 5036 955 5090 de
987 5034 1181 5107 nostris
1216 5035 1461 5089 seducere
1482 5044 1725 5105 possunt,
1749 5036 1934 5089 irtcon—
2043 5052 2230 5107 scapus
2263 5034 2558 5091 ordinetur.
2586 5035 2731 5107 Idem
2756 5050 2974 5107 quoque
2996 5042 3227 5107 testatur
3255 5034 3615 5107 Hieronymus

368 5109 663 5162 sideranler
700 5109 1046 5174 rebaptizant.
1082 5106 1222 5160 Idem
1261 5112 1495 5160 testatur
1544 5114 1701 5160 vetus
1740 5113 1938 5159 auctor

382 5176 513 5231 Viue
554 5178 724 5231 sancti
765 5174 1050 5247 Fulgentii.
1094 5175 1334 5247 cia-p.21.
1368 5174 1540 5247 Porro
1576 5175 1779 5247 Ariani
1822 5190 1935 5247 non

371 5250 550 5303 solum
585 5244 991 5317 rebaptizabant
1018 5246 1359 5317 Catholicos,
1394 5246 1487 5301 sed
1516 5245 1678 5302 etiam
1704 5244 1937 5317 clericos

370 5334 559 5373 eorum
613 5318 678 5371 ad
704 5314 762 5373 se
808 5318 1087 5372 venientes
1136 5316 1330 5371 iterum
1377 5317 1729 5371 ordinabant.
1765 5314 1938 5383 Cujus

372 5390 449 5443 rei
497 5389 708 5457 insigne
755 5388 1060 5457 exemplum
1095 5387 1357 5457 habemus
1388 5387 1441 5457 in
1487 5387 1669 5441 libello
1712 5400 1937 5457 precum

372 5453 673 5512 Marcellini
708 5453 1028 5527 presbyteri,
1066 5472 1187 5526 pag.
1223 5456 1312 5522 8i,
1357 5456 1460 5511 sub
1490 5458 1649 5511 linem
1673 5473 1686 5510 :
1714 5453 1833 5527 Hic
1857 5464 1939 5527 est

373 5530 606 5599 egregius
639 5539 685 5582 et
712 5525 1081 5599 sanctissimus
1111 5527 1200 5599 ille
1220 5527 1628 5599 episcopus,qui
1657 5542 1775 5579 cum
1801 5525 1939 5599 fuis-

375 5597 450 5654 set
490 5597 716 5667 primum
751 5616 782 5651 a
822 5598 1094 5651 catholicis
1122 5598 1377 5665 episcopis
1416 5597 1691 5650 ordinatus
1730 5597 1935 5665 episco-

377 5686 497 5739 pus,
521 5680 701 5737 postea
744 5669 808 5721 ab
840 5669 997 5734 impio
1030 5668 1248 5739 Georgio
1288 5668 1339 5739 ip
1371 5669 1628 5739 laicorum
1659 5681 1936 5720 numerum

379 5738 645 5801 redactus,
676 5740 1017 5792 nihilominus
1048 5738 1109 5790 ab
1153 5740 1265 5806 ipso
1285 5738 1510 5809 Georgio
1534 5740 1801 5809 episcopus
1843 5751 1934 5789 or-

381 5811 594 5865 dinatus
629 5821 729 5876 est,
758 5812 811 5863 in
855 5810 1123 5864 vexatione
1171 5808 1437 5878 ﬁdelium.
1461 5808 1523 5861 Et
1576 5808 1734 5878 paulo
1782 5814 1931 5876 post:

384 5879 511 5936 Nisi
534 5885 656 5951 quiia
680 5882 911 5935 atrocius
940 5880 1097 5950 gessit
1126 5880 1442 5945 Theodorus,
1471 5895 1583 5932 cunt
1606 5878 1668 5934 de
1694 5878 1934 5945 episcopo

2043 5108 2101 5178 in
2153 5106 2430 5178 Chronico,
2482 5107 2550 5178 de
2581 5104 2788 5178 Cyrilld
2833 5105 3329 5178 Hierosolymitano
3360 5104 3611 5178 loquens:

2045 5176 2302 5248 Cyrillus,
2355 5177 2549 5248 inquit,
2594 5172 2796 5233 cuma
2837 5172 3617 5248 Maximo'fuissetpresbyter

2043 5242 2347 5311 ordinatus,
2376 5242 2570 5315 et'post
2604 5257 2826 5301 mortem
2852 5246 2966 5315 ejus
2989 5246 3066 5315 ita
3108 5242 3155 5299 ei
3190 5244 3263 5315 ab
3291 5243 3486 5315 Acacio
3517 5242 3617 5309 epi-

2041 5334 2198 5383 scopo
2258 5313 2578 5373 Caesariensi
2636 5326 2685 5373 et
2743 5313 2943 5371 cwleris
3012 5313 3229 5383 Arianis
3280 5314 3615 5383 episcopatus

2039 5382 2455 5455 pro’mitlerelur,
2488 5390 2535 5441 si
2571 5389 2957 5441 ordinationem
2998 5382 3228 5455 Maximi
3256 5382 3610 5455 repudiasset,

2041 5451 2299 5512 diaconus
2320 5460 2372 5511 in
2396 5458 2636 5513 Ecclesia
2673 5456 3018 5512 ministravit.
3051 5454 3106 5508 In
3145 5469 3258 5523 quo
3286 5451 3480 5507 Ariani
3507 5451 3613 5506 Do—

2044 5531 2275 5585 natistas
2322 5529 2574 5585 videntur
2623 5528 2862 5593 imitati,
2910 5528 3003 5597 qui
3050 5534 3345 5594 utrmnque
3396 5524 3616 5577 factita-

2043 5608 2193 5654 τυηι.

2119 5669 2229 5747 ς25)
2265 5671 2490 5747 Τόπους
2526 5669 2852 5747 ἐχῴρησεκ.
2903 5664 3190 5747 Assenlior
3230 5658 3617 5747 He.nri.c‘o.Sa-

2046 5731 2320 5811 vilio,'qui
2355 5743 2407 5795 in
2458 5731 2712 5811 margine
2742 5740 2826 5795 sui
2870 5736 3079 5794 codicis
3126 5733 3436 5791 emendavit
3483 5731 3617 5805 exo-

2050 5827 2215 5881 ρισεν.
