4452 6598
373 472 394 525 l
410 472 508 527 569

1323 473 1647 531 HISTORIA
1685 472 2233 537 ECCLESIASTICA.
2278 515 2344 523 —
2384 485 2508 540 LIB.
2555 483 2639 538 VI.

3493 487 3628 542 1570

368 603 489 658 τητι
529 587 696 652 πάθος
741 589 1026 658 δέξασθαι,
1081 591 1174 644 καὶ
1216 594 1273 645 ὲν
1322 596 1387 664 τῇ
1438 594 1723 667 τριημέρῳ
1765 597 1948 671 ἐκείνῃ
1979 607 2018 662 Α
2052 617 2126 670 pa:

1871 597 1948 671 ἵνῃ
1979 607 2018 662 Α
2052 617 2273 670 passum
2316 618 2470 667 esse;
2517 612 2572 658 et
2621 602 2674 656 in
2704 599 2961 656 triduana
3016 603 3107 658 illa
3155 603 3403 674 corporis
3455 615 3629 658 morte

369 679 631 748 νεκρώσει
673 680 766 733 τοῦ
811 681 1081 752 σώματος,
1125 687 1218 737 καὶ
1262 684 1362 755 τὴν
1415 685 1645 756 θεότητα
1715 705 1952 742 συναπο-

369 771 706 842 νεκρωθῆναι
731 771 808 841 τῷ
840 774 1082 844 σώματι·
1116 776 1209 828 καὶ
1245 775 1386 829 οὕτω
1432 779 1583 849 παρὰ
1611 780 1703 832 τοῦ
1737 781 1951 852 Πατρὸς

371 860 530 912 πάλιν
558 862 666 914 ἀπὸ
691 863 784 915 τοῦ
811 863 1041 918 θανάτου
1070 865 1443 935 διαναστῆναι.
1477 868 1556 922 Τὰ
1601 868 1658 922 δὲ
1690 869 1825 924 ἄλλα
1852 873 1952 926 ὅσα

371 955 689 1024 προστίθησι
737 958 856 1019 ταῖς
899 957 1180 1022 τοιαύταις
1227 960 1496 1025 ἀτοπίαις,
1529 963 1739 1033 μακρὸν
1768 963 1834 1018 ἂν
1865 966 1948 1037 εἴη

369 1045 636 1109 διεξιέναι.
666 1043 766 1101 Οἷα
793 1050 890 1120 μὲν
913 1046 1006 1104 οὖν
1033 1052 1125 1104 καὶ
1159 1052 1305 1117 ὅπως
1336 1052 1462 1122 περὶ
1483 1053 1616 1106 Θεοῦ
1641 1054 1950 1119 δοξάζουσιν

381 1139 751 1212 Ἀπολινάριός
804 1161 864 1196 τε
904 1147 999 1198 καὶ
1046 1147 1330 1218 Εὑνόμιος,
1382 1149 1447 1201 ἐκ
1487 1149 1596 1204 τῶν
1646 1150 1950 1221 εἰρημένων

370 1231 472 1302 ὅτῳ
509 1233 656 1302 μέλει
689 1237 977 1292 σκοπείτω.
1012 1240 1074 1292 Εἰ
1098 1240 1154 1292 δὲ
1188 1242 1318 1312 περὶ
1346 1241 1583 1312 μάθησιν
1611 1243 1814 1312 ἀκριϐῆ
1842 1243 1950 1296 τῶν

377 1325 621 1379 τοιούτων
666 1331 848 1382 πονεῖν
896 1329 1154 1399 ἔγνωκεν,
1186 1333 1250 1385 ἐκ
1290 1333 1398 1386 τῶν
1447 1334 1868 1406 γεγραμμένων,
1914 1335 1948 1408 ἢ

369 1417 572 1480 αὐτοῖς,
599 1418 630 1487 ἢ
654 1419 862 1490 ὲτέροις
888 1423 1013 1492 περὶ
1043 1424 1242 1490 αὐτῶν,
1291 1424 1617 1496 ἐπιζητείτω
1647 1425 1716 1479 τὰ
1751 1425 1945 1478 πλείω·

369 1507 490 1559 ἐπεὶ
516 1509 638 1574 ἐμοὶ
670 1508 793 1562 οὔτε
832 1511 1068 1566 συνιέναι
1109 1513 1176 1566 τὰ
1219 1515 1464 1582 τοιαῦτα,
1511 1499 1954 1587 οὗτεμεταφρά-

370 1596 483 1659 ζειν
531 1599 773 1664 εὐπετές.
814 1601 901 1666 Ὠς
945 1602 1088 1656 ἔοικε
1138 1604 1215 1671 δὲ,
1274 1606 1411 1676 πρὸς
1464 1607 1584 1668 ταῖς
1632 1605 1950 1675 εἰρημέναις

370 1689 593 1754 αἰτίαις,
639 1691 700 1744 τὸ
748 1694 821 1763 μὴ
865 1694 1135 1765 κρατῆσαι
1168 1695 1293 1748 τάδε
1335 1697 1404 1750 τὰ
1447 1696 1690 1767 δόγματα
1736 1698 1830 1750 καὶ
1873 1699 1952 1760 εἰς

371 1783 600 1847 πολλοὺς
629 1783 928 1856 προελθεῖν,
973 1787 1208 1857 μάλιστα
1240 1791 1354 1852 τοῖς
1379 1789 1502 1842 τότε
1532 1792 1788 1859 μοναχοῖς
1815 1789 1951 1859 λογι-

373 1873 543 1926 στέον.
581 1873 769 1944 Ἀπρὶξ
804 1875 910 1946 γὰρ
945 1877 1150 1946 εἴχοντο
1169 1878 1278 1930 τῶν
1313 1879 1371 1932 ὲν
1408 1879 1614 1950 Νικαίᾳ
1642 1878 1948 1948 δογμάτων,

2051 690 2394 745 divinitatem
2423 706 2642 761 quoque
2685 691 2732 744 ei
2777 699 3174 745 connnortuam
3226 691 3431 757 fuisse;
3464 686 3629 758 atque

2054 779 2125 832 ita
2155 780 2373 834 demum
2409 779 2586 835 Patris
2615 781 2880 835 beneficio
2906 796 2970 835 ex
2997 789 3172 836 moue
3207 779 3276 835 ad
3305 782 3474 834 vitam
3504 797 3628 835 esse

2052 878 2386 923 revocatam.
2413 869 2619 924 Caetera
2649 886 2772 942 que
2807 869 3124 938 huiusmodi
3158 870 3416 924 absurdis
3444 862 3626 923 asser-

2053 958 2292 1013 tionibus
2349 959 2632 1030 adjungit,
2685 960 2906 1030 longum
2957 960 3121 1013 fuerit
3171 973 3624 1014 commemorare.

2052 1049 2312 1114 Quaenam
2345 1050 2513 1120 igitur
2545 1057 2598 1105 et
2637 1051 2820 1120 qualia
2859 1051 2927 1104 de
2957 1048 3068 1104 Deo
3110 1051 3382 1105 senserint
3427 1050 3622 1119 Apoili-

2053 1143 2204 1197 naris
2236 1152 2288 1198 et
2320 1142 2644 1208 Eunomius,
2681 1159 2747 1198 ex
2774 1144 2858 1199 his
2891 1159 3012 1214 quae
3036 1143 3299 1206 diximus,
3326 1143 3627 1213 intelligere

2052 1235 2275 1305 poterit,
2301 1235 2396 1305 qui
2438 1235 2604 1290 volet.
2649 1235 2804 1301 Quod
2844 1236 2887 1289 si
2921 1235 3048 1304 quis
3075 1242 3391 1288 accuratam
3427 1233 3622 1301 hujus-

2055 1324 2200 1380 modi
2247 1341 2428 1379 rerum
2487 1325 2739 1379 notitiam
2795 1325 3090 1389 desiderat,
3140 1325 3310 1380 ex.iis
3340 1340 3460 1392 qua:
3499 1323 3624 1393 ipsi,

2053 1418 2136 1471 vel
2187 1433 2310 1487 qua:
2368 1417 2456 1470 alii
2508 1417 2575 1471 de
2613 1417 2747 1486 ipsis
2797 1418 3177 1486 scripserunt,
3225 1417 3381 1486 plura
3431 1417 3626 1484 poterit

2053 1523 2386 1578 cognoscere
2414 1529 2426 1563 :
2454 1524 2631 1579 neque
2654 1510 2798 1564 enim
2828 1509 2959 1562 mihi
2999 1508 3157 1563 facile
3183 1519 3267 1562 est
3297 1519 3389 1562 aut
3425 1508 3624 1562 intelli-

2053 1615 2180 1668 gere
2225 1601 2351 1664 ista,
2386 1609 2482 1654 aut
2520 1615 2813 1668 exponere.
2860 1600 3133 1654 Caeterum
3181 1599 3326 1669 quod
3375 1598 3627 1669 dogmata

2054 1689 2162 1745 ista
2216 1704 2325 1742 non
2377 1690 2799 1758 pravaluerint,
2842 1704 2942 1744 nec
2987 1690 3054 1743 ad
3098 1689 3301 1744 multos
3343 1705 3634 1759 permana-

2052 1781 2187 1842 rint,
2223 1790 2422 1851 prmtcr
2447 1796 2541 1836 eas
2570 1795 2769 1835 causas
2805 1795 2942 1850 quas
2983 1787 3145 1848 sup‘ra
3171 1781 3306 1846 dixi,
3341 1780 3631 1836 monachis

2053 1870 2402 1940 potissimum
2465 1882 2523 1926 ut
2589 1856 2826 1925 arbitror
2881 1871 3267 1926 ascrihendmn
3329 1882 3432 1926 est.
3491 1871 3628 1926 Nam

370 1964 423 2015 οἴ
445 1967 582 2030 τε,ἐν
619 1965 786 2038 Συρίᾳ
837 1968 931 2020 καὶ
981 1969 1366 2041 Καππαδοκίᾳ,
1415 1970 1510 2024 καὶ
1554 1970 1712 2040 πέριξ
1747 1971 1953 2024 τούτων
1982 1966 2024 2020 Β
2053 1978 2123 2032 qu

1872 1988 1953 2024 ων
1982 1966 2024 2020 Β
2053 1970 2324 2032 quotquot
2353 1961 2406 2016 in
2454 1961 2614 2034 Syria
2662 1968 2719 2017 et
2768 1961 3145 2031 Cappadocia,
3183 1968 3238 2016 el.
3296 1961 3630 2018 circumsitis

373 2054 802 2124 φιλοσοφοῦντες.
838 2059 902 2112 Ἦ
935 2059 1034 2130 μὲν
1062 2061 1168 2131 γὰρ
1203 2060 1349 2124 Ἕως
1379 2061 1511 2132 (28),
1555 2061 1663 2116 ἀπὸ
1717 2062 1954 2115 Κιλίκων

374 2146 675 2218 ἀρξαμένη,
713 2149 873 2220 μέχρι
905 2151 1172 2206 Φοινίκων
1199 2153 1540 2207 ἐκινδύνευσε
1580 2154 1830 2222 γενέσθαι
1858 2153 1955 2224 τῆς

387 2240 758 2311 ’Λπολιναρίου
787 2243 1050 2313 αἱρέσεως
1077 2242 1188 2313 (99)
1208 2261 1221 2273 '
1249 2245 1512 2315 Εὐνομίου
1553 2245 1610 2297 δὲ
1661 2244 1768 2296 ἀπὸ
1803 2243 1950 2296 Κιλί-

374 2349 504 2392 κων,
536 2332 628 2385 καὶ
658 2333 867 2400 Ταύρου
903 2332 997 2385 τοῦ
1022 2333 1214 2404 ὅρους,
1261 2335 1353 2388 καὶ
1386 2334 1548 2405 μέχρι
1596 2333 1689 2387 τοῦ
1741 2334 1957 2404 Ἑλλησ-

375 2423 563 2474 πὸντου
619 2425 710 2476 καὶ
757 2426 855 2496 τῆς
909 2425 1547 2489 Κωνσταντινουπόλεως·
1612 2426 1811 2498 ῥαδίως
1847 2425 1956 2494 γὰρ

375 2515 631 2586 ἑκάτερος
663 2517 788 2586 παρ’
817 2513 897 2579 οἷς
923 2517 1176 2588 διέτριϐε,
1207 2518 1449 2580 καὶτοὺς
1480 2517 1668 2579 πέλας,
1698 2517 1763 2569 τὰ
1790 2513 1955 2569 αὐτοῦ

377 2611 587 2677 φρονεῖν
609 2608 812 2662 ἔπειθε.
842 2609 1228 2679 Παραπλήσιον
1249 2608 1305 2662 δέ
1334 2625 1447 2670 πως
1473 2611 1583 2670 τοῖς
1605 2608 1695 2659 ἐπὶ
1721 2607 1954 2677 ’Λρείου,

377 2699 469 2751 καὶ
514 2700 605 2751 ἐπὶ
655 2699 865 2764 τούτοις
923 2698 1267 2770 συμϐέϐηκε·
1313 2699 1374 2753 τὸ
1417 2698 1524 2770 γὰρ
1557 2698 1684 2769 τῇδε
1731 2697 1953 2781 πλῆθος,

376 2790 500 2853 τοὺς
551 2791 891 2860 δηλωθέντας
931 2792 1196 2861 μοναχοὺς
1231 2791 1331 2861 τῆς
1381 2790 1582 2861 ἀρετῆς
1623 2789 1730 2842 τῶν
1780 2787 1957 2859 ἔργων

376 2883 739 2952 ἐκθαυμάζον,
786 2883 960 2955 ὀρθῶς
1003 2885 1197 2948 αὐτοὺς
1239 2883 1481 2950 δοξάζειν
1525 2882 1813 2935 ἐπίστευε·
1861 2878 1958 2933 καὶ

374 2973 498 3035 τοὺς
532 2972 705 3036 ἄλλως
754 2973 1103 3044 φρονοῦντας,
1153 2972 1241 3028 οἷά
1287 2990 1352 3042 γε
1405 2973 1479 3044 μὴ
1532 2972 1955 3044 καθαρεύοντας,

375 3063 542 3115 νόθων
593 3065 876 3132 δογμάτων
932 3066 1353 3136 ἀπεστρέφοντο.
1407 3066 1618 3136 Ὠσπερ
1670 3063 1956 3132 Αἰγύπτιοι

373 3154 485 3216 τοῖς
521 3156 646 3223 παρ’
677 3155 859 3217 αὐτοῖς
886 3157 1137 3225 μοναχοῖς
1188 3156 1464 3226 ἑπόμενοι,
1509 3142 1766 3218 ἐναντίως
1812 3149 1957 3225 εἶχον

377 3246 510 3313 πρὸς
542 3247 666 3308 τοὺς
708 3246 936 3318 Ἀρείου.

2058 2055 2357 2124 provinciis
2393 2055 2760 2134 monasticam
2811 2053 3215 2123 philosophiam
3251 2053 3629 2116 sectabantur,

2056 2144 2286 2199 Niczcnae
2356 2137 2551 2215 synodi
2616 2131 2851 2197 decretis
2921 2140 3202 2195 mordicus
3259 2131 3628 2193 adhicrebant.

2057 2235 2254 2290 Parum
2280 2243 2426 2290 certe
2449 2233 2625 2288 abfuit
2656 2233 2787 2302 quin
2814 2230 3055 2286 Orientis
3085 2244 3277 2284 omnes
3311 2228 3628 2298 provinciae,

2058 2341 2087 2379 a
2117 2324 2308 2380 Cilicia
2342 2341 2519 2395 usque
2554 2325 2620 2378 ad
2649 2323 2980 2388 I’htenicen,
3011 2321 3347 2392 Apollinaris
3376 2319 3628 2375 hmresim

2057 2419 2536 2487 amplecterentur.
2572 2415 2826 2471 Eunomii
2875 2422 3060 2468 autem
3097 2413 3343 2476 hazresis,
3378 2427 3405 2465 a
3440 2411 3631 2466 Cicilia

2056 2516 2110 2564 et
2160 2516 2345 2562 monte
2375 2508 2560 2562 Tauro
2593 2507 2659 2561 ad
2691 2501 3099 2576 IIeIFespontum
3148 2505 3310 2575 256
3358 2520 3529 2574 usque
3575 2512 3632 2558 et

2057 2601 2613 2690 Constantinopolim,
2651 2609 2849 2655 cuncta
2889 2598 3281 2669 propemodum
3322 2597 3631 2667 occupavit.

2058 2689 2298 2760 Uterque
2331 2691 2476 2746 enim
2511 2699 2626 2744 tum
2653 2705 2748 2746 eos
2777 2689 2919 2761 apud
2944 2706 3082 2760 quos
3106 2690 3485 2752 morabantur,
3516 2697 3630 2742 tum

2055 2799 2244 2838 eorum
2295 2782 2579 2849 ﬁnitimos,
2629 2784 2682 2836 in
2719 2799 2875 2838 suam
2931 2784 3260 2838 sententiam
3302 2781 3463 2838 facile
3511 2798 3634 2851 per-

2057 2876 2351 2960 duxerunt.
2403 2875 2548 2930 Idem
2603 2891 2771 2946 porro
2820 2877 2939 2931 istis
2985 2860 3216 2940 accidit,
3267 2876 3414 2947 quod
3467 2859 3627 2930 antea

2057 2966 2275 3021 Arianis
2306 2965 2606 3053 acciderat;
2634 2965 2877 3037 Populus
2893 2967 3040 3021 enim
3073 2967 3127 3021 in
3161 2967 3268 3021 illis
3298 2967 3630 3037 regionibus,

2056 3073 2183 3113 eum
2220 3057 2526 3112 monachos
2577 3072 2716 3128 quos
2749 3074 2914 3130 supra
2953 3058 3218 3126 diximus,
3265 3060 3334 3113 ob
3379 3058 3630 3112 virtutem

2056 3158 2219 3220 atque
2250 3163 2413 3218 opera
2449 3149 2604 3204 valde
2637 3150 3029 3217 admiraretur,
3082 3160 3227 3206 recte
3270 3152 3391 3206 illos
3429 3152 3634 3206 sentire

2057 3240 2441 3296 existimabat:
2464 3254 2560 3294 eos
2590 3256 2722 3296 vero
2747 3241 2840 3310 qui
2875 3242 3029 3294 aliter
3052 3241 3336 3305 sentirent,
3371 3251 3630 3311 tanquam

376 3335 698 3391 adulterinis
789 3337 1144 3406 opinionibus
1214 3337 1573 3408 inquinatos,
1647 3335 2064 3391 aversabantur.
2155 3331 2626 3396 Quemadmodum
2713 3331 2842 3385 olim
2912 3330 3156 3403 [Egyptii
3239 3333 3631 3386 monachorum

378 3440 602 3482 Suorun‘t
630 3425 936 3479 doctrinam
975 3427 1180 3492 secuti,
1229 3427 1451 3482 Arianis
1485 3427 1702 3482 fortiter
1740 3425 2076 3482 restiterant.

956 3521 1204 3575 ΚΕΦΑΛ.
1247 3513 1397 3589 ΚΒΜ,

377 3611 513 3679 Περὶ
552 3611 668 3663 τῶν
700 3611 848 3683 κατὰ
884 3611 1025 3683 eoin;
1057 3613 1301 3680 καιροὺς
1344 3613 1614 3680 ἐκείνους
1647 3611 1957 3683 ἀκμασάν-

448 3699 564 3734 των
594 3684 774 3751 ἁγίων
802 3680 1038 3748 ἀνδρῶν
1077 3683 1145 3734 ἐν
1175 3684 1468 3751 Αἰγύπτῳ,
1512 3680 1802 3745 Ἰωάννὸυ,
1834 3686 1956 3751 Ὣρ,

460 3752 658 3820 Ἀμὼν,
694 3750 912 3816 Βήνου,
943 3751 1158 3815 Θεωνᾶ,
1207 3755 1462 3821 Κύπρου,
1508 3753 1714 3820 Ἐλλῆ,
1769 3750 1957 3819 Ἠλία,

460 3821 765 3881 Ἀπελλοῦ.
811 3822 1132 3890 Ἰσιδώρου,
1191 3825 1594 3890 Σεραπίωνος,
1633 3828 1960 3892 Διοσκιζρου

450 3894 545 3944 καὶ
581 3894 900 3961 Εὑλογιόυ.

448 3983 539 4045 Εἰς
584 3983 773 4053 καιρὸν
807 3983 861 4036 δέ
908 4001 997 4052 μοι
1044 3984 1210 4050 δοκεῖ,
1256 3985 1655 4056 ἐπιμνησθέντα
1689 3986 1794 4038 τῶν
1839 3985 1958 4039 τότε

379 4074 437 4124 ὲν
474 4073 884 4144 Χριστιανισμῷ
919 4075 1368 4145 φιλοσοφούντων,
1395 4078 1550 4140 ὅσους
1595 4077 1659 4131 ἂν
1696 4079 1959 4149 δυναίμην

378 4164 682 4229 διεξελθεῖν.
736 4165 966 4236 Πλείστη
1019 4169 1127 4237 γὰρ
1183 4170 1303 4220 κατ’
1351 4171 1524 4221 ἐκεῖνο
1576 4168 1767 4238 καιροῦ
1821 4170 1960 4240 φορὰ

380 4256 641 4326 θεοφιλῶν
671 4256 879 4327 ἀνδρῶν
913 4259 1153 4328 ἐπήνθει.
1187 4259 1456 4331 Διέπρεπε
1489 4259 1544 4312 δὲ
1577 4260 1715 4314 κατὰ
1741 4259 1959 4324 τούτους

379 4342 453 4401 ὧν
500 4351 656 4418 ἴσμεν
699 4350 758 4400 ὲν
796 4349 1052 4419 Αἰγύπτῳ
1087 4350 1372 4422 Ἰωάννης,
1421 4347 1464 4420 ᾧ
1515 4352 1574 4404 τὸ
1631 4352 1818 4422 μέλλον
1867 4353 1959 4405 καὶ

380 4440 554 4502 ἄλλοις
602 4439 794 4509 ἄδηλον
839 4442 867 4492 ὀ
912 4440 1044 4504 Θεὸς
1099 4442 1386 4513 ἐδήλωσεν,
1438 4445 1535 4514 οὐχ
1586 4441 1746 4516 ἦττον
1786 4445 1958 4514 ἢτοῖς

379 4531 557 4596 ἄλλοις
601 4531 766 4584 πάλαι
807 4533 1144 4603 προφήταις·
1189 4534 1284 4588 καὶ
1325 4534 1494 4606 δῶρον
1537 4535 1732 4588 ἔδωκεν
1780 4537 1957 4589 ἰᾶσθαι

378 4625 503 4686 τοὺς
523 4625 762 4686 ἀνιάτοις
793 4624 988 4678 πάθεσι
1016 4625 1110 4678 καὶ
1137 4626 1312 4690 νόσοις
1341 4628 1665 4698 κάμνοντας.
1696 4630 1801 4683 Καὶ
1835 4631 1954 4700 Ὢρ,

376 4715 435 4780 ὃς
463 4717 526 4770 ὲκ
551 4716 669 4769 νέου
701 4716 965 4786 διέτριϐεν
994 4719 1050 4770 ὲν
1082 4719 1326 4790 ἐρήμοις,
1355 4720 1444 4773 ἀεὶ
1479 4720 1539 4773 τὸ
1560 4721 1712 4773 Θεῖον
1751 4721 1953 4791 ὑμνῶν.

392 4806 680 4877 Ἐτρέφετο
727 4807 784 4859 δὲ
829 4807 1079 4878 βοτάναις
1123 4809 1216 4863 καὶ
1262 4809 1439 4882 ῥίζαις
1481 4810 1640 4866 τισίν.
1681 4811 1864 4882 ’Υδωρ
1899 4811 1955 4864 δὲ

378 4898 559 4952 ἔπινεν
589 4898 641 4950 εἴ
666 4916 739 4970 πη
777 4893 950 4971 εὗρεν.
999 4901 1149 4953 Ἐπεὶ
1195 4901 1250 4954 δὲ
1282 4901 1459 4972 γέρων
1497 4897 1585 4972 ἧν,
1618 4901 1759 4956 κατὰ
1805 4901 1954 4957 Θείαν

380 4990 674 5063 πρόσταξιν
702 4991 1063 5061 μετοικισθεὶς
1090 4994 1170 5055 είς
1193 4989 1454 5062 Θηϐαΐδα,
1482 4994 1747 5047 πλείστων
1771 4996 1953 5066 ἠγεῖτο

382 5083 788 5153 μοναστηρίων,
834 5085 941 5137 οὐδ’
977 5085 1136 5148 αὐτὸς
1191 5085 1348 5138 θείων
1396 5087 1644 5158 πράξεων
1689 5088 1953 5158 ἀμοιρῶν.

378 5177 555 5230 Μόνον
583 5175 690 5247 γὰρ
725 5177 1035 5248 εὐχόμενος,
1087 5177 1272 5240 νόσους
1314 5177 1407 5230 καὶ
1453 5178 1709 5248 δαίμονας
1735 5179 1952 5248 ἦλαυνε.

379 5270 490 5321 Καὶ
536 5270 838 5339 γράμματα
892 5270 966 5341 μὴ
1017 5269 1221 5341 μαθὼν,
1254 5272 1351 5325 οὐκ
1403 5272 1569 5324 ἐδεῖτο
1611 5272 1827 5342 βιϐλίων
1875 5275 1956 5336 εἰς

379 5357 681 5428 ἀνάμνησιν
700 5375 712 5387 ·
744 5359 877 5413 ἀλλὰ
907 5362 1012 5413 πῖίν
1042 5361 1177 5431 ὅπερ
1206 5361 1395 5414 ἐλαϐεν
1425 5364 1503 5424 εἰς
1540 5363 1680 5427 νοῦν,
1713 5367 1954 5434 κρεῖττον

379 5444 547 5518 λήθης
573 5447 852 5519 ἐτύγχανε.
894 5451 1030 5521 Περὶ
1059 5451 1115 5505 δὲ
1145 5451 1298 5506 τοῦτο
1332 5453 1390 5507 τὸ
1428 5455 1598 5524 κλίμα
1645 5454 1952 5523 ἐφιλοσόφει

2617 3515 2774 3574 CAP.
2827 3515 3060 3570 XXVIII.

2065 3611 2136 3666 De
2189 3608 2568 3679 sanctis_viris
2617 3610 2707 3678 qui
2764 3621 2885 3662 tunc
2930 3611 2981 3662 in
3033 3608 3264 3679 Egyplo
3304 3612 3630 3677 ﬂoruerunt,

2127 3680 2355 3740 Joanne,
2393 3676 2487 3738 0r,
2529 3676 2718 3743 Anton,
2751 3679 2916 3740 Beno,
2961 3676 3192 3745 Theano,
3233 3676 3418 3744 (ἰόντε,
3461 3681 3626 3744 Helle,

2134 3752 2282 3818 Elia,
2339 3748 2547 3816 Apelle,
2613 3748 2859 3815 Isidoro,
2895 3749 3213 3819 Serapione,
3269 3752 3522 3805 Dioscoro
3587 3773 3634 3812 et

2133 3821 2376 3891 Eulogio.

2131 3999 2236 4056 Sed
2255 3999 2476 4072 quando
2507 4000 2561 4054 in
2588 4002 2918 4056 mentionem
2957 4000 3124 4055 incidi
3154 4016 3343 4056 eorum
3375 4004 3466 4072 qui
3502 4011 3634 4056 tunc

2060 4093 2323 4163 temporis
2371 4093 2515 4147 inter
2549 4092 2898 4174 Christianos
2937 4092 3304 4162 philosophati
3347 4103 3504 4158 sunt,
3543 4110 3637 4164 op-

2060 4197 2356 4258 portunum
2406 4187 2647 4240 arbitror
2702 4201 3067 4254 quoscunque
3129 4200 3276 4239 nunc
3331 4187 3633 4255 potuerim,

2060 4294 2514 4335 commemorare.
2563 4277 2638 4330 Ea
2682 4278 2827 4331 enim
2876 4286 3198 4346 tempestate
3243 4278 3434 4347 ingens
3476 4282 3633 4347 copia

2063 4371 2339 4424 hominum
2364 4369 2475 4444 Deo
2497 4369 2827 4430 dilectorum,
2845 4367 3102 4422 emeruit.
3128 4367 3205 4422 Ex
3237 4369 3306 4423 iis
3339 4386 3465 4423 vero
3495 4387 3635 4439 quos

2060 4460 2114 4514 in
2178 4460 2415 4532 Egypto
2467 4460 2673 4515 vixisse
2744 4461 3093 4529 accepimus,
3149 4461 3461 4530 pratcipuus
3531 4463 3635 4515 fuit

2057 4552 2318 4617 Joannes,
2367 4551 2454 4606 cui
2491 4551 2635 4607 Deus
2676 4567 2784 4606 non
2816 4552 3000 4606 minus
3033 4567 3197 4621 quam
3223 4553 3499 4608 veteribus
3526 4555 3634 4610 illis

2059 4646 2372 4714 prepbetis,
2411 4645 2719 4698 futurarum
2763 4643 3182 4714 abditarumque
3230 4659 3408 4697 rerum
3449 4645 3635 4714 cogni-

2061 4737 2262 4789 tionem
2297 4735 2598 4787 donaverat
2628 4747 2643 4786 :
2672 4748 2877 4802 eosque
2922 4732 3015 4802 qui
3053 4733 3452 4788 insanabilibus
3491 4749 3634 4787 mor-

2060 4827 2144 4882 bis
2207 4826 2526 4880 laborabant
2579 4826 2809 4880 curandi
2874 4825 3100 4881 dederat
3155 4834 3501 4896 potestatem.
3559 4825 3634 4880 Or

2060 4924 2341 4986 praeterea,
2368 4915 2461 4985 qui
2505 4915 2574 4969 ab
2613 4915 2838 4970 ineunte
2861 4924 3018 4970 aetate
3054 4916 3188 4970 vixit
3223 4916 3278 4970 in
3310 4917 3630 4978 solitudine,

2059 5008 2288 5078 hymnos
2315 5006 2538 5061 assidue
2567 5008 2619 5060 in
2655 5006 2746 5060 Dei
2786 5006 3001 5062 laudem
3034 5023 3258 5064 canens.
3289 5007 3631 5063 Vescebatur

2057 5107 2238 5152 autem
2301 5097 2504 5168 plantis
2559 5098 2892 5168 quibusdam
2945 5114 3008 5153 ac
3057 5099 3354 5155 radicibus.
3421 5100 3629 5169 Aquam

2056 5207 2185 5246 vero
2221 5190 2461 5254 bibebat,
2501 5191 2678 5245 sicubi
2721 5192 3023 5246 invenerat.
3074 5191 3176 5258 Qui
3225 5206 3351 5246 cum
3397 5193 3504 5261 iam
3564 5194 3630 5246 ad

2056 5283 2279 5337 senilem
2311 5283 2555 5337 vertisset
2593 5292 2834 5349 aatatem,
2865 5281 2975 5337 Deo
2999 5283 3250 5353 jubente,
3292 5283 3533 5352 migrans
3577 5284 3628 5336 in

2055 5366 2407 5435 Thebaidem,
2439 5370 2691 5440 plurimis
2737 5371 2849 5426 illic
2885 5372 3237 5427 monasteriis
3272 5372 3522 5441 praefuit,
3559 5389 3628 5425 ne

2061 5459 2148 5514 ille
2177 5460 2395 5529 quidem
2441 5461 2828 5516 miraculorum
2864 5477 3081 5533 expers.
3129 5461 3345 5519 Morbos
3383 5465 3524 5518 enim
3566 5479 3626 5516 ac

1574 5631 1842 5689 VALESII
1878 5635 2428 5695 ANNOTATIONES.

453 5767 591 5839 (:28),
620 5769 681 5822 Ἡ
711 5770 827 5837 μὲν
866 5770 972 5839 γὰρ
1004 5771 1132 5838 ἕως.
1161 5771 1214 5825 In
1255 5773 1442 5827 codice
1485 5773 1784 5827 Fuketiauo
1819 5777 1954 5828 scri-

385 5847 532 5959 ptum
584 5838 764 5894 inveni
818 5838 1104 5912 'éto,quod
1159 5843 1380 5899 minimc
1432 5845 1810 5913 ungligcntlum
1851 5863 1946 5911 pu-

412 5922 516 5959 avz.

2133 5776 2244 5838 (ΞΟ)
2314 5777 2422 5842 Τῆς
2483 5778 2900 5848 Ἀπολιναμιόυ
2959 5779 3257 5845 αἱρέσεως.
3322 5778 3390 5848 11ιῄ
3441 5775 3627 5848 cnu'iejc

2062 5845 2360 5969 Fillkttllmm
2433 5851 2726 5917 scriptum’
2765 5845 2861 5904 ’ρει
2923 5849 3173 5918 μερίδος,
3249 5846 3392 5916 quod
3459 5847 3628 5916 magis

2063 5928 2255 5969 ῐιιιςρι.

2063 5928 2255 5984 plutei.
