4452 6598
374 445 514 500 1373

1364 434 1690 491 HISTORIA
1728 431 2290 490 ECCLESIASTICA.
2322 461 2393 473 —
2428 430 2559 487 LIB.
2587 430 2675 486 VI.

3496 435 3635 489 I374.

369 581 570 632 γνωσιν
620 561 909 633 ἐσχηκέναι
942 560 1036 629 τῆς
1091 558 1195 613 τῶν
1246 558 1578 630 προσιόντων
1621 559 1828 622 ἐννοίας
1859 559 1951 611 ἐπὶ
1982 564 2023 622 Α
2056 554 2127 609 Me

1875 559 1951 611 επὶ
1982 564 2023 622 Α
2056 554 2251 609 Messis
2281 564 2464 609 autem
2497 561 2765 622 tempore,
2800 552 2976 622 pretio
3007 536 3483 622 conducti-fruges
3516 569 3633 607 me-

368 654 642 714 τοσοῦτον,
673 654 748 716 ὠς
777 654 872 707 καὶ
908 653 975 705 τὰ
1011 651 1375 723 ἡμαρτημένα
1414 651 1600 720 σαφῶς
1630 650 1946 719 διελέγχειν,

369 747 465 798 καὶ
494 746 561 798 τὰ
588 745 727 798 κατὰ
754 744 876 797 νοῦν
910 745 1121 812 ἑκάστῳ
1162 745 1515 815 κρυπτόμενα
1554 743 1783 812 ἐφορᾷψ
1823 743 1950 805 τοὺς

368 833 462 888 οὖν
501 835 685 897 κακῶς
714 836 1083 903 πεπραχότας,
1111 833 1144 902 ἢ
1181 832 1306 902 περί
1333 848 1476 894 τινος
1504 831 1706 900 φαύλου
1739 830 1952 899 βουλευ-

373 923 661 989 σαμένους,
687 921 825 982 τέως
854 916 1002 990 εἶργε
1031 920 1123 973 τοῦ
1155 919 1563 989 θυσιαστηρίου,
1595 919 1760 989 δήλην
1789 920 1949 987 ποιή-

374 1021 471 1067 σας
493 1004 589 1074 τὴν
610 1005 883 1075 ἁμαρτίαν
905 1020 916 1031 ·
945 1004 1272 1074 μεταμελείᾳ
1294 1003 1350 1057 δὲ
1381 1003 1750 1073 καθαρθέντας
1789 1004 1952 1059 πάλιν

374 1101 655 1165 προσίετο.

2050 648 2275 706 tcbant,
2319 651 2375 699 et
2415 645 2749 697 h'titnentutn
2784 642 2933 713 quod
2979 644 3084 697 sibi
3132 644 3403 699 suiliceret
3438 658 3636 697 recon-

2050 738 2274 799 debant,
2306 744 2360 791 et
2405 737 2528 791 aliis
2574 738 2861 792 monachis
2894 738 3065 805 gratis
3115 735 3342 791 dabant.
3383 734 3632 789 Dioscori

2053 844 2184 883 vero
2229 827 2375 883 haud
2445 829 2635 899 plures
2689 843 2853 897 quam
2906 837 3125 882 centum
3165 838 3320 882 erant
3356 827 3631 897 discipuli.

2055 921 2159 987 Qui
2206 935 2330 973 cum
2370 930 2512 976 esset
2560 921 2871 991 presbyter,
2907 934 3123 973 summa
3174 934 3296 973 cum
3351 916 3635 988 diligentia

2073 1012 2417 1069 sacerdotale
2472 1026 2673 1065 munus
2724 1012 3020 1079 implebat;
3065 1025 3160 1065 eos
3202 1011 3300 1079 qui
3347 1009 3412 1064 ad
3475 1022 3636 1063 sacra

2061 1104 2323 1174 mysteria
2367 1104 2717 1165 accederent,
2747 1103 3068 1157 examinans
3102 1110 3157 1156 et
3203 1109 3458 1156 accurate
3490 1101 3631 1170 diju-

374 1188 564 1241 dicans
598 1204 610 1238 :
645 1186 719 1240 ita
750 1198 809 1241 ut
844 1196 1024 1243 mente
1059 1195 1222 1242 antea
1256 1194 1612 1258 perpurgata,
1680 1202 1782 1243 nec
1851 1189 2021 1248 ullius
2059 1196 2286 1251 admissi
2330 1195 2555 1251 sceleris
2611 1194 2824 1249 conscii
2879 1193 3243 1248 accederent.
3295 1192 3490 1247 Adhuc
3540 1192 3634 1247 illo

376 1282 698 1336 severiorin
741 1283 916 1335 sacris
955 1283 1230 1353 mysteriis
1267 1283 1642 1351 impertiendis
1674 1282 1775 1337 fuit
1815 1297 1928 1341 tum
1970 1288 2228 1361 Eulogius
2253 1292 2569 1361 presbyter;
2606 1307 2767 1360 quem
2805 1290 3007 1351 ferunt.
3055 1304 3180 1343 cum
3222 1304 3334 1343 rem
3391 1286 3632 1341 divinam

377 1378 618 1439 laceret,
682 1373 1057 1428 accedentium
1126 1374 1492 1443 cOgitationes
1558 1390 1733 1445 usque
1812 1377 1949 1433 adeo
1989 1383 2344 1448 praenovisse,
2366 1393 2422 1436 ut
2448 1382 2645 1436 delicta
2666 1396 2857 1435 eorum
2916 1380 3227 1435 certissime
3286 1389 3633 1447 coarguerel,

378 1475 433 1521 et
471 1482 590 1534 quae
620 1466 816 1536 singuli
895 1470 1112 1535 penitus
1165 1467 1219 1520 in
1274 1480 1456 1521 mente
1502 1469 1789 1522 recondita
1859 1471 2171 1541 habebant,
2232 1476 2598 1545 perspiceret.
2637 1476 2743 1528 Eos
2801 1474 2967 1544 igitur
3019 1473 3113 1543 qui
3158 1472 3283 1526 mali
3334 1470 3629 1542 quidpiam.

378 1564 808 1629 perpetrassent,
838 1566 931 1609 aut
963 1566 1182 1626 patrare
1210 1558 1604 1623 decrevissent,
1628 1561 1945 1629 aliquandiu
1987 1568 2216 1620 arcebat
2255 1569 2324 1621 ab
2347 1568 2530 1635 altari,
2559 1566 2758 1621 delicta
2789 1581 2983 1621 eorum
3020 1566 3075 1618 in
3142 1573 3396 1634 apertum
3456 1565 3638 1635 profe-

376 1665 525 1704 reas.
558 1647 749 1703 Postea
781 1663 907 1703 vero
930 1651 1248 1718 paenitentia
1281 1661 1539 1720 purgatos
1564 1653 1627 1706 ad
1655 1655 1911 1722 mysteria
1948 1656 2296 1713 admittebat.

945 1763 1197 1817 ΚΕΦΑΔ.
1239 1764 1368 1818 KG'.

376 1871 514 1950 Περί
548 1870 666 1924 τῶν
679 1872 771 1950 ἐκ
819 1874 1056 1938 Θηϐαΐδι
1083 1875 1401 1950 μοιἀχῶν,
1445 1880 1726 1947 Ἀπολλὼ,
1767 1885 1950 1950 Δωρο-

445 1942 604 2015 θέου,
669 1942 1034 2011 ΠιάμμωιὌς,
1083 1942 1373 2008 ’1ωάι”ιὲ·ου,
1419 1942 1722 2015 Μάρκου(
1751 1942 1951 2006 Μακα-

437 2014 575 2077 ρίου
598 2051 609 2073 ,
659 2016 1066 2067 Ἀπολλωνίου
1088 2055 1101 2075 ,
1150 2018 1425 2081 Μωσέως,
1471 2014 1711 2075 Παύλου
1749 2022 1855 2077 τοῦ
1882 2025 1953 2076 ὲν

447 2082 661 2149 φέρμῃ,
700 2084 933 2150 Παχὼν,
964 2086 1267 2152 Στεφάνου
1301 2092 1399 2140 καὶ
1432 2090 1603 2157 Πίωρ.

448 2175 603 2228 Κατὰ
636 2176 856 2238 τούτους
885 2175 939 2228 δὲ
973 2178 1066 2228 καὶ
1108 2177 1377 2241 Ἀπολλὼς
1414 2181 1471 2231 έν
1501 2180 1727 2245 Θηϐαΐδι
1758 2181 1953 2253 διέτρι-

379 2262 492 2327 ϐεν,
523 2264 579 2328 ὃς
624 2265 758 2334 ήϐᾷν
794 2266 1111 2336 ἀρχόμενος,
1157 2269 1562 2339 ἐφιλοσόφησεν.
1605 2272 1725 2324 Ἐπὶ
1753 2289 1947 2325 τεσσα-

382 2356 615 2424 ράκοντα
646 2356 701 2408 δὲ
738 2356 830 2426 ἔτη
871 2358 970 2427 τὴν
1005 2357 1207 2426 ἔρημον
1250 2362 1498 2431 οίκήσας,
1550 2362 1811 2432 σπήλαιον
1852 2363 1955 2415 ὑπὸ

381 2445 440 2495 τὸ
471 2444 591 2514 ὅρος
623 2445 848 2514 πλησίον
895 2447 991 2515 τῆς
1039 2450 1383 2521 οἰκουμένης,
1428 2453 1519 2506 τοῦ
1554 2452 1689 2505 Θεοῦ
1724 2456 1956 2525 χρήσαν-

380 2551 491 2596 τος,
522 2535 834 2589 κατελαϐεν.
873 2537 1003 2589 Ὑπὸ
1041 2538 1096 2590 δὲ
1128 2538 1365 2610 πλήθους
1399 2541 1865 2613 θαυματουργιῶν,
1898 2547 1955 2598 ἐν

382 2624 546 2694 ὀλίγῳ
574 2626 837 2696 ἐπίσημος
866 2629 1097 2694 ἐγένετο,
1126 2632 1217 2681 καὶ
1248 2632 1469 2701 ἡγεμὼν
1501 2634 1766 2686 πλείστων
1797 2654 1956 2704 μονα-

383 2714 514 2784 χῶν.
544 2712 650 2768 Ἶιν
691 2718 796 2787 γὰρ
839 2721 932 2772 καὶ
989 2722 1108 2783 ταῖς
1152 2721 1520 2785 διδασκαλίαις
1568 2726 1647 2787 είς
1692 2725 1956 2792 ὠφέλειαν

387 2809 690 2875 έπαγωγός.
718 2808 858 2861 Ἀλλ’
892 2812 978 2880 οἵᾳ
1004 2812 1103 2881 μὲν
1147 2815 1335 2885 ἀγωγῇ
1377 2816 1592 2885 ἐχρῆτο,
1629 2818 1722 2869 καὶ
1757 2818 1957 2888 ἡλίκων

383 2894 452 2968 ἦν
475 2901 633 2954 θείων
662 2902 753 2954 καὶ
781 2904 1094 2972 παραδόξων
1120 2908 1461 2976 πραγμάτων
1485 2910 1733 2980 ποιητὴς,
1762 2910 1960 2981 ἱστορεί

385 2992 645 3061 Τιμόθεος
691 2996 719 3047 ό
771 2997 868 3063 τὴν
912 2996 1300 3066 Ἀλεξανδρέων
1358 3001 1680 3071 Ἐκκλησίαν
1735 3004 1958 3073 ἐπιτρο-

2548 1771 2714 1840 253
2759 1770 2912 1827 CAP.
2948 1768 3141 1824 xxrx.

2051 1881 2127 1935 De
2202 1884 2469 1937 monachis
2534 1885 2585 1936 iu
2653 1883 2917 1936 Thebaide
2975 1882 3282 1952 degentibus
3328 1879 3633 1952 ἔλᾼροίίο,

2120 1952 2403 2012 Dorotlteo,
2454 1954 2780 2013 I’iammone,
2832 1948 3070 2013 Joanne,
3128 1952 3337 2010 Marco.
3370 1948 3634 2015 Macario,

2124 2024 2423 2091 Apollonio.
2470 2021 2641 2086 Muse,
2673 2024 2845 2078 Paulo
2900 2021 3201 2085 Fcrmensi,
3246 2022 3486 2085 l’achon,
3517 2019 3637 2075 Stc-

2120 2095 2292 2161 pltauo
2320 2104 2369 2147 et
2408 2092 2559 2147 Pior.

2125 2186 2328 2240 lIorum
2402 2186 2740 2253 temporibus
2810 2186 3039 2255 aequalis
3110 2184 3336 2253 Apollos
3387 2183 3524 2237 vixit
3580 2182 3636 2236 in

2053 2276 2349 2333 Thebaide.
2405 2277 2508 2344 Qui
2558 2294 2683 2333 cum
2731 2281 3035 2349 pubescere
3102 2278 3285 2331 adhuc
3344 2275 3635 2345 inciperet.

2055 2373 2427 2442 philosophari
2459 2374 2734 2435 instituit;
2778 2386 3015 2440 cumque
3046 2371 3100 2423 in
3135 2369 3439 2424 solitudine
3481 2382 3639 2438 inan-

2053 2468 2215 2519 sisset
2266 2479 2361 2533 per
2390 2479 2565 2518 annos
2602 2463 2996 2533 quadraginta,
3051 2461 3271 2515 tandem
3317 2462 3636 2529 speluncam

2054 2557 2119 2608 ad
2157 2555 2371 2609 radices
2399 2556 2602 2611 montis
2626 2557 2809 2616 sitam.
2839 2556 2982 2608 haud
3020 2554 3212 2622 procul
3249 2553 3319 2607 ab
3354 2553 3637 2607 hominum

2054 2648 2383 2708 domiciliis.
2445 2649 2632 2700 divino
2704 2652 2944 2699 monitus
3021 2647 3248 2699 oraculo
3322 2643 3638 2712 occupavit.
3718 2698 3721 2701 ,

2059 2738 2160 2793 Ubi
2215 2755 2326 2809 prze
2371 2740 2762 2793 miraculorum
2813 2737 3162 2791 multitudine
3211 2735 3361 2790 brevi
3418 2735 3640 2803 conspi-

2056 2846 2193 2883 cuus
2238 2841 2291 2884 et
2335 2830 2697 2897 complurium
2759 2828 3154 2881 monachorum
3213 2824 3376 2879 Pater
3426 2823 3638 2887 evasit;

2057 2932 2181 2969 nam
2234 2925 2284 2969 et
2341 2917 2566 2971 utilibus
2626 2916 2970 2969 documentis
3020 2929 3214 2969 omnes
3262 2913 3331 2968 ad
3379 2914 3641 2966 virtutem

2058 3009 2352 3062 alliciebat.
2394 3006 2592 3061 Verum
2643 3023 2891 3077 quamam
2937 3006 3106 3061 fuerit
3135 3007 3257 3074 ejus
3290 3005 3509 3060 vivendi
3549 3020 3641 3059 ra-

386 3085 590 3147 πεύσας
611 3105 624 3114 ·
656 3082 713 3139 εὖ
743 3087 884 3155 μάλα
918 3087 1101 3149 αὑτοῦ,
1138 3091 1230 3141 καὶ
1255 3090 1460 3143 πολλῶν
1489 3085 1562 3144 ὧν
1588 3092 1955 3162 ἐπεμνήσθην,
1988 3124 2028 3179 C
2064 3103 2139 3155 ιίο

1884 3110 1955 3162 ἣν.
1988 3124 2028 3179 C
2064 3103 2160 3163 tio,
2207 3110 2258 3153 et
2292 3109 2495 3170 quanta
2544 3116 2819 3169 quamque
2858 3100 3045 3154 divina
3082 3099 3347 3153 miracula
3385 3109 3642 3167 patrave-

387 3178 480 3229 καὶ
527 3178 699 3229 ἄλλων
735 3179 968 3249 δοκίμων
1008 3183 1255 3251 μοναχῶν
1294 3184 1419 3245 τοὺς
1460 3182 1606 3252 βίους
1654 3183 1957 3249 διεξελθών.

400 3267 487 3318 Ἐν
520 3268 575 3319 δὲ
609 3270 686 3338 τῷ
718 3271 836 3324 τότε
891 3273 1074 3326 πολλοὶ
1108 3276 1199 3325 καὶ
1227 3274 1417 3341 ἀγαθοὶ
1453 3276 1752 3339 σπουδαίως
1785 3276 1960 3344 ἐφιλο-

390 3360 584 3425 σόφουν
614 3363 715 3415 ἀνὰ
737 3364 832 3433 τὴν
865 3365 1287 3435 Ἀλεξάνδρειαν,
1323 3368 1466 3437 ἀμφὶ
1505 3369 1749 3438 δισχίλιοι
1778 3371 1924 3433 ὄντες
1947 3388 1958 3399 ·

386 3443 461 3502 ὧν
485 3452 532 3501 οί
560 3451 657 3518 μὲν
709 3455 765 3504 έν
796 3456 906 3516 τοῖς
935 3454 1286 3524 καλουμένοις
1313 3459 1410 3528 ὲρη
1423 3462 1597 3528 μικοῖς
1629 3461 1736 3525 (55)
1765 3459 1959 3529 ᾧκουψ

387 3542 437 3593 οἱ
462 3542 516 3594 δὲ
583 3545 706 3612 περὶ
743 3543 831 3596 τὸν
866 3546 1169 3617 Μαρεώτην
1204 3550 1297 3601 καὶ
1327 3551 1451 3613 τοὺς
1490 3552 1553 3602 ἐκ
1584 3553 1839 3617 γειτόνων
1868 3552 1962 3603 Λί-

390 3633 541 3696 ϐυας.
593 3636 913 3707 ’Υπερφυῶς
970 3639 1025 3691 δὲ
1092 3641 1148 3691 ἐν
1202 3641 1411 3705 τούτοις
1475 3643 1731 3713 διέπρεπε
1785 3645 1963 3714 Δωρό-

389 3726 509 3791 θεος
532 3729 663 3794 (54),
684 3730 918 3800 Θηϐαῖος
944 3733 1006 3784 τὸ
1025 3732 1198 3799 γένος,
1241 3729 1285 3802 ᾧ
1311 3735 1422 3803 βίος
1448 3732 1534 3804 ἦν,
1560 3740 1617 3789 έν
1641 3739 1818 3808 ἡμέρᾳ
1846 3742 1963 3806 μὲν,

390 3820 498 3872 ἀπὸ
527 3821 621 3888 τῆς
652 3821 819 3884 πέλας
853 3823 1128 3895 θαλάσσης
1158 3826 1334 3890 λίθους
1365 3828 1658 3895 συλλέγειν.
1695 3833 1785 3882 καὶ
1815 3831 1966 3892 ἔτους

391 3910 618 3962 ἑκάστου
649 3912 868 3965 οὶκίδιον
909 3916 1356 3980 κατασκευάζειν,
1385 3919 1477 3971 καὶ
1515 3919 1713 3972 διδόναι
1746 3922 1856 3982 τοῖς
1892 3920 1966 3991 μὴ

389 4002 703 4072 δυναμένοις
730 4005 943 4069 ἑαυτοῖς
970 4007 1301 4077 οἰκοδομεῖν
1334 4009 1549 4080 νύκτωρ
1587 4011 1643 4063 δὲ
1683 4013 1761 4074 είς
1802 4013 1965 4064 αὑτοῦ

389 4093 682 4164 διατροφὴν
712 4098 774 4148 ἐκ
806 4098 1060 4164 φοινίκων
1108 4098 1317 4166 φύλλων
1356 4102 1539 4171 σειρὰς
1570 4102 1803 4166 πλέκων,
1833 4120 1966 4156 σπυ-

392 4186 541 4256 ρίδας
582 4187 882 4255 εἰργάξετο.
928 4190 1113 4261 Τροφὴ
1147 4191 1202 4243 δὲ
1241 4187 1309 4261 ἦν
1347 4192 1493 4262 αύτῷ
1543 4193 1707 4260 ἄρτου
1752 4196 1965 4262 οὑγκίαι

390 4278 468 4341 ἒξ,
504 4281 593 4330 καὶ
627 4281 837 4332 λεπτῶν
871 4282 1113 4349 λαχάνων
1150 4283 1305 4352 δέμα,
1340 4287 1432 4336 καὶ
1475 4285 1617 4352 ὕδωρ
1651 4286 1830 4339 πότον.
1874 4287 1966 4340 Ἐκ

391 4371 511 4424 νέου
550 4372 603 4423 δὲ
638 4373 807 4434 οὕτως
848 4376 1111 4443 ἀσκήσας,
1161 4376 1223 4427 ού
1265 4375 1469 4427 διέλιπε
1515 4378 1605 4429 καὶ
1630 4377 1805 4447 γέρων
1852 4375 1961 4429 ὤν’

2065 3198 2154 3253 rit.
2219 3194 2540 3247 'l'imotheus
2592 3193 2974 3246 Alexandrina:
3039 3193 3293 3247 Beclesizc
3342 3193 3632 3260 episcopus

2062 3292 2493 3340 commemorat:
2533 3286 2622 3352 qtti
2664 3291 2719 3337 et
2762 3286 2927 3352 hujus
2964 3284 3087 3346 viri,
3139 3293 3194 3336 et
3226 3284 3459 3335 aliorum
3506 3296 3640 3350 quo-

2062 3395 2183 3431 rtnn
2216 3386 2371 3429 antea
2410 3380 2741 3430 mentionem
2779 3376 2904 3441 Ieci,
2940 3387 3102 3429 vitam
3138 3377 3341 3429 litteris
3380 3375 3639 3442 prodidit.

2066 3470 2234 3522 I‘orro
2272 3481 2399 3521 tunc
2447 3470 2713 3537 temporis
2784 3470 2942 3522 multi
2997 3468 3119 3521 boni
3159 3468 3260 3520 viri
3310 3470 3363 3521 in
3413 3469 3646 3522 Alexan-

2065 3562 2351 3613 drinorum
2403 3575 2623 3629 regione
2682 3561 2875 3615 sedulo
2925 3560 3484 3628 philosophabantur,
3537 3574 3646 3612 nu-

2067 3668 2218 3705 mero
2268 3652 2489 3704 circiter
2541 3654 2621 3706 bis
2657 3653 2827 3705 mille.
2876 3651 3121 3715 Quorum
3156 3652 3247 3703 alii
3283 3651 3550 3719 degebant
3590 3649 3644 3702 in

2067 3744 2202 3796 locis
2235 3759 2356 3812 qua:
2404 3746 2639 3796 eremica
2682 3744 2981 3796 dicuntur:
3035 3742 3125 3794 alii
3162 3742 3309 3794 circa
3367 3738 3645 3792 Mareoten

2066 3844 2119 3886 et
2154 3836 2367 3886 vicinos
2413 3834 2610 3903 Libyas
2671 3835 3000 3888 incolebant.
3037 3833 3183 3885 Inter
3225 3846 3363 3901 quos
3412 3830 3647 3885 maxime

2066 3928 2262 3980 enituit
2318 3925 2651 3991 Dor-otheus,
2714 3926 2884 3996 patria
2941 3923 3209 3978 Thebaeus
3257 3942 3270 3977 :
3326 3922 3485 3989 cujus
3526 3922 3642 3976 haec

2070 4018 2170 4070 fuit
2220 4017 2434 4069 vivendi
2474 4020 2648 4079 ratio,
2693 4024 2752 4069 ut
2805 4015 3042 4070 interdiu
3098 4014 3323 4085 quidem
3361 4030 3427 4069 ex
3462 4016 3644 4068 vicino

2067 4108 2203 4159 mari
2239 4106 2448 4175 lapides
2479 4106 2784 4174 colligeret,
2816 4114 2869 4159 et
2894 4106 3195 4173 quotannis
3227 4106 3479 4158 cellulam
3510 4120 3645 4159 con-

2066 4207 2329 4260 strueret,
2369 4212 2600 4265 camque
2633 4197 2868 4250 donaret
2896 4195 2963 4250 iis
2992 4195 3085 4265 qui
3120 4193 3225 4248 sibi
3251 4194 3353 4263 ipsi
3374 4192 3645 4249 aediﬁcare

2068 4305 2173 4343 non
2214 4296 2474 4358 possent,
2519 4297 2684 4341 noctu
2710 4302 2836 4341 vero
2866 4304 2930 4342 ex
2960 4287 3265 4356 palmarum
3306 4286 3454 4340 Iuliis
3495 4286 3644 4339 Iuni-

2068 4382 2227 4433 culos
2271 4389 2487 4443 texens,
2532 4379 2814 4448 sportulas
2853 4378 2919 4431 ad
2967 4376 3272 4447 parandum
3312 4378 3416 4430 sibi
3440 4378 3643 4429 victum

390 4466 663 4518 οὐδέποτε
693 4467 876 4535 ὠράοη
922 4470 1011 4520 ἐπὶ
1052 4470 1204 4536 ῥιπὸς
1242 4468 1275 4538 ἢ
1316 4470 1499 4538 κλίνης
1538 4470 1895 4541 καθευδήσας,
1926 4471 1957 4539 ἦ
1998 4461 2040 4514 D
2072 4480 2148 4531 l'at‘

1883 4510 1895 4533 9
1926 4471 1957 4539 ἦ
1998 4461 2040 4514 D
2072 4480 2297 4532 faceret.
2328 4478 2502 4531 Cibus
2557 4485 2677 4533 erat
2728 4477 2807 4531 illi
2861 4477 3018 4545 panis
3056 4474 3273 4544 quidem
3311 4473 3487 4527 uncia:
3524 4487 3641 4535 sex,

390 4557 517 4617 τοὺς
568 4558 727 4619 πόδας
779 4560 1021 4620 ἐκτείνας
1071 4561 1266 4623 ἀνέσει,
1314 4561 1345 4630 ἦ
1396 4561 1534 4614 ἑκὼν
1580 4561 1731 4631 ὕπνῳ
1779 4561 1968 4614 ἑαυτὸν

395 4648 600 4708 ἐκδούς.
643 4650 786 4717 Πλὴν
819 4651 940 4701 ὅσον
989 4650 1353 4721 ἐργαζόμενος
1406 4654 1437 4721 ἢ
1483 4653 1699 4716 ἐσθίων,
1730 4653 1967 4722 βιασθεὶς

395 4738 497 4789 ὑπὸ
524 4740 620 4808 τῆς
654 4739 883 4806 φύσεως,
917 4740 1083 4808 έμυσε
1123 4743 1245 4805 τοὺς
1288 4743 1625 4811 ὀφθαλμούς·
1669 4746 1744 4805 ὡς
1773 4743 1970 4810 πολλά-

394 4847 480 4894 κις
499 4831 848 4895 νυστάζοντος
879 4835 935 4883 ἐν
963 4832 1038 4902 τῷ
1064 4834 1282 4895 ἐσθίειν,
1308 4837 1560 4887 ἐκπεσεῖν
1578 4835 1672 4887 τοῦ
1704 4836 1966 4905 στόματος

393 4924 490 4991 τὴν
517 4926 741 4992 τροφήν.
768 4925 901 4977 Ποτὲ
926 4925 1051 4992 γοῦν
1078 4929 1154 4989 εἰς
1184 4927 1349 4997 ἄκρον
1368 4927 1657 4998 κρατηθεὶς
1680 4928 1755 4997 τῷ
1786 4929 1957 4996 ὕπνῳ,

396 5012 581 5065 ἔλαθεν
607 5015 698 5064 ἐπὶ
722 5014 815 5065 τοὺ
842 5016 994 5084 ῥιπὸς
1019 5016 1217 5066 nas-dw-
1247 5017 1339 5067 καὶ
1364 5016 1657 5085 περίλυπος
1681 5018 1771 5069 ἐπὶ
1791 5017 1961 5086 τούτῳ

394 5105 650 5172 γεγονὼς,
676 5107 854 5175 ἡρέμα
885 5106 1009 5175 ἔφη,
1029 5107 1088 5159 Ei
1112 5109 1231 5170 τοὺς
1260 5109 1519 5174 ἀγγέλους
1548 5111 1749 5170 πείσεις
1767 5110 1961 5161 καθεύι

395 5196 525 5261 δειν,
552 5198 758 5261 πείσεις
793 5198 886 5250 καὶ
908 5197 996 5251 τὸν
1035 5197 1345 5253 σπουδαῖον·
1374 5199 1634 5271 ὑπεδήλου
1665 5200 1719 5253 δὲ
1751 5202 1961 5265 ἑαυτὸν,

2067 4578 2123 4623 et
2181 4569 2520 4622 minutorum
2571 4567 2781 4621 olerum
2851 4566 3175 4627 fasciculus,
3235 4571 3400 4631 potus
3460 4570 3640 4614 autem

2069 4676 2229 4729 aqua.
2273 4660 2521 4729 Cumque
2557 4660 2660 4712 hoc
2696 4674 2870 4727 genus
2913 4659 3259 4712 abstinentiae
3306 4656 3375 4710 ab
3420 4656 3644 4708 ineunte

2070 4760 2227 4804 aetate
2260 4753 2623 4812 exercuisset,
2670 4766 2738 4803 ne
2780 4764 2945 4803 senex
2980 4746 3197 4817 quidem
3242 4744 3376 4799 illud
3413 4744 3640 4798 dituisit.

2072 4842 2180 4897 Nec
2215 4858 2457 4910 unquam
2490 4842 2644 4896 visus
2671 4852 2756 4896 est
2788 4855 2955 4909 super
3000 4850 3243 4894 stoream
3280 4848 3372 4891 aut
3412 4838 3467 4890 in
3503 4838 3643 4891 lecto

2067 4933 2328 4991 dormire,
2365 4946 2464 4986 nec
2505 4933 2711 5001 quietis
2757 4946 2927 4985 causa
2986 4932 3151 4999 pedes
3184 4930 3503 4992 extendere,
3544 4943 3645 4981 nec

2069 5039 2166 5077 sua
2201 5031 2394 5092 sponte
2426 5037 2681 5077 somnum
2717 5031 2920 5090 petere.
2962 5020 3069 5074 Sed
3110 5020 3238 5073 dum
3271 5035 3410 5088 opus
3442 5021 3643 5073 faceret

2069 5124 2162 5168 aut
2189 5118 2517 5171 comederet.
2556 5123 2797 5182 cogente
2825 5127 3025 5166 natura
3050 5114 3325 5182 tantisper
3354 5112 3645 5166 claudebat

2070 5207 2297 5261 oculos:
2331 5207 2471 5261 adeo
2509 5214 2568 5259 ut
2606 5219 2981 5274 saepenumero
3024 5204 3167 5259 inter
3197 5202 3469 5258 edendum
3510 5201 3642 5256 dor-

1590 5382 1865 5438 VALESII
1904 5383 2045 5439 ANN
2052 5384 2354 5440 OTATION
2361 5385 2469 5441 ES.

471 5512 581 5579 (55)
634 5512 734 5583 Ἐν
755 5511 875 5576 τοῖς
924 5514 1317 5582 καλουμένοις
1350 5514 1606 5583 ἐρήμοις.
1636 5514 1859 5570 Rectius
1906 5517 1961 5568 in

398 5584 588 5654 codice
641 5581 937 5635 Fuketiano
1016 5581 1278 5653 scripturn
1350 5581 1801 5654 (ἕειερημικοίε.
1873 5584 1963 5639 Sic

398 5654 541 5707 enim
561 5653 883 5723 dicebantur
913 5670 973 5706 ea
999 5656 1134 5714 loca,
1171 5656 1410 5722 quinque
1437 5653 1694 5723 passuum
1725 5655 1963 5709 millibus

398 5723 588 5775 dissita
624 5722 691 5774 ab
735 5724 867 5773 urbe
916 5724 1261 5782 Alexandria.
1296 5734 1354 5777 ut
1397 5722 1628 5778 tes'alur
1687 5724 1962 5779 Palladius

401 5796 454 5846 in
485 5808 601 5859 cap.
633 5794 666 5844 2
702 5796 952 5846 Historia:
1002 5793 1279 5848 Lausiacw
1315 5814 1332 5847 .·
1380 5795 1592 5861 Ἑξάγει
1635 5795 1699 5863 μὲ
1740 5793 1842 5858 ἔξω
1867 5798 1962 5864 τῆς

1862 5882 1921 5915 5r

401 5865 602 5927 πόλεως
648 5864 727 5926 εἰς
770 5865 834 5916 τὰ
880 5864 1141 5936 λεγόμενα
1198 5866 1456 5936 ἐρημικὰ,
1500 5866 1604 5919 ἀπὸ
1654 5868 1808 5919 πέντε
1862 5882 1957 5941 ση-

2115 5520 2261 5581 είων,
2290 5531 2397 5574 etc.

2073 5538 2261 5654 μείὲῗῖί
2290 5538 2591 5657 (aitexper
2642 5592 2952 5657 Δωρόθεος.
2984 5585 3045 5641 In
3096 5588 3283 5643 codice
3338 5584 3642 5639 Fukctiano

2070 5662 2341 5729 Θεόδωρος
2364 5663 2566 5715 dicitur
2609 5663 2694 5714 hic
2728 5663 3049 5714 monachus.
3088 5658 3420 5729 Epiphanius
3459 5665 3640 5729 tamen

2070 5740 2122 5781 et
2177 5728 2515 5799 Nicephorus
2571 5731 2898 5784 Durotheum
2953 5739 3254 5784 nominant.
3306 5728 3415 5784 Nec
3482 5728 3642 5784 aliter

2073 5799 2347 5858 Palladias
2377 5820 2427 5858 Ill
2460 5801 2746 5867 Lausmca,
2776 5819 2895 5872 cap.
2934 5803 2985 5855 ‘2.
