4452 6598
846 398 867 452 Ι
877 397 983 455 375

2308 413 2649 470 5οΖΟΜΕΝῙ

3970 435 4115 493 1376

844 514 1056 568 mitanti
1125 514 1285 572 cibus
1341 532 1407 571 ex
1479 534 1579 574 ore
1638 521 1941 578 excideret-
2002 524 2245 596 Contigit
2306 530 2602 604 οΙὶ-Δπρὲ

2352 532 2405 584 li—
2432 531 2476 586 A
2505 533 2640 604 πρὸς
2657 535 2749 590 τὸν
2770 536 2936 593 ῦπνον
2956 539 3088 605 ἴσως
3114 541 3226 611 (55)
3248 544 3682 615 ἀποτεινόμενος,
3699 549 3733 619 ἢ
3759 550 3850 601 τὸν
3871 551 4110 621 δαίμονα

843 605 1063 673 quando
1086 614 1167 669 ut,
1194 624 1359 677 supra
1389 610 1611 664 modum
1647 626 1846 667 somno
1864 629 2183 685 Oppressus,
2215 620 2266 673 in
2302 629 2415 675 sto-

843 712 989 750 ream
1029 699 1353 769 imprudens
1391 702 1695 758 decideret.
1741 706 1913 772 Quam
1954 710 2025 764 ob
2056 727 2273 767 causam
2311 717 2411 770 do-

841 787 955 842 lore
981 788 1233 855 aﬂectus,
1273 792 1553 848 submissa
1583 810 1721 851 voce
1752 798 1892 853 dixit
1918 818 1931 854 :
1963 800 2019 856 Si
2072 805 2280 873 angelis
2302 822 2418 875 per-

839 882 1083 936 suaseris
1124 889 1181 935 ut
1212 882 1510 949 dormiant,
1562 890 1932 956 persuadebis
1975 893 2139 947 etiam
2171 898 2416 954 studiose

839 971 1268 1042 philosophanti.
1313 976 1566 1045 Seipsum
1599 989 1783 1035 autem
1817 982 2160 1054 designabat,
2186 989 2271 1044 his
2292 1006 2414 1045 ver-

840 1062 927 1116 bis
973 1077 1229 1118 somnum
1295 1066 1473 1136 ipsum
1534 1068 1775 1127 fortasse
1812 1074 2120 1145 alloquens,
2160 1090 2257 1135 aut
2298 1082 2410 1137 da:-

838 1168 1056 1208 monem
1110 1155 1272 1212 bonis
1326 1160 1543 1217 actibus
1594 1162 1999 1221 adversantem.
2057 1168 2231 1225 Porro
2286 1188 2411 1228 cum

837 1252 916 1297 tot
948 1259 1011 1300 ac
1048 1249 1219 1303 tantis
1256 1264 1319 1304 se
1362 1251 1643 1307 laboribus
1688 1267 2017 1321 maceraret,
2073 1262 2296 1330 quidam
2345 1265 2412 1320 ad

835 1353 957 1391 eum
1003 1340 1293 1402 accedens.
1368 1342 1502 1408 Cur,
1554 1346 1757 1415 inquit,
1795 1363 2001 1420 corpus
2034 1359 2191 1407 tuum
2232 1364 2414 1410 tanto-

837 1445 966 1498 pere
990 1434 1229 1487 enecas?
1261 1434 1362 1490 Cui
1393 1436 1486 1491 ille
1507 1478 1522 1498 .
1556 1437 1699 1504 Quia
1727 1456 1812 1495 me
1852 1441 2031 1511 ipsum
2075 1454 2289 1513 enecat,
2325 1463 2413 1502 re-

834 1522 1080 1590 spondit.
1110 1522 1395 1580 Piammon
1426 1539 1690 1597 preterea
1719 1541 1774 1586 et
1799 1530 2041 1590 Joannes
2062 1535 2219 1604 juxta
2265 1537 2413 1593 Diol-

834 1627 959 1666 cum
1016 1613 1263 1687 Egypti,
1318 1619 1682 1675 nobilissimis
1734 1627 2087 1681 monasteriis
2136 1629 2302 1700 259
2348 1647 2414 1687 eo

833 1714 1079 1776 tempore
1131 1708 1501 1777 praefuerunt:
1553 1720 1609 1767 et
1641 1716 1779 1770 'cnm
1825 1727 2019 1772 essent
2075 1710 2415 1793 presbyteri,

834 1811 1049 1851 summa
1081 1814 1215 1853 cura
1256 1809 1310 1855 et
1352 1803 1623 1871 gravitate
1651 1806 1996 1863 sacerdotale
2025 1826 2228 1866 munus
2256 1814 2411 1870 obie-

833 1896 986 1942 runt.
1039 1889 1106 1945 Et
1149 1890 1432 1949 Piaminon
1482 1894 1728 1964 quidem,
1778 1914 1903 1953 cum
1955 1902 2256 1972 aliquando
2292 1923 2407 1961 rem

831 1978 1075 2033 divinam
1111 1981 1337 2049 faceret,
1369 1985 1618 2041 divinum
1662 1990 1917 2059 angelum
1946 1992 2155 2049 vidisse
2183 1996 2405 2062 dicitur,

831 2075 1067 2124 stantem
1124 2069 1281 2141 juxta
1324 2088 1542 2129 sacrum
1598 2077 1811 2146 altare,
1863 2081 1955 2150 qui
2010 2086 2406 2140 monachorum

830 2159 1049 2228 quidem
1118 2165 1468 2232 praesentium
1532 2169 1756 2224 nomina
1818 2170 1872 2225 in
1922 2174 2164 2243 quodam
2222 2177 2408 2232 libello

830 2256 1216 2323 perscriberet,
1257 2259 1511 2315 absentes
1556 2273 1739 2317 autem
1780 2278 2139 2336 expungeret.
2193 2268 2401 2325 Joanni

829 2358 961 2397 vero
990 2351 1197 2399 tantam
1235 2348 1345 2400 vim
1389 2363 1453 2403 ac
1484 2360 1818 2419 potestatem
1847 2354 1901 2408 in
1934 2357 2157 2413 morbos
2191 2374 2255 2414 ac
2287 2362 2406 2415 lan—

828 2448 1031 2503 guores
1082 2434 1228 2492 Deus
1287 2438 1538 2503 indulsit,
1587 2449 1648 2495 ut
1701 2444 1904 2500 multos
1962 2447 2160 2516 pedum
2219 2448 2408 2506 dolore

828 2534 1056 2579 vexatos
1107 2536 1163 2582 et
1190 2530 1524 2601 paralyticos
1564 2541 1806 2589 sanaret.
1834 2534 2033 2592 Iisdem
2062 2541 2405 2611 temporibus

829 2616 1116 2687 llenjamin
1163 2636 1331 2675 senex
1370 2623 1519 2678 circa
1562 2624 1765 2681 Scetim
1805 2628 2006 2685 eximie
2048 2632 2400 2703 phiIOSOpha-

824 2718 917 2766 tus
942 2719 1026 2768 est
1053 2732 1065 2766 :
1099 2714 1187 2768 cui
1219 2713 1361 2770 Deus
1395 2716 1450 2771 id
1491 2720 1681 2788 gratia:
1706 2732 2081 2788 concesserat,
2115 2732 2175 2780 ut
2197 2728 2406 2799 absque

824 2800 956 2856 ullis
1018 2803 1478 2873 medicamentis,
1533 2810 1657 2864 solo
1722 2827 1919 2868 manus
1980 2824 2263 2883 contactu,
2312 2828 2405 2874 aut

825 2894 948 2949 oleo
1004 2896 1152 2965 quod
1210 2901 1535 2968 precatione
1587 2918 1686 2957 sua
1754 2905 2147 2975 benedixerat,
2206 2914 2404 2980 quovis

822 2986 1014 3042 morbo
1046 3003 1225 3058 agros
1256 2990 1539 3047 liberaret.
1570 2995 1746 3064 Atque
1795 2996 1887 3051 hic
1927 3006 2115 3055 tantus
2143 3000 2248 3065 vir,
2278 3018 2402 3057 cum

823 3078 879 3131 in
909 3078 1156 3133 morbum
1187 3095 1345 3149 aqua:
1389 3083 1680 3141 intercutis
1719 3087 2034 3153 incidisset,
2066 3107 2241 3161 usque
2266 3095 2403 3149 adeo

2517 626 2607 679 τὸν
2632 628 2881 697 ἐμποδὼν
2900 631 3184 701 γενόμενον
3205 637 3324 698 ταῖς
3348 637 3663 701 σπουδαίαις
3683 637 4109 709 πράξεσιν.⁷Ωδε

2513 717 2568 770 δὲ
2594 718 2744 790 αὐτῷ
2774 721 3058 792 μοχθοῦντι
3086 726 3397 794 προσελθών
3433 746 3519 792 τις
3561 731 3696 802 ἔφη’
3738 732 3805 786 Τί
3839 733 3902 786 τὸ
3940 735 4110 806 σῶμα

2512 808 2573 861 τὸ
2618 811 2709 864 σὸν
2754 813 3095 879 ἀποκτείνεις
3145 817 3435 884 τοσοῦτον;
3469 822 3591 875 ’Ότι
3644 842 3711 894 με
3750 826 4103 890 ἀποκτείνει,

2513 902 2866 975 ἀπεκρίνατο.
2913 906 3024 958 Καὶ
3076 908 3346 979 Πιάμμων
3389 911 3447 965 δὲ
3494 916 3587 967 καὶ
3646 915 3895 988 Ἰωάννης
3948 936 4105 988 τηνιο

2513 992 2687 1047 καῦτα
2713 995 2838 1065 περὶ
2861 996 3077 1049 Διολκὸν
3097 997 3207 1068 (56)
3232 1000 3331 1069 τῆς
3354 1003 3630 1070 Αἰγύπτου
3679 1006 4103 1075 ἐπισημοτάτων

2512 1086 2837 1155 προΐσταντο
2863 1090 3257 1160 μοναστηρίων.
3287 1091 3728 1164 Ἑπιμελέστατά
3748 1114 3806 1149 τε
3832 1098 3926 1150 καὶ
3947 1099 4106 1167 μάλα

2514 1178 2728 1247 σεμνῶς
2757 1179 3117 1251 πρεσϐύτεροι
3159 1182 3331 1247 ὄντες,
3361 1184 3463 1256 τὴν
3492 1187 3767 1255 ἱερατείαν
3800 1190 4099 1260 μετῄεσαν.

2512 1268 2745 1336 Λέγεται
2777 1269 2834 1323 δέ
2870 1287 2999 1325 ποτε
3029 1272 3122 1325 τὸν
3148 1274 3457 1346 Πιάμμωνα
3489 1277 3783 1347 ἱερωμένον
3804 1279 3939 1349 (57),
3968 1280 4103 1333 θεά-

2515 1360 2710 1414 σασθαι
2770 1363 2900 1432 περὶ
2954 1363 3052 1434 τὴν
3105 1366 3257 1436 ἱεράν
3319 1368 3601 1439 τράπεζαν
3660 1369 3805 1423 θεῖον
3858 1372 4102 1440 άγγελον

2513 1452 2744 1515 ἑστῶτα.
2777 1454 2871 1507 καὶ
2900 1454 3008 1508 τῶν
3033 1457 3284 1527 μοναχῶν
3325 1462 3451 1523 τοὺς
3484 1462 3762 1532 παρόντας
3790 1465 4101 1534 ἐγγράφειν

2516 1543 2683 1615 βίϐλῳ
2700 1545 2806 1598 τινί
2836 1562 2850 1576 ·
2883 1548 3008 1612 τοὺς
3039 1550 3096 1601 δὲ
3123 1550 3362 1613 ἀπόντας
3407 1553 3754 1623 ἀπαλείφειν.
3778 1556 3997 1627 Ἰωάννῃ
4030 1557 4098 1610 δέ

2516 1638 2781 1709 τοσαύτην
2811 1640 3121 1713 ἐδωρήσατο
3134 1642 3365 1716 δύναμιν
3385 1648 3414 1698 ὁ
3432 1645 3567 1710 Θεὸς
3596 1648 3739 1702 κατὰ
3768 1650 3955 1703 παθῶν
3991 1650 4097 1704 καὶ

2513 1730 2860 1799 νοσημάτων,
2884 1732 2960 1796 ὡς
2985 1734 3215 1797 πολλοὺς
3237 1735 3489 1790 ίάσασθαι
3511 1739 3812 1808 ποδαλγοὺς
3835 1741 3970 1810 (58),
3994 1743 4097 1796 καὶ

2512 1822 2581 1875 τά
2630 1822 2808 1894 ἄρθρα
2848 1823 3283 1896 διαλελυμένους.
3314 1826 3402 1880 Ἐν
3442 1828 3616 1900 τούτῳ
3664 1830 3720 1883 δὲ
3774 1831 3869 1884 καὶ
3901 1830 4097 1885 Βενια-

2442 1871 2485 1926 B
3201 1871 3348 1987 μάλα
3374 1871 3646 1989 λαμπρὲς
3677 1920 3781 1973 άνά
3810 1920 3909 1992 τὴν
3942 1923 4092 1991 Σκῆο

2508 2022 2592 2058 τιν
2616 2007 2948 2076 ἐφιλοσόφει,
2989 2007 3163 2079 δῶρον
3200 2008 3339 2079 ἔχων
3370 2008 3521 2078 παρὰ
3552 2010 3688 2063 Θεοῦ
3720 2010 3844 2081 δίχα
3867 2014 4096 2082 φαρμά-

2508 2113 2620 2149 κων
2655 2099 2838 2167 ἐπαφῇ
2872 2095 3007 2169 μόνῃ
3033 2097 3233 2168 χειρὸς,
3265 2098 3481 2169 ἥέλαίῳ
3511 2093 3554 2167 ᾦ
3580 2098 3869 2171 ἑπηύχετο,
3905 2103 4094 2170 πάσης

2507 2187 2875 2243 ἀπαλλάσσειν
2905 2188 3060 2242 νόσου
3086 2188 3212 2252 τοὺς
3231 2188 3559 2258 κάμνοντας.
3595 2188 3698 2242 Τὸν
3726 2189 3790 2260 δὴ
3824 2190 4087 2256 τοιοῦτον,

2507 2282 2663 2349 λόγος
2696 2280 2869 2352 ὑδέρῳ
2898 2280 3280 2350 περιπεσόντα,
3309 2279 3561 2333 τοσοῦτον
3581 2280 3789 2351 οίδῆσαι
3816 2282 3878 2334 τὸ
3903 2282 4088 2353 σῶμα,

2504 2373 2579 2437 ὡς
2619 2376 2693 2446 μὴ
2731 2373 3028 2445 δυνηθῆναι
3056 2371 3145 2425 διὰ
3181 2372 3289 2425 τῶν
3319 2370 3499 2443 θυρῶν
3545 2371 3640 2425 τοῦ
3692 2374 3993 2443 οἰκήματος
4025 2378 4090 2429 ἐν

2504 2460 2548 2535 ᾧ
2598 2466 2784 2536 διῆγεν
2829 2464 3244 2534 ἐκκομισθῆναι,
3295 2466 3344 2517 εί
3386 2463 3460 2534 μὴ
3489 2466 3587 2518 σὺν
3616 2468 3735 2530 ταῖς
3766 2466 3957 2534 θύραις
3989 2468 4087 2519 καὶ

2505 2557 2602 2619 τὰς
2630 2554 2984 2628 παραστάδας
3006 2553 3273 2607 καθεῖλον.
3319 2554 3407 2608 Ἐν
3435 2554 3490 2606 δέ
3516 2554 3593 2624 τῷ
3621 2558 3818 2618 νοσεῖν,
3848 2557 3904 2607 ἐν
3926 2555 4083 2627 κλίνῃ

2506 2649 2721 2702 κεῖσθαι
2752 2647 2827 2718 μὴ
2877 2647 3193 2718 δυνάμενος,
3226 2647 3370 2716 ἀμφὶ
3408 2647 3535 2711 τοὺς
3572 2645 3715 2700 ὀκτὼ
3763 2649 3934 2717 μῆνας
3956 2682 3961 2687 -
3987 2650 4085 2700 ἐπὶ

2504 2739 2693 2809 δίφρου
2722 2738 3060 2791 πλατυτάτου
3093 2737 3393 2803 ἐκαθίζετο,
3414 2737 3657 2808 συνήθως
3685 2739 3811 2801 τοὺς
3842 2740 4082 2808 κάμνον⁹

2504 2832 2602 2896 τὰς
2657 2831 2905 2900 ίὼμενος,
2968 2829 3130 2892 αὐτὸς
3183 2829 3349 2899 μηδὲν
3393 2828 3677 2899 δυσφορῶν
3731 2830 3813 2881 ὅτι
3859 2830 3931 2898 μὴ
3978 2829 4081 2896 τῆς

2504 2920 2739 2992 ἐχούσης
2781 2920 2942 2973 αὑτὸν
2976 2918 3134 2970 νόσου
3166 2916 3563 2988 ἀπηλλάττετο.
3606 2917 3819 2971 Μᾶλλον
3856 2918 3953 2988 μὲν
3981 2913 4077 2970 οὖν

2504 3014 2600 3068 καὶ
2652 3014 2780 3076 τοὺς
2826 3011 3071 3082 ὁρῶντας
3125 3008 3512 3079 παρεμυθεῖτο,
3554 3010 3646 3063 καὶ
3692 3009 3938 3082 ἐλιπάρει
3982 3010 4078 3062 τὸν

2503 3106 2636 3159 Θεὸν
2660 3101 2920 3156 ἱκετεύειν
2944 3101 3083 3171 ὑπὲρ
3123 3100 3219 3166 τῆς
3258 3098 3420 3152 αὑτοῦ
3466 3100 3662 3171 ψυχῆς.
3719 3100 3978 3171 Σώματος
4018 3100 4075 3155 δι

818 3184 1052 3240 corpore
1100 3172 1433 3229 intumuisse
1466 3177 1692 3243 dicitur,
1748 3186 1812 3233 ut
1860 3196 1957 3251 per
1983 3181 2212 3252 januam
2248 3186 2396 3241 cellae
2422 3203 2464 3261 ο
2497 3197 2576 3251 αὺι

2314 3186 2396 3241 llic
2422 3203 2464 3261 ο
2497 3193 2647 3264 αὑτῷ
2676 3192 2841 3264 μηδὲν
2878 3190 3058 3261 μέλειν
3095 3205 3109 3219 ·
3139 3188 3297 3242 Ἐπεὶ
3348 3188 3443 3240 καὶ
3500 3188 3777 3254 εὐεκτοῦν,
3810 3190 3960 3243 οὐδέν
4005 3208 4072 3260 με

821 3263 877 3316 in
901 3279 1011 3333 qua
1044 3264 1300 3336 degebat,
1338 3268 1525 3323 eﬂ'erri
1561 3285 1672 3324 non
1708 3276 1973 3341 potuerit,
2009 3275 2114 3329 nisi
2146 3278 2396 3345 postibus

820 3352 956 3422 ipsis
988 3355 1153 3410 simul
1180 3371 1305 3412 cum
1347 3358 1517 3428 janua
1542 3362 1777 3418 eversis.
1824 3362 1996 3418 Porro
2028 3366 2172 3421 inter
2216 3384 2395 3438 aegro-

818 3445 1068 3511 tandum,
1103 3461 1231 3501 cum
1266 3449 1320 3503 in
1357 3450 1499 3505 lecto
1529 3451 1863 3510 decumbere
1891 3472 2000 3510 non
2034 3467 2243 3525 posset,
2271 3470 2395 3515 octo

814 3535 1043 3591 circiter
1069 3539 1340 3595 mensium
1383 3543 1564 3612 spatio
1590 3544 1734 3599 sedit
1764 3544 1820 3599 in
1868 3546 2003 3601 sella
2042 3549 2277 3618 quadam
2320 3552 2396 3607 la-

815 3628 1051 3696 tissima,
1096 3633 1262 3703 azgris
1309 3650 1460 3692 more
1504 3638 1671 3694 solito
1715 3640 2007 3695 sanitatem
2052 3644 2390 3709 restituens,

816 3736 916 3775 nec
955 3722 1146 3793 iniquo
1180 3725 1365 3782 animo
1405 3727 1590 3786 ferens
1616 3730 1763 3801 quod
1798 3747 1900 3787 suo
1932 3732 2049 3803 ipse
2082 3736 2274 3789 morbo
2301 3752 2395 3791 ne-

812 3828 1087 3884 quaquam
1147 3816 1510 3887 liberaretur;
1563 3822 1697 3890 quin
1761 3822 1945 3891 potius
2002 3825 2394 3879 consolabatur

811 3919 909 3959 eos
944 3906 1039 3977 qui
1090 3908 1268 3977 ipsum
1319 3912 1587 3977 viserent,
1628 3915 1968 3987 rogabatque
1998 3926 2057 3971 ut
2087 3934 2186 3987 pro
2216 3920 2392 3990 ipsius

814 4000 997 4052 anima
1059 4002 1336 4071 supplices
1398 4004 1565 4059 Deum
1616 4017 1861 4061 orarent.
1918 4009 2183 4079 Corporis
2243 4013 2390 4066 enim

811 4090 1018 4143 nullam
1050 4092 1153 4146 sibi
1206 4108 1396 4148 curam
1442 4111 1568 4151 esse
1603 4098 1804 4153 aiebat.
1853 4100 2067 4169 Quippe
2106 4101 2259 4163 dum,
2310 4103 2392 4157 in-

810 4182 957 4249 quit,
997 4183 1138 4237 bene
1163 4184 1394 4248 valeret,
1446 4187 1586 4241 nihil
1633 4189 1766 4242 mihi
1818 4189 2075 4259 profuit:
2138 4200 2194 4246 et
2243 4208 2392 4247 nunc

811 4273 950 4327 male
999 4273 1209 4329 habens
1280 4276 1415 4331 nihil
1467 4277 1782 4333 detrimenti
1833 4281 2038 4335 attulit.
2091 4280 2195 4336 Per
2246 4282 2388 4338 idem

809 4373 1024 4434 tempus
1056 4367 1290 4423 celebris
1328 4368 1420 4424 ille
1444 4370 1679 4436 Marcus,
1719 4380 1774 4428 et
1822 4372 2098 4431 Macarius
2148 4377 2362 4447 iunior,

807 4464 864 4508 et
910 4456 1264 4525 Apollonius,
1296 4468 1352 4514 et
1390 4460 1571 4518 Moses
1623 4462 1880 4535 Ethiops
1924 4464 2129 4521 Scetim
2184 4468 2391 4525 incole-

2496 3282 2730 3352 ὤνησεν,
2766 3278 2891 3347 ἔφη,
2926 3277 3022 3329 καὶ
3052 3276 3239 3339 κακῶς
3270 3277 3498 3347 πάσχον,
3538 3277 3637 3329 οὐκ
3666 3277 3885 3347 ἔϐλαψε.
3936 3281 4074 3333 Κατ’

2497 3375 2669 3427 ἐκεῖνο
2728 3370 2785 3424 δὲ
2829 3368 3021 3439 καιροῦ
3073 3370 3131 3422 ἐν
3184 3369 3379 3440 Σκὴτει
3420 3369 3654 3440 διέτριϐε
3701 3370 3927 3440 Μάρκος
3955 3388 4017 3423 τε
4046 3373 4077 3424 ό

2495 3463 2756 3533 ἀοίδιμος,
2790 3460 2883 3513 καὶ
2913 3459 3196 3529 Μακάριος
3221 3461 3250 3512 ό
3274 3460 3414 3522 νέος,
3440 3460 3533 3512 καὶ
3583 3459 3954 3524 Ἀπολλώνιος,
3977 3464 4076 3514 καὶ

2495 3554 2700 3624 Μωσῆς
2749 3555 2777 3606 ὁ
2826 3550 3041 3619 Αἰθίοψ.
3098 3551 3237 3604 Φασὶ
3275 3551 3332 3603 δὲ
3367 3551 3596 3622 Μάρκον
3639 3552 3761 3622 μὲν,
3782 3553 3875 3604 καὶ
3908 3554 3965 3604 ἐν
3990 3552 4073 3621 τῷ

2494 3644 2599 3715 νέῳ
2630 3644 2729 3714 τῆς
2762 3640 2980 3713 ἡλικίας
3000 3640 3079 3703 είς
3098 3640 3237 3707 ἄγαν
3292 3641 3465 3710 πρᾶον
3502 3640 3599 3693 καὶ
3656 3641 3927 3711 σώφρονα,
3972 3642 4073 3695 καὶ

2497 3738 2745 3808 μνήμονα
2792 3734 2964 3805 ίερῶν.
2995 3732 3228 3804 Γραφῶν
3287 3732 3541 3800 γενέσθαι
3567 3748 3584 3764 ο
3629 3732 3851 3803 θεοφιλῆ
3883 3734 3938 3787 δὲ
3972 3736 4071 3789 ἐπὶ

2492 3831 2767 3895 τοσοῦτον,
2794 3830 2869 3893 ὡς
2902 3827 3273 3900 ἰσχυρίζεσθαι
3310 3828 3596 3899 Μακάριον
3626 3828 3717 3880 τὸν
3748 3828 3909 3881 αὑτὸν
3935 3847 4070 3901 πρε-

2494 3922 2755 3993 σϐύτερον
2789 3920 2917 3974 ὅντα
2942 3919 3050 3973 τῶν
3083 3918 3325 3972 Κελλξων
3346 3917 3482 3989 (40),
3511 3919 3645 3989 μηδὲ
3679 3919 3895 3973 πώποτε
3934 3922 4068 3992 παρ’

2491 4013 2654 4068 αὐτοῦ
2681 4012 2864 4065 λαϐεῖν
2893 4010 2930 4065 ἃ.
2963 4011 3119 4081 θέμις
3148 4010 3351 4082 ἱερεῦσι
3387 4010 3587 4063 διδόναι
3634 4014 3748 4074 τοῖς
3778 4013 4071 4083 μεμυημέ-

2491 4123 2601 4169 νοις
2664 4104 2792 4175 περὶ
2840 4103 2939 4174 τὴν
2983 4102 3135 4173 ἱεράν
3175 4103 3490 4174 τράπεζανο
3531 4101 3761 4172 ἄγγελος
3809 4104 3865 4156 δὲ
3913 4104 4070 4176 αὐτῷ

2491 4198 2681 4261 ἐδίδου,
2715 4190 2775 4250 οὗ
2797 4195 2896 4266 τὴν
2912 4196 3072 4266 χεῖρα
3100 4195 3261 4265 μέχρι
3285 4195 3380 4247 τοῦ
3428 4194 3643 4266 καρποῦ
3696 4198 3860 4267 μόνου
3907 4195 4065 4263 ελεγι

2490 4289 2713 4360 θεωρεῖν
2768 4287 2900 4357 (ιι).
2960 4285 3230 4357 Μακαρίῳ
3283 4285 3339 4339 δὲ
3384 4286 3541 4358 ἐδόθη
3565 4288 3727 4358 χάρις
3769 4288 3872 4341 ὑπὸ
3900 4287 4063 4352 Θεοῦ,

2492 4380 2853 4451 ὑπερφρονεῖν
2891 4377 2999 4431 τῶν
3022 4376 3313 4448 δαιμόνων.
3377 4376 3624 4446 Ἐγένετο
3670 4378 3727 4432 δέ
3770 4379 3921 4449 αὐτῷ
3960 4380 4066 4448 τὴν

2489 4470 2662 4542 ἀρχὴν
2720 4468 2995 4540 πρόφασις
3047 4468 3150 4538 τῆς
3204 4467 3540 4537 φιλοσοφίας,
3590 4468 3843 4532 ἀκούσιος
3879 4469 4061 4538 φόνος.

810 4546 959 4603 baut.
1002 4548 1068 4603 Et
1100 4549 1342 4607 Marcum
1376 4555 1597 4624 quidem
1653 4557 1721 4611 ab
1752 4556 1974 4613 ineunte
2013 4560 2383 4617 adolescentia
2421 4544 2462 4598 Ῑ)
2492 4560 2568 4613 Ἐι

2308 4563 2383 4617 tia
2421 4544 2462 4598 Ῑ)
2492 4560 2613 4613 Ἔτι
2644 4561 2753 4631 γάρ
2788 4559 3013 4631 βούπαις
3046 4558 3142 4621 ὢν,
3186 4558 3434 4628 πρόϐατα
3464 4557 3623 4629 ἔνεμε
3655 4560 3783 4631 περὶ
3810 4560 3908 4630 τὴν
3940 4560 4066 4614 Μά-

805 4636 1104 4694 admodum
1140 4642 1331 4697 mitem
1358 4659 1421 4698 ae
1448 4653 1840 4716 temperantem
1876 4648 2048 4705 fuisse
2074 4652 2379 4721 perhibent,

2492 4653 2641 4723 ρείαν
2660 4653 2878 4722 λίμνην,
2904 4652 2998 4705 καὶ
3026 4650 3234 4716 παίζων
3261 4649 3381 4704 τινὰ
3409 4648 3515 4702 τῶν
3536 4649 3813 4721 ὁμηλίκων
3862 4651 4061 4704 άνεῖλι.

2002 4761 2276 4819 VALESII
2306 4764 2866 4822 ANNOTATIONES.

876 4849 988 4919 (55)
1015 4851 1168 4918 Πρὸς
1193 4852 1298 4906 τὸν
1323 4853 1518 4906 ὕπνον
1548 4856 1713 4919 ἴσως.
1744 4856 2021 4914 Palladius
2048 4862 2101 4913 in
2138 4860 2378 4916 Historia

805 4917 1093 4980 Lausid‘cd.
1121 4937 1241 4991 cap.
1280 4923 1342 5001 g,
1392 4924 1485 4978 ubi
1529 4924 1630 4978 hoc
1662 4917 2374 5001 DorgtheiApophthegma

803 5001 1216 5053 eonnnemorat,
1260 4994 1461 5049 diserte
1500 5004 1734 5050 testatur
1762 4994 2099 5053 Dorotheum
2122 4994 2373 5057 hzec'sibi

804 5060 1176 5128 respondisse.
1206 5078 1333 5117 cum
1362 5064 1476 5132 ipse
1502 5067 1550 5120 ei
1585 5068 1918 5134 persuadere
1951 5070 2110 5124 vellet
2134 5082 2193 5125 ut
2232 5088 2377 5126 som-

803 5146 935 5183 num
950 5131 1438 5206 _brcvem_caperet.
1456 5135 1666 5206 Ex_quo
1688 5138 1990 5206 colligitur,
2011 5141 2372 5195 Sozomenum

804 5215 913 5277 non
950 5200 1147 5277 legisse
1180 5201 1474 5277 Historiam
1523 5200 1845 5277 Louaiacani
1881 5208 2131 5277 Palladii,
2160 5211 2254 5265 sed
2306 5228 2373 5267 ex

800 5270 915 5322 alio
949 5271 1214 5337 scriptore
1248 5274 1351 5327 ista
1379 5274 1653 5329 hausisse.

875 5338 995 5411 (56)_
1038 5342 1174 5407 Περὶ
1230 5345 1497 5397 Διολκόν.
1558 5345 1732 5411 Hujus
1780 5349 2097 5403 monasterii
2168 5352 2373 5406 mentio

805 5410 862 5462 iit
886 5410 941 5481 in
970 5409 1252 5481 Breviario
1280 5412 1539 5474 Liberali,
1568 5409 1691 5481 cap.
1724 5416 1810 5469 18.

874 5480 985 5560 (ζ’)Ἱ)
1062 5482 1422 5560 Ἰελοωμέκονἶ
1482 5480 1845 5540 Scribendum
1900 5495 1987 5542 est
2023 5486 2115 5542 hic
2154 5506 2372 5560 quoque

806 5558 1015 5622 mutato
1049 5560 1277 5622 accentu
1308 5554 1620 5622 ἱερώμενον.

875 5619 985 5710 (L38)
1028 5619 1395 5710 ᾳοόαλγούῤ.
1440 5622 1773 5710 deagrieos
1808 5627 2370 5710 “ver-tqupiphapius

806 5685 1206 5751 Schol'asticus,
1240 5685 1365 5747 'non'
1394 5694 1556 5748 male.
1586 5685 1748 5749 Certe
1807 5685 2095 5752 Palladius.
2136 5685 2191 5752 in
2231 5698 2371 5753 Lau-

802 5759 951 5836 siaca
985 5762 1227 5836 (δορί-75,
1261 5764 1349 5816 ubi
1382 5764 1450 5819 de
1481 5765 1583 5817 hoc
1609 5764 1817 5836 Joanne
1847 5766 1977 5836 agit,
2010 5767 2172 5822 habet
2204 5769 2369 5823 ποδα-

803 5828 988 5886 γοούς.
1058 5831 1184 5887 Mihi
1233 5845 1381 5889 certe
1434 5850 1543 5889 non
1600 5834 1813 5890 videtur
1856 5828 1980 5892 esse
2026 5837 2213 5893 Graeca
2266 5856 2371 5897 vox

2482 4863 2818 4931 ποδαλγούς,
2862 4878 3035 4933 quare
3072 4860 3411 4932 Nicephorus
3448 4862 3643 4916 maluit
3687 4861 3872 4919 dicere
3930 4866 4061 4930 τοὺς

2479 4932 3001 5016 “deviceris;-
3079 5002 3097 5016 .
3277 5001 3313 5016 ..
3424 4998 3521 5016 ...
3706 5015 3715 5016 ί

2552 5004 2663 5070 (39)
2709 4998 3011 5073 Βενιαμίν.
3079 5002 3138 5058 In
3193 5001 3383 5057 codice
3424 4998 3728 5055 Fuketiano
3788 5003 4057 5059 scribitur

2480 5074 2757 5136 Βενιαμίς.

2554 5093 2757 5141 νιαμις.

2550 5145 2660 5209 (40)
2690 5142 2816 5195 Τῶν
2848 5143 3139 5197 Κελλίων.
3179 5142 3274 5198 Sic
3302 5140 3584 5197 emendavi
3614 5156 3683 5194 ex
3724 5142 3913 5196 codice
3939 5141 4055 5197 Fu-

2478 5213 2861 5295 ketiapotpro‘
2883 5213 3140 5295 κελλίνων
3167 5213 3314 5295 quod
3329 5222 3487 5295 antea
3513 5210 3813 5295 legebatur.
3843 5212 3936 5295 Est
3954 5230 4052 5295 au-

2476 5294 2584 5337 tem
2622 5284 2822 5336 Κελλία
2849 5284 2999 5336 locus
3039 5284 3094 5337 in
3139 5285 3458 5345 solitudine,
3483 5284 3824 5349 septuaginta
3860 5286 4053 5339 stadiis

2478 5354 2690 5407 distans
2766 5370 2794 5405 a
2864 5352 3075 5414 Nitria,
3145 5362 3204 5407 ut
3250 5354 3410 5407 docet
3470 5352 3809 5408 Sozomenus
3863 5352 4046 5417 infra,

2478 5438 2602 5490 cap.
2646 5423 2735 5477 51.
2769 5422 3027 5491 Ejusdem
3059 5424 3164 5477 loci
3196 5425 3442 5478 meminit
3487 5419 3766 5478 Palladius
3801 5426 3853 5476 in
3902 5423 4051 5479 Lau-

2478 5508 2648 5546 suaca.

2549 5562 2661 5634 (41)
2719 5563 2935 5634 fate-rs
2968 5563 3224 5633 θεωρεῖν.
3280 5563 3613 5634 Epiphanius
3670 5562 4047 5621 Seholasticus

2478 5631 2591 5685 hmc
2621 5632 2688 5685 de
2718 5632 2841 5700 ipso
2875 5631 3205 5687 Marco‘dici
3245 5631 3593 5701 existimavit,
3639 5636 3796 5702 quasi
3830 5634 4048 5690 Marcus

2481 5702 2667 5772 dicere
2699 5704 2897 5758 solitus
2938 5713 3106 5767 esset,
3140 5720 3199 5759 se
3230 5720 3453 5759 manum
3498 5706 3674 5772 angeli
3721 5706 4045 5767 quisacram

2484 5770 2879 5852 ﬁucharistiam
2944 5773 3471 5852 ipsiuporrigebat,‘
3505 5770 3770 5852 duntaxat
3839 5774 4045 5852 videre.

2480 5841 2706 5900 l'rzestat
2740 5853 2916 5899 tamen
2955 5846 3022 5899 de
3054 5841 3294 5899 Macario
3330 5846 3650 5917 presbytero
3673 5841 3725 5898 id
3774 5844 4044 5915 accipere.
