4452 6598
867 419 891 472 1
902 419 1009 474 379

2305 408 2647 465 SOZOMENI

3952 417 4101 471 13m

853 539 958 594 bus
983 536 1115 592 iliud
1153 537 1403 606 frangere
1453 534 1778 598 studuisset,
1815 540 1869 588 et
1919 531 2159 587 assiduis
2195 532 2433 585 vexatio-
2460 540 2506 595 Α
2535 531 2611 600 Eli

2362 532 2433 585 io-
2460 540 2506 595 Α
2535 529 2834 600 Είργάζετο
2884 531 2940 584 δέ
2985 530 3162 595 οὐδὲν,
3208 531 3327 584 οὐδὲ
3373 532 3644 600 ἐλάμϐανέ
3692 550 3742 585 τι
3793 536 3946 603 παρά
3985 550 4120 601 του,

855 630 1019 685 nibus
1062 644 1260 697 corpus
1308 634 1587 681 attereret.
1630 624 1806 679 Porro
1857 639 1982 679 cum
2035 626 2279 681 latrones
2326 626 2428 679 ali-

853 719 1073 788 quando
1134 719 1187 771 in
1242 717 1430 771 cellam
1493 716 1547 770 in
1607 730 1715 785 qua
1761 716 1913 769 solus
1937 715 2429 786 pliilOSOphabatur

850 811 1207 881 irrupissem,
1260 808 1376 878 ipse
1423 814 1659 861 cunctos
1715 806 2198 875 comprehendisse
2248 822 2313 861 ac
2365 808 2429 860 li-

856 917 1018 970 gasse
1044 901 1279 962 dicitur,
1314 907 1368 954 et
1398 899 1651 968 quamvis
1679 906 1917 967 quatuor
1961 914 2189 954 numero
2220 908 2425 965 essent,

852 990 1097 1047 humeris
1135 990 1254 1044 suis
1308 990 1598 1059 impositos
1650 990 1844 1044 tulisse
1894 991 1961 1043 ad
2008 990 2321 1056 ecclesiam,
2363 1005 2429 1046 ac

851 1081 1080 1151 reliquis
1108 1079 1395 1134 monachis
1425 1079 1744 1148 permisisse
1772 1090 1832 1134 ut
1860 1080 1929 1135 de
1956 1080 2069 1134 illis
2101 1089 2426 1145 statuerent,

850 1173 1072 1243 quando
1115 1171 1223 1242 ipsi
1265 1172 1376 1241 jam
1409 1169 1564 1225 nefas
1591 1179 1737 1227 esset
1781 1188 2110 1242 quemquam
2147 1174 2291 1227 malo
2318 1173 2429 1226 afli-

851 1281 996 1322 cere.
1030 1265 1201 1319 Aiunt
1232 1265 1379 1319 enim
1413 1266 1620 1319 nemini
1658 1279 1899 1335 unquam
1939 1265 2192 1319 talemac
2224 1273 2427 1320 tantam

851 1365 1214 1419 mutationem
1246 1379 1311 1417 ex
1352 1363 1483 1417 vitio
1514 1362 1580 1417 ad
1607 1364 1865 1418 virtutem
1904 1360 2224 1431 contigisse,
2253 1374 2429 1429 quan-

852 1465 964 1509 tam
998 1454 1087 1509 isti
1117 1472 1130 1507 :
1168 1454 1371 1523 quippe
1413 1454 1507 1523 qui
1544 1456 1609 1507 ad
1643 1454 1861 1508 culmen
1917 1452 2231 1507 monasticae
2262 1450 2431 1520 philo-

851 1547 1059 1617 sophiae
1102 1546 1454 1616 pervenerit,
1498 1556 1552 1599 et
1597 1544 1941 1601 dumonibus
1984 1545 2283 1599 maximum
2319 1551 2430 1597 ter-

853 1650 1035 1690 rorem
1096 1635 1437 1697 incusserit,
1505 1640 1560 1688 et
1620 1632 1980 1687 Sceliensium
2037 1628 2429 1684 monachorum

851 1730 1139 1796 presbyter
1172 1724 1349 1780 factus
1380 1726 1472 1779 sit.
1517 1723 1694 1793 Atque
1732 1723 1821 1776 hic
1852 1722 2073 1793 quidem
2105 1728 2293 1774 tantus
2324 1718 2427 1778 vir,

852 1831 1028 1872 annos
1072 1817 1293 1872 circiter
1327 1816 1674 1885 septuaginta
1720 1814 1963 1884 quinque
2008 1822 2193 1876 natus,
2244 1825 2433 1865 exces-

853 1908 927 1961 sit
970 1922 999 1961 e
1046 1907 1195 1969 vita.
1237 1906 1430 1961 multis
1473 1904 1863 1977 praestantibus
1901 1902 2187 1972 discipulis
2221 1908 2343 1970 post
2370 1915 2429 1953 se
2462 1890 2502 1944 Β

852 1996 1079 2051 relictis.
1112 1995 1313 2051 Eodem
1374 1996 1706 2064 imperatore
1743 2003 2009 2064 regnante
2053 1993 2189 2047 vixit
2228 1990 2430 2046 Paulus

849 2099 909 2143 et
966 2088 1250 2151 Pachon;
1321 2087 1638 2157 Stephanus
1699 2087 1826 2141 item
1882 2101 1948 2141 ac
2000 2084 2199 2149 Moses,
2269 2084 2430 2139 ambo

852 2178 1090 2251 Libyes;
1113 2188 1167 2234 et
1201 2179 1327 2235 Pior
1370 2177 1682 2249 Egyptius.
1729 2179 1806 2232 Ac
1844 2176 2045 2232 Paulus
2072 2176 2293 2247 quidem
2325 2174 2421 2230 de-

850 2273 1014 2342 gebat
1061 2271 1116 2325 in
1161 2268 1395 2335 Ferme,
1449 2269 1542 2339 qui
1602 2283 1760 2322 mons
1793 2276 1878 2323 est
1936 2268 1990 2322 in
2038 2266 2229 2331 Sceti;
2283 2264 2429 2348 baud

853 2363 1141 2431 pauciores
1194 2360 1510 2432 quingentis
1563 2358 1868 2414 monachos
1916 2358 2144 2412 habens.
2208 2355 2428 2410 Nullum

849 2453 1138 2524 2611ιί0
1184 2469 1322 2524 Opus
1373 2451 1627 2514 faciebat,
1682 2467 1784 2505 nec
1841 2450 1911 2505 ab
1959 2451 2071 2505 ullo
2126 2449 2433 2520 accipiebat

848 2546 1178 2615 quidquam,
1229 2553 1425 2615 prater
1478 2560 1641 2614 quam
1684 2544 1829 2615 quod
1871 2558 2067 2599 esurus
2102 2551 2263 2598 esset.
2298 2541 2434 2597 Ora-

852 2637 987 2693 tioni
1040 2646 1255 2692 tantum
1311 2637 1563 2702 vacabat,
1619 2645 1894 2692 trecentas
1932 2638 2235 2699 orationes,
2286 2636 2435 2689 velut

849 2729 1118 2785 tributum
1149 2728 1448 2799 quoddam,
1471 2728 1717 2800 quotidie
1744 2727 2058 2799 persolvens
2089 2727 2219 2782 Deo.
2258 2726 2335 2781 Ac
2363 2742 2432 2781 ne

850 2820 994 2875 forte
1023 2822 1307 2875 aberraret
1336 2820 1406 2874 ab
1430 2820 1641 2890 integro
1670 2834 1919 2884 numero,
1944 2817 2206 2873 trecentis
2232 2816 2431 2886 lapillis

849 2913 906 2969 in
932 2913 1114 2969 sinum
1157 2928 1317 2968 suum
1346 2912 1647 2983 congestis,
1691 2911 1759 2966 ad
1794 2910 2044 2982 singulas
2086 2910 2430 2980 precationes

849 3006 1096 3075 singulos
1136 3004 1460 3076 projiciebat
1494 3004 1730 3074 lapillos.
1771 3003 2095 3073 Absumptis
2126 3002 2313 3070 itaque
2350 3001 2430 3055 la-

852 3096 1024 3165 pillis,
1056 3096 1279 3164 planum
1329 3095 1494 3151 flebat
1531 3096 1813 3151 orationes
1857 3106 2086 3147 numero
2122 3090 2428 3160 lapillorum

852 3187 1089 3255 aequales
1118 3187 1231 3255 jam
1269 3186 1572 3255 completas
1609 3200 1754 3240 esse.
1787 3182 2011 3237 Pachon
2040 3195 2261 3251 quoque
2297 3188 2429 3232 tunc

852 3278 1117 3349 temporis
1146 3280 1201 3333 in
1237 3278 1384 3333 Sceti
1410 3278 1649 3334 celebris
1684 3277 1812 3331 fuit.
1846 3276 1951 3342 Qui
1984 3289 2108 3330 cum
2135 3272 2204 3327 ab
2243 3270 2427 3325 adole-

854 3372 1062 3426 scentia
1107 3386 1282 3441 usque
1327 3370 1393 3425 ad
1435 3371 1684 3425 ultimam
1733 3374 2068 3425 senectutem
2105 3366 2337 3420 vixisset
2370 3363 2425 3417 in

850 3464 1165 3529 solitudine,
1197 3472 1379 3518 tamen
1421 3477 1521 3518 nec
1551 3463 1697 3516 bona
1736 3461 1987 3530 corporis
2016 3456 2299 3519 habitudo,
2323 3470 2425 3510 nec

849 3552 1186 3624 perturbatio
1224 3551 1414 3612 animi,
1437 3564 1539 3604 nec
1578 3549 1817 3613 daemon,
1849 3548 2002 3602 circa
2036 3546 2422 3600 abstinentiam

847 3660 1039 3700 eorum
1073 3659 1102 3698 a
1128 3644 1328 3714 quibus
1358 3641 1742 3712 phiIOSOphum
1769 3639 2049 3693 abstinere
2083 3636 2259 3700 decet,
2298 3651 2421 3689 eum

849 3751 1088 3806 unquam
1135 3736 1391 3806 ignavum
1431 3730 1814 3803 deprehendit.
1855 3728 1977 3783 Jam
2022 3743 2154 3783 vero
2190 3727 2422 3797 Stepha-

848 3844 955 3883 nus
1007 3828 1155 3882 circa
1217 3826 1514 3881 Mareotem
1575 3822 1881 3886 habitabat,
1940 3819 2085 3875 haud
2147 3820 2336 3890 procul
2390 3832 2421 3871 a

850 3919 1188 3973 Marmariee.
1218 3918 1319 3984 Qui
1353 3932 1481 3972 eum
1509 3929 1701 3971 severa
1733 3929 1798 3968 ae
1824 3912 2224 3983 perfectissima
2259 3910 2422 3965 disci-

847 4011 995 4082 plina
1029 4025 1151 4065 sese
1195 4009 1537 4064 exercuisset
1572 4022 1668 4079 per
1711 4020 1885 4060 annos
1926 4004 2239 4074 sexaginta,
2276 4004 2422 4057 cele-

847 4103 1123 4157 berrimus
1160 4099 1375 4155 exstitit
1427 4097 1755 4160 monachus,
1818 4105 1874 4152 et
1930 4110 2130 4165 magno
2180 4092 2421 4148 Antonio

848 4192 1159 4248 familiaris.
1213 4190 1339 4245 Fuit
1398 4198 1579 4245 autem
1642 4189 1793 4244 mitis
1839 4195 1896 4243 et
1948 4185 2242 4240 admodum
2289 4199 2419 4254 pru-

846 4285 1006 4350 dens,
1069 4284 1124 4338 in
1151 4282 1450 4351 coll0quiis
1478 4280 1664 4336 suavis
1698 4289 1863 4350 atque
1906 4279 2080 4341 utilis,
2110 4285 2165 4332 et
2193 4275 2260 4330 ad
2299 4276 2418 4329 ani-

848 4393 967 4433 mos
1007 4391 1196 4431 eorum
1245 4375 1337 4445 qui
1378 4374 1568 4428 dolore
1608 4371 1785 4428 aﬂ‘ccti
1824 4378 2030 4435 essent,
2067 4367 2416 4439 permulcen-

848 4469 950 4522 dos
986 4472 1041 4520 et
1068 4466 1133 4518 ad
1162 4465 1407 4518 laztitiam
1454 4460 1822 4516 traducendos
1853 4458 2194 4530 aptissimus,
2221 4470 2415 4526 quam-

2530 620 2667 691 πλὴν
2697 621 2820 673 ὅσον
2882 620 3090 692 ήσθιεν.
3139 621 3349 693 Ηῦχετο
3389 624 3446 676 δὲ
3492 624 3674 693 μόνον,
3702 624 3892 698 ὥσπερ
3942 627 4127 697 φόρον

2525 712 2649 764 τινὰ
2671 712 2985 782 τριακοσίας
3010 712 3175 783 εὐχὰς
3206 714 3445 783 ἑκάστης
3477 715 3688 786 ἡμέρας
3720 716 4006 778 ἀποδιδοὺς
4030 717 4125 784 τῷ

2527 803 2666 874 Θεῷ.
2717 805 2832 859 Ἵνα
2893 804 2948 858 δὲ
3010 806 3084 875 μὴ
3128 805 3307 858 λαθὼν
3363 806 3637 877 διαμάρτῃ
3687 808 3783 861 τοῦ
3834 808 4120 879 ἀριθμοῦ,

2526 897 2845 969 τριακοσίας
2867 897 3109 967 ψηφίδας
3144 896 3224 966 τῷ
3251 897 3436 968 κόλπῳ
3469 898 3775 967 ἐμϐάλλων,
3818 899 3939 953 καθ’
3978 900 4120 952 ἐκά-

2530 1004 2661 1058 στην
2691 987 2856 1057 εὐχὴν
2900 986 3110 1056 ψηφίδα
3143 988 3415 1057 ἐκρίπτει.
3460 987 3869 1041 Ἀναλωθέντων
3901 989 3958 1041 δέ
3999 989 4119 1040 τῶν

2528 1078 2711 1143 λίθων,
2744 1079 2899 1148 δῆλον
2936 1079 3152 1145 ἐγένετο
3187 1078 3288 1140 τὰς
3321 1079 3642 1150 ἰσαρίθμους
3670 1082 3783 1143 τοῖς
3813 1078 3980 1143 λίθοις
4020 1080 4123 1132 εὖ-

2529 1168 2630 1239 χάς
2656 1168 3068 1238 πεπληρῶσθαι.
3100 1170 3210 1222 Καὶ
3239 1167 3434 1238 Παχὼν
3457 1168 3511 1221 δὲ
3534 1169 3656 1221 τότε
3689 1169 3747 1221 ἐν
3778 1169 3975 1238 Σκήτει
4032 1168 4119 1221 δι-

2541 1262 2802 1331 έπρεπεν,
2842 1260 2901 1312 ὃν
2931 1261 2998 1313 ἐκ
3052 1259 3173 1312 νέου
3206 1256 3369 1330 μέχρι
3414 1261 3597 1330 γήρως
3624 1258 4115 1327 πολιτευσάμενον,

2529 1352 2654 1406 οὔτε
2688 1352 2846 1423 σῶμα
2872 1348 2933 1406 εὖ
2968 1352 3127 1421 ἔχων,
3156 1351 3280 1404 οὔτε
3308 1352 3478 1415 πάθος
3502 1351 3701 1421 ψυχῆς,
3724 1351 3847 1404 οὔτε
3870 1352 4113 1421 δαίμων,

2529 1444 2790 1512 ἄνανδρον
2815 1442 3066 1514 ἐφώρασε
3096 1444 3226 1515 περὶ
3251 1444 3350 1514 τὴν
3381 1445 3729 1513 ἐγκράτειαν,
3764 1438 3839 1499 ὧν
3862 1444 3938 1497 δεῖ
3967 1461 4114 1513 κρα-

2529 1539 2643 1589 τεῖν
2666 1536 2756 1590 τὸν
2784 1535 3093 1605 φιλόσοφον.
3130 1536 3404 1605 Στέφανος
3434 1537 3491 1589 δέ
3522 1539 3651 1608 περὶ
3677 1536 3767 1590 τὸν
3798 1536 4113 1608 Μαρεώτην

2530 1629 2630 1700 τὴν
2655 1629 2867 1701 οἴκησιν
2898 1626 3065 1699 εἶχεν,
3094 1630 3194 1682 οὐκ
3220 1629 3440 1684 ἄπωθεν
3472 1630 3570 1699 τῆς
3598 1630 4000 1700 Μαρμαρικῆς.
4029 1631 4110 1681 Δι’

2531 1720 2793 1791 ἀκριϐοῦς
2818 1721 2875 1775 δὲ
2903 1722 2999 1775 καὶ
3027 1721 3369 1789 τελειοτάτης
3395 1722 3648 1792 χωρήσας
3681 1722 3987 1791 ἀσκήσεως,
4012 1720 4114 1774 ἐπὶ

2534 1813 2796 1884 ἐξήκοντα
2846 1811 3054 1877 ἐτεσιν,
3106 1811 3537 1883 εὐδοκιμώτατος
3579 1812 3798 1880 ἐγένετο
3849 1813 4108 1881 μοναχδς.

2530 1906 2626 1958 καὶ
2684 1905 2951 1976 Ἀντωνίῳ
2999 1903 3077 1975 τῷ
3129 1904 3350 1976 μεγάλῳ
3395 1903 3691 1976 γνώριμος.
3753 1902 4003 1972 Ἐγένετο
4050 1904 4109 1955 δὲ

2531 1999 2723 2067 πρᾶος,
2753 1998 2847 2051 καὶ
2873 1997 3035 2067 σοφὸς
3068 1999 3149 2061 εἰς
3172 1997 3332 2065 ἄγαν,
3361 1998 3456 2050 καὶ
3483 1998 3540 2048 ἐν
3566 1998 3687 2059 ταῖς
3717 1995 3953 2066 ὁμιλίαις
3972 1994 4109 2065 eas;

2528 2090 2621 2141 καὶ
2648 2087 2946 2159 ὠφέλιμος,
3000 2088 3093 2142 xal.
3140 2088 3321 2151 ἱκανὸς
3351 2088 3449 2153 τὰς
3477 2088 3584 2140 τῶν
3614 2088 3965 2157 λυπουμένων
4004 2087 4110 2155 ψυ-

2530 2180 2629 2251 χὰς
2661 2180 2865 2251 κηλεῖν,
2898 2180 2992 2234 καὶ
3020 2180 3114 2235 ἐπὶ
3143 2180 3204 2234 τὸ
3232 2178 3466 2251 εὖθυμον
3502 2179 3876 2251 μεταϐάλλειν,
3924 2182 3973 2232 εί
4010 2180 4103 2232 καὶ

2529 2272 2852 2341 ἀναγκαίαις
2903 2272 3100 2335 λύπαις
3195 2271 3727 2343 προκατειλημμένοι
3784 2272 4105 2341 ἐτύγχανον.

2531 2364 2782 2428 Τοιοῦτος
2800 2363 2857 2417 δέ
2884 2359 2951 2434 ἦν
2981 2365 3074 2417 καὶ
3104 2364 3233 2435 περὶ
3260 2362 3357 2427 τὰς
3380 2364 3585 2426 οἰκείας
3608 2363 3910 2433 συμφοράς.
3942 2364 3999 2415 Ἀ
4010 2362 4108 2432 μέ-

2529 2456 2610 2511 λει
2636 2454 2871 2527 χαλεποῦ
2903 2456 2998 2509 καὶ
3041 2456 3260 2509 ἀνιάτου
3293 2453 3498 2516 πάθους
3535 2454 3905 2525 ἐνσκήψαντος
3929 2451 4104 2521 αὐτῷ,

2528 2546 2599 2600 τά
2630 2546 2995 2618 διεφθαρμένα
3022 2547 3157 2617 μέλη
3185 2548 3296 2609 τοῖς
3325 2547 3525 2615 ἰατροῖς
3557 2544 3777 2617 τέμνειν
3806 2543 4103 2616 παραδοὺς,

2530 2639 2815 2712 εἰργάζετο
2850 2642 2972 2704 ταῖς
3006 2640 3161 2711 χερσὶ
3199 2638 3373 2709 φύλλα
3411 2638 3666 2707 φοινίκων
3706 2637 3941 2692 πλέκων.
3990 2638 4104 2689 Καὶ

2531 2735 2642 2793 τοῖς
2674 2730 2910 2803 παροῦσι
2946 2728 3291 2783 συνεϐούλευε
3328 2730 3402 2801 μή
3429 2730 3713 2800 δυσφορεῖν
3740 2730 3835 2782 ἐπὶ¹
3861 2731 3972 2791 τοῖς
3998 2728 4105 2781 αύ-

2530 2821 2625 2875 τοῦ
2655 2822 2870 2886 πάθεσι,
2910 2821 3043 2893 μηδὲ
3074 2822 3200 2876 ἀλλο
3231 2839 3284 2875 τι
3311 2821 3656 2885 διανοεῖσθαι,
3683 2822 3821 2891 πλὴν
3847 2822 3929 2874 ὅτι
3961 2822 4104 2891 πρὸς

2528 2912 2679 2976 τέλος
2701 2930 2804 2984 χρη
2814 2912 2933 2966 στὸν
2967 2914 3203 2976 πάντως,
3228 2912 3265 2966 ἃ
3290 2914 3434 2965 ποιεῖ
3459 2915 3487 2965 ὁ
3514 2912 3666 2980 Θεὸς,
3694 2912 3931 2967 ἐκϐαίνει
3954 2929 3968 2942 ⁸
4004 2913 4105 2965 καὶ

2530 3005 2679 3076 αὐτῷ
2731 3006 2994 3058 συνοίσειν
3040 3004 3295 3059 τοιούτων
3341 3007 3675 3077 πειραθῆναι
3735 3006 3948 3067 παθῶν,
4001 3008 4101 3059 καὶ

2531 3096 2669 3167 ὑπὲρ
2700 3096 3113 3166 ἁμαρτημάτων
3150 3095 3298 3159 ἴσως,
3342 3091 3417 3150 ὧν
3444 3097 3629 3149 ἕνεκεν
3655 3097 3873 3167 ἄμεινον
3910 3096 4101 3149 ἐνθάδε

2529 3186 2728 3238 διδόναι
2762 3186 2938 3256 δίκην,
2967 3188 3001 3257 ἢ
3033 3183 3304 3257 μετὰ’τὴν
3332 3187 3512 3258 βιοτὴν
3546 3188 3768 3259 ταύτην.
3811 3189 4013 3257 Μωσῆς
4041 3186 4101 3239 δὲ

2528 3275 2794 3344 πραότητι
2824 3277 2917 3329 καὶ
2942 3275 3133 3348 ἀγάπῃ
3159 3276 3449 3346 ὑπερφυῶς
3478 3276 3887 3348 εὐδοκιμηκέναι
3920 3294 4103 3347 παρα·-

2523 3365 2752 3429 δέδοται,
2781 3366 2875 3419 καὶ
2911 3367 3086 3420 ίάσεσι
3132 3368 3321 3420 παθῶν
3355 3369 3489 3439 εὐχῇ
3518 3371 3995 3439 κατορθουμέναις.
4038 3373 4102 3426 ’0

2523 3455 2579 3506 δὲ
2608 3456 2757 3526 Πίωρ
2786 3458 2850 3509 ἐκ
2867 3457 2989 3510 νέου
3014 3457 3321 3526 φιλοσοφεῖν
3343 3457 3618 3525 ἐγνωκὼς,
3643 3460 3807 3529 ήνίκα
3833 3460 3919 3512 διὰ
3940 3460 4104 3514 τοῦτο

2522 3547 2616 3600 τοῦ
2663 3547 2915 3618 πατρῴου
2966 3548 3117 3601 οἴκου
3164 3549 3373 3618 ἐξῆλθε,
3416 3548 3668 3602 συνέθετο
3706 3552 3784 3619 τῷ
3829 3552 3966 3621 Θεῷ,
3999 3554 4099 3605 τοῦ

2522 3637 2711 3691 λοιποῦ
2768 3639 2972 3710 μηδένα
2990 3640 3097 3693 τῶν
3121 3640 3335 3695 οἰκείων
3365 3640 3588 3709 ὗψεσθαι
3612 3658 3627 3673 θ
3658 3642 3799 3711 μετά
3820 3642 3875 3695 δέ
3899 3647 4101 3711 πεντή-

2523 3748 2687 3784 κοντα
2732 3730 2824 3801 ἐτη
2878 3730 3110 3784 ἐπύθετο
3156 3732 3317 3785 αὑτὸν
3368 3734 3400 3802 ή
3446 3732 3649 3802 ἀδελφὴ
3695 3731 3815 3801 ζῇν.
3858 3733 3991 3786 Ὑπὸ
4039 3735 4099 3787 δὲ

2522 3825 2698 3895 χαρᾶς
2728 3824 2966 3895 ἀμέτρου
3002 3824 3310 3895 παραλόγου
3344 3824 3627 3895 μηνύσεως
3660 3825 4097 3893 καταπλα-ίεῖσα,

2521 3914 2747 3984 ἠρεμεῖν
2787 3915 2887 3967 ούκ
2916 3914 3163 3983 ήδύνατο,
3212 3917 3260 3967 εί
3315 3916 3391 3986 μή
3440 3915 3693 3969 θεάσαιτο
3721 3917 3812 3971 τὸν
3844 3918 4093 3987 ἀδελφόν.

2533 4002 2967 4075 Ὀλοφυρομένην
2989 4006 3045 4058 δὲ
3070 4008 3165 4059 καὶ
3194 4006 3580 4060 ἀντιϐολοῦσαν
3606 4011 3665 4061 ἐν
3691 4009 3838 4080 γήρᾳ
3864 4009 4096 4079 ἐλεήσας

2518 4098 2547 4150 ὁ
2574 4097 2702 4166 παρ’
2725 4097 2903 4159 αὐτοῖς
2930 4097 3245 4160 ἐπίσκοπος,
3270 4097 3470 4171 ἔγραψε
3495 4102 3608 4163 τοῖς
3632 4101 3952 4170 ήγουμένοις
3982 4103 4097 4157 τῶν

2519 4188 2578 4240 ἐν
2607 4188 2795 4257 ἐρήμῳ
2822 4186 3092 4256 μοναχῶν,
3124 4188 3401 4258 ἐκπέμψαι
3426 4190 3517 4243 τὸν
3550 4192 3724 4261 Πίωρ.
3760 4192 4000 4245 ’Δπιέναι
4030 4195 4093 4246 δὲ

2519 4278 2902 4349 προσταχθεὶς,
2940 4279 3040 4331 οὐκ
3074 4278 3211 4349 ἔχων
3246 4281 3517 4335 ἀντειπεῖν
3541 4300 3555 4313 ’
3598 4283 3659 4336 ού
3685 4283 3791 4353 γὰρ
3817 4284 3973 4353 θέμις
4000 4287 4096 4337 Ai-

2517 4371 2772 4438 γυπτίοις.
2793 4374 3066 4441 μοναχοῖς,
3101 4366 3253 4442 οἶμαι
3276 4373 3331 4425 δέ
3358 4374 3450 4427 καὶ
3482 4376 3595 4438 τοῖς
3621 4374 3820 4441 ἀλλοις,
3842 4376 4092 4429 ἀπειθεῖν

2516 4464 2628 4526 τοῖς
2666 4463 3106 4533 ἐπιταττομένοις
3134 4483 3149 4497 ο
3195 4464 3524 4534 παραλαϐών
3559 4484 3700 4531 τινα,
3742 4468 3967 4536 ἀφίκετο
4006 4471 4091 4531 εἰς

846 4563 930 4613 vis
988 4558 1144 4613 dolor
1178 4570 1370 4611 eorum
1422 4569 1660 4623 prorsus
1714 4552 2062 4607 necessarius
2116 4548 2410 4603 videretur.
2440 4553 2604 4634 Πτὴκ

2328 4561 2410 4600 ur.
2440 4553 2614 4634 Πτὴν
2647 4554 2879 4625 πατρίδα
2904 4571 2918 4585 ·
2966 4556 3061 4609 καὶ
3107 4556 3237 4619 στὰς
3286 4556 3392 4626 πρὸ
3435 4558 3533 4626 τῆς
3583 4559 3842 4629 πατρῴας
3882 4561 4086 4624 οίκίας,

845 4651 965 4719 Ipse
992 4662 1211 4719 quoque
1244 4646 1319 4700 ita
1349 4645 1575 4701 affectus
1599 4651 1718 4701 erat
1740 4644 1794 4698 in
1831 4643 1947 4698 suis
1985 4637 2410 4695 calamitatibus.

844 4742 981 4797 Nam
1016 4756 1143 4797 cum
1177 4754 1342 4811 grave
1382 4737 1655 4809 quoddam
1705 4746 1760 4790 et
1804 4731 2109 4789 insanabile
2164 4730 2320 4784 ulcus
2362 4728 2410 4783 ei

844 4832 1205 4903 contigisset,
1264 4838 1527 4899 corrupta
1580 4827 1829 4897 corporis
1882 4823 2125 4879 membra
2177 4819 2411 4875 secanda

844 4924 1072 4981 medicis
1125 4922 1383 4993 praebuit,
1440 4923 1561 4991 ipse
1625 4919 1848 4974 interim
1900 4931 2040 4986 opus
2093 4913 2324 4979 faciens,
2357 4919 2411 4965 et

843 5016 1148 5087 palmarum
1177 5011 1305 5067 folia
1333 5011 1588 5066 manibus
1624 5009 1742 5064 suis
1776 5016 1985 5062 texens.
2026 5002 2409 5073 Suadebatque

844 5103 1214 5167 adstantibus,
1256 5118 1325 5157 ne
1358 5103 1430 5157 ob
1464 5102 1639 5172 ipsius
1682 5100 1823 5154 mala
1861 5113 2097 5153 mmrore
2129 5095 2408 5152 afﬁceren-

843 5207 951 5263 tur,
974 5210 1109 5251 neve
1146 5193 1292 5248 aliud
1321 5193 1620 5265 quidquam
1650 5192 1974 5263 eogitarent,
2009 5203 2173 5258 quam
2198 5202 2260 5242 ea
2285 5202 2408 5257 quae

843 5306 874 5345 a
903 5289 1014 5343 Deo
1042 5289 1197 5351 fiunt,
1238 5286 1442 5342 bonum
1482 5300 1698 5356 seraper
1725 5285 1933 5339 exitum
1970 5280 2157 5336 sortiri
2192 5298 2205 5333 :
2236 5278 2405 5349 idque

2511 4646 2778 4716 ἐμήνυσεν
2831 4644 3165 4715 ἐληλυθέναι.
3238 4647 3387 4700 Ἐπεὶ
3428 4646 3486 4699 δέ
3530 4648 3723 4717 ψοφεῖν
3768 4649 3867 4719 τὴν
3911 4649 4087 4719 θύραν

2508 4736 2725 4808 ᾔσθετο,
2753 4735 2927 4806 μύσας
2948 4737 3072 4799 τοὺς
3094 4737 3422 4807 ὀφθαλμοὺς,
3444 4741 3702 4811 ὀνομαστὶ
3726 4740 3823 4812 τὴν
3849 4741 4088 4812 ἀδελφὴν

2508 4826 2840 4899 προσειπὼν,
2899 4826 3061 4895 Ἐγὼ,
3110 4829 3235 4899 ἐφη,
3268 4831 3418 4900 Πίωρ
3464 4832 3493 4883 ὁ
3541 4831 3632 4896 σὸς
3673 4832 3920 4901 ἁδελφός·
3949 4833 4093 4886 ἀλλὰ

2507 4919 2630 4971 ὅσον
2673 4918 2883 4987 βούλει,
2927 4921 3195 4973 κατανόει.
3236 4920 3301 4974 Ἠ
3345 4922 3442 4992 μὲν
3470 4918 3562 4977 οὖν
3607 4924 3868 4995 ήσθεῖσα,
3923 4926 4091 4995 χάριν

2512 5010 2780 5081 ὡμολόγει
2809 5010 2888 5081 τῷ
2913 5010 3031 5080 Θεῷ
3057 5029 3072 5044 ο
3116 5014 3145 5065 ὁ
3171 5012 3228 5065 δὲ
3258 5014 3407 5085 παρὰ
3444 5013 3541 5084 τήν
3564 5014 3733 5085 θύραν
3765 5016 4083 5085 εὐξάμενος.

2510 5102 2839 5172 ἀνέστρεψεν
2868 5105 2948 5166 εἰς
2971 5104 3062 5156 τὸν
3095 5104 3257 5159 τόπον
3285 5108 3342 5159 ἐν
3370 5101 3416 5175 ᾧ
3441 5107 3591 5178 ᾦκει.
3621 5108 3787 5161 Ἔνθα
3816 5109 3879 5179 δὴ
3903 5109 4086 5180 φρέαρ

2510 5192 2730 5263 ὀρύξας,
2771 5195 2965 5265 πικρὸν
3004 5189 3131 5264 εὗρε
3168 5197 3228 5250 τὸ
3271 5197 3434 5269 ὕδωρ.
3480 5200 3590 5252 Καὶ
3630 5200 3791 5269 μέχρι
3821 5199 4084 5268 τελευτῆς

2512 5283 2769 5353 ὑπέμεινε
2807 5285 2917 5354 (44)
2960 5285 3132 5357 τούτῳ
3159 5288 3511 5359 κεχρημένος.
3565 5289 3626 5342 '0
3656 5289 3713 5342 δὲ
3752 5288 3888 5341 μετὰ
3908 5287 4083 5341 ταῦτα

1991 5460 2260 5517 VALESII
2294 5460 2827 5518 ANNOTATIONES

845 5616 971 5672 dius
992 5617 1048 5671 in
1080 5616 1347 5673 Lausiaca
1371 5633 1495 5689 cap.
1516 5618 1775 5693 εὔπορος
1798 5622 1856 5673 ἐν
1881 5625 1960 5745 Ἥ
1974 5620 2231 5690 Αἰγύπτῳ
2253 5620 2401 5674 ἐστὶν

845 5688 1052 5745 ἀπάγον
1083 5690 1176 5741 ἐπὶ
1196 5689 1295 5745 τὴν
1325 5689 1560 5745 Σκήτην.
1592 5689 1621 5742 ὸ
1649 5691 1891 5744 καλεῖται
1964 5693 2127 5745 έομη·
2157 5694 2214 5744 ἐν
2232 5692 2401 5745 τούτω

842 5688 1052 5762 ἀπάγον
1083 5690 1176 5762 ἐπ).
1196 5689 1295 5762 τὴν
1325 5689 1560 5762 Σκήτην,
1592 5689 1621 5742 ὸ
1649 5688 1891 5744 καλεῖται
1918 5688 2127 5762 ᾧέρμη·
2157 5688 2214 5744 ἐν
2232 5692 2402 5762 τούτῳ

843 5758 919 5826 τῷ
942 5759 1057 5831 δρει
1076 5758 1401 5831 καθέζονται
1530 5762 1874 5815 πεντακόσιοι
1913 5758 2103 5831 ἄνδρες
2128 5758 2402 5831 ἀσκούμεέ-

842 5822 941 5880 νοιο
969 5822 1025 5881 ἐν
1064 5822 1141 5892 οἷς
1174 5831 1265 5882 καὶ
1293 5828 1500 5892 Παῦλός
1522 5846 1603 5895 τις
1637 5832 1887 5900 μοναχός,
1923 5822 2030 5887 ειυζ

2578 5619 2691 5687 (Η)
2716 5617 2903 5687 Μέχρι
2930 5617 3213 5684 τελευτῆς
3241 5619 3425 5673 ἔπινε.
3457 5617 3576 5671 Non
3604 5618 3795 5673 dubito
3812 5619 3946 5687 quin
3975 5616 4081 5672 So-

2512 5690 3081 5770 a‘omenusscripserit
3101 5689 3374 5770 saepem.
3397 5691 3556 5743 Certe
3572 5687 4081 5770 Ijicephorushuuc

2513 5758 2993 5825 SozomeniJocnm
3017 5758 3334 5814 describens
3354 5760 3407 5812 in
3428 5774 3550 5829 cap.
3574 5759 3660 5817 57,
3691 5760 3783 5812 lib.
3819 5776 3877 5817 II,
3912 5760 4081 5809 halu-t

2518 5828 2930 5900 παρέμενε.Νεο
2956 5829 3112 5884 aliter
3137 5829 3410 5885 Palladius
3432 5832 3484 5885 in
3508 5830 3798 5896 Lausiaca,
3826 5845 3928 5899 cap
3980 5828 4084 5882 8'1.
