4452 6598
887 411 1031 466 1383

2359 391 2696 448 SOZOMENI

4014 393 4170 448 ιεδι

881 529 1103 582 bantur.
1149 521 1326 578 Porro
1358 525 1504 577 hunc
1559 517 1906 574 Ammonium
1957 517 2023 572 ad
2064 517 2279 570 culmen
2333 530 2448 568 mo-
2477 523 2520 576 Α
2554 514 2638 583 μώ

2409 534 2448 567 ’·
2477 523 2520 576 Α
2554 514 2752 583 μώνιον
2796 513 2876 576 είς
2915 511 3085 583 ἀκρον
3133 510 3452 581 φιλοσοφίας
3491 515 3810 585 προελθεῖν.
3857 505 4060 584 ἡδονῆς
4100 530 4167 567 τε

883 619 1113 672 ιιιιειίοαι
1166 612 1525 684 philosOphia:
1572 610 1887 681 pervenisse
1945 614 2200 668 narrant,
2251 615 2305 660 et
2356 620 2454 657 vo-

884 709 1154 775 luptatem
1186 721 1251 760 ac
1277 703 1544 758 desidiam
1573 701 1701 756 forti
1741 703 1928 754 animo
1963 713 2276 770 superasse.
2307 697 2453 750 Idem

885 799 1183 852 admodum
1217 797 1503 851 studiosus
1537 793 1710 848 fuisse
1745 791 1952 846 dicitur
1973 832 1989 857 ,
2017 791 2152 845 adeo
2180 797 2240 843 ut
2269 787 2456 856 Orige-

886 893 994 954 nis,
1029 889 1240 959 Didymi
1292 893 1346 940 et
1391 886 1622 939 aliorum
1660 883 2168 940 ecclesiastieorum
2221 881 2456 948 scripto-

886 998 1009 1036 rum
1047 983 1215 1035 libros
1244 979 1535 1048 diligenter
1564 977 1724 1047 263
1777 977 2066 1031 evolveret.
2111 973 2192 1027 Ab
2236 973 2458 1025 ineunte

887 1081 1071 1128 autem
1115 1079 1276 1126 aetate
1327 1071 1393 1123 ad
1430 1079 1739 1125 extremum
1772 1071 1895 1123 vita:
1938 1067 2084 1122 diem
2153 1065 2290 1118 nihil
2333 1064 2458 1131 igne

887 1175 1104 1219 coctum
1137 1173 1333 1234 praeter
1385 1177 1580 1233 panem
1614 1173 1864 1231 gustasse
1896 1159 2086 1214 fertur.
2136 1156 2272 1211 Cum
2327 1170 2458 1209 vero

898 1256 1197 1325 aliquando
1226 1254 1527 1326 capiendus
1557 1260 1726 1317 esset,
1750 1261 1809 1306 ut
1852 1252 2144 1321 episcOpus
2173 1247 2459 1302 ordinare-

893 1357 1006 1412 tur,
1040 1363 1144 1403 nec
1193 1349 1442 1416 rogando
1475 1345 1804 1416 persuadere
1848 1344 2117 1412 potuisset
2146 1341 2214 1395 iis
2248 1339 2342 1409 qui
2392 1337 2458 1390 ad

889 1437 1070 1506 ipsum
1116 1436 1437 1506 capiendum
1493 1442 1778 1495 venerant,
1833 1440 1892 1485 ut
1940 1432 2173 1494 abirent,
2215 1427 2461 1483 abscissa

888 1529 996 1583 sibi
1027 1529 1306 1592 auricula,
1371 1526 1554 1591 Abite,
1591 1525 1795 1594 inquit;
1825 1523 2052 1594 posthac
2083 1522 2228 1575 enim
2269 1519 2464 1588 nequi-

888 1617 1012 1673 dem
1048 1620 1096 1673 si
1129 1617 1348 1682 vellem,
1385 1615 1750 1672 sacerdotalis
1788 1615 1873 1668 lex
1903 1629 1990 1666 me
2018 1611 2261 1665 ordinari
2294 1611 2459 1672 sinit;

889 1708 1086 1779 integri
1115 1709 1262 1763 enim
1301 1707 1554 1780 corporis
1599 1707 1938 1761 sacerdotem
1982 1703 2250 1757 constitui
2295 1715 2464 1770 opor-

889 1807 988 1854 tet.
1030 1799 1108 1854 llli
1140 1798 1401 1870 digressi,
1428 1806 1784 1868 posteaquam
1822 1795 2228 1860 intellexerunt,
2260 1791 2462 1846 Judazis

889 1892 1109 1964 quidem
1134 1891 1249 1947 haec
1291 1890 1634 1946 observanda
1667 1904 1830 1954 esse,
1872 1887 2173 1942 Ecclesiam
2219 1899 2350 1939 vero
2397 1883 2463 1939 de

889 1998 1126 2054 corpore
1170 1998 1280 2038 non
1331 1998 1550 2049 curare,
1601 1981 1901 2036 dummodo
1943 1979 2204 2034 sacerdos
2257 1979 2464 2046 integer

895 2078 965 2130 sit
992 2078 1260 2140 moribus,
1295 2075 1480 2131 denuo
1516 2075 1818 2138 redierunt,
1839 2089 1962 2127 eum
1989 2069 2461 2140 comprehensuri.

892 2165 1033 2221 Tum
1071 2166 1160 2222 ille
1189 2165 1420 2236 juravit,
1459 2180 1518 2222 se
1552 2165 1792 2232 linguam
1824 2178 2040 2233 quoque
2077 2161 2180 2215 sibi
2210 2160 2468 2231 praecisu—

891 2273 1046 2322 rum,
1077 2260 1124 2312 si
1171 2261 1280 2312 vim
1336 2257 1515 2312 facere
1559 2263 1884 2311 tentassent.
1921 2253 2134 2321 Quibus
2183 2254 2260 2308 illi
2305 2253 2467 2306 minis

891 2350 1192 2421 perterriti,
1228 2349 1638 2404 abscesserunt.
1676 2347 1816 2401 Hinc
1849 2361 2016 2416 porro
2059 2345 2263 2398 iactum
2295 2353 2379 2398 est
2410 2352 2470 2396 ut

891 2441 1222 2495 Ammonius
1254 2440 1357 2494 iste
1393 2438 1644 2502 Parotes,
1702 2438 1754 2492 id
1789 2448 1879 2491 est
1930 2437 2177 2490 auricula
2220 2436 2465 2499 mutilus,

892 2539 1209 2586 vocaretur.
1241 2528 1398 2583 Haud
1441 2530 1614 2583 multo
1639 2537 1784 2599 post,
1817 2527 2101 2596 sequentis
2131 2527 2341 2581 scilicet
2365 2527 2467 2578 im-

893 2621 1166 2693 peratoris
1197 2619 1560 2690 temporibus,
1605 2618 1872 2688 Evagrius
1920 2619 2146 2687 sapiens
2201 2632 2324 2670 cum
2378 2617 2471 2668 illo

893 2713 1240 2767 familiariter
1304 2711 1460 2775 vixit,
1538 2711 1622 2764 vir
1674 2709 1870 2764 doctus
1919 2709 2209 2778 imprimis,
2255 2715 2310 2762 et
2354 2714 2469 2760 turn

899 2803 1237 2874 intelligendi
1270 2802 1550 2866 facultate,
1585 2808 1700 2855 tum
1733 2801 1946 2855 dicendi
1983 2801 2140 2868 copia
2169 2799 2467 2868 praeditus:

910 2907 967 2952 et
988 2897 1045 2951 in
1078 2894 1484 2966 distinguendis
1512 2893 1941 2962 cogitationibus
1988 2907 2109 2960 qua:
2134 2899 2228 2943 aut
2257 2889 2325 2944 ad
2362 2890 2474 2942 vir-

916 2997 1111 3054 tutem,
1142 2995 1238 3042 aut
1260 2986 1326 3041 ad
1357 2985 1549 3038 vitium
1585 2984 1888 3048 tenderent,
1938 2982 2329 3052 sagacissimus
2362 2999 2375 3035 :
2423 2989 2477 3036 et

907 3079 1185 3149 quomodo
1216 3077 1320 3131 illa:
1340 3075 1561 3146 quidem
1582 3073 1917 3135 excolendae,
1957 3075 2039 3126 hae
2062 3088 2190 3126 vero
2218 3071 2476 3126 cavendae

895 3175 1029 3236 sint,
1051 3171 1335 3226 consultor
1357 3165 1827 3224 idoneus.Verum
1857 3167 2000 3235 quod
2029 3164 2248 3251 quidem
2268 3165 2474 3251 addocf
2501 3193 2545 3251 ο

894 3263 1097 3316 trinam
1138 3261 1360 3324 attinet,
1399 3257 1582 3328 qualis
1617 3265 1970 3324 quantusque
2022 3252 2107 3306 vir
2129 3250 2318 3312 fuerit,
2350 3249 2474 3304 libri

896 3369 1038 3424 quos
1070 3351 1310 3424 posteris
1354 3350 1602 3419 reliquit,
1637 3348 1774 3402 satis
1813 3345 2192 3402 declarabunt.
2234 3345 2478 3400 Moribus

894 3459 1026 3500 vero
1042 3442 1340 3498 moderatis
1357 3441 1528 3496 fuisse
1547 3440 1771 3506 dicitur,
1799 3438 1939 3494 etab
1968 3438 2117 3490 omni
2145 3440 2287 3492 fastu
2321 3447 2374 3492 ct
2397 3454 2478 3492 ar-

894 3535 1143 3606 rogantia
1191 3535 1267 3588 ita
1311 3533 1559 3594 alienus,
1593 3539 1652 3584 ut
1679 3546 1778 3584 nec
1810 3531 1934 3600 jure
1959 3531 2155 3584 merito
2201 3529 2477 3595 laudatus,

897 3625 1183 3696 praconiis
1217 3625 1628 3683 intumesceret,
1667 3635 1770 3676 nec
1811 3620 2085 3674 immerito
2111 3621 2475 3690 vituperatus,

899 3717 1260 3773 contumelias
1318 3716 1508 3784 iniquo
1559 3713 1744 3767 animo
1794 3711 1982 3767 ferret.
2033 3710 2206 3766 Ortus
2236 3714 2324 3765 hic
2358 3711 2462 3766 l'uit

900 3827 966 3865 ex
1001 3811 1134 3864 urbe
1173 3808 1346 3862 lberis
1385 3822 1508 3877 qum
1540 3806 1609 3860 ad
1645 3804 1917 3859 Euxinum
1949 3803 2186 3858 Pontum
2221 3804 2323 3858 sita
2364 3813 2467 3859 est.

902 3899 1304 3969 Philosophiam
1323 3912 1451 3952 vero
1468 3904 1522 3952 et
1545 3895 1977 3951 sacrasLitteras
2007 3895 2193 3949 didicn
2215 3897 2316 3949 sub
2335 3897 2471 3948 Gre»

901 3993 1053 4062 gorio
1084 3991 1342 4061 episcopo
1376 3986 1658 4047 Nazianzi,
1705 3984 1945 4054 quidum
1973 3985 2467 4053 Constantinopoli-

903 4093 1087 4138 tanam
1111 4080 1409 4134 Ecclesiam
1431 4076 2005 4136 administraret,cum
2024 4075 2468 4129 archidiaconum

903 4171 1112 4226 habuit.
1152 4170 1398 4238 Cumque
1442 4165 1595 4223 vultu
1639 4175 1785 4220 esset
1831 4165 2092 4236 eleganti,
2113 4174 2168 4220 et
2194 4166 2472 4235 exquisito

2557 607 2654 660 καὶ
2689 605 2974 676 ῥᾳστώνης
3009 604 3270 674 ἀνδρείως
3300 606 3591 676 κρατῆσαι,
3636 609 3728 660 καὶ
3757 607 4040 676 φιλολόγον
4076 610 4170 668 είς

2555 696 2698 764 ἄγαν
2723 695 2974 762 γενέσθαι
3006 712 3020 726 ο
3064 695 3140 758 ὠς
3169 698 3294 759 τοὺς
3324 698 3634 768 Ὠριγένους
3668 700 3764 751 καὶ
3791 699 4027 765 Διδύμου
4062 698 4171 749 καὶ

2555 788 2663 841 τῶν
2693 787 2869 841 ἄλλων
2940 787 3411 856 ἐκκλησιαστικῶν
3469 789 3659 855 λόγους
3697 789 3986 854 διεξελθεῖν
4013 788 4164 851 (46).

2570 879 2662 930 Ἐκ
2678 880 2796 932 νέου
2813 879 2926 950 (47)
2945 879 3104 949 μέχρι
3118 878 3373 949 τελευτῆς
3401 881 3537 949 πλὴν
3563 881 3750 950 ἄρτου,
3778 884 4004 952 μηδενὸς
4024 899 4093 950 γε
4103 882 4168 932 ὑ-

2559 971 2752 1024 σασθαι
2777 973 2833 1023 ἐν
2856 975 2988 1041 πυρὶ
3019 972 3332 1041 γενομένου.
3365 973 3590 1026 Μέλλων
3622 973 3679 1025 δέ
3708 990 3836 1026 ποτε
3865 976 4006 1045 πρὸς
4036 991 4166 1044 χεεο

2560 1063 2802 1132 ροτονίαν
2827 1062 2937 1130 (48)
2976 1061 3278 1129 ἐπισκοπῆς
3310 1061 3801 1131 συλλαμϐάνεσθαι,
3839 1062 3912 1126 ὡς
3939 1063 4168 1115 ἀντιϐο-

2560 1152 2669 1206 λῶν
2697 1153 2798 1206 οὑκ
2839 1153 3057 1206 ἔπεισεν
3085 1153 3305 1206 ἀπιέναι
3331 1155 3456 1216 τοὺς
3499 1154 3584 1206 ἐπ’
3607 1154 3767 1206 αὑτὸν
3800 1153 4163 1222 ἐληλυθότας.

2559 1243 2848 1315 ἀποτεμὼν
2872 1245 2933 1298 τὸ
2953 1240 3066 1307 οὖς,
3087 1247 3303 1307 Ἀπιτε,
3330 1244 3456 1313 ἔφη’
3479 1245 3665 1297 λοιπὸν
3686 1246 3793 1315 γὰρ
3811 1246 3928 1298 οὐδὲ
3953 1248 4165 1298 ἑκόντα

2563 1353 2631 1406 με
2669 1337 2698 1388 ὁ
2726 1336 2997 1406 ἱερατικὸς
3027 1336 3188 1406 νόμος
3216 1339 3491 1407 συγχωρεί
3519 1336 3960 1406 χειροτονεῖσθαι.
4018 1341 4165 1406 ’Δρ-

2561 1445 2674 1481 τιον
2702 1427 2810 1497 γὰρ
2845 1428 3043 1498 χρῆναι
3077 1429 3171 1480 τὸν
3210 1429 3358 1498 ίερέα
3386 1428 3768 1482 καθίστασθαι.
3831 1431 4166 1501 ’Δναχωρή-

2564 1537 2752 1582 σαντες
2791 1519 2870 1580 δὲ,
2923 1519 3047 1571 ἐπεὶ
3082 1519 3208 1572 τάδε
3243 1518 3487 1586 ἔγνωσαν
3529 1520 3802 1584 Ἰουδαίοις
3846 1522 4161 1590 φυλακτέα,

2562 1611 2626 1678 τῇ
2667 1608 2722 1660 δὲ
2773 1607 3074 1678 Ἐκκλησία
3117 1607 3367 1677 σώματος
3422 1607 3590 1678 μηδὲν
3628 1609 3829 1678 μέλειν,
3876 1611 3940 1679 ἣν
3993 1613 4164 1680 μόνον

2563 1700 2750 1771 ἄρτιος
2893 1703 3006 1760 τοῖς
3049 1701 3273 1769 τρόποις
3318 1701 3346 1749 ὁ
3377 1702 3574 1772 ἱερεὺς.
3618 1697 3775 1762 αὖθις
3812 1701 4164 1771 ἀνέστρεψαν

2564 1791 2640 1853 ὡς
2693 1791 3085 1860 συλληψόμενοι
3130 1790 3220 1842 τὸν
3267 1790 3452 1859 ἄνδρα.
3520 1791 3577 1842 '0
3623 1787 3737 1860 δέἦ
3774 1792 3879 1861 μὴν
3931 1795 4029 1844 καὶ
4055 1794 4162 1861 τὴν

2564 1881 2814 1949 γλῶσσαν
2847 1882 3032 1949 τεμεῖν
3057 1879 3383 1947 διωμόσατο.
3413 1881 3458 1930 εί
3491 1879 3783 1948 βιάσασθαι
3815 1879 4159 1949 πειραθεῖεν.

2565 1973 2848 2036 Δείσαντες
2866 1969 2961 2025 οὖν
2993 1973 3090 2042 τὴν
3122 1971 3372 2040 ἀπειλὴν,
3401 1971 3748 2042 ἀπεχώρουν.
3786 1973 3957 2035 Αὐτὸς
3985 1973 4044 2024 δέ
4071 1975 4164 2022 ἐν-

2564 2064 3072 2135 τεῦθενἎμμώνιος
3105 2065 3132 2116 ό
3163 2063 3427 2134 Παρώτης
3454 2063 3788 2134 ὠνομάζετο.
3816 2067 3907 2136 Τῷ
3931 2067 3988 2118 δε
4027 2067 4150 2134 μετ’

2565 2156 2625 2208 οὐ
2656 2155 2789 2207 πολὺ
2819 2155 2910 2206 ἐπὶ
2933 2154 3031 2222 τῆς
3063 2154 3326 2224 ἐχομένης
3358 2155 3631 2224 βασιλείας
3693 2158 3856 2227 συνῆν
3885 2159 4161 2227 Εὐάγριος

2569 2245 2752 2314 σοφὸς,
2775 2245 3059 2316 ἐλλόγιμος
3095 2247 3253 2316 ἀνὴρ,
3285 2248 3474 2316 νοῆσαί
3509 2265 3565 2300 τε
3603 2250 3697 2300 καὶ
3724 2250 3930 2319 φράσαι
3956 2251 4161 2312 δεινὸς,

2569 2340 2662 2391 καί
2689 2337 2935 2400 ἐπίϐολος
2965 2337 3234 2408 διακρῖναι
3269 2341 3392 2402 τοὺς
3426 2357 3559 2410 προς
3591 2341 3792 2409 ἀρετὴν
3823 2342 3916 2393 καί
3952 2343 4155 2393 κακίαι

2569 2430 2799 2496 ἄγοντας
2845 2427 3176 2498 λογισμούςο
3234 2430 3327 2482 καὶ
3375 2430 3556 2494 ίκανὺς
3605 2431 3922 2490 ὑποθέσθαι.
4049 2435 4154 2503 χρὴ

2569 2522 2693 2583 τοὺς
2744 2523 2844 2590 μέν
2888 2521 3250 2588 ἐπιτηδεύειν,
3301 2523 3423 2583 τοὺς
3470 2522 3526 2574 δὲ
3577 2525 3932 2590 φυλάξασθαι.
4012 2526 4140 2578 ’Δλλ

2570 2607 2682 2674 οἶος
2739 2611 2837 2681 μὲν
2866 2612 2993 2680 περὶ
3019 2611 3210 2679 λόγους
3255 2608 3344 2683 ἧν,
3384 2613 3740 2680 ἐπιδείξουσιν
3766 2617 3823 2667 αί
3849 2618 4062 2688 γραφαὶ
4091 2617 4156 2680 ἃ..

2573 2702 2880 2756 κατέλιπεν.
2926 2702 3173 2770 Ἐλέγετο
3201 2703 3257 2756 δέ
3307 2703 3402 2758 καὶ
3435 2704 3497 2757 τὸ
3539 2700 3667 2775 ἦθος
3700 2709 3939 2777 μέτριος,
3982 2710 4152 2775 τύψοι

2572 2810 2630 2844 τε
2660 2794 2754 2846 καὶ
2784 2793 3084 2864 ὑπεροψίας
3109 2793 3359 2846 τοσοῦτον
3385 2798 3626 2865 κρατεῖν,
3657 2796 3730 2859 ὡς
3761 2801 3897 2867 μήτε
3929 2798 4154 2860 δικαίως

2573 2884 2965 2955 ἐπαινούμενος
3012 2885 3307 2953 ὁγκοῡσθαι
3344 2889 3457 2950 τοῖς
3502 2887 3734 2957 κρότοις,
3771 2891 3910 2958 μήτε
3954 2890 4155 2952 ἀδίκω,

2572 2976 2980 3047 λοιδορούμενος
3028 2977 3358 3043 ἀγανακτεῖν
3381 2978 3473 3030 ἐπί
3494 2981 3614 3041 ταῖς
3636 2977 3876 3049 ὕϐρεσιν.
3910 2980 4137 3046 Ἐγένετ.

2575 3069 2632 3122 δέ
2663 3069 2741 3138 τῷ
2774 3071 2872 3138 μὲν
2900 3069 3046 3137 γένει
3093 3069 3317 3139 Ἰϐήρων
3372 3070 3593 3140 πολίτης
3627 3071 3740 3139 (49)
3784 3071 3921 3142 πρὸς
3949 3072 4025 3142 τῷ
4059 3089 4132 3124 κα

2577 3161 2823 3233 λουμένῳ
2851 3162 3088 3231 Εὐξείνῳ
3109 3161 3288 3230 πόντῳ
3311 3177 3323 3188 ·
3374 3161 3733 3232 ἐφιλοσόφησε
3781 3163 3838 3215 δέ
3868 3164 3960 3217 καὶ
3993 3164 4127 3218 ἐπαι

2580 3253 2744 3323 δεύθη
2794 3253 2897 3305 ὑπὸ
2926 3252 3212 3322 Γρηγορίῳ
3246 3250 3323 3322 τῷ
3372 3253 3654 3319 ἐπισκόπῳ
3692 3252 3996 3319 Ναζιανζοῦ
4030 3258 4155 3318 τοὺ..

2585 3346 2763 3416 ἱεροὺς
2800 3345 3005 3413 Λόγους
3032 3357 3045 3371 ⁸
3103 3345 3262 3415 ἡνίκα
3311 3344 3366 3396 δὲ
3411 3346 3738 3415 ἐπετρόπευε
3774 3346 3873 3414 τὴν
3909 3349 3968 3398 ἐν
3996 3348 4154 3400 Κωνο

2585 3435 3018 3490 σταντινουπόλει
3035 3435 3377 3505 Ἐκκλησίαν,
3405 3434 3778 3505 ἀρχιδιάκονον
3804 3438 3967 3489 αὑτὸν
3986 3434 4154 3507 εἶχεν.

2600 3531 2833 3581 ’Λστεῖον
2860 3527 2917 3580 δέ
2952 3527 3082 3580 ὅντα
3110 3529 3174 3598 τῇ
3206 3525 3324 3594 ὄψει
3362 3527 3455 3579 καὶ
3485 3529 3613 3597 περὶ
3654 3527 3752 3597 τὴν
3777 3528 3981 3596 ἐσθητα
4011 3529 4142 3594 φιλό

2585 3621 2768 3686 καλον,
2805 3619 2989 3691 μαθώε.⁵
3030 3637 3111 3682 τις
3149 3619 3256 3673 τῶν
3289 3619 3346 3670 ἐν
3375 3619 3518 3672 τέλει
3559 3620 3853 3686 ζηλότυπος
3881 3621 4157 3692 γνώριμον

2582 3710 2722 3766 εἶναι
2770 3717 2835 3782 τῇ
2906 3715 3152 3783 γαμετῇ,
3203 3713 3429 3766 θάνατον
3471 3711 3618 3782 αὐτῷ
3670 3713 4002 3782 ἐμηχανᾶτο.
4065 3715 4158 3777 Et;

2579 3807 2738 3876 ἔργον
2779 3804 2834 3856 δὲ
2890 3804 3294 3874 προσδήσεσθαι
3355 3803 3651 3874 μελλούσης
3695 3804 3791 3874 τῆς
3841 3804 4155 3876 ἐπιϐουλῆς,

2578 3892 2892 3946 καθεύδοντι
2954 3891 3101 3962 αὐτῷ
3147 3893 3383 3962 φοϐεράν
3408 3909 3529 3946 τινα
3576 3894 3670 3945 καὶ
3705 3896 3969 3964 σωτηριον
4014 3895 4155 3946 ὀνεί-

2582 4002 2740 4054 ρατος
2781 3985 2904 4052 ὄψιν
2942 3985 3243 4054 ἐπιπέμπει
3274 3986 3334 4038 τὸ
3360 3984 3535 4038 Θεῖον.
3583 3986 3766 4051 Ἔδοξε
3807 3987 3914 4056 γὰρ
3953 3987 4028 4050 ὼς
4062 3991 4158 4040 ἐπὶ

2577 4077 2881 4147 ἐγκλήματι
2925 4077 3268 4148 συλληφθεὶς,
3316 4079 3516 4149 σιδήρῳ
3557 4079 3802 4133 δεδέσθαι
3845 4082 4012 4144 πόδας
4059 4082 4158 4133 καὶ

2578 4172 2786 4240 χεῖρας.
2834 4167 3096 4222 Μέλλοντί
3133 4187 3192 4222 τε
3231 4168 3378 4240 αὐτῷ
3420 4171 3499 4232 είς
3543 4170 3889 4242 δικαστήριον
3926 4173 4156 4227 ἄγεσθαι

2102 4351 2370 4408 VALESII
2399 4353 2840 4409 ΑΝΝΟΤΑΤΙΟΝ
2851 4355 2953 4411 ES.

972 4492 1084 4563 (46)
1115 4492 1222 4563 Kal
1259 4489 1377 4545 τῶν
1404 4490 2205 4563 ἄλλωνῌέκκλησιαστικοὺς
2254 4493 2474 4560 λόγους

893 4560 1246 4626 διεξελθεῖν.
1285 4563 1341 4616 lu
1398 4563 1585 4616 codice
1620 4560 1922 4615 Fnketiano
1975 4564 2178 4615 rectius
2201 4565 2469 4630 scriptum

893 4642 988 4689 est
1034 4631 1500 4704 ἐκκλησιαστικῷν
1536 4631 1743 4704 μλόγους
1781 4631 2020 4704 διελθεῖνΓ
2059 4631 2245 4704 Potest
2276 4642 2472 4704 tamen
2509 4641 2550 4694 υ
2582 4631 2651 4687 στι

1393 4631 1500 4704 κῷν
1536 4631 1743 4704 μλόγους
1781 4631 2020 4704 διελθεῖνΓ
2059 4631 2245 4704 Potest
2276 4642 2472 4704 tamen
2509 4641 2550 4694 υ
2582 4631 2839 4704 στοιχεῖα
2871 4631 3151 4704 ὀνόματος.

895 4703 1122 4758 retineri
1172 4699 1397 4771 verbum
1447 4699 1753 4771 διεξελθεῖν,
1785 4701 2241 4770 quemadmodum
2276 4702 2475 4771 legitur

893 4775 1065 4826 etiam
1095 4773 1239 4858 apud
1266 4770 1653 4858 l‘licephiii-iim.
1696 4770 2188 4858 Porroanotaudus
2219 4770 2475 4858 [locoloco

891 4857 1058 4896 error
1097 4838 1415 4911 Nicephori,
1461 4841 1552 4911 qui
1591 4856 1716 4911 cum
1768 4842 1821 4894 in
1874 4838 2179 4895 Sozomeno
2228 4843 2470 4909 legisset,

897 4909 1257 4966 Ammonium
1289 4909 1564 4979 Origenis,
1600 4910 1812 4981 Didymi
1839 4919 1892 4963 et
1924 4913 2154 4965 aliorum
2211 4914 2475 4965 ecclesia-

894 4983 1160 5036 sticorum
1190 4983 1525 5049 scriptorum
1570 4981 1738 5034 libros
1776 4981 1998 5050 assidue
2050 4981 2344 5041 volutasse,
2381 4996 2477 5050 per

893 5050 1490 5120 ecclesiasticosiillos
1537 5051 1838 5119 scriptores
1897 5049 2473 5120 Evagriumiinteliigi

894 5121 1256 5178 existimavit.
1317 5119 1473 5186 Quod
1525 5128 1608 5174 est
1657 5121 1980 5181 absurdum,
2020 5119 2156 5174 cum
2191 5119 2462 5186 Evagrius

892 5191 1085 5258 junior
1116 5188 1285 5244 fuerit
1333 5191 1640 5250 Ammonio.
1679 5200 1738 5242 ut
1783 5199 2001 5243 constat
2030 5206 2096 5244 ex
2129 5188 2374 5245 Palladio
2410 5192 2462 5243 in

901 5260 1186 5331 Lausiuca.
1241 5275 1362 5322 cap.
1413 5260 1500 5313 12.
1541 5258 1773 5331 Quinam
1809 5270 1988 5313 autem
2031 5260 2141 5314 sint
2169 5263 2467 5331 scriptores

897 5330 976 5384 illi
1007 5331 1392 5392 ecclesiastici,
1431 5345 1665 5398 quorum
1702 5330 1870 5383 libros
1900 5331 2223 5384 Ammonius
2259 5330 2466 5384 memo—

899 5403 1035 5451 riter
1056 5400 1341 5458 didicerat.
1379 5401 1496 5467 ipse
1525 5398 1800 5452 Palladius
1821 5414 1919 5452 nos
1947 5400 2104 5454 docet
2133 5401 2219 5454 his
2249 5400 2427 5455 verbis
2452 5418 2463 5453 :

900 5470 1015 5540 Kal.
1040 5470 1098 5521 ἐν
1122 5472 1545 5540 συγγράμμασιν
1569 5469 1780 5540 ἀνδρῶν
1818 5468 2056 5540 λογάδων
2077 5511 2091 5530 ,
2126 5470 2468 5540 ῨὮριγένους,

900 5539 1155 5611 Διούμοιι.
1178 5539 1538 5611 καὶ-’ίνιειρίοψ
1573 5540 1667 5611 ita}
1691 5539 1960 5611 Στεφάνου
1995 5539 2176 5610 διῆλθε
2205 5539 2466 5611 μυριάδας

901 5605 1206 5673 ἑξακοσίας.
1263 5607 1366 5664 Ubi
1404 5605 1580 5662 'vides
1635 5605 1936 5663 Palladium
1988 5605 2079 5663 uti'
2116 5605 2291 5665 verbo'
2330 5610 2468 5664 διελ-

904 5678 1010 5729 (ίεῖν
1037 5678 1259 5745 perinde
1282 5692 1344 5732 ac
1362 5677 1746 5742 Sozomectnn,
1773 5695 1870 5749 pro
1891 5693 1956 5733 eo
1984 5681 2130 5749 quod
2156 5690 2242 5736 est
2261 5695 2466 5734 memo-

902 5759 1033 5800 riter
1063 5751 1313 5801 recitare.
1345 5749 1436 5803 Sic
1464 5749 1704 5819 incertus
1738 5748 1950 5812 auctor,
1980 5748 2073 5819 qui
2109 5748 2460 5818 Theophanis

903 5819 1190 5872 Historiam
1249 5817 1610 5879 continuavit,
1663 5819 1715 5872 in
1755 5820 1894 5875 libro
1950 5817 2012 5880 ιιζ
2071 5820 2136 5876 de
2199 5817 2460 5876 Michaclc

2582 4494 2750 4549 Balbo
2781 4497 2909 4564 imp.
2940 4494 3190 4563 loquens,
3217 4493 3298 4547 sic
3328 4494 3434 4547 ait:
3477 4494 3563 4564 Ὦς
3595 4494 3723 4564 ῥᾷον
3755 4494 3818 4546 ἄν
3857 4511 3940 4564 τις
3968 4492 4154 4561 διῆλθε

2582 4565 2785 4633 βιϐλίον
2808 4564 2843 4633 ἢ
2862 4563 3027 4628 αὐτὸς
3049 4568 3114 4635 τῇ
3152 4564 3442 4635 βραδρτητι
3473 4563 3566 4616 τοῦ
3597 4563 3689 4616 νοῦ
3719 4564 3788 4616 τὰ
3828 4563 3920 4616 τοῦ
3949 4566 4154 4635 οἰκείου

3233 4651 3262 4690 e
3295 4633 3473 4704 Pierio
3521 4635 3841 4704 presbytero
3887 4633 4155 4688 videndus

2579 4715 2665 4758 est
2702 4703 2990 4760 Eusebius
3025 4717 3235 4764 noster.
3277 4713 3333 4757 et
3383 4703 3743 4772 Hieronymus
3795 4705 3850 4757 in
3885 4705 4023 4756 libro
4075 4706 4154 4758 De

2576 4775 2918 4841 scriptoribus
2952 4775 3343 4828 ecclesiasticis.
3376 4772 3691 4842 Stephanus
3739 4789 3868 4828 vero
3895 4776 4151 4843 quisnam

2578 4846 2668 4905 sit,
2698 4845 2874 4896 adhuc
2905 4847 3031 4897 mihi
3070 4846 3463 4912 incompertum
3492 4852 3594 4897 est.

2649 4914 2762 4981 (47)
2815 4916 2916 4967 Ἐκ
2963 4914 3124 4969 νέου.
3157 4913 3278 4967 lla‘c
3321 4930 3509 4982 parum
3554 4915 3830 4966 roha'rent
3855 4928 3976 4966 cum
4010 4929 4152 4982 pra!-

2579 4984 2920 5038 ccdcntibus.
2994 4983 3180 5053 Itaque
3257 4983 3594 5052 Nicephorus
3649 4985 3788 5036 hanc
3853 4985 4146 5051 pericopen

2581 5056 2922 5124 transposuit
2949 5065 3071 5124 post
3094 5054 3258 5107 verba
3303 5053 3392 5124 illa
3431 5069 3551 5124 qua:
3595 5059 3758 5120 paulo
3791 5063 3918 5124 ante
3956 5053 4152 5124 legun-

2565 5133 2679 5246 lllll',
2719 5121 2983 5246 ῗνδρείως
3017 5125 3311 5195 κρατῆσαι.
3361 5121 3518 5189 Quod
3550 5123 3688 5176 mihi
3718 5122 3942 5193 quidem
3993 5123 4152 5176 valde

2566 5211 2601 5246 ι)
2625 5209 2720 5246 ace
2753 5235 2765 5246 .

2625 5202 2765 5246 acet.

2566 5211 2765 5333 “ﬁgli-
2796 5265 3056 5333 Μέλλων
3083 5263 3150 5317 δέ
3195 5276 3339 5316 ποτε
3381 5261 3966 5333 πρὸς-χειροτονίαν.
3998 5259 4147 5333 Idem

2571 5331 2762 5388 narrat
2793 5331 3071 5388 Palladius
3114 5337 3167 5387 in
3212 5333 3500 5387 Lnusiaca.
3546 5331 3619 5385 Ex
3652 5349 3762 5400 quo
3811 5333 4033 5400 insuper
4061 5332 4149 5386 di-

2572 5404 2818 5466 scimus,
2872 5405 2925 5457 id
2974 5405 3175 5457 factum
3240 5403 3410 5457 fuisse
3457 5399 3760 5470 principatu
3823 5399 4146 5466 Theodosii,

2573 5488 2696 5542 cum
2734 5471 3058 5528 Timotheus
3099 5482 3245 5526 esset
3278 5475 3571 5542 cpiscopus
3599 5472 3964 5542 Alexandria...

2645 5541 2757 5608 (i9)
2808 5542 3050 5610 Ἰϐήρων
3087 5539 3341 5608 κόλεωςξ.
3384 5541 3439 5593 lii
3461 5539 3650 5596 codice
3679 5539 3976 5597 Faketiano
4006 5545 4149 5599 scri-

2574 5621 2725 5684 ptum
2753 5621 2835 5666 est
2857 5613 3100 5684 πολίτης,
3129 5613 3585 5684 quemadmodum
3606 5611 4147 5684 Christopjiorsonus

2575 5697 2639 5736 ac
2671 5682 2908 5737 Savilius
2939 5684 2994 5736 in
3025 5681 3450 5738 suiscodicibus
3485 5681 4145 5750 repererant.’Vulgatam

2566 5762 2745 5806 tamen
2783 5754 3078 5823 lectionem
3110 5753 3399 5807 conﬁrmat
3443 5751 3741 5814 Palladius.
3774 5766 3896 5823 c_ap.
3928 5751 4016 5811 86.
4059 5755 4146 5808 bis

2566 5823 2748 5878 verbis
2792 5839 2802 5874 :
2845 5818 3012 5885 Οὗτος
3045 5823 3124 5888 τῷ
3157 5824 3254 5887 μὲν
3300 5823 3448 5889 γένει
3486 5823 3744 5887 Ποντικὸς
3787 5818 3889 5893 ἦν,
3922 5823 4137 5888 πόλεως
