4452 6598
831 455 967 513 1387
1451 453 1454 456 ’
2243 449 2589 509 SOZOMENI

2356 449 2592 509 ΕΟΜΕΝΙ
3959 450 4114 509 1588

825 589 892 628 ex
919 571 1059 628 urbe
1093 569 1275 642 egredi
1317 568 1506 635 vellet,
1551 584 1611 625 se
1658 567 1812 624 illum
1854 567 2092 626 vinculis
2140 569 2480 634 liberatu-~A
2507 574 2565 626 ὲν

2353 587 2416 626 t-~
2433 577 2480 634 Α
2507 574 2565 626 ὲν
2599 569 2796 642 Σκήτει
2833 545 3291 643 φιλοσοφούντων,
3330 571 3591 642 ἡσμένισε
3637 569 3734 642 τὴν
3768 567 3954 625 ἐνθάδε
3981 569 4111 640 (52")

826 679 986 719 runt:
1023 663 1320 732 jurareque
1351 661 1506 715 illum
1535 660 1725 729 jussit,
1762 675 1820 715 se
1852 661 1924 715 ita
1971 659 2265 716 facturum.
2308 661 2405 718 Ille
2509 659 2814 731 διατριϐήν.

835 758 1008 812 tactis
1049 756 1386 827 Evangeliis,
1450 754 1615 828 264
1669 756 1742 809 ita
1779 770 1839 810 se
1883 754 2154 812 facturum
2194 756 2422 826 juravit,
2494 763 2551 810 et
2609 754 2830 809 solutus
2857 753 3115 818 vinculis,
3159 751 3451 808 confestim
3499 767 3530 808 e
3581 766 3778 808 somno
3823 751 4115 808 excitatus

825 856 934 912 est,
964 847 1260 916 divinoque
1293 845 1680 913 obtemperans
1702 846 1942 909 somnio,
1975 860 2222 914 praesens
2253 843 2557 915 periculum
2587 843 2833 899 evitavit.
2867 843 3041 897 Porro
3096 857 3222 897 cum
3285 843 3429 913 apud
3491 857 3550 898 se
3581 846 3862 899 statuisset
3931 845 4110 901 vitam

832 943 937 995 sibi
979 939 1337 993 n.0ttaslicaltt
1383 938 1734 992 excolendam
1759 953 1906 1005 esse,
1936 937 2411 1008 Constantinopoli
2449 937 2729 1010 prolectus
2761 946 2847 993 est
2878 935 3282 1008 Hierosolyma.
3308 936 3609 1006 Aliquanto
3665 943 3792 1006 post
3851 945 4114 1008 tempore

827 1035 894 1086 ad
937 1029 1192 1086 visendos
1225 1029 1526 1084 monachos
1550 1028 1642 1098 qtti
1676 1027 1732 1082 itt
1765 1027 1913 1085 Secti
1945 1031 2478 1102 philosophabamur
2508 1028 2812 1102 prolectus,
2846 1027 2956 1083 illic
2995 1026 3194 1100 degere
3229 1027 3544 1083 constituit.

1422 1121 1578 1186 CAP.
1612 1121 1806 1178 XXXI.

825 1219 904 1274 De
935 1216 1267 1270 monasteriis
1321 1211 1542 1286 Nitriw,
1589 1221 1639 1268 et
1688 1213 1753 1286 de
1787 1213 1853 1286 iis
1890 1229 2008 1286 qua:
2049 1213 2210 1270 Cellte
2253 1231 2409 1270 uoca-

911 1291 1142 1351 bantur;
1187 1286 1313 1339 item
1361 1283 1426 1338 de
1456 1283 1784 1338 monasterio
1814 1281 2310 1352 Rinecorurorum;
2357 1295 2408 1341 et

896 1360 961 1413 de
993 1356 1223 1422 Melana,
1256 1355 1514 1426 Dionysio
1542 1364 1592 1410 et
1628 1353 1844 1410 Solone.

896 1515 997 1571 Hic
1023 1523 1206 1569 autem
1255 1512 1410 1568 locus
1451 1511 1616 1582 vulgo
1660 1509 1836 1565 Nitria
1876 1521 2126 1581 vocatur,
2158 1529 2223 1568 eo
2255 1511 2401 1583 quod

823 1609 984 1663 vicus
1010 1605 1232 1676 quidam
1274 1615 1355 1658 est
1403 1602 1691 1668 linititnus,
1746 1604 1802 1658 in
1834 1618 1945 1674 quo
1993 1604 2198 1658 nitrum
2247 1606 2404 1659 colli-

825 1705 981 1765 gunt.
1039 1696 1212 1750 Porro
1257 1709 1368 1748 non
1414 1693 1610 1764 exigua
1659 1693 1939 1748 hominum
1984 1694 2286 1750 multitudo
2327 1697 2399 1751 ibi

826 1787 1336 1859 pltilosopltahatur.
1373 1783 1507 1839 Nam
1550 1785 1774 1840 circiter
1804 1786 2203 1857 quinquaginta
2245 1798 2402 1842 erant

828 1879 1186 1942 monasteria,
1231 1879 1333 1932 sibi
1369 1887 1564 1932 mutuo
1599 1878 1794 1932 ‘vicina
1828 1896 1841 1933 :
1874 1893 2106 1947 quorum
2149 1880 2254 1932 alia
2286 1877 2398 1933 fra-

3013 1177 3031 1202 ,,
3080 1122 3334 1176 ΚΕΦΑΛ.
3378 1122 3508 1174 ΛΑι.

2504 1215 2646 1285 Περὶ
2675 1213 2798 1270 τῶν
2825 1214 2894 1269 ἐν
2920 1213 2995 1284 τῇ
3010 1214 3238 1284 Νιτρίᾳ,
3270 1212 3369 1266 καί
3397 1208 3518 1265 τῶν
3553 1209 3945 1280 καλουμένων
3962 1213 4112 1270 Κελ-

2574 1287 2726 1341 λιων
2771 1285 3234 1341 μοναστηοίωνο
3289 1283 3394 1337 καὶ
3433 1281 3566 1341 περὶ
3594 1278 3707 1341 τῆς
3736 1279 3928 1341 μονῆς
3979 1279 4109 1333 τῶν

2585 1297 2726 1340 Mair
2766 1297 3234 1355 μοναστηριωνο
3289 1297 3394 1337 και
3433 1297 3566 1350 περι
3594 1297 3707 1347 της
3735 1298 3928 1350 μονης
3979 1297 4109 1333 των

2585 1357 3110 1491 ἓζῧξεέρούρωο
3138 1354 3272 1424 περὶ
3306 1353 3604 1417 Μέλανος,
3633 1352 3952 1405 Διονυσίου
3998 1351 4107 1404 καὶ

2550 1523 2552 1525 ’
2579 1510 2816 1565 Καλοῦσι
2840 1510 2897 1564 δὲ
2918 1511 3009 1565 τὸν
3037 1510 3217 1583 χῶρον
3245 1494 3455 1576 τοῦτον,
3478 1510 3706 1582 Νιτρίαν
3729 1509 3842 1581 (55)
3865 1526 3878 1539 °
3904 1509 4106 1564 καθότι

2508 1603 2670 1674 κώμη
2699 1604 2783 1668 τίς
2814 1605 2962 1658 ἐστιν
2990 1605 3208 1676 ὅμορος,
3259 1605 3318 1658 ὲν
3349 1597 3383 1678 ᾗ
3417 1603 3477 1656 τὸ
3504 1602 3687 1674 νίτρον
3722 1602 4099 1671 συλλέγουσιν.

2507 1696 2584 1748 Οὐ
2622 1694 2683 1748 τὸ
2735 1695 2896 1766 τυχὸν
2934 1694 2992 1749 δὲ
3029 1695 3234 1767 πλῆθος
3279 1693 3512 1749 ἐνταῦθα
3543 1693 3868 1763 ἐφιλοσόφει.
3934 1691 4108 1746 Ἀλλὰ

2509 1785 2848 1857 μοναστήρια
2875 1781 2943 1856 ἦν
2977 1785 3120 1856 ἀμφὶ
3145 1786 3505 1870 πεντῄκοντα,
3539 1783 3789 1854 ἀλλήλοις
3817 1781 4058 1852 ἐχόμενα
4084 1799 4098 1811 ·

2503 1877 2573 1930 τὰ
2611 1877 2710 1947 μὲν
2762 1877 3047 1930 συνοικιῶν
3072 1891 3090 1910 ο
3139 1876 3208 1929 τὰ
3254 1877 3311 1929 δὲ
3345 1874 3469 1929 καθ’
3512 1876 3738 1938 ἑαυτοὺς
3779 1874 4100 1927 οἰκούντων.

826 1963 972 2027 trum
1010 1968 1491 2040 congregationes,
1544 1968 1706 2040 265
1745 1968 1850 2022 alia
1887 1967 2139 2024 homines
2179 1983 2398 2039 separa-
2431 1951 2473 2005 Β
2517 1969 2584 2021 Ἐι

2340 1983 2398 2022 a-
2431 1951 2473 2005 Β
2517 1968 2796 2022 Ἐντεῦθεν
2841 1968 2897 2022 δὲ
2958 1968 3032 2033 ὡς
3084 1969 3179 2022 ἐπὶ
3211 1968 3309 2040 τὴν
3373 1968 3522 2022 ἔνδον
3573 1966 3778 2039 ἔρημον
3832 1967 4098 2037 ἡκόντων,

829 2064 925 2116 titn
953 2064 1210 2132 degentes
1242 2059 1533 2114 habebant.
1565 2058 1703 2112 Hinc
1724 2059 1790 2113 ad
1820 2058 2136 2113 interiorem
2157 2074 2401 2114 eremttm

828 2153 1208 2224 pergentibus,
1253 2150 1390 2205 alter
1437 2150 1592 2204 locus
1631 2158 1717 2204 est
1775 2149 1986 2204 distans
2041 2150 2262 2204 circiter
2313 2147 2432 2206 se?

831 2244 1114 2316 ptuaginta
1169 2243 1382 2306 stadiis,
1424 2240 1518 2310 qui
1567 2239 1740 2296 Cellia
1789 2249 2035 2295 vocatur.
2079 2239 2134 2294 In
2158 2256 2224 2295 co
2252 2243 2404 2296 varia

827 2345 956 2391 sunt
990 2333 1383 2390 monachorum
1411 2331 1712 2397 domicilia,
1767 2330 1895 2390 hinc
1931 2339 1984 2385 et
2022 2331 2149 2386 inde
2193 2331 2405 2403 diSper-

832 2445 934 2484 sa:
969 2425 1113 2481 unde
1144 2425 1308 2479 etiam
1345 2425 1500 2480 locus
1535 2423 1588 2478 id
1622 2439 1818 2478 nomen
1850 2425 2079 2493 accepit.
2110 2423 2167 2478 In
2194 2434 2402 2480 tantum

828 2533 959 2574 vero
985 2517 1198 2571 distant
1231 2532 1261 2570 a
1293 2531 1353 2570 se
1398 2515 1655 2577 invicem,
1697 2524 1757 2568 ut
1792 2513 2048 2568 inonaclti
2081 2515 2176 2584 qui
2207 2515 2295 2568 illa
2325 2517 2408 2570 in-

829 2612 1044 2674 (olunt,
1089 2621 1190 2661 nec
1215 2605 1403 2660 videre
1431 2620 1492 2659 se
1515 2605 1773 2669 invicem,
1808 2619 1910 2660 nec
1947 2604 2139 2659 audire
2172 2608 2404 2674 possint.

831 2703 1004 2754 Porro
1054 2697 1301 2752 universi
1348 2695 1404 2750 in
1441 2695 1696 2749 eumdem
1730 2695 1910 2749 locum
1939 2697 2298 2763 conveniunt,
2353 2704 2406 2751 et

829 2793 1095 2848 collectas
1125 2789 1436 2852 celebrant,
1468 2790 1670 2857 primo
1699 2804 1925 2858 quoque
1959 2797 2014 2842 et
2047 2789 2242 2844 ultimo
2280 2789 2408 2844 lteb-

829 2883 1088 2940 domadis
1120 2881 1236 2938 die.
1266 2879 1423 2946 Quod
1453 2879 1502 2936 si
1534 2880 1661 2950 quis
1697 2894 1805 2934 non
1843 2881 2089 2946 intersit,
2122 2881 2298 2950 palam
2322 2889 2407 2936 est

833 2979 990 3033 illum
1018 2976 1212 3032 abesse
1262 2989 1372 3028 non
1429 2989 1528 3029 sua
1578 2982 1794 3043 sponte,
1851 2973 1950 3028 sed
1994 2972 2257 3043 languore
2313 2981 2408 3027 aut

833 3072 1028 3126 morbo
1083 3069 1390 3124 detentum.
1425 3065 1494 3120 Et
1540 3066 1609 3120 ad
1666 3065 1830 3122 illum
1860 3067 2156 3144 visendum
2204 3082 2406 3121 curan-

833 3166 1076 3234 dumque
1107 3168 1365 3233 pergunt,
1403 3175 1514 3216 non
1563 3160 1750 3214 statim
1785 3142 2002 3221 omnes,
2057 3158 2153 3214 sed
2191 3159 2436 3214 diverso.

844 3267 1089 3325 tempore
1128 3255 1355 3324 singuli,
1390 3253 1628 3308 ferentes
1671 3252 1724 3305 id
1761 3252 1906 3321 quod
1929 3251 2164 3321 quisque
2193 3251 2260 3304 ad
2307 3259 2407 3304 c0-

833 3349 1067 3402 randutn
1107 3345 1363 3399 morbum
1397 3344 1528 3398 utile
1572 3342 1845 3397 habuerit.
1886 3343 2047 3411 Extra
2087 3341 2404 3410 hujusmodi

831 3454 1084 3503 causam,
1140 3449 1424 3504 nunquam
1473 3435 1616 3488 inter
1691 3449 1750 3489 se
1783 3433 2179 3502 colloquuntur
2231 3449 2246 3487 :
2297 3432 2403 3487 nisi

834 3530 979 3586 forte
1017 3530 1142 3599 quis
1171 3528 1237 3582 ad
1275 3527 1516 3596 aliquem
1552 3525 1772 3580 dicendi
1806 3526 2044 3594 peritum
2072 3532 2280 3594 pergat,
2313 3540 2408 3576 au-

833 3620 1052 3676 diturus
1083 3621 1150 3673 ab
1177 3633 1556 3680 eoscrmones
1587 3617 1653 3670 ad
1682 3617 2052 3686 cognitionem
2080 3616 2195 3680 Dei,
2223 3627 2317 3670 aut
2341 3617 2406 3670 ad

835 3715 1133 3768 utilitatem
1172 3713 1369 3766 animae
1398 3717 1736 3781 spectantes.
1768 3707 1943 3764 Porro
1977 3708 2030 3762 itt
2067 3707 2281 3763 cellulis
2315 3707 2409 3761 ba-

836 3810 1016 3861 hitant
1057 3813 1333 3876 quotquot
1378 3804 1445 3857 ad
1487 3817 1766 3859 summum
1803 3801 2159 3878 pltilosOpltiat
2189 3802 2405 3856 culmen

837 3906 1230 3968 pervenerunt.
1271 3912 1440 3966 seque
1497 3896 1884 3966 ipsoswegere
1936 3906 1989 3950 et
2041 3894 2143 3949 soli
2188 3907 2410 3948 manere

843 3999 1097 4062 possunt,
1139 3991 1340 4060 quietis
1392 3988 1567 4058 gratia
1593 3987 1885 4058 alreliquis
1931 3986 2191 4056 sejuncti.
2232 3985 2410 4054 Atque

839 4085 952 4138 haec
983 4098 1010 4137 a
1047 4083 1206 4138 nobis
1238 4081 1478 4137 breviter
1506 4080 1652 4136 dicta
1685 4080 1798 4136 sint
1832 4079 1900 4134 de
1931 4077 2100 4142 Sceti,
2133 4077 2310 4147 deque
2345 4077 2410 4131 iis

837 4177 930 4245 qtti
964 4174 1036 4227 ibi
1079 4171 1563 4243 philosophantur.
1589 4169 1729 4224 Nam
1763 4169 1808 4225 si
1834 4183 2024 4223 eorum
2061 4165 2410 4234 disciplinam

837 4276 1003 4332 atque
1059 4265 1468 4320 institutionem
1528 4263 1808 4332 sigillatim
1875 4260 2128 4333 persequi
2193 4259 2408 4325 vellem,

837 4355 1156 4426 scriptionis
1193 4353 1569 4425 prolixitatem
1609 4353 1888 4424 quispiam
1935 4350 2075 4407 forte
2112 4360 2296 4423 posset
2327 4367 2412 4406 re-
2444 4431 2466 4458 ἦ

2434 3312 2477 3370 C

2502 2059 2686 2132 ἕτερός
2722 2062 2841 2113 ἐστι
2889 2059 3073 2126 τόπος,
3116 2060 3302 2132 σχεδὸν
3337 2059 3711 2132 ἐϐδομήκοντα
3751 2058 3983 2120 σταδίοις
4015 2057 4099 2110 διο

2504 2152 2706 2215 εστὼς,
2744 2151 2914 2222 ὄνομα
2943 2151 3167 2206 Κελλία.
3231 2152 3320 2205 Ἐν
3348 2149 3523 2221 τούτῳ
3565 2150 3622 2204 δὲ
3657 2150 3932 2221 σποράδην
3977 2151 4101 2202 ἐστὶ

2507 2242 2780 2314 μοναχικὰ
2809 2245 3088 2314 οἰκήματα
3122 2242 3311 2308 πολλά,
3352 2243 3488 2297 καθὸ
3530 2243 3623 2296 καὶ
3650 2241 3906 2311 τοιαύτης
3934 2242 4100 2311 ἔλαχε

2503 2335 2892 2405 προσηγορίας.
2942 2334 3284 2405 Κεχώρισται
3322 2335 3377 2387 δὲ
3424 2333 3678 2387 τοσοῦτον
3722 2333 3986 2404 ἀλλήλων,
4019 2331 4099 2394 ὡς

2503 2428 2628 2490 τοὺς
2649 2427 2836 2481 αὐτόθι
2859 2427 3252 2490 κατοικοῦντας
3271 2468 3286 2494 ,
3319 2429 3468 2502 σφᾶς
3519 2427 3715 2490 αὐτοὺς
3747 2426 3824 2498 μὴ
3855 2425 4100 2496 καθορᾷν

2450 2545 2452 2547 >
2503 2520 2537 2590 ἢ
2577 2522 2809 2574 ἐπαΐειν.
2878 2521 3104 2590 Συνίασι
3159 2520 3216 2572 δὲ
3259 2520 3456 2582 πάντες
3492 2521 3570 2583 είς
3611 2519 3805 2572 ταυτὸν
3855 2518 3969 2588 ἅμα
4000 2518 4100 2570 καὶ

2505 2611 2934 2681 ἐκκλησιάζουσι
2968 2613 3034 2681 τῇ
3067 2609 3259 2682 πρώτῃ
3307 2609 3401 2670 καὶ
3451 2609 3736 2678 τελευταίᾳ
3775 2607 3956 2677 ήμέρᾳ
3993 2605 4099 2675 τῆς

2505 2703 2816 2775 ἑϐδομάδος.
2852 2703 2954 2756 Ἦν
2979 2702 3036 2755 δέ
3066 2719 3151 2762 τις
3201 2702 3276 2772 μὴ
3314 2702 3708 2773 παραγένηται,
3747 2699 3904 2769 δῆλός
3941 2699 4097 2750 ἐστιν

2505 2797 2652 2850 ἄκων
2683 2795 3054 2870 ἀπολειφθεὶς,
3083 2795 3116 2863 ἢ
3135 2793 3296 2847 πάθει
3325 2794 3432 2846 τινὶ
3463 2792 3495 2862 ἢ
3528 2791 3667 2861 νόσῳ
3699 2790 4093 2860 πεπεδημένος.

2505 2888 2617 2941 Καὶ
2664 2888 2754 2940 ἐπὶ
2787 2887 2915 2940 θέαν
2950 2884 3113 2939 αὐτοῦ
3160 2885 3254 2937 καὶ
3287 2884 3605 2952 θεραπείαν,
3635 2883 3732 2935 οὐκ
3769 2879 3928 2943 εὐθὺς
3957 2880 4098 2933 πάν-

2505 2995 2595 3042 τες
2622 2979 2868 3034 ἀπίασιν.
2907 2977 3046 3030 Ἀλλ’
3077 2977 3440 3059 ὲννδιαφὸροις
3465 2978 3674 3044 καιροῖς
3692 2976 3938 3036 ἕκαστος,
3969 2974 4097 3025 ἑπι-

2507 3071 2807 3143 φερόμενος
2843 3071 2980 3141 ὅπερ
3012 3069 3125 3140 ἔχει
3157 3069 3293 3140 πρὸς
3326 3069 3477 3121 νόσον
3513 3069 3786 3139 ἁρμόδιον.
3824 3066 4007 3128 Ἐκτὸς
4031 3065 4093 3118 δὲ

2503 3163 2759 3234 τοιαύτης
2784 3163 2982 3226 αἰτίας,
3013 3164 3111 3232 οὐχ
3136 3161 3414 3231 ὁμιλοῦσιν
3440 3160 3708 3242 ἀλληλοις,
3739 3160 3786 3212 εἰ
3808 3158 3892 3242 ⁸μὴ
3916 3159 4095 3224 λόγων

2507 3257 2692 3310 ίἑνεκεν
2717 3257 2795 3319 εἰς
2821 3256 3019 3330 γνῶσιν
3059 3253 3191 3308 Θεοῦ
3222 3254 3501 3317 τεινόντων
3530 3234 3571 3323 ἢ.
3602 3252 3869 3321 ὠφέλειαν
3890 3251 4092 3320 ψυχῆς,

2512 3346 2655 3400 ἔλθοι
2681 3363 2767 3408 τις
2805 3345 3183 3416 μαθησόμενος
3218 3342 3369 3413 παρὰ
3406 3343 3497 3394 τὸν
3531 3341 3737 3410 φράσαι
3773 3340 4092 3408 δυνάμενον.

2514 3437 2737 3492 Οἰκοῦσι
2765 3437 2821 3489 δὲ
2849 3439 2905 3489 ὲν
2933 3437 3044 3498 τοῖς
3073 3433 3325 3495 κελλίοις,
3375 3433 3488 3484 ὅσοι
3529 3432 3626 3500 τῆς
3673 3432 3982 3499 φιλοσοφίας
4009 3431 4096 3491 είς

2514 3512 2680 3601 ἄκρον
2701 3528 3010 3598 ἐληλύθασι,
3045 3527 3138 3579 καὶ
3163 3527 3301 3593 σφᾶς
3330 3523 3480 3592 ἄγειν
3518 3523 3788 3583 δύνανται,
3821 3524 3910 3575 καὶ
3939 3525 4096 3591 μόνοι

2513 3621 2828 3692 διατρίϐειν,
2858 3619 2924 3673 δι’
2957 3619 3186 3690 ἡσυχίαν
3209 3615 3568 3688 χωρισθέντες
3593 3615 3700 3668 τῶν
3729 3615 3919 3670 ἄλλων.
3952 3617 3992 3669 Τ
3996 3616 4119 3670 dar

2517 3713 2616 3783 μὲν
2650 3714 2781 3781 ἡμῖν
2811 3711 2886 3774 ὡς
2934 3712 3008 3763 ἐν’
3028 3710 3218 3780 βραχεῖ
3248 3709 3375 3780 περὶ
3414 3711 3665 3778 Σκήτεως
3691 3710 3944 3781 εἰρήσθω,
3995 3709 4095 3762 καὶ

2513 3804 2621 3858 τῶν
2663 3803 2847 3857 ἐνθάδε
2898 3801 3348 3870 φιλοσοφούντων.
3409 3801 3472 3855 Εἰ
3511 3802 3621 3873 γὰρ
3652 3801 3713 3854 τὸ
3759 3802 4095 3854 καθέκαστον

2513 3897 2614 3966 τῆς
2665 3894 2842 3950 αὐτῶν
2888 3894 3110 3964 ἀγωγῆς
3151 3893 3442 3958 διεξελθεῖν
3489 3893 3824 3965 πειραθείην,
3855 3909 4093 3963 μηκυνο-

2519 3989 2687 4060 μένην
2729 3990 2858 4052 ἷσως
2891 3987 2991 4058 τὴν
3022 3987 3238 4058 γραφὴν
3278 3987 3600 4058 μωμήσαιτό
3627 4005 3729 4051 τις.
3789 3983 3941 4041 ’ἰδίαν
3983 3987 4095 4056 γάρ

2518 4082 2913 4151 συστησάμενοι
2938 4078 3232 4142 πολιτείαν,
3261 4078 3398 4149 ἔργα
3419 4081 3511 4132 καὶ
3540 4079 3642 4150 mn
3672 4079 3769 4132 καὶ
3795 4078 4092 4147 γυμνάσια,

2517 4174 2612 4226 καὶ
2638 4171 2865 4238 δίαιταν,
2899 4172 2993 4226 καί
3012 4171 3220 4242 καιρὸν,
3245 4171 3449 4243 ἑκάστῃ
3478 4171 3660 4242 ἡλικίᾳ
3693 4173 3831 4225 κατὰ
3854 4173 3913 4224 τὸ
3947 4171 4092 4234 εἰκὸς

2520 4263 2819 4334 διένειμαν.
2878 4264 2989 4317 Καὶ
3027 4262 3443 4332 Ῥινοκουροῦρα
3470 4263 3547 4322 δὲ,
3586 4265 3685 4316 ούκ
3728 4265 4088 4324 ἐπεισάκτοις,

2514 4351 2634 4415 ἀλλ’
2671 4352 2878 4406 οἴκοθεν
2907 4352 3161 4423 ἀνδράσιν
3187 4353 3406 4422 ἀγαθοῖς
3438 4353 3495 4418 ἐξ
3541 4354 3748 4408 ἐκείνου
3777 4355 4088 4424 διέπρεπεν.

2035 4485 2305 4591 V’ALiESll
2343 4526 2889 4584 ANNOTATIONES.

841 4646 1000 4699 cessit
1032 4642 1307 4712 Geougitts.
1339 4642 1532 4697 Scribe
1567 4643 1753 4710 itaque
1785 4642 1841 4694 ὃν
1872 4640 2093 4713 ἔδεισεν.
2126 4640 2260 4694 Vide
2283 4639 2416 4713 Gre:
2449 4622 2491 4676 ί)
2524 4600 2625 4697 lilii:
2673 4641 2843 4698 refert
2888 4635 3196 4713 principaitt
3235 4643 3476 4699 Valentis
3507 4645 3759 4713 Augusti.
3793 4643 3922 4697 Nam
3955 4643 4092 4696 l-Ira-

841 4716 1056 4782 ,orimn
1093 4711 1447 4768 in’Carmine
1497 4714 1761 4767 adversus
1791 4727 1934 4781 szepe
1979 4712 2266 4780 jurautrs,
2325 4711 2415 4782 ubi

839 4781 1016 4838 rident
1063 4784 1366 4850 objectioni
1417 4783 1719 4852 respondet
1752 4798 1976 4852 protstts
2003 4783 2193 4834 eodem
2233 4781 2415 4845 modo,

842 4853 1186 4909 moriendum
1233 4854 1413 4920 potius
1453 4871 1576 4908 esse
1608 4871 1772 4922 quant
1819 4854 2120 4906 cadendum
2152 4853 2242 4905 ulli
2273 4853 2322 4905 vi
2356 4868 2419 4906 ac

841 4925 1179 4980 necessitati.
1233 4925 1407 4994 Porro
1450 4925 1596 4994 quod
1639 4923 1942 4994 Gregorius
2011 4923 2308 4994 respondet
2361 4922 2417 4976 itt

841 4998 947 5051 ltac
973 4998 1203 5066 epistola
1232 4995 1296 5048 ad
1331 4993 1676 5050 Thetidorutn
1702 4993 2165 5066 de_jurejurando
2188 4993 2416 5066 scripto,

844 5067 984 5120 idem
1011 5062 1109 5120 'diu
1148 5074 1274 5120 ante
1309 5066 1457 5120 illttm
1492 5075 1737 5121 senserat
1776 5062 2155 5118 Tertulliantts
2193 5063 2246 5115 itt
2280 5064 2420 5117 liltro

845 5136 1285 5197 Deitlololatria.
1316 5152 1437 5205 cap.
1482 5137 1552 5190 25
1588 5152 1599 5187 :
1636 5134 1923 5205 Pecuniam
1959 5133 2023 5187 de
2061 5134 2280 5187 ethnicis
2307 5150 2421 5186 inn-

844 5220 1053 5260 tutnttcs
1097 5208 1190 5260 sub
1225 5204 1530 5275 pignoribus
1569 5206 1845 5275 ﬁduciati,
1896 5204 2072 5273 jurati
2111 5213 2324 5267 cavent,
2370 5214 2419 5256 et

843 5281 919 5329 sic
950 5288 1137 5346 negant
1172 5279 1327 5331 scire.
1381 5276 1572 5331 Volunt
1609 5275 1811 5329 scilicet
1852 5285 2052 5344 tentpus
2093 5275 2416 5346 persecutio-

844 5349 946 5400 nis.
973 5345 1025 5400 et
1052 5349 1222 5401 locum
1256 5347 1558 5412 tribunalis,
1588 5358 1636 5400 et
1662 5362 1939 5414 personam
1965 5347 2230 5414 prmitlis.
2272 5345 2418 5397 Prat-

845 5419 1028 5470 scriltil
1063 5418 1303 5472 Christus
1327 5435 1425 5470 non
1453 5435 1564 5472 esse
1589 5417 1906 5486 jurandum.
1951 5417 2177 5482 Scripsi,
2222 5417 2416 5484 inquit,

843 5488 934 5542 sed
971 5489 1100 5541 nihil
1135 5489 1268 5541 dixi.
1318 5487 1523 5557 Lingua
1547 5527 1562 5550 ,
1605 5505 1709 5542 non
1750 5487 1927 5541 littera
1958 5487 2169 5541 occidit.
2205 5487 2305 5539 Hic
2328 5503 2419 5554 ego

843 5571 1091 5612 nrt-turam
1141 5569 1187 5613 et
1227 5560 1601 5612 conscientiam
1648 5558 1882 5620 advoco,
1941 5568 2082 5619 ctc.,
2135 5572 2257 5625 qua}
2309 5558 2419 5610 ilhc

843 5631 990 5683 vidit.

916 5701 1027 5771 (5'3)
1084 5699 1394 5771 Ἠσμέζισε
1443 5700 1560 5766 τὴν
1607 5698 1839 5771 ἐνθάδε.
1872 5697 2152 5752 Palladius
2185 5696 2241 5771 in
2275 5694 2420 5749 Lnn-

846 5767 1224 5841 siaca'scribit
1263 5769 1551 5841 Evagriutu
1607 5770 1829 5841 biennio
1877 5777 1992 5824 toto
2041 5767 2311 5841 mansisse
2364 5771 2416 5820 in

851 5850 1033 5894 Inutile
1061 5840 1266 5904 Nitriae,
1299 5856 1363 5895 ac
1381 5838 1586 5896 deinde
1613 5840 1679 5894 ad
1716 5841 2030 5895 interiorem
2062 5838 2414 5893 solitudinem

847 5912 1178 5981 perrexisse.
1207 5912 1478 5969 (Steterunt
1520 5911 1628 5966 falli
1663 5912 1877 5968 videtur
1913 5910 2280 5979 Sozomenus,
2319 5910 2411 5980 qui

2521 4714 2900 4786 Erittsrvitaur
2933 4715 3292 4786 monasticam
3350 4718 3632 4786 amplexus
3691 4725 3772 4769 est
3827 4725 4091 4784 regnante

2522 4783 2834 4838 Theodosio
2869 4782 3116 4840 Seniore.
3170 4784 3337 4852 quue
3367 4782 3584 4854 ex'ipso
3615 4782 3915 4839 Sozomeno
3949 4802 4089 4838 eon-

2520 4855 2797 4926 vincitur,
2846 4856 2936 4922 qui
2995 4855 3069 4926 ait
3118 4855 3407 4926 Evagriutn
3465 4857 3709 4925 Gregorii
3763 4855 4088 4909 Nazianzrni

2519 4924 2966 4980 arcltidiaconutn
3003 4925 3174 4980 fuisse
3217 4924 3269 4979 iit
3305 4926 3546 4981 Ecclesia
3579 4924 4089 4992 Constantinopoli-

2519 5003 2668 5058 tana,
2697 5007 2860 5064 atque
2888 4995 3086 5051 exinde
3111 4996 3175 5049 ad
3200 4998 3558 5050 monasticam
3593 4999 3752 5049 vitam
3777 4997 4085 5051 transiiese.

2524 5065 2628 5120 Sed
2655 5073 2708 5119 et
2741 5065 3018 5121 Palladius
3053 5067 3104 5119 itt
3138 5065 3402 5120 Lausiaca
3429 5067 3634 5121 diserte
3665 5075 3916 5127 testatur,
3951 5066 4088 5119 lira-

2519 5137 2696 5204 gritttn
2731 5137 3027 5190 diaconum
3064 5138 3234 5192 fuisse
3277 5136 3509 5190 Nectarii
3541 5138 3783 5206 episrolti
3817 5136 4090 5206 Constan-

2523 5207 2890 5276 tinopolitani,
2923 5210 3086 5276 eique
3125 5209 3384 5261 traditum
3419 5223 3542 5262 esse
3578 5205 3614 5260 7a
3657 5206 3918 5277 Gregorio
3951 5205 4092 5277 Nys-

2521 5292 2689 5339 seno,
2738 5294 2764 5328 :t
2811 5293 2921 5343 quo
2970 5278 3207 5348 primum
3250 5276 3519 5348 diaconus
3558 5277 3735 5331 fuerat
3776 5276 4089 5348 ordinatus.

2520 5347 2675 5412 Quod
2729 5345 3188 5416 quideut'verius
3251 5359 3399 5417 puto.
3456 5347 3579 5402 Fuit
3631 5349 3774 5405 enim
3816 5345 4094 5402 Palladius

2521 5420 2731 5473 amicus
2801 5418 3015 5490 Evagrii
3065 5436 3078 5472 :
3149 5426 3202 5472 ct
3264 5419 3428 5490 vitatu
3469 5419 3617 5472 illius
3675 5419 3832 5490 longe
3880 5423 4093 5472 certius

2521 5498 2745 5541 noverat
2779 5487 2941 5556 quani
2979 5487 3237 5543 Sat-rates
3270 5504 3331 5543 ac
3365 5487 3722 5544 Sozomentts.

2593 5560 2704 5628 (55)
2751 5559 3014 5627 Νιτρὶαν.
3064 5557 3238 5611 Nitria
3277 5569 3331 5612 et
3385 5558 3562 5614 Sectis
3607 5561 3840 5615 erantin
3878 5557 4091 5612 Mareo-

2521 5631 2625 5683 tica
2666 5630 2994 5700 pratl'ectura
3035 5628 3258 5700 Egypti
3287 5669 3301 5691 ,
3354 5638 3414 5684 ut
3463 5639 3693 5685 testatur
3742 5629 4092 5700 Ptolema-us,

2519 5702 2611 5767 qui
2655 5699 2944 5755 Scitiaeam
2981 5698 3198 5769 quidem
3249 5702 3527 5769 regionem
3581 5704 3655 5755 ait
3707 5703 3869 5756 sitam
3917 5698 4096 5753 litissc

2521 5771 2576 5824 itt
2628 5771 2888 5827 interiore
2929 5769 3223 5825 Mareotica
3258 5790 3270 5825 :
3303 5771 3570 5826 Nitt'iotas
3615 5787 3745 5824 vero
3799 5773 4098 5825 inetluisse

2520 5858 2637 5898 eaut
2687 5851 2898 5914 partem
2931 5841 3270 5905 Marcoticae,
3323 5857 3444 5913 quae
3479 5844 3653 5914 vergit
3685 5843 3752 5898 ad
3786 5841 4092 5898 ttteridieut.
