4452 6598
397 460 534 517 1589

1383 460 1707 516 HISTORIA
1749 461 2310 522 ECCLESIASTICA.
2349 493 2418 504 —
2445 464 2571 520 LIB.
2615 465 2701 519 Vl.

3513 473 3650 530 θεοῦ

396 572 494 630 Ὦν
512 577 570 630 δὲ
593 576 779 631 ἐνθάδε
813 577 1120 646 φιλοσοφεῖν
1169 577 1450 651 ἐπυθόμην
1484 581 1734 651 ἀρίστους
1781 581 1971 649 ἔγνων,
2004 592 2045 644 Α
2079 598 2154 653 νισι

1890 600 1971 647 υν,
2004 592 2045 644 Α
2079 583 2439 653 prehendere.
2498 585 2634 639 Cum
2691 584 2836 639 enim
2889 585 3162 655 propriam
3209 599 3272 642 ac
3315 587 3648 654 peculiarem

395 671 485 723 τόν
513 688 572 724 τε
613 671 835 724 Μέλανα
878 669 968 722 τὸν
1002 672 1122 723 κατ’
1156 671 1329 724 ἐκεῖνο
1370 670 1562 742 καιροῦ
1609 672 1708 743 τὴν
1747 671 1976 742 Ἐκκλη-

399 763 518 816 σίαν
551 761 976 834 ἐπιτροπεύοντα
1000 803 1016 830 ,
1064 763 1158 816 καὶ
1185 764 1474 828 Διονύσιον,
1512 762 1570 826 ὃς
1611 765 1745 834 πρὸς
1771 764 1974 835 Βορέαν

397 855 496 922 τῆς
528 854 736 915 πόλεως
771 853 833 907 τὸ
871 856 1285 926 φροντιστήριον
1325 852 1436 926 εἶχε
1461 870 1476 885 ·
1524 857 1617 910 καὶ
1648 856 1860 909 Σόλωνα
1884 857 1974 909 τὸν

397 945 639 1009 Μέλανος
666 945 915 1014 ἀδελφὺν,
944 947 1038 999 καὶ⁵
1067 946 1164 1016 τῆς
1189 947 1492 1017 ἐπισκοπῆς
1523 946 1779 1018 διάδοχον,
1809 949 1974 1017 Λέγε-

397 1054 486 1090 ται
529 1037 606 1101 δέ,
643 1037 803 1107 ἡνίκα
835 1037 1208 1108 προστέτακτο
1242 1040 1368 1106 τοὺς
1412 1038 1552 1092 κατὰ
1604 1039 1757 1093 πόλιν
1794 1041 1974 1111 ἱερέας

398 1112 650 1192 ἐναντίως
691 1130 883 1201 Ἀρείῳ
913 1129 1252 1200 φρονοῦντας
1282 1131 1702 1196 ἀπελαύνεσθαι,
1739 1132 1975 1185 καταλα-

399 1222 512 1275 ϐεῖν
538 1221 759 1275 Μέλανα
798 1223 923 1286 τοὺς
958 1223 1045 1275 ἐπ’
1080 1223 1243 1277 αὐτὸν
1273 1223 1545 1288 ἐλθόντας,
1590 1225 1716 1288 τοὺς
1749 1224 1974 1296 λύχνους

401 1321 495 1388 τῆς
534 1318 857 1390 Ἐκκλησίας
911 1315 1416 1390 παρασκευάζοντα,
1465 1315 1554 1372 οἷά
1582 1335 1645 1388 γε
1693 1318 1974 1390 ὑπηρέτην

401 1410 646 1480 ἔσχατον,
677 1412 980 1482 ἐπίρρυπον
1019 1410 1096 1480 τῷ
1129 1409 1331 1481 ίματίῳ
1372 1411 1482 1481 (54)
1531 1410 1636 1464 ὑπὸ
1667 1409 1760 1464 τοῦ
1791 1411 1971 1464 ἐλαίου

403 1503 497 1573 τὴν
524 1501 698 1573 ζώνην
729 1502 938 1573 ἔχοντα,
968 1503 1062 1556 καὶ
1087 1501 1183 1565 τὰς
1213 1501 1532 1573 θρυαλλίδας
1556 1501 1970 1575 ἐπιφερόμενον·

401 1595 744 1665 ἐρωτηθέντα
765 1595 820 1648 δὲ
846 1596 971 1665 περὶ
993 1594 1084 1646 τού
1108 1594 1409 1647 ἐπισκόπου
1431 1596 1622 1661 εἰπεῖν,
1647 1596 1724 1658 ὼς
1753 1595 1972 1649 Ἐνθαδε

402 1685 537 1750 ἐστὶ,
563 1686 654 1738 καὶ
681 1685 906 1756 μηνύσω
929 1685 1134 1739 τοῦτον.
1163 1686 1365 1739 Αὐτίκα
1380 1686 1435 1739 δέ
1460 1689 1585 1752 τοὺς
1606 1690 1802 1759 ἄνδρας
1819 1687 1972 1758 οἷάγε

398 1775 456 1839 ἐξ
485 1775 602 1828 ὁδοῦ
637 1778 1006 1846 κεκμηκότας,
1032 1778 1112 1848 εἰς
1150 1777 1210 1828 τὸ
1244 1777 1599 1832 ἐπισκοπικὸν
1631 1781 1972 1850 καταγώγιον

397 1865 678 1933 ὀδηγῆσαι,
703 1866 797 1918 καὶ
814 1865 1090 1936 τράπεζαν
1108 1867 1449 1936 παραθεῖναι,
1469 1869 1561 1920 καὶ
1585 1871 1648 1922 ἐκ
1677 1870 1781 1924 τῶν
1806 1872 1971 1923 ὄντων

2077 676 2564 731 conversationem
2617 678 3047 744 constituerint,
3109 692 3273 747 Opera
3319 686 3375 733 et
3431 681 3647 745 studia,

2075 765 2502 821 exercitationes
2531 774 2585 820 et
2605 765 2835 832 victum,
2867 777 2922 822 et
2949 776 3163 837 tempus
3187 769 3484 840 unicuique
3502 773 3649 824 aetati

2077 857 2550 911 accommodatum
2593 858 2778 926 partiti
2828 868 2978 916 sunt.
3034 858 3380 914 Rinocorura
3430 877 3651 932 quoque

2053 964 2145 1003 ,εχ
2178 965 2242 1004 eo
2276 962 2522 1020 tempore
2549 949 2686 1006 viris
2729 951 2976 1019 optimis,
3028 967 3134 1006 non
3168 951 3510 1017 advenlitiis,
3550 955 3648 1008 sed

2076 1039 2372 1110 indigenis,
2407 1039 2612 1095 floruit.
2669 1039 2746 1096 Ex
2788 1041 2858 1095 iis
2888 1056 3017 1096 vero
3049 1058 3188 1112 quos
3244 1044 3357 1098 illic
3404 1045 3648 1113 philoso-

2076 1131 2272 1201 pliatos
2303 1149 2427 1188 esse
2474 1136 2684 1205 accepi,
2729 1136 3222 1207 praestantissimos
3278 1137 3448 1194 fuisse
3494 1157 3646 1192 com-

2076 1227 2214 1293 peri,
2250 1225 2516 1281 Melanem
2548 1229 2638 1297 qui
2668 1235 2801 1284 tunc
2837 1231 3100 1298 temporis
3141 1230 3443 1286 Ecclesium
3499 1233 3648 1289 illius

2078 1314 2182 1368 loci
2209 1315 2656 1384 administrabat,
2719 1327 2775 1374 et
2802 1318 3124 1391 Dionysium
3145 1322 3238 1391 qui
3271 1322 3335 1376 ad
3370 1323 3644 1378 borealem

2078 1406 2230 1460 urbis
2265 1415 2478 1476 partem
2528 1408 2867 1463 domicilium
2905 1410 3121 1477 habuit,
3166 1419 3218 1466 et
3252 1410 3506 1466 Solonem
3539 1413 3648 1468 ille-

2076 1497 2219 1553 lanis
2265 1499 2515 1566 fratrem,
2561 1502 2653 1570 qui
2695 1501 2874 1579 eidem
2914 1501 2968 1555 in
2999 1504 3319 1574 episcopatu
3351 1509 3644 1561 successit.

2075 1588 2345 1646 Ceeterum
2388 1607 2455 1647 eo
2503 1601 2748 1663 tempore
2799 1609 2909 1664 quo
2973 1609 3302 1666 praeceptum
3357 1599 3535 1653 fuerat
3587 1610 3647 1652 ut

2074 1698 2267 1737 omnes
2304 1683 2504 1752 ubique
2556 1685 2821 1754 episcopi,
2875 1686 2969 1755 qui
3015 1687 3344 1742 Arianorum
3399 1691 3644 1761 dogmati

2075 1786 2470 1843 rrpugnarent,
2505 1778 2729 1832 sedibus
2759 1779 2875 1834 suis
2905 1781 3330 1849 expellerentur,
3365 1783 3516 1838 aiunt
3549 1800 3644 1838 eos

2075 1867 2166 1933 qui
2198 1865 2264 1928 ad
2295 1865 2554 1921 Melanem
2579 1867 2983 1922 exturbandum
3028 1881 3310 1931 venerant.
3346 1873 3644 1942 deprehen-

397 1957 662 2009 ἑστιᾶσαι.
689 1955 842 2010 Μετὰ
863 1957 1032 2025 δὲτὴν
1059 1959 1316 2012 ἑστίασιν.
1334 1959 1626 2034 νιψάμενον
1645 1961 1743 2025 τὰς
1763 1968 1969 2034 χεῖρας,
2007 1955 2043 2007 Β
2071 1956 2155 2010 dis

1887 1982 1969 2030 ας,
2007 1955 2043 2007 Β
2071 1956 2222 2010 disse
2263 1959 2440 2020 illum,
2481 1967 2740 2028 tanquam
2788 1959 3037 2014 infimum
3082 1961 3420 2030 ministrum,
3464 1966 3645 2019 lucer-

395 2046 690 2114 διηκονεῖτο
727 2045 834 2117 γὰρ
873 2049 983 2110 τοῖς
1010 2049 1376 2117 ἑστιωμένοις,
1412 2033 1603 2103 ἐαυτὸν
1644 2033 1971 2122 προσαγγεῖο

394 2136 500 2189 λαι.
553 2135 690 2199 Τοὺς
734 2137 792 2188 δέ
840 2138 930 2190 τὸν
960 2138 1128 2208 ἄνδρα
1171 2137 1576 2209 θαυμάσαντας,
1641 2127 1971 2212 ὁμολογῆσαι

398 2231 495 2298 μὲν
543 2232 627 2300 ἐφ’
670 2225 714 2298 ᾧ
767 2231 1149 2302 ἐληλύθεισαν’
1201 2234 1342 2286 αἰδοῖ
1388 2233 1444 2285 δὲ
1491 2236 1556 2305 τῇ
1615 2235 1749 2302 πρὸς
1787 2235 1969 2296 αὑτὸν,

395 2323 640 2388 ἐξουσίαν
674 2324 855 2378 δοῦναι
906 2327 1103 2397 φυγῆς.
1167 2326 1270 2378 Τὸν
1305 2327 1361 2379 δὲ
1410 2328 1593 2396 φάναι,
1641 2327 1716 2390 ὡς
1761 2328 1872 2381 Ούκ
1906 2329 1970 2382 ἂν

397 2417 665 2486 προοίμην
701 2417 874 2472 ταύτὰ
909 2421 1022 2481 τοῖς
1069 2418 1341 2489 όμοδόξοις
1388 2419 1623 2490 ἱερεῦσιν
1663 2421 1970 2491 ὑπομεῖναι,

397 2505 510 2557 ἀλλ’
555 2507 734 2558 ἐκοντῖ⁹
783 2506 997 2560 ἐλὲσθαι
1042 2507 1152 2579 (55)
1199 2509 1280 2571 εἰς
1320 2509 1418 2578 τὴν
1453 2510 1748 2581 ὑπερορίαν
1777 2510 1969 2564 ἐλθεῖν.

397 2599 586 2651 Πᾶσαν
630 2598 708 2663 δὲ,
743 2593 900 2668 οἷάγε
948 2601 1012 2653 ἐκ
1049 2601 1168 2655 νέου
1218 2601 1619 2672 φιλοσοφήσας,
1675 2601 1972 2672 μδναχικὴν

395 2690 596 2762 ἀρετὴν
625 2691 923 2759 ἐξησκείτο.
951 2691 1008 2745 '0
1035 2691 1091 2745 δέ
1110 2692 1286 2745 Σόλων
1312 2692 1418 2745 άπὸ
1437 2693 1678 2764 ἐμπόρου
1695 2695 1774 2757 είς
1807 2710 1972 2763 μονα-

396 2786 489 2854 χὸν
527 2784 870 2855 μεταϐαλὼν,
917 2784 1040 2838 ούδέ
1066 2785 1226 2847 αὐτὸς
1253 2785 1426 2853 ὀλίγον
1450 2785 1702 2838 ἀπώνατο
1746 2786 1847 2854 τῆς
1882 2788 1969 2838 ἐν-

397 2876 544 2930 θένδε
578 2877 866 2946 ὡφελείας.
911 2877 1046 2931 Ὑπὸ
1069 2877 1370 2947 διδασκάλῳ
1395 2877 1502 2947 γάρ
1534 2877 1613 2945 τῷ
1635 2876 1849 2948 ἀδελφῷ
1879 2881 1972 2932 καὶ

393 2969 505 3029 τοῖς
533 2966 658 3037 τῇδε
687 2966 1064 3035 φιλοσοφοῦσιν
1089 2967 1364 3036 ἐπιμελῶς
1386 2967 1693 3029 παιδευθεὶς
1713 2969 1806 3019 καὶ
1839 2971 1970 3038 περὶ

395 3056 457 3108 τὸ
473 3056 627 3108 Θεῖον
655 3057 737 3109 ὄτι
771 3055 1004 3126 μάλιστα
1042 3057 1335 3128 προθύμως
1365 3043 1692 3124 ἐσπούδαζε,
1719 3061 1812 3112 καὶ
1836 3061 1970 3130 πρὸς

393 3150 518 3212 τοὺς
548 3149 712 3212 πέλας
739 3149 1277 3218 ἀγαθὸς“ἐτύγχανεν.
1307 3150 1368 3202 Ἡ
1400 3149 1498 3219 μὲν
1514 3150 1969 3222 Ῥινοκουρούρων

408 3245 718 3313 Ἐκκλησία,
736 3244 991 3297 τοιούτων
1013 3245 1070 3310 ἐξ
1091 3245 1263 3314 ἀρχῆς
1284 3243 1963 3313 ἡγουμένωνέπιτυχοῦσα,

392 3338 451 3388 ού
479 3337 711 3389 διέλιπεν
751 3338 808 3402 ἐξ
857 3335 1064 3388 ἐκείνου
1113 3335 1272 3406 μέχρι
1317 3337 1410 3388 καὶ
1436 3336 1514 3397 είς
1552 3335 1718 3404 ἡμᾶς,
1764 3337 1857 3387 καὶ
1886 3335 1964 3388 ἔτι

393 3429 485 3480 νῦν
511 3432 620 3490 τοῖς
655 3429 875 3481 ἐκείνων
899 3428 1153 3496 χρωμένη
1200 3426 1440 3492 θεσμοῖς,
1472 3427 1565 3477 καὶ
1605 3425 1840 3492 ἀγαθοὺς
1874 3426 1964 3480 ἄν-

390 3521 520 3587 δρας
552 3519 808 3589 φέρουσα.
860 3518 1028 3586 Κοινὴ
1070 3516 1124 3568 δέ
1162 3517 1276 3566 ἐστι
1316 3518 1426 3578 τοῖς
1460 3515 1643 3568 αὐτόθι
1683 3514 1964 3587 κληρικοῖς

386 3613 598 3680 οἵκησίς
632 3629 690 3663 τε
720 3611 812 3663 καὶ
841 3608 1105 3678 τράπεζα,
1132 3608 1224 3658 καὶ
1253 3608 1300 3657 τ’
1331 3607 1463 3658 ἄλλα
1497 3607 1690 3659 πάντα.

2075 2063 2175 2101 nas
2220 2049 2466 2104 ecclesiae
2522 2059 2923 2120 praeparantem
2952 2093 2967 2118 ,
3027 2068 3194 2123 supra
3241 2056 3468 2125 pallium
3520 2057 3643 2111 oleo

2074 2140 2417 2194 Sordidatum
2467 2143 2758 2197 habentem
2786 2159 3004 2205 zonam,
3048 2155 3101 2200 et
3129 2147 3405 2218 ellychnia
3439 2150 3646 2218 impor-

2075 2240 2304 2285 tantem.
2355 2231 2528 2298 Quem
2578 2248 2702 2288 cum
2758 2236 3195 2306 interrogassent
3250 2239 3318 2293 de
3356 2242 3642 2311 episcopo,

2075 2322 2198 2387 ille,
2242 2325 2343 2378 Hic
2374 2334 2476 2388 est,
2516 2327 2712 2396 inquit,
2747 2344 2984 2398 eumque
3019 2331 3172 2386 vobis
3209 2331 3496 2401 indicabo;
3529 2347 3642 2391 sta-

2073 2413 2281 2484 timque
2309 2416 2581 2481 homines,
2634 2429 2820 2488 utpote
2845 2421 2944 2475 vite
2974 2423 3320 2492 longitudine
3362 2426 3639 2496 fatigatos,

2072 2505 2129 2558 in
2155 2508 2300 2562 mdes
2331 2508 2574 2578 episcopi
2597 2509 2842 2576 deduxit,
2877 2529 3235 2584 mensamque
3272 2517 3338 2572 iis
3361 2522 3639 2588 apposuit,

2071 2603 2126 2648 et
2174 2611 2313 2665 quos
2346 2596 2577 2652 habebat
2632 2600 2786 2654 cibos
2838 2603 3089 2670 praebuit.
3151 2602 3282 2659 Post
3328 2610 3639 2664 convivium

2075 2702 2223 2754 vero,
2254 2704 2376 2743 cum
2415 2705 2611 2745 manus
2645 2707 2835 2746 eorum
2871 2695 3137 2750 'abluisset
3173 2696 3323 2767 (ipse
3355 2701 3502 2754 enim
3534 2704 3638 2755 iiii-

2071 2780 2346 2837 nistrabat
2391 2783 2800 2855 epulantibus),
2831 2786 3072 2856 seipsum
3098 2789 3381 2845 indicavit.
3412 2791 3489 2846 illi
3535 2794 3636 2847 ho-

2070 2874 2272 2928 minem
2333 2875 2607 2941 admirati,
2643 2879 2932 2947 cujusnam
2987 2881 3064 2935 rei
3123 2897 3288 2938 causa
3350 2887 3630 2951 venissent

2071 2968 2309 3022 confessi
2341 2979 2470 3022 sunt
2509 2987 2523 3024 :
2563 2969 2803 3039 fugiendi
2843 2981 3024 3028 tamen
3062 2974 3291 3030 liberam
3326 2976 3376 3031 ei
3407 2976 3636 3032 faculta-

2072 3067 2178 3114 tem
2229 3073 2645 3126 concesserunt,
2688 3067 2988 3120 reverentia
3041 3067 3160 3136 ejus
3202 3070 3446 3126 adducti.
3499 3073 3637 3126 Tum

2069 3165 2200 3202 vero
2237 3151 2327 3204 ille
2375 3169 2388 3204 :
2429 3149 2740 3222 Nunquam,
2793 3154 3002 3222 inquit,
3055 3156 3464 3213 detrectaturus
3515 3175 3637 3214 sum

2073 3243 2262 3296 eadem
2302 3243 2510 3313 perpeti
2563 3258 2683 3313 qnze
2717 3246 2954 3316 episcopi
2993 3247 3237 3316 ejusdem
3264 3265 3474 3303 mecum
3511 3251 3637 3305 fidei

2071 3347 2135 3385 ac
2166 3335 2452 3388 sentcntiae
2481 3337 2858 3404 perpetiuntur
2896 3356 2908 3391 :
2951 3337 3046 3391 sed
3081 3339 3226 3392 ultro
3257 3355 3321 3393 ac
3355 3351 3552 3409 sponte
3584 3360 3638 3395 in

2070 3427 2324 3478 exsilium
2373 3426 2452 3480 ire
2499 3436 2723 3496 paratus
2757 3444 2899 3481 sum.
2934 3428 3136 3484 Omnes
3188 3447 3350 3499 porro
3403 3433 3638 3487 virtutes

2069 3518 2231 3588 266
2262 3520 2578 3574 monasticae
2604 3520 2907 3589 disciplina:
2932 3522 3032 3575 sibi
3082 3533 3640 3592 enniparavcrat,'ut-

2069 3619 2192 3678 pote
2233 3611 2302 3663 ab
2351 3611 2576 3664 ineunte
2628 3621 2788 3666 aetate
2843 3612 2945 3665 hoc
2997 3613 3412 3681 philosophandi
3462 3631 3638 3682 genus

392 3715 649 3762 sectatus.
708 3704 874 3760 Solon
909 3720 1036 3756 vero
1082 3720 1144 3756 ex
1189 3712 1495 3756 mercatore
1524 3703 1827 3757 monachus
1874 3703 2127 3764 effectus,
2172 3707 2290 3773 ipse
2357 3721 2574 3775 quoque
2611 3706 2751 3760 haud
2825 3723 3014 3775 parum
3088 3708 3440 3761 emolumenti
3513 3709 3639 3762 inde

392 3802 652 3871 percepit.
687 3800 819 3854 Nam
861 3808 916 3854 et
962 3798 1150 3852 fratris
1186 3798 1293 3859 sui,
1327 3806 1381 3852 et
1424 3798 1655 3851 aliorum
1707 3799 1799 3866 qui
1854 3800 1964 3852 ilhc
2001 3800 2548 3869 pliilosopliahantur,
2595 3803 2914 3872 magisterio
2985 3802 3290 3864 institutus,
3358 3814 3412 3857 et
3463 3805 3514 3856 in
3570 3804 3638 3858 iis

389 3893 610 3961 quaead
644 3892 736 3947 Dei
773 3893 980 3944 cultum
1016 3889 1288 3959 pertinent
1323 3891 1606 3943 studiosus
1675 3889 1773 3942 fuit
1847 3892 2137 3960 imprimis,
2190 3902 2245 3946 et
2303 3910 2432 3963 erga
2488 3895 2792 3962 proximum
2847 3895 3138 3963 benignus.
3187 3897 3265 3948 Ac
3332 3893 3638 3949 Rinocoru-

390 3986 574 4040 t'ensis
614 3987 837 4054 quidem
890 3985 1155 4045 Ευιιερεια,
1207 3983 1520 4047 iiujusmodi
1555 3987 1835 4040 antistites
1893 3988 1962 4041 alt
1996 3989 2153 4043 initio
2226 3991 2443 4049 sortita,
2496 4006 2560 4042 ex
2614 4006 2680 4044 eo
2751 4001 2997 4056 tempore
3039 3992 3104 4043 ad
3162 4003 3405 4044 nostram
3459 4007 3636 4057 usque

388 4093 432 4130 α)
462 4093 624 4138 atem,
660 4078 876 4130 illorum
907 4076 1175 4128 institutis
1199 4077 1297 4135 uti,
1331 4087 1380 4128 et
1410 4081 1612 4144 probes
1641 4095 1786 4130 urnis
1820 4082 1960 4133 l‘erre
1999 4097 2106 4133 non
2143 4082 2373 4136 destitit.
2420 4084 2514 4136 Est
2545 4093 2724 4137 autem
2796 4083 2915 4151 ejus
2978 4088 3084 4136 loci
3127 4087 3347 4137 clerICis
3384 4098 3634 4136 commu-

390 4170 472 4222 nis
494 4170 692 4223 domus
723 4178 776 4223 et
815 4185 1038 4230 mensa,
1082 4169 1287 4236 reliqua
1336 4169 1574 4238 denique
1599 4170 1783 4222 omnia
1818 4175 2150 4228 communia.

948 4260 1198 4311 ΚΕΦΑᾹ.
1246 4260 1365 4312 All‘.

386 4353 516 4420 Περὶ
574 4351 690 4404 τῶν
745 4352 812 4403 ἐν
874 4353 1244 4423 Παλαιστίνῃ
1311 4352 1624 4419 μονιιχὼν,
1698 4354 1953 4423 Hdt-xci,

468 4425 807 4488 Emporiae
869 4421 970 4472 τοῦ
1022 4422 1278 4486 ὕστερον
1325 4425 1646 4489 γενομένου
1688 4421 1951 4492 Κύπρου,

466 4493 781 4558 Ἀμμωνίου
822 4492 917 4543 καὶ
947 4494 1146 4544 Etim:
1161 4493 1262 4543 ait).

2649 4230 3074 4322 cav.xxxu[

2063 4359 2141 4412 De
2185 4360 2456 4413 monachis
2495 4359 2822 4430 Paluatinas,
2875 4361 3138 4428 Hesycita,
3177 4359 3493 4426 Epiphanio,
3543 4363 3635 4430 qui

2095 4443 2274 4497 postea
2305 4447 2572 4500 episcopus
2618 4429 2782 4501 Cypri
2818 4433 2939 4500 fuit.
2966 4434 3244 4484 Ammonio
3272 4441 3321 4483 et
3353 4429 3590 4485 Silvano.

456 4586 527 4636 υὺ
559 4585 663 4653 μὴν
687 4583 820 4635 ἀλλὰ
855 4586 946 4635 καί
978 4583 1304 4653 Παλαιττίνη
1343 4584 1588 4653 μοναχῶν
1609 4587 1813 4655 ἀνδρῶν
1841 4588 1953 4639 δια·
2130 4583 2214 4635 Set

1876 4606 1953 4639 ια·
2130 4583 2233 4635 Sed
2281 4591 2332 4635 et
2364 4581 2654 4637 Palaestina
2695 4571 3099 4636 monachorum
3130 4582 3424 4636 domiciliis
3469 4583 3629 4639 flore-

381 4680 590 4748 τριῦαἴς
622 4677 790 4746 ἤνθει.
820 4676 958 4727 (li-.3
991 4676 1095 4744 γὰρ
1135 4675 1349 4738 πλείους
1380 4674 1453 4729 ὠν
1484 4681 1539 4728 ἐν
1669 4680 1956 4731 Κωνσταν-
1990 4678 2032 4731 D
2064 4678 2139 4729 bal

1871 4698 1956 4731 zv-
1990 4678 2032 4731 D
2064 4678 2169 4729 bat.
2225 4677 2354 4729 Nam
2385 4686 2439 4730 et
2475 4677 2722 4746 plerique
2756 4692 2945 4729 eorum
2980 4692 3122 4746 quos
3155 4678 3320 4746 supra
3373 4678 3424 4731 in
3463 4679 3629 4732 rebus

2060 4769 2233 4838 gestis
2284 4767 2591 4822 Constantii
2646 4767 2982 4827 enumeravi,
3025 4765 3210 4819 adhuc
3263 4769 3626 4835 superstites,

2058 4861 2201 4914 hanc
2233 4859 2584 4928 disciplinam
2635 4873 2846 4912 summa
2895 4873 3022 4911 cum
3076 4857 3237 4913 laude
3281 4859 3625 4914 excolebant.

2058 4954 2124 5006 Et
2156 4954 2348 5007 horum
2386 4951 2788 5007 consuetudine
2838 4967 2902 5005 ae
2944 4953 3294 5007 sermonibus
3336 4953 3425 5006 alii
3471 4952 3629 5008 insti-

2064 5047 2164 5099 tuti
2200 5046 2265 5099 ad
2307 5061 2582 5100 summum
2616 5045 2833 5098 virtutis
2879 5043 3089 5112 apicem
3132 5054 3519 5112 pervenerunt,
3573 5054 3628 5100 et

2062 5140 2126 5193 ad
2163 5139 2391 5207 majoris
2425 5139 2610 5208 gloriae
2630 5137 2909 5190 cumulum
2947 5137 3299 5191 monasteriis
3332 5138 3444 5191 illic
3479 5138 3626 5206 posi-

2061 5234 2129 5286 tis
2162 5232 2406 5298 adjuncti
2446 5239 2591 5285 sunt.
2635 5229 2707 5282 Ex
2761 5245 2994 5298 quorum
3043 5243 3272 5283 numero
3320 5229 3421 5284 ftiit
3449 5228 3626 5300 Hesy-

2058 5325 2215 5387 chas,
2246 5323 2544 5378 Hilarionis
2573 5322 2778 5376 sodalis
2799 5364 2812 5387 ,
2838 5331 2892 5376 et
2914 5321 3278 5391 Epiphanius,
3307 5323 3399 5392 qui
3435 5332 3621 5392 postea

381 4771 491 4823 τίου
536 4769 781 4840 βασιλεία
831 4768 1300 4839 ἀπηριθμησάμην
1348 4768 1426 4822 ἔτι
1451 4766 1591 4840 ἦσαν
1618 4772 1819 4842 ταύτην
1855 4772 1952 4843 τὴν

380 4865 686 4932 ἐπιστήμην
709 4864 1079 4931 σεμνύνοντες.
1107 4863 1165 4911 ΟΞ
1193 4861 1268 4926 δὲ,
1293 4865 1410 4924 ταῖς
1437 4863 1614 4915 αὐτῶν
1645 4866 1949 4929 συνουσίαις

379 4958 456 5016 εἰς
483 4955 650 5024 ἄκρον
671 4954 868 5024 ἀρετῆς
895 4955 1174 5018 ἐπέδοσαν,
1221 4956 1312 5007 καὶ
1339 4957 1417 5016 είς
1448 4953 1698 5009 εὔκλειαν
1727 4956 1948 5025 μείζονα

376 5051 487 5109 τοῖς
537 5047 722 5100 ἐνθάδε
776 5049 1208 5118 φροντιστηρίοις
1253 5047 1673 5117 προσετέθησαν.
1734 5042 1831 5102 Ὧν

387 5141 624 5208 Ἠσυχᾶς
663 5141 690 5191 ὁ
750 5140 1052 5210 Ἰλαρίωνος
1105 5142 1341 5209 ἑταῖρος,
1405 5140 1499 5192 καὶ
1548 5141 1857 5209 Ἐπιφάνιος
1927 5143 1955 5194 ό

378 5232 603 5300 ὕστερον
645 5233 931 5300 γενόμενος
965 5233 1264 5302 Σαλαμῖνος
1310 5233 1406 5302 τῆς
1452 5232 1674 5302 Κύπρου
1733 5233 1952 5286 ἐπίσκο-

377 5344 495 5389 πος.
553 5327 938 5396 Ἐφιλοσόφησε
969 5327 1023 5378 δὲ
1068 5327 1305 5396 Ἡσυχᾶς
1348 5327 1466 5396 μὲν,
1515 5322 1576 5380 οὗ
1607 5326 1700 5378 καὶ¹
1741 5328 1769 5378 ὁ
1807 5326 1951 5379 διδά-

1578 5503 1850 5559 VALESII
1888 5502 2444 5558 ANNOTATIONES.

2047 5617 2234 5671 codice
2283 5616 2584 5670 Fnketiano
2635 5616 2901 5682 integram
2961 5615 3157 5666 lineam
3212 5613 3302 5666 hic
3348 5615 3620 5683 suppleri,

2047 5705 2166 5755 utne.
2203 5691 2255 5740 in
2290 5688 2526 5754 vulgatis
2561 5687 2843 5739 codicibus
2876 5688 3082 5738 deerat.
3121 5683 3226 5737 Sed
3261 5701 3432 5754 neque
3463 5687 3620 5737 (iliri-

2047 5760 2466 5826 SlOphUl'St‘itttlS,
2501 5772 2599 5811 nec
2644 5757 2880 5811 Savilius
2915 5759 3058 5809 hanc
3095 5756 3343 5809 lacunam
3402 5762 3620 5822 supple-

2044 5840 2259 5883 verunt.
2299 5829 2370 5882 Ex
2407 5845 2515 5895 quo
2542 5838 2787 5896 apparet,
2827 5828 3007 5882 nullos
3059 5828 3129 5882 ab
3159 5829 3226 5882 iis
3269 5828 3412 5882 visos
3450 5827 3620 5880 fuisse

2045 5904 2450 5971 manuscriptos
2477 5900 2715 5956 codices.

450 5623 562 5691 (Si)
617 5624 979 5690 Ἑπιζῤῥυπον
1028 5621 1104 5686 τῷ
1166 5622 1388 5687 ἱματίῳ.
1444 5620 1596 5674 lltlne
1661 5622 1836 5672 locum
1868 5619 1938 5672 ita

377 5693 756 5763 corrigendtittt
817 5705 964 5762 pulo.
1001 5695 1092 5745 ἐπὶ
1138 5693 1373 5762 ῥυπῶντι
1440 5692 1514 5761 τῷ
1585 5691 1781 5763 ἱματίῳ
1829 5699 1935 5744 etc.

380 5762 602 5816 Sanein
654 5765 843 5818 rodice
893 5763 1190 5817 Fuketiano
1236 5768 1496 5830 scriptum
1533 5774 1615 5816 est
1650 5762 1934 5839 ὲπίρυπον.

378 5835 469 5890 Est
503 5845 679 5887 autem
721 5840 832 5886 haec
867 5836 1172 5888 emendatio
1205 5850 1428 5900 prorsus
1460 5835 1794 5886 necessaria.

450 5908 557 5979 (3:5)
596 5907 767 5959 Ἀλλ’
795 5906 991 5958 ἑκοντὶ
1024 5905 1284 5958 ἑλέσθαι.
1318 5904 1442 5959 Post
1479 5909 1590 5958 haec
1624 5905 1809 5970 verba,
1869 5919 1934 5958 cx
