4452 6598
378 447 516 503 13θὸ

1254 443 1581 499 HISTORIA
1620 445 2186 505 ECCLESIASTICA.
2222 480 2293 493 -—
2320 450 2451 506 LIB.
2491 450 2576 504 \l.

3499 450 3637 507 1504

379 564 710 633 καλούμενον
730 562 879 634 ὅρος,
904 560 1164 625 Βατθαῖος
1191 562 1281 614 καὶ
1306 560 1587 626 Εὐσέϐιος,
1613 564 1707 617 καὶ
1733 565 1954 635 Βαργῆς
1981 571 2027 624 Α
2056 581 2137 619 rm

1871 566 1954 635 (il;
1981 571 2027 624 Α
2056 572 2315 628 ruerunt,
2374 565 2517 636 apud
2574 564 2869 619 Nisibenos
2915 562 3135 634 quidem
3186 550 3343 617 circa
3391 573 3629 621 montem

378 656 470 707 καὶ
513 655 669 717 Ἀλᾶς
718 654 811 706 καὶ
852 652 1079 716 Ἀϐϐὦς,
1113 651 1360 722 Λάζαρὸς
1398 670 1455 705 τε
1498 653 1526 705 ό
1572 653 1810 721 γεγονὼς
1841 655 1958 707 ἐπί-

380 762 599 807 σκοπος,
630 745 729 797 καὶ
774 742 1096 806 Ἀϐδάλεως,
1138 743 1230 795 καὶ
1271 745 1477 814 Ζήνων,
1507 744 1601 796 καὶ
1642 744 1957 815 Ἡλιόδωρος

377 839 405 889 ὁ
430 836 630 906 γέρων.
652 834 891 897 Τούτους
912 835 969 886 δὲ
1002 833 1095 885 καὶ
1118 834 1353 897 Βοσκούς
1380 834 1708 897 ἀπεκάλουν,
1733 835 1959 906 ἔναγχος

377 929 475 996 τῆς
503 925 759 995 τοιαύτης
805 924 1119 993 φιλοσοφίας
1144 924 1435 995 ἄρξαντας.
1494 924 1845 996 Ὀνομάζουσι
1902 928 1957 980 δὲ

378 1015 478 1074 ὦδε
531 1020 755 1086 αὐτοὺς,
803 1019 989 1073 καθότι
1043 1017 1165 1072 οὔτε
1215 1020 1489 1089 οἰκήματα
1541 1018 1792 1089 ἔχουσιν,
1834 1019 1957 1073 οὔτε

379 1113 567 1183 ἄρτον,
594 1110 719 1164 οὔτε
763 1111 893 1181 ϐψον
933 1111 1223 1176 ἐσθίουσιν,
1250 1109 1371 1164 οὔτε
1403 1109 1541 1164 οἶνον
1581 1110 1851 1165 πίνουσιν·
1901 1114 1959 1165 ὲν

372 1206 435 1257 δὲ
469 1206 581 1268 τοῖς
608 1204 757 1275 ὄρεσι
784 1203 1168 1274 διατρίϐοντες,
1214 1204 1300 1256 ἀεὶ
1331 1204 1421 1256 τὸν
1446 1203 1583 1256 Θεὸν
1622 1202 1955 1273 εὐλογοῦσιν,

381 1300 438 1350 ὲν
466 1298 650 1367 εὐχαῖς
694 1296 784 1350 καὶ
810 1295 1020 1366 ὕμνοις,
1053 1295 1194 1349 κατὰ
1238 1295 1437 1365 θεσμὸν
1466 1299 1564 1368 τῆς
1610 1295 1954 1367 Ἐκκλησίας.

380 1390 599 1460 Τροφῆς
633 1389 690 1441 δὲ
720 1388 881 1460 ἡνίκα
909 1388 1132 1459 γένηται
1166 1387 1375 1458 καιρὸς,
1430 1387 1679 1459 καθάπερ
1726 1387 1963 1459 νεμόμεο

380 1500 477 1546 νοι,
510 1481 694 1552 ἅρπην
720 1480 858 1550 έχων
878 1480 1128 1543 ἕκαστος,
1155 1479 1258 1532 ἀνὰ
1277 1480 1337 1531 τὸ
1368 1479 1492 1550 ὅρος
1517 1481 1839 1549 περιιόντες,
1863 1480 1958 1543 τὰς

382 1571 613 1639 βοτάνας
642 1571 956 1636 σιτίζονται.
986 1570 1097 1621 Καὶ
1125 1571 1171 1621 oi
1202 1569 1301 1639 μὲν
1328 1565 1428 1621 ὦδε
1457 1571 1828 1638 ἐφιλοσόφουν.
1870 1572 1959 1624 Ἐν

380 1662 593 1731 Κάραις
625 1662 681 1714 δὲ
715 1661 999 1723 Εὐσέϐιος,
1045 1660 1104 1723 ὃς
1134 1661 1189 1711 ὲν
1232 1659 1310 1730 τῷ
1336 1659 1615 1730 ἐθελοντὴς
1642 1662 1959 1733 καθεῖρχθαι

384 1750 719 1819 ἐφιλοσόφει·
757 1752 850 1804 καὶ
873 1750 1246 1821 Πρωτογένης,
1282 1750 1345 1813 ὃς
1376 1750 1474 1821 τὴν
1502 1750 1687 1803 αὐτόθι
1733 1751 1960 1821 Ἐκκλη-

384 1846 503 1898 σίαν
537 1845 905 1916 ἐπετρόπευσε
961 1842 1099 1914 μετὰ
1135 1843 1288 1896 Βῖτον
1322 1843 1414 1895 τὸν
1462 1842 1581 1895 τότε
1623 1841 1917 1893 ἐπίσκοπον
1942 1858 1955 1870 ·

2061 657 2153 725 qui
2189 656 2420 728 Sigoron
2456 658 2685 722 dicitur,
2717 655 3020 720 Batthaeus,
3057 655 3332 711 Eusebius
3355 696 3369 717 ,
3407 655 3631 725 Bat'gcs,

2059 745 2224 802 llalas
2250 757 2306 803 et
2335 748 2527 815 Abbo;
2560 755 2614 802 et
2641 748 2885 802 Lazarus
2914 748 3007 818 qui
3040 746 3143 800 fuit
3168 747 3461 817 episc0pus
3491 767 3503 801 :
3535 749 3639 802 Ab-

2058 836 2250 892 daleus
2290 837 2421 892 item
2474 845 2529 891 et
2567 835 2754 902 Zeno,
2790 846 2847 889 et
2887 851 3053 891 senex
3100 837 3452 893 Heliodorus.
3492 837 3634 891 Istos

2058 942 2225 997 porro
2280 929 2439 998 vulgo
2489 928 2727 992 Boscos,
2780 928 2835 981 id
2887 936 2970 981 est
3004 936 3294 997 pascentes
3328 932 3631 989 vocabant.

2059 1020 2151 1088 qui
2186 1022 2288 1073 hoc
2321 1018 2747 1089 philosophandi
2797 1034 2970 1088 genus
3012 1026 3148 1073 tunc
3196 1019 3433 1087 primum
3483 1020 3634 1073 inve-

2060 1113 2280 1161 xerant.
2320 1106 2411 1162 Sic
2444 1118 2623 1161 autem
2657 1123 2753 1161 eos
2788 1108 3105 1177 appellant,
3151 1117 3443 1178 propterea
3487 1109 3633 1177 quod

2059 1214 2161 1254 nec
2192 1199 2471 1254 domicilia
2509 1200 2712 1255 habent
2739 1202 2882 1263 ulla,
2920 1216 3022 1256 nec
3070 1217 3212 1271 pane
3258 1209 3352 1255 aut
3401 1203 3633 1257 obsonio

2058 1299 2377 1354 vescuntur,
2427 1306 2529 1345 nec
2558 1293 2743 1345 vinum
2788 1292 3035 1346 bibunt:
3090 1293 3185 1347 sed
3241 1292 3298 1346 in
3347 1294 3624 1347 montibus

2060 1381 2356 1453 degentes,
2418 1382 2591 1437 Deum
2639 1392 2901 1452 perpetuo
2971 1384 3285 1451 celebrant,
3362 1385 3631 1439 orationi-

2060 1475 2165 1529 bus
2198 1483 2254 1530 et
2297 1475 2550 1543 hymnis,
2600 1475 2759 1543 juxta
2813 1474 3075 1529 Ecclesia:
3127 1478 3293 1529 ritum
3343 1487 3628 1529 vacantes.

2060 1565 2309 1635 Cumque
2340 1566 2597 1621 vescendi
2630 1574 2851 1637 tempus
2886 1568 3197 1631 advenerit,
3233 1568 3433 1636 singuli
3491 1567 3632 1621 falce

2063 1668 2283 1728 arrepta
2331 1675 2427 1728 per
2461 1668 2701 1712 montem
2752 1668 3016 1731 vagantes
3038 1699 3053 1723 ,
3086 1660 3260 1714 instar
3288 1661 3629 1729 pascentium

2062 1766 2323 1820 pecorum
2368 1752 2568 1806 herbas
2618 1753 2935 1807 comedunt.
2988 1751 3053 1804 Et
3108 1753 3198 1806 isti
3257 1752 3478 1821 quidem
3526 1752 3631 1805 hoc

2062 1842 2495 1912 philosophandi
2547 1858 2721 1913 genus
2774 1844 3154 1898 excoluerunt.
3209 1843 3369 1912 Apud
3424 1842 3630 1897 Carras

379 1938 533 1989 Βίτον
577 1911 782 1990 ἐκεῖνον
816 1936 923 2005 (58)
963 1911 1060 1987 *τὸν
1112 1935 1383 2005 ἀοίδιμον,
1445 1935 1503 1986 ὃν
1546 1950 1680 2001 φασι
1732 1931 1956 2002 βασιλέα
1991 1911 2032 1964 Β
2064 1948 2131 1985 au

1868 1932 1956 1984 λέα
1991 1911 2032 1964 Β
2064 1944 2244 1986 autem
2282 1911 2812 1996 Eusebius‘enituit,
2848 1936 2943 2004 qui
2977 1942 3171 2003 sponte
3202 1911 3301 1988 sua
3337 1933 3626 1994 inclusus,

379 2030 784 2081 Κωνσταντῖνον
833 2025 1063 2099 πρώτως
1094 2026 1459 2095 θεασάμενον,
1509 2024 1836 2094 ὁμολογῆσαι
1883 2024 1958 2087 ὡς
2064 2037 2137 2074 ιιι(

1883 2024 1958 2087 ὡς
2064 2023 2382 2077 monasticae
2434 2022 2797 2091 philosophia:
2832 2025 3087 2077 vaeavit:
3140 2031 3196 2076 et
3257 2023 3623 2090 Protogenes,

381 2120 547 2172 πάλαι
582 2118 840 2180 πολλάκις
892 2120 948 2171 έν
986 2117 1329 2185 ἐπιφανείαις
1358 2118 1446 2168 τὸν
1484 2114 1652 2185 ἄνδρα
1701 2114 1890 2167 τοῦτον
1928 2114 1956 2165 ὁ
2062 2129 2131 2181 qu

1868 2133 1890 2167 ν
1928 2114 1956 2165 ὁ
2062 2113 2154 2181 qui
2186 2115 2559 2183 episcopatum
2599 2114 2743 2169 illitis
2788 2114 2890 2167 loci
2937 2114 3077 2167 rexit
3118 2122 3242 2183 post
3276 2113 3454 2165 Bitum
3489 2130 3501 2165 :
3535 2113 3626 2165 Bi-

381 2210 511 2272 Θεὺς
538 2210 686 2279 αὐτῷ
730 2209 990 2275 ἐπέδειξε,
1023 2211 1116 2262 καὶ
1146 2208 1601 2279 παρεκελεύσατο,
1634 2208 1661 2259 ὅ
1688 2224 1741 2258 τι
1775 2207 1949 2273 λέγοι,

380 2302 694 2370 πειθαρχεῖν
720 2300 885 2368 αὐτῷ.
928 2300 1038 2351 Καὶ
1073 2297 1274 2367 Ἀώνης
1307 2297 1363 2349 δὲ
1387 2298 1443 2347 ὲν
1462 2296 1677 2364 Φαδανᾷ
1700 2295 1760 2347 τὸ
1793 2310 1953 2364 φρον-

377 2394 651 2462 τιστήριον
698 2386 808 2459 εἶχε
835 2407 847 2419 ·
892 2390 1054 2451 τόπος
1096 2389 1151 2440 δὲ
1201 2383 1382 2450 οὗτος,
1433 2382 1491 2439 οὐ
1543 2385 1736 2438 Ἰακὼϐ
1778 2386 1807 2435 ὁ
1856 2383 1949 2435 τοῦ

393 2481 641 2551 Ἀϐρααμ
671 2479 890 2547 ἔκγονος
928 2482 993 2532 ὲκ
1023 2479 1385 2548 Παλαιστίνης
1417 2474 1664 2537 ἐπιστὰς,
1698 2475 1776 2527 ἔτι
1807 2492 1948 2544 παρ-

381 2574 517 2643 θένῳ
562 2574 862 2643 συνήπτετο
895 2572 1006 2640 (59)
1059 2574 1123 2641 τῇ
1179 2570 1315 2639 μετὰ
1358 2568 1529 2622 ταῦτα
1566 2570 1801 2638 γαμετῇ,
1858 2570 1949 2620 ὲκ-

380 2665 602 2727 κυλίσας
646 2682 705 2716 τε
754 2663 847 2715 τοῦ
891 2662 1075 2714 ἐνθάδε
1118 2661 1347 2730 φρέατος
1391 2660 1481 2713 τὸν
1516 2659 1691 2722 λίθον,
1740 2659 1954 2727 πρῶτον

382 2757 549 2826 αὐτῆς
577 2756 638 2808 τὸ
672 2755 917 2824 ποίμνιον
955 2754 1190 2805 ὲπότισε.
1240 2753 1374 2805 Φασὶ
1413 2752 1471 2803 δὲ
1499 2751 1682 2803 τοῦτον
1726 2750 1949 2815 Ἀώνην,

380 2846 479 2914 τῆς
528 2845 681 2908 ἐκτὸς
725 2845 936 2898 πάντων
978 2842 1277 2914 ἀνθρώπων
1318 2842 1410 2896 καὶ
1454 2841 1713 2912 ἀκριϐοῦς
1743 2842 1952 2909 φιλοσο-

383 2937 507 3001 φίας
534 2936 799 3005 ἄρξασθαι
835 2934 985 2988 παοὰ
1021 2935 1230 3005 Σύροις,
1264 2933 1451 3003 ὥσπερ
1494 2932 1775 2985 Ἀντώνιον
1822 2931 1950 3001 παρ’

383 3028 716 3096 Αἰγυπτίοις.

967 3291 1214 3343 ΚΕΦΑΛ.
1255 3292 1373 3344 AA’.

385 3383 522 3449 Περὶ
548 3380 665 3435 τῶν
690 3382 760 3435 ἐν
777 3380 998 3452 Αιδέσῃ
1024 3382 1325 3452 μοναχῶν,
1343 3382 1685 3443 ἰουλιανοῦ,
1714 3383 1954 3451 Ἐφραὶμ

457 3452 560 3504 τοῦ
592 3453 805 3518 Σύρου,
835 3451 1030 3518 Βάρας
1064 3452 1505 3520 καὶ-Εὐλοτιόυ.
1566 3454 1687 3505 Ἔτι
1741 3454 1809 3504 δὲ
1855 3454 1953 3505 καὶ

452 3520 717 3589 περὶτῶν
744 3522 812 3591 ὲν
848 3522 1023 3591 κοίλῃ
1052 3524 1254 3591 Συρίᾳ,
1285 3524 1703 3583 Οὐαλεντίνου,
1734 3522 1953 3575 6806(6-

450 3610 583 3660 pov,
605 3590 870 3659 Μερώσα,
885 3590 1151 3657 Βάσσου,
1172 3594 1544 3653 Βασσωι·ιόυ,
1568 3593 1823 3645 Παύλου.
1847 3592 1955 3646 Καὶ

456 3662 591 3729 περὶ
615 3660 735 3713 τῶν
770 3662 1116 3727 ἐνΓαλατίᾳ
1140 3664 1235 3714 καὶ
1268 3661 1681 3728 Καππαδοκίᾳ,
1718 3663 1816 3714 καὶ
1845 3663 1950 3715 άλ-

454 3737 534 3784 ,λα
538 3732 647 3798 χοῦ
668 3731 850 3799 ἁγίων
875 3731 1134 3798 ἀνδρῶν·
1158 3732 1256 3785 καὶ
1274 3735 1434 3795 τίνος
1456 3731 1628 3800 χάριν
1642 3733 1953 3799 μακρόϐιοι

456 3805 510 3853 oi
544 3800 746 3868 πρώην
779 3800 933 3870 ἅγιοι
964 3802 1252 3870 ἐγίνοντο.

455 3892 639 3963 Τούτῳ
665 3892 722 3944 δὲ
753 3892 981 3945 συνοίκω
1010 3893 1180 3963 ῆστην
1226 3892 1495 3955 Γαὸδανᾶς
1520 3909 1578 3945 τε
1602 3890 1696 3945 καὶ
1716 3889 1951 3955 ’Δζιζος,

390 3983 528 4055 πρὸς
570 3983 761 4054 ὁμοίαν
802 3982 1001 4053 ἀρετὴν
1041 3983 1418 4053 ἀμιλλωμένω.
1480 3981 1607 4035 Ἀνὰ
1646 3982 1702 4035 δὲ
1739 3982 1835 4053 τὴν
1891 3984 1954 4037 ὲκ

387 4074 639 4142 γειτόνων
671 4074 917 4139 Ἐδεσαν,
966 4074 1057 4128 καὶ
1086 4073 1247 4144 πέριξ
1291 4073 1493 4144 ταύτης
1517 4074 1626 4143 (60)
1660 4074 1955 4144 εὐδοκιμώ-

384 4176 535 4221 τατοι
566 4167 839 4236 φιλόσοφοι
869 4167 1007 4220 κατὰ
1030 4167 1215 4219 τοῦτον
1265 4166 1356 4219 τὸν
1384 4167 1572 4238 χρόνον
1620 4166 1779 4238 ἦσαν,
1825 4167 1954 4219 Ἰου-

387 4258 569 4321 λιανὸς
605 4258 700 4312 καὶ
736 4256 973 4328 Ἐφραὶμ
1024 4259 1052 4310 ὁ
1078 4256 1247 4327 Σύρος
1277 4258 1641 4329 συγγραφεὺς,
1691 4258 1741 4309 οἱ
1790 4258 1847 4309 ἐν
1887 4260 1953 4328 τῇ

388 4350 764 4405 Κωνσταντίου
808 4350 1054 4421 βασιλείᾳ
1103 4334 1430 4420 δηλωθέντες
1455 4367 1468 4381 ·
1519 4351 1740 4423 Βάρσης
1775 4368 1835 4404 τε
1860 4352 1957 4405 καὶ

390 4444 662 4511 Εὐλόγιος,
682 4440 731 4493 οἶ
760 4440 853 4493 καὶ
885 4440 1169 4493 ὲπισκόπω
1196 4441 1362 4511 ἄμφω
1392 4442 1613 4513 ὕστερον
1642 4442 1952 4512 ἐγενέσθην,

388 4536 448 4587 οὐ
488 4531 689 4594 πόλεώς
716 4548 859 4595 τινος
896 4531 1029 4602 (61),
1069 4531 1204 4585 ἀλλὰ
1248 4532 1416 4603 τιμῆς
1443 4534 1661 4599 ἕνεκεν,
1692 4534 1953 4604 ἀνταμοι-

2059 2212 2205 2265 tum,
2258 2204 2526 2274 inquam,
2588 2207 2739 2259 illum
2788 2206 3240 2268 celeberrimum,
3297 2219 3455 2274 quem
3501 2220 3626 2256 cum

2058 2296 2449 2351 Constantinus
2486 2299 2717 2366 primum
2753 2298 3012 2361 vidisset,
3060 2296 3359 2351 afﬁrmasse
3403 2296 3624 2357 dicitur.

2058 2402 2200 2455 smpe
2235 2388 2386 2440 illum
2420 2390 2524 2442 sibi
2558 2404 2587 2441 a
2621 2388 2728 2443 Deo
2760 2404 2855 2457 per
2885 2390 3129 2443 visiones
3160 2397 3321 2442 antea
3345 2399 3626 2443 ostensum

2055 2493 2175 2531 csse
2203 2517 2216 2540 ,
2247 2478 2576 2545 iussumque
2602 2487 2661 2533 ut
2697 2479 2859 2534 dictis
2891 2479 3041 2534 illius
3069 2481 3327 2534 omnibus
3359 2480 3625 2534 obediret.

2054 2568 2299 2638 Denique
2320 2573 2501 2625 Aones
2524 2572 2864 2625 domicilium
2897 2572 3087 2625 habuit
3115 2573 3167 2625 in
3198 2572 3453 2626 Phadana
3479 2592 3490 2625 :
3521 2588 3629 2640 quo

2059 2660 2224 2729 268
2257 2663 2308 2714 in
2349 2662 2467 2715 loco
2495 2661 2667 2716 Iacob
2701 2663 3000 2717 Abrahami
3035 2678 3205 2732 nepos
3236 2680 3305 2717 ex
3338 2665 3629 2718 Palaestina

2058 2752 2321 2810 veniens.
2357 2755 2589 2822 puellam
2627 2754 2854 2809 olTendit
2886 2770 3048 2824 quam
3083 2764 3270 2825 postea
3305 2756 3457 2809 duxit
3494 2772 3629 2808 uxo-

2060 2858 2173 2894 rem
2202 2884 2217 2907 ,
2253 2853 2543 2914 amotoque
2574 2846 2751 2914 lapide
2783 2861 2892 2914 quo
2921 2855 3170 2915 opertum
3200 2855 3318 2900 erat
3346 2862 3410 2901 os
3441 2848 3588 2916 putei
3612 2888 3627 2911 ,

2062 2934 2293 3001 pri-mum
2329 2936 2476 2990 illius
2508 2952 2725 3007 gregem
2761 2938 2838 2990 ibi
2867 2937 3110 3006 aquavit.
3146 2937 3303 2991 Hunc
3331 2953 3496 3007 porro
3525 2938 3630 2990 Ao-

2061 3040 2182 3076 nem
2219 3027 2452 3093 primum
2492 3029 2635 3097 apud
2693 3027 2897 3099 Syros,
2948 3029 3171 3097 perinde
3218 3045 3281 3081 ac
3329 3030 3626 3083 Antonium

2051 3115 2192 3184 apud
2229 3115 2554 3186 Egyptios,
2584 3127 2863 3172 auctorem
2912 3120 3082 3175 fuisse
3127 3120 3311 3173 ferunt
3360 3121 3624 3175 solitaria:

2059 3215 2111 3259 et
2152 3207 2409 3260 arctioris
2438 3207 2816 3276 philosophiae.

2640 3300 2793 3356 CAP.
2833 3300 3072 3353 XXXIV.

2056 3384 2437 3459 Depzonachis
2462 3387 2693 3459 Edessaz,
2717 3388 2961 3449 Juliano,
2992 3388 3215 3459 Ephrem
3247 3390 3401 3459 Syro,
3434 3392 3625 3455 Barse,

2130 3456 2374 3529 Eulogio.
2410 3456 2544 3529 Item
2574 3458 2637 3510 de
2665 3460 2937 3529 monachis
2968 3456 3304 3529 Cwlesyriwf
3324 3460 3626 3527 Valentino,

2132 3527 2424 3589 Theodoro,
2457 3526 2697 3591 Morosa,
2730 3528 2920 3591 Basso,
2954 3526 3212 3590 Bassone,
3247 3530 3438 3585 Paulo.
3472 3532 3537 3584 Et
3562 3526 3629 3588 de

2129 3599 2395 3649 monachis
2426 3596 3078 3671 Caiatiteafjappadociw,
3102 3611 3152 3653 et
3188 3603 3420 3653 aliarum
3450 3604 3623 3671 reqio-

2127 3683 2247 3717 num
2275 3666 2795 3740 sanctishominibus
2820 3683 2838 3720 :
2860 3678 2908 3722 et
2937 3685 3031 3722 cur
3061 3669 3278 3740 longaevi
3311 3666 3630 3726 ’uerint'viri

2125 3737 2298 3789 sancti
2324 3738 2415 3806 qui
2442 3738 2569 3789 olim
2601 3738 2791 3791 vixere.

2128 3889 2306 3961 llujus
2336 3894 2756 3947 contubernales
2825 3893 2977 3950 fuere
3011 3894 3303 3949 Gaddanas
3332 3904 3385 3951 et
3409 3896 3627 3957 Azizus.

2056 3982 2124 4036 ad
2180 3983 2425 4053 ejusdem
2487 3984 2710 4039 virtutis
2760 3985 2972 4055 apicem
3023 3998 3211 4041 mutua
3271 3988 3628 4041 aemulatione

2057 4076 2364 4131 tendentes.
2392 4075 2563 4131 Porro
2594 4078 2735 4146 apud
2770 4077 3030 4132 Edessam
3063 4079 3115 4132 in
3152 4079 3399 4147 proximo
3429 4079 3587 4133 sitam
3608 4121 3625 4144 ,

2055 4175 2109 4222 et
2141 4167 2285 4237 apud
2316 4167 2481 4223 urbes
2508 4167 2563 4221 in
2593 4168 2828 4223 circuitu
2862 4168 3079 4223 Edessa:
3110 4170 3322 4237 positas
3346 4208 3360 4230 ,
3387 4170 3628 4223 celeber-

2058 4258 2182 4312 rimi
2236 4267 2368 4313 tunc
2412 4259 2677 4328 temporis
2734 4260 2986 4313 monachi
3034 4270 3226 4319 erant.
3275 4258 3525 4315 Julianus
3575 4267 3628 4313 ct

2058 4348 2296 4419 Ephrem
2331 4350 2502 4421 Syrus
2548 4351 2807 4421 scriptor,
2852 4367 3085 4421 quorum
3135 4354 3247 4420 jam
3300 4352 3625 4406 mentionem

2058 4439 2289 4496 fecimus
2322 4442 2379 4495 in
2414 4443 2576 4496 rebus
2608 4441 2772 4509 gestis
2810 4441 3139 4497 Constantii.
3178 4444 3375 4497 Barses
3403 4444 3529 4496 item
3565 4452 3619 4497 et

2058 4533 2356 4605 Eulogius:
2398 4536 2490 4605 qui
2533 4534 2749 4604 quidem
2785 4534 2947 4588 ambo
2988 4535 3338 4603 postmodum
3380 4534 3624 4603 episcopi

1560 4705 1831 4762 VALESll
1864 4706 2307 4763 ANNOTATION
2318 4708 2418 4768 ES.

459 4822 570 4889 (58)
600 4820 795 4893 Biton
813 4820 1062 4893 ἐκεῖνον.
1100 4820 1195 4875 Hic
1212 4820 1382 4893 rVitus
1410 4820 1701 4893 Carrarum
1730 4837 1943 4891 episco~
1976 4808 2020 4862 D
2044 4838 2299 4893 quaecum
2317 4822 2499 4877 Persis
2516 4824 2929 4891 assidnegessit,
2948 4824 3254 4891 frequenter
3272 4824 3443 4893 inillis
3460 4823 3626 4887 regiti-

387 4910 492 4971 pus
554 4890 948 4971 [uitnvaleutis
995 4892 1222 4971 Augusti
1262 4892 1628 4971 temporibus,
1686 4890 1951 4971 ut’docet

388 4960 619 5041 epistola
670 4960 856 5041 Basilii
896 4960 1074 5041 Magni
1110 4962 1334 5041 atl‘eum
1373 4963 1575 5029 scripta
1617 4962 1718 5014 hoc
1753 4962 1974 5041 titulo,

388 5034 529 5103 Βίτῳ
570 5031 851 5103 ὲπισιιόπῳ
896 5030 1128 5103 Καρῶν,
1161 5030 1231 5103 Ex
1278 5047 1387 5103 quo
1434 5039 1693 5099 apparet,
1752 5033 1953 5103 inilioc

392 5101 681 5156 Sozomeni
715 5101 834 5153 loco
865 5116 964 5168 pro
992 5101 1211 5169 βασιλέα
1250 5102 1670 5161 Κωνσταντῖνον,
1703 5102 1953 5155 scriben-

390 5175 519 5227 dum
556 5187 677 5225 esse
711 5172 1102 5224 Κωνστάντιον.
1146 5170 1278 5221 Nam
1309 5171 1353 5223 si
1398 5186 1584 5225 verum
1627 5179 1776 5225 esset
1810 5171 1954 5237 quod

368 5247 468 5297 .ait
506 5240 866 5300 Sozomenus,
898 5249 1218 5310 sequeretur
1244 5238 1426 5293 Vitnm
1470 5242 1611 5292 hunc
1638 5242 1953 5310 episcopum

393 5315 564 5366 fuisse
596 5311 944 5364 Constantini
999 5309 1174 5377 Magni
1203 5311 1555 5378 temporibus.
1587 5310 1741 5373 Quod
1774 5309 1951 5364 tamen

391 5385 603 5435 videtur
632 5396 767 5449 pene
807 5380 1165 5449 incredibile,
1199 5389 1259 5431 ut
1307 5382 1443 5432 idem
1477 5381 1769 5447 episcOpus
1810 5380 1955 5433 Con-

392 5448 645 5505 stantino’
697 5448 889 5518 Magno
931 5462 985 5503 et
1040 5448 1261 5503 Valente
1308 5452 1561 5515 Augusto
1602 5451 1954 5518 regnantibus

392 5520 686 5575 exstiterit.
748 5518 876 5571 Scio
936 5518 1154 5587 quidem
1210 5520 1569 5572 Athanasium
1639 5520 1955 5588 episc0pum

393 5589 743 5644 Alexandriae
781 5604 810 5641 a
854 5589 1160 5657 principatu
1208 5588 1555 5642 Constantini
1587 5592 1654 5640 ad
1715 5588 1959 5642 Valentis

396 5676 567 5729 usque
591 5669 832 5729 tempora
860 5674 1256 5729 perseverasse.
1284 5660 1385 5712 Sed
1402 5658 1468 5713 de
1493 5659 1616 5729 Vito
1639 5658 1689 5709 id
1708 5660 1958 5726 equidem

396 5727 502 5783 non
562 5728 746 5781 credo.
787 5728 937 5781 Adde
958 5729 1100 5797 quod
1137 5727 1533 5782 Constantinus
1560 5727 1783 5793 Magnus
1826 5746 1962 5781 nun-

397 5815 556 5867 quam
583 5798 638 5850 in
668 5797 1105 5866 McSOpotamiam
1128 5799 1291 5855 venit,
1314 5814 1375 5851 ac
1396 5799 1619 5869 proinde
1641 5797 1815 5851 Vitum
1856 5799 1966 5851 illic

395 5873 580 5925 videro
599 5884 705 5924 non
726 5869 920 5938 potuit.
941 5868 1285 5924 Constantius
1306 5870 1555 5937 veroojus
1573 5869 1807 5937 lilius,oh
1832 5870 1965 5924 bella

2050 4892 2211 4947 nibus
2227 4902 2475 4947 versatus
2487 4904 2658 4948 est.ut
2676 4902 2886 4947 constat
2900 4910 2961 4945 ex
2982 4894 3267 4944 Ammiano
3285 4892 3621 4943 Marcellino.

2121 4964 2231 5029 (59)
2253 4963 2610 5027 Συνήπτετο.
2641 4962 2696 5015 In
2731 4964 2919 5015 codicv
2940 4961 3236 5015 Fnketiano
3256 4970 3517 5029 scriptum
3542 4974 3625 5014 est

2052 5035 2264 5101 συνεῖχε
2308 5035 2371 5102 τῇ
2424 5036 2635 5101 γαμετῇ
2672 5032 2807 5101 μετά
2860 5032 3049 5083 ταῦτα.
3087 5031 3148 5083 Et
3200 5032 3618 5102 atlAtuargiuem

2054 5100 2295 5155 notatum
2319 5100 2402 5156 ρει
2423 5100 2608 5156 eadem
2628 5100 2795 5155 manu
2820 5118 2909 5170 γρ.
2940 5102 3258 5169 συνήπτετο.
3288 5100 3624 5168 Νἱρυριιυιηιδ

2054 5181 2231 5225 autem
2274 5190 2373 5241 pro
2404 5174 2503 5225 hac
2540 5187 2669 5225 voce
2703 5172 2982 5225 substituit
3010 5172 3231 5223 verbum
3265 5171 3480 5241 ὡμίλει.

2126 5243 2240 5307 (60)
2280 5240 2403 5295 Καὶ
2458 5241 2628 5309 πέριξ
2684 5244 2923 5305 ταύτας.
2974 5241 3029 5293 In
3086 5241 3274 5293 codice
3328 5240 3625 5295 Fulselian.)

2058 5313 2318 5379 scriptum
2354 5320 2437 5365 est
2467 5312 2683 5379 ταύτης,
2707 5313 2933 5365 rertius.
2976 5312 3128 5377 Apud
3160 5310 3518 5377 Nicephorum
3547 5312 3621 5364 lc-

2056 5384 2203 5451 gitnr
2237 5384 2326 5433 καὶ
2356 5382 2423 5433 τὰ
2453 5382 2610 5451 πέριξ
2637 5385 2857 5451 ταύτης.
2907 5380 3120 5434 Mallem
3157 5390 3335 5433 tamen
3379 5382 3622 5435 scribere

2058 5452 2151 5505 καὶ
2174 5452 2292 5513 τὰς,
2323 5452 2511 5520 supple
2544 5452 2741 5513 πόλεις.

2130 5522 2240 5586 (lil)
2298 5524 2377 5574 Οὐ
2411 5521 2640 5584 πόλεώς
2664 5538 2844 5586 τινος.
2877 5522 3073 5574 Barses
3119 5528 3295 5573 tamen
3335 5520 3623 5588 episcopus

2059 5591 2211 5646 urbis
2244 5590 2462 5645 Edessae
2508 5592 2629 5653 fuit,
2662 5601 2719 5643 ut
2748 5600 2977 5643 testatur
3016 5590 3250 5643 Basilius
3312 5589 3534 5658 Magnus
3565 5590 3617 5641 iu

2060 5664 2274 5713 duabus
2317 5663 2559 5728 epistolis
2592 5678 2728 5729 quas
2756 5662 2821 5714 ad
2850 5678 2971 5714 eum
3022 5660 3263 5728 scripsit.
3310 5659 3422 5711 Non
3459 5661 3622 5726 igitur

2065 5732 2165 5784 luit
2196 5732 2519 5785 honorarius
2550 5732 2815 5785 duntaxat
2845 5733 3156 5799 epismpns,
3200 5741 3251 5782 et.
3300 5731 3515 5783 nomine
3544 5741 3623 5781 ιιι--

2066 5819 2190 5863 nus,
2224 5811 2280 5854 ut
2314 5802 2504 5855 scribit
2548 5802 2882 5855 Sommenus
2917 5802 3018 5854 hoc
3063 5801 3199 5852 loco.
3238 5800 3405 5864 Quem
3439 5810 3620 5851 tamen

2067 5888 2329 5927 excusare
2372 5873 2689 5942 poterimus,
2731 5873 2773 5927 si
2821 5873 3063 5926 dicamus
3108 5871 3323 5924 [ianum
3362 5878 3411 5923 et
3456 5868 3619 5923 uuln-
