  <div class='ocr_page' id='page_1' title='image "/cluster/home/n/w/nwhite01/storage/ocr_20150623/67/pst.000009865921/761.png"; bbox 0 0 4452 6598; ppageno 0'>
   <div class='ocr_carea' id='block_1_1' title="bbox 809 417 946 475">
    <p class='ocr_par' dir='ltr' id='par_1_1' title="bbox 809 417 946 475">
     <span class='ocr_line' id='line_1_1' title="bbox 809 417 946 475; baseline 0.029 -3"><span class='ocrx_word' id='word_1_1' title='bbox 809 418 831 472; x_wconf 77' lang='lat' dir='ltr'><strong>l</strong></span> <span class='ocrx_word' id='word_1_2' title='bbox 844 417 946 475; x_wconf 81' lang='lat'><strong>395</strong></span> 
     </span>
    </p>
   </div>
   <div class='ocr_carea' id='block_1_2' title="bbox 2272 405 2610 465">
    <p class='ocr_par' dir='ltr' id='par_1_2' title="bbox 2272 405 2610 465">
     <span class='ocr_line' id='line_1_2' title="bbox 2272 405 2610 465; baseline -0.006 -2"><span class='ocrx_word' id='word_1_3' title='bbox 2272 405 2610 465; x_wconf 65' lang='grc' dir='ltr'><strong>δΟΖΟΜΕΝΙ</strong></span> 
     </span>
    </p>
   </div>
   <div class='ocr_carea' id='block_1_3' title="bbox 3920 404 4060 465">
    <p class='ocr_par' dir='ltr' id='par_1_3' title="bbox 3920 404 4060 465">
     <span class='ocr_line' id='line_1_3' title="bbox 3920 404 4060 465; baseline 0.014 -2"><span class='ocrx_word' id='word_1_4' title='bbox 3920 404 4060 465; x_wconf 71' lang='grc'><strong>1396</strong></span> 
     </span>
    </p>
   </div>
   <div class='ocr_carea' id='block_1_4' title="bbox 810 519 2568 601">
    <p class='ocr_par' dir='ltr' id='par_1_4' title="bbox 810 523 2568 601">
     <span class='ocr_line' id='line_1_4' title="bbox 810 523 2568 601; baseline -0.007 -12"><span class='ocrx_word' id='word_1_5' title='bbox 810 539 960 590; x_wconf 81' lang='lat' dir='ltr'><strong>luere</strong></span> <span class='ocrx_word' id='word_1_6' title='bbox 989 584 997 597; x_wconf 90' lang='grc'><strong>,</strong></span> <span class='ocrx_word' id='word_1_7' title='bbox 1039 547 1146 588; x_wconf 89' lang='lat' dir='ltr'><strong>non</strong></span> <span class='ocrx_word' id='word_1_8' title='bbox 1187 529 1421 601; x_wconf 69' lang='lat' dir='ltr'><strong>alicuius</strong></span> <span class='ocrx_word' id='word_1_9' title='bbox 1454 525 1608 585; x_wconf 80' lang='lat' dir='ltr'><strong>urbis</strong></span> <span class='ocrx_word' id='word_1_10' title='bbox 1630 568 1643 591; x_wconf 84' lang='lat'><strong>,</strong></span> <span class='ocrx_word' id='word_1_11' title='bbox 1679 526 1775 583; x_wconf 77' lang='lat' dir='ltr'><strong>sed</strong></span> <span class='ocrx_word' id='word_1_12' title='bbox 1828 525 2056 581; x_wconf 84' lang='lat' dir='ltr'><strong>honoris</strong></span> <span class='ocrx_word' id='word_1_13' title='bbox 2108 523 2378 580; x_wconf 79' lang='lat' dir='ltr'><strong>duntaxat</strong></span> <span class='ocrx_word' id='word_1_14' title='bbox 2404 530 2452 589; x_wconf 73' lang='grc' dir='ltr'>Α</span> <span class='ocrx_word' id='word_1_15' title='bbox 2479 525 2568 592; x_wconf 72' lang='grc' dir='ltr'><strong>σῇς</strong></span> 
     </span>
    </p>
   </div>
   <div class='ocr_carea' id='block_1_5' title="bbox 2296 519 4054 601">
    <p class='ocr_par' dir='ltr' id='par_1_5' title="bbox 2296 519 4054 597">
     <span class='ocr_line' id='line_1_5' title="bbox 2296 519 4054 597; baseline 0 -18"><span class='ocrx_word' id='word_1_16' title='bbox 2296 531 2378 580; x_wconf 72' lang='lat' dir='ltr'><strong>rat</strong></span> <span class='ocrx_word' id='word_1_17' title='bbox 2404 530 2452 589; x_wconf 74' lang='grc' dir='ltr'>Α</span> <span class='ocrx_word' id='word_1_18' title='bbox 2479 525 2578 592; x_wconf 72' lang='grc' dir='ltr'><strong>ϐῆς</strong></span> <span class='ocrx_word' id='word_1_19' title='bbox 2611 525 2723 595; x_wconf 66' lang='grc'><strong>((52)</strong></span> <span class='ocrx_word' id='word_1_20' title='bbox 2757 540 2943 592; x_wconf 69' lang='grc' dir='ltr'>ωσπερ</span> <span class='ocrx_word' id='word_1_21' title='bbox 2976 524 3083 578; x_wconf 81' lang='grc' dir='ltr'>τῶν</span> <span class='ocrx_word' id='word_1_22' title='bbox 3116 527 3301 588; x_wconf 78' lang='grc' dir='ltr'>αὐτοῖς</span> <span class='ocrx_word' id='word_1_23' title='bbox 3343 519 3838 596; x_wconf 66' lang='grc' dir='ltr'>πεπολιτευμίνων,</span> <span class='ocrx_word' id='word_1_24' title='bbox 3870 542 4054 597; x_wconf 77' lang='grc' dir='ltr'>χειρο-</span> 
     </span>
    </p>
   </div>
   <div class='ocr_carea' id='block_1_6' title="bbox 809 617 2371 695">
    <p class='ocr_par' dir='ltr' id='par_1_6' title="bbox 809 617 2371 695">
     <span class='ocr_line' id='line_1_6' title="bbox 809 617 2371 695; baseline -0.002 -19"><span class='ocrx_word' id='word_1_25' title='bbox 809 640 973 679; x_wconf 71' lang='lat' dir='ltr'><strong>raosa</strong></span> <span class='ocrx_word' id='word_1_26' title='bbox 997 664 1010 684; x_wconf 88' lang='lat'><strong>.</strong></span> <span class='ocrx_word' id='word_1_27' title='bbox 1046 634 1305 695; x_wconf 86' lang='lat' dir='ltr'><strong>tanquam</strong></span> <span class='ocrx_word' id='word_1_28' title='bbox 1337 621 1405 677; x_wconf 90' lang='lat' dir='ltr'><strong>ad</strong></span> <span class='ocrx_word' id='word_1_29' title='bbox 1448 620 1788 692; x_wconf 78' lang='lat' dir='ltr'><strong>repensanda</strong></span> <span class='ocrx_word' id='word_1_30' title='bbox 1833 617 2090 684; x_wconf 66' lang='lat' dir='ltr'><strong>praeclara</strong></span> <span class='ocrx_word' id='word_1_31' title='bbox 2125 617 2371 688; x_wconf 82' lang='lat' dir='ltr'><strong>ipsorum</strong></span> 
     </span>
    </p>
   </div>
   <div class='ocr_carea' id='block_1_7' title="bbox 812 707 2371 779">
    <p class='ocr_par' dir='ltr' id='par_1_7' title="bbox 812 707 2371 779">
     <span class='ocr_line' id='line_1_7' title="bbox 812 707 2371 779; baseline -0.004 -11"><span class='ocrx_word' id='word_1_32' title='bbox 812 716 1091 777; x_wconf 64' lang='lat' dir='ltr'><strong>facinora,</strong></span> <span class='ocrx_word' id='word_1_33' title='bbox 1122 714 1175 767; x_wconf 92' lang='lat' dir='ltr'><strong>in</strong></span> <span class='ocrx_word' id='word_1_34' title='bbox 1209 713 1324 770; x_wconf 87' lang='lat' dir='ltr'><strong>suis</strong></span> <span class='ocrx_word' id='word_1_35' title='bbox 1356 711 1710 768; x_wconf 79' lang='lat' dir='ltr'><strong>monasteriis</strong></span> <span class='ocrx_word' id='word_1_36' title='bbox 1751 708 1988 766; x_wconf 80' lang='lat' dir='ltr'><strong>ordinati</strong></span> <span class='ocrx_word' id='word_1_37' title='bbox 2023 710 2062 763; x_wconf 80' lang='grc'>⁸.</span> <span class='ocrx_word' id='word_1_38' title='bbox 2096 707 2217 775; x_wconf 84' lang='lat' dir='ltr'><strong>Quo</strong></span> <span class='ocrx_word' id='word_1_39' title='bbox 2244 708 2371 779; x_wconf 91' lang='lat' dir='ltr'><strong>qui-</strong></span> 
     </span>
    </p>
   </div>
   <div class='ocr_carea' id='block_1_8' title="bbox 809 798 2376 873">
    <p class='ocr_par' dir='ltr' id='par_1_8' title="bbox 809 798 2376 873">
     <span class='ocr_line' id='line_1_8' title="bbox 809 798 2376 873; baseline -0.006 -13"><span class='ocrx_word' id='word_1_40' title='bbox 809 806 930 862; x_wconf 89' lang='lat' dir='ltr'><strong>dem</strong></span> <span class='ocrx_word' id='word_1_41' title='bbox 962 805 1127 861; x_wconf 88' lang='lat' dir='ltr'><strong>modo</strong></span> <span class='ocrx_word' id='word_1_42' title='bbox 1155 804 1321 861; x_wconf 90' lang='lat' dir='ltr'><strong>etiam</strong></span> <span class='ocrx_word' id='word_1_43' title='bbox 1346 800 1589 859; x_wconf 77' lang='lat' dir='ltr'><strong>Lazarus</strong></span> <span class='ocrx_word' id='word_1_44' title='bbox 1609 841 1624 867; x_wconf 88' lang='lat'><strong>,</strong></span> <span class='ocrx_word' id='word_1_45' title='bbox 1651 801 1719 858; x_wconf 92' lang='lat' dir='ltr'><strong>de</strong></span> <span class='ocrx_word' id='word_1_46' title='bbox 1746 815 1857 871; x_wconf 88' lang='lat' dir='ltr'><strong>quo</strong></span> <span class='ocrx_word' id='word_1_47' title='bbox 1890 814 2056 873; x_wconf 81' lang='lat' dir='ltr'><strong>supra</strong></span> <span class='ocrx_word' id='word_1_48' title='bbox 2080 799 2227 867; x_wconf 89' lang='lat' dir='ltr'><strong>dixi,</strong></span> <span class='ocrx_word' id='word_1_49' title='bbox 2259 798 2376 865; x_wconf 77' lang='lat' dir='ltr'><strong>eni-</strong></span> 
     </span>
    </p>
   </div>
   <div class='ocr_carea' id='block_1_9' title="bbox 810 887 2374 962">
    <p class='ocr_par' dir='ltr' id='par_1_9' title="bbox 810 887 2374 962">
     <span class='ocr_line' id='line_1_9' title="bbox 810 887 2374 962; baseline -0.004 -14"><span class='ocrx_word' id='word_1_50' title='bbox 810 909 1014 962; x_wconf 86' lang='lat' dir='ltr'><strong>scopus</strong></span> <span class='ocrx_word' id='word_1_51' title='bbox 1047 893 1169 948; x_wconf 77' lang='lat' dir='ltr'><strong>fuit.</strong></span> <span class='ocrx_word' id='word_1_52' title='bbox 1199 891 1264 946; x_wconf 85' lang='lat' dir='ltr'><strong>Et</strong></span> <span class='ocrx_word' id='word_1_53' title='bbox 1294 907 1361 947; x_wconf 92' lang='lat' dir='ltr'><strong>ex</strong></span> <span class='ocrx_word' id='word_1_54' title='bbox 1394 891 1677 947; x_wconf 79' lang='lat' dir='ltr'><strong>monachis</strong></span> <span class='ocrx_word' id='word_1_55' title='bbox 1705 890 1925 962; x_wconf 85' lang='lat' dir='ltr'><strong>quidem</strong></span> <span class='ocrx_word' id='word_1_56' title='bbox 1953 888 2048 960; x_wconf 90' lang='lat' dir='ltr'><strong>qui</strong></span> <span class='ocrx_word' id='word_1_57' title='bbox 2084 900 2194 944; x_wconf 89' lang='lat' dir='ltr'><strong>tum</strong></span> <span class='ocrx_word' id='word_1_58' title='bbox 2230 887 2374 958; x_wconf 86' lang='lat' dir='ltr'><strong>apud</strong></span> 
     </span>
    </p>
   </div>
   <div class='ocr_carea' id='block_1_10' title="bbox 813 978 2376 1055">
    <p class='ocr_par' dir='ltr' id='par_1_10' title="bbox 813 978 2376 1055">
     <span class='ocr_line' id='line_1_10' title="bbox 813 978 2376 1055; baseline -0.003 -18"><span class='ocrx_word' id='word_1_59' title='bbox 813 985 982 1055; x_wconf 73' lang='lat' dir='ltr'><strong>Syros</strong></span> <span class='ocrx_word' id='word_1_60' title='bbox 1004 1027 1019 1052; x_wconf 90' lang='lat'><strong>,</strong></span> <span class='ocrx_word' id='word_1_61' title='bbox 1055 993 1170 1039; x_wconf 89' lang='lat' dir='ltr'><strong>tum</strong></span> <span class='ocrx_word' id='word_1_62' title='bbox 1203 982 1347 1053; x_wconf 88' lang='lat' dir='ltr'><strong>apud</strong></span> <span class='ocrx_word' id='word_1_63' title='bbox 1382 980 1579 1037; x_wconf 81' lang='lat' dir='ltr'><strong>Persas</strong></span> <span class='ocrx_word' id='word_1_64' title='bbox 1622 979 1774 1051; x_wconf 78' lang='lat' dir='ltr'><strong>Syris</strong></span> <span class='ocrx_word' id='word_1_65' title='bbox 1806 981 2068 1035; x_wconf 79' lang='lat' dir='ltr'><strong>ﬁnitimos</strong></span> <span class='ocrx_word' id='word_1_66' title='bbox 2117 978 2376 1034; x_wconf 91' lang='lat' dir='ltr'><strong>nobiliter</strong></span> 
     </span>
    </p>
   </div>
   <div class='ocr_carea' id='block_1_11' title="bbox 816 1073 2376 1146">
    <p class='ocr_par' dir='ltr' id='par_1_11' title="bbox 816 1073 2376 1146">
     <span class='ocr_line' id='line_1_11' title="bbox 816 1073 2376 1146; baseline -0.004 -17"><span class='ocrx_word' id='word_1_67' title='bbox 816 1076 1181 1146; x_wconf 81' lang='lat' dir='ltr'><strong>pthSOphati</strong></span> <span class='ocrx_word' id='word_1_68' title='bbox 1212 1082 1374 1141; x_wconf 89' lang='lat' dir='ltr'><strong>sunt,</strong></span> <span class='ocrx_word' id='word_1_69' title='bbox 1399 1074 1489 1130; x_wconf 87' lang='lat' dir='ltr'><strong>isti</strong></span> <span class='ocrx_word' id='word_1_70' title='bbox 1520 1073 1586 1127; x_wconf 88' lang='lat' dir='ltr'><strong>ad</strong></span> <span class='ocrx_word' id='word_1_71' title='bbox 1618 1073 1873 1126; x_wconf 84' lang='lat' dir='ltr'><strong>notitiam</strong></span> <span class='ocrx_word' id='word_1_72' title='bbox 1904 1079 2147 1125; x_wconf 90' lang='lat' dir='ltr'><strong>nostram</strong></span> <span class='ocrx_word' id='word_1_73' title='bbox 2188 1086 2376 1137; x_wconf 82' lang='lat' dir='ltr'><strong>perve-</strong></span> 
     </span>
    </p>
   </div>
   <div class='ocr_carea' id='block_1_12' title="bbox 817 1160 2372 1236">
    <p class='ocr_par' dir='ltr' id='par_1_12' title="bbox 817 1160 2372 1236">
     <span class='ocr_line' id='line_1_12' title="bbox 817 1160 2372 1236; baseline -0.003 -16"><span class='ocrx_word' id='word_1_74' title='bbox 817 1174 1038 1222; x_wconf 85' lang='lat' dir='ltr'><strong>nerunt.</strong></span> <span class='ocrx_word' id='word_1_75' title='bbox 1078 1164 1373 1236; x_wconf 80' lang='lat' dir='ltr'><strong>Disciplina</strong></span> <span class='ocrx_word' id='word_1_76' title='bbox 1409 1180 1536 1220; x_wconf 90' lang='lat' dir='ltr'><strong>vero</strong></span> <span class='ocrx_word' id='word_1_77' title='bbox 1569 1163 1879 1219; x_wconf 75' lang='lat' dir='ltr'><strong>communis</strong></span> <span class='ocrx_word' id='word_1_78' title='bbox 1920 1162 2034 1215; x_wconf 65' lang='lat' dir='ltr'><strong>haec</strong></span> <span class='ocrx_word' id='word_1_79' title='bbox 2082 1160 2183 1214; x_wconf 76' lang='lat' dir='ltr'><strong>fuit</strong></span> <span class='ocrx_word' id='word_1_80' title='bbox 2235 1176 2372 1231; x_wconf 88' lang='lat' dir='ltr'><strong>pene</strong></span> 
     </span>
    </p>
   </div>
   <div class='ocr_carea' id='block_1_13' title="bbox 815 1254 2378 1327">
    <p class='ocr_par' dir='ltr' id='par_1_13' title="bbox 815 1254 2378 1327">
     <span class='ocr_line' id='line_1_13' title="bbox 815 1254 2378 1327; baseline -0.002 -17"><span class='ocrx_word' id='word_1_81' title='bbox 815 1257 1114 1313; x_wconf 89' lang='lat' dir='ltr'><strong>omnibus:</strong></span> <span class='ocrx_word' id='word_1_82' title='bbox 1165 1259 1359 1311; x_wconf 75' lang='lat' dir='ltr'><strong>anima:</strong></span> <span class='ocrx_word' id='word_1_83' title='bbox 1402 1254 1618 1327; x_wconf 88' lang='lat' dir='ltr'><strong>quidem</strong></span> <span class='ocrx_word' id='word_1_84' title='bbox 1668 1255 1996 1325; x_wconf 56' lang='lat' dir='ltr'><strong>praecipuam</strong></span> <span class='ocrx_word' id='word_1_85' title='bbox 2052 1267 2242 1307; x_wconf 86' lang='lat' dir='ltr'><strong>curam</strong></span> <span class='ocrx_word' id='word_1_86' title='bbox 2289 1267 2378 1321; x_wconf 82' lang='lat' dir='ltr'><strong>ge-</strong></span> 
     </span>
    </p>
   </div>
   <div class='ocr_carea' id='block_1_14' title="bbox 816 1343 2379 1419">
    <p class='ocr_par' dir='ltr' id='par_1_14' title="bbox 816 1343 2379 1419">
     <span class='ocr_line' id='line_1_14' title="bbox 816 1343 2379 1419; baseline -0.004 -16"><span class='ocrx_word' id='word_1_87' title='bbox 816 1364 969 1415; x_wconf 83' lang='lat' dir='ltr'><strong>rere,</strong></span> <span class='ocrx_word' id='word_1_88' title='bbox 1025 1365 1257 1419; x_wconf 83' lang='lat' dir='ltr'><strong>eamque</strong></span> <span class='ocrx_word' id='word_1_89' title='bbox 1305 1349 1372 1403; x_wconf 88' lang='lat' dir='ltr'><strong>ad</strong></span> <span class='ocrx_word' id='word_1_90' title='bbox 1423 1347 1782 1416; x_wconf 85' lang='lat' dir='ltr'><strong>relinquenda</strong></span> <span class='ocrx_word' id='word_1_91' title='bbox 1841 1345 2007 1414; x_wconf 80' lang='lat' dir='ltr'><strong>hujus</strong></span> <span class='ocrx_word' id='word_1_92' title='bbox 2062 1345 2190 1400; x_wconf 79' lang='lat' dir='ltr'><strong>vita:</strong></span> <span class='ocrx_word' id='word_1_93' title='bbox 2236 1343 2379 1398; x_wconf 86' lang='lat' dir='ltr'><strong>bona</strong></span> 
     </span>
    </p>
   </div>
   <div class='ocr_carea' id='block_1_15' title="bbox 814 1436 2379 1512">
    <p class='ocr_par' dir='ltr' id='par_1_15' title="bbox 814 1436 2379 1512">
     <span class='ocr_line' id='line_1_15' title="bbox 814 1436 2379 1512; baseline -0.002 -18"><span class='ocrx_word' id='word_1_94' title='bbox 814 1449 1126 1512; x_wconf 84' lang='lat' dir='ltr'><strong>promptam</strong></span> <span class='ocrx_word' id='word_1_95' title='bbox 1167 1456 1230 1495; x_wconf 89' lang='lat' dir='ltr'><strong>ac</strong></span> <span class='ocrx_word' id='word_1_96' title='bbox 1277 1450 1523 1511; x_wconf 81' lang='lat' dir='ltr'><strong>paratam</strong></span> <span class='ocrx_word' id='word_1_97' title='bbox 1564 1438 1825 1494; x_wconf 87' lang='lat' dir='ltr'><strong>reddere.</strong></span> <span class='ocrx_word' id='word_1_98' title='bbox 1878 1436 2084 1492; x_wconf 91' lang='lat' dir='ltr'><strong>orando</strong></span> <span class='ocrx_word' id='word_1_99' title='bbox 2130 1436 2379 1501; x_wconf 87' lang='lat' dir='ltr'><strong>scilicet,</strong></span> 
     </span>
    </p>
   </div>
   <div class='ocr_carea' id='block_1_16' title="bbox 809 1526 2381 1599">
    <p class='ocr_par' dir='ltr' id='par_1_16' title="bbox 809 1526 2381 1599">
     <span class='ocr_line' id='line_1_16' title="bbox 809 1526 2381 1599; baseline 0 -17"><span class='ocrx_word' id='word_1_100' title='bbox 809 1527 1150 1598; x_wconf 81' lang='lat' dir='ltr'><strong>jejunando,</strong></span> <span class='ocrx_word' id='word_1_101' title='bbox 1185 1541 1249 1583; x_wconf 88' lang='lat' dir='ltr'><strong>ac</strong></span> <span class='ocrx_word' id='word_1_102' title='bbox 1278 1529 1495 1583; x_wconf 89' lang='lat' dir='ltr'><strong>divinos</strong></span> <span class='ocrx_word' id='word_1_103' title='bbox 1527 1527 1761 1599; x_wconf 82' lang='lat' dir='ltr'><strong>hymnos</strong></span> <span class='ocrx_word' id='word_1_104' title='bbox 1790 1526 2038 1581; x_wconf 88' lang='lat' dir='ltr'><strong>canendo</strong></span> <span class='ocrx_word' id='word_1_105' title='bbox 2065 1542 2078 1583; x_wconf 91' lang='lat'><strong>:</strong></span> <span class='ocrx_word' id='word_1_106' title='bbox 2116 1535 2171 1581; x_wconf 88' lang='lat' dir='ltr'><strong>et</strong></span> <span class='ocrx_word' id='word_1_107' title='bbox 2204 1526 2259 1580; x_wconf 91' lang='lat' dir='ltr'><strong>in</strong></span> <span class='ocrx_word' id='word_1_108' title='bbox 2295 1526 2381 1582; x_wconf 84' lang='lat' dir='ltr'><strong>his</strong></span> 
     </span>
    </p>
   </div>
   <div class='ocr_carea' id='block_1_17' title="bbox 815 1618 2377 1689">
    <p class='ocr_par' dir='ltr' id='par_1_17' title="bbox 815 1618 2377 1689">
     <span class='ocr_line' id='line_1_17' title="bbox 815 1618 2377 1689; baseline -0.002 -16"><span class='ocrx_word' id='word_1_109' title='bbox 815 1619 1037 1689; x_wconf 87' lang='lat' dir='ltr'><strong>quidem</strong></span> <span class='ocrx_word' id='word_1_110' title='bbox 1067 1619 1232 1674; x_wconf 84' lang='lat' dir='ltr'><strong>rebus</strong></span> <span class='ocrx_word' id='word_1_111' title='bbox 1280 1621 1573 1673; x_wconf 78' lang='lat' dir='ltr'><strong>maximam</strong></span> <span class='ocrx_word' id='word_1_112' title='bbox 1616 1618 1881 1687; x_wconf 86' lang='lat' dir='ltr'><strong>temporis</strong></span> <span class='ocrx_word' id='word_1_113' title='bbox 1924 1632 2134 1688; x_wconf 87' lang='lat' dir='ltr'><strong>partem</strong></span> <span class='ocrx_word' id='word_1_114' title='bbox 2175 1632 2377 1671; x_wconf 90' lang='lat' dir='ltr'><strong>consu-</strong></span> 
     </span>
    </p>
   </div>
   <div class='ocr_carea' id='block_1_18' title="bbox 820 1707 2382 1780">
    <p class='ocr_par' dir='ltr' id='par_1_18' title="bbox 820 1707 2382 1780">
     <span class='ocr_line' id='line_1_18' title="bbox 820 1707 2382 1780; baseline -0.001 -19"><span class='ocrx_word' id='word_1_115' title='bbox 820 1725 991 1775; x_wconf 89' lang='lat' dir='ltr'><strong>mere,</strong></span> <span class='ocrx_word' id='word_1_116' title='bbox 1027 1712 1317 1780; x_wconf 88' lang='lat' dir='ltr'><strong>pecuniam</strong></span> <span class='ocrx_word' id='word_1_117' title='bbox 1349 1726 1480 1766; x_wconf 90' lang='lat' dir='ltr'><strong>vero</strong></span> <span class='ocrx_word' id='word_1_118' title='bbox 1508 1719 1563 1765; x_wconf 89' lang='lat' dir='ltr'><strong>et</strong></span> <span class='ocrx_word' id='word_1_119' title='bbox 1607 1724 1796 1763; x_wconf 80' lang='lat' dir='ltr'><strong>curam</strong></span> <span class='ocrx_word' id='word_1_120' title='bbox 1843 1709 2087 1763; x_wconf 90' lang='lat' dir='ltr'><strong>civilium</strong></span> <span class='ocrx_word' id='word_1_121' title='bbox 2135 1707 2382 1779; x_wconf 75' lang='lat' dir='ltr'><strong>negotio-</strong></span> 
     </span>
    </p>
   </div>
   <div class='ocr_carea' id='block_1_19' title="bbox 817 1799 2383 1870">
    <p class='ocr_par' dir='ltr' id='par_1_19' title="bbox 817 1799 2383 1870">
     <span class='ocr_line' id='line_1_19' title="bbox 817 1799 2383 1870; baseline -0.001 -17"><span class='ocrx_word' id='word_1_122' title='bbox 817 1814 976 1865; x_wconf 86' lang='lat' dir='ltr'><strong>rum,</strong></span> <span class='ocrx_word' id='word_1_123' title='bbox 1031 1801 1282 1870; x_wconf 90' lang='lat' dir='ltr'><strong>corporis</strong></span> <span class='ocrx_word' id='word_1_124' title='bbox 1336 1800 1467 1855; x_wconf 89' lang='lat' dir='ltr'><strong>item</strong></span> <span class='ocrx_word' id='word_1_125' title='bbox 1522 1800 1801 1855; x_wconf 82' lang='lat' dir='ltr'><strong>mollitiem</strong></span> <span class='ocrx_word' id='word_1_126' title='bbox 1839 1809 1893 1854; x_wconf 92' lang='lat' dir='ltr'><strong>et</strong></span> <span class='ocrx_word' id='word_1_127' title='bbox 1954 1799 2162 1854; x_wconf 89' lang='lat' dir='ltr'><strong>cultum</strong></span> <span class='ocrx_word' id='word_1_128' title='bbox 2224 1813 2383 1869; x_wconf 64' lang='lat' dir='ltr'><strong>pror~</strong></span> 
     </span>
    </p>
   </div>
   <div class='ocr_carea' id='block_1_20' title="bbox 2478 614 4058 689">
    <p class='ocr_par' dir='ltr' id='par_1_20' title="bbox 2478 614 4058 689">
     <span class='ocr_line' id='line_1_20' title="bbox 2478 614 4058 689; baseline -0.001 -17"><span class='ocrx_word' id='word_1_129' title='bbox 2478 615 2791 689; x_wconf 75' lang='grc' dir='ltr'>τονηθέντες</span> <span class='ocrx_word' id='word_1_130' title='bbox 2826 617 2884 670; x_wconf 77' lang='grc' dir='ltr'>ἐν</span> <span class='ocrx_word' id='word_1_131' title='bbox 2910 616 3022 680; x_wconf 74' lang='grc' dir='ltr'>τοῖς</span> <span class='ocrx_word' id='word_1_132' title='bbox 3050 615 3199 681; x_wconf 90' lang='grc' dir='ltr'>ίδίοις</span> <span class='ocrx_word' id='word_1_133' title='bbox 3234 615 3616 689; x_wconf 83' lang='grc' dir='ltr'>μοναστηρίοις</span> <span class='ocrx_word' id='word_1_134' title='bbox 3643 615 3703 670; x_wconf 84' lang='grc' dir='ltr'><strong>δν</strong></span> <span class='ocrx_word' id='word_1_135' title='bbox 3729 614 3930 687; x_wconf 78' lang='grc' dir='ltr'>τρόπον</span> <span class='ocrx_word' id='word_1_136' title='bbox 3956 616 4058 671; x_wconf 81' lang='grc' dir='ltr'>καὶ</span> 
     </span>
    </p>
   </div>
   <div class='ocr_carea' id='block_1_21' title="bbox 2481 704 4055 777">
    <p class='ocr_par' dir='ltr' id='par_1_21' title="bbox 2481 704 4055 777">
     <span class='ocr_line' id='line_1_21' title="bbox 2481 704 4055 777; baseline -0.003 -16"><span class='ocrx_word' id='word_1_137' title='bbox 2481 704 2726 777; x_wconf 73' lang='grc' dir='ltr'>Λάζαρος</span> <span class='ocrx_word' id='word_1_138' title='bbox 2757 709 2785 760; x_wconf 91' lang='grc' dir='ltr'><strong>ό</strong></span> <span class='ocrx_word' id='word_1_139' title='bbox 2808 704 3087 777; x_wconf 80' lang='grc' dir='ltr'>δηλωθείς.</span> <span class='ocrx_word' id='word_1_140' title='bbox 3124 706 3245 760; x_wconf 74' lang='grc' dir='ltr'>Οἵδε</span> <span class='ocrx_word' id='word_1_141' title='bbox 3281 705 3379 776; x_wconf 74' lang='grc' dir='ltr'>μὶν</span> <span class='ocrx_word' id='word_1_142' title='bbox 3408 705 3517 760; x_wconf 87' lang='grc' dir='ltr'><strong>τῶν</strong></span> <span class='ocrx_word' id='word_1_143' title='bbox 3544 706 3664 761; x_wconf 79' lang='grc' dir='ltr'>τότε</span> <span class='ocrx_word' id='word_1_144' title='bbox 3697 705 4055 777; x_wconf 72' lang='grc' dir='ltr'>φιλοσοφούν-</span> 
     </span>
    </p>
   </div>
   <div class='ocr_carea' id='block_1_22' title="bbox 2479 796 4057 869">
    <p class='ocr_par' dir='ltr' id='par_1_22' title="bbox 2479 796 4057 869">
     <span class='ocr_line' id='line_1_22' title="bbox 2479 796 4057 869; baseline 0.002 -19"><span class='ocrx_word' id='word_1_145' title='bbox 2479 814 2589 851; x_wconf 84' lang='grc' dir='ltr'><strong>των</strong></span> <span class='ocrx_word' id='word_1_146' title='bbox 2628 797 2930 869; x_wconf 64' lang='grc' dir='ltr'>ἐπισήμως,</span> <span class='ocrx_word' id='word_1_147' title='bbox 2974 796 3078 853; x_wconf 87' lang='grc' dir='ltr'><strong>ἀνά</strong></span> <span class='ocrx_word' id='word_1_148' title='bbox 3121 813 3181 851; x_wconf 80' lang='grc' dir='ltr'><strong>τε</strong></span> <span class='ocrx_word' id='word_1_149' title='bbox 3212 797 3415 867; x_wconf 80' lang='grc' dir='ltr'><strong>Σύρους</strong></span> <span class='ocrx_word' id='word_1_150' title='bbox 3459 798 3553 851; x_wconf 72' lang='grc' dir='ltr'>καὶ</span> <span class='ocrx_word' id='word_1_151' title='bbox 3582 797 3797 869; x_wconf 76' lang='grc' dir='ltr'>Περσας</span> <span class='ocrx_word' id='word_1_152' title='bbox 3833 799 3959 861; x_wconf 63' lang='grc' dir='ltr'>τοὺς</span> <span class='ocrx_word' id='word_1_153' title='bbox 3987 799 4057 853; x_wconf 74' lang='lat' dir='ltr'><strong>iis</strong></span> 
     </span>
    </p>
   </div>
   <div class='ocr_carea' id='block_1_23' title="bbox 2482 882 4056 958">
    <p class='ocr_par' dir='ltr' id='par_1_23' title="bbox 2482 882 4056 958">
     <span class='ocr_line' id='line_1_23' title="bbox 2482 882 4056 958; baseline 0.002 -19"><span class='ocrx_word' id='word_1_154' title='bbox 2482 885 2738 949; x_wconf 79' lang='grc' dir='ltr'>γειτόνων</span> <span class='ocrx_word' id='word_1_155' title='bbox 2768 887 2972 949; x_wconf 80' lang='grc' dir='ltr'>αὐτοῖς,</span> <span class='ocrx_word' id='word_1_156' title='bbox 3006 887 3087 951; x_wconf 81' lang='grc' dir='ltr'><strong>εἰς</strong></span> <span class='ocrx_word' id='word_1_157' title='bbox 3119 885 3320 954; x_wconf 85' lang='grc' dir='ltr'>γνῶσιν</span> <span class='ocrx_word' id='word_1_158' title='bbox 3348 886 3487 957; x_wconf 66' lang='grc' dir='ltr'>ἐμὴν</span> <span class='ocrx_word' id='word_1_159' title='bbox 3508 882 3693 958; x_wconf 81' lang='grc' dir='ltr'>ἦλθον.</span> <span class='ocrx_word' id='word_1_160' title='bbox 3716 888 3969 943; x_wconf 72' lang='grc' dir='ltr'><strong>Πολιτεία</strong></span> <span class='ocrx_word' id='word_1_161' title='bbox 3993 887 4056 942; x_wconf 69' lang='grc' dir='ltr'>δὶ</span> 
     </span>
    </p>
   </div>
   <div class='ocr_carea' id='block_1_24' title="bbox 2483 973 4056 1049">
    <p class='ocr_par' dir='ltr' id='par_1_24' title="bbox 2483 973 4056 1049">
     <span class='ocr_line' id='line_1_24' title="bbox 2483 973 4056 1049; baseline 0.002 -19"><span class='ocrx_word' id='word_1_162' title='bbox 2483 976 2635 1047; x_wconf 84' lang='grc' dir='ltr'>κοινὴ</span> <span class='ocrx_word' id='word_1_163' title='bbox 2663 977 2849 1035; x_wconf 76' lang='grc' dir='ltr'>πᾶσιν.</span> <span class='ocrx_word' id='word_1_164' title='bbox 2878 979 2951 1035; x_wconf 75' lang='grc' dir='ltr'>ὡς</span> <span class='ocrx_word' id='word_1_165' title='bbox 2982 979 3175 1042; x_wconf 81' lang='grc' dir='ltr'>είπεϊν,</span> <span class='ocrx_word' id='word_1_166' title='bbox 3197 973 3266 1049; x_wconf 77' lang='grc' dir='ltr'>ἦν</span> <span class='ocrx_word' id='word_1_167' title='bbox 3294 994 3309 1008; x_wconf 75' lang='grc' dir='ltr'><strong><em>ο</em></strong></span> <span class='ocrx_word' id='word_1_168' title='bbox 3343 978 3519 1049; x_wconf 76' lang='grc' dir='ltr'>ψυχῆς</span> <span class='ocrx_word' id='word_1_169' title='bbox 3553 978 3670 1049; x_wconf 76' lang='grc' dir='ltr'>μὲν.</span> <span class='ocrx_word' id='word_1_170' title='bbox 3703 979 3783 1032; x_wconf 83' lang='grc' dir='ltr'>ὅτι</span> <span class='ocrx_word' id='word_1_171' title='bbox 3818 979 4056 1048; x_wconf 71' lang='grc' dir='ltr'>μάλιστα</span> 
     </span>
    </p>
   </div>
   <div class='ocr_carea' id='block_1_25' title="bbox 2485 1068 4059 1142">
    <p class='ocr_par' dir='ltr' id='par_1_25' title="bbox 2485 1068 4059 1142">
     <span class='ocr_line' id='line_1_25' title="bbox 2485 1068 4059 1142; baseline 0.002 -22"><span class='ocrx_word' id='word_1_172' title='bbox 2485 1068 2878 1140; x_wconf 65' lang='grc' dir='ltr'>ἐπιμελεῖσθαι,</span> <span class='ocrx_word' id='word_1_173' title='bbox 2930 1069 3022 1122; x_wconf 72' lang='grc' dir='ltr'>καὶ</span> <span class='ocrx_word' id='word_1_174' title='bbox 3060 1071 3274 1140; x_wconf 69' lang='grc' dir='ltr'>ἕτοιμον</span> <span class='ocrx_word' id='word_1_175' title='bbox 3309 1069 3508 1135; x_wconf 67' lang='grc' dir='ltr'>ἐθίζειν</span> <span class='ocrx_word' id='word_1_176' title='bbox 3555 1070 3691 1142; x_wconf 72' lang='grc' dir='ltr'>πρὸς</span> <span class='ocrx_word' id='word_1_177' title='bbox 3733 1071 4059 1141; x_wconf 72' lang='grc' dir='ltr'>ἀπαλλαγὴν</span> 
     </span>
    </p>
   </div>
   <div class='ocr_carea' id='block_1_26' title="bbox 2483 1160 4061 1235">
    <p class='ocr_par' dir='ltr' id='par_1_26' title="bbox 2483 1160 4061 1235">
     <span class='ocr_line' id='line_1_26' title="bbox 2483 1160 4061 1235; baseline 0.004 -23"><span class='ocrx_word' id='word_1_178' title='bbox 2483 1160 2591 1214; x_wconf 85' lang='grc' dir='ltr'>τῶν</span> <span class='ocrx_word' id='word_1_179' title='bbox 2626 1161 2812 1215; x_wconf 77' lang='grc' dir='ltr'>ἐνθάδε</span> <span class='ocrx_word' id='word_1_180' title='bbox 2838 1179 2851 1193; x_wconf 89' lang='grc'>·</span> <span class='ocrx_word' id='word_1_181' title='bbox 2898 1162 2955 1214; x_wconf 78' lang='grc' dir='ltr'>ὲν</span> <span class='ocrx_word' id='word_1_182' title='bbox 3005 1162 3189 1233; x_wconf 74' lang='grc' dir='ltr'>εὐχαῖς</span> <span class='ocrx_word' id='word_1_183' title='bbox 3216 1180 3277 1217; x_wconf 88' lang='grc' dir='ltr'><strong>τε</strong></span> <span class='ocrx_word' id='word_1_184' title='bbox 3306 1164 3402 1217; x_wconf 76' lang='grc' dir='ltr'>καὶ</span> <span class='ocrx_word' id='word_1_185' title='bbox 3434 1164 3739 1235; x_wconf 77' lang='grc' dir='ltr'><strong>νηστείαις,</strong></span> <span class='ocrx_word' id='word_1_186' title='bbox 3772 1165 3867 1218; x_wconf 70' lang='grc' dir='ltr'><strong>καὶ</strong></span> <span class='ocrx_word' id='word_1_187' title='bbox 3890 1164 4061 1227; x_wconf 68' lang='grc' dir='ltr'>ϐοείοις</span> 
     </span>
    </p>
   </div>
   <div class='ocr_carea' id='block_1_27' title="bbox 2486 1248 4054 1323">
    <p class='ocr_par' dir='ltr' id='par_1_27' title="bbox 2486 1248 4054 1323">
     <span class='ocr_line' id='line_1_27' title="bbox 2486 1248 4054 1323; baseline 0.002 -21"><span class='ocrx_word' id='word_1_188' title='bbox 2486 1248 2675 1320; x_wconf 78' lang='grc' dir='ltr'><strong>ὕμνοις</strong></span> <span class='ocrx_word' id='word_1_189' title='bbox 2699 1266 2712 1279; x_wconf 82' lang='grc'><em>’</em></span> <span class='ocrx_word' id='word_1_190' title='bbox 2760 1250 2856 1304; x_wconf 70' lang='grc' dir='ltr'>καὶ</span> <span class='ocrx_word' id='word_1_191' title='bbox 2892 1251 3020 1320; x_wconf 69' lang='grc' dir='ltr'>περὶ</span> <span class='ocrx_word' id='word_1_192' title='bbox 3045 1251 3217 1306; x_wconf 80' lang='grc' dir='ltr'>ταῦτα</span> <span class='ocrx_word' id='word_1_193' title='bbox 3244 1262 3335 1305; x_wconf 84' lang='grc' dir='ltr'><strong>τον</strong></span> <span class='ocrx_word' id='word_1_194' title='bbox 3364 1252 3534 1307; x_wconf 67' lang='grc' dir='ltr'>πολὺν</span> <span class='ocrx_word' id='word_1_195' title='bbox 3566 1253 3879 1308; x_wconf 74' lang='grc' dir='ltr'><strong>ἀναλίσκειν</strong></span> <span class='ocrx_word' id='word_1_196' title='bbox 3907 1254 4054 1323; x_wconf 73' lang='grc' dir='ltr'>βίον·</span> 
     </span>
    </p>
   </div>
   <div class='ocr_carea' id='block_1_28' title="bbox 2486 1342 4063 1417">
    <p class='ocr_par' dir='ltr' id='par_1_28' title="bbox 2486 1342 4063 1417">
     <span class='ocr_line' id='line_1_28' title="bbox 2486 1342 4063 1417; baseline -0.008 -6"><span class='ocrx_word' id='word_1_197' title='bbox 2486 1342 2780 1414; x_wconf 76' lang='grc' dir='ltr'>χρημάτων</span> <span class='ocrx_word' id='word_1_198' title='bbox 2818 1343 2875 1396; x_wconf 66' lang='grc' dir='ltr'>δὲ</span> <span class='ocrx_word' id='word_1_199' title='bbox 2900 1344 2992 1406; x_wconf 67' lang='grc' dir='ltr'><strong>κεῖ-ἱ</strong></span> <span class='ocrx_word' id='word_1_200' title='bbox 3022 1344 3118 1414; x_wconf 77' lang='grc' dir='ltr'><strong>τῆς</strong></span> <span class='ocrx_word' id='word_1_201' title='bbox 3165 1343 3291 1416; x_wconf 66' lang='grc' dir='ltr'>περὶ</span> <span class='ocrx_word' id='word_1_202' title='bbox 3336 1345 3408 1398; x_wconf 81' lang='grc' dir='ltr'>τὰ</span> <span class='ocrx_word' id='word_1_203' title='bbox 3456 1344 3709 1399; x_wconf 87' lang='grc' dir='ltr'>πολιτικά</span> <span class='ocrx_word' id='word_1_204' title='bbox 3754 1346 4063 1417; x_wconf 79' lang='grc' dir='ltr'>πράγματα</span> 
     </span>
    </p>
   </div>
   <div class='ocr_carea' id='block_1_29' title="bbox 2486 1432 4062 1507">
    <p class='ocr_par' dir='ltr' id='par_1_29' title="bbox 2486 1432 4062 1507">
     <span class='ocr_line' id='line_1_29' title="bbox 2486 1432 4062 1507; baseline -0.001 -18"><span class='ocrx_word' id='word_1_205' title='bbox 2486 1434 2759 1505; x_wconf 84' lang='grc' dir='ltr'>ἀσχολίας,</span> <span class='ocrx_word' id='word_1_206' title='bbox 2793 1432 3044 1504; x_wconf 87' lang='grc' dir='ltr'>σώματός</span> <span class='ocrx_word' id='word_1_207' title='bbox 3077 1452 3136 1487; x_wconf 83' lang='grc' dir='ltr'><strong>τε</strong></span> <span class='ocrx_word' id='word_1_208' title='bbox 3179 1435 3478 1506; x_wconf 74' lang='grc' dir='ltr'><strong>ῥᾳστώνης,</strong></span> <span class='ocrx_word' id='word_1_209' title='bbox 3510 1434 3543 1505; x_wconf 82' lang='grc' dir='ltr'>ἢ</span> <span class='ocrx_word' id='word_1_210' title='bbox 3571 1434 3885 1507; x_wconf 69' lang='grc' dir='ltr'><strong>ἐπιμελείας</strong></span> <span class='ocrx_word' id='word_1_211' title='bbox 3920 1452 4062 1488; x_wconf 76' lang='grc' dir='ltr'>παν-</span> 
     </span>
    </p>
   </div>
   <div class='ocr_carea' id='block_1_30' title="bbox 2486 1527 4062 1600">
    <p class='ocr_par' dir='ltr' id='par_1_30' title="bbox 2486 1527 4062 1600">
     <span class='ocr_line' id='line_1_30' title="bbox 2486 1527 4062 1600; baseline 0 -18"><span class='ocrx_word' id='word_1_212' title='bbox 2486 1527 2654 1591; x_wconf 83' lang='grc' dir='ltr'>τελῶς</span> <span class='ocrx_word' id='word_1_213' title='bbox 2700 1527 2940 1599; x_wconf 82' lang='grc' dir='ltr'>ἀμελεῖν.</span> <span class='ocrx_word' id='word_1_214' title='bbox 3006 1527 3175 1582; x_wconf 83' lang='grc' dir='ltr'>Ἔνιοι</span> <span class='ocrx_word' id='word_1_215' title='bbox 3214 1527 3271 1582; x_wconf 75' lang='grc' dir='ltr'>δὲ</span> <span class='ocrx_word' id='word_1_216' title='bbox 3322 1529 3414 1581; x_wconf 77' lang='grc' dir='ltr'><strong>ἐπὶ</strong></span> <span class='ocrx_word' id='word_1_217' title='bbox 3457 1527 3711 1582; x_wconf 81' lang='grc' dir='ltr'>τοσοῦτον</span> <span class='ocrx_word' id='word_1_218' title='bbox 3733 1528 4062 1600; x_wconf 73' lang='grc' dir='ltr'>ἐγκρατείας</span> 
     </span>
    </p>
   </div>
   <div class='ocr_carea' id='block_1_31' title="bbox 2487 1617 4060 1695">
    <p class='ocr_par' dir='ltr' id='par_1_31' title="bbox 2487 1617 4060 1695">
     <span class='ocr_line' id='line_1_31' title="bbox 2487 1617 4060 1695; baseline 0.027 -36"><span class='ocrx_word' id='word_1_219' title='bbox 2487 1617 2686 1692; x_wconf 72' lang='grc' dir='ltr'>ἦλθον,</span> <span class='ocrx_word' id='word_1_220' title='bbox 2737 1620 2813 1685; x_wconf 85' lang='grc' dir='ltr'><strong>ὡς</strong></span> <span class='ocrx_word' id='word_1_221' title='bbox 2856 1618 3121 1674; x_wconf 75' lang='grc' dir='ltr'>Βατοαίου</span> <span class='ocrx_word' id='word_1_222' title='bbox 3174 1620 3275 1691; x_wconf 82' lang='grc' dir='ltr'>μὲν</span> <span class='ocrx_word' id='word_1_223' title='bbox 3318 1620 3422 1674; x_wconf 77' lang='grc' dir='ltr'><strong>ὑπὸ</strong></span> <span class='ocrx_word' id='word_1_224' title='bbox 3483 1622 3583 1695; x_wconf 84' lang='grc' dir='ltr'>τῆς</span> <span class='ocrx_word' id='word_1_225' title='bbox 3631 1621 3772 1690; x_wconf 62' lang='grc' dir='ltr'><strong>ἄταν</strong></span> <span class='ocrx_word' id='word_1_226' title='bbox 3820 1622 4060 1685; x_wconf 64' lang='grc' dir='ltr'><strong>ἀδιτί³ς’</strong></span> 
     </span>
    </p>
   </div>
   <div class='ocr_carea' id='block_1_32' title="bbox 2490 1709 4065 1784">
    <p class='ocr_par' dir='ltr' id='par_1_32' title="bbox 2490 1709 4065 1784">
     <span class='ocr_line' id='line_1_32' title="bbox 2490 1709 4065 1784; baseline 0.001 -21"><span class='ocrx_word' id='word_1_227' title='bbox 2490 1709 2772 1783; x_wconf 82' lang='grc' dir='ltr'><strong>σκώληκας</strong></span> <span class='ocrx_word' id='word_1_228' title='bbox 2823 1714 2887 1767; x_wconf 71' lang='grc' dir='ltr'>ἐκ</span> <span class='ocrx_word' id='word_1_229' title='bbox 2937 1714 3044 1767; x_wconf 78' lang='grc' dir='ltr'>τῶν</span> <span class='ocrx_word' id='word_1_230' title='bbox 3085 1712 3312 1767; x_wconf 80' lang='grc' dir='ltr'><strong>ὀδόντων</strong></span> <span class='ocrx_word' id='word_1_231' title='bbox 3360 1711 3570 1784; x_wconf 69' lang='grc' dir='ltr'>ἕρπεινο</span> <span class='ocrx_word' id='word_1_232' title='bbox 3645 1710 3808 1765; x_wconf 74' lang='grc' dir='ltr'>’Ᾱλᾶν</span> <span class='ocrx_word' id='word_1_233' title='bbox 3857 1713 3912 1765; x_wconf 76' lang='grc' dir='ltr'>δὲ</span> <span class='ocrx_word' id='word_1_234' title='bbox 3962 1713 4065 1765; x_wconf 75' lang='grc' dir='ltr'><strong>ἐπὶ</strong></span> 
     </span>
    </p>
   </div>
   <div class='ocr_carea' id='block_1_33' title="bbox 2488 1802 4065 1875">
    <p class='ocr_par' dir='ltr' id='par_1_33' title="bbox 2488 1802 4065 1875">
     <span class='ocr_line' id='line_1_33' title="bbox 2488 1802 4065 1875; baseline 0.001 -20"><span class='ocrx_word' id='word_1_235' title='bbox 2488 1803 2812 1873; x_wconf 77' lang='grc' dir='ltr'>ὀγδοήκοντα</span> <span class='ocrx_word' id='word_1_236' title='bbox 2856 1805 3152 1868; x_wconf 74' lang='grc' dir='ltr'>ἐνιαυτοὺς,</span> <span class='ocrx_word' id='word_1_237' title='bbox 3188 1805 3352 1875; x_wconf 78' lang='grc' dir='ltr'>ἄρτου</span> <span class='ocrx_word' id='word_1_238' title='bbox 3381 1803 3457 1875; x_wconf 78' lang='grc' dir='ltr'>μὴ</span> <span class='ocrx_word' id='word_1_239' title='bbox 3487 1802 3815 1872; x_wconf 80' lang='grc' dir='ltr'>γεύσασθαι-</span> <span class='ocrx_word' id='word_1_240' title='bbox 3877 1804 3967 1858; x_wconf 78' lang='grc' dir='ltr'>τὸν</span> <span class='ocrx_word' id='word_1_241' title='bbox 4001 1802 4065 1856; x_wconf 65' lang='grc' dir='ltr'>δὲ</span> 
     </span>
    </p>
   </div>
   <div class='ocr_carea' id='block_1_34' title="bbox 818 1887 2576 1970">
    <p class='ocr_par' dir='ltr' id='par_1_34' title="bbox 818 1887 2576 1970">
     <span class='ocr_line' id='line_1_34' title="bbox 818 1887 2576 1970; baseline 0.001 -25"><span class='ocrx_word' id='word_1_242' title='bbox 818 1904 918 1945; x_wconf 84' lang='lat' dir='ltr'><strong>sus</strong></span> <span class='ocrx_word' id='word_1_243' title='bbox 967 1898 1339 1946; x_wconf 81' lang='lat' dir='ltr'><strong>contemnere.</strong></span> <span class='ocrx_word' id='word_1_244' title='bbox 1395 1891 1498 1945; x_wconf 80' lang='lat' dir='ltr'><strong>Alii</strong></span> <span class='ocrx_word' id='word_1_245' title='bbox 1546 1906 1676 1945; x_wconf 89' lang='lat' dir='ltr'><strong>vero</strong></span> <span class='ocrx_word' id='word_1_246' title='bbox 1722 1887 1787 1944; x_wconf 75' lang='lat' dir='ltr'><strong>ad</strong></span> <span class='ocrx_word' id='word_1_247' title='bbox 1843 1898 2047 1943; x_wconf 88' lang='lat' dir='ltr'><strong>tantam</strong></span> <span class='ocrx_word' id='word_1_248' title='bbox 2107 1888 2382 1960; x_wconf 78' lang='lat' dir='ltr'><strong>progressi</strong></span> <span class='ocrx_word' id='word_1_249' title='bbox 2418 1916 2461 1970; x_wconf 76' lang='grc' dir='ltr'><strong>Β</strong></span> <span class='ocrx_word' id='word_1_250' title='bbox 2502 1894 2576 1948; x_wconf 76' lang='grc' dir='ltr'><strong>Ἦ]</strong></span> 
     </span>
    </p>
   </div>
   <div class='ocr_carea' id='block_1_35' title="bbox 2300 1887 4058 1970">
    <p class='ocr_par' dir='ltr' id='par_1_35' title="bbox 2300 1888 4058 1970">
     <span class='ocr_line' id='line_1_35' title="bbox 2300 1888 4058 1970; baseline 0 -25"><span class='ocrx_word' id='word_1_251' title='bbox 2300 1888 2382 1945; x_wconf 73' lang='grc' dir='ltr'><strong>τεεί</strong></span> <span class='ocrx_word' id='word_1_252' title='bbox 2418 1916 2461 1970; x_wconf 77' lang='grc' dir='ltr'><strong>Β</strong></span> <span class='ocrx_word' id='word_1_253' title='bbox 2502 1894 2817 1965; x_wconf 83' lang='grc' dir='ltr'>Ἦλιόδωρον</span> <span class='ocrx_word' id='word_1_254' title='bbox 2859 1895 3097 1958; x_wconf 75' lang='grc' dir='ltr'>ἀΰπνους</span> <span class='ocrx_word' id='word_1_255' title='bbox 3139 1893 3236 1959; x_wconf 63' lang='grc' dir='ltr'><strong>τὰς</strong></span> <span class='ocrx_word' id='word_1_256' title='bbox 3271 1892 3473 1957; x_wconf 80' lang='grc' dir='ltr'>πολλάς</span> <span class='ocrx_word' id='word_1_257' title='bbox 3504 1892 3929 1964; x_wconf 75' lang='grc' dir='ltr'><strong>διακαρτερῆσαι</strong></span> <span class='ocrx_word' id='word_1_258' title='bbox 3958 1892 4058 1945; x_wconf 81' lang='grc' dir='ltr'>νύ-</span> 
     </span>
    </p>
   </div>
   <div class='ocr_carea' id='block_1_36' title="bbox 819 1979 2387 2051">
    <p class='ocr_par' dir='ltr' id='par_1_36' title="bbox 819 1979 2387 2051">
     <span class='ocr_line' id='line_1_36' title="bbox 819 1979 2387 2051; baseline -0.001 -16"><span class='ocrx_word' id='word_1_259' title='bbox 819 1990 949 2035; x_wconf 86' lang='lat' dir='ltr'><strong>sunt</strong></span> <span class='ocrx_word' id='word_1_260' title='bbox 974 1982 1360 2037; x_wconf 79' lang='lat' dir='ltr'><strong>abstinentiam</strong></span> <span class='ocrx_word' id='word_1_261' title='bbox 1383 2021 1398 2046; x_wconf 95' lang='lat'><strong>,</strong></span> <span class='ocrx_word' id='word_1_262' title='bbox 1432 1988 1490 2036; x_wconf 87' lang='lat' dir='ltr'><strong>ut</strong></span> <span class='ocrx_word' id='word_1_263' title='bbox 1521 1981 1764 2036; x_wconf 72' lang='lat' dir='ltr'><strong>Batthaw</strong></span> <span class='ocrx_word' id='word_1_264' title='bbox 1792 1980 2010 2051; x_wconf 83' lang='lat' dir='ltr'><strong>quidem</strong></span> <span class='ocrx_word' id='word_1_265' title='bbox 2053 1979 2123 2034; x_wconf 92' lang='lat' dir='ltr'><strong>ob</strong></span> <span class='ocrx_word' id='word_1_266' title='bbox 2160 1980 2387 2034; x_wconf 83' lang='lat' dir='ltr'><strong>nimiam</strong></span> 
     </span>
    </p>
   </div>
   <div class='ocr_carea' id='block_1_37' title="bbox 820 2073 2389 2140">
    <p class='ocr_par' dir='ltr' id='par_1_37' title="bbox 820 2073 2389 2140">
     <span class='ocr_line' id='line_1_37' title="bbox 820 2073 2389 2140; baseline 0.001 -16"><span class='ocrx_word' id='word_1_267' title='bbox 820 2073 1056 2127; x_wconf 88' lang='lat' dir='ltr'><strong>inediam</strong></span> <span class='ocrx_word' id='word_1_268' title='bbox 1090 2089 1297 2129; x_wconf 70' lang='lat' dir='ltr'><strong>vermes</strong></span> <span class='ocrx_word' id='word_1_269' title='bbox 1328 2088 1394 2130; x_wconf 76' lang='lat' dir='ltr'><strong>ex</strong></span> <span class='ocrx_word' id='word_1_270' title='bbox 1425 2074 1679 2131; x_wconf 82' lang='lat' dir='ltr'><strong>dentibus</strong></span> <span class='ocrx_word' id='word_1_271' title='bbox 1713 2075 1860 2130; x_wconf 88' lang='lat' dir='ltr'><strong>enati</strong></span> <span class='ocrx_word' id='word_1_272' title='bbox 1896 2075 2005 2130; x_wconf 91' lang='lat' dir='ltr'><strong>sint</strong></span> <span class='ocrx_word' id='word_1_273' title='bbox 2033 2091 2048 2140; x_wconf 89' lang='lat'><strong>;</strong></span> <span class='ocrx_word' id='word_1_274' title='bbox 2097 2074 2227 2127; x_wconf 79' lang='lat' dir='ltr'><strong>Alas</strong></span> <span class='ocrx_word' id='word_1_275' title='bbox 2259 2087 2389 2128; x_wconf 88' lang='lat' dir='ltr'><strong>vero</strong></span> 
     </span>
    </p>
   </div>
   <div class='ocr_carea' id='block_1_38' title="bbox 820 2163 2383 2249">
    <p class='ocr_par' dir='ltr' id='par_1_38' title="bbox 820 2163 2383 2249">
     <span class='ocr_line' id='line_1_38' title="bbox 820 2163 2383 2249; baseline 0.001 -33"><span class='ocrx_word' id='word_1_276' title='bbox 820 2164 888 2217; x_wconf 86' lang='lat' dir='ltr'><strong>ad</strong></span> <span class='ocrx_word' id='word_1_277' title='bbox 923 2178 1099 2220; x_wconf 88' lang='lat' dir='ltr'><strong>annos</strong></span> <span class='ocrx_word' id='word_1_278' title='bbox 1132 2180 1303 2235; x_wconf 90' lang='lat' dir='ltr'><strong>usque</strong></span> <span class='ocrx_word' id='word_1_279' title='bbox 1343 2166 1623 2235; x_wconf 78' lang='lat' dir='ltr'><strong>octoginta</strong></span> <span class='ocrx_word' id='word_1_280' title='bbox 1670 2181 1861 2235; x_wconf 77' lang='lat' dir='ltr'><strong>ponent</strong></span> <span class='ocrx_word' id='word_1_281' title='bbox 1897 2180 2005 2219; x_wconf 92' lang='lat' dir='ltr'><strong>non</strong></span> <span class='ocrx_word' id='word_1_282' title='bbox 2048 2163 2383 2249; x_wconf 63' lang='lat' dir='ltr'><strong>comederit;</strong></span> 
     </span>
    </p>
   </div>
   <div class='ocr_carea' id='block_1_39' title="bbox 822 2254 2386 2311">
    <p class='ocr_par' dir='ltr' id='par_1_39' title="bbox 822 2254 2386 2311">
     <span class='ocr_line' id='line_1_39' title="bbox 822 2254 2386 2311; baseline 0.001 -4"><span class='ocrx_word' id='word_1_283' title='bbox 822 2254 1152 2310; x_wconf 80' lang='lat' dir='ltr'><strong>Heliodorus</strong></span> <span class='ocrx_word' id='word_1_284' title='bbox 1200 2263 1381 2311; x_wconf 88' lang='lat' dir='ltr'><strong>autem</strong></span> <span class='ocrx_word' id='word_1_285' title='bbox 1419 2257 1619 2311; x_wconf 86' lang='lat' dir='ltr'><strong>multas</strong></span> <span class='ocrx_word' id='word_1_286' title='bbox 1654 2264 1845 2311; x_wconf 87' lang='lat' dir='ltr'><strong>noctes</strong></span> <span class='ocrx_word' id='word_1_287' title='bbox 1880 2256 2162 2311; x_wconf 78' lang='lat' dir='ltr'><strong>insomnes</strong></span> <span class='ocrx_word' id='word_1_288' title='bbox 2202 2262 2386 2310; x_wconf 87' lang='lat' dir='ltr'><strong>trans-</strong></span> 
     </span>
    </p>
   </div>
   <div class='ocr_carea' id='block_1_40' title="bbox 819 2346 2388 2418">
    <p class='ocr_par' dir='ltr' id='par_1_40' title="bbox 819 2346 2388 2418">
     <span class='ocr_line' id='line_1_40' title="bbox 819 2346 2388 2418; baseline 0.001 -19"><span class='ocrx_word' id='word_1_289' title='bbox 819 2348 995 2418; x_wconf 71' lang='lat' dir='ltr'><strong>egerit</strong></span> <span class='ocrx_word' id='word_1_290' title='bbox 1014 2386 1030 2409; x_wconf 87' lang='lat'><strong>.</strong></span> <span class='ocrx_word' id='word_1_291' title='bbox 1059 2358 1319 2416; x_wconf 87' lang='lat' dir='ltr'><strong>septenos</strong></span> <span class='ocrx_word' id='word_1_292' title='bbox 1343 2346 1462 2403; x_wconf 89' lang='lat' dir='ltr'><strong>dies</strong></span> <span class='ocrx_word' id='word_1_293' title='bbox 1483 2349 1779 2403; x_wconf 79' lang='lat' dir='ltr'><strong>continuos</strong></span> <span class='ocrx_word' id='word_1_294' title='bbox 1802 2349 1853 2401; x_wconf 90' lang='lat' dir='ltr'><strong>in</strong></span> <span class='ocrx_word' id='word_1_295' title='bbox 1876 2347 2106 2417; x_wconf 78' lang='lat' dir='ltr'><strong>jejuuiis</strong></span> <span class='ocrx_word' id='word_1_296' title='bbox 2134 2363 2388 2418; x_wconf 70' lang='lat' dir='ltr'><strong>persevc-</strong></span> 
     </span>
    </p>
   </div>
   <div class='ocr_carea' id='block_1_41' title="bbox 821 2436 2385 2509">
    <p class='ocr_par' dir='ltr' id='par_1_41' title="bbox 821 2436 2385 2509">
     <span class='ocr_line' id='line_1_41' title="bbox 821 2436 2385 2509; baseline 0.001 -19"><span class='ocrx_word' id='word_1_297' title='bbox 821 2452 972 2492; x_wconf 85' lang='lat' dir='ltr'><strong>rans.</strong></span> <span class='ocrx_word' id='word_1_298' title='bbox 1009 2436 1169 2509; x_wconf 81' lang='lat' dir='ltr'><strong>Syria</strong></span> <span class='ocrx_word' id='word_1_299' title='bbox 1202 2454 1334 2493; x_wconf 88' lang='lat' dir='ltr'><strong>vero</strong></span> <span class='ocrx_word' id='word_1_300' title='bbox 1354 2478 1369 2502; x_wconf 89' lang='lat'><strong>,</strong></span> <span class='ocrx_word' id='word_1_301' title='bbox 1404 2448 1513 2493; x_wconf 87' lang='lat' dir='ltr'><strong>tam</strong></span> <span class='ocrx_word' id='word_1_302' title='bbox 1544 2454 1607 2494; x_wconf 88' lang='lat' dir='ltr'><strong>ea</strong></span> <span class='ocrx_word' id='word_1_303' title='bbox 1636 2455 1756 2509; x_wconf 71' lang='lat' dir='ltr'><strong>quae</strong></span> <span class='ocrx_word' id='word_1_304' title='bbox 1786 2439 1934 2494; x_wconf 78' lang='lat' dir='ltr'><strong>L‘oele</strong></span> <span class='ocrx_word' id='word_1_305' title='bbox 1971 2440 2192 2503; x_wconf 77' lang='lat' dir='ltr'><strong>dicitur,</strong></span> <span class='ocrx_word' id='word_1_306' title='bbox 2222 2453 2385 2508; x_wconf 80' lang='lat' dir='ltr'><strong>quam</strong></span> 
     </span>
    </p>
   </div>
   <div class='ocr_carea' id='block_1_42' title="bbox 819 2531 2384 2601">
    <p class='ocr_par' dir='ltr' id='par_1_42' title="bbox 819 2531 2384 2601">
     <span class='ocr_line' id='line_1_42' title="bbox 819 2531 2384 2601; baseline 0 -17"><span class='ocrx_word' id='word_1_307' title='bbox 819 2545 947 2600; x_wconf 75' lang='lat' dir='ltr'><strong>qua:</strong></span> <span class='ocrx_word' id='word_1_308' title='bbox 978 2546 1142 2599; x_wconf 81' lang='lat' dir='ltr'><strong>supra</strong></span> <span class='ocrx_word' id='word_1_309' title='bbox 1178 2531 1322 2585; x_wconf 88' lang='lat' dir='ltr'><strong>illam</strong></span> <span class='ocrx_word' id='word_1_310' title='bbox 1356 2533 1535 2601; x_wconf 89' lang='lat' dir='ltr'><strong>posita</strong></span> <span class='ocrx_word' id='word_1_311' title='bbox 1582 2540 1699 2597; x_wconf 84' lang='lat' dir='ltr'><strong>est,</strong></span> <span class='ocrx_word' id='word_1_312' title='bbox 1745 2539 1974 2600; x_wconf 80' lang='lat' dir='ltr'><strong>excepta</strong></span> <span class='ocrx_word' id='word_1_313' title='bbox 2021 2532 2157 2585; x_wconf 87' lang='lat' dir='ltr'><strong>urbe</strong></span> <span class='ocrx_word' id='word_1_314' title='bbox 2198 2532 2384 2585; x_wconf 75' lang='lat' dir='ltr'><strong>Antio-</strong></span> 
     </span>
    </p>
   </div>
   <div class='ocr_carea' id='block_1_43' title="bbox 820 2620 2387 2690">
    <p class='ocr_par' dir='ltr' id='par_1_43' title="bbox 820 2620 2387 2690">
     <span class='ocr_line' id='line_1_43' title="bbox 820 2620 2387 2690; baseline 0.001 -17"><span class='ocrx_word' id='word_1_315' title='bbox 820 2620 946 2674; x_wconf 77' lang='lat' dir='ltr'><strong>ohia</strong></span> <span class='ocrx_word' id='word_1_316' title='bbox 969 2660 983 2677; x_wconf 83' lang='lat'><strong>.</strong></span> <span class='ocrx_word' id='word_1_317' title='bbox 1011 2624 1188 2675; x_wconf 88' lang='lat' dir='ltr'><strong>serius</strong></span> <span class='ocrx_word' id='word_1_318' title='bbox 1215 2620 1436 2689; x_wconf 88' lang='lat' dir='ltr'><strong>quidem</strong></span> <span class='ocrx_word' id='word_1_319' title='bbox 1462 2621 1529 2676; x_wconf 89' lang='lat' dir='ltr'><strong>ad</strong></span> <span class='ocrx_word' id='word_1_320' title='bbox 1555 2620 1759 2675; x_wconf 80' lang='lat' dir='ltr'><strong>Christi</strong></span> <span class='ocrx_word' id='word_1_321' title='bbox 1789 2622 2105 2690; x_wconf 69' lang='lat' dir='ltr'><strong>religionem</strong></span> <span class='ocrx_word' id='word_1_322' title='bbox 2125 2635 2387 2675; x_wconf 81' lang='lat' dir='ltr'><strong>conversa</strong></span> 
     </span>
    </p>
   </div>
   <div class='ocr_carea' id='block_1_44' title="bbox 826 2709 2390 2781">
    <p class='ocr_par' dir='ltr' id='par_1_44' title="bbox 826 2709 2390 2781">
     <span class='ocr_line' id='line_1_44' title="bbox 826 2709 2390 2781; baseline 0.003 -20"><span class='ocrx_word' id='word_1_323' title='bbox 826 2711 947 2773; x_wconf 75' lang='lat' dir='ltr'><strong>fuit,</strong></span> <span class='ocrx_word' id='word_1_324' title='bbox 989 2709 1084 2765; x_wconf 83' lang='lat' dir='ltr'><strong>sed</strong></span> <span class='ocrx_word' id='word_1_325' title='bbox 1116 2717 1296 2765; x_wconf 89' lang='lat' dir='ltr'><strong>tamen</strong></span> <span class='ocrx_word' id='word_1_326' title='bbox 1327 2711 1716 2767; x_wconf 79' lang='lat' dir='ltr'><strong>ecclesiasticis</strong></span> <span class='ocrx_word' id='word_1_327' title='bbox 1762 2712 2107 2781; x_wconf 83' lang='lat' dir='ltr'><strong>philosOphis</strong></span> <span class='ocrx_word' id='word_1_328' title='bbox 2151 2727 2257 2765; x_wconf 88' lang='lat' dir='ltr'><strong>non</strong></span> <span class='ocrx_word' id='word_1_329' title='bbox 2301 2728 2390 2765; x_wconf 85' lang='lat' dir='ltr'><strong>ca-</strong></span> 
     </span>
    </p>
   </div>
   <div class='ocr_carea' id='block_1_45' title="bbox 824 2800 2387 2872">
    <p class='ocr_par' dir='ltr' id='par_1_45' title="bbox 824 2800 2387 2872">
     <span class='ocr_line' id='line_1_45' title="bbox 824 2800 2387 2872; baseline 0.001 -17"><span class='ocrx_word' id='word_1_330' title='bbox 824 2801 953 2856; x_wconf 91' lang='lat' dir='ltr'><strong>ruit.</strong></span> <span class='ocrx_word' id='word_1_331' title='bbox 1007 2800 1110 2867; x_wconf 82' lang='lat' dir='ltr'><strong>Q~n</strong></span> <span class='ocrx_word' id='word_1_332' title='bbox 1162 2801 1382 2872; x_wconf 89' lang='lat' dir='ltr'><strong>quidem</strong></span> <span class='ocrx_word' id='word_1_333' title='bbox 1427 2816 1493 2857; x_wconf 91' lang='lat' dir='ltr'><strong>eo</strong></span> <span class='ocrx_word' id='word_1_334' title='bbox 1540 2802 1801 2856; x_wconf 82' lang='lat' dir='ltr'><strong>fortiores</strong></span> <span class='ocrx_word' id='word_1_335' title='bbox 1845 2811 1901 2857; x_wconf 89' lang='lat' dir='ltr'><strong>et</strong></span> <span class='ocrx_word' id='word_1_336' title='bbox 1948 2801 2167 2856; x_wconf 78' lang='lat' dir='ltr'><strong>fuerunt</strong></span> <span class='ocrx_word' id='word_1_337' title='bbox 2195 2810 2249 2856; x_wconf 92' lang='lat' dir='ltr'><strong>et</strong></span> <span class='ocrx_word' id='word_1_338' title='bbox 2284 2802 2387 2857; x_wconf 77' lang='lat' dir='ltr'><strong>visi</strong></span> 
     </span>
    </p>
   </div>
   <div class='ocr_carea' id='block_1_46' title="bbox 823 2892 2391 2965">
    <p class='ocr_par' dir='ltr' id='par_1_46' title="bbox 823 2892 2391 2965">
     <span class='ocr_line' id='line_1_46' title="bbox 823 2892 2391 2965; baseline 0.001 -19"><span class='ocrx_word' id='word_1_339' title='bbox 823 2902 982 2957; x_wconf 87' lang='lat' dir='ltr'><strong>sunt,</strong></span> <span class='ocrx_word' id='word_1_340' title='bbox 1012 2909 1121 2963; x_wconf 90' lang='lat' dir='ltr'><strong>quo</strong></span> <span class='ocrx_word' id='word_1_341' title='bbox 1155 2893 1327 2964; x_wconf 72' lang='lat' dir='ltr'><strong>magis</strong></span> <span class='ocrx_word' id='word_1_342' title='bbox 1354 2892 1518 2948; x_wconf 84' lang='lat' dir='ltr'><strong>invisi</strong></span> <span class='ocrx_word' id='word_1_343' title='bbox 1551 2900 1708 2948; x_wconf 82' lang='lat' dir='ltr'><strong>erant</strong></span> <span class='ocrx_word' id='word_1_344' title='bbox 1746 2892 1941 2948; x_wconf 86' lang='lat' dir='ltr'><strong>incolis</strong></span> <span class='ocrx_word' id='word_1_345' title='bbox 1981 2909 2167 2948; x_wconf 87' lang='lat' dir='ltr'><strong>earum</strong></span> <span class='ocrx_word' id='word_1_346' title='bbox 2212 2894 2391 2965; x_wconf 80' lang='lat' dir='ltr'><strong>regio-</strong></span> 
     </span>
    </p>
   </div>
   <div class='ocr_carea' id='block_1_47' title="bbox 824 2974 2389 3057">
    <p class='ocr_par' dir='ltr' id='par_1_47' title="bbox 824 2974 2389 3057">
     <span class='ocr_line' id='line_1_47' title="bbox 824 2974 2389 3057; baseline 0.003 -20"><span class='ocrx_word' id='word_1_347' title='bbox 824 2999 953 3040; x_wconf 89' lang='lat' dir='ltr'><strong>num</strong></span> <span class='ocrx_word' id='word_1_348' title='bbox 976 3024 990 3047; x_wconf 85' lang='lat'><strong>,</strong></span> <span class='ocrx_word' id='word_1_349' title='bbox 1022 2974 1324 3054; x_wconf 84' lang='lat' dir='ltr'><strong>eorumque</strong></span> <span class='ocrx_word' id='word_1_350' title='bbox 1351 2985 1562 3040; x_wconf 87' lang='lat' dir='ltr'><strong>crebris</strong></span> <span class='ocrx_word' id='word_1_351' title='bbox 1593 2984 1809 3041; x_wconf 90' lang='lat' dir='ltr'><strong>insidiis</strong></span> <span class='ocrx_word' id='word_1_352' title='bbox 1836 2986 2257 3057; x_wconf 85' lang='lat' dir='ltr'><strong>appetebantur;</strong></span> <span class='ocrx_word' id='word_1_353' title='bbox 2290 2987 2389 3041; x_wconf 88' lang='lat' dir='ltr'><strong>iis-</strong></span> 
     </span>
    </p>
   </div>
   <div class='ocr_carea' id='block_1_48' title="bbox 822 3075 2388 3150">
    <p class='ocr_par' dir='ltr' id='par_1_48' title="bbox 822 3075 2388 3150">
     <span class='ocr_line' id='line_1_48' title="bbox 822 3075 2388 3150; baseline 0.004 -23"><span class='ocrx_word' id='word_1_354' title='bbox 822 3077 1058 3146; x_wconf 84' lang='lat' dir='ltr'><strong>demque</strong></span> <span class='ocrx_word' id='word_1_355' title='bbox 1086 3075 1233 3130; x_wconf 88' lang='lat' dir='ltr'><strong>virili</strong></span> <span class='ocrx_word' id='word_1_356' title='bbox 1266 3076 1451 3132; x_wconf 90' lang='lat' dir='ltr'><strong>animo</strong></span> <span class='ocrx_word' id='word_1_357' title='bbox 1477 3077 1835 3143; x_wconf 89' lang='lat' dir='ltr'><strong>resistebant,</strong></span> <span class='ocrx_word' id='word_1_358' title='bbox 1868 3076 2032 3150; x_wconf 71' lang='lat'><strong>269</strong></span> <span class='ocrx_word' id='word_1_359' title='bbox 2058 3093 2168 3132; x_wconf 90' lang='lat' dir='ltr'><strong>non</strong></span> <span class='ocrx_word' id='word_1_360' title='bbox 2198 3077 2308 3133; x_wconf 91' lang='lat' dir='ltr'><strong>vim</strong></span> <span class='ocrx_word' id='word_1_361' title='bbox 2335 3078 2388 3133; x_wconf 84' lang='lat' dir='ltr'><strong>vi</strong></span> 
     </span>
    </p>
   </div>
   <div class='ocr_carea' id='block_1_49' title="bbox 826 3166 2388 3237">
    <p class='ocr_par' dir='ltr' id='par_1_49' title="bbox 826 3166 2388 3237">
     <span class='ocr_line' id='line_1_49' title="bbox 826 3166 2388 3237; baseline 0.001 -18"><span class='ocrx_word' id='word_1_362' title='bbox 826 3166 1171 3236; x_wconf 87' lang='lat' dir='ltr'><strong>repellendo,</strong></span> <span class='ocrx_word' id='word_1_363' title='bbox 1202 3181 1306 3222; x_wconf 89' lang='lat' dir='ltr'><strong>nec</strong></span> <span class='ocrx_word' id='word_1_364' title='bbox 1335 3168 1661 3237; x_wconf 87' lang='lat' dir='ltr'><strong>semetipsos</strong></span> <span class='ocrx_word' id='word_1_365' title='bbox 1688 3169 2005 3224; x_wconf 87' lang='lat' dir='ltr'><strong>ulciscendo</strong></span> <span class='ocrx_word' id='word_1_366' title='bbox 2026 3210 2043 3233; x_wconf 89' lang='lat'><strong>,</strong></span> <span class='ocrx_word' id='word_1_367' title='bbox 2071 3167 2165 3223; x_wconf 82' lang='lat' dir='ltr'><strong>sed</strong></span> <span class='ocrx_word' id='word_1_368' title='bbox 2194 3177 2388 3222; x_wconf 88' lang='lat' dir='ltr'><strong>contu-</strong></span> 
     </span>
    </p>
   </div>
   <div class='ocr_carea' id='block_1_50' title="bbox 2487 1982 4064 2054">
    <p class='ocr_par' dir='ltr' id='par_1_50' title="bbox 2487 1982 4064 2054">
     <span class='ocr_line' id='line_1_50' title="bbox 2487 1982 4064 2054; baseline -0.002 -16"><span class='ocrx_word' id='word_1_369' title='bbox 2487 2000 2641 2051; x_wconf 84' lang='grc' dir='ltr'>κτας,</span> <span class='ocrx_word' id='word_1_370' title='bbox 2670 1983 2969 2054; x_wconf 79' lang='grc' dir='ltr'>ἑὸδομάδας</span> <span class='ocrx_word' id='word_1_371' title='bbox 2999 1982 3222 2054; x_wconf 70' lang='grc' dir='ltr'>ἡμερῶν</span> <span class='ocrx_word' id='word_1_372' title='bbox 3246 1983 3303 2036; x_wconf 71' lang='grc' dir='ltr'>ἰν</span> <span class='ocrx_word' id='word_1_373' title='bbox 3327 1982 3597 2051; x_wconf 82' lang='grc' dir='ltr'>νηστείαις</span> <span class='ocrx_word' id='word_1_374' title='bbox 3624 1982 4064 2049; x_wconf 69' lang='grc' dir='ltr'>ἐπισυνάψαντα.</span> 
     </span>
    </p>
   </div>
   <div class='ocr_carea' id='block_1_51' title="bbox 2487 2071 4064 2146">
    <p class='ocr_par' dir='ltr' id='par_1_51' title="bbox 2487 2071 4064 2146">
     <span class='ocr_line' id='line_1_51' title="bbox 2487 2071 4064 2146; baseline -0.002 -19"><span class='ocrx_word' id='word_1_375' title='bbox 2487 2075 2655 2146; x_wconf 86' lang='grc' dir='ltr'>Συρία</span> <span class='ocrx_word' id='word_1_376' title='bbox 2682 2074 2757 2139; x_wconf 81' lang='grc' dir='ltr'>δὲ,</span> <span class='ocrx_word' id='word_1_377' title='bbox 2786 2076 2822 2146; x_wconf 74' lang='grc' dir='ltr'>ἦ</span> <span class='ocrx_word' id='word_1_378' title='bbox 2848 2091 2906 2127; x_wconf 88' lang='grc' dir='ltr'><strong>τε</strong></span> <span class='ocrx_word' id='word_1_379' title='bbox 2936 2074 3106 2144; x_wconf 84' lang='grc' dir='ltr'>Κοίλη</span> <span class='ocrx_word' id='word_1_380' title='bbox 3139 2072 3468 2144; x_wconf 74' lang='grc' dir='ltr'>καλουμένη,</span> <span class='ocrx_word' id='word_1_381' title='bbox 3486 2072 3580 2126; x_wconf 68' lang='grc' dir='ltr'>καὶ</span> <span class='ocrx_word' id='word_1_382' title='bbox 3607 2074 3642 2141; x_wconf 77' lang='grc' dir='ltr'>ὴ</span> <span class='ocrx_word' id='word_1_383' title='bbox 3664 2072 3804 2143; x_wconf 74' lang='grc' dir='ltr'><strong>ὑπὲρ</strong></span> <span class='ocrx_word' id='word_1_384' title='bbox 3829 2071 4064 2142; x_wconf 74' lang='grc' dir='ltr'>ταύτην,</span> 
     </span>
    </p>
   </div>
   <div class='ocr_carea' id='block_1_52' title="bbox 2486 2161 4066 2237">
    <p class='ocr_par' dir='ltr' id='par_1_52' title="bbox 2486 2161 4066 2237">
     <span class='ocr_line' id='line_1_52' title="bbox 2486 2161 4066 2237; baseline -0.001 -20"><span class='ocrx_word' id='word_1_385' title='bbox 2486 2165 2629 2237; x_wconf 82' lang='grc' dir='ltr'>πλὴν</span> <span class='ocrx_word' id='word_1_386' title='bbox 2673 2164 3028 2235; x_wconf 80' lang='grc' dir='ltr'>Ἀντιοχείας,</span> <span class='ocrx_word' id='word_1_387' title='bbox 3081 2163 3297 2235; x_wconf 83' lang='grc' dir='ltr'>βράδιον</span> <span class='ocrx_word' id='word_1_388' title='bbox 3332 2163 3413 2227; x_wconf 82' lang='grc' dir='ltr'>εἰς</span> <span class='ocrx_word' id='word_1_389' title='bbox 3456 2161 3879 2234; x_wconf 80' lang='grc' dir='ltr'>Χριστιανισμὺν</span> <span class='ocrx_word' id='word_1_390' title='bbox 3928 2178 4066 2233; x_wconf 81' lang='grc' dir='ltr'>μετ-</span> 
     </span>
    </p>
   </div>
   <div class='ocr_carea' id='block_1_53' title="bbox 2487 2253 4045 2327">
    <p class='ocr_par' dir='ltr' id='par_1_53' title="bbox 2487 2253 4045 2327">
     <span class='ocr_line' id='line_1_53' title="bbox 2487 2253 4045 2327; baseline -0.001 -17"><span class='ocrx_word' id='word_1_391' title='bbox 2487 2256 2697 2312; x_wconf 78' lang='grc' dir='ltr'>έϐαλον.</span> <span class='ocrx_word' id='word_1_392' title='bbox 2749 2256 2825 2309; x_wconf 82' lang='grc' dir='ltr'><strong>Οὐ</strong></span> <span class='ocrx_word' id='word_1_393' title='bbox 2861 2254 2968 2327; x_wconf 78' lang='grc' dir='ltr'>μὴν</span> <span class='ocrx_word' id='word_1_394' title='bbox 2998 2256 3118 2309; x_wconf 75' lang='grc' dir='ltr'>οὐδὲ</span> <span class='ocrx_word' id='word_1_395' title='bbox 3155 2253 3297 2326; x_wconf 78' lang='grc' dir='ltr'>αὕτη</span> <span class='ocrx_word' id='word_1_396' title='bbox 3326 2255 3632 2325; x_wconf 70' lang='grc' dir='ltr'>φιλοσόφων</span> <span class='ocrx_word' id='word_1_397' title='bbox 3672 2253 4045 2326; x_wconf 66' lang='grc' dir='ltr'>ἐκκλησιαστι-</span> 
     </span>
    </p>
   </div>
   <div class='ocr_carea' id='block_1_54' title="bbox 2488 2345 4064 2422">
    <p class='ocr_par' dir='ltr' id='par_1_54' title="bbox 2488 2345 4064 2422">
     <span class='ocr_line' id='line_1_54' title="bbox 2488 2345 4064 2422; baseline -0.004 -19"><span class='ocrx_word' id='word_1_398' title='bbox 2488 2353 2597 2404; x_wconf 83' lang='grc' dir='ltr'><strong>κῶν</strong></span> <span class='ocrx_word' id='word_1_399' title='bbox 2629 2351 2854 2422; x_wconf 75' lang='grc' dir='ltr'>ἄμοιρος</span> <span class='ocrx_word' id='word_1_400' title='bbox 2887 2345 2986 2421; x_wconf 77' lang='grc' dir='ltr'><strong>ἦν’</strong></span> <span class='ocrx_word' id='word_1_401' title='bbox 3036 2348 3210 2420; x_wconf 75' lang='grc' dir='ltr'>ταύτῃ</span> <span class='ocrx_word' id='word_1_402' title='bbox 3251 2365 3317 2417; x_wconf 77' lang='grc' dir='ltr'><strong>γε</strong></span> <span class='ocrx_word' id='word_1_403' title='bbox 3360 2348 3558 2419; x_wconf 74' lang='grc' dir='ltr'>μᾶλλον</span> <span class='ocrx_word' id='word_1_404' title='bbox 3599 2347 3860 2419; x_wconf 81' lang='grc' dir='ltr'>ἀνδρείων</span> <span class='ocrx_word' id='word_1_405' title='bbox 3885 2347 4064 2400; x_wconf 70' lang='grc' dir='ltr'>ὄντων</span> 
     </span>
    </p>
   </div>
   <div class='ocr_carea' id='block_1_55' title="bbox 2486 2438 4066 2513">
    <p class='ocr_par' dir='ltr' id='par_1_55' title="bbox 2486 2438 4066 2513">
     <span class='ocr_line' id='line_1_55' title="bbox 2486 2438 4066 2513; baseline -0.003 -16"><span class='ocrx_word' id='word_1_406' title='bbox 2486 2460 2545 2498; x_wconf 83' lang='grc' dir='ltr'><strong>τε</strong></span> <span class='ocrx_word' id='word_1_407' title='bbox 2574 2447 2669 2498; x_wconf 75' lang='grc' dir='ltr'>καὶ</span> <span class='ocrx_word' id='word_1_408' title='bbox 2700 2444 3056 2513; x_wconf 79' lang='grc' dir='ltr'>φαινομένων,</span> <span class='ocrx_word' id='word_1_409' title='bbox 3102 2442 3211 2512; x_wconf 81' lang='grc' dir='ltr'>ὅσῳ</span> <span class='ocrx_word' id='word_1_410' title='bbox 3240 2457 3304 2510; x_wconf 83' lang='grc' dir='ltr'>γε</span> <span class='ocrx_word' id='word_1_411' title='bbox 3332 2442 3425 2493; x_wconf 82' lang='grc' dir='ltr'><strong>καί</strong></span> <span class='ocrx_word' id='word_1_412' title='bbox 3453 2440 3589 2511; x_wconf 81' lang='grc' dir='ltr'>πρὸς</span> <span class='ocrx_word' id='word_1_413' title='bbox 3615 2438 3725 2493; x_wconf 86' lang='grc' dir='ltr'><strong>τῶν</strong></span> <span class='ocrx_word' id='word_1_414' title='bbox 3767 2438 4066 2493; x_wconf 72' lang='grc' dir='ltr'>οἰκούντων</span> 
     </span>
    </p>
   </div>
   <div class='ocr_carea' id='block_1_56' title="bbox 2486 2529 4061 2605">
    <p class='ocr_par' dir='ltr' id='par_1_56' title="bbox 2486 2529 4061 2605">
     <span class='ocr_line' id='line_1_56' title="bbox 2486 2529 4061 2605; baseline -0.002 -20"><span class='ocrx_word' id='word_1_415' title='bbox 2486 2534 2587 2603; x_wconf 73' lang='grc' dir='ltr'>τὴν</span> <span class='ocrx_word' id='word_1_416' title='bbox 2623 2532 2806 2605; x_wconf 85' lang='grc' dir='ltr'>χώραν</span> <span class='ocrx_word' id='word_1_417' title='bbox 2849 2532 3134 2604; x_wconf 71' lang='grc' dir='ltr'>ἐμισοῦντο</span> <span class='ocrx_word' id='word_1_418' title='bbox 3170 2533 3264 2585; x_wconf 78' lang='grc' dir='ltr'>καὶ</span> <span class='ocrx_word' id='word_1_419' title='bbox 3299 2529 3719 2585; x_wconf 70' lang='grc' dir='ltr'>ἐπεϐουλεύοντο</span> <span class='ocrx_word' id='word_1_420' title='bbox 3737 2546 3752 2562; x_wconf 79' lang='lat'>&#39;</span> <span class='ocrx_word' id='word_1_421' title='bbox 3797 2532 3889 2583; x_wconf 76' lang='grc' dir='ltr'>καὶ</span> <span class='ocrx_word' id='word_1_422' title='bbox 3933 2547 4061 2597; x_wconf 86' lang='grc' dir='ltr'>γεν-</span> 
     </span>
    </p>
   </div>
   <div class='ocr_carea' id='block_1_57' title="bbox 2488 2622 4062 2696">
    <p class='ocr_par' dir='ltr' id='par_1_57' title="bbox 2488 2622 4062 2696">
     <span class='ocr_line' id='line_1_57' title="bbox 2488 2622 4062 2696; baseline -0.001 -18"><span class='ocrx_word' id='word_1_423' title='bbox 2488 2624 2646 2688; x_wconf 87' lang='grc' dir='ltr'>ναίως</span> <span class='ocrx_word' id='word_1_424' title='bbox 2676 2626 2938 2696; x_wconf 82' lang='grc' dir='ltr'>ἀντεῖχον,</span> <span class='ocrx_word' id='word_1_425' title='bbox 2993 2626 3092 2678; x_wconf 85' lang='grc' dir='ltr'>οὐκ</span> <span class='ocrx_word' id='word_1_426' title='bbox 3129 2625 3481 2695; x_wconf 85' lang='grc' dir='ltr'>ἀμυνόμενοι,</span> <span class='ocrx_word' id='word_1_427' title='bbox 3512 2623 3634 2677; x_wconf 74' lang='grc' dir='ltr'>οὐδὲ</span> <span class='ocrx_word' id='word_1_428' title='bbox 3658 2622 3813 2692; x_wconf 78' lang='grc' dir='ltr'>δίκην</span> <span class='ocrx_word' id='word_1_429' title='bbox 3845 2622 4062 2692; x_wconf 76' lang='grc' dir='ltr'>λαμδά-</span> 
     </span>
    </p>
   </div>
   <div class='ocr_carea' id='block_1_58' title="bbox 2486 2714 4065 2787">
    <p class='ocr_par' dir='ltr' id='par_1_58' title="bbox 2486 2714 4065 2787">
     <span class='ocr_line' id='line_1_58' title="bbox 2486 2714 4065 2787; baseline -0.001 -19"><span class='ocrx_word' id='word_1_430' title='bbox 2486 2733 2696 2782; x_wconf 89' lang='grc' dir='ltr'>νοντες,</span> <span class='ocrx_word' id='word_1_431' title='bbox 2753 2716 2888 2773; x_wconf 74' lang='grc' dir='ltr'><strong>ἄλλὰ</strong></span> <span class='ocrx_word' id='word_1_432' title='bbox 2932 2717 3231 2787; x_wconf 75' lang='grc' dir='ltr'>προθύμως</span> <span class='ocrx_word' id='word_1_433' title='bbox 3292 2714 3390 2778; x_wconf 86' lang='grc' dir='ltr'><strong>τάς</strong></span> <span class='ocrx_word' id='word_1_434' title='bbox 3437 2714 3590 2786; x_wconf 82' lang='grc' dir='ltr'>παρά</span> <span class='ocrx_word' id='word_1_435' title='bbox 3632 2714 3739 2767; x_wconf 83' lang='grc' dir='ltr'><strong>τῶν</strong></span> <span class='ocrx_word' id='word_1_436' title='bbox 3792 2714 4065 2784; x_wconf 72' lang='grc' dir='ltr'>Ἑλλήνων</span> 
     </span>
    </p>
   </div>
   <div class='ocr_carea' id='block_1_59' title="bbox 2489 2804 4065 2883">
    <p class='ocr_par' dir='ltr' id='par_1_59' title="bbox 2489 2804 4065 2883">
     <span class='ocr_line' id='line_1_59' title="bbox 2489 2804 4065 2883; baseline -0.003 -22"><span class='ocrx_word' id='word_1_437' title='bbox 2489 2807 2675 2883; x_wconf 79' lang='grc' dir='ltr'>ὖὸρεις</span> <span class='ocrx_word' id='word_1_438' title='bbox 2702 2824 2761 2862; x_wconf 88' lang='grc' dir='ltr'><strong>τε</strong></span> <span class='ocrx_word' id='word_1_439' title='bbox 2808 2809 2902 2865; x_wconf 72' lang='grc' dir='ltr'>καὶ</span> <span class='ocrx_word' id='word_1_440' title='bbox 2939 2807 3152 2876; x_wconf 77' lang='grc' dir='ltr'>πληγὰς</span> <span class='ocrx_word' id='word_1_441' title='bbox 3178 2808 3559 2877; x_wconf 70' lang='grc' dir='ltr'>ὑπομένοντες.</span> <span class='ocrx_word' id='word_1_442' title='bbox 3612 2806 3772 2868; x_wconf 74' lang='grc' dir='ltr'>Οἵους</span> <span class='ocrx_word' id='word_1_443' title='bbox 3803 2804 4065 2874; x_wconf 77' lang='grc' dir='ltr'>γενέσθαι</span> 
     </span>
    </p>
   </div>
   <div class='ocr_carea' id='block_1_60' title="bbox 2488 2895 4066 2970">
    <p class='ocr_par' dir='ltr' id='par_1_60' title="bbox 2488 2895 4066 2970">
     <span class='ocr_line' id='line_1_60' title="bbox 2488 2895 4066 2970; baseline -0.003 -16"><span class='ocrx_word' id='word_1_444' title='bbox 2488 2899 2765 2970; x_wconf 71' lang='grc' dir='ltr'>ἐπυθόμην</span> <span class='ocrx_word' id='word_1_445' title='bbox 2799 2899 3167 2965; x_wconf 78' lang='grc' dir='ltr'>Οὖαλεντινον,</span> <span class='ocrx_word' id='word_1_446' title='bbox 3212 2898 3271 2951; x_wconf 83' lang='grc' dir='ltr'>ὃν</span> <span class='ocrx_word' id='word_1_447' title='bbox 3297 2901 3345 2951; x_wconf 79' lang='lat' dir='ltr'><strong>oi</strong></span> <span class='ocrx_word' id='word_1_448' title='bbox 3386 2898 3482 2967; x_wconf 70' lang='grc' dir='ltr'>μὲν</span> <span class='ocrx_word' id='word_1_449' title='bbox 3508 2897 3565 2963; x_wconf 74' lang='grc' dir='ltr'><strong>ἐξ</strong></span> <span class='ocrx_word' id='word_1_450' title='bbox 3612 2896 3865 2967; x_wconf 80' lang='grc' dir='ltr'>Ἐμέσης,</span> <span class='ocrx_word' id='word_1_451' title='bbox 3912 2898 3963 2949; x_wconf 80' lang='grc' dir='ltr'>οἱ</span> <span class='ocrx_word' id='word_1_452' title='bbox 3998 2895 4066 2950; x_wconf 63' lang='grc' dir='ltr'>δὲ</span> 
     </span>
    </p>
   </div>
   <div class='ocr_carea' id='block_1_61' title="bbox 2489 2987 4065 3059">
    <p class='ocr_par' dir='ltr' id='par_1_61' title="bbox 2489 2987 4065 3059">
     <span class='ocr_line' id='line_1_61' title="bbox 2489 2987 4065 3059; baseline -0.002 -18"><span class='ocrx_word' id='word_1_453' title='bbox 2489 2988 2548 3052; x_wconf 77' lang='grc' dir='ltr'>ἐξ</span> <span class='ocrx_word' id='word_1_454' title='bbox 2588 2988 2910 3059; x_wconf 74' lang='grc' dir='ltr'>Ἀρεθούσης</span> <span class='ocrx_word' id='word_1_455' title='bbox 2934 2989 2993 3041; x_wconf 82' lang='grc' dir='ltr'><strong>τὺ</strong></span> <span class='ocrx_word' id='word_1_456' title='bbox 3019 2988 3175 3055; x_wconf 78' lang='grc' dir='ltr'>γένος</span> <span class='ocrx_word' id='word_1_457' title='bbox 3198 2988 3340 3057; x_wconf 79' lang='grc' dir='ltr'>ἔχειν</span> <span class='ocrx_word' id='word_1_458' title='bbox 3366 2987 3570 3057; x_wconf 73' lang='grc' dir='ltr'>ἔφασαν</span> <span class='ocrx_word' id='word_1_459' title='bbox 3594 3007 3605 3017; x_wconf 70' lang='grc' dir='ltr'><strong>ο</strong></span> <span class='ocrx_word' id='word_1_460' title='bbox 3632 2987 3725 3041; x_wconf 59' lang='grc' dir='ltr'><strong>καὶ⁵</strong></span> <span class='ocrx_word' id='word_1_461' title='bbox 3745 2987 3834 3040; x_wconf 79' lang='grc' dir='ltr'>τὸν</span> <span class='ocrx_word' id='word_1_462' title='bbox 3847 2987 4065 3055; x_wconf 83' lang='grc' dir='ltr'>όμώνυ-</span> 
     </span>
    </p>
   </div>
   <div class='ocr_carea' id='block_1_62' title="bbox 2491 3076 4066 3150">
    <p class='ocr_par' dir='ltr' id='par_1_62' title="bbox 2491 3076 4066 3150">
     <span class='ocr_line' id='line_1_62' title="bbox 2491 3076 4066 3150; baseline -0.001 -18"><span class='ocrx_word' id='word_1_463' title='bbox 2491 3095 2590 3150; x_wconf 92' lang='grc' dir='ltr'><strong>μον</strong></span> <span class='ocrx_word' id='word_1_464' title='bbox 2620 3080 2711 3132; x_wconf 81' lang='grc' dir='ltr'>τὸν</span> <span class='ocrx_word' id='word_1_465' title='bbox 2741 3078 2927 3144; x_wconf 77' lang='grc' dir='ltr'>αὐτοῦ,</span> <span class='ocrx_word' id='word_1_466' title='bbox 2960 3081 3049 3131; x_wconf 67' lang='grc' dir='ltr'><strong>καὶ</strong></span> <span class='ocrx_word' id='word_1_467' title='bbox 3084 3079 3378 3149; x_wconf 81' lang='grc' dir='ltr'>Θεόδωρον.</span> <span class='ocrx_word' id='word_1_468' title='bbox 3408 3080 3608 3148; x_wconf 65' lang='grc' dir='ltr'>Ἄμφω</span> <span class='ocrx_word' id='word_1_469' title='bbox 3633 3078 3689 3131; x_wconf 84' lang='grc' dir='ltr'>δὲ</span> <span class='ocrx_word' id='word_1_470' title='bbox 3721 3079 3830 3131; x_wconf 80' lang='grc' dir='ltr'><strong>ἀπὸ</strong></span> <span class='ocrx_word' id='word_1_471' title='bbox 3849 3076 4066 3131; x_wconf 77' lang='grc' dir='ltr'>Τιττῶν</span> 
     </span>
    </p>
   </div>
   <div class='ocr_carea' id='block_1_63' title="bbox 2488 3168 4067 3242">
    <p class='ocr_par' dir='ltr' id='par_1_63' title="bbox 2488 3168 4067 3242">
     <span class='ocr_line' id='line_1_63' title="bbox 2488 3168 4067 3242; baseline 0 -19"><span class='ocrx_word' id='word_1_472' title='bbox 2488 3168 2582 3223; x_wconf 78' lang='grc' dir='ltr'>τοῦ</span> <span class='ocrx_word' id='word_1_473' title='bbox 2624 3170 2913 3241; x_wconf 78' lang='grc' dir='ltr'>Ἀπαμέων</span> <span class='ocrx_word' id='word_1_474' title='bbox 2953 3170 3114 3239; x_wconf 72' lang='grc' dir='ltr'>νοειοῦ</span> <span class='ocrx_word' id='word_1_475' title='bbox 3148 3171 3337 3242; x_wconf 74' lang='grc' dir='ltr'>ἧστην.</span> <span class='ocrx_word' id='word_1_476' title='bbox 3403 3171 3511 3239; x_wconf 71' lang='grc' dir='ltr'><strong>καὶ</strong></span> <span class='ocrx_word' id='word_1_477' title='bbox 3548 3168 3823 3241; x_wconf 78' lang='grc' dir='ltr'>Μαρώσαν</span> <span class='ocrx_word' id='word_1_478' title='bbox 3867 3168 3960 3223; x_wconf 78' lang='grc' dir='ltr'><strong>τὸν</strong></span> <span class='ocrx_word' id='word_1_479' title='bbox 3993 3170 4067 3223; x_wconf 71' lang='grc' dir='ltr'>ὲκ</span> 
     </span>
    </p>
   </div>
   <div class='ocr_carea' id='block_1_64' title="bbox 824 3253 2582 3334">
    <p class='ocr_par' dir='ltr' id='par_1_64' title="bbox 824 3253 2582 3333">
     <span class='ocr_line' id='line_1_64' title="bbox 824 3253 2582 3333; baseline 0.003 -23"><span class='ocrx_word' id='word_1_480' title='bbox 824 3256 1017 3312; x_wconf 81' lang='lat' dir='ltr'><strong>melias</strong></span> <span class='ocrx_word' id='word_1_481' title='bbox 1046 3266 1101 3312; x_wconf 89' lang='lat' dir='ltr'><strong>et</strong></span> <span class='ocrx_word' id='word_1_482' title='bbox 1157 3259 1386 3314; x_wconf 87' lang='lat' dir='ltr'><strong>verbera</strong></span> <span class='ocrx_word' id='word_1_483' title='bbox 1436 3259 1541 3314; x_wconf 88' lang='lat' dir='ltr'><strong>sibi</strong></span> <span class='ocrx_word' id='word_1_484' title='bbox 1592 3274 1625 3314; x_wconf 87' lang='lat' dir='ltr'><strong>a</strong></span> <span class='ocrx_word' id='word_1_485' title='bbox 1673 3259 1970 3329; x_wconf 74' lang='lat' dir='ltr'><strong>gentilibus</strong></span> <span class='ocrx_word' id='word_1_486' title='bbox 2013 3260 2166 3315; x_wconf 88' lang='lat' dir='ltr'><strong>illata</strong></span> <span class='ocrx_word' id='word_1_487' title='bbox 2220 3253 2458 3316; x_wconf 85' lang='lat' dir='ltr'><strong>alacriC</strong></span> <span class='ocrx_word' id='word_1_488' title='bbox 2490 3263 2582 3333; x_wconf 76' lang='lat' dir='ltr'><strong>Ne;</strong></span> 
     </span>
    </p>
   </div>
   <div class='ocr_carea' id='block_1_65' title="bbox 2305 3253 4063 3334">
    <p class='ocr_par' dir='ltr' id='par_1_65' title="bbox 2309 3253 4063 3334">
     <span class='ocr_line' id='line_1_65' title="bbox 2309 3253 4063 3334; baseline -0.001 -18"><span class='ocrx_word' id='word_1_489' title='bbox 2309 3260 2389 3316; x_wconf 86' lang='lat' dir='ltr'><strong>cri</strong></span> <span class='ocrx_word' id='word_1_490' title='bbox 2415 3253 2458 3313; x_wconf 84' lang='lat' dir='ltr'><strong>C</strong></span> <span class='ocrx_word' id='word_1_491' title='bbox 2490 3262 2778 3334; x_wconf 82' lang='grc' dir='ltr'>Νεχείλων,</span> <span class='ocrx_word' id='word_1_492' title='bbox 2806 3262 2900 3316; x_wconf 73' lang='grc' dir='ltr'>καὶ</span> <span class='ocrx_word' id='word_1_493' title='bbox 2938 3262 3168 3327; x_wconf 77' lang='grc' dir='ltr'>Βάσσον,</span> <span class='ocrx_word' id='word_1_494' title='bbox 3214 3263 3306 3316; x_wconf 80' lang='grc' dir='ltr'>καὶ</span> <span class='ocrx_word' id='word_1_495' title='bbox 3340 3262 3650 3331; x_wconf 84' lang='grc' dir='ltr'>Βασσώνην,</span> <span class='ocrx_word' id='word_1_496' title='bbox 3702 3262 3798 3314; x_wconf 78' lang='grc' dir='ltr'>καὶ</span> <span class='ocrx_word' id='word_1_497' title='bbox 3826 3260 3965 3314; x_wconf 60' lang='lat' dir='ltr'><strong>llas?)</strong></span> <span class='ocrx_word' id='word_1_498' title='bbox 3977 3277 4063 3328; x_wconf 70' lang='grc' dir='ltr'>ην,</span> 
     </span>
    </p>
   </div>
   <div class='ocr_carea' id='block_1_66' title="bbox 825 3347 2390 3421">
    <p class='ocr_par' dir='ltr' id='par_1_66' title="bbox 825 3347 2390 3421">
     <span class='ocr_line' id='line_1_66' title="bbox 825 3347 2390 3421; baseline 0.003 -20"><span class='ocrx_word' id='word_1_499' title='bbox 825 3350 1011 3404; x_wconf 84' lang='lat' dir='ltr'><strong>animo</strong></span> <span class='ocrx_word' id='word_1_500' title='bbox 1041 3347 1398 3417; x_wconf 74' lang='lat' dir='ltr'><strong>perferentes.</strong></span> <span class='ocrx_word' id='word_1_501' title='bbox 1438 3347 1724 3419; x_wconf 85' lang='lat' dir='ltr'><strong>Ejusmodi</strong></span> <span class='ocrx_word' id='word_1_502' title='bbox 1765 3349 1939 3408; x_wconf 84' lang='lat' dir='ltr'><strong>fuisse</strong></span> <span class='ocrx_word' id='word_1_503' title='bbox 1982 3350 2168 3421; x_wconf 84' lang='lat' dir='ltr'><strong>accepi</strong></span> <span class='ocrx_word' id='word_1_504' title='bbox 2199 3350 2390 3406; x_wconf 84' lang='lat' dir='ltr'><strong>Valen-</strong></span> 
     </span>
    </p>
   </div>
   <div class='ocr_carea' id='block_1_67' title="bbox 826 3440 2390 3510">
    <p class='ocr_par' dir='ltr' id='par_1_67' title="bbox 826 3440 2390 3510">
     <span class='ocr_line' id='line_1_67' title="bbox 826 3440 2390 3510; baseline 0.004 -18"><span class='ocrx_word' id='word_1_505' title='bbox 826 3440 1037 3506; x_wconf 88' lang='lat' dir='ltr'><strong>tinum,</strong></span> <span class='ocrx_word' id='word_1_506' title='bbox 1075 3456 1239 3510; x_wconf 89' lang='lat' dir='ltr'><strong>quem</strong></span> <span class='ocrx_word' id='word_1_507' title='bbox 1270 3442 1362 3496; x_wconf 88' lang='lat' dir='ltr'><strong>alii</strong></span> <span class='ocrx_word' id='word_1_508' title='bbox 1395 3457 1464 3498; x_wconf 81' lang='lat' dir='ltr'><strong>ex</strong></span> <span class='ocrx_word' id='word_1_509' title='bbox 1492 3443 1625 3497; x_wconf 86' lang='lat' dir='ltr'><strong>urbe</strong></span> <span class='ocrx_word' id='word_1_510' title='bbox 1648 3441 1875 3510; x_wconf 84' lang='lat' dir='ltr'><strong>Emesa,</strong></span> <span class='ocrx_word' id='word_1_511' title='bbox 1907 3443 1997 3498; x_wconf 87' lang='lat' dir='ltr'><strong>alii</strong></span> <span class='ocrx_word' id='word_1_512' title='bbox 2023 3458 2090 3498; x_wconf 88' lang='lat' dir='ltr'><strong>ex</strong></span> <span class='ocrx_word' id='word_1_513' title='bbox 2120 3443 2390 3499; x_wconf 81' lang='lat' dir='ltr'><strong>Arethusa</strong></span> 
     </span>
    </p>
   </div>
   <div class='ocr_carea' id='block_1_68' title="bbox 824 3517 2390 3605">
    <p class='ocr_par' dir='ltr' id='par_1_68' title="bbox 824 3517 2390 3605">
     <span class='ocr_line' id='line_1_68' title="bbox 824 3517 2390 3605; baseline 0.001 -19"><span class='ocrx_word' id='word_1_514' title='bbox 824 3548 999 3603; x_wconf 75' lang='lat' dir='ltr'><strong>genus</strong></span> <span class='ocrx_word' id='word_1_515' title='bbox 1023 3534 1259 3589; x_wconf 79' lang='lat' dir='ltr'><strong>traxisse</strong></span> <span class='ocrx_word' id='word_1_516' title='bbox 1288 3517 1522 3589; x_wconf 57' lang='lat' dir='ltr'><strong>dicunt&#39;:</strong></span> <span class='ocrx_word' id='word_1_517' title='bbox 1551 3544 1606 3589; x_wconf 87' lang='lat' dir='ltr'><strong>et</strong></span> <span class='ocrx_word' id='word_1_518' title='bbox 1635 3534 1866 3590; x_wconf 89' lang='lat' dir='ltr'><strong>alterum</strong></span> <span class='ocrx_word' id='word_1_519' title='bbox 1892 3535 1983 3590; x_wconf 87' lang='lat' dir='ltr'><strong>isti</strong></span> <span class='ocrx_word' id='word_1_520' title='bbox 2009 3534 2390 3605; x_wconf 74' lang='lat' dir='ltr'><strong>cognominem</strong></span> 
     </span>
    </p>
   </div>
   <div class='ocr_carea' id='block_1_69' title="bbox 828 3624 2392 3698">
    <p class='ocr_par' dir='ltr' id='par_1_69' title="bbox 828 3624 2392 3698">
     <span class='ocr_line' id='line_1_69' title="bbox 828 3624 2392 3698; baseline 0.002 -20"><span class='ocrx_word' id='word_1_521' title='bbox 828 3624 1180 3680; x_wconf 62' lang='lat' dir='ltr'><strong>Valentinum</strong></span> <span class='ocrx_word' id='word_1_522' title='bbox 1206 3663 1221 3688; x_wconf 87' lang='lat'><strong>,</strong></span> <span class='ocrx_word' id='word_1_523' title='bbox 1252 3640 1318 3681; x_wconf 89' lang='lat' dir='ltr'><strong>ac</strong></span> <span class='ocrx_word' id='word_1_524' title='bbox 1341 3624 1715 3683; x_wconf 81' lang='lat' dir='ltr'><strong>Theodorum.</strong></span> <span class='ocrx_word' id='word_1_525' title='bbox 1746 3625 1812 3681; x_wconf 82' lang='lat' dir='ltr'><strong>Hi</strong></span> <span class='ocrx_word' id='word_1_526' title='bbox 1843 3626 1953 3682; x_wconf 92' lang='lat' dir='ltr'><strong>duo</strong></span> <span class='ocrx_word' id='word_1_527' title='bbox 1981 3644 2045 3684; x_wconf 72' lang='lat' dir='ltr'><strong>es</strong></span> <span class='ocrx_word' id='word_1_528' title='bbox 2074 3627 2269 3690; x_wconf 83' lang='lat' dir='ltr'><strong>Tittis,</strong></span> <span class='ocrx_word' id='word_1_529' title='bbox 2300 3628 2392 3698; x_wconf 89' lang='lat' dir='ltr'><strong>qui</strong></span> 
     </span>
    </p>
   </div>
   <div class='ocr_carea' id='block_1_70' title="bbox 825 3718 2389 3789">
    <p class='ocr_par' dir='ltr' id='par_1_70' title="bbox 825 3718 2389 3789">
     <span class='ocr_line' id='line_1_70' title="bbox 825 3718 2389 3789; baseline 0.003 -21"><span class='ocrx_word' id='word_1_530' title='bbox 825 3718 983 3773; x_wconf 84' lang='lat' dir='ltr'><strong>vicus</strong></span> <span class='ocrx_word' id='word_1_531' title='bbox 1010 3727 1095 3772; x_wconf 89' lang='lat' dir='ltr'><strong>est</strong></span> <span class='ocrx_word' id='word_1_532' title='bbox 1123 3719 1176 3772; x_wconf 92' lang='lat' dir='ltr'><strong>in</strong></span> <span class='ocrx_word' id='word_1_533' title='bbox 1209 3718 1488 3774; x_wconf 90' lang='lat' dir='ltr'><strong>territorio</strong></span> <span class='ocrx_word' id='word_1_534' title='bbox 1509 3720 1900 3789; x_wconf 84' lang='lat' dir='ltr'><strong>Apamensium</strong></span> <span class='ocrx_word' id='word_1_535' title='bbox 1922 3758 1937 3785; x_wconf 89' lang='lat'><strong>,</strong></span> <span class='ocrx_word' id='word_1_536' title='bbox 1966 3730 2127 3776; x_wconf 89' lang='lat' dir='ltr'><strong>erant</strong></span> <span class='ocrx_word' id='word_1_537' title='bbox 2151 3719 2389 3774; x_wconf 86' lang='lat' dir='ltr'><strong>oriundi.</strong></span> 
     </span>
    </p>
   </div>
   <div class='ocr_carea' id='block_1_71' title="bbox 828 3805 2391 3876">
    <p class='ocr_par' dir='ltr' id='par_1_71' title="bbox 828 3805 2391 3876">
     <span class='ocr_line' id='line_1_71' title="bbox 828 3805 2391 3876; baseline 0.002 -17"><span class='ocrx_word' id='word_1_538' title='bbox 828 3805 1094 3864; x_wconf 76' lang='lat' dir='ltr'><strong>Marosam</strong></span> <span class='ocrx_word' id='word_1_539' title='bbox 1124 3817 1387 3876; x_wconf 65' lang='lat' dir='ltr'><strong>praeterea</strong></span> <span class='ocrx_word' id='word_1_540' title='bbox 1413 3825 1477 3865; x_wconf 89' lang='lat' dir='ltr'><strong>ex</strong></span> <span class='ocrx_word' id='word_1_541' title='bbox 1512 3807 1756 3866; x_wconf 76' lang='lat' dir='ltr'><strong>Nechilis</strong></span> <span class='ocrx_word' id='word_1_542' title='bbox 1789 3821 2005 3873; x_wconf 86' lang='lat' dir='ltr'><strong>ortum,</strong></span> <span class='ocrx_word' id='word_1_543' title='bbox 2041 3819 2094 3864; x_wconf 89' lang='lat' dir='ltr'><strong>et</strong></span> <span class='ocrx_word' id='word_1_544' title='bbox 2121 3808 2347 3866; x_wconf 86' lang='lat' dir='ltr'><strong>Bassum</strong></span> <span class='ocrx_word' id='word_1_545' title='bbox 2374 3848 2391 3873; x_wconf 89' lang='lat'><strong>,</strong></span> 
     </span>
    </p>
   </div>
   <div class='ocr_carea' id='block_1_72' title="bbox 826 3897 2395 3971">
    <p class='ocr_par' dir='ltr' id='par_1_72' title="bbox 826 3897 2395 3971">
     <span class='ocr_line' id='line_1_72' title="bbox 826 3897 2395 3971; baseline 0.003 -19"><span class='ocrx_word' id='word_1_546' title='bbox 826 3905 883 3952; x_wconf 90' lang='lat' dir='ltr'><strong>et</strong></span> <span class='ocrx_word' id='word_1_547' title='bbox 909 3897 1201 3955; x_wconf 84' lang='lat' dir='ltr'><strong>Bassonem</strong></span> <span class='ocrx_word' id='word_1_548' title='bbox 1225 3939 1239 3963; x_wconf 89' lang='lat'><strong>,</strong></span> <span class='ocrx_word' id='word_1_549' title='bbox 1268 3913 1332 3955; x_wconf 89' lang='lat' dir='ltr'><strong>ac</strong></span> <span class='ocrx_word' id='word_1_550' title='bbox 1360 3899 1591 3955; x_wconf 87' lang='lat' dir='ltr'><strong>Paulum</strong></span> <span class='ocrx_word' id='word_1_551' title='bbox 1622 3900 1717 3971; x_wconf 88' lang='lat' dir='ltr'><strong>qui</strong></span> <span class='ocrx_word' id='word_1_552' title='bbox 1749 3916 1815 3955; x_wconf 86' lang='lat' dir='ltr'><strong>ex</strong></span> <span class='ocrx_word' id='word_1_553' title='bbox 1846 3900 1970 3955; x_wconf 86' lang='lat' dir='ltr'><strong>vico</strong></span> <span class='ocrx_word' id='word_1_554' title='bbox 1998 3899 2239 3955; x_wconf 85' lang='lat' dir='ltr'><strong>Telmiso</strong></span> <span class='ocrx_word' id='word_1_555' title='bbox 2270 3914 2395 3970; x_wconf 87' lang='lat' dir='ltr'><strong>pro-</strong></span> 
     </span>
    </p>
   </div>
   <div class='ocr_carea' id='block_1_73' title="bbox 828 3990 2391 4063">
    <p class='ocr_par' dir='ltr' id='par_1_73' title="bbox 828 3990 2391 4063">
     <span class='ocr_line' id='line_1_73' title="bbox 828 3990 2391 4063; baseline 0.001 -22"><span class='ocrx_word' id='word_1_556' title='bbox 828 3999 1059 4058; x_wconf 72' lang='lat' dir='ltr'><strong>gnatus,</strong></span> <span class='ocrx_word' id='word_1_557' title='bbox 1097 4004 1221 4044; x_wconf 88' lang='lat' dir='ltr'><strong>cum</strong></span> <span class='ocrx_word' id='word_1_558' title='bbox 1263 3990 1467 4048; x_wconf 86' lang='lat' dir='ltr'><strong>multos</strong></span> <span class='ocrx_word' id='word_1_559' title='bbox 1505 3991 1676 4046; x_wconf 88' lang='lat' dir='ltr'><strong>variis</strong></span> <span class='ocrx_word' id='word_1_560' title='bbox 1705 3991 1759 4045; x_wconf 88' lang='lat' dir='ltr'><strong>in</strong></span> <span class='ocrx_word' id='word_1_561' title='bbox 1795 3991 1932 4048; x_wconf 89' lang='lat' dir='ltr'><strong>locis</strong></span> <span class='ocrx_word' id='word_1_562' title='bbox 1962 3998 2353 4063; x_wconf 76' lang='lat' dir='ltr'><strong>congregasset</strong></span> <span class='ocrx_word' id='word_1_563' title='bbox 2375 4031 2391 4057; x_wconf 90' lang='lat'><strong>,</strong></span> 
     </span>
    </p>
   </div>
   <div class='ocr_carea' id='block_1_74' title="bbox 827 4082 2393 4155">
    <p class='ocr_par' dir='ltr' id='par_1_74' title="bbox 827 4082 2393 4155">
     <span class='ocr_line' id='line_1_74' title="bbox 827 4082 2393 4155; baseline 0.004 -19"><span class='ocrx_word' id='word_1_564' title='bbox 827 4090 883 4136; x_wconf 87' lang='lat' dir='ltr'><strong>et</strong></span> <span class='ocrx_word' id='word_1_565' title='bbox 910 4082 1239 4151; x_wconf 85' lang='lat' dir='ltr'><strong>competenti</strong></span> <span class='ocrx_word' id='word_1_566' title='bbox 1269 4083 1482 4140; x_wconf 88' lang='lat' dir='ltr'><strong>ratione</strong></span> <span class='ocrx_word' id='word_1_567' title='bbox 1509 4083 1577 4138; x_wconf 88' lang='lat' dir='ltr'><strong>ad</strong></span> <span class='ocrx_word' id='word_1_568' title='bbox 1608 4087 1964 4140; x_wconf 81' lang='lat' dir='ltr'><strong>monasticam</strong></span> <span class='ocrx_word' id='word_1_569' title='bbox 1996 4083 2393 4155; x_wconf 84' lang='lat' dir='ltr'><strong>philosophiam</strong></span> 
     </span>
    </p>
   </div>
   <div class='ocr_carea' id='block_1_75' title="bbox 827 4170 2393 4246">
    <p class='ocr_par' dir='ltr' id='par_1_75' title="bbox 827 4170 2393 4246">
     <span class='ocr_line' id='line_1_75' title="bbox 827 4170 2393 4246; baseline 0.002 -21"><span class='ocrx_word' id='word_1_570' title='bbox 827 4170 1182 4228; x_wconf 78' lang='lat' dir='ltr'><strong>informasset</strong></span> <span class='ocrx_word' id='word_1_571' title='bbox 1202 4214 1218 4239; x_wconf 89' lang='lat'><strong>,</strong></span> <span class='ocrx_word' id='word_1_572' title='bbox 1245 4173 1466 4229; x_wconf 88' lang='lat' dir='ltr'><strong>tandem</strong></span> <span class='ocrx_word' id='word_1_573' title='bbox 1500 4175 1555 4229; x_wconf 90' lang='lat' dir='ltr'><strong>in</strong></span> <span class='ocrx_word' id='word_1_574' title='bbox 1587 4174 1709 4230; x_wconf 92' lang='lat' dir='ltr'><strong>loco</strong></span> <span class='ocrx_word' id='word_1_575' title='bbox 1735 4175 1830 4246; x_wconf 86' lang='lat' dir='ltr'><strong>qui</strong></span> <span class='ocrx_word' id='word_1_576' title='bbox 1874 4174 2131 4245; x_wconf 73' lang='lat' dir='ltr'><strong>Jugatum</strong></span> <span class='ocrx_word' id='word_1_577' title='bbox 2170 4175 2393 4239; x_wconf 88' lang='lat' dir='ltr'><strong>dicitur,</strong></span> 
     </span>
    </p>
   </div>
   <div class='ocr_carea' id='block_1_76' title="bbox 829 4264 2396 4338">
    <p class='ocr_par' dir='ltr' id='par_1_76' title="bbox 829 4264 2396 4338">
     <span class='ocr_line' id='line_1_76' title="bbox 829 4264 2396 4338; baseline 0.004 -21"><span class='ocrx_word' id='word_1_578' title='bbox 829 4264 1124 4318; x_wconf 76' lang='lat' dir='ltr'><strong>maximam</strong></span> <span class='ocrx_word' id='word_1_579' title='bbox 1152 4279 1217 4318; x_wconf 87' lang='lat' dir='ltr'><strong>ac</strong></span> <span class='ocrx_word' id='word_1_580' title='bbox 1246 4265 1645 4323; x_wconf 85' lang='lat' dir='ltr'><strong>nobilissimam</strong></span> <span class='ocrx_word' id='word_1_581' title='bbox 1677 4268 2071 4322; x_wconf 86' lang='lat' dir='ltr'><strong>monachorum</strong></span> <span class='ocrx_word' id='word_1_582' title='bbox 2099 4282 2396 4338; x_wconf 66' lang='lat' dir='ltr'><strong>congregao</strong></span> 
     </span>
    </p>
   </div>
   <div class='ocr_carea' id='block_1_77' title="bbox 830 4355 2396 4424">
    <p class='ocr_par' dir='ltr' id='par_1_77' title="bbox 830 4355 2396 4424">
     <span class='ocr_line' id='line_1_77' title="bbox 830 4355 2396 4424; baseline 0.003 -16"><span class='ocrx_word' id='word_1_583' title='bbox 830 4356 1033 4410; x_wconf 87' lang='lat' dir='ltr'><strong>tionem</strong></span> <span class='ocrx_word' id='word_1_584' title='bbox 1068 4355 1324 4411; x_wconf 87' lang='lat' dir='ltr'><strong>instituit.</strong></span> <span class='ocrx_word' id='word_1_585' title='bbox 1363 4355 1483 4424; x_wconf 83' lang='lat' dir='ltr'><strong>Quo</strong></span> <span class='ocrx_word' id='word_1_586' title='bbox 1506 4357 1673 4413; x_wconf 87' lang='lat' dir='ltr'><strong>etiam</strong></span> <span class='ocrx_word' id='word_1_587' title='bbox 1710 4358 1763 4413; x_wconf 94' lang='lat' dir='ltr'><strong>in</strong></span> <span class='ocrx_word' id='word_1_588' title='bbox 1800 4358 1920 4414; x_wconf 91' lang='lat' dir='ltr'><strong>loco</strong></span> <span class='ocrx_word' id='word_1_589' title='bbox 1945 4369 2193 4414; x_wconf 87' lang='lat' dir='ltr'><strong>mortuus</strong></span> <span class='ocrx_word' id='word_1_590' title='bbox 2219 4368 2302 4415; x_wconf 83' lang='lat' dir='ltr'><strong>est</strong></span> <span class='ocrx_word' id='word_1_591' title='bbox 2331 4372 2396 4413; x_wconf 88' lang='lat' dir='ltr'><strong>ac</strong></span> 
     </span>
    </p>
   </div>
   <div class='ocr_carea' id='block_1_78' title="bbox 829 4448 2395 4521">
    <p class='ocr_par' dir='ltr' id='par_1_78' title="bbox 829 4448 2395 4521">
     <span class='ocr_line' id='line_1_78' title="bbox 829 4448 2395 4521; baseline 0.001 -18"><span class='ocrx_word' id='word_1_592' title='bbox 829 4450 1105 4517; x_wconf 86' lang='lat' dir='ltr'><strong>sepultus,</strong></span> <span class='ocrx_word' id='word_1_593' title='bbox 1135 4462 1263 4504; x_wconf 90' lang='lat' dir='ltr'><strong>cum</strong></span> <span class='ocrx_word' id='word_1_594' title='bbox 1293 4448 1603 4506; x_wconf 81' lang='lat' dir='ltr'><strong>diutissime</strong></span> <span class='ocrx_word' id='word_1_595' title='bbox 1634 4449 1900 4515; x_wconf 80' lang='lat' dir='ltr'><strong>vixisset;</strong></span> <span class='ocrx_word' id='word_1_596' title='bbox 1945 4450 2148 4521; x_wconf 90' lang='lat' dir='ltr'><strong>quippe</strong></span> <span class='ocrx_word' id='word_1_597' title='bbox 2191 4449 2284 4520; x_wconf 88' lang='lat' dir='ltr'><strong>qui</strong></span> <span class='ocrx_word' id='word_1_598' title='bbox 2328 4450 2395 4505; x_wconf 88' lang='lat' dir='ltr'><strong>ad</strong></span> 
     </span>
    </p>
   </div>
   <div class='ocr_carea' id='block_1_79' title="bbox 831 4540 2469 4636">
    <p class='ocr_par' dir='ltr' id='par_1_79' title="bbox 831 4540 2469 4636">
     <span class='ocr_line' id='line_1_79' title="bbox 831 4540 2469 4636; baseline 0 -42"><span class='ocrx_word' id='word_1_599' title='bbox 831 4547 1021 4596; x_wconf 87' lang='lat' dir='ltr'><strong>nostra</strong></span> <span class='ocrx_word' id='word_1_600' title='bbox 1053 4554 1228 4609; x_wconf 84' lang='lat' dir='ltr'><strong>usque</strong></span> <span class='ocrx_word' id='word_1_601' title='bbox 1265 4548 1511 4611; x_wconf 87' lang='lat' dir='ltr'><strong>tempora</strong></span> <span class='ocrx_word' id='word_1_602' title='bbox 1538 4540 1703 4596; x_wconf 81' lang='lat' dir='ltr'><strong>vitam</strong></span> <span class='ocrx_word' id='word_1_603' title='bbox 1733 4541 2091 4613; x_wconf 83' lang='lat' dir='ltr'><strong>produxerit,</strong></span> <span class='ocrx_word' id='word_1_604' title='bbox 2135 4541 2392 4596; x_wconf 79' lang='lat' dir='ltr'><strong>eximiam</strong></span> <span class='ocrx_word' id='word_1_605' title='bbox 2428 4581 2469 4636; x_wconf 65' lang='grc' dir='ltr'>ο</span> 
     </span>
    </p>
   </div>
   <div class='ocr_carea' id='block_1_80' title="bbox 829 4629 2394 4702">
    <p class='ocr_par' dir='ltr' id='par_1_80' title="bbox 829 4629 2394 4702">
     <span class='ocr_line' id='line_1_80' title="bbox 829 4629 2394 4702; baseline 0.003 -21"><span class='ocrx_word' id='word_1_606' title='bbox 829 4646 895 4685; x_wconf 79' lang='lat' dir='ltr'><strong>ac</strong></span> <span class='ocrx_word' id='word_1_607' title='bbox 923 4644 1049 4686; x_wconf 88' lang='lat' dir='ltr'><strong>vere</strong></span> <span class='ocrx_word' id='word_1_608' title='bbox 1076 4630 1317 4686; x_wconf 85' lang='lat' dir='ltr'><strong>divinam</strong></span> <span class='ocrx_word' id='word_1_609' title='bbox 1366 4629 1785 4702; x_wconf 84' lang='lat' dir='ltr'><strong>philosophandi</strong></span> <span class='ocrx_word' id='word_1_610' title='bbox 1833 4633 2099 4687; x_wconf 88' lang='lat' dir='ltr'><strong>rationem</strong></span> <span class='ocrx_word' id='word_1_611' title='bbox 2149 4641 2394 4687; x_wconf 83' lang='lat' dir='ltr'><strong>secutus.</strong></span> 
     </span>
    </p>
   </div>
   <div class='ocr_carea' id='block_1_81' title="bbox 830 4722 2395 4794">
    <p class='ocr_par' dir='ltr' id='par_1_81' title="bbox 830 4722 2395 4794">
     <span class='ocr_line' id='line_1_81' title="bbox 830 4722 2395 4794; baseline 0.001 -17"><span class='ocrx_word' id='word_1_612' title='bbox 830 4723 935 4777; x_wconf 80' lang='lat' dir='ltr'><strong>Sed</strong></span> <span class='ocrx_word' id='word_1_613' title='bbox 964 4731 1019 4777; x_wconf 90' lang='lat' dir='ltr'><strong>et</strong></span> <span class='ocrx_word' id='word_1_614' title='bbox 1051 4722 1247 4793; x_wconf 86' lang='lat' dir='ltr'><strong>reliqui</strong></span> <span class='ocrx_word' id='word_1_615' title='bbox 1276 4737 1418 4794; x_wconf 89' lang='lat' dir='ltr'><strong>quos</strong></span> <span class='ocrx_word' id='word_1_616' title='bbox 1447 4738 1615 4794; x_wconf 81' lang='lat' dir='ltr'><strong>supra</strong></span> <span class='ocrx_word' id='word_1_617' title='bbox 1645 4725 2071 4782; x_wconf 87' lang='lat' dir='ltr'><strong>memoravimus</strong></span> <span class='ocrx_word' id='word_1_618' title='bbox 2104 4723 2354 4781; x_wconf 87' lang='lat' dir='ltr'><strong>monachi</strong></span> <span class='ocrx_word' id='word_1_619' title='bbox 2379 4764 2395 4789; x_wconf 89' lang='lat'><strong>,</strong></span> 
     </span>
    </p>
   </div>
   <div class='ocr_carea' id='block_1_82' title="bbox 829 4814 2398 4886">
    <p class='ocr_par' dir='ltr' id='par_1_82' title="bbox 829 4814 2398 4886">
     <span class='ocr_line' id='line_1_82' title="bbox 829 4814 2398 4886; baseline 0.003 -21"><span class='ocrx_word' id='word_1_620' title='bbox 829 4820 946 4869; x_wconf 82' lang='lat' dir='ltr'><strong>tere</strong></span> <span class='ocrx_word' id='word_1_621' title='bbox 978 4828 1172 4869; x_wconf 69' lang='lat' dir='ltr'><strong>inutiles</strong></span> <span class='ocrx_word' id='word_1_622' title='bbox 1203 4814 1295 4869; x_wconf 89' lang='lat' dir='ltr'><strong>diu</strong></span> <span class='ocrx_word' id='word_1_623' title='bbox 1328 4816 1655 4885; x_wconf 82' lang='lat' dir='ltr'><strong>superstites</strong></span> <span class='ocrx_word' id='word_1_624' title='bbox 1684 4818 1960 4870; x_wconf 75' lang='lat' dir='ltr'><strong>vixerunt.</strong></span> <span class='ocrx_word' id='word_1_625' title='bbox 1993 4815 2072 4869; x_wconf 81' lang='lat' dir='ltr'><strong>Ac</strong></span> <span class='ocrx_word' id='word_1_626' title='bbox 2109 4816 2238 4870; x_wconf 89' lang='lat' dir='ltr'><strong>mihi</strong></span> <span class='ocrx_word' id='word_1_627' title='bbox 2274 4816 2398 4886; x_wconf 89' lang='lat' dir='ltr'><strong>qui-</strong></span> 
     </span>
    </p>
   </div>
   <div class='ocr_carea' id='block_1_83' title="bbox 829 4904 2403 4977">
    <p class='ocr_par' dir='ltr' id='par_1_83' title="bbox 829 4904 2403 4977">
     <span class='ocr_line' id='line_1_83' title="bbox 829 4904 2403 4977; baseline 0.001 -18"><span class='ocrx_word' id='word_1_628' title='bbox 829 4906 952 4960; x_wconf 88' lang='lat' dir='ltr'><strong>dem</strong></span> <span class='ocrx_word' id='word_1_629' title='bbox 984 4904 1201 4960; x_wconf 80' lang='lat' dir='ltr'><strong>videtur</strong></span> <span class='ocrx_word' id='word_1_630' title='bbox 1228 4905 1371 4961; x_wconf 85' lang='lat' dir='ltr'><strong>Deus</strong></span> <span class='ocrx_word' id='word_1_631' title='bbox 1395 4906 1664 4977; x_wconf 88' lang='lat' dir='ltr'><strong>prolixum</strong></span> <span class='ocrx_word' id='word_1_632' title='bbox 1700 4907 1823 4961; x_wconf 70' lang='lat' dir='ltr'><strong>vitae</strong></span> <span class='ocrx_word' id='word_1_633' title='bbox 1852 4907 2090 4977; x_wconf 86' lang='lat' dir='ltr'><strong>spatium</strong></span> <span class='ocrx_word' id='word_1_634' title='bbox 2120 4906 2185 4961; x_wconf 89' lang='lat' dir='ltr'><strong>iis</strong></span> <span class='ocrx_word' id='word_1_635' title='bbox 2216 4907 2403 4961; x_wconf 77' lang='lat' dir='ltr'><strong>indul-</strong></span> 
     </span>
    </p>
   </div>
   <div class='ocr_carea' id='block_1_84' title="bbox 828 4997 2388 5069">
    <p class='ocr_par' dir='ltr' id='par_1_84' title="bbox 828 4997 2388 5069">
     <span class='ocr_line' id='line_1_84' title="bbox 828 4997 2388 5069; baseline 0 -17"><span class='ocrx_word' id='word_1_636' title='bbox 828 4998 997 5063; x_wconf 77' lang='lat' dir='ltr'><strong>sisse,</strong></span> <span class='ocrx_word' id='word_1_637' title='bbox 1028 5005 1087 5051; x_wconf 91' lang='lat' dir='ltr'><strong>ut</strong></span> <span class='ocrx_word' id='word_1_638' title='bbox 1114 4999 1307 5068; x_wconf 72' lang='lat' dir='ltr'><strong>religio</strong></span> <span class='ocrx_word' id='word_1_639' title='bbox 1338 4998 1737 5056; x_wconf 87' lang='lat' dir='ltr'><strong>incrementum</strong></span> <span class='ocrx_word' id='word_1_640' title='bbox 1783 5000 2072 5069; x_wconf 84' lang='lat' dir='ltr'><strong>acciperet.</strong></span> <span class='ocrx_word' id='word_1_641' title='bbox 2119 4997 2199 5053; x_wconf 88' lang='lat' dir='ltr'><strong>Illi</strong></span> <span class='ocrx_word' id='word_1_642' title='bbox 2244 4999 2388 5054; x_wconf 91' lang='lat' dir='ltr'><strong>enim</strong></span> 
     </span>
    </p>
   </div>
   <div class='ocr_carea' id='block_1_85' title="bbox 829 5089 2390 5160">
    <p class='ocr_par' dir='ltr' id='par_1_85' title="bbox 829 5089 2390 5160">
     <span class='ocr_line' id='line_1_85' title="bbox 829 5089 2390 5160; baseline 0 -17"><span class='ocrx_word' id='word_1_643' title='bbox 829 5093 1007 5160; x_wconf 71' lang='lat' dir='ltr'><strong>byros</strong></span> <span class='ocrx_word' id='word_1_644' title='bbox 1032 5089 1141 5147; x_wconf 72' lang='lat' dir='ltr'><strong>fere</strong></span> <span class='ocrx_word' id='word_1_645' title='bbox 1162 5105 1378 5153; x_wconf 88' lang='lat' dir='ltr'><strong>omnes.</strong></span> <span class='ocrx_word' id='word_1_646' title='bbox 1402 5099 1460 5147; x_wconf 89' lang='lat' dir='ltr'><strong>et</strong></span> <span class='ocrx_word' id='word_1_647' title='bbox 1484 5106 1551 5147; x_wconf 88' lang='lat' dir='ltr'><strong>ex</strong></span> <span class='ocrx_word' id='word_1_648' title='bbox 1574 5090 1760 5148; x_wconf 87' lang='lat' dir='ltr'><strong>Persis</strong></span> <span class='ocrx_word' id='word_1_649' title='bbox 1788 5108 1853 5149; x_wconf 89' lang='lat' dir='ltr'><strong>ac</strong></span> <span class='ocrx_word' id='word_1_650' title='bbox 1883 5091 2171 5147; x_wconf 84' lang='lat' dir='ltr'><strong>Saracenis</strong></span> <span class='ocrx_word' id='word_1_651' title='bbox 2195 5106 2390 5160; x_wconf 85' lang='lat' dir='ltr'><strong>quam-</strong></span> 
     </span>
    </p>
   </div>
   <div class='ocr_carea' id='block_1_86' title="bbox 829 5181 2389 5253">
    <p class='ocr_par' dir='ltr' id='par_1_86' title="bbox 829 5181 2389 5253">
     <span class='ocr_line' id='line_1_86' title="bbox 829 5181 2389 5253; baseline 0.002 -19"><span class='ocrx_word' id='word_1_652' title='bbox 829 5182 1115 5248; x_wconf 81' lang='lat' dir='ltr'><strong>plurimas,</strong></span> <span class='ocrx_word' id='word_1_653' title='bbox 1139 5181 1206 5238; x_wconf 88' lang='lat' dir='ltr'><strong>ad</strong></span> <span class='ocrx_word' id='word_1_654' title='bbox 1229 5182 1545 5253; x_wconf 71' lang='lat' dir='ltr'><strong>religionem</strong></span> <span class='ocrx_word' id='word_1_655' title='bbox 1568 5198 1723 5238; x_wconf 90' lang='lat' dir='ltr'><strong>suam</strong></span> <span class='ocrx_word' id='word_1_656' title='bbox 1743 5183 2106 5239; x_wconf 86' lang='lat' dir='ltr'><strong>traduxerunt</strong></span> <span class='ocrx_word' id='word_1_657' title='bbox 2125 5224 2139 5246; x_wconf 89' lang='lat'><strong>,</strong></span> <span class='ocrx_word' id='word_1_658' title='bbox 2168 5194 2222 5239; x_wconf 90' lang='lat' dir='ltr'><strong>et</strong></span> <span class='ocrx_word' id='word_1_659' title='bbox 2246 5201 2273 5237; x_wconf 78' lang='grc' dir='ltr'><strong>ιι</strong></span> <span class='ocrx_word' id='word_1_660' title='bbox 2300 5199 2389 5238; x_wconf 86' lang='lat' dir='ltr'><strong>su-</strong></span> 
     </span>
    </p>
   </div>
   <div class='ocr_carea' id='block_1_87' title="bbox 830 5269 2390 5371">
    <p class='ocr_par' dir='ltr' id='par_1_87' title="bbox 830 5269 2390 5371">
     <span class='ocr_line' id='line_1_87' title="bbox 830 5269 2390 5371; baseline 0.003 -50"><span class='ocrx_word' id='word_1_661' title='bbox 830 5269 1147 5338; x_wconf 85' lang='lat' dir='ltr'><strong>perstitioso</strong></span> <span class='ocrx_word' id='word_1_662' title='bbox 1171 5272 1479 5327; x_wconf 70' lang='lat' dir='ltr'><strong>daemonum</strong></span> <span class='ocrx_word' id='word_1_663' title='bbox 1508 5277 1660 5328; x_wconf 91' lang='lat' dir='ltr'><strong>cultu</strong></span> <span class='ocrx_word' id='word_1_664' title='bbox 1701 5275 2109 5330; x_wconf 74' lang='lat' dir='ltr'><strong>abstraxerunt.</strong></span> <span class='ocrx_word' id='word_1_665' title='bbox 2146 5276 2390 5371; x_wconf 57' lang='lat' dir='ltr'><strong>Ciumque</strong></span> 
     </span>
    </p>
   </div>
   <div class='ocr_carea' id='block_1_88' title="bbox 898 5380 1514 5449">
    <p class='ocr_par' dir='ltr' id='par_1_88' title="bbox 898 5380 1514 5449">
     <span class='ocr_line' id='line_1_88' title="bbox 898 5380 1514 5449; baseline 0.006 -14"><span class='ocrx_word' id='word_1_666' title='bbox 898 5384 913 5414; x_wconf 82' lang='grc'>¹</span> <span class='ocrx_word' id='word_1_667' title='bbox 953 5380 1071 5438; x_wconf 86' lang='lat' dir='ltr'><strong>Lib.</strong></span> <span class='ocrx_word' id='word_1_668' title='bbox 1104 5397 1189 5448; x_wconf 87' lang='grc' dir='ltr'>ιιι,</span> <span class='ocrx_word' id='word_1_669' title='bbox 1222 5398 1275 5441; x_wconf 90' lang='lat' dir='ltr'><strong>c.</strong></span> <span class='ocrx_word' id='word_1_670' title='bbox 1302 5384 1391 5449; x_wconf 77' lang='grc' dir='ltr'><strong>ιι,</strong></span> <span class='ocrx_word' id='word_1_671' title='bbox 1427 5384 1514 5441; x_wconf 80' lang='lat' dir='ltr'><strong>l6.</strong></span> 
     </span>
    </p>
   </div>
   <div class='ocr_carea' id='block_1_89' title="bbox 2488 3352 4067 3425">
    <p class='ocr_par' dir='ltr' id='par_1_89' title="bbox 2488 3352 4067 3425">
     <span class='ocr_line' id='line_1_89' title="bbox 2488 3352 4067 3425; baseline -0.002 -19"><span class='ocrx_word' id='word_1_672' title='bbox 2488 3353 2547 3417; x_wconf 82' lang='grc' dir='ltr'>ὃς</span> <span class='ocrx_word' id='word_1_673' title='bbox 2571 3354 2679 3408; x_wconf 80' lang='grc' dir='ltr'><strong>ἀπὸ</strong></span> <span class='ocrx_word' id='word_1_674' title='bbox 2722 3354 2821 3424; x_wconf 81' lang='grc' dir='ltr'>τῆς</span> <span class='ocrx_word' id='word_1_675' title='bbox 2845 3354 3115 3425; x_wconf 81' lang='grc' dir='ltr'>Τελμισού</span> <span class='ocrx_word' id='word_1_676' title='bbox 3152 3356 3252 3425; x_wconf 85' lang='grc' dir='ltr'>τῆς</span> <span class='ocrx_word' id='word_1_677' title='bbox 3282 3352 3473 3423; x_wconf 81' lang='grc' dir='ltr'>κώμης</span> <span class='ocrx_word' id='word_1_678' title='bbox 3525 3353 3739 3418; x_wconf 75' lang='grc' dir='ltr'>ἐγένετο</span> <span class='ocrx_word' id='word_1_679' title='bbox 3763 3369 3779 3385; x_wconf 78' lang='grc'><em>’</em></span> <span class='ocrx_word' id='word_1_680' title='bbox 3831 3353 4067 3416; x_wconf 60' lang='grc' dir='ltr'>πολλούς</span> 
     </span>
    </p>
   </div>
   <div class='ocr_carea' id='block_1_90' title="bbox 2488 3442 4068 3515">
    <p class='ocr_par' dir='ltr' id='par_1_90' title="bbox 2488 3442 4068 3515">
     <span class='ocr_line' id='line_1_90' title="bbox 2488 3442 4068 3515; baseline -0.001 -18"><span class='ocrx_word' id='word_1_681' title='bbox 2488 3444 2546 3497; x_wconf 77' lang='grc' dir='ltr'>δὲ</span> <span class='ocrx_word' id='word_1_682' title='bbox 2583 3445 2642 3498; x_wconf 83' lang='grc' dir='ltr'>ὲν</span> <span class='ocrx_word' id='word_1_683' title='bbox 2670 3444 2881 3509; x_wconf 77' lang='grc' dir='ltr'>πολλοῖς</span> <span class='ocrx_word' id='word_1_684' title='bbox 2907 3445 3091 3507; x_wconf 76' lang='grc' dir='ltr'>τόποις</span> <span class='ocrx_word' id='word_1_685' title='bbox 3121 3444 3451 3507; x_wconf 87' lang='grc' dir='ltr'>συνοικίσας,</span> <span class='ocrx_word' id='word_1_686' title='bbox 3507 3444 3600 3496; x_wconf 77' lang='grc' dir='ltr'><strong>καὶ</strong></span> <span class='ocrx_word' id='word_1_687' title='bbox 3637 3444 3696 3495; x_wconf 81' lang='grc' dir='ltr'>ὃν</span> <span class='ocrx_word' id='word_1_688' title='bbox 3728 3442 3832 3515; x_wconf 76' lang='grc' dir='ltr'><strong>χρὴ</strong></span> <span class='ocrx_word' id='word_1_689' title='bbox 3860 3446 4068 3511; x_wconf 65' lang='grc' dir='ltr'>τρόπον</span> 
     </span>
    </p>
   </div>
   <div class='ocr_carea' id='block_1_91' title="bbox 2492 3534 4067 3604">
    <p class='ocr_par' dir='ltr' id='par_1_91' title="bbox 2492 3534 4067 3604">
     <span class='ocr_line' id='line_1_91' title="bbox 2492 3534 4067 3604; baseline -0.001 -17"><span class='ocrx_word' id='word_1_690' title='bbox 2492 3534 2817 3602; x_wconf 77' lang='grc' dir='ltr'>συναγαγὼν</span> <span class='ocrx_word' id='word_1_691' title='bbox 2859 3538 2938 3597; x_wconf 83' lang='grc' dir='ltr'><strong>είς</strong></span> <span class='ocrx_word' id='word_1_692' title='bbox 2978 3537 3037 3588; x_wconf 70' lang='grc' dir='ltr'>τὸ</span> <span class='ocrx_word' id='word_1_693' title='bbox 3064 3537 3365 3604; x_wconf 69' lang='grc' dir='ltr'>φιλοσοφεῖν</span> <span class='ocrx_word' id='word_1_694' title='bbox 3401 3535 3630 3598; x_wconf 74' lang='grc' dir='ltr'>εἰδέναι,</span> <span class='ocrx_word' id='word_1_695' title='bbox 3661 3534 3722 3587; x_wconf 81' lang='grc' dir='ltr'>τὸ</span> <span class='ocrx_word' id='word_1_696' title='bbox 3754 3536 4067 3586; x_wconf 62' lang='grc' dir='ltr'>τελευταῖον</span> 
     </span>
    </p>
   </div>
   <div class='ocr_carea' id='block_1_92' title="bbox 2491 3626 4067 3697">
    <p class='ocr_par' dir='ltr' id='par_1_92' title="bbox 2491 3626 4067 3697">
     <span class='ocr_line' id='line_1_92' title="bbox 2491 3626 4067 3697; baseline -0.001 -18"><span class='ocrx_word' id='word_1_697' title='bbox 2491 3629 2570 3691; x_wconf 85' lang='grc' dir='ltr'><strong>εἰς</strong></span> <span class='ocrx_word' id='word_1_698' title='bbox 2607 3628 2669 3680; x_wconf 83' lang='grc' dir='ltr'>τὸ</span> <span class='ocrx_word' id='word_1_699' title='bbox 2709 3626 2976 3697; x_wconf 81' lang='grc' dir='ltr'>Ἰουγάτον</span> <span class='ocrx_word' id='word_1_700' title='bbox 3008 3628 3338 3693; x_wconf 77' lang='grc' dir='ltr'>καλούμενον</span> <span class='ocrx_word' id='word_1_701' title='bbox 3372 3628 3567 3697; x_wconf 81' lang='grc' dir='ltr'>χωρίον</span> <span class='ocrx_word' id='word_1_702' title='bbox 3601 3629 3864 3697; x_wconf 78' lang='grc' dir='ltr'>μεγίστην</span> <span class='ocrx_word' id='word_1_703' title='bbox 3896 3645 3953 3679; x_wconf 84' lang='grc' dir='ltr'><strong>τε</strong></span> <span class='ocrx_word' id='word_1_704' title='bbox 3971 3628 4067 3677; x_wconf 71' lang='grc' dir='ltr'>καὶ</span> 
     </span>
    </p>
   </div>
   <div class='ocr_carea' id='block_1_93' title="bbox 2491 3717 4069 3788">
    <p class='ocr_par' dir='ltr' id='par_1_93' title="bbox 2491 3717 4069 3788">
     <span class='ocr_line' id='line_1_93' title="bbox 2491 3717 4069 3788; baseline 0.001 -18"><span class='ocrx_word' id='word_1_705' title='bbox 2491 3717 2896 3788; x_wconf 64' lang='grc' dir='ltr'>ἐπισημοτάτην</span> <span class='ocrx_word' id='word_1_706' title='bbox 2915 3719 3187 3772; x_wconf 82' lang='grc' dir='ltr'>συνοικίαν</span> <span class='ocrx_word' id='word_1_707' title='bbox 3212 3718 3458 3788; x_wconf 76' lang='grc' dir='ltr'>μοναχών</span> <span class='ocrx_word' id='word_1_708' title='bbox 3479 3720 3868 3787; x_wconf 77' lang='grc' dir='ltr'>κατεστήσατο.</span> <span class='ocrx_word' id='word_1_709' title='bbox 3894 3719 4069 3772; x_wconf 73' lang='grc' dir='ltr'>Ἐνοα</span> 
     </span>
    </p>
   </div>
   <div class='ocr_carea' id='block_1_94' title="bbox 2490 3808 4070 3879">
    <p class='ocr_par' dir='ltr' id='par_1_94' title="bbox 2490 3808 4070 3879">
     <span class='ocr_line' id='line_1_94' title="bbox 2490 3808 4070 3879; baseline -0.001 -18"><span class='ocrx_word' id='word_1_710' title='bbox 2490 3808 2554 3879; x_wconf 81' lang='grc' dir='ltr'>δὴ</span> <span class='ocrx_word' id='word_1_711' title='bbox 2583 3810 2674 3861; x_wconf 75' lang='grc' dir='ltr'>καὶ</span> <span class='ocrx_word' id='word_1_712' title='bbox 2707 3809 3045 3879; x_wconf 83' lang='grc' dir='ltr'>ἐτελεύτησε,</span> <span class='ocrx_word' id='word_1_713' title='bbox 3097 3810 3193 3863; x_wconf 68' lang='grc' dir='ltr'>καὶ</span> <span class='ocrx_word' id='word_1_714' title='bbox 3242 3808 3332 3863; x_wconf 79' lang='grc' dir='ltr'>τὸν</span> <span class='ocrx_word' id='word_1_715' title='bbox 3363 3809 3529 3878; x_wconf 75' lang='grc' dir='ltr'>τάφον</span> <span class='ocrx_word' id='word_1_716' title='bbox 3577 3808 3709 3877; x_wconf 81' lang='grc' dir='ltr'>ἔχει,</span> <span class='ocrx_word' id='word_1_717' title='bbox 3754 3808 4070 3879; x_wconf 78' lang='grc' dir='ltr'>μακροϐιώ-</span> 
     </span>
    </p>
   </div>
   <div class='ocr_carea' id='block_1_95' title="bbox 2491 3898 4065 3972">
    <p class='ocr_par' dir='ltr' id='par_1_95' title="bbox 2491 3898 4065 3972">
     <span class='ocr_line' id='line_1_95' title="bbox 2491 3898 4065 3972; baseline 0 -20"><span class='ocrx_word' id='word_1_718' title='bbox 2491 3916 2652 3962; x_wconf 87' lang='grc' dir='ltr'>τατος</span> <span class='ocrx_word' id='word_1_719' title='bbox 2671 3898 2907 3969; x_wconf 88' lang='grc' dir='ltr'>γεγονώς</span> <span class='ocrx_word' id='word_1_720' title='bbox 2937 3915 2953 3931; x_wconf 76' lang='grc'><em>’</em></span> <span class='ocrx_word' id='word_1_721' title='bbox 3005 3901 3082 3964; x_wconf 88' lang='grc' dir='ltr'><strong>ώς</strong></span> <span class='ocrx_word' id='word_1_722' title='bbox 3108 3901 3269 3972; x_wconf 83' lang='grc' dir='ltr'>μέχρι</span> <span class='ocrx_word' id='word_1_723' title='bbox 3306 3902 3399 3955; x_wconf 79' lang='grc' dir='ltr'>καὶ</span> <span class='ocrx_word' id='word_1_724' title='bbox 3440 3904 3518 3963; x_wconf 82' lang='grc' dir='ltr'><strong>εἰς</strong></span> <span class='ocrx_word' id='word_1_725' title='bbox 3563 3902 3712 3969; x_wconf 78' lang='grc' dir='ltr'>ἡμᾶς</span> <span class='ocrx_word' id='word_1_726' title='bbox 3753 3900 4065 3963; x_wconf 65' lang='grc' dir='ltr'>ἐπιϐιῶναι,</span> 
     </span>
    </p>
   </div>
   <div class='ocr_carea' id='block_1_96' title="bbox 2493 3989 4071 4061">
    <p class='ocr_par' dir='ltr' id='par_1_96' title="bbox 2493 3989 4071 4061">
     <span class='ocr_line' id='line_1_96' title="bbox 2493 3989 4071 4061; baseline 0 -18"><span class='ocrx_word' id='word_1_727' title='bbox 2493 3989 2797 4061; x_wconf 83' lang='grc' dir='ltr'>εύδοκίμως</span> <span class='ocrx_word' id='word_1_728' title='bbox 2842 3991 2938 4045; x_wconf 72' lang='grc' dir='ltr'>καὶ</span> <span class='ocrx_word' id='word_1_729' title='bbox 2966 3991 3125 4054; x_wconf 84' lang='grc' dir='ltr'>Θείως</span> <span class='ocrx_word' id='word_1_730' title='bbox 3152 3991 3536 4060; x_wconf 77' lang='grc' dir='ltr'>φιλοσοφήσας.</span> <span class='ocrx_word' id='word_1_731' title='bbox 3600 3992 3707 4045; x_wconf 79' lang='grc' dir='ltr'><strong>Καὶ</strong></span> <span class='ocrx_word' id='word_1_732' title='bbox 3745 3991 3852 4045; x_wconf 86' lang='grc' dir='ltr'>τῶν</span> <span class='ocrx_word' id='word_1_733' title='bbox 3889 3992 4071 4044; x_wconf 60' lang='lat' dir='ltr'><strong>illum</strong></span> 
     </span>
    </p>
   </div>
   <div class='ocr_carea' id='block_1_97' title="bbox 2495 4081 4069 4153">
    <p class='ocr_par' dir='ltr' id='par_1_97' title="bbox 2495 4081 4069 4153">
     <span class='ocr_line' id='line_1_97' title="bbox 2495 4081 4069 4153; baseline 0.001 -17"><span class='ocrx_word' id='word_1_734' title='bbox 2495 4083 2678 4136; x_wconf 84' lang='grc' dir='ltr'>δὲτῶν</span> <span class='ocrx_word' id='word_1_735' title='bbox 2716 4081 3062 4153; x_wconf 71' lang='grc' dir='ltr'>δηλωθέντων</span> <span class='ocrx_word' id='word_1_736' title='bbox 3112 4082 3359 4152; x_wconf 83' lang='grc' dir='ltr'>μοναχῶν</span> <span class='ocrx_word' id='word_1_737' title='bbox 3382 4123 3396 4147; x_wconf 88' lang='grc'><strong>,</strong></span> <span class='ocrx_word' id='word_1_738' title='bbox 3448 4082 3632 4153; x_wconf 80' lang='grc' dir='ltr'>σχεδὸν</span> <span class='ocrx_word' id='word_1_739' title='bbox 3662 4086 3860 4146; x_wconf 59' lang='grc' dir='ltr'>πάντες</span> <span class='ocrx_word' id='word_1_740' title='bbox 3896 4084 4069 4137; x_wconf 70' lang='grc' dir='ltr'>πολὺν</span> 
     </span>
    </p>
   </div>
   <div class='ocr_carea' id='block_1_98' title="bbox 2493 4172 4069 4245">
    <p class='ocr_par' dir='ltr' id='par_1_98' title="bbox 2493 4172 4069 4245">
     <span class='ocr_line' id='line_1_98' title="bbox 2493 4172 4069 4245; baseline 0.002 -20"><span class='ocrx_word' id='word_1_741' title='bbox 2493 4172 2793 4241; x_wconf 77' lang='grc' dir='ltr'>διεγένοντο</span> <span class='ocrx_word' id='word_1_742' title='bbox 2839 4174 3047 4245; x_wconf 82' lang='grc' dir='ltr'>χρόνον.</span> <span class='ocrx_word' id='word_1_743' title='bbox 3123 4174 3232 4228; x_wconf 77' lang='grc' dir='ltr'>Καί</span> <span class='ocrx_word' id='word_1_744' title='bbox 3272 4192 3360 4245; x_wconf 84' lang='grc' dir='ltr'><strong>μοι</strong></span> <span class='ocrx_word' id='word_1_745' title='bbox 3396 4174 3676 4244; x_wconf 77' lang='grc' dir='ltr'>φαίνεται,</span> <span class='ocrx_word' id='word_1_746' title='bbox 3733 4175 4069 4245; x_wconf 81' lang='grc' dir='ltr'>μακρο6ίους</span> 
     </span>
    </p>
   </div>
   <div class='ocr_carea' id='block_1_99' title="bbox 2495 4262 4066 4335">
    <p class='ocr_par' dir='ltr' id='par_1_99' title="bbox 2495 4262 4066 4335">
     <span class='ocr_line' id='line_1_99' title="bbox 2495 4262 4066 4335; baseline -0.001 -18"><span class='ocrx_word' id='word_1_747' title='bbox 2495 4263 2620 4326; x_wconf 78' lang='grc' dir='ltr'>τοὺς</span> <span class='ocrx_word' id='word_1_748' title='bbox 2653 4263 2853 4333; x_wconf 82' lang='grc' dir='ltr'>ἄνδρας</span> <span class='ocrx_word' id='word_1_749' title='bbox 2885 4264 2913 4316; x_wconf 84' lang='grc' dir='ltr'>ὁ</span> <span class='ocrx_word' id='word_1_750' title='bbox 2944 4262 3077 4328; x_wconf 81' lang='grc' dir='ltr'>Θεὸς</span> <span class='ocrx_word' id='word_1_751' title='bbox 3116 4263 3388 4335; x_wconf 72' lang='grc' dir='ltr'>ἐποίησεν,</span> <span class='ocrx_word' id='word_1_752' title='bbox 3429 4265 3509 4326; x_wconf 85' lang='grc' dir='ltr'><strong>είς</strong></span> <span class='ocrx_word' id='word_1_753' title='bbox 3530 4263 3766 4318; x_wconf 70' lang='grc' dir='ltr'>ἐπίδοσιν</span> <span class='ocrx_word' id='word_1_754' title='bbox 3808 4264 3905 4333; x_wconf 83' lang='grc' dir='ltr'>τὴν</span> <span class='ocrx_word' id='word_1_755' title='bbox 3932 4263 4066 4335; x_wconf 79' lang='grc' dir='ltr'>Θρη-</span> 
     </span>
    </p>
   </div>
   <div class='ocr_carea' id='block_1_100' title="bbox 2499 4352 4069 4425">
    <p class='ocr_par' dir='ltr' id='par_1_100' title="bbox 2499 4352 4069 4425">
     <span class='ocr_line' id='line_1_100' title="bbox 2499 4352 4069 4425; baseline 0.001 -20"><span class='ocrx_word' id='word_1_756' title='bbox 2499 4352 2685 4406; x_wconf 83' lang='grc' dir='ltr'>σκείαν</span> <span class='ocrx_word' id='word_1_757' title='bbox 2717 4353 2886 4420; x_wconf 79' lang='grc' dir='ltr'>ἄγων.</span> <span class='ocrx_word' id='word_1_758' title='bbox 2923 4352 3124 4425; x_wconf 86' lang='grc' dir='ltr'>Σύρους</span> <span class='ocrx_word' id='word_1_759' title='bbox 3151 4370 3205 4407; x_wconf 86' lang='grc' dir='ltr'><strong>τε</strong></span> <span class='ocrx_word' id='word_1_760' title='bbox 3233 4353 3341 4423; x_wconf 67' lang='grc' dir='ltr'><strong>γὰρ</strong></span> <span class='ocrx_word' id='word_1_761' title='bbox 3361 4353 3434 4416; x_wconf 87' lang='grc' dir='ltr'>ὼς</span> <span class='ocrx_word' id='word_1_762' title='bbox 3466 4353 3804 4419; x_wconf 76' lang='grc' dir='ltr'>ὲπίπαν,καὶ</span> <span class='ocrx_word' id='word_1_763' title='bbox 3839 4353 4069 4423; x_wconf 81' lang='grc' dir='ltr'>Περσῶν</span> 
     </span>
    </p>
   </div>
   <div class='ocr_carea' id='block_1_101' title="bbox 2498 4442 4069 4514">
    <p class='ocr_par' dir='ltr' id='par_1_101' title="bbox 2498 4442 4069 4514">
     <span class='ocr_line' id='line_1_101' title="bbox 2498 4442 4069 4514; baseline 0 -17"><span class='ocrx_word' id='word_1_764' title='bbox 2498 4443 2592 4497; x_wconf 75' lang='grc' dir='ltr'>καὶ</span> <span class='ocrx_word' id='word_1_765' title='bbox 2628 4443 2960 4514; x_wconf 63' lang='lat' dir='ltr'><strong>Saporem-Iw</strong></span> <span class='ocrx_word' id='word_1_766' title='bbox 3003 4444 3307 4507; x_wconf 84' lang='grc' dir='ltr'>πλείστους,</span> <span class='ocrx_word' id='word_1_767' title='bbox 3343 4442 3479 4514; x_wconf 74' lang='grc' dir='ltr'>πρὸς</span> <span class='ocrx_word' id='word_1_768' title='bbox 3515 4443 3576 4497; x_wconf 82' lang='grc' dir='ltr'>τὸ</span> <span class='ocrx_word' id='word_1_769' title='bbox 3611 4445 3808 4498; x_wconf 73' lang='grc' dir='ltr'>οἰκεῖον</span> <span class='ocrx_word' id='word_1_770' title='bbox 3852 4444 4069 4513; x_wconf 72' lang='grc' dir='ltr'>ἑτι-ηγά-</span> 
     </span>
    </p>
   </div>
   <div class='ocr_carea' id='block_1_102' title="bbox 2498 4533 4069 4607">
    <p class='ocr_par' dir='ltr' id='par_1_102' title="bbox 2498 4533 4069 4607">
     <span class='ocr_line' id='line_1_102' title="bbox 2498 4533 4069 4607; baseline -0.001 -18"><span class='ocrx_word' id='word_1_771' title='bbox 2498 4551 2655 4605; x_wconf 89' lang='grc' dir='ltr'>γοντο</span> <span class='ocrx_word' id='word_1_772' title='bbox 2696 4535 2879 4599; x_wconf 71' lang='grc' dir='ltr'>σιϐας,</span> <span class='ocrx_word' id='word_1_773' title='bbox 2905 4536 2997 4590; x_wconf 71' lang='grc' dir='ltr'><strong>καὶ</strong></span> <span class='ocrx_word' id='word_1_774' title='bbox 3026 4534 3349 4607; x_wconf 75' lang='grc' dir='ltr'>Ἐλληνίζειι</span> <span class='ocrx_word' id='word_1_775' title='bbox 3381 4533 3975 4607; x_wconf 77' lang='grc' dir='ltr'>ἕπαυσαν.Μοναχικῆς</span> <span class='ocrx_word' id='word_1_776' title='bbox 4006 4552 4069 4589; x_wconf 82' lang='grc' dir='ltr'><strong>τε</strong></span> 
     </span>
    </p>
   </div>
   <div class='ocr_carea' id='block_1_103' title="bbox 2500 4627 4072 4700">
    <p class='ocr_par' dir='ltr' id='par_1_103' title="bbox 2500 4627 4072 4700">
     <span class='ocr_line' id='line_1_103' title="bbox 2500 4627 4072 4700; baseline -0.001 -19"><span class='ocrx_word' id='word_1_777' title='bbox 2500 4628 2816 4700; x_wconf 82' lang='grc' dir='ltr'>φιλοσοφίας</span> <span class='ocrx_word' id='word_1_778' title='bbox 2864 4628 3049 4683; x_wconf 75' lang='grc' dir='ltr'>ἐνθάδε</span> <span class='ocrx_word' id='word_1_779' title='bbox 3091 4629 3380 4698; x_wconf 75' lang='grc' dir='ltr'>ἄρξαντες,</span> <span class='ocrx_word' id='word_1_780' title='bbox 3426 4627 3653 4691; x_wconf 75' lang='grc' dir='ltr'>πολλοὺς</span> <span class='ocrx_word' id='word_1_781' title='bbox 3702 4628 3915 4699; x_wconf 82' lang='grc' dir='ltr'>ὁμοίους</span> <span class='ocrx_word' id='word_1_782' title='bbox 3960 4628 4072 4681; x_wconf 75' lang='grc' dir='ltr'><strong>ἀπ·-</strong></span> 
     </span>
    </p>
   </div>
   <div class='ocr_carea' id='block_1_104' title="bbox 2496 4718 4070 4790">
    <p class='ocr_par' dir='ltr' id='par_1_104' title="bbox 2496 4718 4070 4790">
     <span class='ocr_line' id='line_1_104' title="bbox 2496 4718 4070 4790; baseline -0.003 -15"><span class='ocrx_word' id='word_1_783' title='bbox 2496 4721 2721 4790; x_wconf 75' lang='grc' dir='ltr'>έῳηναν,</span> <span class='ocrx_word' id='word_1_784' title='bbox 2780 4720 2889 4773; x_wconf 70' lang='grc' dir='ltr'><strong>Κχὶ</strong></span> <span class='ocrx_word' id='word_1_785' title='bbox 2914 4719 3156 4779; x_wconf 81' lang='grc' dir='ltr'>Γαλάτας</span> <span class='ocrx_word' id='word_1_786' title='bbox 3193 4718 3248 4773; x_wconf 73' lang='grc' dir='ltr'>δὲ</span> <span class='ocrx_word' id='word_1_787' title='bbox 3275 4719 3370 4773; x_wconf 76' lang='grc' dir='ltr'>καὶ</span> <span class='ocrx_word' id='word_1_788' title='bbox 3399 4719 3791 4781; x_wconf 58' lang='grc' dir='ltr'>Καππαῗόκας,</span> <span class='ocrx_word' id='word_1_789' title='bbox 3820 4719 3916 4771; x_wconf 80' lang='grc' dir='ltr'>καὶ</span> <span class='ocrx_word' id='word_1_790' title='bbox 3940 4719 4070 4782; x_wconf 71' lang='grc' dir='ltr'>τοὺς</span> 
     </span>
    </p>
   </div>
   <div class='ocr_carea' id='block_1_105' title="bbox 2496 4808 4069 4883">
    <p class='ocr_par' dir='ltr' id='par_1_105' title="bbox 2496 4808 4069 4883">
     <span class='ocr_line' id='line_1_105' title="bbox 2496 4808 4069 4883; baseline -0.004 -16"><span class='ocrx_word' id='word_1_791' title='bbox 2496 4812 2700 4867; x_wconf 86' lang='grc' dir='ltr'>τούτων</span> <span class='ocrx_word' id='word_1_792' title='bbox 2731 4811 2996 4883; x_wconf 82' lang='grc' dir='ltr'>ὁμόρους,</span> <span class='ocrx_word' id='word_1_793' title='bbox 3041 4810 3330 4878; x_wconf 73' lang='grc' dir='ltr'>συμϐάλλω</span> <span class='ocrx_word' id='word_1_794' title='bbox 3366 4811 3589 4873; x_wconf 61' lang='grc' dir='ltr'>πολλοὺς</span> <span class='ocrx_word' id='word_1_795' title='bbox 3623 4809 3724 4879; x_wconf 71' lang='grc' dir='ltr'>μὲν</span> <span class='ocrx_word' id='word_1_796' title='bbox 3751 4808 3844 4863; x_wconf 68' lang='grc' dir='ltr'>καὶ</span> <span class='ocrx_word' id='word_1_797' title='bbox 3870 4809 4069 4875; x_wconf 80' lang='grc' dir='ltr'>ἀλλους</span> 
     </span>
    </p>
   </div>
   <div class='ocr_carea' id='block_1_106' title="bbox 2498 4896 4068 4976">
    <p class='ocr_par' dir='ltr' id='par_1_106' title="bbox 2498 4896 4068 4976">
     <span class='ocr_line' id='line_1_106' title="bbox 2498 4896 4068 4976; baseline -0.004 -17"><span class='ocrx_word' id='word_1_798' title='bbox 2498 4904 2787 4976; x_wconf 68' lang='grc' dir='ltr'>ἑσχηκέναι</span> <span class='ocrx_word' id='word_1_799' title='bbox 2812 4904 2932 4959; x_wconf 82' lang='grc' dir='ltr'>τότε</span> <span class='ocrx_word' id='word_1_800' title='bbox 2964 4902 3452 4974; x_wconf 46' lang='grc' dir='ltr'>ὲκκλησιαστμκσὺς</span> <span class='ocrx_word' id='word_1_801' title='bbox 3481 4908 3830 4969; x_wconf 58' lang='grc' dir='ltr'>(ιιιιοσὸςους,</span> <span class='ocrx_word' id='word_1_802' title='bbox 3880 4896 3970 4954; x_wconf 80' lang='grc' dir='ltr'><strong>οἷά</strong></span> <span class='ocrx_word' id='word_1_803' title='bbox 3997 4918 4068 4971; x_wconf 73' lang='grc' dir='ltr'>γε</span> 
     </span>
    </p>
   </div>
   <div class='ocr_carea' id='block_1_107' title="bbox 2498 4992 4073 5063">
    <p class='ocr_par' dir='ltr' id='par_1_107' title="bbox 2498 4992 4073 5063">
     <span class='ocr_line' id='line_1_107' title="bbox 2498 4992 4073 5063; baseline -0.003 -15"><span class='ocrx_word' id='word_1_804' title='bbox 2498 4994 2664 5060; x_wconf 80' lang='grc' dir='ltr'>πάλαι</span> <span class='ocrx_word' id='word_1_805' title='bbox 2692 4994 2754 5047; x_wconf 80' lang='grc' dir='ltr'>τὸ</span> <span class='ocrx_word' id='word_1_806' title='bbox 2775 4993 2949 5063; x_wconf 82' lang='grc' dir='ltr'>δόγμα</span> <span class='ocrx_word' id='word_1_807' title='bbox 2980 4992 3281 5055; x_wconf 80' lang='grc' dir='ltr'>σπουδαίως</span> <span class='ocrx_word' id='word_1_808' title='bbox 3306 4992 3727 5063; x_wconf 74' lang='grc' dir='ltr'>πρεσδεύοντας.</span> <span class='ocrx_word' id='word_1_809' title='bbox 3761 4992 3915 5043; x_wconf 75' lang='grc' dir='ltr'>Κατὰ</span> <span class='ocrx_word' id='word_1_810' title='bbox 3946 5007 4073 5043; x_wconf 79' lang='grc' dir='ltr'>συνο</span> 
     </span>
    </p>
   </div>
   <div class='ocr_carea' id='block_1_108' title="bbox 2496 5082 4067 5154">
    <p class='ocr_par' dir='ltr' id='par_1_108' title="bbox 2496 5082 4067 5154">
     <span class='ocr_line' id='line_1_108' title="bbox 2496 5082 4067 5154; baseline -0.002 -14"><span class='ocrx_word' id='word_1_811' title='bbox 2496 5085 2673 5150; x_wconf 83' lang='grc' dir='ltr'>οικίας</span> <span class='ocrx_word' id='word_1_812' title='bbox 2710 5085 2768 5139; x_wconf 69' lang='grc' dir='ltr'>δὲ</span> <span class='ocrx_word' id='word_1_813' title='bbox 2811 5088 2869 5139; x_wconf 83' lang='grc' dir='ltr'>ὲν</span> <span class='ocrx_word' id='word_1_814' title='bbox 2915 5083 3131 5139; x_wconf 79' lang='grc' dir='ltr'>πόλεσιν</span> <span class='ocrx_word' id='word_1_815' title='bbox 3170 5083 3203 5154; x_wconf 78' lang='grc' dir='ltr'>ἢ</span> <span class='ocrx_word' id='word_1_816' title='bbox 3244 5082 3459 5154; x_wconf 84' lang='grc' dir='ltr'>κώμαις</span> <span class='ocrx_word' id='word_1_817' title='bbox 3509 5084 3552 5127; x_wconf 63' lang='lat' dir='ltr'><strong>ni</strong></span> <span class='ocrx_word' id='word_1_818' title='bbox 3600 5083 3818 5143; x_wconf 83' lang='grc' dir='ltr'>πλείους</span> <span class='ocrx_word' id='word_1_819' title='bbox 3866 5084 4067 5150; x_wconf 73' lang='grc' dir='ltr'>ᾤκουν.</span> 
     </span>
    </p>
   </div>
   <div class='ocr_carea' id='block_1_109' title="bbox 2499 5170 4072 5247">
    <p class='ocr_par' dir='ltr' id='par_1_109' title="bbox 2499 5170 4072 5247">
     <span class='ocr_line' id='line_1_109' title="bbox 2499 5170 4072 5247; baseline -0.006 -17"><span class='ocrx_word' id='word_1_820' title='bbox 2499 5175 2635 5230; x_wconf 76' lang='grc' dir='ltr'>Οὔτε</span> <span class='ocrx_word' id='word_1_821' title='bbox 2669 5176 2779 5245; x_wconf 80' lang='grc' dir='ltr'>γὰρ</span> <span class='ocrx_word' id='word_1_822' title='bbox 2822 5175 3112 5247; x_wconf 78' lang='grc' dir='ltr'>παραδόσει</span> <span class='ocrx_word' id='word_1_823' title='bbox 3157 5173 3266 5228; x_wconf 84' lang='grc' dir='ltr'><strong>τῶν</strong></span> <span class='ocrx_word' id='word_1_824' title='bbox 3309 5171 3793 5245; x_wconf 79' lang='grc' dir='ltr'>προγεγενημένων</span> <span class='ocrx_word' id='word_1_825' title='bbox 3824 5170 4072 5241; x_wconf 61' lang='lat' dir='ltr'><strong>5’1);an-</strong></span> 
     </span>
    </p>
   </div>
   <div class='ocr_carea' id='block_1_110' title="bbox 2503 5261 4073 5338">
    <p class='ocr_par' dir='ltr' id='par_1_110' title="bbox 2503 5261 4073 5338">
     <span class='ocr_line' id='line_1_110' title="bbox 2503 5261 4073 5338; baseline -0.005 -16"><span class='ocrx_word' id='word_1_826' title='bbox 2503 5285 2633 5322; x_wconf 76' lang='grc' dir='ltr'>σανο</span> <span class='ocrx_word' id='word_1_827' title='bbox 2682 5266 2806 5322; x_wconf 82' lang='grc' dir='ltr'>οὔτε</span> <span class='ocrx_word' id='word_1_828' title='bbox 2844 5266 2948 5322; x_wconf 70' lang='grc' dir='ltr'><strong>ὑπὸ</strong></span> <span class='ocrx_word' id='word_1_829' title='bbox 2994 5265 3354 5338; x_wconf 73' lang='grc' dir='ltr'>χαλεπότητος</span> <span class='ocrx_word' id='word_1_830' title='bbox 3400 5263 3706 5337; x_wconf 76' lang='grc' dir='ltr'>χειμῶνος,</span> <span class='ocrx_word' id='word_1_831' title='bbox 3763 5261 3924 5331; x_wconf 81' lang='grc' dir='ltr'>φύσει</span> <span class='ocrx_word' id='word_1_832' title='bbox 3973 5261 4073 5315; x_wconf 77' lang='grc' dir='ltr'>τοῦ</span> 
     </span>
    </p>
   </div>
   <div class='ocr_carea' id='block_1_111' title="bbox 1992 5529 2861 5594">
    <p class='ocr_par' dir='ltr' id='par_1_111' title="bbox 1992 5529 2861 5594">
     <span class='ocr_line' id='line_1_111' title="bbox 1992 5529 2861 5594; baseline 0.001 -4"><span class='ocrx_word' id='word_1_833' title='bbox 1992 5529 2259 5593; x_wconf 62' lang='grc' dir='ltr'>ιἐιιΕδῐι</span> <span class='ocrx_word' id='word_1_834' title='bbox 2300 5534 2861 5594; x_wconf 56' lang='grc' dir='ltr'><strong>ΑΝΝΟΤΑἸΊΟᾸΕΒ.</strong></span> 
     </span>
    </p>
   </div>
   <div class='ocr_carea' id='block_1_112' title="bbox 829 5674 2391 5747">
    <p class='ocr_par' dir='ltr' id='par_1_112' title="bbox 829 5674 2391 5747">
     <span class='ocr_line' id='line_1_112' title="bbox 829 5674 2391 5747; baseline 0.004 -24"><span class='ocrx_word' id='word_1_835' title='bbox 829 5687 999 5747; x_wconf 65' lang='lat' dir='ltr'><strong>ginno,</strong></span> <span class='ocrx_word' id='word_1_836' title='bbox 1020 5674 1196 5747; x_wconf 73' lang='lat' dir='ltr'><strong>initio</strong></span> <span class='ocrx_word' id='word_1_837' title='bbox 1232 5674 1454 5747; x_wconf 81' lang='lat' dir='ltr'><strong>quidem</strong></span> <span class='ocrx_word' id='word_1_838' title='bbox 1491 5689 1705 5729; x_wconf 66' lang='lat' dir='ltr'><strong>creatos</strong></span> <span class='ocrx_word' id='word_1_839' title='bbox 1733 5692 1853 5731; x_wconf 79' lang='lat' dir='ltr'><strong>esse</strong></span> <span class='ocrx_word' id='word_1_840' title='bbox 1880 5691 2165 5747; x_wconf 77' lang='lat' dir='ltr'><strong>episcopos</strong></span> <span class='ocrx_word' id='word_1_841' title='bbox 2194 5692 2391 5731; x_wconf 81' lang='lat' dir='ltr'><strong>vacan-</strong></span> 
     </span>
    </p>
   </div>
   <div class='ocr_carea' id='block_1_113' title="bbox 829 5742 2394 5814">
    <p class='ocr_par' dir='ltr' id='par_1_113' title="bbox 829 5742 2394 5814">
     <span class='ocr_line' id='line_1_113' title="bbox 829 5742 2394 5814; baseline 0.004 -20"><span class='ocrx_word' id='word_1_842' title='bbox 829 5752 903 5814; x_wconf 74' lang='lat' dir='ltr'><strong>tis</strong></span> <span class='ocrx_word' id='word_1_843' title='bbox 933 5742 1033 5796; x_wconf 80' lang='lat' dir='ltr'><strong>lori</strong></span> <span class='ocrx_word' id='word_1_844' title='bbox 1087 5743 1315 5801; x_wconf 85' lang='lat' dir='ltr'><strong>honoris</strong></span> <span class='ocrx_word' id='word_1_845' title='bbox 1344 5759 1546 5804; x_wconf 82' lang='lat' dir='ltr'><strong>causa;</strong></span> <span class='ocrx_word' id='word_1_846' title='bbox 1578 5752 1764 5814; x_wconf 74' lang='lat' dir='ltr'><strong>postea</strong></span> <span class='ocrx_word' id='word_1_847' title='bbox 1806 5742 1933 5803; x_wconf 73' lang='lat' dir='ltr'><strong>vero</strong></span> <span class='ocrx_word' id='word_1_848' title='bbox 1957 5742 2116 5804; x_wconf 64' lang='lat' dir='ltr'><strong>sedes</strong></span> <span class='ocrx_word' id='word_1_849' title='bbox 2146 5746 2255 5802; x_wconf 81' lang='lat' dir='ltr'><strong>illis</strong></span> <span class='ocrx_word' id='word_1_850' title='bbox 2283 5754 2394 5801; x_wconf 80' lang='lat' dir='ltr'><strong>tra-</strong></span> 
     </span>
    </p>
   </div>
   <div class='ocr_carea' id='block_1_114' title="bbox 830 5811 1635 5886">
    <p class='ocr_par' dir='ltr' id='par_1_114' title="bbox 830 5811 1635 5886">
     <span class='ocr_line' id='line_1_114' title="bbox 830 5811 1635 5886; baseline 0 -17"><span class='ocrx_word' id='word_1_851' title='bbox 830 5811 973 5874; x_wconf 75' lang='lat' dir='ltr'><strong>ditas</strong></span> <span class='ocrx_word' id='word_1_852' title='bbox 1007 5815 1175 5871; x_wconf 70' lang='lat' dir='ltr'><strong>luisse</strong></span> <span class='ocrx_word' id='word_1_853' title='bbox 1204 5829 1340 5885; x_wconf 81' lang='lat' dir='ltr'><strong>quas</strong></span> <span class='ocrx_word' id='word_1_854' title='bbox 1368 5811 1635 5886; x_wconf 71' lang='lat' dir='ltr'><strong>regerent.</strong></span> 
     </span>
    </p>
   </div>
   <div class='ocr_carea' id='block_1_115' title="bbox 2564 5671 4068 5743">
    <p class='ocr_par' dir='ltr' id='par_1_115' title="bbox 2564 5671 4068 5743">
     <span class='ocr_line' id='line_1_115' title="bbox 2564 5671 4068 5743; baseline -0.002 -14"><span class='ocrx_word' id='word_1_855' title='bbox 2564 5675 2676 5740; x_wconf 71' lang='lat'><strong>(62)</strong></span> <span class='ocrx_word' id='word_1_856' title='bbox 2713 5673 3107 5743; x_wconf 78' lang='grc' dir='ltr'>Ἀνταμωϐῆς.</span> <span class='ocrx_word' id='word_1_857' title='bbox 3140 5672 3501 5731; x_wconf 85' lang='lat' dir='ltr'><strong>Scribendum</strong></span> <span class='ocrx_word' id='word_1_858' title='bbox 3527 5681 3612 5729; x_wconf 83' lang='lat' dir='ltr'><strong>est</strong></span> <span class='ocrx_word' id='word_1_859' title='bbox 3646 5671 4068 5739; x_wconf 58' lang='lat' dir='ltr'><strong>diductiwnch</strong></span> 
     </span>
    </p>
   </div>
   <div class='ocr_carea' id='block_1_116' title="bbox 2496 5744 3048 5816">
    <p class='ocr_par' dir='ltr' id='par_1_116' title="bbox 2496 5744 3048 5816">
     <span class='ocr_line' id='line_1_116' title="bbox 2496 5744 3048 5816; baseline -0.004 -17"><span class='ocrx_word' id='word_1_860' title='bbox 2496 5746 2616 5811; x_wconf 80' lang='lat' dir='ltr'><strong>bus,</strong></span> <span class='ocrx_word' id='word_1_861' title='bbox 2652 5744 2765 5800; x_wconf 82' lang='grc' dir='ltr'>ἀντ’</span> <span class='ocrx_word' id='word_1_862' title='bbox 2798 5744 3048 5816; x_wconf 76' lang='grc' dir='ltr'>ἀμοιϐῆς.</span> 
     </span>
    </p>
   </div>
  </div>
