  <div class='ocr_page' id='page_1' title='image "/cluster/home/n/w/nwhite01/storage/ocr_20150623/67/pst.000009865921/762.png"; bbox 0 0 4452 6598; ppageno 0'>
   <div class='ocr_carea' id='block_1_1' title="bbox 408 405 547 469">
    <p class='ocr_par' dir='ltr' id='par_1_1' title="bbox 408 405 547 469">
     <span class='ocr_line' id='line_1_1' title="bbox 408 405 547 469; baseline -0.05 0"><span class='ocrx_word' id='word_1_1' title='bbox 408 405 547 469; x_wconf 64' lang='grc'><strong>’397</strong></span> 
     </span>
    </p>
   </div>
   <div class='ocr_carea' id='block_1_2' title="bbox 1328 416 2649 490">
    <p class='ocr_par' dir='ltr' id='par_1_2' title="bbox 1328 416 2649 490">
     <span class='ocr_line' id='line_1_2' title="bbox 1328 416 2649 490; baseline 0.014 -19"><span class='ocrx_word' id='word_1_2' title='bbox 1328 416 1654 477; x_wconf 78' lang='lat' dir='ltr'><strong>HISTORIA</strong></span> <span class='ocrx_word' id='word_1_3' title='bbox 1696 422 2259 488; x_wconf 75' lang='lat' dir='ltr'><strong>ECCLESIASTICA.</strong></span> <span class='ocrx_word' id='word_1_4' title='bbox 2290 461 2356 473; x_wconf 89' lang='lat'><strong>-—</strong></span> <span class='ocrx_word' id='word_1_5' title='bbox 2386 431 2515 489; x_wconf 86' lang='lat' dir='ltr'><strong>LIB.</strong></span> <span class='ocrx_word' id='word_1_6' title='bbox 2560 432 2649 490; x_wconf 83' lang='lat' dir='ltr'><strong>VI.</strong></span> 
     </span>
    </p>
   </div>
   <div class='ocr_carea' id='block_1_3' title="bbox 3545 439 3680 497">
    <p class='ocr_par' dir='ltr' id='par_1_3' title="bbox 3545 439 3680 497">
     <span class='ocr_line' id='line_1_3' title="bbox 3545 439 3680 497; baseline 0.015 -2"><span class='ocrx_word' id='word_1_7' title='bbox 3545 439 3680 497; x_wconf 70' lang='lat' dir='ltr'><strong>I398</strong></span> 
     </span>
    </p>
   </div>
   <div class='ocr_carea' id='block_1_4' title="bbox 403 522 2161 637">
    <p class='ocr_par' dir='ltr' id='par_1_4' title="bbox 403 522 2161 637">
     <span class='ocr_line' id='line_1_4' title="bbox 403 522 2161 637; baseline 0.014 -61"><span class='ocrx_word' id='word_1_8' title='bbox 403 522 533 595; x_wconf 79' lang='grc' dir='ltr'>τῇδε</span> <span class='ocrx_word' id='word_1_9' title='bbox 583 522 765 637; x_wconf 59' lang='grc' dir='ltr'>χῶρον</span> <span class='ocrx_word' id='word_1_10' title='bbox 816 528 1076 583; x_wconf 83' lang='grc' dir='ltr'>ἐκάστοτε</span> <span class='ocrx_word' id='word_1_11' title='bbox 1124 532 1535 602; x_wconf 78' lang='grc' dir='ltr'>συμϐαίνοντος,</span> <span class='ocrx_word' id='word_1_12' title='bbox 1586 538 1809 595; x_wconf 84' lang='grc' dir='ltr'>δυνατὸν</span> <span class='ocrx_word' id='word_1_13' title='bbox 1863 541 1992 608; x_wconf 77' lang='grc' dir='ltr'>ἴσως</span> <span class='ocrx_word' id='word_1_14' title='bbox 2021 551 2066 607; x_wconf 78' lang='grc' dir='ltr'>Α</span> <span class='ocrx_word' id='word_1_15' title='bbox 2096 562 2161 600; x_wconf 80' lang='lat' dir='ltr'><strong>ult</strong></span> 
     </span>
    </p>
   </div>
   <div class='ocr_carea' id='block_1_5' title="bbox 1918 522 3676 637">
    <p class='ocr_par' dir='ltr' id='par_1_5' title="bbox 1918 548 3676 637">
     <span class='ocr_line' id='line_1_5' title="bbox 1918 548 3676 637; baseline 0.007 -40"><span class='ocrx_word' id='word_1_16' title='bbox 1918 560 1992 608; x_wconf 90' lang='grc' dir='ltr'><strong>ως</strong></span> <span class='ocrx_word' id='word_1_17' title='bbox 2021 551 2066 607; x_wconf 79' lang='grc' dir='ltr'>Α</span> <span class='ocrx_word' id='word_1_18' title='bbox 2096 548 2420 605; x_wconf 64' lang='lat' dir='ltr'><strong>monasticae</strong></span> <span class='ocrx_word' id='word_1_19' title='bbox 2446 548 2810 622; x_wconf 72' lang='lat' dir='ltr'><strong>philosophiae</strong></span> <span class='ocrx_word' id='word_1_20' title='bbox 2853 550 3055 608; x_wconf 89' lang='lat' dir='ltr'><strong>studiis</strong></span> <span class='ocrx_word' id='word_1_21' title='bbox 3111 568 3306 610; x_wconf 87' lang='lat' dir='ltr'><strong>vacare</strong></span> <span class='ocrx_word' id='word_1_22' title='bbox 3357 556 3676 637; x_wconf 58' lang='lat' dir='ltr'><strong>erupissent,</strong></span> 
     </span>
    </p>
   </div>
   <div class='ocr_carea' id='block_1_6' title="bbox 407 617 1988 703">
    <p class='ocr_par' dir='ltr' id='par_1_6' title="bbox 407 617 1988 703">
     <span class='ocr_line' id='line_1_6' title="bbox 407 617 1988 703; baseline 0.013 -36"><span class='ocrx_word' id='word_1_23' title='bbox 407 617 763 703; x_wconf 60' lang='grc' dir='ltr'>κατεφαίνετο</span> <span class='ocrx_word' id='word_1_24' title='bbox 791 621 849 673; x_wconf 91' lang='grc' dir='ltr'><strong>ἐν</strong></span> <span class='ocrx_word' id='word_1_25' title='bbox 882 621 1141 692; x_wconf 77' lang='grc' dir='ltr'><strong>ἐρημίαις</strong></span> <span class='ocrx_word' id='word_1_26' title='bbox 1172 622 1494 694; x_wconf 78' lang='grc' dir='ltr'>διατρίϐειν.</span> <span class='ocrx_word' id='word_1_27' title='bbox 1547 629 1988 703; x_wconf 85' lang='grc' dir='ltr'>Εὑδοκιμὼτατοι</span> 
     </span>
    </p>
   </div>
   <div class='ocr_carea' id='block_1_7' title="bbox 404 700 1988 791">
    <p class='ocr_par' dir='ltr' id='par_1_7' title="bbox 404 700 1988 791">
     <span class='ocr_line' id='line_1_7' title="bbox 404 700 1988 791; baseline 0.013 -32"><span class='ocrx_word' id='word_1_28' title='bbox 404 705 459 759; x_wconf 78' lang='grc' dir='ltr'>δὲ</span> <span class='ocrx_word' id='word_1_29' title='bbox 490 700 565 761; x_wconf 84' lang='grc' dir='ltr'>ὧν</span> <span class='ocrx_word' id='word_1_30' title='bbox 605 709 886 782; x_wconf 76' lang='grc' dir='ltr'>ἐπυθόμην</span> <span class='ocrx_word' id='word_1_31' title='bbox 938 714 1184 782; x_wconf 73' lang='grc' dir='ltr'>ἐγένοντο</span> <span class='ocrx_word' id='word_1_32' title='bbox 1215 716 1405 771; x_wconf 78' lang='grc' dir='ltr'>ἐνθάδε</span> <span class='ocrx_word' id='word_1_33' title='bbox 1437 722 1682 791; x_wconf 76' lang='grc' dir='ltr'>μοναχοὶ,</span> <span class='ocrx_word' id='word_1_34' title='bbox 1717 700 1988 788; x_wconf 62' lang='grc' dir='ltr'>Λεόντιος,</span> 
     </span>
    </p>
   </div>
   <div class='ocr_carea' id='block_1_8' title="bbox 404 798 1987 885">
    <p class='ocr_par' dir='ltr' id='par_1_8' title="bbox 404 798 1987 885">
     <span class='ocr_line' id='line_1_8' title="bbox 404 798 1987 885; baseline 0.014 -35"><span class='ocrx_word' id='word_1_35' title='bbox 404 799 432 849; x_wconf 86' lang='grc' dir='ltr'>ὁ</span> <span class='ocrx_word' id='word_1_36' title='bbox 464 798 562 870; x_wconf 75' lang='grc' dir='ltr'>τὴν</span> <span class='ocrx_word' id='word_1_37' title='bbox 594 800 653 854; x_wconf 81' lang='grc' dir='ltr'><strong>ἐν</strong></span> <span class='ocrx_word' id='word_1_38' title='bbox 699 802 943 876; x_wconf 72' lang='grc' dir='ltr'>’Δγκύρᾳ</span> <span class='ocrx_word' id='word_1_39' title='bbox 981 807 1277 878; x_wconf 88' lang='grc' dir='ltr'>ἐκκλησίαν</span> <span class='ocrx_word' id='word_1_40' title='bbox 1306 808 1533 883; x_wconf 79' lang='grc' dir='ltr'>ὕστερον</span> <span class='ocrx_word' id='word_1_41' title='bbox 1558 816 1987 885; x_wconf 70' lang='grc' dir='ltr'>ἐπιτροπεύσας,’</span> 
     </span>
    </p>
   </div>
   <div class='ocr_carea' id='block_1_9' title="bbox 406 893 1993 971">
    <p class='ocr_par' dir='ltr' id='par_1_9' title="bbox 406 893 1993 971">
     <span class='ocr_line' id='line_1_9' title="bbox 406 893 1993 971; baseline 0.012 -28"><span class='ocrx_word' id='word_1_42' title='bbox 406 893 497 943; x_wconf 77' lang='grc' dir='ltr'><strong>καὶ</strong></span> <span class='ocrx_word' id='word_1_43' title='bbox 523 893 841 963; x_wconf 88' lang='grc' dir='ltr'>Πραπίδιος,</span> <span class='ocrx_word' id='word_1_44' title='bbox 885 896 944 961; x_wconf 79' lang='grc' dir='ltr'>ὃς</span> <span class='ocrx_word' id='word_1_45' title='bbox 980 898 1082 969; x_wconf 81' lang='grc' dir='ltr'><strong>ήδη</strong></span> <span class='ocrx_word' id='word_1_46' title='bbox 1110 900 1375 971; x_wconf 82' lang='grc' dir='ltr'><strong>γηραλέος</strong></span> <span class='ocrx_word' id='word_1_47' title='bbox 1404 901 1499 967; x_wconf 84' lang='grc' dir='ltr'>ὢν,</span> <span class='ocrx_word' id='word_1_48' title='bbox 1538 906 1738 969; x_wconf 83' lang='grc' dir='ltr'>πολλὰς</span> <span class='ocrx_word' id='word_1_49' title='bbox 1764 907 1993 962; x_wconf 88' lang='grc' dir='ltr'>ἐπεσκό-</span> 
     </span>
    </p>
   </div>
   <div class='ocr_carea' id='block_1_10' title="bbox 408 985 1991 1075">
    <p class='ocr_par' dir='ltr' id='par_1_10' title="bbox 408 985 1991 1075">
     <span class='ocr_line' id='line_1_10' title="bbox 408 985 1991 1075; baseline 0.013 -40"><span class='ocrx_word' id='word_1_50' title='bbox 408 1000 498 1075; x_wconf 89' lang='grc' dir='ltr'><strong>πει</strong></span> <span class='ocrx_word' id='word_1_51' title='bbox 528 985 742 1056; x_wconf 82' lang='grc' dir='ltr'>κώμας.</span> <span class='ocrx_word' id='word_1_52' title='bbox 794 990 1039 1060; x_wconf 83' lang='grc' dir='ltr'>Προέστη</span> <span class='ocrx_word' id='word_1_53' title='bbox 1077 991 1134 1045; x_wconf 85' lang='grc' dir='ltr'><strong>δέ</strong></span> <span class='ocrx_word' id='word_1_54' title='bbox 1183 994 1275 1046; x_wconf 77' lang='lat' dir='ltr'><strong>xa‘t</strong></span> <span class='ocrx_word' id='word_1_55' title='bbox 1309 994 1673 1061; x_wconf 83' lang='grc' dir='ltr'>Βασιλειάδος,</span> <span class='ocrx_word' id='word_1_56' title='bbox 1706 998 1735 1051; x_wconf 84' lang='grc' dir='ltr'><strong>δ</strong></span> <span class='ocrx_word' id='word_1_57' title='bbox 1760 1002 1991 1075; x_wconf 88' lang='grc' dir='ltr'>πτωχῶν</span> 
     </span>
    </p>
   </div>
   <div class='ocr_carea' id='block_1_11' title="bbox 406 1074 1990 1152">
    <p class='ocr_par' dir='ltr' id='par_1_11' title="bbox 406 1074 1990 1152">
     <span class='ocr_line' id='line_1_11' title="bbox 406 1074 1990 1152; baseline 0.013 -27"><span class='ocrx_word' id='word_1_58' title='bbox 406 1074 552 1127; x_wconf 74' lang='grc' dir='ltr'>ἐστιν</span> <span class='ocrx_word' id='word_1_59' title='bbox 599 1076 1003 1148; x_wconf 91' lang='grc' dir='ltr'>ἐπισημότατον</span> <span class='ocrx_word' id='word_1_60' title='bbox 1043 1082 1405 1152; x_wconf 85' lang='grc' dir='ltr'><strong>καταγώγιον,</strong></span> <span class='ocrx_word' id='word_1_61' title='bbox 1442 1085 1548 1138; x_wconf 83' lang='grc' dir='ltr'><strong>ὑπὸ</strong></span> <span class='ocrx_word' id='word_1_62' title='bbox 1576 1087 1857 1143; x_wconf 82' lang='grc' dir='ltr'>Βασιλείου</span> <span class='ocrx_word' id='word_1_63' title='bbox 1896 1091 1990 1145; x_wconf 81' lang='grc' dir='ltr'>τοῦ</span> 
     </span>
    </p>
   </div>
   <div class='ocr_carea' id='block_1_12' title="bbox 406 1164 1992 1255">
    <p class='ocr_par' dir='ltr' id='par_1_12' title="bbox 406 1164 1992 1255">
     <span class='ocr_line' id='line_1_12' title="bbox 406 1164 1992 1255; baseline 0.014 -39"><span class='ocrx_word' id='word_1_64' title='bbox 406 1164 744 1239; x_wconf 81' lang='grc' dir='ltr'>Καισαρείας</span> <span class='ocrx_word' id='word_1_65' title='bbox 789 1172 1089 1227; x_wconf 73' lang='grc' dir='ltr'>ἐπισκόπου</span> <span class='ocrx_word' id='word_1_66' title='bbox 1128 1180 1603 1244; x_wconf 81' lang='grc' dir='ltr'>κατασκευασθὲν,</span> <span class='ocrx_word' id='word_1_67' title='bbox 1655 1183 1747 1250; x_wconf 78' lang='grc' dir='ltr'><strong>ἀφ’</strong></span> <span class='ocrx_word' id='word_1_68' title='bbox 1796 1178 1857 1239; x_wconf 79' lang='grc' dir='ltr'><strong>οὗ</strong></span> <span class='ocrx_word' id='word_1_69' title='bbox 1892 1185 1992 1255; x_wconf 82' lang='grc' dir='ltr'>τὴν</span> 
     </span>
    </p>
   </div>
   <div class='ocr_carea' id='block_1_13' title="bbox 407 1260 1987 1363">
    <p class='ocr_par' dir='ltr' id='par_1_13' title="bbox 407 1260 1987 1363">
     <span class='ocr_line' id='line_1_13' title="bbox 407 1260 1987 1363; baseline 0.013 -54"><span class='ocrx_word' id='word_1_70' title='bbox 407 1260 781 1363; x_wconf 77' lang='grc' dir='ltr'>προσηγορίαν</span> <span class='ocrx_word' id='word_1_71' title='bbox 809 1264 916 1363; x_wconf 36' lang='grc' dir='ltr'>’τὴν</span> <span class='ocrx_word' id='word_1_72' title='bbox 942 1266 1117 1341; x_wconf 79' lang='grc' dir='ltr'>ἀρχὴν</span> <span class='ocrx_word' id='word_1_73' title='bbox 1147 1267 1329 1337; x_wconf 75' lang='grc' dir='ltr'>ἔλαϐε,</span> <span class='ocrx_word' id='word_1_74' title='bbox 1378 1272 1472 1324; x_wconf 80' lang='grc' dir='ltr'>καὶ</span> <span class='ocrx_word' id='word_1_75' title='bbox 1514 1274 1595 1363; x_wconf 59' lang='grc' dir='ltr'><strong>είς</strong></span> <span class='ocrx_word' id='word_1_76' title='bbox 1622 1273 1702 1327; x_wconf 77' lang='grc' dir='ltr'><strong>ἐτι</strong></span> <span class='ocrx_word' id='word_1_77' title='bbox 1729 1273 1825 1327; x_wconf 83' lang='grc' dir='ltr'>νῦν</span> <span class='ocrx_word' id='word_1_78' title='bbox 1854 1275 1987 1346; x_wconf 76' lang='grc' dir='ltr'>ἔχει.</span> 
     </span>
    </p>
   </div>
   <div class='ocr_carea' id='block_1_14' title="bbox 2026 640 3681 711">
    <p class='ocr_par' dir='ltr' id='par_1_14' title="bbox 2026 640 3681 711">
     <span class='ocr_line' id='line_1_14' title="bbox 2026 640 3681 711; baseline 0.008 -21"><span class='ocrx_word' id='word_1_79' title='bbox 2026 684 2050 711; x_wconf 43' lang='grc' dir='ltr'><em>θ</em></span> <span class='ocrx_word' id='word_1_80' title='bbox 2091 640 2299 696; x_wconf 85' lang='lat' dir='ltr'><strong>multos</strong></span> <span class='ocrx_word' id='word_1_81' title='bbox 2338 641 2445 698; x_wconf 88' lang='lat' dir='ltr'><strong>sibi</strong></span> <span class='ocrx_word' id='word_1_82' title='bbox 2478 643 2692 699; x_wconf 84' lang='lat' dir='ltr'><strong>similes</strong></span> <span class='ocrx_word' id='word_1_83' title='bbox 2724 643 3101 699; x_wconf 88' lang='lat' dir='ltr'><strong>reddiderunt.</strong></span> <span class='ocrx_word' id='word_1_84' title='bbox 3139 644 3365 703; x_wconf 85' lang='lat' dir='ltr'><strong>Galatas</strong></span> <span class='ocrx_word' id='word_1_85' title='bbox 3413 648 3580 703; x_wconf 86' lang='lat' dir='ltr'><strong>etiam</strong></span> <span class='ocrx_word' id='word_1_86' title='bbox 3627 661 3681 703; x_wconf 83' lang='lat' dir='ltr'><strong>et</strong></span> 
     </span>
    </p>
   </div>
   <div class='ocr_carea' id='block_1_15' title="bbox 2091 729 3679 806">
    <p class='ocr_par' dir='ltr' id='par_1_15' title="bbox 2091 729 3679 806">
     <span class='ocr_line' id='line_1_15' title="bbox 2091 729 3679 806; baseline 0.006 -23"><span class='ocrx_word' id='word_1_87' title='bbox 2091 729 2471 802; x_wconf 88' lang='lat' dir='ltr'><strong>Cappadoces,</strong></span> <span class='ocrx_word' id='word_1_88' title='bbox 2494 749 2802 806; x_wconf 88' lang='lat' dir='ltr'><strong>eorumque</strong></span> <span class='ocrx_word' id='word_1_89' title='bbox 2821 735 3110 802; x_wconf 83' lang='lat' dir='ltr'><strong>ﬁnitimos,</strong></span> <span class='ocrx_word' id='word_1_90' title='bbox 3134 737 3325 794; x_wconf 90' lang='lat' dir='ltr'><strong>multis</strong></span> <span class='ocrx_word' id='word_1_91' title='bbox 3349 738 3473 794; x_wconf 81' lang='lat' dir='ltr'><strong>aliis</strong></span> <span class='ocrx_word' id='word_1_92' title='bbox 3498 740 3646 793; x_wconf 89' lang='lat' dir='ltr'><strong>cccle</strong></span> <span class='ocrx_word' id='word_1_93' title='bbox 3663 770 3679 781; x_wconf 85' lang='lat'><strong>-</strong></span> 
     </span>
    </p>
   </div>
   <div class='ocr_carea' id='block_1_16' title="bbox 2092 819 3680 899">
    <p class='ocr_par' dir='ltr' id='par_1_16' title="bbox 2092 819 3680 899">
     <span class='ocr_line' id='line_1_16' title="bbox 2092 819 3680 899; baseline 0.007 -26"><span class='ocrx_word' id='word_1_94' title='bbox 2092 819 2340 876; x_wconf 88' lang='lat' dir='ltr'><strong>siasticis</strong></span> <span class='ocrx_word' id='word_1_95' title='bbox 2382 822 2731 895; x_wconf 86' lang='lat' dir='ltr'><strong>philosophis</strong></span> <span class='ocrx_word' id='word_1_96' title='bbox 2778 825 3095 881; x_wconf 84' lang='lat' dir='ltr'><strong>abundasse</strong></span> <span class='ocrx_word' id='word_1_97' title='bbox 3138 829 3398 883; x_wconf 82' lang='lat' dir='ltr'><strong>existimo</strong></span> <span class='ocrx_word' id='word_1_98' title='bbox 3432 846 3444 892; x_wconf 91' lang='lat'><strong>;</strong></span> <span class='ocrx_word' id='word_1_99' title='bbox 3476 828 3680 899; x_wconf 75' lang='lat' dir='ltr'><strong>quippe</strong></span> 
     </span>
    </p>
   </div>
   <div class='ocr_carea' id='block_1_17' title="bbox 2098 913 3681 993">
    <p class='ocr_par' dir='ltr' id='par_1_17' title="bbox 2098 913 3681 993">
     <span class='ocr_line' id='line_1_17' title="bbox 2098 913 3681 993; baseline 0.006 -27"><span class='ocrx_word' id='word_1_100' title='bbox 2098 913 2191 983; x_wconf 88' lang='lat' dir='ltr'><strong>qui</strong></span> <span class='ocrx_word' id='word_1_101' title='bbox 2240 913 2574 985; x_wconf 85' lang='lat' dir='ltr'><strong>jampridem</strong></span> <span class='ocrx_word' id='word_1_102' title='bbox 2624 916 2997 972; x_wconf 75' lang='lat' dir='ltr'><strong>Christianam</strong></span> <span class='ocrx_word' id='word_1_103' title='bbox 3054 918 3374 993; x_wconf 78' lang='lat' dir='ltr'><strong>religionem</strong></span> <span class='ocrx_word' id='word_1_104' title='bbox 3432 921 3681 975; x_wconf 81' lang='lat' dir='ltr'><strong>studiose</strong></span> 
     </span>
    </p>
   </div>
   <div class='ocr_carea' id='block_1_18' title="bbox 2098 1003 3678 1080">
    <p class='ocr_par' dir='ltr' id='par_1_18' title="bbox 2098 1003 3678 1080">
     <span class='ocr_line' id='line_1_18' title="bbox 2098 1003 3678 1080; baseline 0.006 -23"><span class='ocrx_word' id='word_1_105' title='bbox 2098 1003 2364 1059; x_wconf 79' lang='lat' dir='ltr'><strong>colerent.</strong></span> <span class='ocrx_word' id='word_1_106' title='bbox 2399 1004 2595 1060; x_wconf 83' lang='lat' dir='ltr'><strong>Eorum</strong></span> <span class='ocrx_word' id='word_1_107' title='bbox 2644 1017 2827 1063; x_wconf 88' lang='lat' dir='ltr'><strong>autem</strong></span> <span class='ocrx_word' id='word_1_108' title='bbox 2869 1008 3117 1079; x_wconf 87' lang='lat' dir='ltr'><strong>plerique</strong></span> <span class='ocrx_word' id='word_1_109' title='bbox 3163 1026 3259 1080; x_wconf 88' lang='lat' dir='ltr'><strong>per</strong></span> <span class='ocrx_word' id='word_1_110' title='bbox 3311 1012 3678 1068; x_wconf 89' lang='lat' dir='ltr'><strong>contubernia</strong></span> 
     </span>
    </p>
   </div>
   <div class='ocr_carea' id='block_1_19' title="bbox 2100 1096 3676 1172">
    <p class='ocr_par' dir='ltr' id='par_1_19' title="bbox 2100 1096 3676 1172">
     <span class='ocr_line' id='line_1_19' title="bbox 2100 1096 3676 1172; baseline 0.006 -23"><span class='ocrx_word' id='word_1_111' title='bbox 2100 1096 2155 1149; x_wconf 90' lang='lat' dir='ltr'><strong>in</strong></span> <span class='ocrx_word' id='word_1_112' title='bbox 2197 1096 2428 1152; x_wconf 88' lang='lat' dir='ltr'><strong>urbibus</strong></span> <span class='ocrx_word' id='word_1_113' title='bbox 2464 1106 2519 1151; x_wconf 87' lang='lat' dir='ltr'><strong>et</strong></span> <span class='ocrx_word' id='word_1_114' title='bbox 2549 1098 2707 1167; x_wconf 92' lang='lat' dir='ltr'><strong>pagis</strong></span> <span class='ocrx_word' id='word_1_115' title='bbox 2743 1099 2909 1154; x_wconf 87' lang='lat' dir='ltr'><strong>simul</strong></span> <span class='ocrx_word' id='word_1_116' title='bbox 2961 1100 3253 1171; x_wconf 86' lang='lat' dir='ltr'><strong>degebant.</strong></span> <span class='ocrx_word' id='word_1_117' title='bbox 3299 1101 3489 1172; x_wconf 85' lang='lat' dir='ltr'><strong>Neque</strong></span> <span class='ocrx_word' id='word_1_118' title='bbox 3529 1105 3676 1157; x_wconf 78' lang='lat' dir='ltr'><strong>enim</strong></span> 
     </span>
    </p>
   </div>
   <div class='ocr_carea' id='block_1_20' title="bbox 2100 1187 3678 1265">
    <p class='ocr_par' dir='ltr' id='par_1_20' title="bbox 2100 1187 3678 1265">
     <span class='ocr_line' id='line_1_20' title="bbox 2100 1187 3678 1265; baseline 0.006 -24"><span class='ocrx_word' id='word_1_119' title='bbox 2100 1187 2449 1257; x_wconf 85' lang='lat' dir='ltr'><strong>superiorum</strong></span> <span class='ocrx_word' id='word_1_120' title='bbox 2490 1188 2785 1243; x_wconf 89' lang='lat' dir='ltr'><strong>traditioni</strong></span> <span class='ocrx_word' id='word_1_121' title='bbox 2823 1190 3007 1246; x_wconf 87' lang='lat' dir='ltr'><strong>adhuc</strong></span> <span class='ocrx_word' id='word_1_122' title='bbox 3048 1204 3451 1259; x_wconf 81' lang='lat' dir='ltr'><strong>assueveraut;</strong></span> <span class='ocrx_word' id='word_1_123' title='bbox 3498 1210 3678 1265; x_wconf 86' lang='lat' dir='ltr'><strong>neque</strong></span> 
     </span>
    </p>
   </div>
   <div class='ocr_carea' id='block_1_21' title="bbox 2099 1277 3674 1353">
    <p class='ocr_par' dir='ltr' id='par_1_21' title="bbox 2099 1277 3674 1353">
     <span class='ocr_line' id='line_1_21' title="bbox 2099 1277 3674 1353; baseline 0.006 -21"><span class='ocrx_word' id='word_1_124' title='bbox 2099 1293 2213 1348; x_wconf 73' lang='lat' dir='ltr'><strong>prae</strong></span> <span class='ocrx_word' id='word_1_125' title='bbox 2248 1277 2475 1350; x_wconf 78' lang='lat' dir='ltr'><strong>frigoris</strong></span> <span class='ocrx_word' id='word_1_126' title='bbox 2510 1281 2852 1348; x_wconf 84' lang='lat' dir='ltr'><strong>acerbitate,</strong></span> <span class='ocrx_word' id='word_1_127' title='bbox 2883 1299 3008 1353; x_wconf 72' lang='lat' dir='ltr'><strong>qua:</strong></span> <span class='ocrx_word' id='word_1_128' title='bbox 3037 1283 3151 1338; x_wconf 93' lang='lat' dir='ltr'><strong>illic</strong></span> <span class='ocrx_word' id='word_1_129' title='bbox 3179 1284 3251 1339; x_wconf 90' lang='lat' dir='ltr'><strong>ob</strong></span> <span class='ocrx_word' id='word_1_130' title='bbox 3288 1294 3538 1340; x_wconf 89' lang='lat' dir='ltr'><strong>naturam</strong></span> <span class='ocrx_word' id='word_1_131' title='bbox 3570 1288 3674 1341; x_wconf 93' lang='lat' dir='ltr'><strong>loci</strong></span> 
     </span>
    </p>
   </div>
   <div class='ocr_carea' id='block_1_22' title="bbox 409 1352 3678 1446">
    <p class='ocr_par' dir='ltr' id='par_1_22' title="bbox 409 1352 3678 1446">
     <span class='ocr_line' id='line_1_22' title="bbox 409 1352 3678 1446; baseline 0.009 -42"><span class='ocrx_word' id='word_1_132' title='bbox 409 1352 714 1446; x_wconf 68' lang='lat' dir='ltr'><strong>saepissime</strong></span> <span class='ocrx_word' id='word_1_133' title='bbox 742 1354 881 1411; x_wconf 86' lang='lat' dir='ltr'><strong>solet</strong></span> <span class='ocrx_word' id='word_1_134' title='bbox 908 1358 1164 1422; x_wconf 81' lang='lat' dir='ltr'><strong>evenire,</strong></span> <span class='ocrx_word' id='word_1_135' title='bbox 1195 1360 1311 1415; x_wconf 73' lang='lat' dir='ltr'><strong>fieri</strong></span> <span class='ocrx_word' id='word_1_136' title='bbox 1341 1352 1563 1431; x_wconf 63' lang='lat' dir='ltr'><strong>poterai</strong></span> <span class='ocrx_word' id='word_1_137' title='bbox 1592 1374 1655 1418; x_wconf 88' lang='lat' dir='ltr'><strong>ut</strong></span> <span class='ocrx_word' id='word_1_138' title='bbox 1724 1365 1781 1420; x_wconf 90' lang='lat' dir='ltr'><strong>in</strong></span> <span class='ocrx_word' id='word_1_139' title='bbox 1848 1365 2152 1423; x_wconf 88' lang='lat' dir='ltr'><strong>solitudine</strong></span> <span class='ocrx_word' id='word_1_140' title='bbox 2198 1381 2569 1427; x_wconf 85' lang='lat' dir='ltr'><strong>morarentur.</strong></span> <span class='ocrx_word' id='word_1_141' title='bbox 2619 1370 2824 1428; x_wconf 88' lang='lat' dir='ltr'><strong>Eorum</strong></span> <span class='ocrx_word' id='word_1_142' title='bbox 2896 1352 3063 1444; x_wconf 89' lang='lat' dir='ltr'><strong>porro</strong></span> <span class='ocrx_word' id='word_1_143' title='bbox 3092 1391 3272 1446; x_wconf 71' lang='lat' dir='ltr'><strong>,quos</strong></span> <span class='ocrx_word' id='word_1_144' title='bbox 3317 1378 3427 1431; x_wconf 91' lang='lat' dir='ltr'><strong>illic</strong></span> <span class='ocrx_word' id='word_1_145' title='bbox 3475 1380 3678 1436; x_wconf 77' lang='lat' dir='ltr'><strong>vixisse</strong></span> 
     </span>
    </p>
   </div>
   <div class='ocr_carea' id='block_1_23' title="bbox 417 1444 3679 1537">
    <p class='ocr_par' dir='ltr' id='par_1_23' title="bbox 417 1444 3679 1537">
     <span class='ocr_line' id='line_1_23' title="bbox 417 1444 3679 1537; baseline 0.01 -43"><span class='ocrx_word' id='word_1_146' title='bbox 417 1444 663 1537; x_wconf 77' lang='lat' dir='ltr'><strong>comperi</strong></span> <span class='ocrx_word' id='word_1_147' title='bbox 694 1448 1125 1516; x_wconf 86' lang='lat' dir='ltr'><strong>monachorum,</strong></span> <span class='ocrx_word' id='word_1_148' title='bbox 1157 1453 1451 1509; x_wconf 88' lang='lat' dir='ltr'><strong>clarissimi</strong></span> <span class='ocrx_word' id='word_1_149' title='bbox 1485 1455 1993 1523; x_wconf 88' lang='lat' dir='ltr'><strong>fuere,Leontius,</strong></span> <span class='ocrx_word' id='word_1_150' title='bbox 2070 1460 2165 1530; x_wconf 77' lang='lat' dir='ltr'><strong>qui</strong></span> <span class='ocrx_word' id='word_1_151' title='bbox 2224 1470 2415 1532; x_wconf 89' lang='lat' dir='ltr'><strong>postea</strong></span> <span class='ocrx_word' id='word_1_152' title='bbox 2466 1463 2771 1521; x_wconf 85' lang='lat' dir='ltr'><strong>Ecclesiam</strong></span> <span class='ocrx_word' id='word_1_153' title='bbox 2844 1467 3076 1537; x_wconf 79' lang='lat' dir='ltr'><strong>Ancyrae</strong></span> <span class='ocrx_word' id='word_1_154' title='bbox 3123 1444 3565 1525; x_wconf 77' lang='lat' dir='ltr'><strong>administravit:</strong></span> <span class='ocrx_word' id='word_1_155' title='bbox 3623 1480 3679 1526; x_wconf 90' lang='lat' dir='ltr'><strong>et</strong></span> 
     </span>
    </p>
   </div>
   <div class='ocr_carea' id='block_1_24' title="bbox 410 1536 3674 1630">
    <p class='ocr_par' dir='ltr' id='par_1_24' title="bbox 410 1536 3674 1630">
     <span class='ocr_line' id='line_1_24' title="bbox 410 1536 3674 1630; baseline 0.009 -42"><span class='ocrx_word' id='word_1_156' title='bbox 410 1536 740 1630; x_wconf 63' lang='lat' dir='ltr'><strong>l’rapidius,</strong></span> <span class='ocrx_word' id='word_1_157' title='bbox 771 1540 863 1610; x_wconf 90' lang='lat' dir='ltr'><strong>qui</strong></span> <span class='ocrx_word' id='word_1_158' title='bbox 893 1540 1007 1610; x_wconf 87' lang='lat' dir='ltr'><strong>jam</strong></span> <span class='ocrx_word' id='word_1_159' title='bbox 1040 1552 1298 1611; x_wconf 89' lang='lat' dir='ltr'><strong>provecta</strong></span> <span class='ocrx_word' id='word_1_160' title='bbox 1328 1553 1491 1602; x_wconf 68' lang='lat' dir='ltr'><strong>aetate</strong></span> <span class='ocrx_word' id='word_1_161' title='bbox 1532 1550 1723 1606; x_wconf 91' lang='lat' dir='ltr'><strong>multis</strong></span> <span class='ocrx_word' id='word_1_162' title='bbox 1795 1552 1852 1607; x_wconf 90' lang='lat' dir='ltr'><strong>in</strong></span> <span class='ocrx_word' id='word_1_163' title='bbox 1926 1552 2066 1609; x_wconf 81' lang='lat' dir='ltr'><strong>vicis</strong></span> <span class='ocrx_word' id='word_1_164' title='bbox 2103 1553 2351 1625; x_wconf 88' lang='lat' dir='ltr'><strong>episcopi</strong></span> <span class='ocrx_word' id='word_1_165' title='bbox 2420 1573 2647 1613; x_wconf 91' lang='lat' dir='ltr'><strong>munere</strong></span> <span class='ocrx_word' id='word_1_166' title='bbox 2710 1536 3063 1629; x_wconf 82' lang='lat' dir='ltr'><strong>fungebatur.</strong></span> <span class='ocrx_word' id='word_1_167' title='bbox 3124 1557 3459 1630; x_wconf 65' lang='lat' dir='ltr'><strong>Pratpositus</strong></span> <span class='ocrx_word' id='word_1_168' title='bbox 3510 1564 3674 1617; x_wconf 87' lang='lat' dir='ltr'><strong>etiam</strong></span> 
     </span>
    </p>
   </div>
   <div class='ocr_carea' id='block_1_25' title="bbox 408 1629 3675 1722">
    <p class='ocr_par' dir='ltr' id='par_1_25' title="bbox 408 1629 3675 1722">
     <span class='ocr_line' id='line_1_25' title="bbox 408 1629 3675 1722; baseline 0.007 -39"><span class='ocrx_word' id='word_1_169' title='bbox 408 1629 512 1683; x_wconf 81' lang='lat' dir='ltr'><strong>fuit</strong></span> <span class='ocrx_word' id='word_1_170' title='bbox 547 1630 872 1699; x_wconf 88' lang='lat' dir='ltr'><strong>Basiliadis,</strong></span> <span class='ocrx_word' id='word_1_171' title='bbox 916 1636 1059 1705; x_wconf 90' lang='lat' dir='ltr'><strong>quod</strong></span> <span class='ocrx_word' id='word_1_172' title='bbox 1132 1648 1217 1693; x_wconf 90' lang='lat' dir='ltr'><strong>est</strong></span> <span class='ocrx_word' id='word_1_173' title='bbox 1282 1640 1703 1698; x_wconf 80' lang='lat' dir='ltr'><strong>ceieberrimum</strong></span> <span class='ocrx_word' id='word_1_174' title='bbox 1780 1646 2306 1718; x_wconf 84' lang='lat' dir='ltr'><strong>ptochotrophimn,</strong></span> <span class='ocrx_word' id='word_1_175' title='bbox 2356 1663 2386 1702; x_wconf 92' lang='lat' dir='ltr'><strong>a</strong></span> <span class='ocrx_word' id='word_1_176' title='bbox 2442 1647 2647 1705; x_wconf 83' lang='lat' dir='ltr'><strong>Basilio</strong></span> <span class='ocrx_word' id='word_1_177' title='bbox 2703 1650 3033 1711; x_wconf 71' lang='lat' dir='ltr'><strong>Caesariensi</strong></span> <span class='ocrx_word' id='word_1_178' title='bbox 3090 1629 3353 1722; x_wconf 87' lang='lat' dir='ltr'><strong>episcopo</strong></span> <span class='ocrx_word' id='word_1_179' title='bbox 3406 1663 3675 1707; x_wconf 88' lang='lat' dir='ltr'><strong>constru-</strong></span> 
     </span>
    </p>
   </div>
   <div class='ocr_carea' id='block_1_26' title="bbox 407 1731 2229 1806">
    <p class='ocr_par' dir='ltr' id='par_1_26' title="bbox 407 1731 2229 1806">
     <span class='ocr_line' id='line_1_26' title="bbox 407 1731 2229 1806; baseline 0.01 -28"><span class='ocrx_word' id='word_1_180' title='bbox 407 1733 552 1778; x_wconf 87' lang='lat' dir='ltr'><strong>ctum</strong></span> <span class='ocrx_word' id='word_1_181' title='bbox 581 1742 593 1778; x_wconf 91' lang='lat'><strong>:</strong></span> <span class='ocrx_word' id='word_1_182' title='bbox 628 1740 658 1778; x_wconf 88' lang='lat' dir='ltr'><strong>a</strong></span> <span class='ocrx_word' id='word_1_183' title='bbox 692 1742 805 1797; x_wconf 90' lang='lat' dir='ltr'><strong>quo</strong></span> <span class='ocrx_word' id='word_1_184' title='bbox 838 1738 1265 1799; x_wconf 87' lang='lat' dir='ltr'><strong>cognomentum</strong></span> <span class='ocrx_word' id='word_1_185' title='bbox 1300 1731 1459 1788; x_wconf 90' lang='lat' dir='ltr'><strong>initio</strong></span> <span class='ocrx_word' id='word_1_186' title='bbox 1494 1735 1677 1806; x_wconf 85' lang='lat' dir='ltr'><strong>cepit,</strong></span> <span class='ocrx_word' id='word_1_187' title='bbox 1709 1744 1766 1793; x_wconf 89' lang='lat' dir='ltr'><strong>et</strong></span> <span class='ocrx_word' id='word_1_188' title='bbox 1801 1739 2083 1796; x_wconf 87' lang='lat' dir='ltr'><strong>hactenus</strong></span> <span class='ocrx_word' id='word_1_189' title='bbox 2128 1743 2229 1797; x_wconf 90' lang='lat' dir='ltr'><strong>reti</strong></span> 
     </span>
    </p>
   </div>
   <div class='ocr_carea' id='block_1_27' title="bbox 988 1822 1393 1879">
    <p class='ocr_par' dir='ltr' id='par_1_27' title="bbox 988 1822 1393 1879">
     <span class='ocr_line' id='line_1_27' title="bbox 988 1822 1393 1879; baseline 0.01 -5"><span class='ocrx_word' id='word_1_190' title='bbox 988 1822 1238 1879; x_wconf 78' lang='grc' dir='ltr'><strong>ΚΕΦΑΛ.</strong></span> <span class='ocrx_word' id='word_1_191' title='bbox 1270 1825 1393 1878; x_wconf 85' lang='lat' dir='ltr'><strong>AE&#39;.</strong></span> 
     </span>
    </p>
   </div>
   <div class='ocr_carea' id='block_1_28' title="bbox 409 1907 1993 1988">
    <p class='ocr_par' dir='ltr' id='par_1_28' title="bbox 409 1907 1993 1988">
     <span class='ocr_line' id='line_1_28' title="bbox 409 1907 1993 1988; baseline 0.012 -28"><span class='ocrx_word' id='word_1_192' title='bbox 409 1907 549 1988; x_wconf 60' lang='lat' dir='ltr'><strong>Hegi</strong></span> <span class='ocrx_word' id='word_1_193' title='bbox 582 1909 709 1988; x_wconf 43' lang='grc' dir='ltr'>τοῦ.</span> <span class='ocrx_word' id='word_1_194' title='bbox 744 1910 996 1988; x_wconf 61' lang='grc' dir='ltr'>ξῃλίζου</span> <span class='ocrx_word' id='word_1_195' title='bbox 1034 1916 1341 1988; x_wconf 68' lang='grc' dir='ltr'>τρίποδος,</span> <span class='ocrx_word' id='word_1_196' title='bbox 1384 1919 1483 1971; x_wconf 80' lang='grc' dir='ltr'><strong>καί</strong></span> <span class='ocrx_word' id='word_1_197' title='bbox 1521 1921 1631 1988; x_wconf 83' lang='grc' dir='ltr'>τῆς</span> <span class='ocrx_word' id='word_1_198' title='bbox 1673 1922 1779 1976; x_wconf 87' lang='grc' dir='ltr'>τοῦ</span> <span class='ocrx_word' id='word_1_199' title='bbox 1812 1925 1993 1987; x_wconf 78' lang='grc' dir='ltr'>,Βασι-</span> 
     </span>
    </p>
   </div>
   <div class='ocr_carea' id='block_1_29' title="bbox 476 1978 1993 2061">
    <p class='ocr_par' dir='ltr' id='par_1_29' title="bbox 476 1978 1993 2061">
     <span class='ocr_line' id='line_1_29' title="bbox 476 1978 1993 2061; baseline 0.018 -37"><span class='ocrx_word' id='word_1_200' title='bbox 476 1978 628 2061; x_wconf 68' lang='grc' dir='ltr'>λέῳς</span> <span class='ocrx_word' id='word_1_201' title='bbox 674 1978 1127 2061; x_wconf 35' lang='grc' dir='ltr'><strong>δίαδοέἧςητῆς</strong></span> <span class='ocrx_word' id='word_1_202' title='bbox 1172 1978 1641 2061; x_wconf 56' lang='grc' dir='ltr'>ζῶν-’στοιχείῶβ</span> <span class='ocrx_word' id='word_1_203' title='bbox 1682 1978 1993 2061; x_wconf 45' lang='lat' dir='ltr'><strong>clari-decof,</strong></span> 
     </span>
    </p>
   </div>
   <div class='ocr_carea' id='block_1_30' title="bbox 476 2047 1997 2134">
    <p class='ocr_par' dir='ltr' id='par_1_30' title="bbox 476 2047 1997 2134">
     <span class='ocr_line' id='line_1_30' title="bbox 476 2047 1997 2134; baseline 0.012 -34"><span class='ocrx_word' id='word_1_204' title='bbox 476 2047 575 2134; x_wconf 57' lang='lat' dir='ltr'><strong>real</strong></span> <span class='ocrx_word' id='word_1_205' title='bbox 606 2050 740 2118; x_wconf 79' lang='grc' dir='ltr'>περὶ</span> <span class='ocrx_word' id='word_1_206' title='bbox 776 2047 883 2134; x_wconf 58' lang='grc' dir='ltr'>τοῦ</span> <span class='ocrx_word' id='word_1_207' title='bbox 909 2047 1117 2122; x_wconf 48' lang='grc' dir='ltr'>μόνου</span> <span class='ocrx_word' id='word_1_208' title='bbox 1145 2055 1263 2110; x_wconf 80' lang='grc' dir='ltr'>τῶν</span> <span class='ocrx_word' id='word_1_209' title='bbox 1289 2047 1669 2128; x_wconf 65' lang='grc' dir='ltr'>φιλοάόφων,</span> <span class='ocrx_word' id='word_1_210' title='bbox 1712 2047 1812 2117; x_wconf 69' lang='grc' dir='ltr'><strong>καὶ</strong></span> <span class='ocrx_word' id='word_1_211' title='bbox 1863 2047 1997 2134; x_wconf 47' lang='lat' dir='ltr'><strong>iiii</strong></span> 
     </span>
    </p>
   </div>
   <div class='ocr_carea' id='block_1_31' title="bbox 472 2117 899 2190">
    <p class='ocr_par' dir='ltr' id='par_1_31' title="bbox 472 2117 899 2190">
     <span class='ocr_line' id='line_1_31' title="bbox 472 2117 899 2190; baseline 0.007 -17"><span class='ocrx_word' id='word_1_212' title='bbox 472 2117 899 2190; x_wconf 65' lang='grc' dir='ltr'>ἀστρονομίας.</span> 
     </span>
    </p>
   </div>
   <div class='ocr_carea' id='block_1_32' title="bbox 474 2209 1995 2296">
    <p class='ocr_par' dir='ltr' id='par_1_32' title="bbox 474 2209 1995 2296">
     <span class='ocr_line' id='line_1_32' title="bbox 474 2209 1995 2296; baseline 0.011 -34"><span class='ocrx_word' id='word_1_213' title='bbox 474 2209 638 2264; x_wconf 84' lang='grc' dir='ltr'>’Δλλὰ</span> <span class='ocrx_word' id='word_1_214' title='bbox 681 2212 752 2266; x_wconf 79' lang='grc' dir='ltr'><strong>τά</strong></span> <span class='ocrx_word' id='word_1_215' title='bbox 792 2213 891 2284; x_wconf 85' lang='grc' dir='ltr'>μὲν</span> <span class='ocrx_word' id='word_1_216' title='bbox 944 2216 1320 2291; x_wconf 83' lang='grc' dir='ltr'>ἀφηγησάμην</span> <span class='ocrx_word' id='word_1_217' title='bbox 1344 2263 1360 2287; x_wconf 91' lang='grc'><strong>,</strong></span> <span class='ocrx_word' id='word_1_218' title='bbox 1390 2224 1476 2292; x_wconf 79' lang='grc' dir='ltr'>ἐφ’</span> <span class='ocrx_word' id='word_1_219' title='bbox 1512 2225 1637 2281; x_wconf 70' lang='grc' dir='ltr'>ὅσον</span> <span class='ocrx_word' id='word_1_220' title='bbox 1670 2242 1762 2295; x_wconf 90' lang='grc' dir='ltr'><strong>μοι</strong></span> <span class='ocrx_word' id='word_1_221' title='bbox 1805 2226 1995 2296; x_wconf 84' lang='grc' dir='ltr'>μαθεῖν</span> 
     </span>
    </p>
   </div>
   <div class='ocr_carea' id='block_1_33' title="bbox 406 2303 1995 2386">
    <p class='ocr_par' dir='ltr' id='par_1_33' title="bbox 406 2303 1995 2386">
     <span class='ocr_line' id='line_1_33' title="bbox 406 2303 1995 2386; baseline 0.009 -31"><span class='ocrx_word' id='word_1_222' title='bbox 406 2303 708 2372; x_wconf 82' lang='grc' dir='ltr'>ἐξεγένετο,</span> <span class='ocrx_word' id='word_1_223' title='bbox 741 2308 870 2377; x_wconf 77' lang='grc' dir='ltr'>περὶ</span> <span class='ocrx_word' id='word_1_224' title='bbox 904 2308 1012 2361; x_wconf 89' lang='grc' dir='ltr'><strong>τῶν</strong></span> <span class='ocrx_word' id='word_1_225' title='bbox 1056 2310 1178 2363; x_wconf 89' lang='grc' dir='ltr'>τότε</span> <span class='ocrx_word' id='word_1_226' title='bbox 1210 2312 1322 2380; x_wconf 79' lang='grc'><strong>(65)</strong></span> <span class='ocrx_word' id='word_1_227' title='bbox 1353 2314 1823 2383; x_wconf 82' lang='grc' dir='ltr'>ἐκκλησιαστικῶν</span> <span class='ocrx_word' id='word_1_228' title='bbox 1850 2316 1995 2386; x_wconf 78' lang='grc' dir='ltr'>φιλο-</span> 
     </span>
    </p>
   </div>
   <div class='ocr_carea' id='block_1_34' title="bbox 406 2397 1994 2479">
    <p class='ocr_par' dir='ltr' id='par_1_34' title="bbox 406 2397 1994 2479">
     <span class='ocr_line' id='line_1_34' title="bbox 406 2397 1994 2479; baseline 0.009 -31"><span class='ocrx_word' id='word_1_229' title='bbox 406 2397 605 2463; x_wconf 87' lang='grc' dir='ltr'>σόφων.</span> <span class='ocrx_word' id='word_1_230' title='bbox 640 2398 760 2451; x_wconf 85' lang='grc' dir='ltr'><strong>Τῶν</strong></span> <span class='ocrx_word' id='word_1_231' title='bbox 788 2398 832 2451; x_wconf 87' lang='grc' dir='ltr'>δ’</span> <span class='ocrx_word' id='word_1_232' title='bbox 870 2399 936 2453; x_wconf 82' lang='grc' dir='ltr'>αὖ</span> <span class='ocrx_word' id='word_1_233' title='bbox 991 2403 1350 2472; x_wconf 83' lang='grc' dir='ltr'>Ἑλληνιστῶν</span> <span class='ocrx_word' id='word_1_234' title='bbox 1370 2445 1385 2467; x_wconf 91' lang='grc'><strong>,</strong></span> <span class='ocrx_word' id='word_1_235' title='bbox 1416 2406 1611 2479; x_wconf 81' lang='grc' dir='ltr'>μικροῦ</span> <span class='ocrx_word' id='word_1_236' title='bbox 1648 2409 1849 2473; x_wconf 85' lang='grc' dir='ltr'>πάντες</span> <span class='ocrx_word' id='word_1_237' title='bbox 1875 2411 1994 2469; x_wconf 84' lang='grc' dir='ltr'>κατ’</span> 
     </span>
    </p>
   </div>
   <div class='ocr_carea' id='block_1_35' title="bbox 407 2489 1996 2569">
    <p class='ocr_par' dir='ltr' id='par_1_35' title="bbox 407 2489 1996 2569">
     <span class='ocr_line' id='line_1_35' title="bbox 407 2489 1996 2569; baseline 0.009 -30"><span class='ocrx_word' id='word_1_238' title='bbox 407 2490 580 2541; x_wconf 78' lang='grc' dir='ltr'>ἐκεῖνο</span> <span class='ocrx_word' id='word_1_239' title='bbox 606 2489 798 2560; x_wconf 84' lang='grc' dir='ltr'>καιροῦ</span> <span class='ocrx_word' id='word_1_240' title='bbox 822 2490 1214 2563; x_wconf 87' lang='grc' dir='ltr'>διεφθάρησαν.</span> <span class='ocrx_word' id='word_1_241' title='bbox 1244 2495 1401 2560; x_wconf 83' lang='grc' dir='ltr'>Ἰἰνὲς</span> <span class='ocrx_word' id='word_1_242' title='bbox 1426 2497 1534 2569; x_wconf 85' lang='grc' dir='ltr'>γὰρ</span> <span class='ocrx_word' id='word_1_243' title='bbox 1569 2500 1623 2553; x_wconf 84' lang='grc' dir='ltr'>οἳ</span> <span class='ocrx_word' id='word_1_244' title='bbox 1660 2500 1770 2553; x_wconf 87' lang='grc' dir='ltr'><strong>τῶν</strong></span> <span class='ocrx_word' id='word_1_245' title='bbox 1821 2500 1996 2554; x_wconf 79' lang='grc' dir='ltr'>ἄλλων</span> 
     </span>
    </p>
   </div>
   <div class='ocr_carea' id='block_1_36' title="bbox 410 2579 1995 2662">
    <p class='ocr_par' dir='ltr' id='par_1_36' title="bbox 410 2579 1995 2662">
     <span class='ocr_line' id='line_1_36' title="bbox 410 2579 1995 2662; baseline 0.009 -31"><span class='ocrx_word' id='word_1_246' title='bbox 410 2581 465 2631; x_wconf 75' lang='grc' dir='ltr'>ὲν</span> <span class='ocrx_word' id='word_1_247' title='bbox 489 2579 775 2652; x_wconf 82' lang='grc' dir='ltr'>φιλοσοφίᾳ</span> <span class='ocrx_word' id='word_1_248' title='bbox 804 2584 1099 2655; x_wconf 73' lang='grc' dir='ltr'>προφέρειν</span> <span class='ocrx_word' id='word_1_249' title='bbox 1142 2586 1451 2657; x_wconf 78' lang='grc' dir='ltr'>ἐνομίζοντο</span> <span class='ocrx_word' id='word_1_250' title='bbox 1470 2629 1485 2654; x_wconf 95' lang='grc'><strong>,</strong></span> <span class='ocrx_word' id='word_1_251' title='bbox 1518 2590 1654 2661; x_wconf 86' lang='grc' dir='ltr'>πρὸς</span> <span class='ocrx_word' id='word_1_252' title='bbox 1686 2592 1786 2662; x_wconf 81' lang='grc' dir='ltr'>τὴν</span> <span class='ocrx_word' id='word_1_253' title='bbox 1814 2592 1995 2645; x_wconf 81' lang='grc' dir='ltr'>ἐπίδο-</span> 
     </span>
    </p>
   </div>
   <div class='ocr_carea' id='block_1_37' title="bbox 410 2674 1998 2752">
    <p class='ocr_par' dir='ltr' id='par_1_37' title="bbox 410 2674 1998 2752">
     <span class='ocr_line' id='line_1_37' title="bbox 410 2674 1998 2752; baseline 0.008 -27"><span class='ocrx_word' id='word_1_254' title='bbox 410 2691 492 2726; x_wconf 89' lang='grc' dir='ltr'><strong>σιν</strong></span> <span class='ocrx_word' id='word_1_255' title='bbox 525 2674 619 2728; x_wconf 81' lang='grc' dir='ltr'>τοῦ</span> <span class='ocrx_word' id='word_1_256' title='bbox 656 2675 1101 2747; x_wconf 82' lang='grc' dir='ltr'>Χριστιανισμοῦ</span> <span class='ocrx_word' id='word_1_257' title='bbox 1150 2680 1574 2752; x_wconf 80' lang='grc' dir='ltr'>δυσφοροῦντες.</span> <span class='ocrx_word' id='word_1_258' title='bbox 1608 2684 1998 2738; x_wconf 76' lang='grc' dir='ltr'>ἐϐουλεύσαντο</span> 
     </span>
    </p>
   </div>
   <div class='ocr_carea' id='block_1_38' title="bbox 410 2766 1996 2845">
    <p class='ocr_par' dir='ltr' id='par_1_38' title="bbox 410 2766 1996 2845">
     <span class='ocr_line' id='line_1_38' title="bbox 410 2766 1996 2845; baseline 0.008 -31"><span class='ocrx_word' id='word_1_259' title='bbox 410 2766 711 2833; x_wconf 80' lang='grc' dir='ltr'>προμαθεῖν</span> <span class='ocrx_word' id='word_1_260' title='bbox 757 2767 849 2819; x_wconf 79' lang='grc' dir='ltr'><strong>τὸν</strong></span> <span class='ocrx_word' id='word_1_261' title='bbox 905 2767 1103 2837; x_wconf 83' lang='grc' dir='ltr'>ἐφεξῆς</span> <span class='ocrx_word' id='word_1_262' title='bbox 1142 2770 1403 2824; x_wconf 84' lang='grc' dir='ltr'>Οὐάλεντι</span> <span class='ocrx_word' id='word_1_263' title='bbox 1459 2772 1747 2843; x_wconf 84' lang='grc' dir='ltr'>Ῥωμαίων</span> <span class='ocrx_word' id='word_1_264' title='bbox 1792 2776 1996 2845; x_wconf 80' lang='grc' dir='ltr'>ἡγησό-</span> 
     </span>
    </p>
   </div>
   <div class='ocr_carea' id='block_1_39' title="bbox 410 2859 1997 2936">
    <p class='ocr_par' dir='ltr' id='par_1_39' title="bbox 410 2859 1997 2936">
     <span class='ocr_line' id='line_1_39' title="bbox 410 2859 1997 2936; baseline 0.007 -30"><span class='ocrx_word' id='word_1_265' title='bbox 410 2872 588 2923; x_wconf 87' lang='grc' dir='ltr'>μενον,</span> <span class='ocrx_word' id='word_1_266' title='bbox 624 2859 901 2925; x_wconf 87' lang='grc' dir='ltr'>μαντείαις</span> <span class='ocrx_word' id='word_1_267' title='bbox 928 2876 988 2911; x_wconf 87' lang='grc' dir='ltr'><strong>τε</strong></span> <span class='ocrx_word' id='word_1_268' title='bbox 1035 2860 1401 2925; x_wconf 83' lang='grc' dir='ltr'>παντοδαπαῖς</span> <span class='ocrx_word' id='word_1_269' title='bbox 1430 2864 1556 2934; x_wconf 81' lang='grc' dir='ltr'>περὶ</span> <span class='ocrx_word' id='word_1_270' title='bbox 1595 2864 1786 2917; x_wconf 78' lang='grc' dir='ltr'>τούτου</span> <span class='ocrx_word' id='word_1_271' title='bbox 1835 2866 1997 2936; x_wconf 81' lang='grc' dir='ltr'>ἐχρή-</span> 
     </span>
    </p>
   </div>
   <div class='ocr_carea' id='block_1_40' title="bbox 408 2950 1998 3027">
    <p class='ocr_par' dir='ltr' id='par_1_40' title="bbox 408 2950 1998 3027">
     <span class='ocr_line' id='line_1_40' title="bbox 408 2950 1998 3027; baseline 0.008 -29"><span class='ocrx_word' id='word_1_272' title='bbox 408 2962 586 2999; x_wconf 84' lang='grc' dir='ltr'>σαντο.</span> <span class='ocrx_word' id='word_1_273' title='bbox 624 2950 730 3001; x_wconf 76' lang='grc' dir='ltr'><strong>Καὶ</strong></span> <span class='ocrx_word' id='word_1_274' title='bbox 763 2950 1139 3015; x_wconf 78' lang='grc' dir='ltr'>τελευτῶντες,</span> <span class='ocrx_word' id='word_1_275' title='bbox 1178 2954 1403 3023; x_wconf 84' lang='grc' dir='ltr'>τρίποδα</span> <span class='ocrx_word' id='word_1_276' title='bbox 1429 2955 1639 3021; x_wconf 77' lang='grc' dir='ltr'>ξύλινον</span> <span class='ocrx_word' id='word_1_277' title='bbox 1684 2958 1747 3009; x_wconf 87' lang='grc' dir='ltr'><strong>ἐκ</strong></span> <span class='ocrx_word' id='word_1_278' title='bbox 1792 2957 1998 3027; x_wconf 80' lang='grc' dir='ltr'>δάφνης</span> 
     </span>
    </p>
   </div>
   <div class='ocr_carea' id='block_1_41' title="bbox 409 3042 1996 3118">
    <p class='ocr_par' dir='ltr' id='par_1_41' title="bbox 409 3042 1996 3118">
     <span class='ocr_line' id='line_1_41' title="bbox 409 3042 1996 3118; baseline 0.008 -29"><span class='ocrx_word' id='word_1_279' title='bbox 409 3042 899 3106; x_wconf 84' lang='grc' dir='ltr'>κατεσκευάσαντο,</span> <span class='ocrx_word' id='word_1_280' title='bbox 933 3043 1028 3097; x_wconf 72' lang='grc' dir='ltr'><strong>καὶ</strong></span> <span class='ocrx_word' id='word_1_281' title='bbox 1068 3045 1390 3117; x_wconf 73' lang='grc' dir='ltr'>ἐπικλήσεσι</span> <span class='ocrx_word' id='word_1_282' title='bbox 1424 3049 1517 3101; x_wconf 76' lang='grc' dir='ltr'>καὶ</span> <span class='ocrx_word' id='word_1_283' title='bbox 1549 3048 1729 3118; x_wconf 85' lang='grc' dir='ltr'>λόγοις</span> <span class='ocrx_word' id='word_1_284' title='bbox 1761 3044 1842 3113; x_wconf 76' lang='grc' dir='ltr'>οἷς</span> <span class='ocrx_word' id='word_1_285' title='bbox 1871 3049 1996 3102; x_wconf 78' lang='grc' dir='ltr'><strong>εἱώ-</strong></span> 
     </span>
    </p>
   </div>
   <div class='ocr_carea' id='block_1_42' title="bbox 408 3129 1996 3211">
    <p class='ocr_par' dir='ltr' id='par_1_42' title="bbox 408 3129 1996 3211">
     <span class='ocr_line' id='line_1_42' title="bbox 408 3129 1996 3211; baseline 0.009 -31"><span class='ocrx_word' id='word_1_286' title='bbox 408 3129 623 3197; x_wconf 86' lang='grc' dir='ltr'>θεισαν,</span> <span class='ocrx_word' id='word_1_287' title='bbox 654 3132 925 3188; x_wconf 82' lang='grc' dir='ltr'>ἐτέλεσαν.</span> <span class='ocrx_word' id='word_1_288' title='bbox 976 3136 1138 3189; x_wconf 84' lang='grc' dir='ltr'>Ὥστε</span> <span class='ocrx_word' id='word_1_289' title='bbox 1190 3137 1417 3209; x_wconf 87' lang='grc' dir='ltr'>συλλογῇ</span> <span class='ocrx_word' id='word_1_290' title='bbox 1453 3140 1801 3211; x_wconf 86' lang='grc' dir='ltr'>γραμμάτων</span> <span class='ocrx_word' id='word_1_291' title='bbox 1827 3182 1841 3205; x_wconf 93' lang='grc'><strong>,</strong></span> <span class='ocrx_word' id='word_1_292' title='bbox 1874 3142 1996 3194; x_wconf 87' lang='grc' dir='ltr'>καθ’</span> 
     </span>
    </p>
   </div>
   <div class='ocr_carea' id='block_1_43' title="bbox 406 3196 2067 3302">
    <p class='ocr_par' dir='ltr' id='par_1_43' title="bbox 406 3196 2067 3302">
     <span class='ocr_line' id='line_1_43' title="bbox 406 3196 2067 3302; baseline 0.008 -29"><span class='ocrx_word' id='word_1_293' title='bbox 406 3196 638 3275; x_wconf 69' lang='grc' dir='ltr'>ἕκαστον</span> <span class='ocrx_word' id='word_1_294' title='bbox 668 3227 926 3295; x_wconf 83' lang='grc' dir='ltr'>στοιχεῖον</span> <span class='ocrx_word' id='word_1_295' title='bbox 953 3226 1065 3297; x_wconf 70' lang='grc'><strong>(64)</strong></span> <span class='ocrx_word' id='word_1_296' title='bbox 1097 3228 1201 3282; x_wconf 83' lang='grc' dir='ltr'><strong>ὑπὸ</strong></span> <span class='ocrx_word' id='word_1_297' title='bbox 1229 3196 1478 3301; x_wconf 42' lang='grc' dir='ltr'>μηχανλτις</span> <span class='ocrx_word' id='word_1_298' title='bbox 1497 3196 1875 3302; x_wconf 41' lang='grc' dir='ltr'>’τοιῖιτρίποδος</span> <span class='ocrx_word' id='word_1_299' title='bbox 1902 3232 1998 3287; x_wconf 77' lang='grc' dir='ltr'>καὶ</span> <span class='ocrx_word' id='word_1_300' title='bbox 2023 3196 2067 3254; x_wconf 70' lang='lat' dir='ltr'><strong><em>C</em></strong></span> 
     </span>
    </p>
   </div>
   <div class='ocr_carea' id='block_1_44' title="bbox 408 3315 1999 3395">
    <p class='ocr_par' dir='ltr' id='par_1_44' title="bbox 408 3315 1999 3395">
     <span class='ocr_line' id='line_1_44' title="bbox 408 3315 1999 3395; baseline 0.007 -29"><span class='ocrx_word' id='word_1_301' title='bbox 408 3315 503 3384; x_wconf 83' lang='grc' dir='ltr'>τῆς</span> <span class='ocrx_word' id='word_1_302' title='bbox 556 3316 813 3384; x_wconf 87' lang='grc' dir='ltr'>μαντείας</span> <span class='ocrx_word' id='word_1_303' title='bbox 866 3322 1282 3391; x_wconf 83' lang='grc' dir='ltr'>σημαινομένων</span> <span class='ocrx_word' id='word_1_304' title='bbox 1306 3364 1320 3385; x_wconf 95' lang='grc'><strong>,</strong></span> <span class='ocrx_word' id='word_1_305' title='bbox 1356 3324 1697 3393; x_wconf 82' lang='grc' dir='ltr'>ἀναφανῆναι</span> <span class='ocrx_word' id='word_1_306' title='bbox 1727 3324 1787 3376; x_wconf 83' lang='grc' dir='ltr'>τὸ</span> <span class='ocrx_word' id='word_1_307' title='bbox 1827 3326 1999 3395; x_wconf 76' lang='grc' dir='ltr'>ὄνομα</span> 
     </span>
    </p>
   </div>
   <div class='ocr_carea' id='block_1_45' title="bbox 406 3405 2001 3483">
    <p class='ocr_par' dir='ltr' id='par_1_45' title="bbox 406 3405 2001 3483">
     <span class='ocr_line' id='line_1_45' title="bbox 406 3405 2001 3483; baseline 0.007 -27"><span class='ocrx_word' id='word_1_308' title='bbox 406 3405 499 3457; x_wconf 79' lang='grc' dir='ltr'>τοῦ</span> <span class='ocrx_word' id='word_1_309' title='bbox 548 3407 807 3476; x_wconf 78' lang='grc' dir='ltr'>ἐσομένου</span> <span class='ocrx_word' id='word_1_310' title='bbox 844 3408 1127 3479; x_wconf 84' lang='grc' dir='ltr'>βασιλέως.</span> <span class='ocrx_word' id='word_1_311' title='bbox 1157 3412 1427 3483; x_wconf 85' lang='grc' dir='ltr'>Κεχηνόσι</span> <span class='ocrx_word' id='word_1_312' title='bbox 1468 3413 1525 3466; x_wconf 81' lang='grc' dir='ltr'>δὲ</span> <span class='ocrx_word' id='word_1_313' title='bbox 1553 3415 1737 3476; x_wconf 78' lang='grc' dir='ltr'>αὐτοῖς</span> <span class='ocrx_word' id='word_1_314' title='bbox 1770 3416 1849 3476; x_wconf 86' lang='grc' dir='ltr'><strong>είς</strong></span> <span class='ocrx_word' id='word_1_315' title='bbox 1872 3415 2001 3467; x_wconf 77' lang='grc' dir='ltr'>θεό-</span> 
     </span>
    </p>
   </div>
   <div class='ocr_carea' id='block_1_46' title="bbox 406 3497 2001 3577">
    <p class='ocr_par' dir='ltr' id='par_1_46' title="bbox 406 3497 2001 3577">
     <span class='ocr_line' id='line_1_46' title="bbox 406 3497 2001 3577; baseline 0.006 -29"><span class='ocrx_word' id='word_1_316' title='bbox 406 3497 597 3566; x_wconf 81' lang='grc' dir='ltr'>δωρον,</span> <span class='ocrx_word' id='word_1_317' title='bbox 618 3499 784 3568; x_wconf 79' lang='grc' dir='ltr'>ἄνδρα</span> <span class='ocrx_word' id='word_1_318' title='bbox 813 3500 920 3552; x_wconf 87' lang='grc' dir='ltr'><strong>τῶν</strong></span> <span class='ocrx_word' id='word_1_319' title='bbox 952 3503 1009 3553; x_wconf 79' lang='grc' dir='ltr'>ὲν</span> <span class='ocrx_word' id='word_1_320' title='bbox 1046 3504 1158 3565; x_wconf 86' lang='grc' dir='ltr'>τοῖς</span> <span class='ocrx_word' id='word_1_321' title='bbox 1191 3502 1484 3572; x_wconf 87' lang='grc' dir='ltr'>βασιλείοις</span> <span class='ocrx_word' id='word_1_322' title='bbox 1510 3505 1798 3575; x_wconf 78' lang='grc' dir='ltr'>ἐπισήμως</span> <span class='ocrx_word' id='word_1_323' title='bbox 1834 3522 2001 3577; x_wconf 82' lang='grc' dir='ltr'>στρα-</span> 
     </span>
    </p>
   </div>
   <div class='ocr_carea' id='block_1_47' title="bbox 407 3589 2001 3667">
    <p class='ocr_par' dir='ltr' id='par_1_47' title="bbox 407 3589 2001 3667">
     <span class='ocr_line' id='line_1_47' title="bbox 407 3589 2001 3667; baseline 0.006 -27"><span class='ocrx_word' id='word_1_324' title='bbox 407 3589 729 3658; x_wconf 52' lang='grc' dir='ltr'>τειομένων,</span> <span class='ocrx_word' id='word_1_325' title='bbox 774 3590 1121 3663; x_wconf 76' lang='grc' dir='ltr'>Ἑλληνιστὴν</span> <span class='ocrx_word' id='word_1_326' title='bbox 1177 3594 1270 3646; x_wconf 76' lang='grc' dir='ltr'><strong>καὶ</strong></span> <span class='ocrx_word' id='word_1_327' title='bbox 1320 3594 1646 3665; x_wconf 85' lang='grc' dir='ltr'>ἐλλόγιμον,</span> <span class='ocrx_word' id='word_1_328' title='bbox 1695 3596 1854 3667; x_wconf 85' lang='grc' dir='ltr'>μέχρι</span> <span class='ocrx_word' id='word_1_329' title='bbox 1908 3595 2001 3650; x_wconf 80' lang='grc' dir='ltr'>τοῦ</span> 
     </span>
    </p>
   </div>
   <div class='ocr_carea' id='block_1_48' title="bbox 406 3679 1997 3757">
    <p class='ocr_par' dir='ltr' id='par_1_48' title="bbox 406 3679 1997 3757">
     <span class='ocr_line' id='line_1_48' title="bbox 406 3679 1997 3757; baseline 0.004 -26"><span class='ocrx_word' id='word_1_330' title='bbox 406 3679 563 3732; x_wconf 81' lang='grc' dir='ltr'>δέλτα</span> <span class='ocrx_word' id='word_1_331' title='bbox 602 3682 692 3733; x_wconf 71' lang='grc' dir='ltr'><strong>ἐπὶ</strong></span> <span class='ocrx_word' id='word_1_332' title='bbox 720 3681 817 3751; x_wconf 79' lang='grc' dir='ltr'>τῆς</span> <span class='ocrx_word' id='word_1_333' title='bbox 841 3682 1029 3735; x_wconf 83' lang='grc' dir='ltr'>τούτου</span> <span class='ocrx_word' id='word_1_334' title='bbox 1063 3685 1435 3757; x_wconf 85' lang='grc' dir='ltr'>προσηγορίας</span> <span class='ocrx_word' id='word_1_335' title='bbox 1459 3685 1690 3740; x_wconf 80' lang='grc' dir='ltr'>ἐλθοῦσα</span> <span class='ocrx_word' id='word_1_336' title='bbox 1722 3685 1832 3739; x_wconf 89' lang='grc' dir='ltr'><strong>τῶν</strong></span> <span class='ocrx_word' id='word_1_337' title='bbox 1856 3703 1997 3739; x_wconf 60' lang='grc' dir='ltr'>στοιε</span> 
     </span>
    </p>
   </div>
   <div class='ocr_carea' id='block_1_49' title="bbox 408 3773 1997 3847">
    <p class='ocr_par' dir='ltr' id='par_1_49' title="bbox 408 3773 1997 3847">
     <span class='ocr_line' id='line_1_49' title="bbox 408 3773 1997 3847; baseline 0.004 -24"><span class='ocrx_word' id='word_1_338' title='bbox 408 3776 569 3839; x_wconf 74' lang='grc' dir='ltr'>χείων</span> <span class='ocrx_word' id='word_1_339' title='bbox 606 3773 639 3841; x_wconf 89' lang='grc' dir='ltr'><strong>ή</strong></span> <span class='ocrx_word' id='word_1_340' title='bbox 678 3773 961 3837; x_wconf 80' lang='grc' dir='ltr'>σύνταξις,</span> <span class='ocrx_word' id='word_1_341' title='bbox 1008 3775 1259 3847; x_wconf 74' lang='grc' dir='ltr'>ὴπάτησε</span> <span class='ocrx_word' id='word_1_342' title='bbox 1318 3778 1444 3839; x_wconf 81' lang='grc' dir='ltr'>τοὺς</span> <span class='ocrx_word' id='word_1_343' title='bbox 1490 3777 1829 3846; x_wconf 78' lang='grc' dir='ltr'>φιλοσόφους.</span> <span class='ocrx_word' id='word_1_344' title='bbox 1884 3776 1997 3829; x_wconf 73' lang='grc' dir='ltr'>Καὶ</span> 
     </span>
    </p>
   </div>
   <div class='ocr_carea' id='block_1_50' title="bbox 408 3864 1989 3941">
    <p class='ocr_par' dir='ltr' id='par_1_50' title="bbox 408 3864 1989 3941">
     <span class='ocr_line' id='line_1_50' title="bbox 408 3864 1989 3941; baseline 0.004 -24"><span class='ocrx_word' id='word_1_345' title='bbox 408 3866 531 3917; x_wconf 83' lang='grc' dir='ltr'>ὅσον</span> <span class='ocrx_word' id='word_1_346' title='bbox 562 3864 714 3918; x_wconf 72' lang='grc' dir='ltr'>οὔπω</span> <span class='ocrx_word' id='word_1_347' title='bbox 763 3866 1037 3937; x_wconf 83' lang='grc' dir='ltr'>Θεόδωρον</span> <span class='ocrx_word' id='word_1_348' title='bbox 1081 3868 1417 3935; x_wconf 86' lang='grc' dir='ltr'>βασιλεύσειν</span> <span class='ocrx_word' id='word_1_349' title='bbox 1464 3870 1808 3941; x_wconf 85' lang='grc' dir='ltr'>προσεδόκων</span> <span class='ocrx_word' id='word_1_350' title='bbox 1854 3870 1989 3939; x_wconf 85' lang='grc'><strong>(65).</strong></span> 
     </span>
    </p>
   </div>
   <div class='ocr_carea' id='block_1_51' title="bbox 410 3956 1995 4035">
    <p class='ocr_par' dir='ltr' id='par_1_51' title="bbox 410 3956 1995 4035">
     <span class='ocr_line' id='line_1_51' title="bbox 410 3956 1995 4035; baseline 0.006 -26"><span class='ocrx_word' id='word_1_351' title='bbox 410 3956 903 4029; x_wconf 79' lang='grc' dir='ltr'>Καταμηνυθείσης</span> <span class='ocrx_word' id='word_1_352' title='bbox 940 3960 997 4012; x_wconf 86' lang='grc' dir='ltr'><strong>δὲ</strong></span> <span class='ocrx_word' id='word_1_353' title='bbox 1034 3964 1134 4032; x_wconf 81' lang='grc' dir='ltr'>τῆς</span> <span class='ocrx_word' id='word_1_354' title='bbox 1159 3963 1575 4035; x_wconf 80' lang='grc' dir='ltr'>ἐπιχειρήσεως,</span> <span class='ocrx_word' id='word_1_355' title='bbox 1601 3964 1677 4027; x_wconf 84' lang='grc' dir='ltr'><strong>ὡς</strong></span> <span class='ocrx_word' id='word_1_356' title='bbox 1705 3966 1785 4028; x_wconf 77' lang='grc' dir='ltr'><strong>είς</strong></span> <span class='ocrx_word' id='word_1_357' title='bbox 1816 3982 1995 4033; x_wconf 82' lang='grc' dir='ltr'>σωτη-</span> 
     </span>
    </p>
   </div>
   <div class='ocr_carea' id='block_1_52' title="bbox 414 4047 1996 4125">
    <p class='ocr_par' dir='ltr' id='par_1_52' title="bbox 414 4047 1996 4125">
     <span class='ocr_line' id='line_1_52' title="bbox 414 4047 1996 4125; baseline 0.006 -28"><span class='ocrx_word' id='word_1_358' title='bbox 414 4047 535 4117; x_wconf 82' lang='grc' dir='ltr'>ρίαν</span> <span class='ocrx_word' id='word_1_359' title='bbox 563 4048 971 4112; x_wconf 72' lang='grc' dir='ltr'>ἐπιϐουλευθεὶς</span> <span class='ocrx_word' id='word_1_360' title='bbox 1011 4051 1226 4122; x_wconf 84' lang='grc' dir='ltr'>Οὐάλης</span> <span class='ocrx_word' id='word_1_361' title='bbox 1252 4054 1352 4105; x_wconf 80' lang='grc' dir='ltr'><strong>οὐκ</strong></span> <span class='ocrx_word' id='word_1_362' title='bbox 1377 4055 1602 4118; x_wconf 82' lang='grc' dir='ltr'>ἀνεκτὸς</span> <span class='ocrx_word' id='word_1_363' title='bbox 1631 4050 1699 4125; x_wconf 83' lang='grc' dir='ltr'>ἦν</span> <span class='ocrx_word' id='word_1_364' title='bbox 1729 4054 1996 4125; x_wconf 85' lang='grc' dir='ltr'>χαλεπαί-</span> 
     </span>
    </p>
   </div>
   <div class='ocr_carea' id='block_1_53' title="bbox 407 4137 1997 4214">
    <p class='ocr_par' dir='ltr' id='par_1_53' title="bbox 407 4137 1997 4214">
     <span class='ocr_line' id='line_1_53' title="bbox 407 4137 1997 4214; baseline 0.007 -26"><span class='ocrx_word' id='word_1_365' title='bbox 407 4155 536 4191; x_wconf 74' lang='grc' dir='ltr'>νων.</span> <span class='ocrx_word' id='word_1_366' title='bbox 572 4137 666 4189; x_wconf 86' lang='grc' dir='ltr'>Ἐκ</span> <span class='ocrx_word' id='word_1_367' title='bbox 694 4138 879 4191; x_wconf 76' lang='grc' dir='ltr'>τούτου</span> <span class='ocrx_word' id='word_1_368' title='bbox 902 4139 958 4192; x_wconf 81' lang='grc' dir='ltr'>δὲ</span> <span class='ocrx_word' id='word_1_369' title='bbox 999 4139 1389 4211; x_wconf 81' lang='grc' dir='ltr'>συλληφθέντες</span> <span class='ocrx_word' id='word_1_370' title='bbox 1413 4143 1683 4214; x_wconf 85' lang='grc' dir='ltr'>Θεόδωρός</span> <span class='ocrx_word' id='word_1_371' title='bbox 1719 4162 1780 4197; x_wconf 90' lang='grc' dir='ltr'><strong>τε</strong></span> <span class='ocrx_word' id='word_1_372' title='bbox 1832 4144 1926 4199; x_wconf 76' lang='grc' dir='ltr'>καὶ</span> <span class='ocrx_word' id='word_1_373' title='bbox 1947 4146 1997 4199; x_wconf 80' lang='lat' dir='ltr'><strong>oi</strong></span> 
     </span>
    </p>
   </div>
   <div class='ocr_carea' id='block_1_54' title="bbox 410 4226 1998 4305">
    <p class='ocr_par' dir='ltr' id='par_1_54' title="bbox 410 4226 1998 4305">
     <span class='ocr_line' id='line_1_54' title="bbox 410 4226 1998 4305; baseline 0.007 -27"><span class='ocrx_word' id='word_1_374' title='bbox 410 4226 658 4298; x_wconf 86' lang='grc' dir='ltr'>τρίποδος</span> <span class='ocrx_word' id='word_1_375' title='bbox 686 4230 942 4299; x_wconf 89' lang='grc' dir='ltr'>τεχνῖται,</span> <span class='ocrx_word' id='word_1_376' title='bbox 976 4230 1025 4283; x_wconf 94' lang='grc' dir='ltr'><strong>οί</strong></span> <span class='ocrx_word' id='word_1_377' title='bbox 1058 4230 1158 4302; x_wconf 79' lang='grc' dir='ltr'><strong>μὲν</strong></span> <span class='ocrx_word' id='word_1_378' title='bbox 1182 4232 1316 4304; x_wconf 76' lang='grc' dir='ltr'>πυρὶ</span> <span class='ocrx_word' id='word_1_379' title='bbox 1350 4233 1485 4305; x_wconf 87' lang='lat'><strong>(66),</strong></span> <span class='ocrx_word' id='word_1_380' title='bbox 1508 4235 1557 4287; x_wconf 83' lang='grc' dir='ltr'>οἱ</span> <span class='ocrx_word' id='word_1_381' title='bbox 1591 4234 1647 4288; x_wconf 84' lang='grc' dir='ltr'>δὲ</span> <span class='ocrx_word' id='word_1_382' title='bbox 1682 4233 1824 4304; x_wconf 81' lang='grc' dir='ltr'>ξίφει</span> <span class='ocrx_word' id='word_1_383' title='bbox 1863 4235 1998 4289; x_wconf 83' lang='grc' dir='ltr'>ἀπο-</span> 
     </span>
    </p>
   </div>
   <div class='ocr_carea' id='block_1_55' title="bbox 534 4406 1144 4474">
    <p class='ocr_par' dir='ltr' id='par_1_55' title="bbox 534 4406 1144 4474">
     <span class='ocr_line' id='line_1_55' title="bbox 534 4406 1144 4474; baseline 0.002 -13"><span class='ocrx_word' id='word_1_384' title='bbox 534 4406 693 4463; x_wconf 89' lang='lat' dir='ltr'><strong>Socr.</strong></span> <span class='ocrx_word' id='word_1_385' title='bbox 726 4406 822 4462; x_wconf 90' lang='lat' dir='ltr'><strong>lib.</strong></span> <span class='ocrx_word' id='word_1_386' title='bbox 866 4424 941 4474; x_wconf 85' lang='lat' dir='ltr'><strong>tv,</strong></span> <span class='ocrx_word' id='word_1_387' title='bbox 975 4423 1026 4463; x_wconf 94' lang='lat' dir='ltr'><strong>c.</strong></span> <span class='ocrx_word' id='word_1_388' title='bbox 1058 4406 1144 4465; x_wconf 76' lang='lat' dir='ltr'><strong>i9.</strong></span> 
     </span>
    </p>
   </div>
   <div class='ocr_carea' id='block_1_56' title="bbox 2674 1833 3083 1889">
    <p class='ocr_par' dir='ltr' id='par_1_56' title="bbox 2674 1833 3083 1889">
     <span class='ocr_line' id='line_1_56' title="bbox 2674 1833 3083 1889; baseline 0 0"><span class='ocrx_word' id='word_1_389' title='bbox 2674 1833 2825 1889; x_wconf 79' lang='lat' dir='ltr'><strong>CAP.</strong></span> <span class='ocrx_word' id='word_1_390' title='bbox 2866 1834 3083 1889; x_wconf 76' lang='lat' dir='ltr'><strong>XXXV.</strong></span> 
     </span>
    </p>
   </div>
   <div class='ocr_carea' id='block_1_57' title="bbox 2097 1921 3672 1993">
    <p class='ocr_par' dir='ltr' id='par_1_57' title="bbox 2097 1921 3672 1993">
     <span class='ocr_line' id='line_1_57' title="bbox 2097 1921 3672 1993; baseline 0.003 -18"><span class='ocrx_word' id='word_1_391' title='bbox 2097 1921 2174 1976; x_wconf 85' lang='lat' dir='ltr'><strong>De</strong></span> <span class='ocrx_word' id='word_1_392' title='bbox 2197 1924 2368 1993; x_wconf 86' lang='lat' dir='ltr'><strong>ligneo</strong></span> <span class='ocrx_word' id='word_1_393' title='bbox 2403 1924 2605 1991; x_wconf 82' lang='lat' dir='ltr'><strong>tripode</strong></span> <span class='ocrx_word' id='word_1_394' title='bbox 2629 1965 2644 1989; x_wconf 97' lang='lat'><strong>,</strong></span> <span class='ocrx_word' id='word_1_395' title='bbox 2678 1934 2727 1978; x_wconf 89' lang='lat' dir='ltr'><strong>et</strong></span> <span class='ocrx_word' id='word_1_396' title='bbox 2756 1924 3017 1993; x_wconf 87' lang='lat' dir='ltr'><strong>quomodo</strong></span> <span class='ocrx_word' id='word_1_397' title='bbox 3042 1924 3213 1991; x_wconf 82' lang='lat' dir='ltr'><strong>futuri</strong></span> <span class='ocrx_word' id='word_1_398' title='bbox 3245 1933 3363 1988; x_wconf 87' lang='lat' dir='ltr'><strong>post</strong></span> <span class='ocrx_word' id='word_1_399' title='bbox 3399 1924 3672 1979; x_wconf 79' lang='lat' dir='ltr'><strong>Valentem</strong></span> 
     </span>
    </p>
   </div>
   <div class='ocr_carea' id='block_1_58' title="bbox 2167 1994 3675 2065">
    <p class='ocr_par' dir='ltr' id='par_1_58' title="bbox 2167 1994 3675 2065">
     <span class='ocr_line' id='line_1_58' title="bbox 2167 1994 3675 2065; baseline 0.002 -20"><span class='ocrx_word' id='word_1_400' title='bbox 2167 1994 2504 2065; x_wconf 81' lang='lat' dir='ltr'><strong>imperatoris</strong></span> <span class='ocrx_word' id='word_1_401' title='bbox 2554 2010 2741 2048; x_wconf 89' lang='lat' dir='ltr'><strong>nomen</strong></span> <span class='ocrx_word' id='word_1_402' title='bbox 2788 2008 2855 2047; x_wconf 77' lang='lat' dir='ltr'><strong>ea:</strong></span> <span class='ocrx_word' id='word_1_403' title='bbox 2902 1996 3092 2065; x_wconf 79' lang='lat' dir='ltr'><strong>primis</strong></span> <span class='ocrx_word' id='word_1_404' title='bbox 3138 1996 3410 2050; x_wconf 85' lang='lat' dir='ltr'><strong>elementis</strong></span> <span class='ocrx_word' id='word_1_405' title='bbox 3454 1996 3675 2065; x_wconf 86' lang='lat' dir='ltr'><strong>quidam</strong></span> 
     </span>
    </p>
   </div>
   <div class='ocr_carea' id='block_1_59' title="bbox 2165 2064 3665 2135">
    <p class='ocr_par' dir='ltr' id='par_1_59' title="bbox 2165 2064 3665 2135">
     <span class='ocr_line' id='line_1_59' title="bbox 2165 2064 3665 2135; baseline 0.002 -19"><span class='ocrx_word' id='word_1_406' title='bbox 2165 2064 2391 2116; x_wconf 76' lang='lat' dir='ltr'><strong>scrutati</strong></span> <span class='ocrx_word' id='word_1_407' title='bbox 2426 2065 2570 2128; x_wconf 87' lang='lat' dir='ltr'><strong>sint;</strong></span> <span class='ocrx_word' id='word_1_408' title='bbox 2608 2074 2659 2117; x_wconf 85' lang='lat' dir='ltr'><strong>et</strong></span> <span class='ocrx_word' id='word_1_409' title='bbox 2696 2065 2759 2119; x_wconf 87' lang='lat' dir='ltr'><strong>de</strong></span> <span class='ocrx_word' id='word_1_410' title='bbox 2796 2064 2937 2118; x_wconf 66' lang='lat' dir='ltr'><strong>crede</strong></span> <span class='ocrx_word' id='word_1_411' title='bbox 2981 2064 3455 2134; x_wconf 82' lang='lat' dir='ltr'><strong>philosophorum,</strong></span> <span class='ocrx_word' id='word_1_412' title='bbox 3500 2066 3665 2135; x_wconf 82' lang='lat' dir='ltr'><strong>deque</strong></span> 
     </span>
    </p>
   </div>
   <div class='ocr_carea' id='block_1_60' title="bbox 2167 2135 2514 2187">
    <p class='ocr_par' dir='ltr' id='par_1_60' title="bbox 2167 2135 2514 2187">
     <span class='ocr_line' id='line_1_60' title="bbox 2167 2135 2514 2187; baseline 0.009 -3"><span class='ocrx_word' id='word_1_413' title='bbox 2167 2135 2514 2187; x_wconf 80' lang='lat' dir='ltr'><strong>astronomia.</strong></span> 
     </span>
    </p>
   </div>
   <div class='ocr_carea' id='block_1_61' title="bbox 2167 2222 3676 2297">
    <p class='ocr_par' dir='ltr' id='par_1_61' title="bbox 2167 2222 3676 2297">
     <span class='ocr_line' id='line_1_61' title="bbox 2167 2222 3676 2297; baseline 0.001 -20"><span class='ocrx_word' id='word_1_414' title='bbox 2167 2222 2367 2279; x_wconf 85' lang='lat' dir='ltr'><strong>Verum</strong></span> <span class='ocrx_word' id='word_1_415' title='bbox 2399 2224 2468 2281; x_wconf 92' lang='lat' dir='ltr'><strong>de</strong></span> <span class='ocrx_word' id='word_1_416' title='bbox 2504 2225 2906 2281; x_wconf 85' lang='lat' dir='ltr'><strong>ecclesiasticis</strong></span> <span class='ocrx_word' id='word_1_417' title='bbox 2947 2224 3291 2297; x_wconf 88' lang='lat' dir='ltr'><strong>philosophis</strong></span> <span class='ocrx_word' id='word_1_418' title='bbox 3313 2225 3493 2295; x_wconf 74' lang='lat' dir='ltr'><strong>quieo</strong></span> <span class='ocrx_word' id='word_1_419' title='bbox 3535 2232 3676 2281; x_wconf 82' lang='lat' dir='ltr'><strong>tetu-</strong></span> 
     </span>
    </p>
   </div>
   <div class='ocr_carea' id='block_1_62' title="bbox 2097 2316 3677 2387">
    <p class='ocr_par' dir='ltr' id='par_1_62' title="bbox 2097 2316 3677 2387">
     <span class='ocr_line' id='line_1_62' title="bbox 2097 2316 3677 2387; baseline 0.001 -18"><span class='ocrx_word' id='word_1_420' title='bbox 2097 2330 2228 2385; x_wconf 89' lang='lat' dir='ltr'><strong>pore</strong></span> <span class='ocrx_word' id='word_1_421' title='bbox 2258 2316 2447 2371; x_wconf 81' lang='lat' dir='ltr'><strong>vixere</strong></span> <span class='ocrx_word' id='word_1_422' title='bbox 2470 2356 2484 2380; x_wconf 90' lang='lat'><strong>,</strong></span> <span class='ocrx_word' id='word_1_423' title='bbox 2519 2325 2786 2387; x_wconf 87' lang='lat' dir='ltr'><strong>quantum</strong></span> <span class='ocrx_word' id='word_1_424' title='bbox 2826 2317 3049 2387; x_wconf 90' lang='lat' dir='ltr'><strong>quidem</strong></span> <span class='ocrx_word' id='word_1_425' title='bbox 3085 2318 3229 2372; x_wconf 87' lang='lat' dir='ltr'><strong>scire</strong></span> <span class='ocrx_word' id='word_1_426' title='bbox 3260 2316 3449 2387; x_wconf 88' lang='lat' dir='ltr'><strong>potui,</strong></span> <span class='ocrx_word' id='word_1_427' title='bbox 3483 2316 3677 2371; x_wconf 88' lang='lat' dir='ltr'><strong>hacte-</strong></span> 
     </span>
    </p>
   </div>
   <div class='ocr_carea' id='block_1_63' title="bbox 2098 2405 3675 2477">
    <p class='ocr_par' dir='ltr' id='par_1_63' title="bbox 2098 2405 3675 2477">
     <span class='ocr_line' id='line_1_63' title="bbox 2098 2405 3675 2477; baseline 0 -17"><span class='ocrx_word' id='word_1_428' title='bbox 2098 2421 2201 2462; x_wconf 89' lang='lat' dir='ltr'><strong>nus</strong></span> <span class='ocrx_word' id='word_1_429' title='bbox 2231 2407 2659 2462; x_wconf 87' lang='lat' dir='ltr'><strong>commemoravi</strong></span> <span class='ocrx_word' id='word_1_430' title='bbox 2695 2407 2736 2459; x_wconf 85' lang='grc'><strong>¹.</strong></span> <span class='ocrx_word' id='word_1_431' title='bbox 2794 2405 3045 2462; x_wconf 87' lang='lat' dir='ltr'><strong>Gentiles</strong></span> <span class='ocrx_word' id='word_1_432' title='bbox 3083 2422 3213 2462; x_wconf 89' lang='lat' dir='ltr'><strong>vero</strong></span> <span class='ocrx_word' id='word_1_433' title='bbox 3250 2406 3563 2477; x_wconf 91' lang='lat' dir='ltr'><strong>philosophi</strong></span> <span class='ocrx_word' id='word_1_434' title='bbox 3610 2424 3675 2461; x_wconf 73' lang='lat' dir='ltr'><strong>ea</strong></span> 
     </span>
    </p>
   </div>
   <div class='ocr_carea' id='block_1_64' title="bbox 2096 2496 3675 2568">
    <p class='ocr_par' dir='ltr' id='par_1_64' title="bbox 2096 2496 3675 2568">
     <span class='ocr_line' id='line_1_64' title="bbox 2096 2496 3675 2568; baseline 0.001 -19"><span class='ocrx_word' id='word_1_435' title='bbox 2096 2503 2423 2566; x_wconf 91' lang='lat' dir='ltr'><strong>tempestate</strong></span> <span class='ocrx_word' id='word_1_436' title='bbox 2489 2512 2624 2565; x_wconf 89' lang='lat' dir='ltr'><strong>pene</strong></span> <span class='ocrx_word' id='word_1_437' title='bbox 2676 2498 2921 2555; x_wconf 88' lang='lat' dir='ltr'><strong>universi</strong></span> <span class='ocrx_word' id='word_1_438' title='bbox 2963 2500 3195 2568; x_wconf 92' lang='lat' dir='ltr'><strong>periere.</strong></span> <span class='ocrx_word' id='word_1_439' title='bbox 3225 2496 3486 2552; x_wconf 85' lang='lat' dir='ltr'><strong>Nonnulli</strong></span> <span class='ocrx_word' id='word_1_440' title='bbox 3528 2498 3675 2553; x_wconf 70' lang='lat' dir='ltr'><strong>enim</strong></span> 
     </span>
    </p>
   </div>
   <div class='ocr_carea' id='block_1_65' title="bbox 2097 2586 3675 2659">
    <p class='ocr_par' dir='ltr' id='par_1_65' title="bbox 2097 2586 3675 2659">
     <span class='ocr_line' id='line_1_65' title="bbox 2097 2586 3675 2659; baseline 0.002 -19"><span class='ocrx_word' id='word_1_441' title='bbox 2097 2586 2189 2657; x_wconf 88' lang='lat' dir='ltr'><strong>qui</strong></span> <span class='ocrx_word' id='word_1_442' title='bbox 2244 2586 2301 2641; x_wconf 92' lang='lat' dir='ltr'><strong>in</strong></span> <span class='ocrx_word' id='word_1_443' title='bbox 2346 2587 2698 2659; x_wconf 91' lang='lat' dir='ltr'><strong>philosophia</strong></span> <span class='ocrx_word' id='word_1_444' title='bbox 2755 2596 3021 2659; x_wconf 59' lang='lat' dir='ltr'><strong>praestare</strong></span> <span class='ocrx_word' id='word_1_445' title='bbox 3073 2590 3288 2644; x_wconf 63' lang='lat' dir='ltr'><strong>caeteris</strong></span> <span class='ocrx_word' id='word_1_446' title='bbox 3325 2588 3675 2655; x_wconf 88' lang='lat' dir='ltr'><strong>videbantur,</strong></span> 
     </span>
    </p>
   </div>
   <div class='ocr_carea' id='block_1_66' title="bbox 2096 2678 3676 2753">
    <p class='ocr_par' dir='ltr' id='par_1_66' title="bbox 2096 2678 3676 2753">
     <span class='ocr_line' id='line_1_66' title="bbox 2096 2678 3676 2753; baseline 0.002 -20"><span class='ocrx_word' id='word_1_447' title='bbox 2096 2678 2425 2735; x_wconf 74' lang='lat' dir='ltr'><strong>Christianae</strong></span> <span class='ocrx_word' id='word_1_448' title='bbox 2455 2680 2746 2751; x_wconf 90' lang='lat' dir='ltr'><strong>religionis</strong></span> <span class='ocrx_word' id='word_1_449' title='bbox 2774 2682 3175 2737; x_wconf 89' lang='lat' dir='ltr'><strong>incrementum</strong></span> <span class='ocrx_word' id='word_1_450' title='bbox 3218 2697 3363 2753; x_wconf 65' lang='lat' dir='ltr'><strong>aegre</strong></span> <span class='ocrx_word' id='word_1_451' title='bbox 3402 2681 3676 2747; x_wconf 84' lang='lat' dir='ltr'><strong>ferentes,</strong></span> 
     </span>
    </p>
   </div>
   <div class='ocr_carea' id='block_1_67' title="bbox 2096 2768 3674 2841">
    <p class='ocr_par' dir='ltr' id='par_1_67' title="bbox 2096 2768 3674 2841">
     <span class='ocr_line' id='line_1_67' title="bbox 2096 2768 3674 2841; baseline 0.001 -19"><span class='ocrx_word' id='word_1_452' title='bbox 2096 2769 2353 2839; x_wconf 90' lang='lat' dir='ltr'><strong>quisnam</strong></span> <span class='ocrx_word' id='word_1_453' title='bbox 2403 2768 2619 2824; x_wconf 78' lang='lat' dir='ltr'><strong>Valenti</strong></span> <span class='ocrx_word' id='word_1_454' title='bbox 2672 2771 2725 2825; x_wconf 90' lang='lat' dir='ltr'><strong>in</strong></span> <span class='ocrx_word' id='word_1_455' title='bbox 2780 2771 3008 2841; x_wconf 86' lang='lat' dir='ltr'><strong>imperio</strong></span> <span class='ocrx_word' id='word_1_456' title='bbox 3070 2788 3435 2827; x_wconf 85' lang='lat' dir='ltr'><strong>successurus</strong></span> <span class='ocrx_word' id='word_1_457' title='bbox 3492 2778 3674 2833; x_wconf 82' lang='lat' dir='ltr'><strong>esset,</strong></span> 
     </span>
    </p>
   </div>
   <div class='ocr_carea' id='block_1_68' title="bbox 2100 2861 3677 2933">
    <p class='ocr_par' dir='ltr' id='par_1_68' title="bbox 2100 2861 3677 2933">
     <span class='ocr_line' id='line_1_68' title="bbox 2100 2861 3677 2933; baseline 0.003 -20"><span class='ocrx_word' id='word_1_458' title='bbox 2100 2876 2448 2930; x_wconf 74' lang='lat' dir='ltr'><strong>przenoscere</strong></span> <span class='ocrx_word' id='word_1_459' title='bbox 2500 2861 2853 2917; x_wconf 87' lang='lat' dir='ltr'><strong>studuerunt.</strong></span> <span class='ocrx_word' id='word_1_460' title='bbox 2909 2864 3074 2933; x_wconf 76' lang='lat' dir='ltr'><strong>27o</strong></span> <span class='ocrx_word' id='word_1_461' title='bbox 3122 2863 3372 2933; x_wconf 88' lang='lat' dir='ltr'><strong>Cumque</strong></span> <span class='ocrx_word' id='word_1_462' title='bbox 3424 2862 3546 2933; x_wconf 90' lang='lat' dir='ltr'><strong>ejus</strong></span> <span class='ocrx_word' id='word_1_463' title='bbox 3598 2865 3677 2917; x_wconf 83' lang='lat' dir='ltr'><strong>rei</strong></span> 
     </span>
    </p>
   </div>
   <div class='ocr_carea' id='block_1_69' title="bbox 2098 2953 3676 3024">
    <p class='ocr_par' dir='ltr' id='par_1_69' title="bbox 2098 2953 3676 3024">
     <span class='ocr_line' id='line_1_69' title="bbox 2098 2953 3676 3024; baseline 0.001 -19"><span class='ocrx_word' id='word_1_464' title='bbox 2098 2967 2265 3008; x_wconf 90' lang='lat' dir='ltr'><strong>causa</strong></span> <span class='ocrx_word' id='word_1_465' title='bbox 2292 2954 2483 3008; x_wconf 89' lang='lat' dir='ltr'><strong>omnia</strong></span> <span class='ocrx_word' id='word_1_466' title='bbox 2513 2953 2803 3008; x_wconf 88' lang='lat' dir='ltr'><strong>divinandi</strong></span> <span class='ocrx_word' id='word_1_467' title='bbox 2838 2970 3040 3024; x_wconf 79' lang='lat' dir='ltr'><strong>genera</strong></span> <span class='ocrx_word' id='word_1_468' title='bbox 3076 2962 3385 3010; x_wconf 88' lang='lat' dir='ltr'><strong>tentassent</strong></span> <span class='ocrx_word' id='word_1_469' title='bbox 3406 2993 3420 3017; x_wconf 88' lang='lat'><strong>,</strong></span> <span class='ocrx_word' id='word_1_470' title='bbox 3453 2954 3676 3009; x_wconf 77' lang='lat' dir='ltr'><strong>tandem</strong></span> 
     </span>
    </p>
   </div>
   <div class='ocr_carea' id='block_1_70' title="bbox 2097 3043 3675 3115">
    <p class='ocr_par' dir='ltr' id='par_1_70' title="bbox 2097 3043 3675 3115">
     <span class='ocr_line' id='line_1_70' title="bbox 2097 3043 3675 3115; baseline 0.001 -17"><span class='ocrx_word' id='word_1_471' title='bbox 2097 3043 2367 3114; x_wconf 86' lang='lat' dir='ltr'><strong>tripodem</strong></span> <span class='ocrx_word' id='word_1_472' title='bbox 2402 3045 2645 3115; x_wconf 84' lang='lat' dir='ltr'><strong>ligneum</strong></span> <span class='ocrx_word' id='word_1_473' title='bbox 2682 3061 2747 3100; x_wconf 82' lang='lat' dir='ltr'><strong>ex</strong></span> <span class='ocrx_word' id='word_1_474' title='bbox 2798 3046 2955 3100; x_wconf 88' lang='lat' dir='ltr'><strong>lauro</strong></span> <span class='ocrx_word' id='word_1_475' title='bbox 2989 3045 3366 3114; x_wconf 75' lang='lat' dir='ltr'><strong>fabricarum,</strong></span> <span class='ocrx_word' id='word_1_476' title='bbox 3415 3054 3470 3101; x_wconf 92' lang='lat' dir='ltr'><strong>et</strong></span> <span class='ocrx_word' id='word_1_477' title='bbox 3515 3047 3675 3100; x_wconf 87' lang='lat' dir='ltr'><strong>invo-</strong></span> 
     </span>
    </p>
   </div>
   <div class='ocr_carea' id='block_1_71' title="bbox 2097 3133 3675 3189">
    <p class='ocr_par' dir='ltr' id='par_1_71' title="bbox 2097 3133 3675 3189">
     <span class='ocr_line' id='line_1_71' title="bbox 2097 3133 3675 3189; baseline 0.002 -3"><span class='ocrx_word' id='word_1_478' title='bbox 2097 3134 2410 3188; x_wconf 91' lang='lat' dir='ltr'><strong>cationibus</strong></span> <span class='ocrx_word' id='word_1_479' title='bbox 2441 3149 2510 3189; x_wconf 90' lang='lat' dir='ltr'><strong>ac</strong></span> <span class='ocrx_word' id='word_1_480' title='bbox 2534 3134 2721 3188; x_wconf 82' lang='lat' dir='ltr'><strong>verbis</strong></span> <span class='ocrx_word' id='word_1_481' title='bbox 2748 3134 3093 3189; x_wconf 89' lang='lat' dir='ltr'><strong>solemnibus</strong></span> <span class='ocrx_word' id='word_1_482' title='bbox 3122 3142 3526 3189; x_wconf 89' lang='lat' dir='ltr'><strong>consecrarunt</strong></span> <span class='ocrx_word' id='word_1_483' title='bbox 3551 3152 3566 3189; x_wconf 92' lang='lat'><strong>:</strong></span> <span class='ocrx_word' id='word_1_484' title='bbox 3598 3133 3675 3189; x_wconf 87' lang='lat' dir='ltr'><strong>ita</strong></span> 
     </span>
    </p>
   </div>
   <div class='ocr_carea' id='block_1_72' title="bbox 2101 3225 3673 3297">
    <p class='ocr_par' dir='ltr' id='par_1_72' title="bbox 2101 3225 3673 3297">
     <span class='ocr_line' id='line_1_72' title="bbox 2101 3225 3673 3297; baseline 0 -18"><span class='ocrx_word' id='word_1_485' title='bbox 2101 3232 2160 3279; x_wconf 92' lang='lat' dir='ltr'><strong>ut</strong></span> <span class='ocrx_word' id='word_1_486' title='bbox 2190 3240 2258 3280; x_wconf 82' lang='lat' dir='ltr'><strong>ex</strong></span> <span class='ocrx_word' id='word_1_487' title='bbox 2287 3225 2618 3281; x_wconf 92' lang='lat' dir='ltr'><strong>collectione</strong></span> <span class='ocrx_word' id='word_1_488' title='bbox 2648 3226 2956 3280; x_wconf 89' lang='lat' dir='ltr'><strong>litterarum</strong></span> <span class='ocrx_word' id='word_1_489' title='bbox 2991 3241 3091 3295; x_wconf 90' lang='lat' dir='ltr'><strong>per</strong></span> <span class='ocrx_word' id='word_1_490' title='bbox 3124 3227 3341 3297; x_wconf 84' lang='lat' dir='ltr'><strong>singula</strong></span> <span class='ocrx_word' id='word_1_491' title='bbox 3369 3226 3673 3291; x_wconf 89' lang='lat' dir='ltr'><strong>elementa,</strong></span> 
     </span>
    </p>
   </div>
   <div class='ocr_carea' id='block_1_73' title="bbox 2100 3318 3677 3390">
    <p class='ocr_par' dir='ltr' id='par_1_73' title="bbox 2100 3318 3677 3390">
     <span class='ocr_line' id='line_1_73' title="bbox 2100 3318 3677 3390; baseline 0.001 -18"><span class='ocrx_word' id='word_1_492' title='bbox 2100 3334 2221 3389; x_wconf 76' lang='lat' dir='ltr'><strong>qua:</strong></span> <span class='ocrx_word' id='word_1_493' title='bbox 2252 3334 2352 3390; x_wconf 91' lang='lat' dir='ltr'><strong>per</strong></span> <span class='ocrx_word' id='word_1_494' title='bbox 2381 3326 2555 3373; x_wconf 88' lang='lat' dir='ltr'><strong>artem</strong></span> <span class='ocrx_word' id='word_1_495' title='bbox 2587 3318 2826 3388; x_wconf 89' lang='lat' dir='ltr'><strong>tripodis</strong></span> <span class='ocrx_word' id='word_1_496' title='bbox 2862 3326 3030 3388; x_wconf 90' lang='lat' dir='ltr'><strong>atque</strong></span> <span class='ocrx_word' id='word_1_497' title='bbox 3061 3319 3269 3374; x_wconf 86' lang='lat' dir='ltr'><strong>oraculi</strong></span> <span class='ocrx_word' id='word_1_498' title='bbox 3307 3318 3677 3390; x_wconf 86' lang='lat' dir='ltr'><strong>designaban-</strong></span> 
     </span>
    </p>
   </div>
   <div class='ocr_carea' id='block_1_74' title="bbox 2098 3405 3678 3477">
    <p class='ocr_par' dir='ltr' id='par_1_74' title="bbox 2098 3405 3678 3477">
     <span class='ocr_line' id='line_1_74' title="bbox 2098 3405 3678 3477; baseline -0.003 -16"><span class='ocrx_word' id='word_1_499' title='bbox 2098 3417 2209 3471; x_wconf 87' lang='lat' dir='ltr'><strong>tur,</strong></span> <span class='ocrx_word' id='word_1_500' title='bbox 2262 3423 2463 3461; x_wconf 89' lang='lat' dir='ltr'><strong>nomen</strong></span> <span class='ocrx_word' id='word_1_501' title='bbox 2514 3405 2686 3460; x_wconf 88' lang='lat' dir='ltr'><strong>l&#39;uturi</strong></span> <span class='ocrx_word' id='word_1_502' title='bbox 2730 3408 3084 3477; x_wconf 89' lang='lat' dir='ltr'><strong>imperatoris</strong></span> <span class='ocrx_word' id='word_1_503' title='bbox 3137 3416 3455 3475; x_wconf 87' lang='lat' dir='ltr'><strong>appareret.</strong></span> <span class='ocrx_word' id='word_1_504' title='bbox 3500 3406 3678 3461; x_wconf 72' lang='lat' dir='ltr'><strong>POI&#39;I‘O</strong></span> 
     </span>
    </p>
   </div>
   <div class='ocr_carea' id='block_1_75' title="bbox 2101 3498 3678 3569">
    <p class='ocr_par' dir='ltr' id='par_1_75' title="bbox 2101 3498 3678 3569">
     <span class='ocr_line' id='line_1_75' title="bbox 2101 3498 3678 3569; baseline 0 -18"><span class='ocrx_word' id='word_1_505' title='bbox 2101 3514 2223 3552; x_wconf 92' lang='lat' dir='ltr'><strong>cum</strong></span> <span class='ocrx_word' id='word_1_506' title='bbox 2254 3498 2499 3552; x_wconf 92' lang='lat' dir='ltr'><strong>omnium</strong></span> <span class='ocrx_word' id='word_1_507' title='bbox 2533 3506 2657 3550; x_wconf 83' lang='lat' dir='ltr'><strong>vota</strong></span> <span class='ocrx_word' id='word_1_508' title='bbox 2700 3498 3032 3554; x_wconf 87' lang='lat' dir='ltr'><strong>inclinarent</strong></span> <span class='ocrx_word' id='word_1_509' title='bbox 3071 3500 3125 3553; x_wconf 89' lang='lat' dir='ltr'><strong>in</strong></span> <span class='ocrx_word' id='word_1_510' title='bbox 3168 3498 3513 3554; x_wconf 88' lang='lat' dir='ltr'><strong>Theodorum</strong></span> <span class='ocrx_word' id='word_1_511' title='bbox 3536 3540 3552 3566; x_wconf 91' lang='lat'><strong>,</strong></span> <span class='ocrx_word' id='word_1_512' title='bbox 3585 3499 3678 3569; x_wconf 86' lang='lat' dir='ltr'><strong>qui</strong></span> 
     </span>
    </p>
   </div>
   <div class='ocr_carea' id='block_1_76' title="bbox 2103 3586 3680 3661">
    <p class='ocr_par' dir='ltr' id='par_1_76' title="bbox 2103 3586 3680 3661">
     <span class='ocr_line' id='line_1_76' title="bbox 2103 3586 3680 3661; baseline 0.001 -20"><span class='ocrx_word' id='word_1_513' title='bbox 2103 3596 2220 3641; x_wconf 88' lang='lat' dir='ltr'><strong>tttm</strong></span> <span class='ocrx_word' id='word_1_514' title='bbox 2261 3586 2548 3655; x_wconf 87' lang='lat' dir='ltr'><strong>splendide</strong></span> <span class='ocrx_word' id='word_1_515' title='bbox 2584 3588 2636 3640; x_wconf 93' lang='lat' dir='ltr'><strong>in</strong></span> <span class='ocrx_word' id='word_1_516' title='bbox 2674 3588 2875 3657; x_wconf 87' lang='lat' dir='ltr'><strong>palatio</strong></span> <span class='ocrx_word' id='word_1_517' title='bbox 2910 3589 3221 3653; x_wconf 85' lang='lat' dir='ltr'><strong>militabat,</strong></span> <span class='ocrx_word' id='word_1_518' title='bbox 3256 3590 3515 3661; x_wconf 86' lang='lat' dir='ltr'><strong>gentilem</strong></span> <span class='ocrx_word' id='word_1_519' title='bbox 3551 3589 3680 3659; x_wconf 89' lang='lat' dir='ltr'><strong>qui-</strong></span> 
     </span>
    </p>
   </div>
   <div class='ocr_carea' id='block_1_77' title="bbox 2103 3678 3678 3750">
    <p class='ocr_par' dir='ltr' id='par_1_77' title="bbox 2103 3678 3678 3750">
     <span class='ocr_line' id='line_1_77' title="bbox 2103 3678 3678 3750; baseline 0.003 -17"><span class='ocrx_word' id='word_1_520' title='bbox 2103 3678 2225 3734; x_wconf 93' lang='lat' dir='ltr'><strong>dem</strong></span> <span class='ocrx_word' id='word_1_521' title='bbox 2248 3722 2262 3745; x_wconf 95' lang='lat'><strong>,</strong></span> <span class='ocrx_word' id='word_1_522' title='bbox 2290 3679 2384 3733; x_wconf 90' lang='lat' dir='ltr'><strong>sed</strong></span> <span class='ocrx_word' id='word_1_523' title='bbox 2413 3680 2691 3750; x_wconf 83' lang='lat' dir='ltr'><strong>egregium</strong></span> <span class='ocrx_word' id='word_1_524' title='bbox 2720 3680 2925 3750; x_wconf 89' lang='lat' dir='ltr'><strong>alioqui</strong></span> <span class='ocrx_word' id='word_1_525' title='bbox 2952 3682 3129 3735; x_wconf 91' lang='lat' dir='ltr'><strong>virum</strong></span> <span class='ocrx_word' id='word_1_526' title='bbox 3153 3720 3168 3745; x_wconf 94' lang='lat'><strong>,</strong></span> <span class='ocrx_word' id='word_1_527' title='bbox 3200 3683 3337 3736; x_wconf 91' lang='lat' dir='ltr'><strong>ordo</strong></span> <span class='ocrx_word' id='word_1_528' title='bbox 3368 3682 3678 3737; x_wconf 88' lang='lat' dir='ltr'><strong>litterarum</strong></span> 
     </span>
    </p>
   </div>
   <div class='ocr_carea' id='block_1_78' title="bbox 2101 3772 3681 3844">
    <p class='ocr_par' dir='ltr' id='par_1_78' title="bbox 2101 3772 3681 3844">
     <span class='ocr_line' id='line_1_78' title="bbox 2101 3772 3681 3844; baseline 0.001 -17"><span class='ocrx_word' id='word_1_529' title='bbox 2101 3772 2171 3827; x_wconf 85' lang='lat' dir='ltr'><strong>ad</strong></span> <span class='ocrx_word' id='word_1_530' title='bbox 2219 3782 2475 3843; x_wconf 89' lang='lat' dir='ltr'><strong>quartum</strong></span> <span class='ocrx_word' id='word_1_531' title='bbox 2530 3789 2706 3844; x_wconf 91' lang='lat' dir='ltr'><strong>usque</strong></span> <span class='ocrx_word' id='word_1_532' title='bbox 2744 3774 2865 3844; x_wconf 87' lang='lat' dir='ltr'><strong>ejus</strong></span> <span class='ocrx_word' id='word_1_533' title='bbox 2905 3775 3148 3830; x_wconf 91' lang='lat' dir='ltr'><strong>nominis</strong></span> <span class='ocrx_word' id='word_1_534' title='bbox 3186 3776 3514 3830; x_wconf 82' lang='lat' dir='ltr'><strong>elementum</strong></span> <span class='ocrx_word' id='word_1_535' title='bbox 3551 3791 3681 3844; x_wconf 82' lang='lat' dir='ltr'><strong>pro-</strong></span> 
     </span>
    </p>
   </div>
   <div class='ocr_carea' id='block_1_79' title="bbox 2099 3866 3678 3937">
    <p class='ocr_par' dir='ltr' id='par_1_79' title="bbox 2099 3866 3678 3937">
     <span class='ocr_line' id='line_1_79' title="bbox 2099 3866 3678 3937; baseline 0.001 -18"><span class='ocrx_word' id='word_1_536' title='bbox 2099 3882 2360 3937; x_wconf 89' lang='lat' dir='ltr'><strong>gressus,</strong></span> <span class='ocrx_word' id='word_1_537' title='bbox 2412 3866 2767 3937; x_wconf 88' lang='lat' dir='ltr'><strong>philosophos</strong></span> <span class='ocrx_word' id='word_1_538' title='bbox 2814 3867 2868 3920; x_wconf 93' lang='lat' dir='ltr'><strong>in</strong></span> <span class='ocrx_word' id='word_1_539' title='bbox 2922 3866 3170 3921; x_wconf 82' lang='lat' dir='ltr'><strong>fraudem</strong></span> <span class='ocrx_word' id='word_1_540' title='bbox 3225 3867 3461 3921; x_wconf 65' lang='lat' dir='ltr'><strong>induxit.</strong></span> <span class='ocrx_word' id='word_1_541' title='bbox 3519 3866 3678 3922; x_wconf 86' lang='lat' dir='ltr'><strong>Brevi</strong></span> 
     </span>
    </p>
   </div>
   <div class='ocr_carea' id='block_1_80' title="bbox 2098 3960 3675 4031">
    <p class='ocr_par' dir='ltr' id='par_1_80' title="bbox 2098 3960 3675 4031">
     <span class='ocr_line' id='line_1_80' title="bbox 2098 3960 3675 4031; baseline 0.001 -17"><span class='ocrx_word' id='word_1_542' title='bbox 2098 3960 2242 4015; x_wconf 92' lang='lat' dir='ltr'><strong>enim</strong></span> <span class='ocrx_word' id='word_1_543' title='bbox 2304 3960 2608 4029; x_wconf 80' lang='lat' dir='ltr'><strong>sperabant</strong></span> <span class='ocrx_word' id='word_1_544' title='bbox 2666 3960 3019 4015; x_wconf 87' lang='lat' dir='ltr'><strong>Theodorum</strong></span> <span class='ocrx_word' id='word_1_545' title='bbox 3078 3960 3312 4031; x_wconf 91' lang='lat' dir='ltr'><strong>imperio</strong></span> <span class='ocrx_word' id='word_1_546' title='bbox 3372 3960 3675 4031; x_wconf 89' lang='lat' dir='ltr'><strong>potiturum</strong></span> 
     </span>
    </p>
   </div>
   <div class='ocr_carea' id='block_1_81' title="bbox 2099 4050 3672 4123">
    <p class='ocr_par' dir='ltr' id='par_1_81' title="bbox 2099 4050 3672 4123">
     <span class='ocr_line' id='line_1_81' title="bbox 2099 4050 3672 4123; baseline -0.001 -16"><span class='ocrx_word' id='word_1_547' title='bbox 2099 4066 2244 4107; x_wconf 90' lang='lat' dir='ltr'><strong>esse.</strong></span> <span class='ocrx_word' id='word_1_548' title='bbox 2273 4050 2475 4106; x_wconf 87' lang='lat' dir='ltr'><strong>Verum</strong></span> <span class='ocrx_word' id='word_1_549' title='bbox 2505 4051 2726 4122; x_wconf 91' lang='lat' dir='ltr'><strong>prodito</strong></span> <span class='ocrx_word' id='word_1_550' title='bbox 2752 4067 2944 4107; x_wconf 90' lang='lat' dir='ltr'><strong>eorum</strong></span> <span class='ocrx_word' id='word_1_551' title='bbox 2975 4061 3174 4107; x_wconf 87' lang='lat' dir='ltr'><strong>conatu</strong></span> <span class='ocrx_word' id='word_1_552' title='bbox 3199 4096 3214 4119; x_wconf 90' lang='lat'><strong>,</strong></span> <span class='ocrx_word' id='word_1_553' title='bbox 3244 4052 3478 4116; x_wconf 86' lang='lat' dir='ltr'><strong>Valens,</strong></span> <span class='ocrx_word' id='word_1_554' title='bbox 3511 4055 3672 4123; x_wconf 88' lang='lat' dir='ltr'><strong>quasi</strong></span> 
     </span>
    </p>
   </div>
   <div class='ocr_carea' id='block_1_82' title="bbox 2100 4142 3677 4214">
    <p class='ocr_par' dir='ltr' id='par_1_82' title="bbox 2100 4142 3677 4214">
     <span class='ocr_line' id='line_1_82' title="bbox 2100 4142 3677 4214; baseline -0.001 -15"><span class='ocrx_word' id='word_1_555' title='bbox 2100 4144 2250 4199; x_wconf 83' lang='lat' dir='ltr'><strong>salus</strong></span> <span class='ocrx_word' id='word_1_556' title='bbox 2277 4143 2453 4214; x_wconf 90' lang='lat' dir='ltr'><strong>ipsius</strong></span> <span class='ocrx_word' id='word_1_557' title='bbox 2481 4143 2699 4199; x_wconf 89' lang='lat' dir='ltr'><strong>insidiis</strong></span> <span class='ocrx_word' id='word_1_558' title='bbox 2725 4144 2965 4214; x_wconf 91' lang='lat' dir='ltr'><strong>appetita</strong></span> <span class='ocrx_word' id='word_1_559' title='bbox 2992 4143 3191 4200; x_wconf 81' lang='lat' dir='ltr'><strong>fuisset</strong></span> <span class='ocrx_word' id='word_1_560' title='bbox 3215 4183 3230 4207; x_wconf 91' lang='lat'><strong>,</strong></span> <span class='ocrx_word' id='word_1_561' title='bbox 3256 4142 3563 4199; x_wconf 88' lang='lat' dir='ltr'><strong>incredibili</strong></span> <span class='ocrx_word' id='word_1_562' title='bbox 3596 4144 3677 4198; x_wconf 90' lang='lat' dir='ltr'><strong>ira</strong></span> 
     </span>
    </p>
   </div>
   <div class='ocr_carea' id='block_1_83' title="bbox 2101 4234 3680 4307">
    <p class='ocr_par' dir='ltr' id='par_1_83' title="bbox 2101 4234 3680 4307">
     <span class='ocr_line' id='line_1_83' title="bbox 2101 4234 3680 4307; baseline 0 -16"><span class='ocrx_word' id='word_1_563' title='bbox 2101 4250 2410 4291; x_wconf 90' lang='lat' dir='ltr'><strong>succensus</strong></span> <span class='ocrx_word' id='word_1_564' title='bbox 2439 4246 2544 4292; x_wconf 90' lang='lat' dir='ltr'><strong>est.</strong></span> <span class='ocrx_word' id='word_1_565' title='bbox 2571 4234 2762 4307; x_wconf 88' lang='lat' dir='ltr'><strong>Itaque</strong></span> <span class='ocrx_word' id='word_1_566' title='bbox 2783 4234 3107 4293; x_wconf 89' lang='lat' dir='ltr'><strong>Theodorus</strong></span> <span class='ocrx_word' id='word_1_567' title='bbox 3125 4275 3140 4301; x_wconf 93' lang='lat'><strong>,</strong></span> <span class='ocrx_word' id='word_1_568' title='bbox 3163 4244 3217 4292; x_wconf 92' lang='lat' dir='ltr'><strong>et</strong></span> <span class='ocrx_word' id='word_1_569' title='bbox 3245 4236 3477 4306; x_wconf 86' lang='lat' dir='ltr'><strong>tripodis</strong></span> <span class='ocrx_word' id='word_1_570' title='bbox 3506 4236 3680 4291; x_wconf 84' lang='lat' dir='ltr'><strong>artiﬁ-</strong></span> 
     </span>
    </p>
   </div>
   <div class='ocr_carea' id='block_1_84' title="bbox 1608 4555 2473 4616">
    <p class='ocr_par' dir='ltr' id='par_1_84' title="bbox 1608 4555 2473 4616">
     <span class='ocr_line' id='line_1_84' title="bbox 1608 4555 2473 4616; baseline -0.002 0"><span class='ocrx_word' id='word_1_571' title='bbox 1608 4556 1879 4616; x_wconf 66' lang='lat' dir='ltr'><strong>VALESII</strong></span> <span class='ocrx_word' id='word_1_572' title='bbox 1915 4555 2473 4614; x_wconf 78' lang='lat' dir='ltr'><strong>ANNOTATIONES.</strong></span> 
     </span>
    </p>
   </div>
   <div class='ocr_carea' id='block_1_85' title="bbox 480 4656 2238 4738">
    <p class='ocr_par' dir='ltr' id='par_1_85' title="bbox 480 4656 2209 4738">
     <span class='ocr_line' id='line_1_85' title="bbox 480 4656 2209 4738; baseline -0.001 -17"><span class='ocrx_word' id='word_1_573' title='bbox 480 4665 594 4737; x_wconf 79' lang='grc'><strong>(65)</strong></span> <span class='ocrx_word' id='word_1_574' title='bbox 618 4666 781 4736; x_wconf 84' lang='grc' dir='ltr'>Παρὰ</span> <span class='ocrx_word' id='word_1_575' title='bbox 813 4667 931 4721; x_wconf 79' lang='grc' dir='ltr'>τῶν</span> <span class='ocrx_word' id='word_1_576' title='bbox 956 4666 1109 4719; x_wconf 85' lang='grc' dir='ltr'>τότε.</span> <span class='ocrx_word' id='word_1_577' title='bbox 1145 4665 1509 4738; x_wconf 17' lang='grc' dir='ltr'>εει-ἰίιιθηάιιηι</span> <span class='ocrx_word' id='word_1_578' title='bbox 1544 4677 1629 4724; x_wconf 83' lang='lat' dir='ltr'><strong>est</strong></span> <span class='ocrx_word' id='word_1_579' title='bbox 1665 4666 1855 4738; x_wconf 83' lang='lat' dir='ltr'><strong>procul</strong></span> <span class='ocrx_word' id='word_1_580' title='bbox 1889 4665 1989 4720; x_wconf 85' lang='lat' dir='ltr'><strong>du-</strong></span> <span class='ocrx_word' id='word_1_581' title='bbox 2022 4656 2064 4711; x_wconf 77' lang='grc' dir='ltr'><strong>ί)</strong></span> <span class='ocrx_word' id='word_1_582' title='bbox 2097 4677 2209 4738; x_wconf 73' lang='lat' dir='ltr'><strong>tum</strong></span> 
     </span>
    </p>
   </div>
   <div class='ocr_carea' id='block_1_86' title="bbox 1916 4656 3674 4738">
    <p class='ocr_par' dir='ltr' id='par_1_86' title="bbox 1916 4656 3674 4738">
     <span class='ocr_line' id='line_1_86' title="bbox 1916 4656 3674 4738; baseline 0 -19"><span class='ocrx_word' id='word_1_583' title='bbox 1916 4666 1989 4719; x_wconf 86' lang='lat' dir='ltr'><strong>lu-</strong></span> <span class='ocrx_word' id='word_1_584' title='bbox 2022 4656 2064 4711; x_wconf 77' lang='grc' dir='ltr'><strong>ί)</strong></span> <span class='ocrx_word' id='word_1_585' title='bbox 2097 4677 2209 4738; x_wconf 73' lang='lat' dir='ltr'><strong>tum</strong></span> <span class='ocrx_word' id='word_1_586' title='bbox 2244 4683 2363 4721; x_wconf 80' lang='lat' dir='ltr'><strong>vero</strong></span> <span class='ocrx_word' id='word_1_587' title='bbox 2390 4683 2551 4721; x_wconf 84' lang='lat' dir='ltr'><strong>sonus</strong></span> <span class='ocrx_word' id='word_1_588' title='bbox 2586 4669 2778 4738; x_wconf 14' lang='lat' dir='ltr'><strong>ipsius,</strong></span> <span class='ocrx_word' id='word_1_589' title='bbox 2801 4668 3165 4738; x_wconf 79' lang='lat' dir='ltr'><strong>inscriptionis</strong></span> <span class='ocrx_word' id='word_1_590' title='bbox 3197 4685 3209 4721; x_wconf 93' lang='lat'><strong>:</strong></span> <span class='ocrx_word' id='word_1_591' title='bbox 3248 4682 3304 4720; x_wconf 86' lang='lat' dir='ltr'><strong>ut</strong></span> <span class='ocrx_word' id='word_1_592' title='bbox 3331 4684 3452 4721; x_wconf 88' lang='lat' dir='ltr'><strong>cum</strong></span> <span class='ocrx_word' id='word_1_593' title='bbox 3499 4666 3674 4721; x_wconf 87' lang='lat' dir='ltr'><strong>scribo</strong></span> 
     </span>
    </p>
   </div>
   <div class='ocr_carea' id='block_1_87' title="bbox 411 4737 1987 4863">
    <p class='ocr_par' dir='ltr' id='par_1_87' title="bbox 411 4737 1987 4863">
     <span class='ocr_line' id='line_1_87' title="bbox 411 4737 1987 4863; baseline 0 -72"><span class='ocrx_word' id='word_1_594' title='bbox 411 4737 512 4863; x_wconf 55' lang='lat'><strong>2;?)</strong></span> <span class='ocrx_word' id='word_1_595' title='bbox 536 4738 687 4863; x_wconf 57' lang='grc' dir='ltr'>πῗξί,</span> <span class='ocrx_word' id='word_1_596' title='bbox 722 4746 780 4791; x_wconf 86' lang='grc' dir='ltr'><strong>ιιι</strong></span> <span class='ocrx_word' id='word_1_597' title='bbox 831 4739 1030 4809; x_wconf 79' lang='lat' dir='ltr'><strong>legitur</strong></span> <span class='ocrx_word' id='word_1_598' title='bbox 1091 4738 1233 4807; x_wconf 83' lang='lat' dir='ltr'><strong>apud</strong></span> <span class='ocrx_word' id='word_1_599' title='bbox 1258 4737 1628 4809; x_wconf 85' lang='lat' dir='ltr'><strong>Nicephorum</strong></span> <span class='ocrx_word' id='word_1_600' title='bbox 1671 4737 1740 4793; x_wconf 85' lang='lat' dir='ltr'><strong>in</strong></span> <span class='ocrx_word' id='word_1_601' title='bbox 1778 4737 1873 4791; x_wconf 89' lang='lat' dir='ltr'><strong>lib.</strong></span> <span class='ocrx_word' id='word_1_602' title='bbox 1927 4752 1987 4805; x_wconf 88' lang='grc' dir='ltr'><strong>ιι,</strong></span> 
     </span>
    </p>
   </div>
   <div class='ocr_carea' id='block_1_88' title="bbox 412 4824 656 4861">
    <p class='ocr_par' dir='ltr' id='par_1_88' title="bbox 412 4824 656 4861">
     <span class='ocr_line' id='line_1_88' title="bbox 412 4824 656 4861; baseline -0.016 0"><span class='ocrx_word' id='word_1_603' title='bbox 412 4824 531 4861; x_wconf 70' lang='grc'><strong>(331).</strong></span> <span class='ocrx_word' id='word_1_604' title='bbox 570 4824 656 4861; x_wconf 62' lang='grc' dir='ltr'><strong>τιὸ.</strong></span> 
     </span>
    </p>
   </div>
   <div class='ocr_carea' id='block_1_89' title="bbox 480 4824 1992 4951">
    <p class='ocr_par' dir='ltr' id='par_1_89' title="bbox 480 4824 1992 4951">
     <span class='ocr_line' id='line_1_89' title="bbox 480 4824 1992 4951; baseline -0.001 -19"><span class='ocrx_word' id='word_1_605' title='bbox 480 4824 907 4951; x_wconf 48' lang='grc' dir='ltr'>ῗθιῖῠξυλλογῇ</span> <span class='ocrx_word' id='word_1_606' title='bbox 958 4881 1311 4951; x_wconf 66' lang='grc' dir='ltr'>γραμμάτων</span> <span class='ocrx_word' id='word_1_607' title='bbox 1357 4880 1486 4934; x_wconf 76' lang='grc' dir='ltr'>καθ’</span> <span class='ocrx_word' id='word_1_608' title='bbox 1512 4879 1788 4951; x_wconf 7' lang='grc' dir='ltr'>,ἕκαστον</span> <span class='ocrx_word' id='word_1_609' title='bbox 1830 4893 1992 4931; x_wconf 86' lang='grc' dir='ltr'>στοι-</span> 
     </span>
    </p>
   </div>
   <div class='ocr_carea' id='block_1_90' title="bbox 409 4948 1992 5035">
    <p class='ocr_par' dir='ltr' id='par_1_90' title="bbox 409 4948 1992 5035">
     <span class='ocr_line' id='line_1_90' title="bbox 409 4948 1992 5035; baseline -0.001 -34"><span class='ocrx_word' id='word_1_610' title='bbox 409 4949 592 5035; x_wconf 67' lang='grc' dir='ltr'>χεῖον.</span> <span class='ocrx_word' id='word_1_611' title='bbox 622 4948 759 5035; x_wconf 64' lang='lat' dir='ltr'><strong>Quae</strong></span> <span class='ocrx_word' id='word_1_612' title='bbox 788 4951 860 5035; x_wconf 40' lang='lat' dir='ltr'><strong>siAt</strong></span> <span class='ocrx_word' id='word_1_613' title='bbox 890 4948 1386 5035; x_wconf 45' lang='lat' dir='ltr'><strong>diﬂerentiaﬁinter</strong></span> <span class='ocrx_word' id='word_1_614' title='bbox 1418 4950 1719 5030; x_wconf 73' lang='grc' dir='ltr'>γράμματα</span> <span class='ocrx_word' id='word_1_615' title='bbox 1741 4954 1819 5035; x_wconf 46' lang='grc' dir='ltr'>,ει</span> <span class='ocrx_word' id='word_1_616' title='bbox 1850 4964 1992 5035; x_wconf 47' lang='lat' dir='ltr'><strong>attn-</strong></span> 
     </span>
    </p>
   </div>
   <div class='ocr_carea' id='block_1_91' title="bbox 408 5017 1992 5159">
    <p class='ocr_par' dir='ltr' id='par_1_91' title="bbox 408 5017 1992 5159">
     <span class='ocr_line' id='line_1_91' title="bbox 410 5017 1992 5088; baseline 0.002 -19"><span class='ocrx_word' id='word_1_617' title='bbox 410 5022 549 5088; x_wconf 83' lang='grc' dir='ltr'>χεία,</span> <span class='ocrx_word' id='word_1_618' title='bbox 605 5020 765 5073; x_wconf 83' lang='lat' dir='ltr'><strong>docet</strong></span> <span class='ocrx_word' id='word_1_619' title='bbox 813 5022 1143 5077; x_wconf 85' lang='lat' dir='ltr'><strong>Ammonius</strong></span> <span class='ocrx_word' id='word_1_620' title='bbox 1187 5017 1592 5076; x_wconf 78' lang='lat' dir='ltr'><strong>Grammaticus</strong></span> <span class='ocrx_word' id='word_1_621' title='bbox 1642 5020 1694 5072; x_wconf 92' lang='lat' dir='ltr'><strong>in</strong></span> <span class='ocrx_word' id='word_1_622' title='bbox 1740 5019 1884 5072; x_wconf 90' lang='lat' dir='ltr'><strong>libro</strong></span> <span class='ocrx_word' id='word_1_623' title='bbox 1915 5017 1992 5072; x_wconf 86' lang='lat' dir='ltr'><strong>De</strong></span> 
     </span>
     <span class='ocr_line' id='line_1_92' title="bbox 408 5088 1987 5159; baseline -0.003 -14"><span class='ocrx_word' id='word_1_624' title='bbox 408 5090 722 5158; x_wconf 74' lang='lat' dir='ltr'><strong>differentiis</strong></span> <span class='ocrx_word' id='word_1_625' title='bbox 749 5090 1145 5154; x_wconf 82' lang='lat' dir='ltr'><strong>vocabulorum,</strong></span> <span class='ocrx_word' id='word_1_626' title='bbox 1183 5092 1269 5145; x_wconf 90' lang='lat' dir='ltr'><strong>his</strong></span> <span class='ocrx_word' id='word_1_627' title='bbox 1311 5092 1493 5146; x_wconf 84' lang='lat' dir='ltr'><strong>verbis</strong></span> <span class='ocrx_word' id='word_1_628' title='bbox 1536 5108 1548 5143; x_wconf 91' lang='lat'><strong>:</strong></span> <span class='ocrx_word' id='word_1_629' title='bbox 1583 5088 1820 5159; x_wconf 85' lang='grc' dir='ltr'>Γράμμα</span> <span class='ocrx_word' id='word_1_630' title='bbox 1841 5106 1987 5140; x_wconf 85' lang='grc' dir='ltr'>στοι-</span> 
     </span>
    </p>
   </div>
   <div class='ocr_carea' id='block_1_92' title="bbox 408 5159 1813 5233">
    <p class='ocr_par' dir='ltr' id='par_1_92' title="bbox 408 5159 1813 5233">
     <span class='ocr_line' id='line_1_93' title="bbox 408 5159 1813 5233; baseline 0.001 -23"><span class='ocrx_word' id='word_1_631' title='bbox 408 5160 559 5233; x_wconf 79' lang='grc' dir='ltr'>χείου</span> <span class='ocrx_word' id='word_1_632' title='bbox 580 5161 843 5233; x_wconf 78' lang='grc' dir='ltr'>διαφέρει·</span> <span class='ocrx_word' id='word_1_633' title='bbox 880 5166 1138 5233; x_wconf 59' lang='grc' dir='ltr'>στοιχεῖον</span> <span class='ocrx_word' id='word_1_634' title='bbox 1176 5164 1273 5230; x_wconf 85' lang='grc' dir='ltr'><strong>μὲν</strong></span> <span class='ocrx_word' id='word_1_635' title='bbox 1302 5162 1410 5233; x_wconf 87' lang='grc' dir='ltr'><strong>γάρ</strong></span> <span class='ocrx_word' id='word_1_636' title='bbox 1429 5165 1577 5214; x_wconf 83' lang='grc' dir='ltr'>ἐστιν</span> <span class='ocrx_word' id='word_1_637' title='bbox 1615 5159 1647 5229; x_wconf 82' lang='grc' dir='ltr'>ὴ</span> <span class='ocrx_word' id='word_1_638' title='bbox 1676 5159 1813 5233; x_wconf 78' lang='grc' dir='ltr'>ἐκφιῖ</span> 
     </span>
    </p>
   </div>
   <div class='ocr_carea' id='block_1_93' title="bbox 409 5224 1987 5303">
    <p class='ocr_par' dir='ltr' id='par_1_93' title="bbox 409 5224 1987 5303">
     <span class='ocr_line' id='line_1_94' title="bbox 409 5224 1987 5303; baseline 0.001 -23"><span class='ocrx_word' id='word_1_639' title='bbox 409 5224 501 5303; x_wconf 68' lang='grc' dir='ltr'>καὶ</span> <span class='ocrx_word' id='word_1_640' title='bbox 604 5224 857 5303; x_wconf 60' lang='grc' dir='ltr'>φθόγγος</span> <span class='ocrx_word' id='word_1_641' title='bbox 888 5224 1036 5303; x_wconf 49' lang='lat'><strong>061:3</strong></span> <span class='ocrx_word' id='word_1_642' title='bbox 1083 5224 1327 5303; x_wconf 74' lang='grc' dir='ltr'>γράμμα</span> <span class='ocrx_word' id='word_1_643' title='bbox 1351 5224 1465 5285; x_wconf 78' lang='grc' dir='ltr'>ἐστὶ</span> <span class='ocrx_word' id='word_1_644' title='bbox 1510 5224 1731 5303; x_wconf 77' lang='grc' dir='ltr'>σημεῖον</span> <span class='ocrx_word' id='word_1_645' title='bbox 1819 5224 1987 5303; x_wconf 72' lang='grc' dir='ltr'>τύπος</span> 
     </span>
    </p>
   </div>
   <div class='ocr_carea' id='block_1_94' title="bbox 409 5300 1989 5372">
    <p class='ocr_par' dir='ltr' id='par_1_94' title="bbox 409 5300 1989 5372">
     <span class='ocr_line' id='line_1_95' title="bbox 409 5300 1989 5372; baseline -0.001 -20"><span class='ocrx_word' id='word_1_646' title='bbox 409 5300 440 5367; x_wconf 84' lang='grc' dir='ltr'>ἢ</span> <span class='ocrx_word' id='word_1_647' title='bbox 472 5302 677 5369; x_wconf 83' lang='grc' dir='ltr'>σχῆμα,</span> <span class='ocrx_word' id='word_1_648' title='bbox 714 5302 787 5372; x_wconf 71' lang='grc' dir='ltr'>ὡς</span> <span class='ocrx_word' id='word_1_649' title='bbox 816 5305 872 5353; x_wconf 82' lang='grc' dir='ltr'><strong>ἐν</strong></span> <span class='ocrx_word' id='word_1_650' title='bbox 896 5301 972 5370; x_wconf 84' lang='grc' dir='ltr'><strong>τῷ</strong></span> <span class='ocrx_word' id='word_1_651' title='bbox 1000 5307 1059 5360; x_wconf 87' lang='grc' dir='ltr'>Δ,</span> <span class='ocrx_word' id='word_1_652' title='bbox 1093 5300 1155 5355; x_wconf 75' lang='grc' dir='ltr'><strong><em>οο</em></strong></span> <span class='ocrx_word' id='word_1_653' title='bbox 1183 5300 1448 5372; x_wconf 88' lang='grc' dir='ltr'>τρίγωνον</span> <span class='ocrx_word' id='word_1_654' title='bbox 1495 5302 1731 5372; x_wconf 81' lang='grc' dir='ltr'>μὲνγὰρ</span> <span class='ocrx_word' id='word_1_655' title='bbox 1782 5300 1898 5372; x_wconf 77' lang='grc' dir='ltr'>ἐστι</span> <span class='ocrx_word' id='word_1_656' title='bbox 1928 5300 1989 5352; x_wconf 74' lang='grc' dir='ltr'>τὸ</span> 
     </span>
    </p>
   </div>
   <div class='ocr_carea' id='block_1_95' title="bbox 407 5370 1988 5455">
    <p class='ocr_par' dir='ltr' id='par_1_95' title="bbox 407 5370 1988 5455">
     <span class='ocr_line' id='line_1_96' title="bbox 407 5370 1988 5455; baseline -0.001 -33"><span class='ocrx_word' id='word_1_657' title='bbox 407 5374 466 5451; x_wconf 53' lang='grc' dir='ltr'><strong>Δἐ</strong></span> <span class='ocrx_word' id='word_1_658' title='bbox 493 5371 821 5455; x_wconf 52' lang='grc' dir='ltr'>στρογγύλον</span> <span class='ocrx_word' id='word_1_659' title='bbox 847 5372 904 5425; x_wconf 87' lang='grc' dir='ltr'><strong>δέ</strong></span> <span class='ocrx_word' id='word_1_660' title='bbox 932 5374 993 5425; x_wconf 84' lang='grc' dir='ltr'><strong>τὸ</strong></span> <span class='ocrx_word' id='word_1_661' title='bbox 1114 5370 1550 5455; x_wconf 21' lang='grc' dir='ltr'>τὸιδέᾒστοιχεῖον,</span> <span class='ocrx_word' id='word_1_662' title='bbox 1577 5371 1636 5452; x_wconf 78' lang='grc' dir='ltr'>τὸ</span> <span class='ocrx_word' id='word_1_663' title='bbox 1675 5370 1988 5455; x_wconf 66' lang='grc' dir='ltr'>δλόκληρρν,</span> 
     </span>
    </p>
   </div>
   <div class='ocr_carea' id='block_1_96' title="bbox 406 5391 1991 5511">
    <p class='ocr_par' dir='ltr' id='par_1_96' title="bbox 406 5391 1991 5511">
     <span class='ocr_line' id='line_1_97' title="bbox 407 5391 1988 5496; baseline -0.001 -74"><span class='ocrx_word' id='word_1_664' title='bbox 407 5391 466 5428; x_wconf 82' lang='grc' dir='ltr'><strong>ιι,</strong></span> <span class='ocrx_word' id='word_1_665' title='bbox 493 5391 821 5455; x_wconf 73' lang='grc' dir='ltr'>στρογγυλον</span> <span class='ocrx_word' id='word_1_666' title='bbox 847 5391 904 5425; x_wconf 89' lang='grc' dir='ltr'><strong>οε</strong></span> <span class='ocrx_word' id='word_1_667' title='bbox 932 5391 993 5425; x_wconf 90' lang='grc' dir='ltr'><strong>το</strong></span> <span class='ocrx_word' id='word_1_668' title='bbox 1022 5391 1082 5427; x_wconf 88' lang='grc' dir='ltr'>υ·</span> <span class='ocrx_word' id='word_1_669' title='bbox 1114 5391 1172 5426; x_wconf 86' lang='grc' dir='ltr'><strong>το</strong></span> <span class='ocrx_word' id='word_1_670' title='bbox 1193 5391 1248 5426; x_wconf 91' lang='grc' dir='ltr'><strong>οε</strong></span> <span class='ocrx_word' id='word_1_671' title='bbox 1272 5391 1550 5496; x_wconf 55' lang='grc' dir='ltr'>στοιέειον,</span> <span class='ocrx_word' id='word_1_672' title='bbox 1577 5391 1636 5424; x_wconf 91' lang='grc' dir='ltr'><strong>το</strong></span> <span class='ocrx_word' id='word_1_673' title='bbox 1675 5391 1988 5440; x_wconf 85' lang='grc' dir='ltr'>οΑοκΑηρον,</span> 
     </span>
     <span class='ocr_line' id='line_1_98' title="bbox 406 5436 1991 5511; baseline 0.002 -21"><span class='ocrx_word' id='word_1_674' title='bbox 406 5436 515 5492; x_wconf 77' lang='grc' dir='ltr'>οἷον</span> <span class='ocrx_word' id='word_1_675' title='bbox 547 5442 712 5507; x_wconf 86' lang='grc' dir='ltr'>αλφα,</span> <span class='ocrx_word' id='word_1_676' title='bbox 756 5442 913 5511; x_wconf 86' lang='grc' dir='ltr'>βῆτα,</span> <span class='ocrx_word' id='word_1_677' title='bbox 944 5445 1038 5496; x_wconf 77' lang='grc' dir='ltr'><strong>καὶ</strong></span> <span class='ocrx_word' id='word_1_678' title='bbox 1076 5443 1144 5496; x_wconf 85' lang='grc' dir='ltr'>τὰ</span> <span class='ocrx_word' id='word_1_679' title='bbox 1174 5442 1356 5497; x_wconf 88' lang='grc' dir='ltr'>λοι⁶πά.</span> <span class='ocrx_word' id='word_1_680' title='bbox 1435 5443 1483 5495; x_wconf 88' lang='lat' dir='ltr'><strong>ic</strong></span> <span class='ocrx_word' id='word_1_681' title='bbox 1513 5443 1657 5495; x_wconf 86' lang='lat' dir='ltr'><strong>enim</strong></span> <span class='ocrx_word' id='word_1_682' title='bbox 1694 5441 1805 5511; x_wconf 86' lang='lat' dir='ltr'><strong>legi.</strong></span> <span class='ocrx_word' id='word_1_683' title='bbox 1832 5440 1991 5495; x_wconf 87' lang='lat' dir='ltr'><strong>debet</strong></span> 
     </span>
    </p>
   </div>
   <div class='ocr_carea' id='block_1_97' title="bbox 407 5511 1989 5585">
    <p class='ocr_par' dir='ltr' id='par_1_97' title="bbox 407 5511 1989 5585">
     <span class='ocr_line' id='line_1_99' title="bbox 407 5511 1989 5585; baseline -0.001 -23"><span class='ocrx_word' id='word_1_684' title='bbox 407 5511 680 5585; x_wconf 34' lang='lat' dir='ltr'><strong>hicAlocus</strong></span> <span class='ocrx_word' id='word_1_685' title='bbox 710 5512 1006 5585; x_wconf 83' lang='lat' dir='ltr'><strong>Ammonii.</strong></span> <span class='ocrx_word' id='word_1_686' title='bbox 1060 5514 1321 5585; x_wconf 86' lang='grc' dir='ltr'>Γράμμα,</span> <span class='ocrx_word' id='word_1_687' title='bbox 1383 5514 1580 5581; x_wconf 85' lang='lat' dir='ltr'><strong>inquit,</strong></span> <span class='ocrx_word' id='word_1_688' title='bbox 1650 5521 1735 5566; x_wconf 89' lang='lat' dir='ltr'><strong>est</strong></span> <span class='ocrx_word' id='word_1_689' title='bbox 1769 5511 1989 5581; x_wconf 82' lang='lat' dir='ltr'><strong>signum</strong></span> 
     </span>
    </p>
   </div>
   <div class='ocr_carea' id='block_1_98' title="bbox 406 5580 1992 5651">
    <p class='ocr_par' dir='ltr' id='par_1_98' title="bbox 406 5580 1992 5651">
     <span class='ocr_line' id='line_1_100' title="bbox 406 5580 1992 5651; baseline 0 -18"><span class='ocrx_word' id='word_1_690' title='bbox 406 5580 663 5651; x_wconf 6' lang='lat' dir='ltr'><strong>ctglorma</strong></span> <span class='ocrx_word' id='word_1_691' title='bbox 715 5598 779 5637; x_wconf 89' lang='lat' dir='ltr'><strong>ac</strong></span> <span class='ocrx_word' id='word_1_692' title='bbox 810 5582 1002 5651; x_wconf 88' lang='lat' dir='ltr'><strong>ligura.</strong></span> <span class='ocrx_word' id='word_1_693' title='bbox 1066 5580 1334 5651; x_wconf 75' lang='grc' dir='ltr'>Στοιχεῖον</span> <span class='ocrx_word' id='word_1_694' title='bbox 1375 5580 1504 5637; x_wconf 83' lang='lat' dir='ltr'><strong>vero</strong></span> <span class='ocrx_word' id='word_1_695' title='bbox 1532 5591 1617 5637; x_wconf 89' lang='lat' dir='ltr'><strong>est</strong></span> <span class='ocrx_word' id='word_1_696' title='bbox 1670 5580 1841 5636; x_wconf 84' lang='lat' dir='ltr'><strong>sonus</strong></span> <span class='ocrx_word' id='word_1_697' title='bbox 1882 5595 1992 5647; x_wconf 85' lang='lat' dir='ltr'><strong>quo</strong></span> 
     </span>
    </p>
   </div>
   <div class='ocr_carea' id='block_1_99' title="bbox 407 5648 1993 5721">
    <p class='ocr_par' dir='ltr' id='par_1_99' title="bbox 407 5648 1993 5721">
     <span class='ocr_line' id='line_1_101' title="bbox 407 5648 1993 5721; baseline 0.001 -19"><span class='ocrx_word' id='word_1_698' title='bbox 407 5648 630 5721; x_wconf 77' lang='lat' dir='ltr'><strong>elI&#39;ertur</strong></span> <span class='ocrx_word' id='word_1_699' title='bbox 667 5667 730 5706; x_wconf 90' lang='lat' dir='ltr'><strong>ac</strong></span> <span class='ocrx_word' id='word_1_700' title='bbox 761 5648 1150 5721; x_wconf 52' lang='lat' dir='ltr'><strong>pro—nuntiatur</strong></span> <span class='ocrx_word' id='word_1_701' title='bbox 1188 5648 1388 5709; x_wconf 85' lang='lat' dir='ltr'><strong>littera.</strong></span> <span class='ocrx_word' id='word_1_702' title='bbox 1429 5654 1520 5706; x_wconf 88' lang='lat' dir='ltr'><strong>Sic</strong></span> <span class='ocrx_word' id='word_1_703' title='bbox 1553 5652 1813 5706; x_wconf 88' lang='lat' dir='ltr'><strong>Boethius</strong></span> <span class='ocrx_word' id='word_1_704' title='bbox 1844 5651 1897 5704; x_wconf 90' lang='lat' dir='ltr'><strong>in</strong></span> <span class='ocrx_word' id='word_1_705' title='bbox 1928 5650 1993 5703; x_wconf 86' lang='lat' dir='ltr'><strong>li-</strong></span> 
     </span>
    </p>
   </div>
   <div class='ocr_carea' id='block_1_100' title="bbox 408 5720 1993 5801">
    <p class='ocr_par' dir='ltr' id='par_1_100' title="bbox 408 5720 1993 5801">
     <span class='ocr_line' id='line_1_102' title="bbox 408 5720 1993 5801; baseline 0 -28"><span class='ocrx_word' id='word_1_706' title='bbox 408 5720 510 5801; x_wconf 72' lang='lat' dir='ltr'><strong>bro</strong></span> <span class='ocrx_word' id='word_1_707' title='bbox 558 5721 634 5801; x_wconf 74' lang='lat' dir='ltr'><strong>De</strong></span> <span class='ocrx_word' id='word_1_708' title='bbox 694 5720 1155 5801; x_wconf 64' lang='lat' dir='ltr'><strong>interpretatione.</strong></span> <span class='ocrx_word' id='word_1_709' title='bbox 1203 5723 1499 5801; x_wconf 75' lang='lat' dir='ltr'><strong>pag._‘_297:</strong></span> <span class='ocrx_word' id='word_1_710' title='bbox 1545 5724 1676 5789; x_wconf 64' lang='lat' dir='ltr'><strong>Qua:</strong></span> <span class='ocrx_word' id='word_1_711' title='bbox 1704 5731 1879 5801; x_wconf 79' lang='lat' dir='ltr'><strong>autem</strong></span> <span class='ocrx_word' id='word_1_712' title='bbox 1922 5722 1993 5801; x_wconf 73' lang='lat' dir='ltr'><strong>sit</strong></span> 
     </span>
    </p>
   </div>
   <div class='ocr_carea' id='block_1_101' title="bbox 409 5791 1991 5859">
    <p class='ocr_par' dir='ltr' id='par_1_101' title="bbox 409 5791 1991 5859">
     <span class='ocr_line' id='line_1_103' title="bbox 409 5791 1991 5859; baseline 0.001 -18"><span class='ocrx_word' id='word_1_713' title='bbox 409 5791 669 5846; x_wconf 80' lang='lat' dir='ltr'><strong>distantia</strong></span> <span class='ocrx_word' id='word_1_714' title='bbox 711 5798 891 5859; x_wconf 83' lang='lat' dir='ltr'><strong>paucis</strong></span> <span class='ocrx_word' id='word_1_715' title='bbox 945 5791 1237 5849; x_wconf 72' lang='lat' dir='ltr'><strong>ab&#39;solvani.</strong></span> <span class='ocrx_word' id='word_1_716' title='bbox 1276 5791 1512 5848; x_wconf 49' lang='lat' dir='ltr'><strong>&#39;Littera</strong></span> <span class='ocrx_word' id='word_1_717' title='bbox 1572 5802 1651 5847; x_wconf 84' lang='lat' dir='ltr'><strong>est</strong></span> <span class='ocrx_word' id='word_1_718' title='bbox 1716 5791 1991 5858; x_wconf 80' lang='lat' dir='ltr'><strong>inscriptio</strong></span> 
     </span>
    </p>
   </div>
   <div class='ocr_carea' id='block_1_102' title="bbox 412 5861 1993 5935">
    <p class='ocr_par' dir='ltr' id='par_1_102' title="bbox 412 5861 1993 5935">
     <span class='ocr_line' id='line_1_104' title="bbox 412 5861 1993 5935; baseline 0.002 -22"><span class='ocrx_word' id='word_1_719' title='bbox 412 5872 567 5931; x_wconf 82' lang='lat' dir='ltr'><strong>atque</strong></span> <span class='ocrx_word' id='word_1_720' title='bbox 597 5864 767 5935; x_wconf 82' lang='lat' dir='ltr'><strong>ﬁgura</strong></span> <span class='ocrx_word' id='word_1_721' title='bbox 790 5866 959 5934; x_wconf 79' lang='lat' dir='ltr'><strong>partis</strong></span> <span class='ocrx_word' id='word_1_722' title='bbox 988 5868 1218 5921; x_wconf 74' lang='lat' dir='ltr'><strong>minima:</strong></span> <span class='ocrx_word' id='word_1_723' title='bbox 1250 5867 1387 5921; x_wconf 84' lang='lat' dir='ltr'><strong>vocis</strong></span> <span class='ocrx_word' id='word_1_724' title='bbox 1413 5865 1729 5920; x_wconf 75' lang='lat' dir='ltr'><strong>articulata&#39;.</strong></span> <span class='ocrx_word' id='word_1_725' title='bbox 1761 5861 1993 5918; x_wconf 84' lang='lat' dir='ltr'><strong>Elemen-</strong></span> 
     </span>
    </p>
   </div>
   <div class='ocr_carea' id='block_1_103' title="bbox 1676 5158 2775 5229">
    <p class='ocr_par' dir='ltr' id='par_1_103' title="bbox 1676 5158 2775 5229">
     <span class='ocr_line' id='line_1_105' title="bbox 1676 5158 2775 5229; baseline 0.001 -17"><span class='ocrx_word' id='word_1_726' title='bbox 1676 5158 1985 5228; x_wconf 85' lang='grc' dir='ltr'>ἐκφώνησις</span> <span class='ocrx_word' id='word_1_727' title='bbox 2086 5158 2304 5229; x_wconf 86' lang='grc' dir='ltr'>λέγεται</span> <span class='ocrx_word' id='word_1_728' title='bbox 2325 5160 2384 5212; x_wconf 83' lang='grc' dir='ltr'><strong>τὸ</strong></span> <span class='ocrx_word' id='word_1_729' title='bbox 2401 5158 2659 5229; x_wconf 75' lang='grc' dir='ltr'>γράμμα,</span> <span class='ocrx_word' id='word_1_730' title='bbox 2684 5178 2775 5213; x_wconf 87' lang='grc' dir='ltr'><strong>στο</strong></span> 
     </span>
    </p>
   </div>
   <div class='ocr_carea' id='block_1_104' title="bbox 2089 4737 3673 4806">
    <p class='ocr_par' dir='ltr' id='par_1_104' title="bbox 2089 4737 3673 4806">
     <span class='ocr_line' id='line_1_106' title="bbox 2089 4737 3673 4806; baseline 0.001 -16"><span class='ocrx_word' id='word_1_731' title='bbox 2089 4737 2323 4791; x_wconf 88' lang='lat' dir='ltr'><strong>litteram</strong></span> <span class='ocrx_word' id='word_1_732' title='bbox 2369 4753 2485 4806; x_wconf 81' lang='lat' dir='ltr'><strong>qua:</strong></span> <span class='ocrx_word' id='word_1_733' title='bbox 2532 4748 2611 4792; x_wconf 86' lang='lat' dir='ltr'><strong>est</strong></span> <span class='ocrx_word' id='word_1_734' title='bbox 2646 4754 2701 4800; x_wconf 87' lang='grc' dir='ltr'><strong>α,</strong></span> <span class='ocrx_word' id='word_1_735' title='bbox 2752 4737 2987 4806; x_wconf 83' lang='lat' dir='ltr'><strong>formula</strong></span> <span class='ocrx_word' id='word_1_736' title='bbox 3035 4738 3171 4806; x_wconf 86' lang='lat' dir='ltr'><strong>ipsa,</strong></span> <span class='ocrx_word' id='word_1_737' title='bbox 3206 4754 3322 4806; x_wconf 70' lang='lat' dir='ltr'><strong>quia</strong></span> <span class='ocrx_word' id='word_1_738' title='bbox 3373 4748 3673 4791; x_wconf 86' lang='lat' dir='ltr'><strong>atramento</strong></span> 
     </span>
    </p>
   </div>
   <div class='ocr_carea' id='block_1_105' title="bbox 2086 4806 3673 4877">
    <p class='ocr_par' dir='ltr' id='par_1_105' title="bbox 2086 4806 3673 4877">
     <span class='ocr_line' id='line_1_107' title="bbox 2086 4806 3673 4877; baseline -0.001 -14"><span class='ocrx_word' id='word_1_739' title='bbox 2086 4808 2167 4863; x_wconf 75' lang='lat' dir='ltr'><strong>vel</strong></span> <span class='ocrx_word' id='word_1_740' title='bbox 2189 4808 2408 4877; x_wconf 85' lang='lat' dir='ltr'><strong>graphio</strong></span> <span class='ocrx_word' id='word_1_741' title='bbox 2452 4808 2727 4873; x_wconf 86' lang='lat' dir='ltr'><strong>scribitur,</strong></span> <span class='ocrx_word' id='word_1_742' title='bbox 2762 4808 2941 4861; x_wconf 83' lang='lat' dir='ltr'><strong>littera</strong></span> <span class='ocrx_word' id='word_1_743' title='bbox 2972 4808 3299 4862; x_wconf 85' lang='lat' dir='ltr'><strong>nominatur.</strong></span> <span class='ocrx_word' id='word_1_744' title='bbox 3332 4806 3455 4875; x_wconf 81' lang='lat' dir='ltr'><strong>Ipse</strong></span> <span class='ocrx_word' id='word_1_745' title='bbox 3494 4818 3673 4861; x_wconf 85' lang='lat' dir='ltr'><strong>autem</strong></span> 
     </span>
    </p>
   </div>
   <div class='ocr_carea' id='block_1_106' title="bbox 2089 4878 3675 4947">
    <p class='ocr_par' dir='ltr' id='par_1_106' title="bbox 2089 4878 3675 4947">
     <span class='ocr_line' id='line_1_108' title="bbox 2089 4878 3675 4947; baseline -0.001 -15"><span class='ocrx_word' id='word_1_746' title='bbox 2089 4895 2273 4941; x_wconf 85' lang='lat' dir='ltr'><strong>sonus,</strong></span> <span class='ocrx_word' id='word_1_747' title='bbox 2315 4895 2417 4946; x_wconf 86' lang='lat' dir='ltr'><strong>quo</strong></span> <span class='ocrx_word' id='word_1_748' title='bbox 2447 4879 2615 4945; x_wconf 82' lang='lat' dir='ltr'><strong>ipsam</strong></span> <span class='ocrx_word' id='word_1_749' title='bbox 2665 4879 2897 4934; x_wconf 86' lang='lat' dir='ltr'><strong>litteram</strong></span> <span class='ocrx_word' id='word_1_750' title='bbox 2927 4894 3045 4932; x_wconf 84' lang='lat' dir='ltr'><strong>voce</strong></span> <span class='ocrx_word' id='word_1_751' title='bbox 3086 4878 3430 4947; x_wconf 81' lang='lat' dir='ltr'><strong>proferimus,</strong></span> <span class='ocrx_word' id='word_1_752' title='bbox 3476 4878 3675 4931; x_wconf 83' lang='lat' dir='ltr'><strong>dicitur</strong></span> 
     </span>
    </p>
   </div>
   <div class='ocr_carea' id='block_1_107' title="bbox 2088 4948 3673 5018">
    <p class='ocr_par' dir='ltr' id='par_1_107' title="bbox 2088 4948 3673 5018">
     <span class='ocr_line' id='line_1_109' title="bbox 2088 4948 3673 5018; baseline -0.001 -15"><span class='ocrx_word' id='word_1_753' title='bbox 2088 4949 2418 5005; x_wconf 82' lang='lat' dir='ltr'><strong>elementum.</strong></span> <span class='ocrx_word' id='word_1_754' title='bbox 2469 4949 2746 5003; x_wconf 90' lang='lat' dir='ltr'><strong>Interdum</strong></span> <span class='ocrx_word' id='word_1_755' title='bbox 2810 4960 2990 5003; x_wconf 91' lang='lat' dir='ltr'><strong>tamen</strong></span> <span class='ocrx_word' id='word_1_756' title='bbox 3024 4948 3277 5018; x_wconf 20' lang='grc' dir='ltr'>,γράμμα</span> <span class='ocrx_word' id='word_1_757' title='bbox 3321 4950 3543 5018; x_wconf 90' lang='lat' dir='ltr'><strong>ponitur</strong></span> <span class='ocrx_word' id='word_1_758' title='bbox 3574 4964 3673 5016; x_wconf 89' lang='lat' dir='ltr'><strong>pro</strong></span> 
     </span>
    </p>
   </div>
   <div class='ocr_carea' id='block_1_108' title="bbox 2093 5017 3671 5089">
    <p class='ocr_par' dir='ltr' id='par_1_108' title="bbox 2093 5017 3671 5089">
     <span class='ocr_line' id='line_1_110' title="bbox 2093 5017 3671 5089; baseline -0.001 -17"><span class='ocrx_word' id='word_1_759' title='bbox 2093 5019 2344 5089; x_wconf 85' lang='grc' dir='ltr'>στοιχείῳ</span> <span class='ocrx_word' id='word_1_760' title='bbox 2375 5035 2469 5073; x_wconf 90' lang='lat' dir='ltr'><strong>seu</strong></span> <span class='ocrx_word' id='word_1_761' title='bbox 2496 5020 2803 5089; x_wconf 65' lang='lat' dir='ltr'><strong>elemento.</strong></span> <span class='ocrx_word' id='word_1_762' title='bbox 2845 5027 2904 5071; x_wconf 92' lang='lat' dir='ltr'><strong>ut</strong></span> <span class='ocrx_word' id='word_1_763' title='bbox 2926 5017 3125 5073; x_wconf 82' lang='lat' dir='ltr'><strong>ibidem</strong></span> <span class='ocrx_word' id='word_1_764' title='bbox 3154 5017 3671 5089; x_wconf 30' lang='lat' dir='ltr'><strong>tl0cet’Aanonius</strong></span> 
     </span>
    </p>
   </div>
   <div class='ocr_carea' id='block_1_109' title="bbox 2092 5072 3677 5169">
    <p class='ocr_par' dir='ltr' id='par_1_109' title="bbox 2092 5072 3677 5169">
     <span class='ocr_line' id='line_1_111' title="bbox 2092 5072 3677 5169; baseline 0 -28"><span class='ocrx_word' id='word_1_765' title='bbox 2092 5104 2156 5169; x_wconf 74' lang='lat' dir='ltr'><strong>ac</strong></span> <span class='ocrx_word' id='word_1_766' title='bbox 2182 5072 2457 5169; x_wconf 59' lang='lat' dir='ltr'><strong>B&#39;oethius.</strong></span> <span class='ocrx_word' id='word_1_767' title='bbox 2489 5072 2757 5169; x_wconf 73' lang='lat' dir='ltr'><strong>piogenes</strong></span> <span class='ocrx_word' id='word_1_768' title='bbox 2785 5072 3035 5169; x_wconf 71' lang='lat' dir='ltr'><strong>Laertius</strong></span> <span class='ocrx_word' id='word_1_769' title='bbox 3052 5072 3121 5143; x_wconf 84' lang='lat' dir='ltr'><strong>in</strong></span> <span class='ocrx_word' id='word_1_770' title='bbox 3140 5088 3366 5169; x_wconf 76' lang='lat' dir='ltr'><strong>Zenone,</strong></span> <span class='ocrx_word' id='word_1_771' title='bbox 3387 5087 3601 5169; x_wconf 70' lang='grc' dir='ltr'>Τριχῶς</span> <span class='ocrx_word' id='word_1_772' title='bbox 3621 5089 3677 5141; x_wconf 77' lang='grc' dir='ltr'>δὲ</span> 
     </span>
    </p>
   </div>
   <div class='ocr_carea' id='block_1_110' title="bbox 2782 5160 3677 5241">
    <p class='ocr_par' dir='ltr' id='par_1_110' title="bbox 2782 5160 3677 5241">
     <span class='ocr_line' id='line_1_112' title="bbox 2782 5160 3677 5241; baseline 0 -30"><span class='ocrx_word' id='word_1_773' title='bbox 2782 5162 2966 5241; x_wconf 36' lang='grc' dir='ltr'>ιχεῖομι,</span> <span class='ocrx_word' id='word_1_774' title='bbox 2983 5160 3011 5213; x_wconf 83' lang='grc' dir='ltr'>ὅ</span> <span class='ocrx_word' id='word_1_775' title='bbox 3036 5177 3095 5212; x_wconf 89' lang='grc' dir='ltr'><strong>τε</strong></span> <span class='ocrx_word' id='word_1_776' title='bbox 3106 5160 3503 5241; x_wconf 47' lang='grc' dir='ltr'>χαρακτήρ.τοῦ</span> <span class='ocrx_word' id='word_1_777' title='bbox 3536 5176 3677 5211; x_wconf 83' lang='grc' dir='ltr'>στοι-</span> 
     </span>
    </p>
   </div>
   <div class='ocr_carea' id='block_1_111' title="bbox 2089 5178 3673 5300">
    <p class='ocr_par' dir='ltr' id='par_1_111' title="bbox 2089 5178 3673 5300">
     <span class='ocr_line' id='line_1_113' title="bbox 2089 5178 3673 5283; baseline -0.001 -71"><span class='ocrx_word' id='word_1_778' title='bbox 2089 5178 2304 5282; x_wconf 58' lang='grc' dir='ltr'>Αειῖεται</span> <span class='ocrx_word' id='word_1_779' title='bbox 2325 5178 2384 5212; x_wconf 86' lang='grc' dir='ltr'><strong>το</strong></span> <span class='ocrx_word' id='word_1_780' title='bbox 2401 5178 2659 5229; x_wconf 89' lang='grc' dir='ltr'>γραμμα,</span> <span class='ocrx_word' id='word_1_781' title='bbox 2684 5178 2966 5267; x_wconf 40' lang='grc' dir='ltr'>στοέχειον,</span> <span class='ocrx_word' id='word_1_782' title='bbox 2983 5178 3011 5213; x_wconf 94' lang='grc' dir='ltr'><strong>ο</strong></span> <span class='ocrx_word' id='word_1_783' title='bbox 3036 5178 3095 5212; x_wconf 89' lang='grc' dir='ltr'><strong>τε</strong></span> <span class='ocrx_word' id='word_1_784' title='bbox 3106 5178 3503 5283; x_wconf 48' lang='grc' dir='ltr'>χαρακτηρτου</span> <span class='ocrx_word' id='word_1_785' title='bbox 3536 5178 3673 5211; x_wconf 82' lang='grc' dir='ltr'>στοι-</span> 
     </span>
     <span class='ocr_line' id='line_1_114' title="bbox 2089 5228 3673 5300; baseline -0.001 -19"><span class='ocrx_word' id='word_1_786' title='bbox 2089 5247 2147 5300; x_wconf 87' lang='grc' dir='ltr'>χε</span> <span class='ocrx_word' id='word_1_787' title='bbox 2174 5249 2259 5292; x_wconf 92' lang='grc' dir='ltr'><strong>ου,</strong></span> <span class='ocrx_word' id='word_1_788' title='bbox 2291 5231 2385 5283; x_wconf 75' lang='grc' dir='ltr'>καὶ</span> <span class='ocrx_word' id='word_1_789' title='bbox 2415 5230 2477 5282; x_wconf 85' lang='grc' dir='ltr'><strong>τὸ</strong></span> <span class='ocrx_word' id='word_1_790' title='bbox 2508 5228 2713 5299; x_wconf 73' lang='grc' dir='ltr'>ὄνομα,</span> <span class='ocrx_word' id='word_1_791' title='bbox 2748 5247 2860 5284; x_wconf 91' lang='grc' dir='ltr'>ο.ον</span> <span class='ocrx_word' id='word_1_792' title='bbox 2906 5230 3070 5298; x_wconf 84' lang='grc' dir='ltr'>ἄλφα,</span> <span class='ocrx_word' id='word_1_793' title='bbox 3104 5230 3156 5284; x_wconf 86' lang='lat' dir='ltr'><strong>id</strong></span> <span class='ocrx_word' id='word_1_794' title='bbox 3184 5238 3289 5292; x_wconf 90' lang='lat' dir='ltr'><strong>est,</strong></span> <span class='ocrx_word' id='word_1_795' title='bbox 3386 5239 3545 5283; x_wconf 83' lang='lat' dir='ltr'><strong>tCtlttr</strong></span> <span class='ocrx_word' id='word_1_796' title='bbox 3574 5246 3673 5280; x_wconf 86' lang='lat' dir='ltr'><strong>au-</strong></span> 
     </span>
    </p>
   </div>
   <div class='ocr_carea' id='block_1_112' title="bbox 2092 5299 3672 5367">
    <p class='ocr_par' dir='ltr' id='par_1_112' title="bbox 2092 5299 3672 5367">
     <span class='ocr_line' id='line_1_115' title="bbox 2092 5299 3672 5367; baseline -0.002 -14"><span class='ocrx_word' id='word_1_797' title='bbox 2092 5299 2193 5354; x_wconf 84' lang='lat' dir='ltr'><strong>tem</strong></span> <span class='ocrx_word' id='word_1_798' title='bbox 2218 5300 2399 5355; x_wconf 87' lang='lat' dir='ltr'><strong>littera</strong></span> <span class='ocrx_word' id='word_1_799' title='bbox 2440 5300 2757 5367; x_wconf 86' lang='lat' dir='ltr'><strong>tripliciter:</strong></span> <span class='ocrx_word' id='word_1_800' title='bbox 2789 5300 3106 5354; x_wconf 86' lang='lat' dir='ltr'><strong>elementum</strong></span> <span class='ocrx_word' id='word_1_801' title='bbox 3136 5301 3358 5363; x_wconf 87' lang='lat' dir='ltr'><strong>scilicet,</strong></span> <span class='ocrx_word' id='word_1_802' title='bbox 3414 5310 3540 5353; x_wconf 88' lang='lat' dir='ltr'><strong>nota</strong></span> <span class='ocrx_word' id='word_1_803' title='bbox 3566 5299 3672 5352; x_wconf 77' lang='lat' dir='ltr'><strong>ele-</strong></span> 
     </span>
    </p>
   </div>
   <div class='ocr_carea' id='block_1_113' title="bbox 2091 5371 3400 5441">
    <p class='ocr_par' dir='ltr' id='par_1_113' title="bbox 2091 5371 3400 5441">
     <span class='ocr_line' id='line_1_116' title="bbox 2091 5371 3400 5441; baseline 0 -18"><span class='ocrx_word' id='word_1_804' title='bbox 2091 5372 2271 5427; x_wconf 87' lang='lat' dir='ltr'><strong>menti.</strong></span> <span class='ocrx_word' id='word_1_805' title='bbox 2302 5380 2350 5425; x_wconf 92' lang='lat' dir='ltr'><strong>et</strong></span> <span class='ocrx_word' id='word_1_806' title='bbox 2382 5388 2569 5424; x_wconf 87' lang='lat' dir='ltr'><strong>nomen</strong></span> <span class='ocrx_word' id='word_1_807' title='bbox 2602 5371 2772 5440; x_wconf 85' lang='lat' dir='ltr'><strong>ipsum</strong></span> <span class='ocrx_word' id='word_1_808' title='bbox 2804 5387 2821 5423; x_wconf 89' lang='lat'><em>:</em></span> <span class='ocrx_word' id='word_1_809' title='bbox 2851 5371 3000 5441; x_wconf 82' lang='lat' dir='ltr'><strong>verbi</strong></span> <span class='ocrx_word' id='word_1_810' title='bbox 3025 5371 3199 5441; x_wconf 87' lang='lat' dir='ltr'><strong>gratia</strong></span> <span class='ocrx_word' id='word_1_811' title='bbox 3228 5371 3375 5441; x_wconf 78' lang='grc' dir='ltr'>ἄλφα</span> <span class='ocrx_word' id='word_1_812' title='bbox 3388 5411 3400 5423; x_wconf 95' lang='grc'><strong>.</strong></span> 
     </span>
    </p>
   </div>
   <div class='ocr_carea' id='block_1_114' title="bbox 2162 5437 3673 5511">
    <p class='ocr_par' dir='ltr' id='par_1_114' title="bbox 2162 5437 3673 5511">
     <span class='ocr_line' id='line_1_117' title="bbox 2162 5437 3673 5511; baseline -0.004 -16"><span class='ocrx_word' id='word_1_813' title='bbox 2162 5442 2275 5511; x_wconf 83' lang='grc'><strong>(65)</strong></span> <span class='ocrx_word' id='word_1_814' title='bbox 2301 5437 2699 5495; x_wconf 75' lang='grc' dir='ltr'>Βασιλεύσὲιν</span> <span class='ocrx_word' id='word_1_815' title='bbox 2722 5437 3127 5511; x_wconf 72' lang='grc' dir='ltr'>προσεδόκὼν.</span> <span class='ocrx_word' id='word_1_816' title='bbox 3168 5441 3222 5494; x_wconf 91' lang='lat' dir='ltr'><strong>In</strong></span> <span class='ocrx_word' id='word_1_817' title='bbox 3257 5440 3449 5495; x_wconf 90' lang='lat' dir='ltr'><strong>codice</strong></span> <span class='ocrx_word' id='word_1_818' title='bbox 3494 5437 3673 5491; x_wconf 65' lang='lat' dir='ltr'><strong>Fulm-</strong></span> 
     </span>
    </p>
   </div>
   <div class='ocr_carea' id='block_1_115' title="bbox 2092 5510 3673 5636">
    <p class='ocr_par' dir='ltr' id='par_1_115' title="bbox 2092 5510 3673 5636">
     <span class='ocr_line' id='line_1_118' title="bbox 2092 5510 3673 5636; baseline -0.003 -71"><span class='ocrx_word' id='word_1_819' title='bbox 2092 5512 2243 5565; x_wconf 89' lang='lat' dir='ltr'><strong>tiano</strong></span> <span class='ocrx_word' id='word_1_820' title='bbox 2292 5518 2558 5581; x_wconf 88' lang='lat' dir='ltr'><strong>scriptum</strong></span> <span class='ocrx_word' id='word_1_821' title='bbox 2617 5511 2801 5566; x_wconf 89' lang='lat' dir='ltr'><strong>inveni</strong></span> <span class='ocrx_word' id='word_1_822' title='bbox 2838 5510 3146 5636; x_wconf 59' lang='grc' dir='ltr'>Βασιλεύειν</span> <span class='ocrx_word' id='word_1_823' title='bbox 3202 5529 3214 5564; x_wconf 91' lang='lat'>:</span> <span class='ocrx_word' id='word_1_824' title='bbox 3257 5510 3400 5579; x_wconf 81' lang='lat' dir='ltr'><strong>quod</strong></span> <span class='ocrx_word' id='word_1_825' title='bbox 3439 5512 3673 5562; x_wconf 70' lang='lat' dir='ltr'><strong>Fortasse</strong></span> 
     </span>
     <span class='ocr_line' id='line_1_119' title="bbox 2093 5580 3668 5636; baseline 0.001 -2"><span class='ocrx_word' id='word_1_826' title='bbox 2093 5583 2298 5636; x_wconf 88' lang='lat' dir='ltr'><strong>rectius</strong></span> <span class='ocrx_word' id='word_1_827' title='bbox 2319 5592 2404 5636; x_wconf 91' lang='lat' dir='ltr'><strong>est</strong></span> <span class='ocrx_word' id='word_1_828' title='bbox 2427 5590 2646 5636; x_wconf 86' lang='lat' dir='ltr'><strong>orooter</strong></span> <span class='ocrx_word' id='word_1_829' title='bbox 2670 5581 2833 5636; x_wconf 84' lang='lat' dir='ltr'><strong>adver</strong></span> <span class='ocrx_word' id='word_1_830' title='bbox 2876 5584 2984 5635; x_wconf 89' lang='lat' dir='ltr'><strong>ium</strong></span> <span class='ocrx_word' id='word_1_831' title='bbox 3021 5580 3167 5636; x_wconf 87' lang='lat' dir='ltr'><strong>auod</strong></span> <span class='ocrx_word' id='word_1_832' title='bbox 3199 5580 3480 5636; x_wconf 57' lang='lat' dir='ltr'><strong>praecessit</strong></span> <span class='ocrx_word' id='word_1_833' title='bbox 3512 5580 3668 5636; x_wconf 75' lang='lat' dir='ltr'><strong>illud.</strong></span> 
     </span>
    </p>
   </div>
   <div class='ocr_carea' id='block_1_116' title="bbox 2093 5580 3668 5652">
    <p class='ocr_par' dir='ltr' id='par_1_116' title="bbox 2093 5580 3668 5652">
     <span class='ocr_line' id='line_1_120' title="bbox 2093 5580 3668 5652; baseline -0.004 -18"><span class='ocrx_word' id='word_1_834' title='bbox 2093 5583 2298 5636; x_wconf 88' lang='lat' dir='ltr'><strong>rectius</strong></span> <span class='ocrx_word' id='word_1_835' title='bbox 2319 5580 2646 5652; x_wconf 26' lang='lat' dir='ltr'><strong>est’propter</strong></span> <span class='ocrx_word' id='word_1_836' title='bbox 2670 5580 2984 5637; x_wconf 84' lang='lat' dir='ltr'><strong>adverbium</strong></span> <span class='ocrx_word' id='word_1_837' title='bbox 3021 5580 3167 5649; x_wconf 91' lang='lat' dir='ltr'><strong>quod</strong></span> <span class='ocrx_word' id='word_1_838' title='bbox 3198 5580 3480 5652; x_wconf 56' lang='lat' dir='ltr'><strong>praecessit</strong></span> <span class='ocrx_word' id='word_1_839' title='bbox 3512 5580 3668 5638; x_wconf 83' lang='grc' dir='ltr'>ιΙΙιιιι,</span> 
     </span>
    </p>
   </div>
   <div class='ocr_carea' id='block_1_117' title="bbox 2091 5649 3672 5721">
    <p class='ocr_par' dir='ltr' id='par_1_117' title="bbox 2091 5649 3672 5721">
     <span class='ocr_line' id='line_1_121' title="bbox 2091 5649 3672 5721; baseline -0.001 -18"><span class='ocrx_word' id='word_1_840' title='bbox 2091 5653 2215 5704; x_wconf 79' lang='grc' dir='ltr'>ὅσον</span> <span class='ocrx_word' id='word_1_841' title='bbox 2282 5649 2459 5713; x_wconf 77' lang='grc' dir='ltr'>οὔπω.</span> <span class='ocrx_word' id='word_1_842' title='bbox 2496 5649 2639 5721; x_wconf 83' lang='lat' dir='ltr'><strong>quod</strong></span> <span class='ocrx_word' id='word_1_843' title='bbox 2690 5662 2807 5706; x_wconf 84' lang='lat' dir='ltr'><strong>eam</strong></span> <span class='ocrx_word' id='word_1_844' title='bbox 2852 5654 2956 5705; x_wconf 90' lang='lat' dir='ltr'><strong>vim</strong></span> <span class='ocrx_word' id='word_1_845' title='bbox 3003 5649 3292 5717; x_wconf 50' lang='lat' dir='ltr'><strong>habet,&#39;ut</strong></span> <span class='ocrx_word' id='word_1_846' title='bbox 3329 5667 3415 5705; x_wconf 85' lang='lat' dir='ltr'><strong>res</strong></span> <span class='ocrx_word' id='word_1_847' title='bbox 3459 5649 3672 5702; x_wconf 76' lang='lat' dir='ltr'><strong>futuras</strong></span> 
     </span>
    </p>
   </div>
   <div class='ocr_carea' id='block_1_118' title="bbox 2090 5723 3028 5793">
    <p class='ocr_par' dir='ltr' id='par_1_118' title="bbox 2090 5723 3028 5793">
     <span class='ocr_line' id='line_1_122' title="bbox 2090 5723 3028 5793; baseline 0.002 -19"><span class='ocrx_word' id='word_1_848' title='bbox 2090 5723 2247 5793; x_wconf 76' lang='lat' dir='ltr'><strong>quasi</strong></span> <span class='ocrx_word' id='word_1_849' title='bbox 2279 5723 2393 5788; x_wconf 88' lang='lat' dir='ltr'><strong>jam</strong></span> <span class='ocrx_word' id='word_1_850' title='bbox 2424 5732 2721 5792; x_wconf 65' lang='lat' dir='ltr'><strong>praesentes</strong></span> <span class='ocrx_word' id='word_1_851' title='bbox 2756 5724 3028 5793; x_wconf 71' lang='lat' dir='ltr'><strong>exhibeat.</strong></span> 
     </span>
    </p>
   </div>
   <div class='ocr_carea' id='block_1_119' title="bbox 2164 5791 3675 5862">
    <p class='ocr_par' dir='ltr' id='par_1_119' title="bbox 2164 5791 3675 5862">
     <span class='ocr_line' id='line_1_123' title="bbox 2164 5791 3675 5862; baseline -0.005 -17"><span class='ocrx_word' id='word_1_852' title='bbox 2164 5792 2369 5862; x_wconf 69' lang='lat'><strong>{66)01</strong></span> <span class='ocrx_word' id='word_1_853' title='bbox 2400 5791 2517 5862; x_wconf 70' lang='grc' dir='ltr'><strong>μὲν</strong></span> <span class='ocrx_word' id='word_1_854' title='bbox 2556 5794 2719 5861; x_wconf 84' lang='grc' dir='ltr'>πυρί.</span> <span class='ocrx_word' id='word_1_855' title='bbox 2755 5792 2951 5847; x_wconf 85' lang='lat' dir='ltr'><strong>Nescio</strong></span> <span class='ocrx_word' id='word_1_856' title='bbox 2984 5809 3081 5847; x_wconf 91' lang='lat' dir='ltr'><strong>cur</strong></span> <span class='ocrx_word' id='word_1_857' title='bbox 3121 5791 3470 5862; x_wconf 57' lang='lat' dir='ltr'><strong>Genevenscs</strong></span> <span class='ocrx_word' id='word_1_858' title='bbox 3519 5801 3675 5858; x_wconf 70' lang='lat' dir='ltr'><strong>typo-</strong></span> 
     </span>
    </p>
   </div>
   <div class='ocr_carea' id='block_1_120' title="bbox 2094 5860 3669 5935">
    <p class='ocr_par' dir='ltr' id='par_1_120' title="bbox 2094 5860 3669 5935">
     <span class='ocr_line' id='line_1_124' title="bbox 2094 5860 3669 5935; baseline -0.004 -18"><span class='ocrx_word' id='word_1_859' title='bbox 2094 5860 2284 5935; x_wconf 80' lang='lat' dir='ltr'><strong>graphi</strong></span> <span class='ocrx_word' id='word_1_860' title='bbox 2344 5860 2417 5919; x_wconf 71' lang='lat' dir='ltr'><strong>ita</strong></span> <span class='ocrx_word' id='word_1_861' title='bbox 2458 5860 2801 5922; x_wconf 76' lang='lat' dir='ltr'><strong>excudcrint.</strong></span> <span class='ocrx_word' id='word_1_862' title='bbox 2850 5863 2983 5917; x_wconf 76' lang='lat' dir='ltr'><strong>Nam</strong></span> <span class='ocrx_word' id='word_1_863' title='bbox 3042 5864 3095 5918; x_wconf 91' lang='lat' dir='ltr'><strong>in</strong></span> <span class='ocrx_word' id='word_1_864' title='bbox 3145 5863 3386 5919; x_wconf 85' lang='lat' dir='ltr'><strong>editione</strong></span> <span class='ocrx_word' id='word_1_865' title='bbox 3446 5860 3669 5915; x_wconf 71' lang='lat' dir='ltr'><strong>Rohcrti</strong></span> 
     </span>
    </p>
   </div>
  </div>
