4460 6634
856 458 995 516 1407

2283 456 2627 512 SOZOMENI

3943 450 4087 515 {£08

857 575 1144 646 suppliciis
1172 573 1369 630 affecit.
1401 574 1467 629 Et
1499 575 1634 630 alios
1677 574 1898 645 quidem
1939 575 1993 630 in
2018 573 2289 644 judicium
2323 573 2420 627 ad-
2452 578 2495 633 Α
2525 575 2618 626 ἐνει

2340 573 2420 627 id-
2452 578 2495 633 Α
2525 575 2896 643 ἐνεπίμπρων.
2916 571 3386 644 Περιωθέστερον
3405 571 3462 625 δὲ
3483 572 3600 626 τότε
3624 571 3718 626 καὶ⁵
3736 571 3924 642 ἓτερον
3953 588 4071 636 συμ
4097 600 4101 603 -

855 668 1077 730 ductos,
1113 681 1238 720 cum
1292 665 1496 721 Christi
1540 666 1697 720 fidem
1732 666 1906 721 libere
1943 680 2008 720 ac
2049 666 2263 720 fortiter
2294 681 2418 735 pro-

860 756 990 811 fessi
1037 763 1242 818 essent,
1286 756 1448 817 alios.
1482 771 1552 811 ne
1597 755 1856 824 loquendi
1897 754 2118 826 quidem
2161 755 2420 811 facultate

853 848 940 901 eis
976 861 1274 912 concessa,
1309 862 1340 900 e
1385 848 1563 902 medio
1614 848 1856 902 sustulit.
1897 846 2094 903 Fertur
2138 849 2283 903 enim
2325 865 2419 905 eos

857 937 1059 1005 quibus
1101 937 1156 991 id
1201 937 1524 992 mandatum
1570 940 1747 994 fuerat
1789 939 1857 992 ab
1903 940 2273 1004 Athanarico,
2310 949 2419 994 sta—

858 1039 1004 1082 tuam
1024 1029 1318 1097 quamdam
1347 1028 1404 1083 in
1425 1038 1690 1099 carpento
1712 1030 2056 1094 collocatam,
2083 1046 2181 1100 per
2206 1032 2418 1100 singula

856 1119 1208 1173 tabernacula
1238 1135 1429 1175 eorum
1460 1136 1600 1190 quos
1623 1119 1904 1176 Christum
1933 1121 2113 1176 colere.
2144 1121 2418 1191 proditum

855 1209 1066 1276 fuerat,
1097 1212 1565 1278 circumduxisse,
1617 1219 1786 1281 utque
1834 1227 1953 1266 eam
2001 1213 2278 1282 supplices
2325 1212 2420 1266 ad-

852 1309 1084 1355 orarent
1121 1305 1282 1372 eique
1336 1303 1739 1371 sacrificarent,
1774 1305 2024 1375 jussisse.
2055 1304 2158 1370 Qui
2197 1319 2319 1358 cum
2367 1305 2419 1360 id

858 1390 1042 1446 facere
1098 1393 1502 1460 detrectarent,
1551 1395 1672 1450 illos
1723 1395 2076 1450 tabernacula
2132 1411 2238 1449 una
2293 1411 2418 1450 cum

855 1482 995 1551 ipsis
1029 1484 1341 1540 hominibus
1374 1485 1708 1540 incendisse.
1739 1487 1843 1541 Sed
1878 1494 1932 1541 et
1963 1486 2112 1541 aliud
2160 1487 2418 1556 quiddam

858 1574 1021 1643 longe
1057 1576 1308 1654 atrocius
1351 1591 1416 1630 eo
1461 1585 1708 1646 tempore
1740 1577 2015 1634 accidisse
2048 1581 2256 1649 accepi.
2287 1578 2420 1632 Nam

857 1680 967 1734 prae
1001 1667 1258 1721 violentia
1296 1683 1484 1722 eorum
1527 1669 1622 1737 qtti
1672 1669 1984 1724 sacrificare
2028 1670 2226 1724 invitos
2263 1685 2422 1739 coge-

855 1757 1020 1820 bant,
1051 1758 1451 1828 despondentes
1481 1761 1721 1812 animum
1755 1767 1861 1813 tam
1897 1761 1995 1814 viri
2032 1776 2192 1830 quam
2225 1761 2419 1814 mulie-

853 1864 962 1910 res.
979 1864 1209 1920 quarum
1228 1851 1347 1905 aliae
1363 1867 1559 1920 pueros
1581 1867 1766 1906 secum
1787 1851 2078 1917 ducebant,
2096 1853 2214 1906 alia;
2232 1869 2421 1908 recens

2520 663 2677 734 ϐῆναι
2717 662 2890 725 πάθος
2913 663 3211 732 ἐπυθόμην.
3240 662 3622 733 Ἀπειρηκότες
3648 663 3760 734 γὰρ
3803 662 3986 715 πολλοὶ
4031 663 4103 729 τῇ

2521 753 2612 825 βίᾳ
2636 754 2744 806 τῶν
2773 753 2920 806 θύειν
2948 753 3384 821 ἀναγκαζόντων,
3402 754 3592 825 ἄνδρες
3613 772 3671 807 τε
3697 756 3790 807 καὶ
3812 756 4100 822 γυναῖκες,

2519 839 2593 898 ὦν
2621 846 2675 896 ai
2706 845 2801 915 μὲν
2836 845 3098 915 παιδάρια
3134 846 3430 915 ἐπήγοντο,
3459 845 3514 897 αί
3545 845 3600 897 δὲ
3632 845 3892 913 άρτίτοκα
3918 843 4100 912 βρέφη

2519 936 2623 988 ὑπὸ
2646 937 2769 997 τοὺς
2792 935 2995 1005 μαζοὺς
3014 934 3256 1006 ἔτρεφον,
3294 936 3387 988 ἐπὶ
3408 936 3505 1004 τὴν
3535 934 3739 1004 σκηνὴν
3771 933 3870 1002 τῆς
3905 932 4100 985 ἐνθάδε

2519 1027 2812 1096 ἐκκλησίας
2852 1027 3170 1094 κατέφυγον.
3191 1026 3589 1097 Προσαψάντων
3615 1026 3671 1077 δὲ
3705 1025 3815 1096 πῦρ
3829 1025 3936 1076 τῶν
3995 1025 4105 1075 Ελ-

2519 1118 2801 1190 ληνιστῶν,
2845 1119 3083 1181 ἅπαντες
3110 1118 3496 1188 διεφθάρησαν.
3523 1117 3636 1169 Οὐκ
3667 1117 3746 1178 είς
3787 1117 4004 1185 μακρὰν
4044 1114 4106 1165 δὲ

2519 1213 2567 1267 οἱ
2622 1209 2804 1262 Γότθοι
2848 1210 2984 1280 πρὸς
3026 1210 3288 1279 ἀλλήλους
3319 1209 3639 1279 ὼμονόησαν
3672 1223 3688 1238 ⁶
3722 1208 3814 1259 καὶ
3846 1208 3926 1269 είς
3956 1206 4106 1258 ἁπό-

2519 1320 2666 1359 νοιαν
2689 1299 3016 1370 ἐπαρθέντες
3044 1302 3156 1371 (74)
3181 1303 3306 1364 τοὺς
3338 1301 3558 1370 Θρᾷκας
3592 1299 3981 1370 ἐκακούργουν,
4001 1297 4107 1348 καὶ

2519 1398 2617 1460 τὰς
2646 1397 2822 1451 αὐτῶν
2865 1395 3048 1457 πόλεις
3078 1392 3172 1445 καὶ
3222 1391 3414 1462 κώμας
3459 1391 3664 1462 ἐδῄουν.
3704 1391 4011 1458 Πυθόμενος
4043 1387 4107 1440 δὲ

2521 1489 2752 1558 Οὐάλης,
2782 1491 2848 1560 τῇ
2887 1487 3052 1557 πείρα
3088 1483 3404 1555 μεμάθηκεν
3426 1483 3547 1535 ὅσον
3574 1483 3838 1552 ἥμαρτεν.
3873 1481 4108 1549 Οἰηθεὶς

2520 1581 2629 1651 γὰρ
2651 1580 2800 1649 αὺτῷ
2828 1597 2888 1631 τε
2923 1579 3017 1630 καὶ
3051 1578 3161 1639 τοῖς
3205 1574 3526 1647 ἀρχομένοις
3553 1572 3851 1644 χρησίμους
3874 1572 4104 1624 ἔσεσθαι

2520 1673 2646 1734 τοὺς
2694 1671 2919 1734 Γότθους
2949 1710 2963 1733 ,
3001 1667 3264 1737 φοϐεροὺς
3302 1667 3359 1719 δέ
3405 1667 3516 1726 τοῖς
3567 1663 3861 1726 ἐναντίοις,
3903 1663 3980 1725 ὡς
4038 1663 4105 1714 ἐν

2521 1763 2702 1825 ὅπλοις
2730 1762 2816 1814 ἀεὶ
2851 1757 3417 1829 παρεσκευασμένους,
3453 1756 3560 1809 τῶν
3591 1754 3911 1823 Ῥωμαϊκῶν
3945 1771 4092 1821 ταγ-

2526 1859 2708 1928 μάτων
2744 1858 2954 1928 ἦμέλει.
2990 1856 3099 1908 Καὶ
3130 1855 3250 1908 ἀντὶ
3277 1853 3385 1907 τῶν
3413 1853 3677 1906 εἰωθότων
3699 1854 3778 1913 εἰς
3807 1849 4096 1919 στρατείαι

850 1945 1012 1992 natos
1055 1937 1293 1993 infantes
1336 1940 1594 1994 uberibus
1627 1941 1744 1995 suis
1779 1941 2030 1995 admotos
2077 1942 2415 2005 nutriebant,
2453 1933 2491 1985 Β
2520 1955 2610 2004 ἐπι

2343 1951 2415 2005 ηῑν
2453 1933 2491 1985 Β
2520 1951 2863 2019 ἐπιλέγεσθαι
2899 1952 2962 2001 ἐκ
3003 1947 3109 2000 τῶν
3143 1946 3248 1999 ὑπὸ
3302 1945 3602 2014 Ῥωμαίους
3660 1942 3954 2002 πόλεώντε
4002 1938 4104 1990 καὶ

853 2027 918 2080 ad
949 2027 1363 2081 tabernaculum
1407 2029 1654 2083 ecclesia:
1690 2046 1810 2099 quae
1845 2031 1956 2083 illic
1989 2038 2110 2084 erat
2151 2031 2417 2101 confuge-

850 2124 1005 2177 runt,
1041 2117 1130 2170 cui
1172 2132 1296 2169 cum
1330 2117 1509 2185 ignem
1548 2119 1909 2186 subjecissent
1947 2122 2198 2188 gentiles,
2233 2124 2416 2177 cuncti

849 2209 942 2277 qui
978 2210 1128 2264 intus
1173 2218 1329 2264 erant
1366 2211 1618 2265 incendio
1663 2216 1974 2283 consumpti
2029 2224 2174 2269 sunt.
2214 2215 2414 2271 Verum

851 2299 1014 2368 paulo
1054 2308 1178 2370 post
1221 2299 1382 2354 Gothi
1425 2301 1491 2354 ad
1531 2302 1816 2369 pristinam
1865 2305 2216 2358 concordiam
2275 2307 2420 2360 redi-

2522 2037 2742 2107 κωμῶν,
2780 2035 3002 2106 χρυσίον
3032 2035 3435 2104 εἰσεπράττετο.
3474 2032 3704 2102 Σφαλέις
3741 2031 3796 2083 δέ
3823 2030 3920 2099 τῆς
3949 2028 4107 2080 ἐλπί-

2521 2129 2628 2193 δος,
2649 2125 2962 2181 καταλιπὼν
2988 2125 3082 2194 τὴν
3099 2123 3452 2202 Ἀντιόχειαν,
3471 2121 3671 2191 σπουδῇ
3702 2121 3780 2181 εἰς
3809 2118 3906 2188 τὴν
3940 2119 4102 2169 Κων-

2524 2218 2958 2272 σταντινούπολιν
3003 2216 3245 2284 ἀφίκετο.
3288 2215 3478 2268 Ἦνίκα
3510 2212 3573 2282 δὴ
3600 2214 3627 2264 ὁ
3665 2209 3805 2263 κατὰ
3848 2208 3955 2261 τῶν
3987 2205 4106 2259 ἐτέ-

2521 2328 2626 2379 ρως
2653 2309 2798 2378 αὑτῷ
2818 2306 3302 2379 Χριστιανιζόντων
3322 2305 3556 2374 διωγμὸς
3579 2302 3867 2372 ἁνακωχὴν
3896 2300 4086 2369 ἔσχεν.

849 2397 1040 2451 erunt,
1089 2399 1145 2445 et
1188 2395 1471 2460 repentina
1519 2392 1823 2447 defectione
1863 2397 2146 2459 concitati,
2182 2395 2423 2451 Thraces
2519 2402 2610 2463 Εὑζ

2340 2411 2423 2451 ces
2519 2402 2760 2464 Εὐζωῖου
2784 2400 2841 2452 δέ
2863 2399 3305 2468 τελευτήσαντος,
3340 2395 3668 2468 προϐληθεὶς
3697 2397 3776 2456 είς
3802 2394 3898 2462 τὴν
3927 2389 4101 2443 αὑτοῦ

849 2499 1066 2547 vexare,
1093 2486 1368 2555 urbesque
1391 2501 1581 2539 eorum
1610 2495 1662 2540 et
1685 2487 1836 2542 vicos
1864 2496 2080 2543 vastare
2108 2501 2410 2559 cmperunt.
2511 2492 2610 2562 ἀρχ

2334 2501 2410 2544 nt.
2511 2491 2683 2562 ἀρχὴν
2741 2491 3013 2561 Θεόδωρος
3060 2489 3194 2562 (75),
3231 2487 3336 2540 τῶν
3380 2489 3448 2542 τὰ
3483 2488 3694 2558 ’Δρείου
3739 2485 4091 2555 φρονούντων

849 2576 968 2640 Qua
1017 2592 1078 2632 re
1127 2579 1336 2639 audita,
1384 2577 1582 2632 Valens
1628 2578 2004 2646 experimento
2057 2583 2175 2649 ipso
2218 2581 2412 2635 didicit
2513 2584 2824 2652 προῖστατο.

850 2678 1111 2736 quantum
1137 2681 1395 2724 errasset.
1419 2669 1575 2734 Nam,
1601 2687 1724 2725 cum
1754 2681 2031 2742 sperasset
2054 2673 2280 2736 Gothos,
2309 2673 2417 2727 sibi
2456 2673 2676 2743 quidem
2701 2689 2764 2727 ac
2787 2673 3026 2728 subditis
3055 2672 3169 2727 suis
3193 2670 3375 2732 utiles,
3399 2671 3653 2726 hostibus
3712 2687 3839 2724 vero
3902 2670 4102 2724 forati-

851 2762 1062 2818 dabiles
1083 2762 1317 2828 futuros,
1341 2774 1525 2834 utpote
1544 2766 1637 2836 qui
1661 2766 1763 2820 sub
1787 2766 1955 2820 armis
1980 2782 2195 2834 semper
2217 2775 2415 2835 praesto
2452 2775 2660 2828 essent.
2697 2767 2974 2820 Romanas
3018 2764 3264 2834 legiOnes
3296 2765 3632 2834 neglexerat.
3697 2763 3764 2816 Et
3828 2781 3924 2833 pro
3964 2767 4103 2820 tiro—

851 2853 1014 2909 nibus
1043 2856 1134 2923 qui
1165 2871 1230 2908 ex
1264 2856 1490 2910 urbibus
1519 2865 1574 2910 et
1635 2857 1774 2911 vicis
1807 2857 2017 2926 imperii
2087 2856 2318 2910 Romani
2363 2859 2487 2928 eligi
2529 2858 2778 2913 solebant
2809 2857 2873 2910 ad
2917 2857 3192 2922 militiam,
3229 2870 3419 2908 aurum
3463 2858 3663 2926 exegit.
3696 2856 3800 2911 Sed
3845 2873 3939 2926 spe
3999 2873 4102 2911 sua

852 2947 1182 3009 frustratus,
1243 2946 1437 3000 relicta
1500 2946 1816 3012 Antiochia,
1884 2947 2414 3018 Constantinopolim
2454 2964 2685 3020 pr0pere
2719 2948 2962 3003 advenit.
3034 2947 3157 3012 Quo
3226 2947 3448 3018 quidem
3493 2955 3739 3018 tempore
3785 2949 4103 3019 persecutio

850 3049 1043 3096 contra
1080 3040 1428 3096 Orthoduxos
1459 3042 1529 3096 ab
1561 3043 1653 3098 illo
1683 3042 1978 3107 concitata,
2013 3046 2159 3097 velut
2220 3044 2546 3114 quibusdam
2573 3044 2812 3100 induciis
2847 3043 3224 3116 interquievit.
3298 3042 3511 3098 Mortuo
3579 3044 3800 3100 interim
3865 3043 4097 3110 Euzoio,

851 3137 1174 3194 Theodorus
1210 3138 1262 3192 in
1292 3138 1411 3206 ejus
1443 3138 1622 3192 locum
1668 3139 2019 3209 subrogatus,
2053 3138 2274 3194 Arianis
2307 3139 2420 3194 illic
2451 3139 2694 3210 praefuit.

1269 3233 1430 3303 275
1465 3233 1614 3288 CAP.
1666 3234 1950 3288 XXXVIII.

851 3323 931 3380 De
962 3323 1142 3396 Munia
1169 3326 1550 3380 Saracenorum
1585 3329 1760 3396 regina
1787 3343 1804 3380 :
1830 3338 1880 3381 et
1910 3329 2166 3396 quomodo
2194 3327 2416 3382 inducia:

922 3397 1058 3448 inter
1094 3395 1355 3450 Romanos
1400 3414 1462 3449 ac
1509 3395 1804 3450 Saracenos
1853 3409 2020 3465 rupta:
2061 3415 2178 3450 cum
2223 3409 2415 3461 essent,

924 3476 1189 3536 renovem
1219 3477 1341 3519 sunt
1380 3483 1412 3518 a
1451 3466 1610 3524 Mosa.
1643 3468 1732 3534 qui
1774 3469 1938 3535 gentis
1969 3468 2116 3520 illius
2147 3468 2416 3536 episcopus

922 3553 958 3589 α
990 3534 1309 3589 Christianis
1361 3536 1530 3602 fuerat
1567 3534 1864 3589 ordinatius.
1919 3536 2048 3590 Item
2091 3534 2329 3590 narratio
2354 3537 2417 3590 de

922 3605 1217 3660 Ismaelitis
1255 3619 1305 3658 et
1357 3604 1661 3667 Saracenis,
1713 3616 1761 3658 et
1808 3607 1870 3658 de
1911 3605 2016 3659 diis
2061 3606 2318 3660 illorum:
2363 3619 2412 3660 et

924 3675 1168 3747 qualiter
1197 3691 1354 3743 opera
1399 3674 1617 3729 Zocomi
1661 3676 1877 3729 illorum
1926 3677 2224 3747 phylarchi,
2260 3674 2413 3731 Citri-

920 3754 1062 3800 stum
1088 3746 1256 3799 colere
1288 3748 1550 3814 coeperint.

922 3893 1038 3949 Sub
1093 3894 1235 3949 idem
1287 3905 1504 3967 tempus
1561 3907 1780 3953 mortuo
1823 3899 2219 3955 Saracenorum
2273 3918 2420 3972 rege,

3094 3236 3349 3291 ΚΕΦΑΛ.
3396 3238 3529 3292 AH'.

2526 3325 2665 3393 Περὶ
2715 3326 2944 3396 Μαντίας
2995 3324 3105 3393 τῆς
3149 3325 3707 3396 τῶνῖΣαρῤακηνῶν
3756 3326 4097 3396 φυλάρχου,

2594 3395 2690 3447 καὶ
2721 3397 2800 3459 ὡς
2820 3394 3215 3464 διαλιγθεισῶν
3242 3395 3360 3448 τῶν
3383 3397 3532 3463 μετὰ
3567 3394 3865 3464 Ῥωμαῖων
3902 3394 4098 3450 σπον-

2593 3464 2714 3516 δῶν
2735 3506 2748 3528 ,
2799 3463 3017 3530 Μωσῆς
3071 3468 3102 3518 ὁ
3145 3465 3475 3528 ἐπίσκοπος
3519 3463 3715 3519 αὐτῶν
3763 3466 3922 3533 παρὰ
3975 3470 4103 3534 Χρι-

2595 3534 2854 3586 στιανῶν
2891 3535 3363 3600 χειροτονηθεὶς,
3398 3535 3583 3599 αὐτὰς
3627 3535 3946 3590 ἁνενέωσε.
3979 3537 4093 3590 Καὶ

2595 3603 2875 3672 διήγησις
2911 3603 3043 3669 περὶ
3093 3603 3208 3656 τῶν·
3252 3603 3638 3672 Ἰσμαηλιτῶν
3673 3606 3770 3657 καὶ
3821 3604 3940 3658 τῶν
3981 3609 4098 3659 Σα-

2588 3672 2894 3740 ρακηνῶν,
2927 3672 3026 3724 καὶ
3059 3672 3176 3725 τῶν
3215 3676 3448 3740 τούτοις
3492 3675 3680 3729 θεῶν’
3730 3675 3828 3728 καὶ
3875 3676 3957 3740 ὡς
4000 3676 4103 3728 διὰ

2594 3745 2862 3879 ἔθυέ-ὁμου
2905 3741 3014 3796 τοῦ
3061 3743 3260 3797 αὐτῶν
3308 3743 3624 3812 φυλάρχου
3673 3746 4104 3812 Χριστιανιᾰειν

2637 3831 2672 3879 ρ
2718 3829 2883 3865 arto.

2637 3829 2883 3879 ρςαντο.

2601 3902 2736 3954 Ὑπὸ
2768 3902 2825 3954 δέ
2849 3902 2938 3954 τὸν
2969 3902 3130 3956 αὐτὸν
3154 3902 3342 3957 τοῦτον
3372 3903 3564 3975 χρόνον
3597 3904 3648 3968 b,
3682 3905 4104 3975 τελευτήσαντος

853 3984 1032 4039 soluta
1062 3994 1189 4038 sunt
1213 4000 1400 4038 eorum
1436 3985 1640 4042 fmdera
1670 4004 1794 4041 cum
1833 3987 2144 4056 Romanis‘,
2193 3990 2425 4060 ejusque
2517 3992 2614 4046 τοῦ

2341 4007 2425 4060 [ue
2517 3992 2614 4046 τοῦ
2654 3993 2986 4064 Σαρακηνῶν
3021 3994 3317 4064 βασιλέως,
3353 3997 3408 4048 αἱ
3462 3996 3599 4066 πρὸς
3629 3997 3754 4059 τοὺς
3792 3998 4102 4066 Ῥωμαίους

852 4089 992 4128 uxor
1024 4074 1198 4128 Mavia
1229 4092 1350 4146 quae
1391 4079 1757 4148 principatum
1788 4083 1966 4150 gentis
1997 4083 2143 4139 illius
2189 4084 2423 4138 admini-

851 4167 1083 4233 strabat,
1135 4169 1303 4224 urbes
1350 4173 1642 4231 provinciae
1680 4170 1969 4230 thnices
2027 4191 2092 4230 ac
2124 4175 2425 4231 Palmstinaa

925 4343 1118 4402 'Socr.
1145 4344 1241 4400 lib.
1275 4361 1351 4412 tv,
1377 4359 1427 4399 c.
1448 4344 1538 4399 56.

2528 4085 2751 4138 σπονδαὶ
2781 4084 3069 4156 ἐλύθησαν.
3101 4085 3282 4139 Μανία
3312 4085 3424 4156 (76)
3471 4087 3527 4139 δὲ
3580 4089 3611 4156 ἠ
3638 4088 3826 4140 τούτου
3859 4089 4098 4157 γαμετὴ,

2528 4179 2626 4246 τὴν
2656 4177 2948 4248 ἡγεμονίαν
2975 4178 3070 4231 τοῦ
3095 4178 3278 4242 ἔθνους
3311 4180 3746 4250 ἐπιτροπεύουσα
3765 4220 3780 4242 ,
3813 4182 3968 4250 ἐδῄου
3998 4181 4100 4245 τὰς

2043 4497 2308 4554 VALESII
2349 4497 2892 4556 ANNOTATIONES.

922 4609 1035 4682 (⁸14)
1066 4609 1174 4664 Kal
1197 4611 1283 4674 εἱς
1319 4609 1611 4683 ἀπόνοιαν
1649 4608 2029 4683 ἐπαρθέντοςΖ
2075 4607 2248 4664 αι·κοί
2280 4610 2412 4663 ἁπό-
2444 4599 2488 4653 Ῑ)
2516 4631 2683 4668 verun

2336 4610 2412 4663 τό-
2444 4599 2488 4653 D
2516 4631 2702 4668 verum
2736 4616 2856 4683 ejus
2891 4631 3088 4673 nomen
3123 4630 3206 4674 est
3236 4619 3564 4677 Dorothcus.
3639 4622 3728 4678 Sic
3761 4624 3905 4678 cnim
3949 4625 4097 4679 infra

851 4679 1001 4734 νοιαν
1053 4696 1248 4733 vocare
1271 4681 1451 4734 solent
1498 4696 1660 4748 quam
1707 4679 1882 4734 Latini
1935 4679 2294 4734 defectionem
2324 4697 2420 4734 Seu

853 4750 1307 4820 perduellionem,
1347 4758 1405 4802 ut
1438 4753 1621 4804 notavi
1667 4751 1732 4803 ad
1768 4751 2113 4803 Ammianum
2155 4751 2423 4804 Marcelli-

853 4836 1007 4874 num.

926 4889 1036 4956 (75)
1061 4886 1372 4954 Θεόδωρος.
1408 4888 1560 4941 IIunc
1597 4889 1924 4942 Dorotheum
1944 4897 2098 4942 vocat
2121 4888 2421 4946 Philostor-

853 4959 973 5026 gius
1005 4959 1057 5011 in
1122 4959 1259 5010 libro
1289 4974 1364 5020 Ix,
1405 4974 1524 5026 cap.
1561 4959 1644 5022 14,
1702 4968 1754 5013 et
1788 4960 1856 5012 ah
1887 4957 2143 5013 Heraclea
2175 4959 2419 5014 Thracia:

850 5028 1196 5082 Antiochiam
1244 5029 1568 5082 translatmn
1597 5045 1720 5081 esse
1765 5030 1974 5082 scribit.
2014 5028 2285 5083 Interdum
2335 5041 2417 5082 ta-

852 5113 975 5153 men
1009 5096 1329 5152 Theodorus
1365 5099 1623 5153 scribitur
1652 5100 1794 5168 apud
1839 5098 2277 5170 Philostorgium.
2313 5101 2418 5156 Sed

2527 4686 2957 4824 ω
3009 4756 3236 4811 Maviam
3280 4761 3474 4829 reliqui
3511 4773 3704 4817 vocant
3735 4765 3874 4816 hanc
3922 4762 4098 4816 Sarn-

2465 4868 2467 4871 .
2529 4839 2786 4900 certorum
2820 4829 3086 4900 reginam.
3118 4829 3219 4900 Sic
3241 4830 3384 4882 enim
3420 4831 3693 4897 Socrates,
3724 4833 4095 4900 Nicephorius,

2524 4903 2579 4948 et
2601 4892 2937 4963 Epiphanius
2955 4898 3349 4962 Scholasticus,
3382 4909 3439 4955 et
3466 4910 3592 4956 ante
3615 4892 3803 4957 omnes
3839 4892 4095 4960 Rufinus,

2523 4979 2588 5017 ex
2622 4979 2729 5031 quo
2750 4974 3066 5035 sequentem
3105 4971 3471 5025 narrationem
3503 4982 3779 5028 mutuatus
3810 4983 3893 5028 est
3924 4973 4096 5026 δοιο-

2524 5047 2736 5089 menus.

2302 5279 2682 5337 VARIORUM.

928 5373 958 5414 δ
1001 5377 1148 5433 ’Υπό
1187 5378 1256 5433 δὲ
1296 5380 1402 5433 τὸν
1456 5379 1642 5433 αὑτὸν
1683 5385 1921 5449 χρόνον.
1973 5382 2203 5438 Μαιιυίιε
2253 5384 2416 5437 Sara-

855 5463 1112 5502 cenorum
1165 5451 1363 5520 regina:
1413 5453 1699 5504 conversio
1760 5463 1904 5505 recte
1963 5468 2083 5521 post
2139 5457 2417 5507 Athanasii

855 5526 1080 5572 mortem
1129 5534 1158 5571 τι
1214 5521 1445 5573 llaronio
1508 5523 1784 5574 recitatur.
1846 5523 2209 5578 'I‘hroduritns
2269 5527 2413 5576 enim

855 5586 951 5641 lib.
987 5603 1057 5663 tv,
1086 5604 1209 5663 cap.
1237 5591 1327 5663 22'),
1363 5592 1428 5643 de
1460 5607 1520 5644 en
1549 5595 1902 5663 conversione
1940 5597 2072 5663 agit.
2115 5597 2232 5662 ipso
2266 5593 2414 5647 Lucii

855 5658 1303 5733 pseudgepiscopi
1349 5661 1700 5733 Alexandrini
1723 5664 1894 5733 finitio
1913 5703 1926 5722 ,
1961 5658 2414 5733 quemadmodum

851 5736 906 5804 et
944 5727 1172 5804 liuiinits
1213 5727 1333 5804 IIII;
1366 5747 1401 5783 ll
1425 5771 1439 5792 ,
1476 5747 1594 5800 cap.
1627 5732 1680 5804 Ii.
1720 5727 1991 5787 I‘rwtciezr
2032 5735 2309 5804 Ennnpius
2362 5736 2415 5786 in

865 5797 1149 5874 fljtcerptis
1176 5801 1271 5874 ait_.
1297 5797 1574 5874 Valentem
1608 5802 1866 5857 adversus
1895 5804 2120 5867 Gothos,
2147 5797 2234 5874 qui
2273 5820 2418 5858 anno

852 5865 957 5919 576
995 5865 1192 5923 bellum
1235 5868 1497 5924 [imitatus
1548 5871 1777 5928 Intulerc
1804 5915 1816 5937 ,
1865 5877 2068 5944 :tliqnul
2110 5865 2419 5931 'St'traccnos

2515 5382 3045 5453 Constantinopolim
3099 5382 3449 5507 praemisisse.
3524 5383 3705 5449 Quare
3772 5390 3900 5436 ante
3963 5396 4092 5433 eum

2518 5468 2718 5506 annum
2758 5469 2859 5507 nax
2913 5454 3057 5507 inter
3117 5455 3406 5506 ‘araccnos
3446 5461 3500 5507 et
3550 5455 3824 5507 Romanos
3856 5456 4092 5507 sancitzi.

2518 5468 2718 5522 annum
2758 5469 2859 5522 pax
2913 5454 3057 5508 inter
3099 5454 3406 5507 Saracenos
3446 5461 3500 5507 et
3550 5455 3824 5508 Romanos
3856 5456 4093 5522 sancitzi,

2523 5521 2805 5591 Mavinqtic
2865 5524 2931 5576 ad
2992 5525 3150 5579 fidem
3202 5538 3485 5576 conversa.
3550 5523 3624 5575 Ex
3673 5524 3874 5591 quibus
3923 5521 4095 5588 liquet

2523 5607 2738 5646 errasse.
2771 5593 3160 5657 Sozomenum,
3202 5595 3290 5662 qni
3327 5594 3436 5645 haec
3487 5595 3650 5646 refert
3683 5602 3801 5662 post
3851 5591 4090 5642 Vah-nti-

2523 5664 2672 5715 niani
2710 5662 2953 5716 Senioris
2994 5673 3220 5718 mortem
3245 5669 3270 5715 ἐ
3297 5679 3454 5728 quem
3506 5679 3743 5717 errorem
3793 5663 3973 5714 hausit
4022 5677 4087 5712 ex

2526 5731 2784 5807 Socrate,
2821 5735 3054 5807 qui__li_b.
3100 5751 3171 5807 tv,
3218 5748 3268 5787 c.
3307 5733 3408 5796 36,
3456 5732 4089 5807 bellumSaracenicuin

2525 5804 2719 5856 recitat
2752 5800 2874 5872 post
2911 5803 3146 5858 Valentis
3170 5807 3473 5857 discessum
3506 5819 3570 5857 ex
3606 5804 3741 5857 urbe
3773 5800 4087 5872 Antiochia;

2524 5875 2615 5944 qui
2645 5871 2865 5944 contigit
2892 5889 3035 5929 anno
3063 5875 3183 5930 5T1.
3231 5873 3434 5929 Bellum
3480 5875 3664 5944 itaque
3697 5871 4088 5929 Saracenicum
