4460 6634
374 434 506 490 1409

1356 424 1686 481 HISTORIA
1723 375 2275 478 nouissimum.
2318 455 2386 462 —
2425 415 2562 479 Lm."
2597 426 2686 483 Vl.

3482 428 3623 485 {HO

369 551 627 603 Φοινίκων
655 546 749 601 καὶ
788 541 1163 599 Παλαιπινῶν
1208 540 1391 605 πόλεις
1413 583 1427 605 ,
1466 539 1626 611 μέχρι
1663 539 1757 591 καὶ
1784 540 1948 605 Αίγυ-
1979 543 2019 598 Α
2052 552 2130 591 vat

1834 540 1948 605 ξγυ-
1979 543 2019 598 Α
2052 539 2308 601 vastavit,
2344 538 2410 593 ad
2442 537 2942 612 Egyptios'usque
2980 557 3271 614 progressa
3305 542 3398 615 qui
3445 544 3595 615 regio

372 643 562 703 πτίων,
590 636 946 707 ὲξευωνύμων
972 632 1296 689 ἀναπλέοντι
1318 632 1409 685 τδν
1440 631 1651 695 Νεῖλον,
1682 629 1742 684 τὸ
1778 630 1934 700 ’Δρά-

371 733 485 785 ϐιον
520 729 851 798 καλούμενον
910 725 1077 796 κλίμα
1129 722 1439 776 οἰκούντων.
1477 718 1586 775 Ἦν
1622 721 1678 775 δὲ
1709 721 1806 791 οὐχ
1832 716 1941 783 οἷος

372 823 686 895 νομίζεσθαι
743 822 929 892 ῥᾴδιος
982 821 1011 871 ὁ
1045 818 1315 887 πόλεμος,
1346 818 1422 879 ὼς
1482 815 1632 887 παρά
1685 815 1941 882 γυναικὸς

373 914 941 988 παρασκευαζόμενος.
974 910 1262 981 Καρτεράν
1287 909 1392 980 γὰρ
1421 909 1512 962 καὶ
1541 906 1941 975 δυσκαταγώνι-

375 1011 496 1062 στόν
526 1025 655 1076 φασι
709 1004 961 1073 γενέσθαι
994 1003 1285 1074 Ῥωμαίοις
1342 1000 1544 1071 ταύτην
1590 999 1687 1070 τὴν
1721 999 1898 1070 μάχην
1922 1017 1937 1031 ·

371 1102 445 1161 ὡς
470 1100 561 1152 καὶ
599 1099 689 1150 τὸν
719 1096 961 1167 ἡγεμόνα
996 1095 1100 1147 τῶν
1125 1095 1183 1146 ἐν
1206 1094 1426 1163 Φοινίκῃ
1462 1089 1826 1162 στρατιωτῶν,
1862 1092 1941 1150 είς

376 1188 688 1258 συμμαχίαν
720 1183 1144 1237 ἐπικαλέσασθαι
1171 1182 1261 1234 τὸν
1304 1180 1608 1251 στρατηγὸν
1638 1180 1816 1249 πάσης
1842 1180 1941 1248 τῆς

373 1282 472 1334 ἀνὰ
496 1278 592 1349 τὴν
613 1279 727 1331 Ἕω
761 1278 989 1344 ἱππικῆς
1030 1291 1086 1327 τε
1105 1275 1199 1326 καὶ
1226 1273 1397 1341 πεζῆς
1423 1273 1698 1342 στρατιᾶς.
1733 1270 1836 1324 Τὸν
1860 1270 1937 1327 δὲ.

373 1372 597 1441 γελάσαι
628 1370 725 1438 μὲν
747 1368 844 1439 τὴν
882 1366 1076 1435 κλῆσιν
1099 1407 1114 1431 ,
1152 1366 1244 1418 καὶ
1282 1365 1562 1434 ἀπόμαχον
1594 1363 1816 1433 ποιῆσαι
1851 1363 1939 1414 τὸν

372 1468 695 1523 καλέσαντα.
742 1461 1201 1536 Παραταξάμενον
1259 1461 1316 1514 δὲ
1361 1461 1499 1531 πρὸς
1545 1460 1757 1514 Μανίαν
1796 1460 1941 1512 ἀντι-

375 1557 801 1630 στρατηγοῦσαν,
826 1555 1118 1626 τραπῆναι,
1143 1552 1238 1606 καὶ
1268 1552 1419 1623 μόλις
1439 1551 1765 1621 διασωθῆναι
1791 1552 1941 1622 παρὰ

370 1652 463 1705 τοῦ
507 1650 770 1721 ἡγεμόνος
803 1647 909 1701 τῶν
953 1644 1324 1700 Παλαιπινῶν
1360 1644 1454 1698 καὶ
1483 1644 1742 1697 Φοινίκων
1777 1658 1940 1713 στρα-

371 1741 597 1795 τιωτῶν.
651 1741 739 1804 Ὠς
786 1738 892 1810 γάρ
923 1732 1061 1791 εῖδεν
1106 1737 1267 1790 αὑτὸν
1309 1736 1685 1790 κινδυνεύοντα
1712 1776 1725 1798 ,
1759 1736 1939 1805 μένειν

372 1831 527 1893 ἐκτὸς
559 1831 653 1900 τῆς
703 1830 879 1900 μάχης
909 1828 1050 1882 κατὰ
1079 1828 1177 1899 τὴν
1211 1828 1374 1883 αὑτοῦ
1426 1828 1721 1899 πρόσταξιν
1748 1827 1937 1898 εύηθες

2042 641 2165 680 nem
2204 627 2460 683 Arabiam
2514 630 2715 685 dictam
2772 631 3041 695 incolunt,
3084 632 3244 687 sitam
3298 633 3369 688 ad
3428 632 3621 687 laevum

2040 714 2187 770 latus
2230 715 2337 770 Nili
2374 716 2608 772 adverso
2640 718 2862 773 ilnmiue
2907 721 3217 790 naviganti.
3259 720 3447 793 Neque
3492 734 3623 776 vero

2043 807 2096 861 id
2130 807 2332 862 bellum
2366 810 2483 865 leve
2531 810 2703 864 videri
2739 818 2975 881 poterat,
3020 822 3209 883 utpote
3239 815 3381 884 quod
3434 829 3461 867 a
3500 830 3622 867 mn-

2042 898 2174 952 liere
2218 907 2522 967 gereretur.
2587 901 2737 955 Adeo
2787 903 2931 955 enim
2990 918 3244 972 asperum
3297 920 3359 959 ac
3403 905 3621 960 diliirile

2042 988 2308 1043 Romanis
2341 991 2442 1045 hoc
2479 1000 2757 1046 certamen
2792 993 2962 1048 fuisse
2994 994 3197 1062 ferunt,
3242 1007 3299 1050 ttt
3333 999 3440 1053 dux
3479 999 3621 1052 mili-

2042 1092 2154 1132 tum
2201 1078 2517 1143 Phoenices,
2559 1084 2881 1153 magistrum
2937 1085 3209 1154 pedestris
3260 1101 3310 1141 et
3342 1093 3617 1157 equestris

2042 1172 2252 1225 militiae
2287 1188 2408 1241 qua:
2449 1182 2568 1228 crat
2621 1176 2674 1228 in
2706 1174 2953 1241 Oriente,
2994 1178 3057 1230 ad
3102 1195 3259 1249 opem
3301 1183 3404 1234 sibi
3437 1182 3616 1235 feren-

2041 1261 2163 1315 dam
2203 1266 2500 1319 vocaverit.
2545 1265 2611 1318 Et
2654 1268 2914 1336 magister
2953 1269 3171 1337 quidem
3227 1272 3459 1325 militum
3494 1273 3615 1326 risit

2040 1364 2351 1419 vocantem,
2405 1365 2457 1410 et
2516 1359 2709 1425 prmlio
2764 1376 2886 1412 eum
2941 1361 3209 1417 interesse
3256 1364 3448 1417 vetuit.
3498 1364 3615 1434 Ipse

2042 1462 2172 1501 vero
2227 1448 2343 1502 acie
2392 1450 2663 1503 instructa
2713 1466 3047 1520 congressus
3097 1469 3218 1507 cum
3266 1454 3437 1508 Mavia
3495 1472 3616 1526 qua:

2042 1539 2232 1605 copias
2266 1552 2395 1593 suas
2422 1554 2486 1592 ex
2526 1539 2757 1596 adverso
2795 1543 3074 1607 ductabat,
3107 1543 3161 1597 in
3194 1544 3373 1612 fugam
3396 1561 3611 1610 versus,

2039 1642 2181 1697 aegre
2234 1636 2484 1683 servatus
2532 1640 2616 1685 est
2663 1646 2693 1685 a
2743 1632 2885 1688 duce
2933 1635 3167 1688 militum
3204 1634 3508 1693 Palaestinae
3550 1654 3615 1693 ac

2050 1719 2365 1774 thnices.
2394 1719 2495 1774 Hic
2523 1721 2668 1775 enim
2696 1738 2820 1777 cum
2854 1727 3177 1796 magistrum
3208 1728 3261 1780 in
3296 1728 3615 1784 discrimine

2040 1810 2247 1864 versari
2286 1821 2561 1877 cerneret,
2617 1816 2842 1870 stultum
2884 1833 3005 1872 esse
3052 1820 3409 1882 existimarit,
3458 1830 3612 1876 extra

370 1879 1018 1994 v'urrpooASpottubv
1055 1939 1114 1975 τε
1134 1879 1438 1993 ⁶ὑπήντησε
1472 1879 1589 1983 ἒτοῖς
1624 1879 1934 1991 βναρὸἀροις,
1970 1879 2010 1934 Β
2042 1914 2131 1969 Pro

1852 1879 1935 1984 nc:
1970 1879 2010 1934 Β
2042 1900 2314 1969 ρνωιίιιηι,
2357 1903 2499 1957 sicut
2558 1904 2650 1959 ille
2705 1907 2970 1975 jusserat,
3015 1926 3279 1964 manere:
3314 1914 3613 1982 statimque

371 2016 467 2069 καὶ
511 2016 587 2087 τῷ
645 2017 740 2086 μὲν
795 2015 982 2087 καιρὸν
1025 2014 1223 2067 ἔδωκεν
1278 2013 1685 2083 ἀσφαλεστέρας
1737 2012 1935 2082 φυγῆς,

370 2104 530 2167 αὐτὸς
566 2104 623 2158 δὲ
668 2104 1041 2174 ὑπαναχωρῶν
1062 2143 1077 2166 ,
1108 2106 1165 2156 ὲν
1206 2102 1281 2173 τῷ
1310 2103 1531 2171 φεύγειν
1561 2101 1769 2167 ἐτόξευε
1795 2144 1810 2166 ,
1845 2104 1938 2156 καὶ

370 2200 495 2258 τοὺς
549 2195 837 2266 πολεμίους
880 2194 1263 2264 ἐπικειμένους
1306 2192 1643 2266 ἀπεκρούετο
1695 2195 1806 2257 τοῖς
1852 2210 1938 2245 το-

372 2285 621 2356 ξεύμασι.
662 2286 846 2339 Ταῦτα
888 2285 943 2337 δὲ
975 2286 1157 2339 πολλοὶ⁵
1191 2284 1298 2337 τῶν
1328 2284 1453 2354 τῇδε
1483 2283 1933 2355 προσοικούντων,

370 2378 539 2431 εἰσέτι
572 2376 663 2430 νῦν
696 2377 1204 2448 ἀπομνημονεύουσι
1232 2394 1244 2407 ·
1289 2376 1439 2447 παρά
1483 2375 1539 2427 δὲ
1581 2376 1933 2445 Σαρακηνοῖς,

370 2464 428 2517 ὲν
453 2463 613 2533 ᾠδαῖς
638 2466 805 2516 ἐστιν.
839 2464 1262 2535 Ἐπιὸαροῦντος
1288 2464 1343 2516 δὲ
1383 2463 1475 2515 τοῦ
1500 2464 1756 2533 πολέμου,
1773 2466 1935 2531 ἀναγ-

370 2557 525 2607 καῖον
560 2555 730 2606 earnm
761 2556 888 2625 περὶ
922 2556 1142 2625 εἰρήνης
1188 2553 1623 2624 πρεσϐεύσασθαι
1654 2553 1790 2622 πρὸς
1818 2554 1936 2607 Μα-

371 2646 509 2699 νίαν.
540 2646 581 2696 Τ
588 2645 649 2715 ὴν
691 2646 745 2697 δὲ
783 2646 967 2710 λόγος,
1001 2649 1112 2708 τοῖς
1152 2646 1277 2715 περὶ
1316 2645 1506 2698 τούτου
1538 2643 1935 2714 πρεσϐεύσασιν

371 2740 627 2811 ἄντικρυς
654 2742 904 2793 ἀπειπεῖν
942 2738 1040 2800 τὰς
1087 2739 1221 2810 προς
1261 2738 1559 2807 Ῥωμαίους
1593 2737 1854 2800 σπονδὰς,
1889 2740 1933 2789 εί

372 2833 447 2903 μὴ
478 2835 589 2896 τοῖς
623 2834 714 2885 ὑπ’
741 2830 907 2901 αὐτὴν
937 2831 1258 2901 ἀρχομένοις
1304 2829 1599 2891 ἐπίσκοπος
1632 2846 1935 2899 χειροτονη-

370 2926 485 2996 θείη
516 2926 717 2993 Μωσῆς
763 2941 880 2987 τις,
915 2923 972 2974 ἐν
1020 2924 1083 2991 τῇ
1125 2921 1292 2984 πέλας
1335 2922 1526 2990 ἐρήμῳ
1562 2921 1810 2989 τηνικάδε
1844 2937 1929 2988 φι-

350 3017 608 3086 λοσοφῶν
628 3033 641 3045 ’
674 3013 811 3085 ἀνὴρ
841 3014 947 3067 ἀπὸ
991 3012 1105 3083 βίου
1145 3012 1344 3083 ἀρετῆς
1365 3054 1377 3075 ,
1406 3011 1646 3081 σημείων
1686 3030 1743 3064 τε
1777 3011 1933 3064 θείων

369 3107 461 3159 καὶ
510 3104 827 3175 παραδόξων
878 3103 1162 3173 ἐπίσημος.
1210 3103 1625 3173 Ἐπιτραπέντες
1672 3102 1726 3154 δὲ
1784 3105 1933 3173 παρά

2040 2008 2370 2057 accurrens,
2420 1998 2675 2053 barbaris
2746 2018 2867 2057 sese
2936 2003 3171 2071 objecit,
3232 2021 3296 2060 ac
3351 2009 3613 2077 magistro

2038 2084 2256 2151 quidem
2324 2095 2443 2139 tuto
2507 2088 2756 2159 fugiendi
2825 2094 3293 2161 opportunitatem
3357 2097 3607 2165 praebuit.

2037 2172 2156 2242 Ipse
2189 2191 2320 2229 vero
2350 2180 2557 2233 sensim
2586 2180 2774 2248 pedem
2807 2184 3072 2247 referens,
3113 2185 3257 2239 inter
3289 2186 3609 2257 fugiendum

2038 2268 2141 2321 tela
2162 2268 2422 2337 jaciebat,
2450 2272 2745 2343 hostesque
2778 2275 3161 2332 incumbentes
3187 2280 3405 2349 sagittis
3436 2279 3611 2350 repel-

2038 2361 2203 2417 lebat.
2250 2362 2374 2419 Ilaee
2421 2367 2493 2419 ita
2549 2377 2700 2438 gesta
2762 2371 2919 2423 multi
2969 2386 3033 2425 ex
3087 2386 3273 2426 earum
3326 2374 3609 2443 regionum

2038 2454 2235 2510 incolis
2262 2457 2563 2511 etiamnum
2598 2471 3037 2517 commemorant
3072 2481 3084 2515 :
3122 2471 3175 2518 et
3213 2465 3355 2532 apud
3385 2462 3610 2520 Sarace-

2037 2562 2139 2600 nos
2163 2550 2325 2617 vulgo
2357 2551 2613 2607 cautibus
2648 2554 3021 2607 celebrantur.
3052 2554 3222 2608 Porro
3250 2571 3375 2609 cum
3404 2557 3607 2611 bellum

2038 2636 2469 2706 ingravesceret,
2518 2643 2729 2709 legatos
2764 2643 2830 2697 de
2865 2659 2997 2712 pace
3052 2645 3118 2698 ad
3162 2644 3393 2701 Maviam
3425 2662 3611 2702 neces-

2037 2728 2183 2781 sario
2220 2730 2516 2785 mittendos
2543 2749 2666 2787 esse
2709 2732 2941 2788 Romani
2975 2735 3357 2792 decreverunt.
3406 2737 3474 2791 At
3514 2740 3610 2794 illa

2034 2820 2229 2890 legatis
2264 2824 2383 2891 ejus
2414 2826 2488 2877 rei
2525 2840 2693 2879 causa
2734 2827 2924 2881 missis
2959 2826 3141 2883 fmdus
3173 2846 3296 2883 cum
3342 2828 3608 2885 Romanis

2036 2928 2419 2980 percussnram
2476 2930 2534 2969 se
2582 2931 2833 2985 prorsus,
2872 2925 2930 2971 ut
2978 2920 3153 2985 aiunt,
3211 2923 3448 2991 negavit,
3500 2923 3608 2978 nisi

2036 3007 2211 3074 gentis
2254 3022 2366 3060 sua:
2408 3008 2760 3063 ordinaretur
2809 3012 3105 3081 episcopus
3142 3012 3318 3069 Moses
3354 3016 3603 3083 quidam,

2037 3096 2128 3166 qtti
2164 3105 2276 3150 tum
2309 3099 2576 3168 temporis
2618 3100 2671 3153 in
2710 3102 2891 3155 vicina
2925 3104 3225 3159 solitudine
3253 3106 3609 3176 philosopha-

370 3196 633 3267 βασιλέως
660 3198 707 3248 οἱ
752 3194 876 3248 τάδε
927 3194 1262 3264 μηνύσαντες
1295 3194 1399 3247 τῶν
1429 3193 1771 3263 στρατιωτῶν
1804 3196 1929 3264 ἡγεα
1962 3211 2002 3266 C
2039 3189 2127 3242 bat

1847 3211 1929 3261 γε-
1962 3211 2002 3266 C
2039 3189 2231 3243 batur:
2280 3191 2365 3245 vir
2406 3200 2520 3243 tum
2577 3191 2646 3245 ob
2680 3196 2804 3246 vitae
2852 3195 3220 3259 sanctitatem,
3256 3204 3368 3250 tum
3422 3199 3491 3251 ob
3526 3198 3608 3252 di-

370 3289 561 3359 μόνες,
612 3286 1046 3357 συλλαμϐάνουσι
1092 3286 1181 3338 τὸν
1230 3286 1434 3355 Μωσῆν
1462 3328 1475 3351 ,
1525 3286 1617 3337 καὶ
1664 3285 1810 3356 παρά
1839 3286 1929 3338 τὸν

365 3377 592 3432 Λούκιον
624 3379 865 3445 ἄγουσιν.
910 3377 965 3430 Ὀ
983 3376 1060 3438 δὲ,
1087 3376 1370 3445 παρόντων
1399 3376 1673 3447 ἀρχόντων
1712 3380 1803 3430 καὶ
1836 3378 1927 3431 τοῦ

368 3468 709 3533 συνελθόντος
742 3468 1004 3538 πλήθους,
1036 3468 1301 3536 Ἐπίσχες,
1331 3468 1432 3539 ἔφη
1451 3487 1463 3499 ·
1481 3470 1576 3539 οὐχ
1601 3465 1709 3533 οἷός
1737 3488 1796 3523 τε
1824 3472 1927 3543 γάρ

366 3560 479 3630 ειμι
511 3559 695 3629 φέρειν
724 3559 1025 3630 ἀρχιερέως
1050 3558 1219 3628 ὄνομα
1241 3561 1333 3613 καὶ
1370 3562 1534 3630 τιμὴν
1568 3560 1751 3625 ἀξίως.
1784 3565 1846 3615 Εἰ
1883 3566 1929 3617 δ’

365 3650 472 3719 ἄρα
514 3650 607 3703 καὶ
648 3649 738 3701 ἐπὶ
785 3648 987 3718 ἀναξίῳ
1032 3648 1141 3700 δντι
1184 3664 1272 3718 μοι
1315 3650 1472 3703 τοῦτο
1508 3652 1739 3704 ὲπινεύοι
1776 3654 1924 3716 Θεὸς,

369 3740 709 3811 μαρτύρομαι
752 3740 842 3793 τὸν
893 3740 1122 3808 ούρανοῦ
1158 3740 1252 3792 καὶ
1296 3740 1401 3810 γῆς
1453 3742 1814 3813 δημιουργὸν,
1855 3744 1929 3806 ὡς

365 3833 461 3896 τάς
496 3832 593 3895 σάς
626 3833 725 3885 οὐκ
751 3833 1025 3896 ἐπιϐαλεῖς
1051 3852 1139 3903 μοι
1172 3837 1388 3904 χεῖρας,
1412 3836 1602 3904 αἵματι
1632 3837 1721 3888 ναὶ
1750 3836 1928 3908 λύθρῳ

365 3926 715 3997 πεφυρμένας
754 3925 923 3992 ἁγίων
950 3926 1176 3997 ἀνδρῶν.
1230 3927 1544 3980 Ὑπολαϐὼν
1588 3928 1643 3980 δὲ
1679 3928 1925 3990 Λούκιος,

364 4020 426 4071 Et
457 4019 553 4088 μὲν
578 4016 680 4080 ἔτι,
705 4016 887 4087 φησιν,
912 4018 1123 4085 ἀγνοεῖς
1148 4017 1244 4087 τὴν
1268 4017 1404 4089 ἐμὴν
1431 4018 1630 4086 πίστιν,
1657 4020 1715 4071 οὐ
1746 4020 1928 4073 δίκαια

363 4112 534 4172 ποιεῖς
557 4148 571 4173 ,
612 4109 739 4179 πρὶν
774 4109 964 4179 μαθεῖν
992 4110 1482 4181 ἀποστρεφόμενος.
1525 4112 1585 4163 Εί
1623 4111 1678 4164 δὲ
1708 4111 1923 4164 διαϐαλν

362 4200 561 4253 λόντων
592 4200 785 4266 τινῶν,
833 4200 931 4269 ἄγε
963 4200 1025 4266 δὴ
1060 4202 1153 4254 καὶ
1196 4200 1291 4255 νῦν
1325 4202 1554 4255 ἄκουσον
1602 4204 1732 4273 παρ’
1768 4204 1923 4274 ἐμοῦ,

365 4294 455 4345 καὶ
480 4294 673 4364 κριτὴς
698 4293 855 4360 γενοῦ
888 4293 996 4345 τῶν
1032 4294 1357 4364 λεγομένων.
1404 4294 1542 4347 Ἀλλ’
1567 4293 1752 4365 ἔμοιγε
1778 4337 1790 4359 ,
1822 4296 1923 4366 ἔφη

362 4385 564 4453 Μωσῆς
583 4424 597 4448 ,
617 4384 734 4437 λίαν
762 4385 937 4455 σαφὴς
973 4385 1219 4453 φαίνεται
1254 4387 1287 4456 ή
1321 4386 1386 4456 σὴ
1412 4386 1596 4450 πίστις
1616 4404 1630 4417 ο
1670 4388 1762 4439 καὶ
1796 4404 1926 4458 μαρο

361 4474 611 4547 τυροῦσιν
641 4476 799 4528 ὁποία
822 4475 903 4539 τίς
947 4478 1061 4529 ἐστι
1085 4518 1098 4539 ,
1147 4477 1434 4530 ἐπίσκοποί
1466 4494 1522 4530 τε
1561 4478 1652 4531 καὶ
1690 4478 1927 4549 πρεσϐύ-

2038 3282 2160 3335 vina
2198 3284 2351 3352 signa
2403 3290 2569 3352 atque
2599 3284 2865 3339 miracula
2912 3288 3165 3343 illustris.
3212 3288 3398 3359 Itaque
3438 3290 3610 3346 duces

2036 3376 2269 3429 militum
2303 3378 2393 3445 qui
2434 3378 2549 3431 tunc
2579 3378 2894 3447 imperatori
2928 3381 3349 3446 nuntiaverant,
3386 3390 3607 3453 aecepta

2037 3466 2105 3520 ab
2134 3482 2200 3521 eo
2237 3476 2526 3536 potestate,
2562 3468 2764 3523 Mosetn
2818 3470 2967 3523 illico
3007 3471 3507 3539 comprehendunt,
3555 3478 3609 3525 et

2037 3558 2101 3610 ad
2131 3557 2357 3611 Lucium
2386 3558 2714 3630 perducunt.
2750 3560 2926 3615 Moses
2960 3561 3125 3632 276
3160 3576 3291 3616 vero
3324 3564 3609 3631 praesenti-

2036 3650 2139 3705 bus
2180 3653 2593 3721 magistratibus
2634 3661 2685 3708 et
2744 3654 2897 3722 plebe
2953 3670 3074 3724 quae
3121 3652 3478 3718 conﬂuxerat,
3526 3656 3607 3710 sic

2035 3742 2262 3795 Luciqu
2288 3744 2558 3797 allocutus
2578 3752 2661 3797 est
2691 3763 2704 3797 :
2733 3744 2994 3811 Sustine;
3041 3762 3217 3815 neque
3237 3748 3382 3801 enim
3404 3747 3607 3817 dignus

2034 3849 2154 3887 sum
2214 3834 2308 3903 qui
2361 3836 2603 3904 episcopi
2660 3850 2861 3890 nomen
2916 3850 2980 3890 ac
3026 3836 3343 3906 dignitatem
3395 3853 3602 3907 geram.

2033 3924 2187 3990 Quod
2215 3925 2258 3979 si
2290 3925 2423 3978 milii
2465 3927 2718 3996 quamvis
2761 3926 3005 3997 indigno,
3041 3943 3242 3983 munus
3272 3928 3379 3982 hoc
3419 3929 3607 3998 injun-

2034 4018 2112 4087 git
2145 4015 2310 4082 Deus,
2351 4024 2527 4071 testor
2558 4027 2862 4073 creatorem
2904 4020 3026 4073 (ταιιί
3058 4036 3122 4075 ac
3159 4030 3339 4085 terrae,
3373 4031 3425 4077 te
3459 4039 3603 4077 nun-

2033 4123 2194 4176 quam
2228 4122 2424 4162 tuanns
2466 4108 2635 4163 Itasce
2681 4109 2828 4165 cmde
2870 4124 2933 4166 ac
2978 4112 3245 4180 sanguine
3288 4122 3601 4168 sanctorum

2031 4199 2271 4251 virorum
2326 4200 2658 4263 maculatas,
2719 4200 2851 4254 mibi
2905 4202 3318 4272 impositurum.
3364 4203 3465 4259 Cui
3516 4220 3603 4260 re-

2032 4290 2309 4359 spondens
2352 4289 2553 4345 Lucius
2593 4310 2605 4345 :
2647 4290 2703 4345 Si
2755 4308 2930 4348 meam
2972 4294 3154 4360 ﬁdem,
3203 4295 3401 4366 inquit,
3449 4297 3604 4367 igno—

2032 4398 2144 4447 ras,
2180 4382 2381 4452 injuste
2414 4384 2558 4455 agis,
2591 4386 2685 4454 qui
2732 4400 2817 4440 me
2855 4396 3149 4456 antequam
3194 4389 3416 4444 noveris
3449 4404 3607 4443 aver-

2032 4473 2193 4528 seris.
2259 4472 2414 4539 Quod
2496 4475 2545 4529 si
2610 4490 2640 4528 a
2707 4477 3032 4546 quibusdam
3110 4479 3602 4538 calumniator-ibe:

361 4585 529 4637 τεροι,
559 4570 651 4622 καὶ
682 4568 919 4622 διάκονοι
940 4610 954 4633 ,
986 4572 1044 4624 ὲν
1083 4570 1401 4641 ὑπερορίαις
1457 4574 1675 4641 φυγαῖς,
1703 4574 1795 4623 καὶ
1831 4590 1924 4642 με·
1959 4562 2001 4615 Ῐ)
2032 4579 2122 4619 acc

1843 4590 1924 4625 λε-
1959 4562 2001 4615 D
2032 4566 2316 4636 accepisti,
2361 4566 2487 4621 audi
2528 4583 2675 4621 nunc
2717 4584 2784 4623 ex
2835 4585 2921 4624 me
2968 4570 3111 4639 ipso,
3161 4580 3215 4625 et
3265 4571 3431 4641 judex
3480 4581 3604 4628 esto

361 4657 576 4720 τάλλοις
592 4657 1119 4729 ταλαιπωρούμενοι.
1150 4659 1334 4713 Ταῦτα
1361 4656 1455 4713 οὖν
1480 4662 1606 4732 περὶ
1623 4661 1758 4714 Θεοῦ
1776 4662 1909 4732 νομίυ

362 4746 472 4811 ζεις
495 4748 607 4819 (77)
634 4748 702 4802 τὰ
732 4748 1109 4821 γνωρίσματα,
1131 4749 1167 4803 ἃ.
1199 4752 1474 4817 παντελῶς
1498 4753 1645 4806 ἐστιν
1671 4752 1923 4826 ἀλλότρια

2029 4673 2219 4711 eorum
2275 4674 2397 4728 qua-
2455 4660 2736 4715 dicuntur.
2797 4659 2934 4715 Tum
2992 4660 3229 4717 Moses:
3277 4663 3349 4716 At
3418 4664 3601 4733 enim,

2030 4748 2227 4818 inquit,
2274 4750 2411 4805 satis
2463 4751 2756 4808 manifesta
2806 4752 2939 4806 mibi
2985 4752 3206 4808 videtur
3265 4754 3400 4811 ﬁdes
3454 4763 3598 4810 tua:

1520 4922 1789 4978 VALESII
1824 4928 2375 4985 ANNOTATIONES.

432 5062 545 5129 (77)
591 5059 784 5114 Ταῦτα
815 5057 929 5116 οὖν
962 5062 1092 5131 περὶ
1130 5065 1279 5115 Θεου
1321 5060 1593 5128 νομίζεις.
1625 5060 1749 5115 "me
1779 5064 1938 5117 verba

398 5148 459 5187 er
514 5134 993 5202 interrogationem
1052 5135 1278 5202 legenda
1331 5149 1454 5186 esse
1510 5136 1713 5199 putavit
1776 5133 1935 5185 etiam

398 5148 459 5187 er
514 5148 993 5201 interrogationem
1052 5148 1278 5202 tegenda
1331 5149 1454 5186 esse
1510 5148 1713 5199 putavit
1776 5148 1933 5185 etiam

358 5148 721 5272 Kioephorus.
770 5200 859 5255 Sic
894 5203 1037 5256 enim
1075 5203 1220 5256 hunc
1272 5202 1561 5256 Sozomeui
1614 5204 1799 5272 I0t‘lllll_
1840 5219 1933 5256 ex—

362 5268 559 5342 pressit
590 5274 642 5325 in
683 5287 731 5325 (εί
752 5288 801 5340 p.
833 5272 919 5335 46,
952 5273 1048 5342 lib._
1080 5288 1113 5325 tt
1144 5294 1151 5319 τ
1195 5272 1301 5325 Καί
1326 5290 1386 5339 γε
1413 5271 1476 5323 σὺ
1520 5274 1721 5333 ἐκεῖνα,
1752 5268 1924 5340 οἶμαι,

359 5340 595 5411 Χρι.τοῦ
621 5343 975 5413 γνωρίσματα
1000 5340 1120 5398 οἴει.
1152 5351 1229 5396 υιιε
1287 5343 1397 5411 I‘Igo
1423 5357 1550 5395 vero
1581 5343 1724 5396 bunt:
1752 5347 1924 5396 locum

360 5414 565 5481 absunt,-
623 5414 1053 5478 interrog-itione
1112 5413 1458 5468 serilwntlnm
1507 5428 1628 5467 esse
1668 5414 1921 5466 existi-re

2036 5064 2139 5117 hoc
2163 5062 2323 5116 modo
2362 5082 2373 5114 ε
2408 5059 2695 5133 Ταῦταγῶν
2739 5063 2867 5132 περὶ
2898 5060 3033 5115 Θεοῦ
3068 5062 3310 5133 νομίζεις
3361 5064 3428 5116 τὰ
3458 5082 3599 5132 γνω-

2039 5134 2297 5205 ρίσματα.
2336 5133 2386 5186 Id
2419 5142 2521 5194 est,
2571 5132 2697 5188 Haec
2734 5145 2854 5205 sunt
2884 5133 3080 5205 indicia
3119 5144 3221 5187 tua:
3253 5134 3317 5205 de
3350 5132 3454 5188 Deo
3487 5139 3602 5205 opi-

2035 5204 2209 5257 nionis
2233 5212 2387 5274 atque
2419 5205 2711 5259 sententiw.
2741 5203 2849 5259 Nec
2873 5204 3063 5258 dttbito
3089 5205 3222 5274 quin
3261 5202 3603 5262 Soznmenus

2038 5277 2109 5326 ita
2157 5272 2463 5346 scripserit.
2501 5274 2667 5346 Certe
2711 5274 2927 5346 vulgata
2977 5273 3138 5327 lectio
3186 5272 3314 5346 ferri
3356 5288 3462 5327 nou
3503 5293 3601 5346 po-

2036 5352 2167 5417 test;
2206 5342 2388 5414 Neque
2425 5344 2569 5399 enim
2600 5343 2787 5400 Grazce
2811 5342 3029 5399 “dicitur
3060 5342 3416 5413 γνωρίσματα
3474 5342 3605 5417 περὶ

2036 5412 2169 5467 ἐῢεοῦ
2186 5458 2189 5459 ν

1802 5593 2172 5651 νλριιηιιιιι.

364 5735 574 5783 ειιοηῖι
602 5745 744 5783 anno
769 5729 873 5784 '37:
904 5744 1138 5799 gcsmm,
1168 5737 1218 5783 et
1257 5741 1376 5798 post
1404 5731 1536 5799 t'tha
1563 5732 1681 5786 tasii
1711 5736 1917 5785 ubttuttl

360 5814 464 5853 nax
531 5799 700 5861 inita,
779 5808 830 5852 et
878 5799 1295 5867 Mayiaumgina
1350 5801 1507 5854 lidcm
1551 5801 1918 5856 Christianam

362 5866 628 5939 amplexa.
653 5870 945 5941 (A'tt..Pagi
972 5870 1035 5925 ad
1061 5866 1262 5925 anntnn
1286 5870 1411 5939 572,
1431 5888 1484 5927 n.
1514 5870 1630 5941 22.)
1668 5872 1741 5926 De
1765 5871 1891 5926 Sara

2034 5750 2181 5787 C’II'IS
2256 5733 2346 5807 qui
2382 5742 2566 5803 postea
2616 5732 3077 5807 snb_lliali_umete
3123 5735 3598 5807 pseudopropheta

2029 5808 2264 5858 maxime
2302 5802 2678 5874 innatuerunt,
2696 5804 2817 5861 vide
2851 5802 3188 5873 lioﬂmanti.,
3220 5802 3598 5874 Lati-“Bau-

2032 5875 2253 5941 drantt.,
2287 5871 2469 5944 Geog..
2505 5880 2615 5931 etc.
