4460 6634
347 442 485 498 “i3

1339 444 1667 504 HISTORIA
1703 448 2257 510 ECCLESIASTICA.
2299 485 2366 494 —
2406 454 2535 511 LIB.
2579 456 2665 512 Vl.

3484 464 3624 521 ΗΜ

340 562 640 630 ρακηνοίς,
694 553 846 630 οἶμαι
898 559 954 613 δὲ
1020 564 1117 615 καὶ
1168 563 1304 617 πᾶσι
1358 563 1677 637 βαρϐάροις.
1736 569 1796 623 Ὀ
1843 568 1922 635 δὲ,
1958 576 2001 632 Α
2036 574 2101 627 hu

1861 568 1922 635 Ξὲ,
1958 576 2001 632 Α
2036 573 2202 642 hujus
2251 573 2601 644 imperatoris
2651 584 2902 647 tempora
2948 576 3109 646 cujus
3163 594 3252 634 res
3304 590 3488 650 gestas
3526 581 3622 637 de—

340 654 568 724 θαρῤεῖν
599 655 1187 726 παρακελευσάμενος,
1217 656 1423 726 ηὔξατο
1452 660 1549 712 καὶ
1576 661 1928 733 ἀπέπεμψεν,

339 745 484 811 ἕξειν
540 746 703 799 αὑτὸν
748 748 864 801 υἱὸν
908 748 1314 820 ὑποσχόμενος,
1362 752 1414 804 ει
1466 753 1813 806 πιστεύσειεν
1848 756 1931 818 εἰς

341 838 594 906 Χριστόν.
642 839 795 891 Ἐπεὶ
842 838 899 891 δὲ
943 838 1077 903 Θεὸς
1117 838 1267 911 ἔργῳ
1296 841 1397 912 τὴν
1453 844 1751 915 ὑπόσχεσιν
1806 846 1930 900 E65-

339 929 541 983 ϐαέωσε
569 969 585 992 ,
621 933 719 984 καὶ
759 930 957 1001 ἐτέχθη
996 930 1148 1002 αὐτῷ
1175 935 1307 996 παῖς
1329 972 1345 994 ,
1385 935 1551 999 αὐτός
1595 954 1657 989 τε
1687 940 1928 1009 Ζόκομος

338 1022 553 1093 ἐμυήθη
579 1062 596 1087 ,
638 1024 731 1076 καὶ
754 1025 881 1085 τοὺς
929 1023 1022 1077 ὑπ’
1048 1024 1212 1078 αὑτὸν
1243 1026 1337 1078 ἐπὶ
1375 1026 1535 1079 τοῦτο
1564 1028 1790 1096 ἧγαγεν.
1836 1029 1927 1094 Ἐξ

336 1112 548 1166 ἐκείνου
572 1130 634 1165 τε
672 1113 880 1185 ταύτην
911 1115 1011 1186 τὴν
1054 1116 1229 1187 φυλὴν
1253 1117 1510 1184 γενέσθαι
1538 1121 1705 1188 φασιν
1740 1121 1921 1174 εὐδαί-

341 1224 479 1276 μονα
504 1207 598 1259 καὶ
630 1206 1079 1278 πολυάνθρωπον,
1106 1208 1345 1279 Πέρσαις
1373 1227 1435 1263 τε
1470 1212 1566 1265 καὶ
1592 1216 1706 1275 τοῖς
1740 1213 1921 1277 ἄλλοις

2033 662 2358 719 scribimus.
2402 661 2661 719 Traducti
2702 676 2830 720 sunt
2866 675 3046 720 autem
3095 668 3161 722 ad
3177 660 3352 724 'lidem
3392 670 3619 736 Christi,

2031 758 2325 827 colloquiis
2382 760 2729 813 sacerdotum
2787 769 2840 815 et
2880 762 3317 827 monachorum,
3370 766 3462 833 qui
3528 782 3624 835 per

2032 851 2301 906 linitimas
2380 852 2517 922 ipsis
2585 854 2913 909 solitudines
2969 856 3333 925 philosOphia:
3396 875 3619 927 opt-iam

2028 944 2256 1007 dabant,
2290 945 2522 1016 vitaque
2558 948 2925 1002 sanctimonia
2962 959 3014 1003 et
3060 950 3345 1005 miraculis
3379 951 3623 1019 refulge-

2031 1034 2186 1090 bant.
2243 1034 2438 1091 Fertur
2495 1039 2661 1092 etiam
2713 1037 2982 1107 integram
3034 1054 3224 1093 eorum
3280 1041 3480 1093 tribum
3556 1056 3624 1095 eo

2032 1136 2279 1197 tempore
2334 1128 2401 1182 ad
2453 1128 2661 1183 Christi
2720 1122 3043 1199 religionem
3091 1130 3425 1192 trausiisse,
3496 1146 3620 1184 cum

2032 1218 2304 1273 Zoeomus
2335 1234 2526 1273 eorum
2563 1217 2905 1289 phylarchus
2938 1218 3266 1287 baptismum
3305 1218 3621 1288 hujusmodi

337 1299 713 1370 ὶῖαρῤακηνοίς
734 1298 1102 1369 φοϐεράν.“ον
1130 1304 1234 1372 μὲν
1261 1300 1326 1373 δὴ
1350 1302 1556 1375 τρόπον
1574 1305 1922 1377 Σαρρακηνοὶ
2028 1311 2098 1365 ob

1856 1306 1922 1359 μοὶ
2028 1311 2102 1365 ob
2129 1325 2356 1366 causam
2396 1309 2755 1379 suscepisset.
2806 1308 2907 1363 llie
2952 1309 3126 1364 orbus
3169 1324 3295 1362 cum
3337 1318 3507 1371 esset,
3550 1313 3617 1361 ad

335 1392 437 1463 τὴν
492 1392 669 1462 ἀρχὴν
722 1394 803 1455 εἰς
841 1394 1269 1465 Χριστιανισμδν
1317 1396 1635 1465 μετέϐαλον,
1690 1400 1787 1451 καὶ
1833 1393 1924 1453 οἷα
2034 1418 2096 1454 nn

1859 1393 1924 1453 ιῖα
2034 1401 2363 1455 monachum
2386 1400 2701 1470 quemdam,
2747 1401 2889 1454 fama
2919 1402 3068 1456 illius
3099 1399 3395 1467 adductus,
3433 1416 3620 1455 acces-

334 1484 466 1555 περὶ
490 1483 584 1539 τοῦ
610 1482 827 1554 πρώτου
859 1486 991 1556 παρ’
1014 1487 1200 1551 αὐτοῖς
1224 1490 1698 1559 ὲπισκοπήσαντος
1722 1508 1918 1563 παρει-
2033 1493 2095 1544 sit

1859 1508 1918 1544 :t-
2033 1493 2129 1551 sit,
2185 1502 2245 1545 ut
2296 1506 2421 1545 cum
2471 1506 2539 1545 eo
2596 1490 3011 1561 colloqueretur
3057 1510 3070 1545 :
3120 1507 3391 1561 suamque
3445 1491 3620 1560 ipsius

336 1577 609 1649 λήφαμεν,
636 1570 738 1646 ᾧδε
774 1577 911 1647 ἔχει.
2047 1598 2097 1635 c:

2047 1583 2422 1645 calamitatem
2456 1583 2748 1659 deplprare
2786 1584 2976 1654 coepit.
3012 1584 3225 1654 Quippe
3272 1584 3416 1653 apud
3451 1584 3620 1638 Sara-

340 1680 619 1735 cenos,ct
666 1670 812 1739 apud
883 1671 1124 1742 reliquos
1180 1686 1393 1734 omnes.
1436 1684 1498 1727 ut
1559 1676 1781 1745 opinor,
1861 1676 2137 1730 barbaros
2200 1677 2384 1745 magni
2436 1676 2495 1730 tit
2556 1677 2855 1731 liberorum
2920 1678 3252 1747 procreatio.
3320 1675 3621 1732 Monachus

347 1777 475 1816 vero
525 1763 677 1815 illum
739 1763 884 1815 bono
932 1763 1118 1818 animo
1161 1780 1286 1820 esse
1347 1766 1557 1834 jussit,
1604 1775 1661 1821 et
1709 1767 1963 1822 oratione
2038 1767 2217 1829 facta.
2267 1768 2544 1822 hominem
2604 1768 2856 1831 dimisit,
2937 1768 3217 1838 pollicitus
3278 1768 3448 1823 (ilium
3518 1766 3622 1837 ipsi

339 1859 683 1914 nasciturum
729 1873 887 1922 esse,
939 1860 988 1913 si
1035 1860 1093 1914 in
1145 1859 1426 1916 Christum
1471 1864 1633 1917 vellet
1670 1863 1918 1917 credere.
1997 1862 2196 1918 Postea
2250 1879 2381 1917 vero
2434 1878 2560 1916 cum
2607 1862 2753 1919 Deus
2824 1863 3159 1932 promissum
3203 1877 3261 1916 re
3300 1862 3418 1931 ipsa
3458 1860 3621 1915 exhi-

340 1949 578 2014 buisset,
622 1958 678 2004 et
728 1950 871 2006 lilius
919 1949 1157 2005 Zocomo
1216 1961 1382 2009 natus
1428 1965 1597 2021 esset,
1638 1964 1755 2009 ttuu
1811 1954 1930 2025 ipse
2003 1954 2408 2011 sacramentum
2455 1956 2717 2025 baptismi
2768 1957 3003 2025 accepit,
3054 1964 3108 2009 et
3161 1954 3414 2009 subditos
3485 1970 3619 2009 suos

338 2040 406 2093 ad
448 2040 592 2095 idem
646 2040 1053 2110 suscipiendum
1090 2041 1347 2097 adduxit.
1392 2045 1574 2115 Atque
1639 2063 1707 2102 ex
1774 2063 1842 2103 eo
1912 2056 2157 2117 tempore
2202 2049 2407 2103 tribum
2467 2050 2617 2103 illam
2652 2047 2870 2103 felicem
2925 2062 2990 2101 ac
3045 2062 3399 2103 numerosam
3443 2045 3619 2101 fuisse

355 2135 679 2208 perhibent,
736 2135 1032 2206 Persisque
1087 2152 1152 2192 ae
1217 2139 1443 2210 reliquis
1519 2140 1813 2199 Saracenis
1882 2143 2306 2198 formidabilem.
2352 2142 2471 2208 Quo
2537 2142 2705 2213 igitur
2761 2141 2925 2196 modo
2984 2141 3242 2195 Saraceni
3296 2142 3362 2196 ad
3410 2141 3617 2197 Christi

359 2231 675 2302 religionem
731 2230 967 2301 primum
1038 2233 1293 2285 conversi
1333 2242 1484 2299 sunt,
1524 2240 1582 2287 et
1628 2235 1697 2290 de
1749 2237 1926 2305 primo
1964 2236 2113 2291 illius
2162 2236 2338 2304 gentis
2380 2237 2663 2306 episcOpo,
2699 2235 2814 2288 haec
2854 2241 2983 2287 sunt
3010 2248 3131 2301 qua:
3182 2233 3517 2303 accepimus.

921 2324 1173 2377 ΚΕΦΔΛ.
1198 2316 1322 2376 AB’.

339 2416 458 2469 Ὅτι
496 2414 848 2469 ἐπανελθὼν
875 2415 1098 2484 Πέτρος
1124 2417 1194 2470 ἐκ
1231 2417 1460 2485 Ῥώμης
1484 2458 1500 2481 ,
1538 2418 1647 2485 τὰς
1693 2419 1805 2486 τῆς
1828 2423 1927 2473 Αι-

405 2487 637 2560 τιξπτου
661 2487 1320 2560 Ἐκκλησίαςῄκαςέσχε
1345 2528 1362 2560 ,
1396 2490 1659 2560 onm’pv
1689 2490 1925 2560 ἀναχω-

405 2556 713 2631 ρήσαντος
732 2573 745 2586 ο
763 2556 883 2631 Δπαὶ
921 2558 1055 2631 περὶ
1070 2556 1199 2631 Δτῆς
1218 2559 1377 2614 κατὰ,
1397 2558 1644 2613 Σκυθῶν
1673 2556 1927 2631 ἐκστρα-

406 2626 573 2693 τείας
612 2629 702 2693 εις
743 2628 934 2681 Δύσιν
962 2626 1321 2695 Οὐάλεντος.

408 2722 473 2773 01
494 2720 553 2773 δὲ
574 2719 718 2774 κατὰ
753 2720 912 2773 πόλιν
939 2720 1000 2773 τὸ
1035 2720 1211 2792 δόγμα
1235 2724 1337 2793 τῆς
1365 2724 1425 2776 ὲν
1460 2722 1668 2794 Nomia.
1707 2724 1925 2778 συνόδου

332 2813 658 2882 ζηλοῦντες,
700 2811 865 2865 πάλιν
912 2812 1255 2883 ἀνεθάρρουν
1280 2853 1297 2879 ,
1320 2813 1416 2866 καὶ
1442 2814 1679 2884 μάλιστα
1725 2818 1773 2869 οἱ
1805 2816 1926 2869 κατ’

334 2904 612 2974 Αἴγυπτον
652 2903 1042 2975 ’Δλεξανδρείς.
1078 2904 1458 2959 Ἐπανελθόντι
1487 2906 1544 2960 δὲ
1575 2908 1697 2960 τότε
1729 2908 1927 2980 Πέτρῳ

336 2995 445 3049 ἀπὸ
472 2994 805 3068 τῆςῬὼμης
846 2995 986 3067 μετὰ
1008 2998 1353 3068 γραμμάτων
1383 2999 1664 3070 Δαμάσου,
1686 2999 1758 3053 τά
1780 3017 1840 3053 τε
1867 3003 1925 3054 ὲν

337 3089 545 3160 Νικαέᾳ
575 3087 801 3153 δόξαντα
825 3128 840 3153 ,
870 3088 964 3142 καὶ
991 3089 1092 3161 τὴν
1123 3089 1290 3142 αὑτοῦ
1329 3083 1667 3161 χειροτονίαν
1697 3091 1927 3163 κυρούν-

335 3199 445 3235 των
468 3222 484 3245 ,
544 3181 871 3254 παρέδωκαν
926 3180 1027 3245 τὰς
1077 3181 1425 3253 Ἐκκλησίας.
1484 3183 1543 3236 ὐ
1589 3183 1648 3236 δὲ
1696 3184 1925 3268 Aetium;

336 3272 611 3337 ἐξελαθεὶς
634 3312 650 3337 ,
676 3272 775 3336 ἐπὶ
804 3272 903 3344 τὴν
940 3274 1522 3330 Κωνσταντινούπολιν
1551 3276 1922 3332 ἀπέπλευσεν.

332 3366 552 3445 oetam
580 3366 637 3419 δὲ
662 3368 691 3420 ὁ
717 3365 972 3435 βασιλεὺς
997 3406 1010 3430 ,
1055 3368 1132 3431 ὠς
1165 3368 1311 3431 εἰκὸς
1329 3410 1345 3435 ,
1389 3370 1447 3421 ὲν
1492 3370 1742 3441 φροντίσι
1769 3369 1926 3439 γενό-

340 3472 501 3525 μενος
519 3496 537 3522 ,
564 3454 838 3521 ἐπεξιέναι
866 3454 1079 3517 τούτοις
1111 3456 1309 3527 σχολὴν
1336 3456 1437 3509 οὑκ
1467 3453 1603 3528 ἦγεν
1628 3474 1642 3487 ο
1668 3456 1788 3528 ἅμα
1816 3462 1924 3529 γάρ

334 3543 471 3618 ἧκεν
499 3549 580 3611 εἰς
615 3548 716 3620 τὴν
741 3548 1316 3615 Κωνσταντινούπολιν
1336 3588 1352 3611 ,
1399 3550 1458 3602 ὲν
1489 3551 1716 3622 ὑπονοίᾳ
1752 3552 1923 3623 πολλῇ

336 3642 431 3695 ni.
468 3642 620 3712 μίσει
647 3630 870 3710 ἒγένετο
898 3642 1050 3712 παρὰ
1080 3641 1160 3712 τῷ
1195 3643 1375 3714 δήμῳ.
1416 3641 1481 3697 0i
1510 3643 1621 3714 γὰρ
1654 3644 1920 3717 βάρϐαροι

334 3735 436 3805 τὴν
461 3734 686 3805 Θρᾴκην
729 3734 1038 3805 δῃώσαντες
1057 3774 1072 3799 ,
1109 3736 1202 3788 καὶ
1244 3737 1407 3807 μέχρι
1435 3737 1546 3790 τῶν
1576 3739 1941 3808 προαστείων·

335 3824 435 3895 ήδη
466 3824 848 3897 προελθόντες,
866 3825 960 3879 καὶ
989 3810 1172 3891 αὐτοῖς
1196 3828 1400 3899 τείχεσι
1428 3830 1658 3901 μηδενὸς
1685 3831 1921 3885 κωλύον-

335 3936 427 3981 τος
455 3917 815 3988 προσϐάλλειν
848 3920 1188 3992 ἐπεχείρουν.
1207 3922 1334 3975 Ἐπὶ
1355 3922 1563 3988 τούτοις
1584 3924 1639 3977 δὲ
1669 3925 1924 3995 χαλεπῶς

337 4011 557 4081 ἡπόλις
584 4010 780 4084 ἔφερε·
816 4013 911 4065 καὶ
956 4013 1047 4065 τὸν
1090 4012 1355 4083 βασιλέα,
1405 4016 1486 4069 ὅτι
1532 4016 1606 4087 μὴ
1649 4017 1918 4089 ἀντεξῄει,

337 4102 453 4156 ἀλλ’
483 4103 810 4157 ἀνεϐάλλετο
842 4106 1101 4176 πολεμεῖν
1120 4148 1135 4172 ,
1171 4108 1228 4160 ὲν
1259 4108 1409 4179 αἰτίᾳ
1455 4108 1738 4163 ἐποιοῦντο
1760 4127 1773 4139 ο
1824 4113 1921 4164 καὶ

336 4195 683 4263 ἐλογοποίουν
708 4234 723 4259 ,
772 4195 848 4260 ὡς
901 4196 1066 4260 αὐτὸς
1116 4198 1245 4262 τοὺς
1287 4198 1587 4270 πολεμίους
1640 4201 1916 4269 ἐπάγοιτο.

336 4288 707 4352 Τελευτῶντες
731 4288 805 4353 δὲ,
854 4289 946 4343 καὶ
975 4290 1033 4342 ὲν
1058 4290 1397 4362 ἱπποδρομίᾳ
1430 4284 1713 4360 θεώμενοι,
1747 4294 1828 4355 εις
1858 4292 1923 4346 τὸ

336 4382 571 4453 φανερὸν
610 4380 777 4435 αὑτοῦ
834 4382 1109 4436 κατεϐόων
1136 4425 1152 4449 ,
1185 4382 1261 4446 ὡς
1291 4383 1360 4436 τὰ
1402 4382 1559 4437 κοινά
1616 4385 1920 4455 πράγματα

337 4474 701 4546 περιορῶντος
722 4517 737 4541 ,
770 4474 867 4529 καὶ
891 4474 1031 4529 ὅπλα
1056 4475 1218 4546 ᾔτουν
1240 4516 1256 4540 ,
1284 4476 1359 4540 ὡς
1391 4478 1547 4531 αὐτοὶ
1579 4477 1707 4530 πολε
1716 4480 1918 4548 μήσον-

334 4584 447 4630 τες.
501 4567 562 4620 Ὁ
614 4566 672 4620 δὲ
733 4565 949 4637 Οὐάλης
997 4566 1313 4637 ὑϐρισθεὶς,
1358 4568 1759 4640 ἐπεστράτευσε
1808 4571 1921 4632 τοῖς

339 4659 646 4730 βαρϐάροις
671 4674 685 4689 ·
716 4657 981 4729 ἠπείλησε
1018 4659 1075 4711 δὲ
1108 4659 1177 4729 ἢν
1207 4660 1547 4732 ὑποστρέψῃ,
1584 4661 1921 4731 τιμωρήσειν

335 4750 484 4820 αὐτῷ
515 4761 562 4815 ο,
598 4750 707 4804 τῶν
729 4768 786 4803 τε
817 4749 1028 4819 ὕϐρεων
1056 4749 1149 4802 τοῦ
1179 4752 1378 4821 δήμου,
1411 4752 1505 4805 καὶ
1534 4753 1617 4804 ὅτι
1656 4752 1920 4823 πρότερον

339 4843 632 4914 Προκοπίῳ
660 4842 738 4914 τῷ
767 4844 1020 4916 τυράννῳ
1050 4842 1399 4913 προσέθεντο.

2597 2325 2749 2382 CAP.
2794 2324 3039 2379 XXXIX.

2027 2419 2309 2486 Quomodo
2343 2420 2537 2502 Petrus
2571 2420 2752 2502 homo
2785 2436 3044 2502 reversus,
3095 2419 3363 2502 Ecclesia:
3395 2416 3618 2502 Aigypli

2102 2503 2305 2618 ςενιξυηὶ
2336 2490 2502 2545 Lucio
2531 2493 2757 2546 obtinuit
2786 2506 2805 2544 .'
2834 2502 2884 2545 et
2914 2493 2980 2544 de
3022 2491 3256 2547 latentis
3290 2490 3619 2557 expeditione

2098 2578 2153 2615 ιη
2228 2573 2402 2619 01108.

2100 2715 2374 2771 Cic-terum
2412 2716 2469 2769 in
2512 2715 2748 2786 singulis
2777 2713 3119 2777 civitatibus,
3175 2713 3229 2767 hi
3262 2714 3352 2784 qui
3386 2712 3619 2768 Nicaeum

2029 2812 2225 2884 synodi
2299 2811 2608 2865 doctrinam
2674 2810 3009 2873 tuebantur,
3062 2801 3278 2863 animos
3329 2822 3617 2862 resumere

2029 2910 2317 2973 coeperunt
2342 2917 2357 2955 :
2389 2902 2664 2972 prgecipue
2687 2916 2817 2956 vero
2842 2902 2897 2954 in
2928 2899 3168 2971 Egypto
3197 2900 3614 2955 Alexandrini‘.

2030 2996 2160 3061 Qui,
2208 3011 2333 3049 cum
2365 2994 2506 3049 forte
2552 2994 2749 3049 Petrus
2782 3009 2847 3049 eo
2877 3001 3125 3064 tempore
3158 2992 3227 3047 ab
3260 2993 3396 3047 urbe
3440 2990 3617 3046 Routa

2036 3103 2297 3143 reversus
2346 3094 2497 3143 esset
2549 3102 2674 3141 cum
2730 3086 2931 3140 litteris
2988 3085 3243 3152 Damasi,
3302 3087 3506 3156 quibus
3562 3098 3618 3141 et

2025 3180 2232 3235 Nicaani
2266 3181 2486 3235 concilii
2532 3179 2774 3245 decreta,
2808 3188 2862 3234 et
2912 3179 3193 3234 ordinatio
3245 3180 3422 3248 ipsius
3474 3194 3613 3234 con-

2027 3273 2676 3339 ﬁrmabatur,*ecclesias
2715 3272 2765 3327 ei
2816 3272 3184 3328 tradiderunt.
3236 3271 3443 3329 Lucius
3479 3290 3612 3329 vero

2026 3366 2155 3420 inde
2183 3360 2471 3436 expulsus,
2502 3364 3039 3445 Constantinopolim
3086 3367 3381 3437 navigavit.
3416 3365 3615 3421 Verum

2027 3458 2331 3531 imperator
2369 3457 2574 3512 Valens
2612 3458 2737 3513 aliis
2772 3450 2926 3513 curis
2952 3457 3272 3531 distentus,
3329 3466 3387 3512 ut
3435 3460 3614 3514 credi-

2026 3550 2135 3604 bile
2188 3558 2312 3613 est,
2368 3550 2495 3605 ietis
2547 3548 2894 3604 vindicandis
2944 3548 3374 3619 haudquaquam
3420 3566 3614 3605 vacare

2026 3641 2224 3711 potuit.
2280 3640 2414 3703 Nam
2459 3642 2624 3718 simul
2673 3650 2840 3710 atque
2872 3643 3023 3695 venit
3052 3640 3611 3710 Constantinopolim,

2029 3733 2265 3804 populus
2328 3749 2457 3787 eum
2518 3739 2837 3803 suspectum
2900 3740 3065 3801 atque
3117 3732 3353 3785 invismn
3416 3734 3614 3787 habere

2027 3826 2215 3895 cmpit.
2255 3824 2469 3895 Quippe
2503 3818 2752 3889 barbari,
2785 3825 3020 3879 Thracia
3062 3834 3297 3885 vastata,
3330 3842 3504 3895 usque
3543 3826 3609 3880 ad

2028 3899 2346 3974 suburbana
2383 3921 2543 3991 regia:
2577 3920 2732 3973 urbis
2758 3920 3062 3988 progressi,
3096 3919 3209 3988 jam
3255 3920 3459 3973 mcenia
3492 3920 3609 3989 ipsa

2028 4027 2353 4082 oppugnare
2395 4013 2612 4065 nemine
2659 4011 2963 4065 obsistente
3000 4012 3479 4082 aggrediebantur.
3529 4010 3611 4064 Ob

2028 4104 2144 4159 haec
2187 4105 2383 4159 civitas
2406 4102 2573 4173 278
2595 4103 3010 4173 indignabatur,
3042 4112 3095 4158 et
3135 4105 3520 4174 imperatorem
3556 4105 3611 4157 in

2026 4197 2233 4251 crimen
2264 4196 2517 4255 vocabat,
2544 4195 2688 4264 quod
2728 4193 2995 4249 adversus
3022 4195 3208 4250 hostes
3246 4195 3465 4248 obviam
3501 4209 3610 4248 non

2028 4288 2292 4358 prodiret,
2316 4287 2412 4342 sed
2437 4287 2637 4342 bellum
2663 4286 2936 4354 diﬂ‘erret;
2996 4302 3355 4357 rumoresque
3385 4302 3614 4357 sparge-

2029 4381 2181 4443 bant,
2228 4380 2418 4435 hostes
2471 4379 2540 4433 ab
2593 4379 2686 4433 illo
2733 4390 2996 4434 evocatos
3039 4378 3415 4448 adductosque
3462 4394 3605 4433 esse.

2025 4469 2273 4538 Denique
2312 4484 2435 4524 eum
2481 4467 2779 4523 Circenses
2832 4468 2994 4523 ludos
3043 4478 3376 4537 spectarent,
3424 4479 3611 4538 aperte

2026 4571 2221 4615 contra
2275 4576 2416 4615 eum.
2449 4559 2736 4614 vociferati
2795 4566 2961 4621 sunt,
3009 4561 3157 4629 quod
3210 4562 3609 4629 rempublicam

2027 4653 2302 4725 ueglectui
2337 4653 2601 4707 haberet:
2629 4661 2683 4708 et
2724 4668 2877 4706 arma
2922 4653 3027 4708 sibi
3065 4654 3183 4706 dari
3213 4661 3606 4723 poposcerunt,

2032 4754 2292 4815 tanquam
2345 4744 2448 4813 ipsi
2489 4759 2616 4799 eum
2670 4744 2921 4798 hostibus
2960 4748 3273 4815 pugnaturi.
3313 4742 3409 4799 His
3442 4745 3610 4813 igitur

2030 4836 2379 4893 contumeliis
2440 4834 2675 4891 all‘ectus
2732 4834 2972 4903 Valens,
3025 4836 3294 4891 adversus
3340 4838 3608 4891 barbaros

337 4939 492 5007 signa
531 4938 725 4999 movit,
774 4937 1129 5005 minatusque
1161 4945 1247 4989 est
1272 4952 1351 4999 se,
1387 4937 1434 4991 si
1483 4934 1709 4999 rediret,
1755 4952 1948 5006 punias
1984 4935 2051 4989 de
2095 4931 2294 5003 popqu
2342 4939 2689 5002 sumpturum
2741 4946 2887 4997 esse,
2939 4940 3051 4985 ιιιιιι
3084 4933 3157 4986 0b
3230 4932 3352 4987 “las
3401 4942 3599 4986 εοιιιιι·

340 5032 554 5091 melias,
601 5036 717 5082 tum
758 5027 906 5098 quod
939 5035 1097 5080 antea
1133 5026 1383 5099 Procopii
1421 5031 1641 5098 tyranni
1677 5031 1926 5100 partibus
1964 5041 2087 5081 sese
2119 5021 2524 5093 adiunxissent.

952 5124 1200 5177 ΚΕΦΑΛ.
1235 5123 1324 5178 Μ’.
1406 5160 1418 5181 ο

338 5221 475 5289 Περὶ
515 5217 623 5272 τοῦ
662 5217 835 5289 ἁγίου
871 5216 1179 5289 Ἰσααξιιου
1196 5218 1504 5287 μοναχοῦ,
1552 5218 1659 5271 τοῦ
1690 5233 1920 5287 προφη-

411 5286 741 5354 τεύσαντος-
803 5287 902 5341 διὰ
940 5286 1252 5359 Οῄάλεντα
1293 5286 1466 5359 fatal
1535 5289 1616 5354 ὡς
1684 5286 1923 5359 φεύγων

410 5362 649 5427 Οὐάλης
670 5400 686 5423 ,
715 5360 785 5411 ἐν
815 5357 1078 5426 ἀκυρῶνι
1108 5358 1401 5412 εἰσελθὼν
1420 5357 1754 5427 κατεκαύοη
1775 5400 1789 5423 ,
1812 5357 1919 5411 καὶ

410 5432 593 5495 οὕτως
622 5429 925 5497 ἀπέῤῥηξε
963 5428 1077 5497 τὴν
1119 5429 1351 5498 ψυχήν.

417 5522 719 5588 Ἐξελθόντι
774 5523 832 5576 δὲ
896 5521 1045 5593 αὑτῷ
1102 5522 1201 5591 τῆς
1257 5522 1916 5587 Κωνσταντινουπόλεως,

339 5611 652 5683 προσελθὼν
710 5610 979 5674 ἰσαάκιος
1028 5612 1167 5683 ἀνὴρ
1222 5613 1457 5684 μοναχδς
1481 5655 1497 5681 ,
1550 5614 1620 5668 τά
1672 5631 1733 5666 τε
1784 5612 1920 5667 ἄλλα

416 5731 431 5760 ⁸
468 5729 625 5783 Socr.
658 5729 754 5784 lib.
780 5744 852 5793 tv,
880 5743 931 5783 c.
964 5727 1053 5792 57,
1094 5727 1182 5781 58.

2661 5111 2815 5172 CAP.
2859 5116 2969 5170 XL.

2031 5211 2109 5265 De
2150 5220 2337 5266 sancto
2376 5208 2591 5272 [saucio
2632 5210 2911 5267 monacho.
2957 5211 3047 5278 qui
3102 5207 3335 5263 Valentis
3381 5220 3603 5263 mortem

2100 5282 2350 5351 prwdixit
2389 5291 2481 5336 :et
2522 5281 2784 5350 quomodo
2850 5280 3035 5334 Valens
3086 5281 3313 5347 fugiens,
3368 5297 3485 5332 cum
3550 5284 3604 5335 in

2104 5352 2348 5405 horreum
2390 5353 2557 5421 paleis
2615 5356 2867 5420 refertum
2915 5368 2969 5405 se
3012 5353 3308 5418 recepisset,
3362 5352 3604 5405 incendio

2098 5434 2439 5491 consumptus
2475 5424 2695 5477 interiit.

2094 5517 2268 5575 Porro
2302 5534 2429 5573 cum
2470 5516 2953 5589 Constantinopoli
2986 5515 3298 5579 excederet,
3335 5513 3603 5570 accedens

2024 5612 2092 5667 ad
2128 5628 2253 5669 eum
2304 5612 2543 5669 lsaacius
2582 5613 2808 5683 quidam
2864 5610 3164 5666 monachus
3190 5650 3204 5676 ,
3239 5610 3319 5665 vir
3366 5616 3481 5662 tum
3531 5608 3605 5663 ob

1796 5817 2182 5877 VARIOBUM.

415 5927 439 5958 ε
474 5918 839 5992 Τιμωρήσειν
897 5918 1077 5986 αὐτῷ.
1143 5918 1287 5991 Lege
1351 5916 1570 5982 αὐτούς.
1624 5914 1711 5972 W.
1786 5915 2011 5973 Low'nt.
