  <div class='ocr_page' id='page_1' title='image "/cluster/home/n/w/nwhite01/storage/ocr_20150623/67/pst.000009865921/771.png"; bbox 0 0 4460 6634; ppageno 0'>
   <div class='ocr_carea' id='block_1_1' title="bbox 861 409 1000 471">
    <p class='ocr_par' dir='ltr' id='par_1_1' title="bbox 861 409 1000 471">
     <span class='ocr_line' id='line_1_1' title="bbox 861 409 1000 471; baseline 0.014 -3"><span class='ocrx_word' id='word_1_1' title='bbox 861 409 1000 471; x_wconf 62' lang='grc'><strong>1415</strong></span> 
     </span>
    </p>
   </div>
   <div class='ocr_carea' id='block_1_2' title="bbox 2287 397 2636 456">
    <p class='ocr_par' dir='ltr' id='par_1_2' title="bbox 2287 397 2636 456">
     <span class='ocr_line' id='line_1_2' title="bbox 2287 397 2636 456; baseline -0.006 0"><span class='ocrx_word' id='word_1_2' title='bbox 2287 397 2636 456; x_wconf 65' lang='grc' dir='ltr'>εοῑοΜΕΝι</span> 
     </span>
    </p>
   </div>
   <div class='ocr_carea' id='block_1_3' title="bbox 3986 403 4132 458">
    <p class='ocr_par' dir='ltr' id='par_1_3' title="bbox 3986 403 4132 458">
     <span class='ocr_line' id='line_1_3' title="bbox 3986 403 4132 458; baseline -0.014 -2"><span class='ocrx_word' id='word_1_3' title='bbox 3986 403 4132 458; x_wconf 66' lang='grc'><strong>1416</strong></span> 
     </span>
    </p>
   </div>
   <div class='ocr_carea' id='block_1_4' title="bbox 860 509 2621 584">
    <p class='ocr_par' dir='ltr' id='par_1_4' title="bbox 860 509 2621 582">
     <span class='ocr_line' id='line_1_4' title="bbox 860 509 2621 582; baseline -0.011 -2"><span class='ocrx_word' id='word_1_4' title='bbox 860 525 1000 580; x_wconf 78' lang='lat' dir='ltr'><strong>alias</strong></span> <span class='ocrx_word' id='word_1_5' title='bbox 1023 523 1182 577; x_wconf 83' lang='lat' dir='ltr'><strong>dotes</strong></span> <span class='ocrx_word' id='word_1_6' title='bbox 1203 515 1461 580; x_wconf 76' lang='lat' dir='ltr'><strong>eximius,</strong></span> <span class='ocrx_word' id='word_1_7' title='bbox 1482 521 1599 572; x_wconf 85' lang='lat' dir='ltr'><strong>tum</strong></span> <span class='ocrx_word' id='word_1_8' title='bbox 1622 515 1676 569; x_wconf 92' lang='lat' dir='ltr'><strong>iu</strong></span> <span class='ocrx_word' id='word_1_9' title='bbox 1700 511 2002 569; x_wconf 73' lang='lat' dir='ltr'><strong>subeundis</strong></span> <span class='ocrx_word' id='word_1_10' title='bbox 2025 518 2248 582; x_wconf 80' lang='lat' dir='ltr'><strong>propter</strong></span> <span class='ocrx_word' id='word_1_11' title='bbox 2272 509 2440 566; x_wconf 87' lang='lat' dir='ltr'><strong>Deum</strong></span> <span class='ocrx_word' id='word_1_12' title='bbox 2470 521 2516 574; x_wconf 80' lang='grc' dir='ltr'><strong>Α</strong></span> <span class='ocrx_word' id='word_1_13' title='bbox 2543 514 2621 581; x_wconf 68' lang='grc' dir='ltr'><strong>άγτ</strong></span> 
     </span>
    </p>
   </div>
   <div class='ocr_carea' id='block_1_5' title="bbox 2368 509 4129 584">
    <p class='ocr_par' dir='ltr' id='par_1_5' title="bbox 2368 510 4129 584">
     <span class='ocr_line' id='line_1_5' title="bbox 2368 510 4129 584; baseline 0 -18"><span class='ocrx_word' id='word_1_14' title='bbox 2368 527 2440 566; x_wconf 91' lang='grc'><strong>1111</strong></span> <span class='ocrx_word' id='word_1_15' title='bbox 2470 521 2516 574; x_wconf 80' lang='grc' dir='ltr'><strong>Α</strong></span> <span class='ocrx_word' id='word_1_16' title='bbox 2543 510 2782 581; x_wconf 79' lang='grc' dir='ltr'>ἀγαθὸς,</span> <span class='ocrx_word' id='word_1_17' title='bbox 2832 513 2923 566; x_wconf 79' lang='grc' dir='ltr'>καὶ</span> <span class='ocrx_word' id='word_1_18' title='bbox 2967 511 3054 566; x_wconf 64' lang='grc' dir='ltr'>διὰ</span> <span class='ocrx_word' id='word_1_19' title='bbox 3111 513 3171 565; x_wconf 79' lang='grc' dir='ltr'><strong>τὸ</strong></span> <span class='ocrx_word' id='word_1_20' title='bbox 3221 511 3376 566; x_wconf 87' lang='grc' dir='ltr'>Θεῖον</span> <span class='ocrx_word' id='word_1_21' title='bbox 3424 512 3684 566; x_wconf 76' lang='grc' dir='ltr'><strong>κινδύνων</strong></span> <span class='ocrx_word' id='word_1_22' title='bbox 3717 515 4089 584; x_wconf 64' lang='grc' dir='ltr'>καταφρονῶν</span> <span class='ocrx_word' id='word_1_23' title='bbox 4117 532 4129 544; x_wconf 92' lang='grc'><strong>·</strong></span> 
     </span>
    </p>
   </div>
   <div class='ocr_carea' id='block_1_6' title="bbox 870 603 2440 683">
    <p class='ocr_par' dir='ltr' id='par_1_6' title="bbox 870 603 2440 683">
     <span class='ocr_line' id='line_1_6' title="bbox 870 603 2440 683; baseline -0.008 -14"><span class='ocrx_word' id='word_1_24' title='bbox 870 613 1133 683; x_wconf 83' lang='lat' dir='ltr'><strong>periculis</strong></span> <span class='ocrx_word' id='word_1_25' title='bbox 1167 609 1474 680; x_wconf 75' lang='lat' dir='ltr'><strong>intrepidus</strong></span> <span class='ocrx_word' id='word_1_26' title='bbox 1505 625 1519 662; x_wconf 92' lang='lat'><strong>:</strong></span> <span class='ocrx_word' id='word_1_27' title='bbox 1549 607 1758 672; x_wconf 80' lang='lat' dir='ltr'><strong>Redde,</strong></span> <span class='ocrx_word' id='word_1_28' title='bbox 1810 603 2010 675; x_wconf 87' lang='lat' dir='ltr'><strong>inquit.</strong></span> <span class='ocrx_word' id='word_1_29' title='bbox 2046 620 2080 659; x_wconf 95' lang='lat' dir='ltr'><strong>o</strong></span> <span class='ocrx_word' id='word_1_30' title='bbox 2122 605 2440 674; x_wconf 77' lang='lat' dir='ltr'><strong>imperator,</strong></span> 
     </span>
    </p>
   </div>
   <div class='ocr_carea' id='block_1_7' title="bbox 859 695 2440 770">
    <p class='ocr_par' dir='ltr' id='par_1_7' title="bbox 859 695 2440 770">
     <span class='ocr_line' id='line_1_7' title="bbox 859 695 2440 770; baseline -0.007 -12"><span class='ocrx_word' id='word_1_31' title='bbox 859 706 1220 767; x_wconf 81' lang='lat' dir='ltr'><strong>orthodoxis,</strong></span> <span class='ocrx_word' id='word_1_32' title='bbox 1260 710 1314 756; x_wconf 91' lang='lat' dir='ltr'><strong>et</strong></span> <span class='ocrx_word' id='word_1_33' title='bbox 1361 701 1430 757; x_wconf 92' lang='lat' dir='ltr'><strong>iis</strong></span> <span class='ocrx_word' id='word_1_34' title='bbox 1477 699 1570 770; x_wconf 88' lang='lat' dir='ltr'><strong>qui</strong></span> <span class='ocrx_word' id='word_1_35' title='bbox 1612 697 1815 753; x_wconf 61' lang='lat' dir='ltr'><strong>Nicaeni</strong></span> <span class='ocrx_word' id='word_1_36' title='bbox 1868 696 2087 752; x_wconf 87' lang='lat' dir='ltr'><strong>concilii</strong></span> <span class='ocrx_word' id='word_1_37' title='bbox 2134 695 2440 749; x_wconf 80' lang='lat' dir='ltr'><strong>doctrinam</strong></span> 
     </span>
    </p>
   </div>
   <div class='ocr_carea' id='block_1_8' title="bbox 860 787 2440 859">
    <p class='ocr_par' dir='ltr' id='par_1_8' title="bbox 860 787 2440 859">
     <span class='ocr_line' id='line_1_8' title="bbox 860 787 2440 859; baseline -0.006 -9"><span class='ocrx_word' id='word_1_38' title='bbox 860 795 1207 855; x_wconf 80' lang='lat' dir='ltr'><strong>custodiunt,</strong></span> <span class='ocrx_word' id='word_1_39' title='bbox 1250 790 1516 846; x_wconf 90' lang='lat' dir='ltr'><strong>ecclesias</strong></span> <span class='ocrx_word' id='word_1_40' title='bbox 1552 803 1692 859; x_wconf 89' lang='lat' dir='ltr'><strong>quas</strong></span> <span class='ocrx_word' id='word_1_41' title='bbox 1727 787 2036 851; x_wconf 85' lang='lat' dir='ltr'><strong>abstulisti;</strong></span> <span class='ocrx_word' id='word_1_42' title='bbox 2075 797 2129 841; x_wconf 91' lang='lat' dir='ltr'><strong>et</strong></span> <span class='ocrx_word' id='word_1_43' title='bbox 2157 787 2440 840; x_wconf 83' lang='lat' dir='ltr'><strong>victoriam</strong></span> 
     </span>
    </p>
   </div>
   <div class='ocr_carea' id='block_1_9' title="bbox 859 877 2442 952">
    <p class='ocr_par' dir='ltr' id='par_1_9' title="bbox 859 877 2442 952">
     <span class='ocr_line' id='line_1_9' title="bbox 859 877 2442 952; baseline -0.008 -9"><span class='ocrx_word' id='word_1_44' title='bbox 859 888 926 943; x_wconf 86' lang='lat' dir='ltr'><strong>de</strong></span> <span class='ocrx_word' id='word_1_45' title='bbox 957 888 1206 941; x_wconf 84' lang='lat' dir='ltr'><strong>hostibus</strong></span> <span class='ocrx_word' id='word_1_46' title='bbox 1242 882 1607 952; x_wconf 74' lang='lat' dir='ltr'><strong>reportabis‘.</strong></span> <span class='ocrx_word' id='word_1_47' title='bbox 1639 879 1842 934; x_wconf 81' lang='lat' dir='ltr'><strong>Verum</strong></span> <span class='ocrx_word' id='word_1_48' title='bbox 1873 879 2172 948; x_wconf 82' lang='lat' dir='ltr'><strong>imperator</strong></span> <span class='ocrx_word' id='word_1_49' title='bbox 2200 877 2281 931; x_wconf 90' lang='lat' dir='ltr'><strong>ira</strong></span> <span class='ocrx_word' id='word_1_50' title='bbox 2313 892 2442 933; x_wconf 88' lang='lat' dir='ltr'><strong>suc-</strong></span> 
     </span>
    </p>
   </div>
   <div class='ocr_carea' id='block_1_10' title="bbox 860 975 2442 1046">
    <p class='ocr_par' dir='ltr' id='par_1_10' title="bbox 860 975 2442 1046">
     <span class='ocr_line' id='line_1_10' title="bbox 860 975 2442 1046; baseline -0.004 -11"><span class='ocrx_word' id='word_1_51' title='bbox 860 995 1084 1042; x_wconf 87' lang='lat' dir='ltr'><strong>census,</strong></span> <span class='ocrx_word' id='word_1_52' title='bbox 1134 975 1526 1046; x_wconf 80' lang='lat' dir='ltr'><strong>comprehendi</strong></span> <span class='ocrx_word' id='word_1_53' title='bbox 1555 990 1678 1031; x_wconf 89' lang='lat' dir='ltr'><strong>eum</strong></span> <span class='ocrx_word' id='word_1_54' title='bbox 1713 975 1905 1042; x_wconf 82' lang='lat' dir='ltr'><strong>jussit,</strong></span> <span class='ocrx_word' id='word_1_55' title='bbox 1951 983 2002 1028; x_wconf 89' lang='lat' dir='ltr'><strong>et</strong></span> <span class='ocrx_word' id='word_1_56' title='bbox 2033 977 2281 1028; x_wconf 82' lang='lat' dir='ltr'><strong>vinctum</strong></span> <span class='ocrx_word' id='word_1_57' title='bbox 2319 990 2442 1030; x_wconf 83' lang='lat' dir='ltr'><strong>ser-</strong></span> 
     </span>
    </p>
   </div>
   <div class='ocr_carea' id='block_1_11' title="bbox 860 1067 2442 1138">
    <p class='ocr_par' dir='ltr' id='par_1_11' title="bbox 860 1067 2442 1138">
     <span class='ocr_line' id='line_1_11' title="bbox 860 1067 2442 1138; baseline -0.003 -12"><span class='ocrx_word' id='word_1_58' title='bbox 860 1075 1000 1136; x_wconf 84' lang='lat' dir='ltr'><strong>vari,</strong></span> <span class='ocrx_word' id='word_1_59' title='bbox 1045 1071 1223 1126; x_wconf 91' lang='lat' dir='ltr'><strong>donec</strong></span> <span class='ocrx_word' id='word_1_60' title='bbox 1269 1082 1527 1124; x_wconf 78' lang='lat' dir='ltr'><strong>reversus</strong></span> <span class='ocrx_word' id='word_1_61' title='bbox 1571 1081 1766 1138; x_wconf 66' lang='lat' dir='ltr'><strong>poenas</strong></span> <span class='ocrx_word' id='word_1_62' title='bbox 1806 1067 2052 1122; x_wconf 69' lang='lat' dir='ltr'><strong>audaciae.</strong></span> <span class='ocrx_word' id='word_1_63' title='bbox 2108 1067 2177 1120; x_wconf 89' lang='lat' dir='ltr'><strong>ab</strong></span> <span class='ocrx_word' id='word_1_64' title='bbox 2219 1080 2285 1121; x_wconf 91' lang='lat' dir='ltr'><strong>eo</strong></span> <span class='ocrx_word' id='word_1_65' title='bbox 2326 1068 2442 1122; x_wconf 80' lang='lat' dir='ltr'><strong>exi-</strong></span> 
     </span>
    </p>
   </div>
   <div class='ocr_carea' id='block_1_12' title="bbox 859 1157 2438 1234">
    <p class='ocr_par' dir='ltr' id='par_1_12' title="bbox 859 1157 2438 1234">
     <span class='ocr_line' id='line_1_12' title="bbox 859 1157 2438 1234; baseline -0.004 -15"><span class='ocrx_word' id='word_1_66' title='bbox 859 1171 1032 1234; x_wconf 74' lang='lat' dir='ltr'><strong>geret.</strong></span> <span class='ocrx_word' id='word_1_67' title='bbox 1103 1165 1172 1215; x_wconf 83' lang='lat' dir='ltr'><strong>At</strong></span> <span class='ocrx_word' id='word_1_68' title='bbox 1219 1161 1312 1214; x_wconf 91' lang='lat' dir='ltr'><strong>ille</strong></span> <span class='ocrx_word' id='word_1_69' title='bbox 1365 1159 1670 1228; x_wconf 84' lang='lat' dir='ltr'><strong>subjiciens</strong></span> <span class='ocrx_word' id='word_1_70' title='bbox 1712 1178 1726 1214; x_wconf 90' lang='lat'><strong>:</strong></span> <span class='ocrx_word' id='word_1_71' title='bbox 1775 1157 1896 1213; x_wconf 85' lang='lat' dir='ltr'><strong>Non</strong></span> <span class='ocrx_word' id='word_1_72' title='bbox 1944 1157 2186 1224; x_wconf 86' lang='lat' dir='ltr'><strong>redibis,</strong></span> <span class='ocrx_word' id='word_1_73' title='bbox 2227 1158 2438 1228; x_wconf 87' lang='lat' dir='ltr'><strong>inquit,</strong></span> 
     </span>
    </p>
   </div>
   <div class='ocr_carea' id='block_1_13' title="bbox 861 1249 2443 1321">
    <p class='ocr_par' dir='ltr' id='par_1_13' title="bbox 861 1249 2443 1321">
     <span class='ocr_line' id='line_1_13' title="bbox 861 1249 2443 1321; baseline -0.004 -11"><span class='ocrx_word' id='word_1_74' title='bbox 861 1256 970 1310; x_wconf 89' lang='lat' dir='ltr'><strong>nisi</strong></span> <span class='ocrx_word' id='word_1_75' title='bbox 1023 1254 1288 1309; x_wconf 84' lang='lat' dir='ltr'><strong>ecclesias</strong></span> <span class='ocrx_word' id='word_1_76' title='bbox 1324 1251 1658 1306; x_wconf 88' lang='lat' dir='ltr'><strong>restitueris.</strong></span> <span class='ocrx_word' id='word_1_77' title='bbox 1699 1249 1920 1321; x_wconf 79' lang='lat' dir='ltr'><strong>Resque</strong></span> <span class='ocrx_word' id='word_1_78' title='bbox 1949 1251 2025 1305; x_wconf 90' lang='lat' dir='ltr'><strong>ita</strong></span> <span class='ocrx_word' id='word_1_79' title='bbox 2052 1250 2256 1305; x_wconf 83' lang='lat' dir='ltr'><strong>evenit.</strong></span> <span class='ocrx_word' id='word_1_80' title='bbox 2285 1249 2443 1306; x_wconf 86' lang='lat' dir='ltr'><strong>Post-</strong></span> 
     </span>
    </p>
   </div>
   <div class='ocr_carea' id='block_1_14' title="bbox 860 1341 2442 1418">
    <p class='ocr_par' dir='ltr' id='par_1_14' title="bbox 860 1341 2442 1418">
     <span class='ocr_line' id='line_1_14' title="bbox 860 1341 2442 1418; baseline -0.003 -18"><span class='ocrx_word' id='word_1_81' title='bbox 860 1363 1025 1418; x_wconf 84' lang='lat' dir='ltr'><strong>quam</strong></span> <span class='ocrx_word' id='word_1_82' title='bbox 1067 1346 1213 1400; x_wconf 90' lang='lat' dir='ltr'><strong>enim</strong></span> <span class='ocrx_word' id='word_1_83' title='bbox 1265 1360 1390 1399; x_wconf 90' lang='lat' dir='ltr'><strong>cum</strong></span> <span class='ocrx_word' id='word_1_84' title='bbox 1437 1344 1614 1414; x_wconf 88' lang='lat' dir='ltr'><strong>copiis</strong></span> <span class='ocrx_word' id='word_1_85' title='bbox 1640 1342 1710 1398; x_wconf 89' lang='lat' dir='ltr'><strong>ad</strong></span> <span class='ocrx_word' id='word_1_86' title='bbox 1753 1343 1955 1398; x_wconf 92' lang='lat' dir='ltr'><strong>bellum</strong></span> <span class='ocrx_word' id='word_1_87' title='bbox 2009 1341 2294 1413; x_wconf 82' lang='lat' dir='ltr'><strong>profectus</strong></span> <span class='ocrx_word' id='word_1_88' title='bbox 2334 1351 2442 1406; x_wconf 88' lang='lat' dir='ltr'><strong>est,</strong></span> 
     </span>
    </p>
   </div>
   <div class='ocr_carea' id='block_1_15' title="bbox 859 1433 2439 1506">
    <p class='ocr_par' dir='ltr' id='par_1_15' title="bbox 859 1433 2439 1506">
     <span class='ocr_line' id='line_1_15' title="bbox 859 1433 2439 1506; baseline -0.003 -14"><span class='ocrx_word' id='word_1_89' title='bbox 859 1437 1023 1492; x_wconf 81' lang='lat' dir='ltr'><strong>Gothi</strong></span> <span class='ocrx_word' id='word_1_90' title='bbox 1079 1435 1302 1506; x_wconf 90' lang='lat' dir='ltr'><strong>quidem</strong></span> <span class='ocrx_word' id='word_1_91' title='bbox 1364 1433 1642 1504; x_wconf 80' lang='lat' dir='ltr'><strong>fugientes</strong></span> <span class='ocrx_word' id='word_1_92' title='bbox 1686 1434 1950 1504; x_wconf 86' lang='lat' dir='ltr'><strong>paulatim</strong></span> <span class='ocrx_word' id='word_1_93' title='bbox 2012 1444 2160 1489; x_wconf 88' lang='lat' dir='ltr'><strong>retro</strong></span> <span class='ocrx_word' id='word_1_94' title='bbox 2204 1448 2439 1489; x_wconf 86' lang='lat' dir='ltr'><strong>cessere.</strong></span> 
     </span>
    </p>
   </div>
   <div class='ocr_carea' id='block_1_16' title="bbox 862 1525 2439 1598">
    <p class='ocr_par' dir='ltr' id='par_1_16' title="bbox 862 1525 2439 1598">
     <span class='ocr_line' id='line_1_16' title="bbox 862 1525 2439 1598; baseline -0.003 -17"><span class='ocrx_word' id='word_1_95' title='bbox 862 1528 982 1598; x_wconf 79' lang='lat' dir='ltr'><strong>Ipse</strong></span> <span class='ocrx_word' id='word_1_96' title='bbox 1017 1543 1148 1582; x_wconf 92' lang='lat' dir='ltr'><strong>vero</strong></span> <span class='ocrx_word' id='word_1_97' title='bbox 1179 1543 1275 1582; x_wconf 90' lang='lat' dir='ltr'><strong>eos</strong></span> <span class='ocrx_word' id='word_1_98' title='bbox 1297 1527 1614 1597; x_wconf 90' lang='lat' dir='ltr'><strong>insequens,</strong></span> <span class='ocrx_word' id='word_1_99' title='bbox 1648 1534 2010 1595; x_wconf 61' lang='lat' dir='ltr'><strong>pratercursa</strong></span> <span class='ocrx_word' id='word_1_100' title='bbox 2041 1528 2153 1595; x_wconf 86' lang='lat' dir='ltr'><strong>jam</strong></span> <span class='ocrx_word' id='word_1_101' title='bbox 2182 1525 2439 1588; x_wconf 85' lang='lat' dir='ltr'><strong>Thracia,</strong></span> 
     </span>
    </p>
   </div>
   <div class='ocr_carea' id='block_1_17' title="bbox 861 1615 2443 1686">
    <p class='ocr_par' dir='ltr' id='par_1_17' title="bbox 861 1615 2443 1686">
     <span class='ocr_line' id='line_1_17' title="bbox 861 1615 2443 1686; baseline -0.003 -13"><span class='ocrx_word' id='word_1_102' title='bbox 861 1620 1011 1673; x_wconf 66' lang='lat' dir='ltr'><strong>venit</strong></span> <span class='ocrx_word' id='word_1_103' title='bbox 1063 1617 1498 1686; x_wconf 81' lang='lat' dir='ltr'><strong>Adrianopolim.</strong></span> <span class='ocrx_word' id='word_1_104' title='bbox 1555 1616 1804 1685; x_wconf 87' lang='lat' dir='ltr'><strong>Cumque</strong></span> <span class='ocrx_word' id='word_1_105' title='bbox 1830 1615 1974 1670; x_wconf 88' lang='lat' dir='ltr'><strong>haud</strong></span> <span class='ocrx_word' id='word_1_106' title='bbox 2003 1616 2194 1685; x_wconf 90' lang='lat' dir='ltr'><strong>procul</strong></span> <span class='ocrx_word' id='word_1_107' title='bbox 2226 1615 2443 1670; x_wconf 83' lang='lat' dir='ltr'><strong>abesset.</strong></span> 
     </span>
    </p>
   </div>
   <div class='ocr_carea' id='block_1_18' title="bbox 860 1707 2441 1780">
    <p class='ocr_par' dir='ltr' id='par_1_18' title="bbox 860 1707 2441 1780">
     <span class='ocr_line' id='line_1_18' title="bbox 860 1707 2441 1780; baseline -0.003 -14"><span class='ocrx_word' id='word_1_108' title='bbox 860 1728 892 1766; x_wconf 88' lang='lat' dir='ltr'><strong>a</strong></span> <span class='ocrx_word' id='word_1_109' title='bbox 935 1711 1211 1772; x_wconf 87' lang='lat' dir='ltr'><strong>harbaris,</strong></span> <span class='ocrx_word' id='word_1_110' title='bbox 1234 1710 1328 1780; x_wconf 90' lang='lat' dir='ltr'><strong>qui</strong></span> <span class='ocrx_word' id='word_1_111' title='bbox 1366 1709 1420 1762; x_wconf 90' lang='lat' dir='ltr'><strong>in</strong></span> <span class='ocrx_word' id='word_1_112' title='bbox 1462 1709 1676 1761; x_wconf 89' lang='lat' dir='ltr'><strong>munito</strong></span> <span class='ocrx_word' id='word_1_113' title='bbox 1714 1707 1951 1777; x_wconf 89' lang='lat' dir='ltr'><strong>quodam</strong></span> <span class='ocrx_word' id='word_1_114' title='bbox 1985 1709 2106 1762; x_wconf 93' lang='lat' dir='ltr'><strong>loco</strong></span> <span class='ocrx_word' id='word_1_115' title='bbox 2144 1718 2441 1762; x_wconf 87' lang='lat' dir='ltr'><strong>castrame-</strong></span> 
     </span>
    </p>
   </div>
   <div class='ocr_carea' id='block_1_19' title="bbox 861 1801 2441 1870">
    <p class='ocr_par' dir='ltr' id='par_1_19' title="bbox 861 1801 2441 1870">
     <span class='ocr_line' id='line_1_19' title="bbox 861 1801 2441 1870; baseline -0.003 -14"><span class='ocrx_word' id='word_1_116' title='bbox 861 1803 958 1856; x_wconf 87' lang='lat' dir='ltr'><strong>tati</strong></span> <span class='ocrx_word' id='word_1_117' title='bbox 993 1803 1241 1865; x_wconf 80' lang='lat' dir='ltr'><strong>fuerant,</strong></span> <span class='ocrx_word' id='word_1_118' title='bbox 1273 1801 1439 1854; x_wconf 89' lang='lat' dir='ltr'><strong>citius</strong></span> <span class='ocrx_word' id='word_1_119' title='bbox 1473 1815 1639 1869; x_wconf 83' lang='lat' dir='ltr'><strong>quam</strong></span> <span class='ocrx_word' id='word_1_120' title='bbox 1672 1807 1995 1870; x_wconf 87' lang='lat' dir='ltr'><strong>oportuerat</strong></span> <span class='ocrx_word' id='word_1_121' title='bbox 2018 1815 2256 1870; x_wconf 80' lang='lat' dir='ltr'><strong>pugnam</strong></span> <span class='ocrx_word' id='word_1_122' title='bbox 2287 1814 2441 1853; x_wconf 83' lang='lat' dir='ltr'><strong>com-</strong></span> 
     </span>
    </p>
   </div>
   <div class='ocr_carea' id='block_1_20' title="bbox 863 1891 2442 1960">
    <p class='ocr_par' dir='ltr' id='par_1_20' title="bbox 863 1891 2442 1960">
     <span class='ocr_line' id='line_1_20' title="bbox 863 1891 2442 1960; baseline -0.001 -12"><span class='ocrx_word' id='word_1_123' title='bbox 863 1895 1033 1957; x_wconf 83' lang='lat' dir='ltr'><strong>misit,</strong></span> <span class='ocrx_word' id='word_1_124' title='bbox 1079 1909 1182 1948; x_wconf 88' lang='lat' dir='ltr'><strong>nec</strong></span> <span class='ocrx_word' id='word_1_125' title='bbox 1251 1894 1417 1956; x_wconf 87' lang='lat' dir='ltr'><strong>sicut,</strong></span> <span class='ocrx_word' id='word_1_126' title='bbox 1452 1907 1552 1946; x_wconf 88' lang='lat' dir='ltr'><strong>nec</strong></span> <span class='ocrx_word' id='word_1_127' title='bbox 1580 1893 1674 1946; x_wconf 88' lang='lat' dir='ltr'><strong>ubi</strong></span> <span class='ocrx_word' id='word_1_128' title='bbox 1714 1893 1961 1954; x_wconf 81' lang='lat' dir='ltr'><strong>decebat,</strong></span> <span class='ocrx_word' id='word_1_129' title='bbox 2001 1891 2255 1946; x_wconf 89' lang='lat' dir='ltr'><strong>ordinata</strong></span> <span class='ocrx_word' id='word_1_130' title='bbox 2287 1892 2442 1960; x_wconf 86' lang='lat' dir='ltr'><strong>prius</strong></span> 
     </span>
    </p>
   </div>
   <div class='ocr_carea' id='block_1_21' title="bbox 861 1983 2444 2054">
    <p class='ocr_par' dir='ltr' id='par_1_21' title="bbox 861 1983 2444 2054">
     <span class='ocr_line' id='line_1_21' title="bbox 861 1983 2444 2054; baseline 0.001 -17"><span class='ocrx_word' id='word_1_131' title='bbox 861 1987 1000 2040; x_wconf 87' lang='lat' dir='ltr'><strong>acie.</strong></span> <span class='ocrx_word' id='word_1_132' title='bbox 1049 1984 1292 2052; x_wconf 84' lang='lat' dir='ltr'><strong>Disjeeto</strong></span> <span class='ocrx_word' id='word_1_133' title='bbox 1345 1984 1535 2054; x_wconf 79' lang='lat' dir='ltr'><strong>itaque</strong></span> <span class='ocrx_word' id='word_1_134' title='bbox 1583 1984 1704 2052; x_wconf 89' lang='lat' dir='ltr'><strong>ejus</strong></span> <span class='ocrx_word' id='word_1_135' title='bbox 1749 1984 2019 2054; x_wconf 88' lang='lat' dir='ltr'><strong>equitatu,</strong></span> <span class='ocrx_word' id='word_1_136' title='bbox 2072 1993 2128 2039; x_wconf 88' lang='lat' dir='ltr'><strong>et</strong></span> <span class='ocrx_word' id='word_1_137' title='bbox 2167 1983 2444 2054; x_wconf 87' lang='lat' dir='ltr'><strong>peditibus</strong></span> 
     </span>
    </p>
   </div>
   <div class='ocr_carea' id='block_1_22' title="bbox 854 2075 2442 2147">
    <p class='ocr_par' dir='ltr' id='par_1_22' title="bbox 854 2075 2442 2147">
     <span class='ocr_line' id='line_1_22' title="bbox 854 2075 2442 2147; baseline 0 -17"><span class='ocrx_word' id='word_1_138' title='bbox 854 2078 917 2130; x_wconf 78' lang='lat' dir='ltr'><strong>in</strong></span> <span class='ocrx_word' id='word_1_139' title='bbox 951 2078 1133 2147; x_wconf 81' lang='lat' dir='ltr'><strong>fugam</strong></span> <span class='ocrx_word' id='word_1_140' title='bbox 1184 2075 1390 2140; x_wconf 88' lang='lat' dir='ltr'><strong>versis,</strong></span> <span class='ocrx_word' id='word_1_141' title='bbox 1425 2090 1550 2129; x_wconf 91' lang='lat' dir='ltr'><strong>cum</strong></span> <span class='ocrx_word' id='word_1_142' title='bbox 1598 2075 1782 2130; x_wconf 85' lang='lat' dir='ltr'><strong>hostes</strong></span> <span class='ocrx_word' id='word_1_143' title='bbox 1829 2091 1956 2130; x_wconf 92' lang='lat' dir='ltr'><strong>eum</strong></span> <span class='ocrx_word' id='word_1_144' title='bbox 1999 2077 2442 2145; x_wconf 86' lang='lat' dir='ltr'><strong>insequerentur,</strong></span> 
     </span>
    </p>
   </div>
   <div class='ocr_carea' id='block_1_23' title="bbox 862 2163 2446 2235">
    <p class='ocr_par' dir='ltr' id='par_1_23' title="bbox 862 2163 2446 2235">
     <span class='ocr_line' id='line_1_23' title="bbox 862 2163 2446 2235; baseline 0.001 -17"><span class='ocrx_word' id='word_1_145' title='bbox 862 2167 980 2234; x_wconf 81' lang='lat' dir='ltr'><strong>ipse</strong></span> <span class='ocrx_word' id='word_1_146' title='bbox 1034 2179 1160 2217; x_wconf 84' lang='lat' dir='ltr'><strong>eum</strong></span> <span class='ocrx_word' id='word_1_147' title='bbox 1214 2163 1405 2231; x_wconf 82' lang='lat' dir='ltr'><strong>paucis</strong></span> <span class='ocrx_word' id='word_1_148' title='bbox 1461 2164 1555 2233; x_wconf 92' lang='lat' dir='ltr'><strong>qui</strong></span> <span class='ocrx_word' id='word_1_149' title='bbox 1608 2178 1731 2217; x_wconf 89' lang='lat' dir='ltr'><strong>eum</strong></span> <span class='ocrx_word' id='word_1_150' title='bbox 1791 2165 2242 2229; x_wconf 84' lang='lat' dir='ltr'><strong>comitabantur,</strong></span> <span class='ocrx_word' id='word_1_151' title='bbox 2302 2179 2446 2235; x_wconf 87' lang='lat' dir='ltr'><strong>equo</strong></span> 
     </span>
    </p>
   </div>
   <div class='ocr_carea' id='block_1_24' title="bbox 863 2257 2446 2327">
    <p class='ocr_par' dir='ltr' id='par_1_24' title="bbox 863 2257 2446 2327">
     <span class='ocr_line' id='line_1_24' title="bbox 863 2257 2446 2327; baseline 0.003 -20"><span class='ocrx_word' id='word_1_152' title='bbox 863 2257 1147 2318; x_wconf 86' lang='lat' dir='ltr'><strong>desiliens,</strong></span> <span class='ocrx_word' id='word_1_153' title='bbox 1188 2257 1241 2309; x_wconf 91' lang='lat' dir='ltr'><strong>in</strong></span> <span class='ocrx_word' id='word_1_154' title='bbox 1271 2257 1513 2310; x_wconf 85' lang='lat' dir='ltr'><strong>casulam</strong></span> <span class='ocrx_word' id='word_1_155' title='bbox 1562 2265 1658 2309; x_wconf 90' lang='lat' dir='ltr'><strong>aut</strong></span> <span class='ocrx_word' id='word_1_156' title='bbox 1701 2258 1898 2310; x_wconf 84' lang='lat' dir='ltr'><strong>turrim</strong></span> <span class='ocrx_word' id='word_1_157' title='bbox 1939 2258 2233 2327; x_wconf 88' lang='lat' dir='ltr'><strong>quamdam</strong></span> <span class='ocrx_word' id='word_1_158' title='bbox 2265 2275 2326 2314; x_wconf 85' lang='lat' dir='ltr'><strong>se</strong></span> <span class='ocrx_word' id='word_1_159' title='bbox 2361 2273 2446 2312; x_wconf 83' lang='lat' dir='ltr'><strong>re-</strong></span> 
     </span>
    </p>
   </div>
   <div class='ocr_carea' id='block_1_25' title="bbox 863 2345 2444 2416">
    <p class='ocr_par' dir='ltr' id='par_1_25' title="bbox 863 2345 2444 2416">
     <span class='ocr_line' id='line_1_25' title="bbox 863 2345 2444 2416; baseline 0.001 -15"><span class='ocrx_word' id='word_1_160' title='bbox 863 2346 1034 2416; x_wconf 92' lang='lat' dir='ltr'><strong>cepit,</strong></span> <span class='ocrx_word' id='word_1_161' title='bbox 1064 2347 1249 2414; x_wconf 88' lang='lat' dir='ltr'><strong>ibique</strong></span> <span class='ocrx_word' id='word_1_162' title='bbox 1298 2346 1517 2401; x_wconf 83' lang='lat' dir='ltr'><strong>abditus</strong></span> <span class='ocrx_word' id='word_1_163' title='bbox 1543 2345 1782 2400; x_wconf 91' lang='lat' dir='ltr'><strong>delituit.</strong></span> <span class='ocrx_word' id='word_1_164' title='bbox 1835 2347 2060 2402; x_wconf 86' lang='lat' dir='ltr'><strong>Barbari</strong></span> <span class='ocrx_word' id='word_1_165' title='bbox 2107 2363 2236 2402; x_wconf 83' lang='lat' dir='ltr'><strong>vero</strong></span> <span class='ocrx_word' id='word_1_166' title='bbox 2273 2364 2444 2404; x_wconf 88' lang='lat' dir='ltr'><strong>cursu</strong></span> 
     </span>
    </p>
   </div>
   <div class='ocr_carea' id='block_1_26' title="bbox 863 2439 2447 2510">
    <p class='ocr_par' dir='ltr' id='par_1_26' title="bbox 863 2439 2447 2510">
     <span class='ocr_line' id='line_1_26' title="bbox 863 2439 2447 2510; baseline 0.002 -20"><span class='ocrx_word' id='word_1_167' title='bbox 863 2441 1081 2492; x_wconf 80' lang='lat' dir='ltr'><strong>concito</strong></span> <span class='ocrx_word' id='word_1_168' title='bbox 1117 2439 1514 2508; x_wconf 82' lang='lat' dir='ltr'><strong>sequebantur,</strong></span> <span class='ocrx_word' id='word_1_169' title='bbox 1546 2447 1812 2509; x_wconf 84' lang='lat' dir='ltr'><strong>tauquam</strong></span> <span class='ocrx_word' id='word_1_170' title='bbox 1843 2455 1968 2494; x_wconf 89' lang='lat' dir='ltr'><strong>eum</strong></span> <span class='ocrx_word' id='word_1_171' title='bbox 1995 2442 2211 2510; x_wconf 87' lang='lat' dir='ltr'><strong>capturi</strong></span> <span class='ocrx_word' id='word_1_172' title='bbox 2237 2458 2252 2494; x_wconf 86' lang='lat'><strong>:</strong></span> <span class='ocrx_word' id='word_1_173' title='bbox 2288 2455 2447 2496; x_wconf 82' lang='lat' dir='ltr'><strong>culu-</strong></span> 
     </span>
    </p>
   </div>
   <div class='ocr_carea' id='block_1_27' title="bbox 864 2531 2445 2604">
    <p class='ocr_par' dir='ltr' id='par_1_27' title="bbox 864 2531 2445 2604">
     <span class='ocr_line' id='line_1_27' title="bbox 864 2531 2445 2604; baseline 0.003 -20"><span class='ocrx_word' id='word_1_174' title='bbox 864 2548 974 2601; x_wconf 92' lang='lat' dir='ltr'><strong>que</strong></span> <span class='ocrx_word' id='word_1_175' title='bbox 1005 2531 1116 2600; x_wconf 88' lang='lat' dir='ltr'><strong>jam</strong></span> <span class='ocrx_word' id='word_1_176' title='bbox 1145 2532 1708 2601; x_wconf 72' lang='lat' dir='ltr'><strong>appropinquassent,</strong></span> <span class='ocrx_word' id='word_1_177' title='bbox 1733 2535 2104 2604; x_wconf 63' lang='lat' dir='ltr'><strong>praatergressi</strong></span> <span class='ocrx_word' id='word_1_178' title='bbox 2146 2543 2304 2589; x_wconf 89' lang='lat' dir='ltr'><strong>sunt.</strong></span> <span class='ocrx_word' id='word_1_179' title='bbox 2337 2533 2445 2588; x_wconf 82' lang='lat' dir='ltr'><strong>Ne-</strong></span> 
     </span>
    </p>
   </div>
   <div class='ocr_carea' id='block_1_28' title="bbox 862 2623 2447 2694">
    <p class='ocr_par' dir='ltr' id='par_1_28' title="bbox 862 2623 2447 2694">
     <span class='ocr_line' id='line_1_28' title="bbox 862 2623 2447 2694; baseline 0.001 -20"><span class='ocrx_word' id='word_1_180' title='bbox 862 2638 971 2691; x_wconf 87' lang='lat' dir='ltr'><strong>que</strong></span> <span class='ocrx_word' id='word_1_181' title='bbox 1020 2623 1165 2676; x_wconf 88' lang='lat' dir='ltr'><strong>enim</strong></span> <span class='ocrx_word' id='word_1_182' title='bbox 1216 2623 1666 2691; x_wconf 85' lang='lat' dir='ltr'><strong>suspicabantur,</strong></span> <span class='ocrx_word' id='word_1_183' title='bbox 1704 2625 2093 2694; x_wconf 87' lang='lat' dir='ltr'><strong>imperatorem</strong></span> <span class='ocrx_word' id='word_1_184' title='bbox 2140 2625 2215 2679; x_wconf 90' lang='lat' dir='ltr'><strong>ibi</strong></span> <span class='ocrx_word' id='word_1_185' title='bbox 2256 2624 2447 2680; x_wconf 89' lang='lat' dir='ltr'><strong>occul-</strong></span> 
     </span>
    </p>
   </div>
   <div class='ocr_carea' id='block_1_29' title="bbox 866 2712 2446 2787">
    <p class='ocr_par' dir='ltr' id='par_1_29' title="bbox 866 2712 2446 2787">
     <span class='ocr_line' id='line_1_29' title="bbox 866 2712 2446 2787; baseline 0.002 -19"><span class='ocrx_word' id='word_1_186' title='bbox 866 2724 978 2768; x_wconf 89' lang='lat' dir='ltr'><strong>tum</strong></span> <span class='ocrx_word' id='word_1_187' title='bbox 1008 2729 1152 2768; x_wconf 83' lang='lat' dir='ltr'><strong>esse.</strong></span> <span class='ocrx_word' id='word_1_188' title='bbox 1195 2712 1366 2768; x_wconf 82' lang='lat' dir='ltr'><strong>Porro</strong></span> <span class='ocrx_word' id='word_1_189' title='bbox 1397 2729 1521 2768; x_wconf 91' lang='lat' dir='ltr'><strong>cum</strong></span> <span class='ocrx_word' id='word_1_190' title='bbox 1571 2716 1751 2784; x_wconf 80' lang='lat' dir='ltr'><strong>major</strong></span> <span class='ocrx_word' id='word_1_191' title='bbox 1792 2731 1920 2786; x_wconf 85' lang='lat' dir='ltr'><strong>pars</strong></span> <span class='ocrx_word' id='word_1_192' title='bbox 1951 2716 2306 2770; x_wconf 86' lang='lat' dir='ltr'><strong>barbarorqu</strong></span> <span class='ocrx_word' id='word_1_193' title='bbox 2333 2717 2446 2787; x_wconf 90' lang='lat' dir='ltr'><strong>jam</strong></span> 
     </span>
    </p>
   </div>
   <div class='ocr_carea' id='block_1_30' title="bbox 865 2806 2448 2878">
    <p class='ocr_par' dir='ltr' id='par_1_30' title="bbox 865 2806 2448 2878">
     <span class='ocr_line' id='line_1_30' title="bbox 865 2806 2448 2878; baseline 0.004 -20"><span class='ocrx_word' id='word_1_194' title='bbox 865 2806 1242 2874; x_wconf 72' lang='lat' dir='ltr'><strong>praeteriissct,</strong></span> <span class='ocrx_word' id='word_1_195' title='bbox 1296 2807 1566 2876; x_wconf 89' lang='lat' dir='ltr'><strong>paucique</strong></span> <span class='ocrx_word' id='word_1_196' title='bbox 1606 2821 1673 2861; x_wconf 78' lang='lat' dir='ltr'><strong>ex</strong></span> <span class='ocrx_word' id='word_1_197' title='bbox 1717 2806 1827 2862; x_wconf 88' lang='lat' dir='ltr'><strong>illis</strong></span> <span class='ocrx_word' id='word_1_198' title='bbox 1862 2824 1891 2862; x_wconf 89' lang='lat' dir='ltr'><strong>a</strong></span> <span class='ocrx_word' id='word_1_199' title='bbox 1927 2816 2082 2878; x_wconf 84' lang='lat' dir='ltr'><strong>tergo</strong></span> <span class='ocrx_word' id='word_1_200' title='bbox 2133 2810 2312 2864; x_wconf 89' lang='lat' dir='ltr'><strong>relicti</strong></span> <span class='ocrx_word' id='word_1_201' title='bbox 2345 2824 2448 2864; x_wconf 83' lang='lat' dir='ltr'><strong>es-</strong></span> 
     </span>
    </p>
   </div>
   <div class='ocr_carea' id='block_1_31' title="bbox 863 2897 2446 2970">
    <p class='ocr_par' dir='ltr' id='par_1_31' title="bbox 863 2897 2446 2970">
     <span class='ocr_line' id='line_1_31' title="bbox 863 2897 2446 2970; baseline 0.003 -18"><span class='ocrx_word' id='word_1_202' title='bbox 863 2907 1008 2963; x_wconf 76' lang='lat' dir='ltr'><strong>sent,</strong></span> <span class='ocrx_word' id='word_1_203' title='bbox 1053 2897 1276 2968; x_wconf 89' lang='lat' dir='ltr'><strong>quidam</strong></span> <span class='ocrx_word' id='word_1_204' title='bbox 1329 2915 1394 2952; x_wconf 81' lang='lat' dir='ltr'><strong>ex</strong></span> <span class='ocrx_word' id='word_1_205' title='bbox 1447 2899 1532 2953; x_wconf 91' lang='lat' dir='ltr'><strong>his</strong></span> <span class='ocrx_word' id='word_1_206' title='bbox 1571 2899 1664 2969; x_wconf 91' lang='lat' dir='ltr'><strong>qui</strong></span> <span class='ocrx_word' id='word_1_207' title='bbox 1716 2916 1842 2954; x_wconf 92' lang='lat' dir='ltr'><strong>cum</strong></span> <span class='ocrx_word' id='word_1_208' title='bbox 1885 2900 2216 2970; x_wconf 87' lang='lat' dir='ltr'><strong>imperatore</strong></span> <span class='ocrx_word' id='word_1_209' title='bbox 2266 2914 2446 2966; x_wconf 86' lang='lat' dir='ltr'><strong>erant,</strong></span> 
     </span>
    </p>
   </div>
   <div class='ocr_carea' id='block_1_32' title="bbox 865 2987 2449 3060">
    <p class='ocr_par' dir='ltr' id='par_1_32' title="bbox 865 2987 2449 3060">
     <span class='ocr_line' id='line_1_32' title="bbox 865 2987 2449 3060; baseline 0.004 -21"><span class='ocrx_word' id='word_1_210' title='bbox 865 2987 972 3042; x_wconf 87' lang='lat' dir='ltr'><strong>tela</strong></span> <span class='ocrx_word' id='word_1_211' title='bbox 1002 2987 1054 3041; x_wconf 89' lang='grc'><strong>111</strong></span> <span class='ocrx_word' id='word_1_212' title='bbox 1093 2999 1446 3043; x_wconf 83' lang='lat' dir='ltr'><strong>transeuntes</strong></span> <span class='ocrx_word' id='word_1_213' title='bbox 1467 2989 1656 3058; x_wconf 80' lang='lat' dir='ltr'><strong>jacere</strong></span> <span class='ocrx_word' id='word_1_214' title='bbox 1687 3005 1752 3044; x_wconf 76' lang='lat' dir='ltr'><strong>ex</strong></span> <span class='ocrx_word' id='word_1_215' title='bbox 1802 2999 1944 3045; x_wconf 84' lang='lat' dir='ltr'><strong>tecto</strong></span> <span class='ocrx_word' id='word_1_216' title='bbox 1979 3001 2285 3060; x_wconf 61' lang='lat' dir='ltr'><strong>eruperunt.</strong></span> <span class='ocrx_word' id='word_1_217' title='bbox 2329 2991 2449 3058; x_wconf 76' lang='lat' dir='ltr'><strong>Quo</strong></span> 
     </span>
    </p>
   </div>
   <div class='ocr_carea' id='block_1_33' title="bbox 866 3078 2450 3151">
    <p class='ocr_par' dir='ltr' id='par_1_33' title="bbox 866 3078 2450 3151">
     <span class='ocr_line' id='line_1_33' title="bbox 866 3078 2450 3151; baseline 0.004 -19"><span class='ocrx_word' id='word_1_218' title='bbox 866 3078 1030 3144; x_wconf 77' lang='lat' dir='ltr'><strong>facto,</strong></span> <span class='ocrx_word' id='word_1_219' title='bbox 1082 3080 1171 3140; x_wconf 79' lang='lat' dir='ltr'><strong>isti</strong></span> <span class='ocrx_word' id='word_1_220' title='bbox 1210 3083 1596 3136; x_wconf 76' lang='lat' dir='ltr'><strong>exclamarunt</strong></span> <span class='ocrx_word' id='word_1_221' title='bbox 1633 3081 1911 3138; x_wconf 83' lang='lat' dir='ltr'><strong>Valentem</strong></span> <span class='ocrx_word' id='word_1_222' title='bbox 1968 3083 2083 3136; x_wconf 90' lang='lat' dir='ltr'><strong>illic</strong></span> <span class='ocrx_word' id='word_1_223' title='bbox 2112 3100 2255 3139; x_wconf 89' lang='lat' dir='ltr'><strong>esse.</strong></span> <span class='ocrx_word' id='word_1_224' title='bbox 2293 3084 2450 3151; x_wconf 88' lang='lat' dir='ltr'><strong>Quod</strong></span> 
     </span>
    </p>
   </div>
   <div class='ocr_carea' id='block_1_34' title="bbox 866 3173 2448 3243">
    <p class='ocr_par' dir='ltr' id='par_1_34' title="bbox 866 3173 2448 3243">
     <span class='ocr_line' id='line_1_34' title="bbox 866 3173 2448 3243; baseline 0.004 -19"><span class='ocrx_word' id='word_1_225' title='bbox 866 3187 992 3224; x_wconf 92' lang='lat' dir='ltr'><strong>cum</strong></span> <span class='ocrx_word' id='word_1_226' title='bbox 1045 3173 1333 3227; x_wconf 83' lang='lat' dir='ltr'><strong>audissent</strong></span> <span class='ocrx_word' id='word_1_227' title='bbox 1383 3173 1434 3226; x_wconf 92' lang='lat' dir='ltr'><strong>hi</strong></span> <span class='ocrx_word' id='word_1_228' title='bbox 1479 3174 1574 3243; x_wconf 92' lang='lat' dir='ltr'><strong>qui</strong></span> <span class='ocrx_word' id='word_1_229' title='bbox 1631 3175 1857 3242; x_wconf 87' lang='lat' dir='ltr'><strong>propius</strong></span> <span class='ocrx_word' id='word_1_230' title='bbox 1905 3175 2158 3241; x_wconf 87' lang='lat' dir='ltr'><strong>aderant,</strong></span> <span class='ocrx_word' id='word_1_231' title='bbox 2208 3176 2448 3231; x_wconf 86' lang='lat' dir='ltr'><strong>clamore</strong></span> 
     </span>
    </p>
   </div>
   <div class='ocr_carea' id='block_1_35' title="bbox 866 3264 2442 3336">
    <p class='ocr_par' dir='ltr' id='par_1_35' title="bbox 866 3264 2442 3336">
     <span class='ocr_line' id='line_1_35' title="bbox 866 3264 2442 3336; baseline 0.003 -19"><span class='ocrx_word' id='word_1_232' title='bbox 866 3264 1100 3327; x_wconf 85' lang='lat' dir='ltr'><strong>sublato,</strong></span> <span class='ocrx_word' id='word_1_233' title='bbox 1138 3273 1248 3318; x_wconf 87' lang='lat' dir='ltr'><strong>tam</strong></span> <span class='ocrx_word' id='word_1_234' title='bbox 1300 3264 1369 3320; x_wconf 88' lang='lat' dir='ltr'><strong>iis</strong></span> <span class='ocrx_word' id='word_1_235' title='bbox 1413 3265 1508 3334; x_wconf 91' lang='lat' dir='ltr'><strong>qui</strong></span> <span class='ocrx_word' id='word_1_236' title='bbox 1543 3266 1829 3334; x_wconf 64' lang='lat' dir='ltr'><strong>praeibant,</strong></span> <span class='ocrx_word' id='word_1_237' title='bbox 1857 3282 2021 3335; x_wconf 88' lang='lat' dir='ltr'><strong>quam</strong></span> <span class='ocrx_word' id='word_1_238' title='bbox 2063 3269 2442 3336; x_wconf 90' lang='lat' dir='ltr'><strong>sequentibus,</strong></span> 
     </span>
    </p>
   </div>
   <div class='ocr_carea' id='block_1_36' title="bbox 863 3356 2446 3430">
    <p class='ocr_par' dir='ltr' id='par_1_36' title="bbox 863 3356 2446 3430">
     <span class='ocr_line' id='line_1_36' title="bbox 863 3356 2446 3430; baseline 0.003 -22"><span class='ocrx_word' id='word_1_239' title='bbox 863 3369 926 3408; x_wconf 89' lang='lat' dir='ltr'><strong>ea</strong></span> <span class='ocrx_word' id='word_1_240' title='bbox 969 3371 1090 3424; x_wconf 67' lang='lat' dir='ltr'><strong>qua:</strong></span> <span class='ocrx_word' id='word_1_241' title='bbox 1123 3356 1410 3410; x_wconf 77' lang='lat' dir='ltr'><strong>audierant</strong></span> <span class='ocrx_word' id='word_1_242' title='bbox 1455 3359 1804 3411; x_wconf 88' lang='lat' dir='ltr'><strong>nuntiarunt.</strong></span> <span class='ocrx_word' id='word_1_243' title='bbox 1835 3358 1986 3412; x_wconf 82' lang='lat' dir='ltr'><strong>Adeo</strong></span> <span class='ocrx_word' id='word_1_244' title='bbox 2037 3371 2096 3412; x_wconf 91' lang='lat' dir='ltr'><strong>ut</strong></span> <span class='ocrx_word' id='word_1_245' title='bbox 2143 3359 2180 3412; x_wconf 90' lang='lat' dir='ltr'><strong>ii</strong></span> <span class='ocrx_word' id='word_1_246' title='bbox 2223 3374 2446 3430; x_wconf 91' lang='lat' dir='ltr'><strong>quoque</strong></span> 
     </span>
    </p>
   </div>
   <div class='ocr_carea' id='block_1_37' title="bbox 863 3447 2441 3517">
    <p class='ocr_par' dir='ltr' id='par_1_37' title="bbox 863 3447 2441 3517">
     <span class='ocr_line' id='line_1_37' title="bbox 863 3447 2441 3517; baseline 0.003 -18"><span class='ocrx_word' id='word_1_247' title='bbox 863 3447 958 3512; x_wconf 84' lang='lat' dir='ltr'><strong>qui</strong></span> <span class='ocrx_word' id='word_1_248' title='bbox 988 3449 1202 3517; x_wconf 83' lang='lat' dir='ltr'><strong>longius</strong></span> <span class='ocrx_word' id='word_1_249' title='bbox 1236 3450 1484 3510; x_wconf 82' lang='lat' dir='ltr'><strong>aberant.</strong></span> <span class='ocrx_word' id='word_1_250' title='bbox 1521 3465 1631 3504; x_wconf 83' lang='lat' dir='ltr'><strong>rem</strong></span> <span class='ocrx_word' id='word_1_251' title='bbox 1666 3451 1962 3513; x_wconf 88' lang='lat' dir='ltr'><strong>audierint,</strong></span> <span class='ocrx_word' id='word_1_252' title='bbox 2009 3458 2064 3504; x_wconf 91' lang='lat' dir='ltr'><strong>et</strong></span> <span class='ocrx_word' id='word_1_253' title='bbox 2097 3450 2349 3505; x_wconf 86' lang='lat' dir='ltr'><strong>celeriter</strong></span> <span class='ocrx_word' id='word_1_254' title='bbox 2389 3451 2441 3504; x_wconf 91' lang='lat' dir='ltr'><strong>in</strong></span> 
     </span>
    </p>
   </div>
   <div class='ocr_carea' id='block_1_38' title="bbox 867 3541 2444 3612">
    <p class='ocr_par' dir='ltr' id='par_1_38' title="bbox 867 3541 2444 3612">
     <span class='ocr_line' id='line_1_38' title="bbox 867 3541 2444 3612; baseline 0.005 -22"><span class='ocrx_word' id='word_1_255' title='bbox 867 3555 1036 3592; x_wconf 89' lang='lat' dir='ltr'><strong>unqu</strong></span> <span class='ocrx_word' id='word_1_256' title='bbox 1097 3556 1288 3594; x_wconf 83' lang='lat' dir='ltr'><strong>onmes</strong></span> <span class='ocrx_word' id='word_1_257' title='bbox 1340 3541 1732 3596; x_wconf 80' lang='lat' dir='ltr'><strong>conﬂuxerint.</strong></span> <span class='ocrx_word' id='word_1_258' title='bbox 1783 3541 1954 3596; x_wconf 90' lang='lat' dir='ltr'><strong>Domo</strong></span> <span class='ocrx_word' id='word_1_259' title='bbox 1984 3542 2151 3611; x_wconf 82' lang='lat' dir='ltr'><strong>igitur</strong></span> <span class='ocrx_word' id='word_1_260' title='bbox 2203 3544 2444 3612; x_wconf 89' lang='lat' dir='ltr'><strong>undique</strong></span> 
     </span>
    </p>
   </div>
   <div class='ocr_carea' id='block_1_39' title="bbox 865 3631 2446 3704">
    <p class='ocr_par' dir='ltr' id='par_1_39' title="bbox 865 3631 2446 3704">
     <span class='ocr_line' id='line_1_39' title="bbox 865 3631 2446 3704; baseline 0 -19"><span class='ocrx_word' id='word_1_261' title='bbox 865 3631 1031 3701; x_wconf 73' lang='lat'><strong>279</strong></span> <span class='ocrx_word' id='word_1_262' title='bbox 1053 3633 1444 3697; x_wconf 89' lang='lat' dir='ltr'><strong>circumsessa,</strong></span> <span class='ocrx_word' id='word_1_263' title='bbox 1488 3649 1793 3704; x_wconf 78' lang='lat' dir='ltr'><strong>utagnaque</strong></span> <span class='ocrx_word' id='word_1_264' title='bbox 1846 3633 2091 3688; x_wconf 73' lang='lat' dir='ltr'><strong>materia:</strong></span> <span class='ocrx_word' id='word_1_265' title='bbox 2139 3633 2294 3704; x_wconf 91' lang='lat' dir='ltr'><strong>copia</strong></span> <span class='ocrx_word' id='word_1_266' title='bbox 2338 3635 2446 3687; x_wconf 88' lang='lat' dir='ltr'><strong>cir-</strong></span> 
     </span>
    </p>
   </div>
   <div class='ocr_carea' id='block_1_40' title="bbox 865 3723 2444 3796">
    <p class='ocr_par' dir='ltr' id='par_1_40' title="bbox 865 3723 2444 3796">
     <span class='ocr_line' id='line_1_40' title="bbox 865 3723 2444 3796; baseline 0.001 -20"><span class='ocrx_word' id='word_1_267' title='bbox 865 3738 1214 3794; x_wconf 82' lang='lat' dir='ltr'><strong>cumqnaque</strong></span> <span class='ocrx_word' id='word_1_268' title='bbox 1260 3734 1541 3796; x_wconf 84' lang='lat' dir='ltr'><strong>congesta.</strong></span> <span class='ocrx_word' id='word_1_269' title='bbox 1601 3726 1779 3794; x_wconf 87' lang='lat' dir='ltr'><strong>ignem</strong></span> <span class='ocrx_word' id='word_1_270' title='bbox 1822 3725 2147 3795; x_wconf 90' lang='lat' dir='ltr'><strong>subjiciunt.</strong></span> <span class='ocrx_word' id='word_1_271' title='bbox 2203 3723 2444 3778; x_wconf 79' lang='lat' dir='ltr'><strong>Flamma</strong></span> 
     </span>
    </p>
   </div>
   <div class='ocr_carea' id='block_1_41' title="bbox 866 3816 2447 3887">
    <p class='ocr_par' dir='ltr' id='par_1_41' title="bbox 866 3816 2447 3887">
     <span class='ocr_line' id='line_1_41' title="bbox 866 3816 2447 3887; baseline 0.002 -18"><span class='ocrx_word' id='word_1_272' title='bbox 866 3832 998 3870; x_wconf 84' lang='lat' dir='ltr'><strong>vero</strong></span> <span class='ocrx_word' id='word_1_273' title='bbox 1039 3818 1245 3887; x_wconf 90' lang='lat' dir='ltr'><strong>ingenti</strong></span> <span class='ocrx_word' id='word_1_274' title='bbox 1282 3827 1446 3874; x_wconf 80' lang='lat' dir='ltr'><strong>vento</strong></span> <span class='ocrx_word' id='word_1_275' title='bbox 1474 3826 1604 3872; x_wconf 91' lang='lat' dir='ltr'><strong>tunc</strong></span> <span class='ocrx_word' id='word_1_276' title='bbox 1631 3816 1773 3873; x_wconf 84' lang='lat' dir='ltr'><strong>forte</strong></span> <span class='ocrx_word' id='word_1_277' title='bbox 1803 3827 1926 3874; x_wconf 84' lang='lat' dir='ltr'><strong>orto</strong></span> <span class='ocrx_word' id='word_1_278' title='bbox 1962 3819 2209 3882; x_wconf 91' lang='lat' dir='ltr'><strong>incitata,</strong></span> <span class='ocrx_word' id='word_1_279' title='bbox 2235 3818 2447 3872; x_wconf 83' lang='lat' dir='ltr'><strong>univer-</strong></span> 
     </span>
    </p>
   </div>
   <div class='ocr_carea' id='block_1_42' title="bbox 869 3906 2448 3978">
    <p class='ocr_par' dir='ltr' id='par_1_42' title="bbox 869 3906 2448 3978">
     <span class='ocr_line' id='line_1_42' title="bbox 869 3906 2448 3978; baseline 0.004 -21"><span class='ocrx_word' id='word_1_280' title='bbox 869 3919 986 3958; x_wconf 86' lang='lat' dir='ltr'><strong>sam</strong></span> <span class='ocrx_word' id='word_1_281' title='bbox 1032 3909 1216 3960; x_wconf 84' lang='lat' dir='ltr'><strong>statim</strong></span> <span class='ocrx_word' id='word_1_282' title='bbox 1249 3909 1533 3962; x_wconf 87' lang='lat' dir='ltr'><strong>materiem</strong></span> <span class='ocrx_word' id='word_1_283' title='bbox 1567 3907 1854 3977; x_wconf 90' lang='lat' dir='ltr'><strong>corripuit.</strong></span> <span class='ocrx_word' id='word_1_284' title='bbox 1892 3906 1999 3962; x_wconf 83' lang='lat' dir='ltr'><strong>Sed</strong></span> <span class='ocrx_word' id='word_1_285' title='bbox 2026 3917 2080 3963; x_wconf 85' lang='lat' dir='ltr'><strong>et</strong></span> <span class='ocrx_word' id='word_1_286' title='bbox 2106 3923 2448 3978; x_wconf 54' lang='lat' dir='ltr'><strong>quacunque</strong></span> 
     </span>
    </p>
   </div>
   <div class='ocr_carea' id='block_1_43' title="bbox 2558 599 4136 677">
    <p class='ocr_par' dir='ltr' id='par_1_43' title="bbox 2558 599 4136 677">
     <span class='ocr_line' id='line_1_43' title="bbox 2558 599 4136 677; baseline 0.002 -19"><span class='ocrx_word' id='word_1_287' title='bbox 2558 605 2799 668; x_wconf 77' lang='grc' dir='ltr'>Ἀπόδος,</span> <span class='ocrx_word' id='word_1_288' title='bbox 2817 604 2921 676; x_wconf 77' lang='grc' dir='ltr'><strong>ἔφη</strong></span> <span class='ocrx_word' id='word_1_289' title='bbox 2947 644 2961 668; x_wconf 84' lang='grc'><em>,</em></span> <span class='ocrx_word' id='word_1_290' title='bbox 2991 599 3037 659; x_wconf 82' lang='grc' dir='ltr'><strong>ὦ</strong></span> <span class='ocrx_word' id='word_1_291' title='bbox 3066 605 3312 675; x_wconf 84' lang='grc' dir='ltr'>βασιλεῦ,</span> <span class='ocrx_word' id='word_1_292' title='bbox 3345 609 3456 670; x_wconf 84' lang='grc' dir='ltr'>τοῖς</span> <span class='ocrx_word' id='word_1_293' title='bbox 3489 606 3664 677; x_wconf 79' lang='grc' dir='ltr'>ὀρθῶς</span> <span class='ocrx_word' id='word_1_294' title='bbox 3689 607 4000 672; x_wconf 69' lang='grc' dir='ltr'>δοξάζουσι.</span> <span class='ocrx_word' id='word_1_295' title='bbox 4037 611 4136 661; x_wconf 77' lang='grc' dir='ltr'>καὶ</span> 
     </span>
    </p>
   </div>
   <div class='ocr_carea' id='block_1_44' title="bbox 2539 695 4132 769">
    <p class='ocr_par' dir='ltr' id='par_1_44' title="bbox 2539 695 4132 769">
     <span class='ocr_line' id='line_1_44' title="bbox 2539 695 4132 769; baseline 0.001 -21"><span class='ocrx_word' id='word_1_296' title='bbox 2539 696 2640 766; x_wconf 80' lang='grc' dir='ltr'>τὴν</span> <span class='ocrx_word' id='word_1_297' title='bbox 2665 695 2964 767; x_wconf 74' lang='grc' dir='ltr'><strong>παράδοσιν</strong></span> <span class='ocrx_word' id='word_1_298' title='bbox 2997 697 3324 766; x_wconf 76' lang='grc' dir='ltr'><strong>φυλάττουσι</strong></span> <span class='ocrx_word' id='word_1_299' title='bbox 3357 697 3466 749; x_wconf 87' lang='grc' dir='ltr'>τῶν</span> <span class='ocrx_word' id='word_1_300' title='bbox 3504 701 3562 750; x_wconf 85' lang='grc' dir='ltr'><strong>ἐν</strong></span> <span class='ocrx_word' id='word_1_301' title='bbox 3591 697 3795 769; x_wconf 75' lang='grc' dir='ltr'>Νικαίᾳ</span> <span class='ocrx_word' id='word_1_302' title='bbox 3825 698 4132 765; x_wconf 59' lang='grc' dir='ltr'>συνεληλυ-</span> 
     </span>
    </p>
   </div>
   <div class='ocr_carea' id='block_1_45' title="bbox 2541 786 4136 858">
    <p class='ocr_par' dir='ltr' id='par_1_45' title="bbox 2541 786 4136 858">
     <span class='ocr_line' id='line_1_45' title="bbox 2541 786 4136 858; baseline 0 -19"><span class='ocrx_word' id='word_1_303' title='bbox 2541 786 2711 840; x_wconf 88' lang='grc' dir='ltr'>θότων</span> <span class='ocrx_word' id='word_1_304' title='bbox 2733 827 2749 850; x_wconf 83' lang='grc'><strong>.</strong></span> <span class='ocrx_word' id='word_1_305' title='bbox 2796 788 2894 850; x_wconf 78' lang='grc' dir='ltr'>τὰς</span> <span class='ocrx_word' id='word_1_306' title='bbox 2954 787 3351 858; x_wconf 80' lang='grc' dir='ltr'>ἀφαιρεθείσας</span> <span class='ocrx_word' id='word_1_307' title='bbox 3388 787 3718 857; x_wconf 70' lang='grc' dir='ltr'>ἐκκλησίας,</span> <span class='ocrx_word' id='word_1_308' title='bbox 3755 790 3849 841; x_wconf 78' lang='grc' dir='ltr'>καὶ</span> <span class='ocrx_word' id='word_1_309' title='bbox 3880 791 4136 858; x_wconf 75' lang='grc' dir='ltr'><strong>νικήσεις</strong></span> 
     </span>
    </p>
   </div>
   <div class='ocr_carea' id='block_1_46' title="bbox 2540 877 4136 949">
    <p class='ocr_par' dir='ltr' id='par_1_46' title="bbox 2540 877 4136 949">
     <span class='ocr_line' id='line_1_46' title="bbox 2540 877 4136 949; baseline 0.001 -18"><span class='ocrx_word' id='word_1_310' title='bbox 2540 879 2630 931; x_wconf 83' lang='grc' dir='ltr'>τὸν</span> <span class='ocrx_word' id='word_1_311' title='bbox 2673 879 2930 949; x_wconf 86' lang='grc' dir='ltr'>πόλεμον.</span> <span class='ocrx_word' id='word_1_312' title='bbox 2978 879 3281 948; x_wconf 66' lang='grc' dir='ltr'>Ὁργισθεὶς</span> <span class='ocrx_word' id='word_1_313' title='bbox 3327 879 3383 932; x_wconf 86' lang='grc' dir='ltr'>δὲ</span> <span class='ocrx_word' id='word_1_314' title='bbox 3433 881 3462 932; x_wconf 86' lang='grc' dir='ltr'><strong>ό</strong></span> <span class='ocrx_word' id='word_1_315' title='bbox 3513 877 3798 948; x_wconf 81' lang='grc' dir='ltr'>βασιλεὺς,</span> <span class='ocrx_word' id='word_1_316' title='bbox 3835 881 4136 932; x_wconf 78' lang='grc' dir='ltr'>ἐκέλευσεν</span> 
     </span>
    </p>
   </div>
   <div class='ocr_carea' id='block_1_47' title="bbox 2541 965 4137 1042">
    <p class='ocr_par' dir='ltr' id='par_1_47' title="bbox 2541 965 4137 1042">
     <span class='ocr_line' id='line_1_47' title="bbox 2541 965 4137 1042; baseline 0.003 -20"><span class='ocrx_word' id='word_1_317' title='bbox 2541 970 2703 1022; x_wconf 77' lang='grc' dir='ltr'>αὑτὸν</span> <span class='ocrx_word' id='word_1_318' title='bbox 2743 970 3117 1041; x_wconf 75' lang='grc' dir='ltr'>συλληφθῆναι</span> <span class='ocrx_word' id='word_1_319' title='bbox 3152 971 3248 1025; x_wconf 78' lang='grc' dir='ltr'>καὶ</span> <span class='ocrx_word' id='word_1_320' title='bbox 3279 971 3499 1042; x_wconf 77' lang='grc' dir='ltr'><strong>δέσμιον</strong></span> <span class='ocrx_word' id='word_1_321' title='bbox 3529 965 3895 1039; x_wconf 74' lang='grc' dir='ltr'>φυλάττεσθαι</span> <span class='ocrx_word' id='word_1_322' title='bbox 3920 1014 3936 1036; x_wconf 85' lang='grc'><em>,</em></span> <span class='ocrx_word' id='word_1_323' title='bbox 3968 973 4137 1040; x_wconf 67' lang='grc' dir='ltr'>ἄχρις</span> 
     </span>
    </p>
   </div>
   <div class='ocr_carea' id='block_1_48' title="bbox 2542 1063 4134 1135">
    <p class='ocr_par' dir='ltr' id='par_1_48' title="bbox 2542 1063 4134 1135">
     <span class='ocr_line' id='line_1_48' title="bbox 2542 1063 4134 1135; baseline -0.004 -18"><span class='ocrx_word' id='word_1_324' title='bbox 2542 1064 2876 1130; x_wconf 85' lang='grc' dir='ltr'>ἐπανελθὼν,</span> <span class='ocrx_word' id='word_1_325' title='bbox 2921 1065 3078 1134; x_wconf 84' lang='grc' dir='ltr'>δίκην</span> <span class='ocrx_word' id='word_1_326' title='bbox 3109 1063 3471 1135; x_wconf 81' lang='grc' dir='ltr'>είσπράξηται</span> <span class='ocrx_word' id='word_1_327' title='bbox 3517 1063 3613 1117; x_wconf 78' lang='grc' dir='ltr'><strong>τοῦ</strong></span> <span class='ocrx_word' id='word_1_328' title='bbox 3656 1063 4031 1134; x_wconf 79' lang='grc' dir='ltr'>τολμήματος.</span> <span class='ocrx_word' id='word_1_329' title='bbox 4078 1064 4134 1112; x_wconf 75' lang='grc'><strong>’11</strong></span> 
     </span>
    </p>
   </div>
   <div class='ocr_carea' id='block_1_49' title="bbox 2541 1154 4136 1227">
    <p class='ocr_par' dir='ltr' id='par_1_49' title="bbox 2541 1154 4136 1227">
     <span class='ocr_line' id='line_1_49' title="bbox 2541 1154 4136 1227; baseline -0.001 -19"><span class='ocrx_word' id='word_1_330' title='bbox 2541 1155 2598 1208; x_wconf 86' lang='grc' dir='ltr'>δὲ</span> <span class='ocrx_word' id='word_1_331' title='bbox 2631 1155 2945 1220; x_wconf 81' lang='grc' dir='ltr'>ὑπολαϐὼν,</span> <span class='ocrx_word' id='word_1_332' title='bbox 2991 1154 3129 1209; x_wconf 78' lang='grc' dir='ltr'>Ἀλλ’</span> <span class='ocrx_word' id='word_1_333' title='bbox 3160 1155 3258 1226; x_wconf 81' lang='grc' dir='ltr'><strong>οὐχ</strong></span> <span class='ocrx_word' id='word_1_334' title='bbox 3295 1156 3662 1227; x_wconf 69' lang='grc' dir='ltr'>ύποστρέψῃς.</span> <span class='ocrx_word' id='word_1_335' title='bbox 3706 1157 3808 1224; x_wconf 65' lang='grc' dir='ltr'><strong>ἔφη</strong></span> <span class='ocrx_word' id='word_1_336' title='bbox 3833 1196 3848 1218; x_wconf 83' lang='grc'>,</span> <span class='ocrx_word' id='word_1_337' title='bbox 3883 1157 3958 1225; x_wconf 84' lang='grc' dir='ltr'>μὴ</span> <span class='ocrx_word' id='word_1_338' title='bbox 3993 1158 4136 1208; x_wconf 73' lang='grc' dir='ltr'>ἁποο</span> 
     </span>
    </p>
   </div>
   <div class='ocr_carea' id='block_1_50' title="bbox 2538 1243 4135 1318">
    <p class='ocr_par' dir='ltr' id='par_1_50' title="bbox 2538 1243 4135 1318">
     <span class='ocr_line' id='line_1_50' title="bbox 2538 1243 4135 1318; baseline -0.001 -20"><span class='ocrx_word' id='word_1_339' title='bbox 2538 1243 2667 1308; x_wconf 83' lang='grc' dir='ltr'>δοὺς</span> <span class='ocrx_word' id='word_1_340' title='bbox 2707 1245 2807 1309; x_wconf 85' lang='grc' dir='ltr'><strong>τὰς</strong></span> <span class='ocrx_word' id='word_1_341' title='bbox 2847 1246 3163 1317; x_wconf 84' lang='grc' dir='ltr'>ἐκκλησίας.</span> <span class='ocrx_word' id='word_1_342' title='bbox 3208 1247 3319 1300; x_wconf 76' lang='grc' dir='ltr'><strong>Καὶ</strong></span> <span class='ocrx_word' id='word_1_343' title='bbox 3351 1246 3533 1318; x_wconf 75' lang='grc' dir='ltr'>ἀπέϐη</span> <span class='ocrx_word' id='word_1_344' title='bbox 3593 1247 3787 1310; x_wconf 78' lang='grc' dir='ltr'>οὓτως.</span> <span class='ocrx_word' id='word_1_345' title='bbox 3829 1247 3985 1299; x_wconf 73' lang='grc' dir='ltr'>Ἐπεὶ</span> <span class='ocrx_word' id='word_1_346' title='bbox 4019 1247 4135 1313; x_wconf 72' lang='grc' dir='ltr'><strong>γὰρ</strong></span> 
     </span>
    </p>
   </div>
   <div class='ocr_carea' id='block_1_51' title="bbox 2546 1336 4136 1408">
    <p class='ocr_par' dir='ltr' id='par_1_51' title="bbox 2546 1336 4136 1408">
     <span class='ocr_line' id='line_1_51' title="bbox 2546 1336 4136 1408; baseline -0.004 -16"><span class='ocrx_word' id='word_1_347' title='bbox 2546 1338 2660 1408; x_wconf 70' lang='grc' dir='ltr'>ἅμα</span> <span class='ocrx_word' id='word_1_348' title='bbox 2679 1338 2757 1406; x_wconf 82' lang='grc' dir='ltr'><strong>τῷ</strong></span> <span class='ocrx_word' id='word_1_349' title='bbox 2785 1337 3000 1408; x_wconf 89' lang='grc' dir='ltr'>στρατῷ</span> <span class='ocrx_word' id='word_1_350' title='bbox 3033 1337 3352 1406; x_wconf 74' lang='grc' dir='ltr'><strong>ἐπεξῆλθεν,</strong></span> <span class='ocrx_word' id='word_1_351' title='bbox 3371 1337 3422 1390; x_wconf 84' lang='grc' dir='ltr'>οἱ</span> <span class='ocrx_word' id='word_1_352' title='bbox 3454 1337 3552 1408; x_wconf 84' lang='grc' dir='ltr'>μὲν</span> <span class='ocrx_word' id='word_1_353' title='bbox 3581 1336 3765 1390; x_wconf 84' lang='grc' dir='ltr'>Γότθοι</span> <span class='ocrx_word' id='word_1_354' title='bbox 3802 1336 4136 1404; x_wconf 75' lang='grc' dir='ltr'>διωκόμενοι</span> 
     </span>
    </p>
   </div>
   <div class='ocr_carea' id='block_1_52' title="bbox 2546 1424 4135 1501">
    <p class='ocr_par' dir='ltr' id='par_1_52' title="bbox 2546 1424 4135 1501">
     <span class='ocr_line' id='line_1_52' title="bbox 2546 1424 4135 1501; baseline -0.005 -18"><span class='ocrx_word' id='word_1_355' title='bbox 2546 1429 2886 1501; x_wconf 81' lang='grc' dir='ltr'>ὑπεχώρουν.</span> <span class='ocrx_word' id='word_1_356' title='bbox 2926 1429 2985 1483; x_wconf 86' lang='lat'><strong>&#39;0</strong></span> <span class='ocrx_word' id='word_1_357' title='bbox 3018 1429 3078 1483; x_wconf 78' lang='grc' dir='ltr'>δὲ</span> <span class='ocrx_word' id='word_1_358' title='bbox 3105 1428 3283 1484; x_wconf 83' lang='grc' dir='ltr'>ἀπιὼν</span> <span class='ocrx_word' id='word_1_359' title='bbox 3317 1429 3462 1497; x_wconf 77' lang='grc'><strong>(81),</strong></span> <span class='ocrx_word' id='word_1_360' title='bbox 3490 1429 3592 1500; x_wconf 70' lang='grc' dir='ltr'><strong>ἠδη</strong></span> <span class='ocrx_word' id='word_1_361' title='bbox 3641 1427 3998 1497; x_wconf 68' lang='grc' dir='ltr'><strong>παραμείψας</strong></span> <span class='ocrx_word' id='word_1_362' title='bbox 4031 1424 4135 1494; x_wconf 72' lang='grc' dir='ltr'>τὴν</span> 
     </span>
    </p>
   </div>
   <div class='ocr_carea' id='block_1_53' title="bbox 2545 1516 4135 1593">
    <p class='ocr_par' dir='ltr' id='par_1_53' title="bbox 2545 1516 4135 1593">
     <span class='ocr_line' id='line_1_53' title="bbox 2545 1516 4135 1593; baseline -0.003 -19"><span class='ocrx_word' id='word_1_363' title='bbox 2545 1521 2808 1593; x_wconf 82' lang='grc' dir='ltr'>Θρᾴκην,</span> <span class='ocrx_word' id='word_1_364' title='bbox 2854 1516 2991 1593; x_wconf 73' lang='grc' dir='ltr'>ἧκεν</span> <span class='ocrx_word' id='word_1_365' title='bbox 3033 1523 3112 1585; x_wconf 88' lang='grc' dir='ltr'><strong>είς</strong></span> <span class='ocrx_word' id='word_1_366' title='bbox 3151 1521 3250 1592; x_wconf 79' lang='grc' dir='ltr'>τὴν</span> <span class='ocrx_word' id='word_1_367' title='bbox 3304 1522 3800 1592; x_wconf 81' lang='grc' dir='ltr'>Ἀνδριανούπολιν.</span> <span class='ocrx_word' id='word_1_368' title='bbox 3856 1521 3973 1571; x_wconf 83' lang='grc' dir='ltr'>Οὐκ</span> 
     </span>
    </p>
   </div>
   <div class='ocr_carea' id='block_1_54' title="bbox 2548 1610 4134 1682">
    <p class='ocr_par' dir='ltr' id='par_1_54' title="bbox 2548 1610 4134 1682">
     <span class='ocr_line' id='line_1_54' title="bbox 2548 1610 4134 1682; baseline -0.004 -16"><span class='ocrx_word' id='word_1_369' title='bbox 2548 1613 2746 1666; x_wconf 78' lang='grc' dir='ltr'>πολλοῦ</span> <span class='ocrx_word' id='word_1_370' title='bbox 2794 1631 2854 1666; x_wconf 90' lang='grc' dir='ltr'><strong>τε</strong></span> <span class='ocrx_word' id='word_1_371' title='bbox 2901 1613 3194 1682; x_wconf 85' lang='grc' dir='ltr'>γενόμενος</span> <span class='ocrx_word' id='word_1_372' title='bbox 3243 1613 3357 1675; x_wconf 86' lang='grc' dir='ltr'>τοῖς</span> <span class='ocrx_word' id='word_1_373' title='bbox 3415 1611 3752 1682; x_wconf 82' lang='grc' dir='ltr'>βαρϐάροις,</span> <span class='ocrx_word' id='word_1_374' title='bbox 3789 1612 3848 1661; x_wconf 88' lang='grc' dir='ltr'><strong>ἐν</strong></span> <span class='ocrx_word' id='word_1_375' title='bbox 3894 1610 4134 1678; x_wconf 65' lang='grc' dir='ltr'>ἀσφαλεί</span> 
     </span>
    </p>
   </div>
   <div class='ocr_carea' id='block_1_55' title="bbox 2546 1704 4128 1777">
    <p class='ocr_par' dir='ltr' id='par_1_55' title="bbox 2546 1704 4128 1777">
     <span class='ocr_line' id='line_1_55' title="bbox 2546 1704 4128 1777; baseline -0.003 -19"><span class='ocrx_word' id='word_1_376' title='bbox 2546 1706 2709 1776; x_wconf 83' lang='grc' dir='ltr'><strong>χώρῳ</strong></span> <span class='ocrx_word' id='word_1_377' title='bbox 2739 1705 3323 1777; x_wconf 79' lang='grc' dir='ltr'>στρατοπεδευομένοις</span> <span class='ocrx_word' id='word_1_378' title='bbox 3342 1746 3358 1771; x_wconf 83' lang='grc'><em>,</em></span> <span class='ocrx_word' id='word_1_379' title='bbox 3385 1705 3578 1757; x_wconf 78' lang='grc' dir='ltr'>θᾶττον</span> <span class='ocrx_word' id='word_1_380' title='bbox 3603 1705 3635 1774; x_wconf 88' lang='grc' dir='ltr'>ἢ</span> <span class='ocrx_word' id='word_1_381' title='bbox 3667 1704 3773 1756; x_wconf 74' lang='grc' dir='ltr'>ἔδει</span> <span class='ocrx_word' id='word_1_382' title='bbox 3801 1721 3865 1756; x_wconf 91' lang='grc' dir='ltr'><strong>συ</strong></span> <span class='ocrx_word' id='word_1_383' title='bbox 3875 1704 4128 1772; x_wconf 71' lang='grc' dir='ltr'><strong>μϐἑ).ὶ.ει,</strong></span> 
     </span>
    </p>
   </div>
   <div class='ocr_carea' id='block_1_56' title="bbox 2548 1793 4130 1872">
    <p class='ocr_par' dir='ltr' id='par_1_56' title="bbox 2548 1793 4130 1872">
     <span class='ocr_line' id='line_1_56' title="bbox 2548 1793 4130 1872; baseline -0.002 -20"><span class='ocrx_word' id='word_1_384' title='bbox 2548 1800 2624 1870; x_wconf 83' lang='grc' dir='ltr'>μὴ</span> <span class='ocrx_word' id='word_1_385' title='bbox 2652 1798 2962 1869; x_wconf 77' lang='grc' dir='ltr'>προδιαθεὶς</span> <span class='ocrx_word' id='word_1_386' title='bbox 3083 1799 3189 1870; x_wconf 81' lang='grc' dir='ltr'><strong>χρὴ</strong></span> <span class='ocrx_word' id='word_1_387' title='bbox 3222 1800 3314 1852; x_wconf 77' lang='grc' dir='ltr'>καὶ</span> <span class='ocrx_word' id='word_1_388' title='bbox 3345 1799 3455 1866; x_wconf 80' lang='grc' dir='ltr'><strong>ὅπη</strong></span> <span class='ocrx_word' id='word_1_389' title='bbox 3500 1797 3658 1862; x_wconf 83' lang='grc' dir='ltr'>τάξαι</span> <span class='ocrx_word' id='word_1_390' title='bbox 3701 1797 3803 1866; x_wconf 76' lang='grc' dir='ltr'>τὴν</span> <span class='ocrx_word' id='word_1_391' title='bbox 3838 1797 4130 1865; x_wconf 73' lang='grc' dir='ltr'>στρατιάν.</span> 
     </span>
    </p>
   </div>
   <div class='ocr_carea' id='block_1_57' title="bbox 2473 1875 4132 1961">
    <p class='ocr_par' dir='ltr' id='par_1_57' title="bbox 2473 1875 4132 1961">
     <span class='ocr_line' id='line_1_57' title="bbox 2473 1875 4132 1961; baseline -0.004 -16"><span class='ocrx_word' id='word_1_392' title='bbox 2473 1875 2516 1930; x_wconf 73' lang='grc' dir='ltr'><strong>Β</strong></span> <span class='ocrx_word' id='word_1_393' title='bbox 2544 1891 2981 1958; x_wconf 84' lang='grc' dir='ltr'>Διασπασθείσης</span> <span class='ocrx_word' id='word_1_394' title='bbox 3003 1891 3059 1944; x_wconf 88' lang='grc' dir='ltr'><strong>δέ</strong></span> <span class='ocrx_word' id='word_1_395' title='bbox 3085 1891 3236 1961; x_wconf 84' lang='grc' dir='ltr'><strong>αὐτῷ</strong></span> <span class='ocrx_word' id='word_1_396' title='bbox 3261 1891 3359 1960; x_wconf 82' lang='grc' dir='ltr'>τῆς</span> <span class='ocrx_word' id='word_1_397' title='bbox 3387 1890 3580 1952; x_wconf 82' lang='grc' dir='ltr'>ἵππου,</span> <span class='ocrx_word' id='word_1_398' title='bbox 3611 1888 3702 1941; x_wconf 74' lang='grc' dir='ltr'>καὶ</span> <span class='ocrx_word' id='word_1_399' title='bbox 3723 1888 3818 1940; x_wconf 79' lang='grc' dir='ltr'>τοῦ</span> <span class='ocrx_word' id='word_1_400' title='bbox 3841 1886 4132 1939; x_wconf 73' lang='grc' dir='ltr'>ὁπλιτικοῦ</span> 
     </span>
    </p>
   </div>
   <div class='ocr_carea' id='block_1_58' title="bbox 2541 1978 4132 2055">
    <p class='ocr_par' dir='ltr' id='par_1_58' title="bbox 2541 1978 4132 2055">
     <span class='ocr_line' id='line_1_58' title="bbox 2541 1978 4132 2055; baseline -0.004 -19"><span class='ocrx_word' id='word_1_401' title='bbox 2541 1985 2878 2055; x_wconf 79' lang='grc' dir='ltr'>τραπέντος,</span> <span class='ocrx_word' id='word_1_402' title='bbox 2925 1982 3252 2052; x_wconf 82' lang='grc' dir='ltr'>διωκόμενος</span> <span class='ocrx_word' id='word_1_403' title='bbox 3300 1979 3408 2033; x_wconf 83' lang='grc' dir='ltr'><strong>ὑπὸ</strong></span> <span class='ocrx_word' id='word_1_404' title='bbox 3457 1981 3566 2032; x_wconf 85' lang='grc' dir='ltr'>τῶν</span> <span class='ocrx_word' id='word_1_405' title='bbox 3598 1978 3908 2047; x_wconf 86' lang='grc' dir='ltr'>πολεμίων.</span> <span class='ocrx_word' id='word_1_406' title='bbox 3956 1978 4036 2039; x_wconf 75' lang='grc' dir='ltr'>εἷς</span> <span class='ocrx_word' id='word_1_407' title='bbox 4076 1994 4132 2030; x_wconf 88' lang='grc' dir='ltr'><strong>τι</strong></span> 
     </span>
    </p>
   </div>
   <div class='ocr_carea' id='block_1_59' title="bbox 2541 2070 4128 2144">
    <p class='ocr_par' dir='ltr' id='par_1_59' title="bbox 2541 2070 4128 2144">
     <span class='ocr_line' id='line_1_59' title="bbox 2541 2070 4128 2144; baseline -0.006 -16"><span class='ocrx_word' id='word_1_408' title='bbox 2541 2073 2866 2144; x_wconf 80' lang='grc' dir='ltr'>δωμάτιονῆ</span> <span class='ocrx_word' id='word_1_409' title='bbox 2899 2073 3127 2144; x_wconf 81' lang='grc' dir='ltr'>πύργον,</span> <span class='ocrx_word' id='word_1_410' title='bbox 3149 2072 3351 2140; x_wconf 77' lang='grc' dir='ltr'>ὀλίγοις</span> <span class='ocrx_word' id='word_1_411' title='bbox 3380 2073 3498 2141; x_wconf 84' lang='grc' dir='ltr'>ἇμα</span> <span class='ocrx_word' id='word_1_412' title='bbox 3529 2071 3916 2138; x_wconf 84' lang='grc' dir='ltr'>συνεπομένοις</span> <span class='ocrx_word' id='word_1_413' title='bbox 3953 2070 4128 2138; x_wconf 80' lang='grc' dir='ltr'>αὐτῷ,</span> 
     </span>
    </p>
   </div>
   <div class='ocr_carea' id='block_1_60' title="bbox 2531 2161 4128 2239">
    <p class='ocr_par' dir='ltr' id='par_1_60' title="bbox 2531 2161 4128 2239">
     <span class='ocr_line' id='line_1_60' title="bbox 2531 2161 4128 2239; baseline -0.006 -18"><span class='ocrx_word' id='word_1_414' title='bbox 2531 2171 2600 2222; x_wconf 68' lang='grc' dir='ltr'><strong>ἐν</strong></span> <span class='ocrx_word' id='word_1_415' title='bbox 2637 2168 2715 2239; x_wconf 85' lang='grc' dir='ltr'><strong>τῷ</strong></span> <span class='ocrx_word' id='word_1_416' title='bbox 2741 2168 2965 2236; x_wconf 83' lang='grc' dir='ltr'>φεύγειν</span> <span class='ocrx_word' id='word_1_417' title='bbox 2988 2165 3200 2229; x_wconf 82' lang='grc' dir='ltr'>ἀποϐὰς</span> <span class='ocrx_word' id='word_1_418' title='bbox 3228 2164 3322 2218; x_wconf 84' lang='grc' dir='ltr'>τοῦ</span> <span class='ocrx_word' id='word_1_419' title='bbox 3356 2165 3524 2217; x_wconf 82' lang='grc' dir='ltr'>ἶππου</span> <span class='ocrx_word' id='word_1_420' title='bbox 3542 2205 3557 2227; x_wconf 90' lang='grc'><em>,</em></span> <span class='ocrx_word' id='word_1_421' title='bbox 3589 2163 3766 2216; x_wconf 80' lang='grc' dir='ltr'>εἰσέδυ</span> <span class='ocrx_word' id='word_1_422' title='bbox 3797 2164 3892 2216; x_wconf 83' lang='grc' dir='ltr'>καὶ</span> <span class='ocrx_word' id='word_1_423' title='bbox 3913 2161 4128 2214; x_wconf 77' lang='grc' dir='ltr'>ἔλαϐεν.</span> 
     </span>
    </p>
   </div>
   <div class='ocr_carea' id='block_1_61' title="bbox 2547 2251 4132 2330">
    <p class='ocr_par' dir='ltr' id='par_1_61' title="bbox 2547 2251 4132 2330">
     <span class='ocr_line' id='line_1_61' title="bbox 2547 2251 4132 2330; baseline -0.008 -16"><span class='ocrx_word' id='word_1_424' title='bbox 2547 2260 2609 2314; x_wconf 83' lang='lat' dir='ltr'><strong>Oi</strong></span> <span class='ocrx_word' id='word_1_425' title='bbox 2635 2259 2692 2312; x_wconf 81' lang='grc' dir='ltr'><strong>δέ</strong></span> <span class='ocrx_word' id='word_1_426' title='bbox 2720 2258 2987 2330; x_wconf 80' lang='grc' dir='ltr'>βάρϐαροι</span> <span class='ocrx_word' id='word_1_427' title='bbox 3026 2257 3176 2310; x_wconf 75' lang='grc' dir='ltr'>ἔθεον</span> <span class='ocrx_word' id='word_1_428' title='bbox 3203 2256 3290 2310; x_wconf 82' lang='grc' dir='ltr'>ἐπ’</span> <span class='ocrx_word' id='word_1_429' title='bbox 3320 2255 3482 2309; x_wconf 76' lang='grc' dir='ltr'>αὑτὸν</span> <span class='ocrx_word' id='word_1_430' title='bbox 3515 2254 3591 2316; x_wconf 85' lang='grc' dir='ltr'>ὡς</span> <span class='ocrx_word' id='word_1_431' title='bbox 3635 2257 3962 2324; x_wconf 75' lang='grc' dir='ltr'>αἱρήσοντες</span> <span class='ocrx_word' id='word_1_432' title='bbox 3987 2269 4000 2280; x_wconf 89' lang='grc'><strong>·</strong></span> <span class='ocrx_word' id='word_1_433' title='bbox 4033 2251 4132 2304; x_wconf 78' lang='grc' dir='ltr'>καὶ</span> 
     </span>
    </p>
   </div>
   <div class='ocr_carea' id='block_1_62' title="bbox 2545 2339 4132 2420">
    <p class='ocr_par' dir='ltr' id='par_1_62' title="bbox 2545 2339 4132 2420">
     <span class='ocr_line' id='line_1_62' title="bbox 2545 2339 4132 2420; baseline -0.004 -17"><span class='ocrx_word' id='word_1_434' title='bbox 2545 2352 2641 2403; x_wconf 79' lang='grc' dir='ltr'>ἐπὶ</span> <span class='ocrx_word' id='word_1_435' title='bbox 2672 2351 2733 2404; x_wconf 82' lang='grc' dir='ltr'>τὸ</span> <span class='ocrx_word' id='word_1_436' title='bbox 2757 2350 2950 2420; x_wconf 88' lang='grc' dir='ltr'>πρόσω</span> <span class='ocrx_word' id='word_1_437' title='bbox 2977 2351 3200 2419; x_wconf 73' lang='grc' dir='ltr'>ἱέμενοι,</span> <span class='ocrx_word' id='word_1_438' title='bbox 3234 2339 3574 2420; x_wconf 80' lang='grc' dir='ltr'>παρέτρεχον</span> <span class='ocrx_word' id='word_1_439' title='bbox 3594 2366 3606 2379; x_wconf 79' lang='grc' dir='ltr'><strong><em>ο</em></strong></span> <span class='ocrx_word' id='word_1_440' title='bbox 3643 2349 3702 2400; x_wconf 73' lang='grc' dir='ltr'>οὐ</span> <span class='ocrx_word' id='word_1_441' title='bbox 3731 2349 3840 2418; x_wconf 72' lang='grc' dir='ltr'><strong>γὰρ</strong></span> <span class='ocrx_word' id='word_1_442' title='bbox 3866 2349 4132 2400; x_wconf 36' lang='lat' dir='ltr'><strong>onem...</strong></span> 
     </span>
    </p>
   </div>
   <div class='ocr_carea' id='block_1_63' title="bbox 2544 2435 4129 2512">
    <p class='ocr_par' dir='ltr' id='par_1_63' title="bbox 2544 2435 4129 2512">
     <span class='ocr_line' id='line_1_63' title="bbox 2544 2435 4129 2512; baseline -0.004 -16"><span class='ocrx_word' id='word_1_443' title='bbox 2544 2443 2707 2496; x_wconf 82' lang='grc' dir='ltr'>αὑτὸν</span> <span class='ocrx_word' id='word_1_444' title='bbox 2734 2442 2911 2496; x_wconf 78' lang='grc' dir='ltr'>ἐκεῖσε</span> <span class='ocrx_word' id='word_1_445' title='bbox 2942 2439 3302 2512; x_wconf 77' lang='grc' dir='ltr'>κρύπτεσθαι.</span> <span class='ocrx_word' id='word_1_446' title='bbox 3330 2439 3454 2492; x_wconf 81' lang='grc' dir='ltr'><strong>Τῶν</strong></span> <span class='ocrx_word' id='word_1_447' title='bbox 3487 2440 3529 2492; x_wconf 80' lang='grc' dir='ltr'>δ’</span> <span class='ocrx_word' id='word_1_448' title='bbox 3562 2435 3627 2492; x_wconf 85' lang='grc' dir='ltr'>αὖ</span> <span class='ocrx_word' id='word_1_449' title='bbox 3663 2441 3760 2493; x_wconf 74' lang='grc' dir='ltr'><strong>σὺν</strong></span> <span class='ocrx_word' id='word_1_450' title='bbox 3782 2440 3929 2509; x_wconf 77' lang='grc' dir='ltr'><strong>αύτῴ</strong></span> <span class='ocrx_word' id='word_1_451' title='bbox 3954 2457 4129 2502; x_wconf 75' lang='grc' dir='ltr'>τινες.</span> 
     </span>
    </p>
   </div>
   <div class='ocr_carea' id='block_1_64' title="bbox 2545 2531 4131 2605">
    <p class='ocr_par' dir='ltr' id='par_1_64' title="bbox 2545 2531 4131 2605">
     <span class='ocr_line' id='line_1_64' title="bbox 2545 2531 4131 2605; baseline -0.004 -17"><span class='ocrx_word' id='word_1_452' title='bbox 2545 2534 2646 2605; x_wconf 71' lang='grc' dir='ltr'><strong>ἥδη</strong></span> <span class='ocrx_word' id='word_1_453' title='bbox 2670 2532 2776 2586; x_wconf 83' lang='grc' dir='ltr'>τῶν</span> <span class='ocrx_word' id='word_1_454' title='bbox 2799 2532 3068 2585; x_wconf 88' lang='grc' dir='ltr'>πλειόνων</span> <span class='ocrx_word' id='word_1_455' title='bbox 3107 2531 3398 2602; x_wconf 83' lang='grc' dir='ltr'>βαρϐάρων</span> <span class='ocrx_word' id='word_1_456' title='bbox 3429 2531 3841 2603; x_wconf 75' lang='grc' dir='ltr'>ὑπερϐαλόντων</span> <span class='ocrx_word' id='word_1_457' title='bbox 3876 2532 3964 2584; x_wconf 64' lang='grc' dir='ltr'><strong>τὸν</strong></span> <span class='ocrx_word' id='word_1_458' title='bbox 4000 2533 4131 2601; x_wconf 72' lang='grc' dir='ltr'>τῇδε</span> 
     </span>
    </p>
   </div>
   <div class='ocr_carea' id='block_1_65' title="bbox 2545 2623 4132 2698">
    <p class='ocr_par' dir='ltr' id='par_1_65' title="bbox 2545 2623 4132 2698">
     <span class='ocr_line' id='line_1_65' title="bbox 2545 2623 4132 2698; baseline -0.003 -19"><span class='ocrx_word' id='word_1_459' title='bbox 2545 2627 2744 2698; x_wconf 78' lang='grc' dir='ltr'>χῶρον,</span> <span class='ocrx_word' id='word_1_460' title='bbox 2783 2625 2976 2692; x_wconf 77' lang='grc' dir='ltr'>ὀλίγων</span> <span class='ocrx_word' id='word_1_461' title='bbox 2999 2624 3054 2676; x_wconf 77' lang='grc' dir='ltr'>δὲ</span> <span class='ocrx_word' id='word_1_462' title='bbox 3081 2623 3312 2676; x_wconf 80' lang='grc' dir='ltr'>κατόπιν</span> <span class='ocrx_word' id='word_1_463' title='bbox 3335 2623 3522 2687; x_wconf 80' lang='grc' dir='ltr'>ϐντων,</span> <span class='ocrx_word' id='word_1_464' title='bbox 3555 2625 3619 2677; x_wconf 87' lang='grc' dir='ltr'><strong>ἐκ</strong></span> <span class='ocrx_word' id='word_1_465' title='bbox 3655 2624 3748 2678; x_wconf 81' lang='grc' dir='ltr'>τοῦ</span> <span class='ocrx_word' id='word_1_466' title='bbox 3774 2624 3973 2693; x_wconf 54' lang='grc' dir='ltr'>δρόσου</span> <span class='ocrx_word' id='word_1_467' title='bbox 4002 2625 4132 2685; x_wconf 64' lang='grc' dir='ltr'>τοὺς</span> 
     </span>
    </p>
   </div>
   <div class='ocr_carea' id='block_1_66' title="bbox 2545 2714 4133 2789">
    <p class='ocr_par' dir='ltr' id='par_1_66' title="bbox 2545 2714 4133 2789">
     <span class='ocr_line' id='line_1_66' title="bbox 2545 2714 4133 2789; baseline -0.003 -18"><span class='ocrx_word' id='word_1_468' title='bbox 2545 2717 2843 2789; x_wconf 77' lang='grc' dir='ltr'>παριόντας</span> <span class='ocrx_word' id='word_1_469' title='bbox 2875 2715 3136 2780; x_wconf 79' lang='grc' dir='ltr'>ἐτόξευον”</span> <span class='ocrx_word' id='word_1_470' title='bbox 3162 2716 3209 2768; x_wconf 83' lang='grc' dir='ltr'><strong>οί</strong></span> <span class='ocrx_word' id='word_1_471' title='bbox 3239 2715 3293 2766; x_wconf 89' lang='grc' dir='ltr'>δὲ</span> <span class='ocrx_word' id='word_1_472' title='bbox 3321 2716 3414 2767; x_wconf 70' lang='grc' dir='ltr'>ἐπὶ</span> <span class='ocrx_word' id='word_1_473' title='bbox 3441 2714 3612 2784; x_wconf 80' lang='grc' dir='ltr'>τούτῳ</span> <span class='ocrx_word' id='word_1_474' title='bbox 3635 2717 3956 2787; x_wconf 80' lang='grc' dir='ltr'>ἀνέκραγον.</span> <span class='ocrx_word' id='word_1_475' title='bbox 4008 2718 4133 2770; x_wconf 76' lang='grc' dir='ltr'><strong>Ἐν-</strong></span> 
     </span>
    </p>
   </div>
   <div class='ocr_carea' id='block_1_67' title="bbox 2547 2808 4133 2878">
    <p class='ocr_par' dir='ltr' id='par_1_67' title="bbox 2547 2808 4133 2878">
     <span class='ocr_line' id='line_1_67' title="bbox 2547 2808 4133 2878; baseline -0.001 -16"><span class='ocrx_word' id='word_1_476' title='bbox 2547 2810 2674 2864; x_wconf 74' lang='grc' dir='ltr'>θάδε</span> <span class='ocrx_word' id='word_1_477' title='bbox 2704 2809 2918 2878; x_wconf 84' lang='grc' dir='ltr'>υύάλης</span> <span class='ocrx_word' id='word_1_478' title='bbox 2953 2808 3122 2862; x_wconf 82' lang='grc' dir='ltr'>ἐστίν.</span> <span class='ocrx_word' id='word_1_479' title='bbox 3169 2808 3524 2871; x_wconf 78' lang='grc' dir='ltr'>Ἀκούσαντες</span> <span class='ocrx_word' id='word_1_480' title='bbox 3561 2809 3616 2861; x_wconf 78' lang='grc' dir='ltr'>δὲ</span> <span class='ocrx_word' id='word_1_481' title='bbox 3642 2812 3691 2863; x_wconf 87' lang='grc' dir='ltr'>οἰ</span> <span class='ocrx_word' id='word_1_482' title='bbox 3733 2812 4133 2878; x_wconf 75' lang='grc' dir='ltr'>προστυχόντες</span> 
     </span>
    </p>
   </div>
   <div class='ocr_carea' id='block_1_68' title="bbox 2547 2900 4131 2972">
    <p class='ocr_par' dir='ltr' id='par_1_68' title="bbox 2547 2900 4131 2972">
     <span class='ocr_line' id='line_1_68' title="bbox 2547 2900 4131 2972; baseline 0.001 -19"><span class='ocrx_word' id='word_1_483' title='bbox 2547 2901 2809 2971; x_wconf 80' lang='grc' dir='ltr'>πλησίον,</span> <span class='ocrx_word' id='word_1_484' title='bbox 2841 2901 3148 2972; x_wconf 79' lang='grc' dir='ltr'>ἔμπροσθέν</span> <span class='ocrx_word' id='word_1_485' title='bbox 3195 2918 3254 2954; x_wconf 91' lang='grc' dir='ltr'><strong>τε</strong></span> <span class='ocrx_word' id='word_1_486' title='bbox 3296 2902 3389 2953; x_wconf 77' lang='grc' dir='ltr'>καὶ</span> <span class='ocrx_word' id='word_1_487' title='bbox 3440 2900 3665 2953; x_wconf 79' lang='grc' dir='ltr'>δπισθεν</span> <span class='ocrx_word' id='word_1_488' title='bbox 3712 2902 3806 2972; x_wconf 78' lang='grc' dir='ltr'><strong>βοῇ</strong></span> <span class='ocrx_word' id='word_1_489' title='bbox 3851 2907 3962 2966; x_wconf 83' lang='grc' dir='ltr'>τοῖς</span> <span class='ocrx_word' id='word_1_490' title='bbox 4006 2902 4131 2972; x_wconf 80' lang='grc' dir='ltr'>μετ’</span> 
     </span>
    </p>
   </div>
   <div class='ocr_carea' id='block_1_69' title="bbox 2548 2991 4130 3065">
    <p class='ocr_par' dir='ltr' id='par_1_69' title="bbox 2548 2991 4130 3065">
     <span class='ocr_line' id='line_1_69' title="bbox 2548 2991 4130 3065; baseline 0.001 -19"><span class='ocrx_word' id='word_1_491' title='bbox 2548 2994 2744 3054; x_wconf 81' lang='grc' dir='ltr'>αὐτοὺς</span> <span class='ocrx_word' id='word_1_492' title='bbox 2773 2991 3038 3062; x_wconf 70' lang='grc' dir='ltr'>ἐδήλουνά</span> <span class='ocrx_word' id='word_1_493' title='bbox 3081 2993 3110 3045; x_wconf 87' lang='grc' dir='ltr'>ὃ</span> <span class='ocrx_word' id='word_1_494' title='bbox 3138 2993 3333 3063; x_wconf 76' lang='grc' dir='ltr'>ἢκουον</span> <span class='ocrx_word' id='word_1_495' title='bbox 3361 3010 3372 3022; x_wconf 89' lang='grc'><strong>·</strong></span> <span class='ocrx_word' id='word_1_496' title='bbox 3406 2994 3482 3057; x_wconf 81' lang='grc' dir='ltr'>ὡς</span> <span class='ocrx_word' id='word_1_497' title='bbox 3528 2997 3587 3046; x_wconf 81' lang='grc' dir='ltr'><strong>ἐν</strong></span> <span class='ocrx_word' id='word_1_498' title='bbox 3633 2994 3824 3065; x_wconf 75' lang='grc' dir='ltr'>βραχεῖ</span> <span class='ocrx_word' id='word_1_499' title='bbox 3865 2997 3960 3048; x_wconf 74' lang='grc' dir='ltr'>καὶ</span> <span class='ocrx_word' id='word_1_500' title='bbox 3998 3000 4130 3056; x_wconf 69' lang='grc' dir='ltr'>τοὺς</span> 
     </span>
    </p>
   </div>
   <div class='ocr_carea' id='block_1_70' title="bbox 2551 3081 4130 3154">
    <p class='ocr_par' dir='ltr' id='par_1_70' title="bbox 2551 3081 4130 3154">
     <span class='ocr_line' id='line_1_70' title="bbox 2551 3081 4130 3154; baseline 0.001 -19"><span class='ocrx_word' id='word_1_501' title='bbox 2551 3083 2884 3154; x_wconf 69' lang='grc' dir='ltr'>πορρωτέρω</span> <span class='ocrx_word' id='word_1_502' title='bbox 2925 3081 3218 3152; x_wconf 79' lang='grc' dir='ltr'>πολεμίους</span> <span class='ocrx_word' id='word_1_503' title='bbox 3241 3083 3508 3145; x_wconf 82' lang='grc' dir='ltr'>ἀκοῦσαι,</span> <span class='ocrx_word' id='word_1_504' title='bbox 3540 3085 3631 3136; x_wconf 72' lang='grc' dir='ltr'>καὶ</span> <span class='ocrx_word' id='word_1_505' title='bbox 3671 3085 3760 3136; x_wconf 76' lang='grc' dir='ltr'>διὰ</span> <span class='ocrx_word' id='word_1_506' title='bbox 3809 3085 4007 3153; x_wconf 76' lang='grc' dir='ltr'>τάχους</span> <span class='ocrx_word' id='word_1_507' title='bbox 4049 3088 4130 3147; x_wconf 81' lang='grc' dir='ltr'><strong>εἰς</strong></span> 
     </span>
    </p>
   </div>
   <div class='ocr_carea' id='block_1_71' title="bbox 2550 3168 4128 3246">
    <p class='ocr_par' dir='ltr' id='par_1_71' title="bbox 2550 3168 4128 3246">
     <span class='ocr_line' id='line_1_71' title="bbox 2550 3168 4128 3246; baseline 0 -20"><span class='ocrx_word' id='word_1_508' title='bbox 2550 3175 2709 3227; x_wconf 80' lang='grc' dir='ltr'>αὑτὸν</span> <span class='ocrx_word' id='word_1_509' title='bbox 2740 3177 2949 3236; x_wconf 77' lang='grc' dir='ltr'>πάντας</span> <span class='ocrx_word' id='word_1_510' title='bbox 2976 3168 3249 3226; x_wconf 74' lang='grc' dir='ltr'>συνελθεῖν</span> <span class='ocrx_word' id='word_1_511' title='bbox 3265 3175 3396 3244; x_wconf 76' lang='lat'><strong>(89.).</strong></span> <span class='ocrx_word' id='word_1_512' title='bbox 3431 3176 3822 3246; x_wconf 80' lang='grc' dir='ltr'>Περιλαϐόντες</span> <span class='ocrx_word' id='word_1_513' title='bbox 3851 3177 3905 3229; x_wconf 84' lang='grc' dir='ltr'><strong>δέ</strong></span> <span class='ocrx_word' id='word_1_514' title='bbox 3941 3177 4128 3245; x_wconf 67' lang='grc' dir='ltr'>κύκλῳ</span> 
     </span>
    </p>
   </div>
   <div class='ocr_carea' id='block_1_72' title="bbox 2549 3265 4130 3339">
    <p class='ocr_par' dir='ltr' id='par_1_72' title="bbox 2549 3265 4130 3339">
     <span class='ocr_line' id='line_1_72' title="bbox 2549 3265 4130 3339; baseline 0.001 -21"><span class='ocrx_word' id='word_1_515' title='bbox 2549 3265 2609 3318; x_wconf 72' lang='grc' dir='ltr'>τὸ</span> <span class='ocrx_word' id='word_1_516' title='bbox 2632 3266 2901 3334; x_wconf 72' lang='grc' dir='ltr'>δωμάτιον</span> <span class='ocrx_word' id='word_1_517' title='bbox 2927 3307 2939 3327; x_wconf 85' lang='grc'>,</span> <span class='ocrx_word' id='word_1_518' title='bbox 2977 3267 3070 3318; x_wconf 82' lang='grc' dir='ltr'>καὶ</span> <span class='ocrx_word' id='word_1_519' title='bbox 3108 3267 3365 3336; x_wconf 74' lang='grc' dir='ltr'>πλείστην</span> <span class='ocrx_word' id='word_1_520' title='bbox 3407 3266 3539 3337; x_wconf 80' lang='grc' dir='ltr'>ὓλην</span> <span class='ocrx_word' id='word_1_521' title='bbox 3567 3267 3693 3339; x_wconf 75' lang='grc' dir='ltr'>περὶ</span> <span class='ocrx_word' id='word_1_522' title='bbox 3736 3267 3892 3320; x_wconf 77' lang='grc' dir='ltr'>τοῦτο</span> <span class='ocrx_word' id='word_1_523' title='bbox 3940 3268 4130 3319; x_wconf 55' lang='lat' dir='ltr'><strong>calli--</strong></span> 
     </span>
    </p>
   </div>
   <div class='ocr_carea' id='block_1_73' title="bbox 2553 3355 4130 3426">
    <p class='ocr_par' dir='ltr' id='par_1_73' title="bbox 2553 3355 4130 3426">
     <span class='ocr_line' id='line_1_73' title="bbox 2553 3355 4130 3426; baseline -0.001 -17"><span class='ocrx_word' id='word_1_524' title='bbox 2553 3355 2741 3420; x_wconf 80' lang='grc' dir='ltr'>ξαντες</span> <span class='ocrx_word' id='word_1_525' title='bbox 2764 3397 2778 3417; x_wconf 85' lang='grc'><em>,</em></span> <span class='ocrx_word' id='word_1_526' title='bbox 2810 3355 2921 3425; x_wconf 79' lang='grc' dir='ltr'><strong>πῦρ</strong></span> <span class='ocrx_word' id='word_1_527' title='bbox 2954 3357 3205 3411; x_wconf 81' lang='grc' dir='ltr'>ἐνέϐαλον</span> <span class='ocrx_word' id='word_1_528' title='bbox 3229 3374 3245 3389; x_wconf 77' lang='grc' dir='ltr'><strong><em>ο</em></strong></span> <span class='ocrx_word' id='word_1_529' title='bbox 3288 3358 3484 3410; x_wconf 76' lang='grc' dir='ltr'>αὐτίκα</span> <span class='ocrx_word' id='word_1_530' title='bbox 3529 3358 3585 3410; x_wconf 82' lang='grc' dir='ltr'>δὲ</span> <span class='ocrx_word' id='word_1_531' title='bbox 3632 3363 3662 3426; x_wconf 78' lang='grc' dir='ltr'>ἡ</span> <span class='ocrx_word' id='word_1_532' title='bbox 3697 3358 3824 3425; x_wconf 58' lang='grc' dir='ltr'>ςλὸξ</span> <span class='ocrx_word' id='word_1_533' title='bbox 3865 3359 3968 3413; x_wconf 72' lang='grc' dir='ltr'><strong>ὑπὸ</strong></span> <span class='ocrx_word' id='word_1_534' title='bbox 4002 3360 4130 3408; x_wconf 75' lang='grc' dir='ltr'>ἐπε-</span> 
     </span>
    </p>
   </div>
   <div class='ocr_carea' id='block_1_74' title="bbox 2554 3442 4129 3521">
    <p class='ocr_par' dir='ltr' id='par_1_74' title="bbox 2554 3442 4129 3521">
     <span class='ocr_line' id='line_1_74' title="bbox 2554 3442 4129 3521; baseline 0 -21"><span class='ocrx_word' id='word_1_535' title='bbox 2554 3449 2720 3518; x_wconf 72' lang='grc' dir='ltr'>φὸρου</span> <span class='ocrx_word' id='word_1_536' title='bbox 2752 3450 3059 3518; x_wconf 86' lang='grc' dir='ltr'>πνεύματος</span> <span class='ocrx_word' id='word_1_537' title='bbox 3087 3442 3189 3503; x_wconf 82' lang='grc' dir='ltr'>ὦδε</span> <span class='ocrx_word' id='word_1_538' title='bbox 3216 3449 3430 3520; x_wconf 73' lang='grc' dir='ltr'>συμϐὰν</span> <span class='ocrx_word' id='word_1_539' title='bbox 3464 3451 3790 3521; x_wconf 78' lang='grc' dir='ltr'>ἐλαυνομένη</span> <span class='ocrx_word' id='word_1_540' title='bbox 3810 3492 3822 3512; x_wconf 87' lang='grc'><em>,</em></span> <span class='ocrx_word' id='word_1_541' title='bbox 3858 3452 3957 3521; x_wconf 75' lang='grc' dir='ltr'>τὴν</span> <span class='ocrx_word' id='word_1_542' title='bbox 3994 3450 4129 3518; x_wconf 61' lang='grc' dir='ltr'>ὓλην</span> 
     </span>
    </p>
   </div>
   <div class='ocr_carea' id='block_1_75' title="bbox 2549 3540 4104 3612">
    <p class='ocr_par' dir='ltr' id='par_1_75' title="bbox 2549 3540 4104 3612">
     <span class='ocr_line' id='line_1_75' title="bbox 2549 3540 4104 3612; baseline -0.003 -19"><span class='ocrx_word' id='word_1_543' title='bbox 2549 3540 2946 3610; x_wconf 65' lang='grc' dir='ltr'>διῆλθεν.”Αμα</span> <span class='ocrx_word' id='word_1_544' title='bbox 2978 3541 3035 3593; x_wconf 82' lang='grc' dir='ltr'>δὲ</span> <span class='ocrx_word' id='word_1_545' title='bbox 3065 3543 3156 3594; x_wconf 76' lang='grc' dir='ltr'>καὶ</span> <span class='ocrx_word' id='word_1_546' title='bbox 3183 3541 3253 3594; x_wconf 83' lang='grc' dir='ltr'>τὰ</span> <span class='ocrx_word' id='word_1_547' title='bbox 3281 3543 3616 3612; x_wconf 84' lang='grc' dir='ltr'>ἀποκείμενα</span> <span class='ocrx_word' id='word_1_548' title='bbox 3643 3544 3699 3595; x_wconf 83' lang='grc' dir='ltr'>ὲν</span> <span class='ocrx_word' id='word_1_549' title='bbox 3730 3542 3804 3610; x_wconf 75' lang='grc' dir='ltr'>τῷ</span> <span class='ocrx_word' id='word_1_550' title='bbox 3841 3544 4104 3611; x_wconf 65' lang='grc' dir='ltr'>δωματξῳ</span> 
     </span>
    </p>
   </div>
   <div class='ocr_carea' id='block_1_76' title="bbox 2549 3632 4130 3704">
    <p class='ocr_par' dir='ltr' id='par_1_76' title="bbox 2549 3632 4130 3704">
     <span class='ocr_line' id='line_1_76' title="bbox 2549 3632 4130 3704; baseline 0 -19"><span class='ocrx_word' id='word_1_551' title='bbox 2549 3632 2641 3685; x_wconf 72' lang='grc' dir='ltr'>τοῦ</span> <span class='ocrx_word' id='word_1_552' title='bbox 2676 3633 2845 3704; x_wconf 82' lang='grc' dir='ltr'>πυρὸς</span> <span class='ocrx_word' id='word_1_553' title='bbox 2874 3633 3102 3703; x_wconf 79' lang='grc' dir='ltr'>μετέσχε</span> <span class='ocrx_word' id='word_1_554' title='bbox 3127 3676 3141 3699; x_wconf 87' lang='lat'><strong>,</strong></span> <span class='ocrx_word' id='word_1_555' title='bbox 3169 3635 3262 3686; x_wconf 76' lang='grc' dir='ltr'>καὶ</span> <span class='ocrx_word' id='word_1_556' title='bbox 3293 3634 3454 3687; x_wconf 74' lang='grc' dir='ltr'>αὑτὸν</span> <span class='ocrx_word' id='word_1_557' title='bbox 3485 3635 3574 3687; x_wconf 78' lang='grc' dir='ltr'>τὸν</span> <span class='ocrx_word' id='word_1_558' title='bbox 3626 3635 3846 3703; x_wconf 75' lang='grc' dir='ltr'>βασιλέα</span> <span class='ocrx_word' id='word_1_559' title='bbox 3881 3636 3973 3686; x_wconf 70' lang='grc' dir='ltr'>καὶ</span> <span class='ocrx_word' id='word_1_560' title='bbox 4001 3638 4130 3697; x_wconf 60' lang='lat' dir='ltr'><strong>rei);</strong></span> 
     </span>
    </p>
   </div>
   <div class='ocr_carea' id='block_1_77' title="bbox 2550 3725 4131 3798">
    <p class='ocr_par' dir='ltr' id='par_1_77' title="bbox 2550 3725 4131 3798">
     <span class='ocr_line' id='line_1_77' title="bbox 2550 3725 4131 3798; baseline 0 -20"><span class='ocrx_word' id='word_1_561' title='bbox 2550 3725 2688 3795; x_wconf 79' lang='grc' dir='ltr'>ἀμφ’</span> <span class='ocrx_word' id='word_1_562' title='bbox 2719 3725 2878 3777; x_wconf 76' lang='grc' dir='ltr'>αὐτὸν</span> <span class='ocrx_word' id='word_1_563' title='bbox 2915 3727 3373 3793; x_wconf 77' lang='grc' dir='ltr'>συγκατέκαυσεν.</span> <span class='ocrx_word' id='word_1_564' title='bbox 3425 3727 3772 3798; x_wconf 73' lang='grc' dir='ltr'>Ἐτελεύτησε</span> <span class='ocrx_word' id='word_1_565' title='bbox 3803 3729 3860 3779; x_wconf 81' lang='grc' dir='ltr'>δὲ</span> <span class='ocrx_word' id='word_1_566' title='bbox 3885 3728 4131 3793; x_wconf 57' lang='grc' dir='ltr'>γεγονὼς</span> 
     </span>
    </p>
   </div>
   <div class='ocr_carea' id='block_1_78' title="bbox 2551 3816 4129 3890">
    <p class='ocr_par' dir='ltr' id='par_1_78' title="bbox 2551 3816 4129 3890">
     <span class='ocr_line' id='line_1_78' title="bbox 2551 3816 4129 3890; baseline -0.003 -20"><span class='ocrx_word' id='word_1_567' title='bbox 2551 3818 2694 3888; x_wconf 69' lang='grc' dir='ltr'>ἀμφὶ</span> <span class='ocrx_word' id='word_1_568' title='bbox 2739 3816 2808 3869; x_wconf 74' lang='grc' dir='ltr'><strong>τὰ</strong></span> <span class='ocrx_word' id='word_1_569' title='bbox 2838 3819 3176 3888; x_wconf 79' lang='grc' dir='ltr'>πεντήκοντα</span> <span class='ocrx_word' id='word_1_570' title='bbox 3225 3819 3349 3889; x_wconf 79' lang='grc' dir='ltr'><strong>ἕτη“</strong></span> <span class='ocrx_word' id='word_1_571' title='bbox 3398 3820 3747 3890; x_wconf 77' lang='grc' dir='ltr'>τρισκαίδεκα</span> <span class='ocrx_word' id='word_1_572' title='bbox 3901 3820 3998 3870; x_wconf 66' lang='grc' dir='ltr'>σὺν</span> <span class='ocrx_word' id='word_1_573' title='bbox 4050 3818 4129 3886; x_wconf 75' lang='grc' dir='ltr'>τῷ</span> 
     </span>
    </p>
   </div>
   <div class='ocr_carea' id='block_1_79' title="bbox 2555 3909 3840 3981">
    <p class='ocr_par' dir='ltr' id='par_1_79' title="bbox 2555 3909 3840 3981">
     <span class='ocr_line' id='line_1_79' title="bbox 2555 3909 3840 3981; baseline 0.004 -19"><span class='ocrx_word' id='word_1_574' title='bbox 2555 3909 2770 3980; x_wconf 81' lang='grc' dir='ltr'>ἀδελφῷ</span> <span class='ocrx_word' id='word_1_575' title='bbox 2803 3911 3123 3980; x_wconf 84' lang='grc' dir='ltr'>βασιλεύσας</span> <span class='ocrx_word' id='word_1_576' title='bbox 3144 3951 3158 3973; x_wconf 83' lang='grc'><em>,</em></span> <span class='ocrx_word' id='word_1_577' title='bbox 3187 3912 3280 3964; x_wconf 69' lang='grc' dir='ltr'>καὶ</span> <span class='ocrx_word' id='word_1_578' title='bbox 3312 3911 3425 3981; x_wconf 76' lang='grc' dir='ltr'>μετ’</span> <span class='ocrx_word' id='word_1_579' title='bbox 3454 3913 3659 3964; x_wconf 81' lang='grc' dir='ltr'>ἐκεῖνον</span> <span class='ocrx_word' id='word_1_580' title='bbox 3695 3911 3840 3981; x_wconf 87' lang='grc' dir='ltr'>τρία.</span> 
     </span>
    </p>
   </div>
   <div class='ocr_carea' id='block_1_80' title="bbox 870 3998 4129 4072">
    <p class='ocr_par' dir='ltr' id='par_1_80' title="bbox 870 3998 4129 4072">
     <span class='ocr_line' id='line_1_80' title="bbox 870 3998 4129 4072; baseline 0 -19"><span class='ocrx_word' id='word_1_581' title='bbox 870 4002 922 4055; x_wconf 90' lang='grc'><strong>111</strong></span> <span class='ocrx_word' id='word_1_582' title='bbox 953 4001 1114 4055; x_wconf 92' lang='lat' dir='ltr'><strong>domo</strong></span> <span class='ocrx_word' id='word_1_583' title='bbox 1159 4000 1394 4069; x_wconf 83' lang='lat' dir='ltr'><strong>reposita</strong></span> <span class='ocrx_word' id='word_1_584' title='bbox 1434 4008 1593 4052; x_wconf 89' lang='lat' dir='ltr'><strong>erant</strong></span> <span class='ocrx_word' id='word_1_585' title='bbox 1642 3999 1965 4070; x_wconf 81' lang='lat' dir='ltr'><strong>alimentum</strong></span> <span class='ocrx_word' id='word_1_586' title='bbox 2000 3999 2255 4054; x_wconf 88' lang='lat' dir='ltr'><strong>inccndio</strong></span> <span class='ocrx_word' id='word_1_587' title='bbox 2303 3998 2818 4065; x_wconf 83' lang='lat' dir='ltr'><strong>subministrarunt,</strong></span> <span class='ocrx_word' id='word_1_588' title='bbox 2881 4010 2934 4055; x_wconf 91' lang='lat' dir='ltr'><strong>et</strong></span> <span class='ocrx_word' id='word_1_589' title='bbox 2969 4001 3352 4072; x_wconf 77' lang='lat' dir='ltr'><strong>imperatorem</strong></span> <span class='ocrx_word' id='word_1_590' title='bbox 3418 4004 3593 4070; x_wconf 86' lang='lat' dir='ltr'><strong>ipsum</strong></span> <span class='ocrx_word' id='word_1_591' title='bbox 3667 4017 3791 4056; x_wconf 86' lang='lat' dir='ltr'><strong>cum</strong></span> <span class='ocrx_word' id='word_1_592' title='bbox 3851 4003 4129 4056; x_wconf 70' lang='lat' dir='ltr'><strong>universis</strong></span> 
     </span>
    </p>
   </div>
   <div class='ocr_carea' id='block_1_81' title="bbox 866 4092 4129 4166">
    <p class='ocr_par' dir='ltr' id='par_1_81' title="bbox 866 4092 4129 4166">
     <span class='ocr_line' id='line_1_81' title="bbox 866 4092 4129 4166; baseline 0.001 -19"><span class='ocrx_word' id='word_1_593' title='bbox 866 4094 1160 4149; x_wconf 87' lang='lat' dir='ltr'><strong>comitibus</strong></span> <span class='ocrx_word' id='word_1_594' title='bbox 1191 4107 1680 4165; x_wconf 84' lang='lat' dir='ltr'><strong>consumpserunt.</strong></span> <span class='ocrx_word' id='word_1_595' title='bbox 1749 4092 2206 4150; x_wconf 77' lang='lat' dir='ltr'><strong>Mortuusautem</strong></span> <span class='ocrx_word' id='word_1_596' title='bbox 2237 4103 2321 4148; x_wconf 90' lang='lat' dir='ltr'><strong>est</strong></span> <span class='ocrx_word' id='word_1_597' title='bbox 2347 4108 2492 4147; x_wconf 90' lang='lat' dir='ltr'><strong>anno</strong></span> <span class='ocrx_word' id='word_1_598' title='bbox 2564 4094 2745 4149; x_wconf 62' lang='lat' dir='ltr'><strong>atatis</strong></span> <span class='ocrx_word' id='word_1_599' title='bbox 2811 4096 3035 4149; x_wconf 85' lang='lat' dir='ltr'><strong>circiter</strong></span> <span class='ocrx_word' id='word_1_600' title='bbox 3084 4097 3561 4166; x_wconf 70' lang='lat' dir='ltr'><strong>quinquagesimo,</strong></span> <span class='ocrx_word' id='word_1_601' title='bbox 3645 4113 3773 4150; x_wconf 87' lang='lat' dir='ltr'><strong>cum</strong></span> <span class='ocrx_word' id='word_1_602' title='bbox 3846 4109 4129 4164; x_wconf 65' lang='lat' dir='ltr'><strong>regnasset</strong></span> 
     </span>
    </p>
   </div>
   <div class='ocr_carea' id='block_1_82' title="bbox 867 4184 3499 4267">
    <p class='ocr_par' dir='ltr' id='par_1_82' title="bbox 867 4184 3499 4267">
     <span class='ocr_line' id='line_1_82' title="bbox 867 4184 3499 4267; baseline 0.003 -29"><span class='ocrx_word' id='word_1_603' title='bbox 867 4184 1130 4239; x_wconf 83' lang='lat' dir='ltr'><strong>tredecim</strong></span> <span class='ocrx_word' id='word_1_604' title='bbox 1191 4187 1436 4267; x_wconf 75' lang='lat' dir='ltr'><strong>quident_</strong></span> <span class='ocrx_word' id='word_1_605' title='bbox 1473 4189 1634 4243; x_wconf 85' lang='lat' dir='ltr'><strong>annis</strong></span> <span class='ocrx_word' id='word_1_606' title='bbox 1685 4202 1789 4240; x_wconf 88' lang='lat' dir='ltr'><strong>una</strong></span> <span class='ocrx_word' id='word_1_607' title='bbox 1847 4202 1974 4240; x_wconf 90' lang='lat' dir='ltr'><strong>cum</strong></span> <span class='ocrx_word' id='word_1_608' title='bbox 2032 4188 2252 4253; x_wconf 70' lang='lat' dir='ltr'><strong>fratre;</strong></span> <span class='ocrx_word' id='word_1_609' title='bbox 2324 4199 2449 4257; x_wconf 82' lang='lat' dir='ltr'><strong>post</strong></span> <span class='ocrx_word' id='word_1_610' title='bbox 2487 4187 2694 4242; x_wconf 87' lang='lat' dir='ltr'><strong>obitum</strong></span> <span class='ocrx_word' id='word_1_611' title='bbox 2728 4199 2907 4243; x_wconf 87' lang='lat' dir='ltr'><strong>autem</strong></span> <span class='ocrx_word' id='word_1_612' title='bbox 2939 4190 3086 4245; x_wconf 89' lang='lat' dir='ltr'><strong>illius</strong></span> <span class='ocrx_word' id='word_1_613' title='bbox 3114 4192 3272 4243; x_wconf 90' lang='lat' dir='ltr'><strong>annis</strong></span> <span class='ocrx_word' id='word_1_614' title='bbox 3305 4191 3499 4245; x_wconf 77' lang='lat' dir='ltr'><strong>tribus.</strong></span> 
     </span>
    </p>
   </div>
   <div class='ocr_carea' id='block_1_83' title="bbox 942 4363 1558 4433">
    <p class='ocr_par' dir='ltr' id='par_1_83' title="bbox 942 4363 1558 4433">
     <span class='ocr_line' id='line_1_83' title="bbox 942 4363 1558 4433; baseline 0.006 -14"><span class='ocrx_word' id='word_1_615' title='bbox 942 4371 954 4396; x_wconf 85' lang='grc'>¹</span> <span class='ocrx_word' id='word_1_616' title='bbox 984 4363 1140 4422; x_wconf 86' lang='lat' dir='ltr'><strong>Socr.</strong></span> <span class='ocrx_word' id='word_1_617' title='bbox 1168 4369 1262 4422; x_wconf 90' lang='grc'><strong>1111.</strong></span> <span class='ocrx_word' id='word_1_618' title='bbox 1295 4387 1365 4433; x_wconf 83' lang='lat' dir='ltr'><strong>W,</strong></span> <span class='ocrx_word' id='word_1_619' title='bbox 1396 4386 1446 4425; x_wconf 91' lang='lat' dir='ltr'><strong>c.</strong></span> <span class='ocrx_word' id='word_1_620' title='bbox 1469 4370 1558 4424; x_wconf 74' lang='lat'><strong>38.</strong></span> 
     </span>
    </p>
   </div>
   <div class='ocr_carea' id='block_1_84' title="bbox 2067 4539 2916 4595">
    <p class='ocr_par' dir='ltr' id='par_1_84' title="bbox 2067 4539 2916 4595">
     <span class='ocr_line' id='line_1_84' title="bbox 2067 4539 2916 4595; baseline 0.002 -3"><span class='ocrx_word' id='word_1_621' title='bbox 2067 4539 2331 4595; x_wconf 72' lang='lat' dir='ltr'><strong>VALESII</strong></span> <span class='ocrx_word' id='word_1_622' title='bbox 2366 4539 2916 4595; x_wconf 72' lang='lat' dir='ltr'><strong>ANNOTATIONES.</strong></span> 
     </span>
    </p>
   </div>
   <div class='ocr_carea' id='block_1_85' title="bbox 940 4615 2436 4686">
    <p class='ocr_par' dir='ltr' id='par_1_85' title="bbox 940 4615 2436 4686">
     <span class='ocr_line' id='line_1_85' title="bbox 940 4615 2436 4686; baseline 0.011 -16"><span class='ocrx_word' id='word_1_623' title='bbox 940 4615 1050 4686; x_wconf 88' lang='grc'><strong>(81)</strong></span> <span class='ocrx_word' id='word_1_624' title='bbox 1087 4617 1148 4669; x_wconf 87' lang='grc' dir='ltr'>Ὀ</span> <span class='ocrx_word' id='word_1_625' title='bbox 1192 4619 1260 4672; x_wconf 80' lang='grc' dir='ltr'>δὲ</span> <span class='ocrx_word' id='word_1_626' title='bbox 1291 4623 1500 4679; x_wconf 76' lang='grc' dir='ltr'><strong>ἀπιών.</strong></span> <span class='ocrx_word' id='word_1_627' title='bbox 1554 4625 1734 4679; x_wconf 79' lang='lat' dir='ltr'><strong>Malim</strong></span> <span class='ocrx_word' id='word_1_628' title='bbox 1788 4630 2032 4684; x_wconf 86' lang='lat' dir='ltr'><strong>scribere</strong></span> <span class='ocrx_word' id='word_1_629' title='bbox 2062 4631 2248 4685; x_wconf 85' lang='grc' dir='ltr'>ἐπιών.</span> <span class='ocrx_word' id='word_1_630' title='bbox 2289 4633 2436 4686; x_wconf 73' lang='lat' dir='ltr'><strong>Nice-</strong></span> 
     </span>
    </p>
   </div>
   <div class='ocr_carea' id='block_1_86' title="bbox 870 4686 2435 4811">
    <p class='ocr_par' dir='ltr' id='par_1_86' title="bbox 870 4686 2435 4811">
     <span class='ocr_line' id='line_1_86' title="bbox 870 4686 2435 4811; baseline 0.014 -75"><span class='ocrx_word' id='word_1_631' title='bbox 870 4686 1074 4768; x_wconf 69' lang='lat' dir='ltr'><strong>phorus</strong></span> <span class='ocrx_word' id='word_1_632' title='bbox 1099 4705 1195 4811; x_wconf 50' lang='lat' dir='ltr'><strong>piro</strong></span> <span class='ocrx_word' id='word_1_633' title='bbox 1221 4691 1306 4746; x_wconf 90' lang='lat' dir='ltr'><strong>his</strong></span> <span class='ocrx_word' id='word_1_634' title='bbox 1336 4697 1516 4750; x_wconf 89' lang='lat' dir='ltr'><strong>verbis</strong></span> <span class='ocrx_word' id='word_1_635' title='bbox 1571 4699 1727 4752; x_wconf 85' lang='lat' dir='ltr'><strong>habet</strong></span> <span class='ocrx_word' id='word_1_636' title='bbox 1760 4700 1788 4751; x_wconf 85' lang='grc' dir='ltr'>ὁ</span> <span class='ocrx_word' id='word_1_637' title='bbox 1823 4698 1876 4750; x_wconf 80' lang='grc' dir='ltr'>δὲ</span> <span class='ocrx_word' id='word_1_638' title='bbox 1933 4700 2256 4766; x_wconf 76' lang='grc' dir='ltr'>ἐπιδιώκων,</span> <span class='ocrx_word' id='word_1_639' title='bbox 2289 4704 2435 4773; x_wconf 86' lang='lat' dir='ltr'><strong>quod</strong></span> 
     </span>
     <span class='ocr_line' id='line_1_87' title="bbox 870 4771 1508 4811; baseline 0.008 -3"><span class='ocrx_word' id='word_1_640' title='bbox 870 4771 1042 4811; x_wconf 71' lang='lat' dir='ltr'><strong>Inanis</strong></span> <span class='ocrx_word' id='word_1_641' title='bbox 1083 4776 1114 4811; x_wconf 89' lang='grc'><strong>11</strong></span> <span class='ocrx_word' id='word_1_642' title='bbox 1137 4771 1275 4811; x_wconf 83' lang='lat' dir='ltr'><strong>acet.</strong></span> <span class='ocrx_word' id='word_1_643' title='bbox 1501 4779 1508 4787; x_wconf 94' lang='grc'><strong>·</strong></span> 
     </span>
    </p>
   </div>
   <div class='ocr_carea' id='block_1_87' title="bbox 869 4771 1508 4828">
    <p class='ocr_par' dir='ltr' id='par_1_87' title="bbox 869 4771 1508 4828">
     <span class='ocr_line' id='line_1_88' title="bbox 869 4771 1508 4828; baseline 0.017 -21"><span class='ocrx_word' id='word_1_644' title='bbox 869 4771 1042 4827; x_wconf 77' lang='lat' dir='ltr'><strong>magis</strong></span> <span class='ocrx_word' id='word_1_645' title='bbox 1083 4771 1275 4828; x_wconf 80' lang='lat' dir='ltr'><strong>placet.</strong></span> <span class='ocrx_word' id='word_1_646' title='bbox 1501 4779 1508 4787; x_wconf 89' lang='lat'><strong>‘</strong></span> 
     </span>
    </p>
   </div>
   <div class='ocr_carea' id='block_1_88' title="bbox 2613 4628 4122 4702">
    <p class='ocr_par' dir='ltr' id='par_1_88' title="bbox 2613 4628 4122 4702">
     <span class='ocr_line' id='line_1_89' title="bbox 2613 4628 4122 4702; baseline -0.004 -17"><span class='ocrx_word' id='word_1_647' title='bbox 2613 4632 3062 4702; x_wconf 10' lang='lat' dir='ltr'><strong>(89.)Eicrabrt‘w</strong></span> <span class='ocrx_word' id='word_1_648' title='bbox 3116 4631 3344 4696; x_wconf 74' lang='grc' dir='ltr'>πάντας</span> <span class='ocrx_word' id='word_1_649' title='bbox 3374 4629 3710 4702; x_wconf 57' lang='grc' dir='ltr'>συνελθεῖν.</span> <span class='ocrx_word' id='word_1_650' title='bbox 3752 4628 3944 4684; x_wconf 80' lang='lat' dir='ltr'><strong>Melius</strong></span> <span class='ocrx_word' id='word_1_651' title='bbox 3996 4647 4122 4682; x_wconf 74' lang='lat' dir='ltr'><strong>meo</strong></span> 
     </span>
    </p>
   </div>
   <div class='ocr_carea' id='block_1_89' title="bbox 2543 4700 4121 4768">
    <p class='ocr_par' dir='ltr' id='par_1_89' title="bbox 2543 4700 4121 4768">
     <span class='ocr_line' id='line_1_90' title="bbox 2543 4700 4121 4768; baseline 0.002 -16"><span class='ocrx_word' id='word_1_652' title='bbox 2543 4700 2761 4768; x_wconf 74' lang='lat' dir='ltr'><strong>quidem</strong></span> <span class='ocrx_word' id='word_1_653' title='bbox 2784 4701 2992 4768; x_wconf 81' lang='lat' dir='ltr'><strong>judicio</strong></span> <span class='ocrx_word' id='word_1_654' title='bbox 3021 4703 3358 4755; x_wconf 77' lang='lat' dir='ltr'><strong>scriberetur</strong></span> <span class='ocrx_word' id='word_1_655' title='bbox 3385 4701 3462 4761; x_wconf 78' lang='grc' dir='ltr'><strong>εἰς</strong></span> <span class='ocrx_word' id='word_1_656' title='bbox 3489 4700 3702 4758; x_wconf 73' lang='grc' dir='ltr'>ταύτόν,</span> <span class='ocrx_word' id='word_1_657' title='bbox 3730 4708 3836 4751; x_wconf 78' lang='lat' dir='ltr'><strong>etc.</strong></span> <span class='ocrx_word' id='word_1_658' title='bbox 3869 4703 4028 4755; x_wconf 73' lang='grc' dir='ltr'>(ζει-ιο</span> <span class='ocrx_word' id='word_1_659' title='bbox 4063 4704 4121 4755; x_wconf 84' lang='grc'><strong>111</strong></span> 
     </span>
    </p>
   </div>
   <div class='ocr_carea' id='block_1_90' title="bbox 2545 4771 3802 4842">
    <p class='ocr_par' dir='ltr' id='par_1_90' title="bbox 2545 4771 3802 4842">
     <span class='ocr_line' id='line_1_91' title="bbox 2545 4771 3802 4842; baseline -0.002 -18"><span class='ocrx_word' id='word_1_660' title='bbox 2545 4772 2847 4842; x_wconf 80' lang='lat' dir='ltr'><strong>Nicephoro</strong></span> <span class='ocrx_word' id='word_1_661' title='bbox 2885 4773 3152 4842; x_wconf 79' lang='lat' dir='ltr'><strong>scriptum</strong></span> <span class='ocrx_word' id='word_1_662' title='bbox 3186 4781 3268 4826; x_wconf 89' lang='lat' dir='ltr'><strong>est</strong></span> <span class='ocrx_word' id='word_1_663' title='bbox 3299 4772 3377 4835; x_wconf 79' lang='grc' dir='ltr'><strong>είς</strong></span> <span class='ocrx_word' id='word_1_664' title='bbox 3419 4771 3478 4823; x_wconf 84' lang='grc' dir='ltr'>ἓν</span> <span class='ocrx_word' id='word_1_665' title='bbox 3511 4771 3802 4828; x_wconf 75' lang='grc' dir='ltr'>συνελθεῖν.</span> 
     </span>
    </p>
   </div>
   <div class='ocr_carea' id='block_1_91' title="bbox 2287 4947 2664 5004">
    <p class='ocr_par' dir='ltr' id='par_1_91' title="bbox 2287 4947 2664 5004">
     <span class='ocr_line' id='line_1_92' title="bbox 2287 4947 2664 5004; baseline 0.005 -2"><span class='ocrx_word' id='word_1_666' title='bbox 2287 4947 2664 5004; x_wconf 76' lang='lat' dir='ltr'><strong>VARIOllUM.</strong></span> 
     </span>
    </p>
   </div>
   <div class='ocr_carea' id='block_1_92' title="bbox 939 5029 2839 5111">
    <p class='ocr_par' dir='ltr' id='par_1_92' title="bbox 939 5029 2839 5111">
     <span class='ocr_line' id='line_1_93' title="bbox 939 5029 2839 5111; baseline 0.007 -25"><span class='ocrx_word' id='word_1_667' title='bbox 939 5029 965 5068; x_wconf 59' lang='grc' dir='ltr'><strong>ιε</strong></span> <span class='ocrx_word' id='word_1_668' title='bbox 1003 5033 1128 5098; x_wconf 79' lang='grc' dir='ltr'>Τοῖς</span> <span class='ocrx_word' id='word_1_669' title='bbox 1175 5034 1300 5097; x_wconf 80' lang='grc' dir='ltr'>μετ’</span> <span class='ocrx_word' id='word_1_670' title='bbox 1355 5033 1572 5098; x_wconf 75' lang='grc' dir='ltr'>αὐτοὺς</span> <span class='ocrx_word' id='word_1_671' title='bbox 1632 5035 1913 5103; x_wconf 66' lang='grc' dir='ltr'><strong>ἐδήλουν.</strong></span> <span class='ocrx_word' id='word_1_672' title='bbox 1967 5038 2278 5110; x_wconf 50' lang='lat' dir='ltr'><strong>[ﬁgendum</strong></span> <span class='ocrx_word' id='word_1_673' title='bbox 2330 5045 2442 5104; x_wconf 77' lang='grc' dir='ltr'>τοῖς</span> <span class='ocrx_word' id='word_1_674' title='bbox 2485 5047 2602 5111; x_wconf 81' lang='grc' dir='ltr'>μετ’</span> <span class='ocrx_word' id='word_1_675' title='bbox 2640 5047 2839 5099; x_wconf 65' lang='grc' dir='ltr'>αὐτῶν.</span> 
     </span>
    </p>
   </div>
  </div>
