4460 6634
351 461 477 517 1421

948 572 1173 625 ΚΕΦΑΛ
1184 611 1197 625 .
1248 573 1321 624 Γ.

347 663 487 732 Περι
506 660 625 717 τῶν
648 661 797 716 κατὰ
832 662 937 714 τὸν
972 663 1144 730 ἅγιον
1173 661 1462 716 Μελέτιον
1494 662 1591 715 καὶ
1622 661 1930 732 Παυλῖνον

418 730 538 787 τῶν
604 733 960 800 Ἀντιοχείας
1013 734 1397 794 ἐπισκόπων,
1462 733 1560 785 καὶ
1617 735 1750 797 περὶ
1813 730 1931 783 τῶν

417 820 751 874 τενομενωγ
783 803 974 869 ὅρκων
1002 801 1100 855 διὰ
1122 804 1227 856 τὸν
1262 802 1661 856 ἐπισκοπικὸν
1690 801 1927 869 θρόνον.

428 892 516 946 Ἐν
543 893 599 947 δὲ
632 891 709 962 τῷ
728 893 871 956 τότε,
900 892 995 944 κα)⁸
1027 892 1294 945 Μελετίου
1326 891 1468 946 κατὰ
1507 893 1696 945 τοῦτον
1724 892 1815 944 τὸν
1845 891 1931 944 νό-

347 1004 448 1057 μον
478 985 862 1049 ἐπανελθόντος
892 986 972 1048 είς
1016 984 1347 1055 Ἀντιόχειαν
1379 985 1478 1054 τῆς
1528 984 1752 1053 Συρίας,
1784 982 1928 1052 δεινή

344 1097 430 1143 τις
478 1079 554 1148 τῷ
590 1078 704 1149 λαῷ
745 1078 1045 1147 φιλονεικία
1104 1078 1324 1149 συνέϐη.
1370 1076 1639 1132 Παυλίνου
1688 1077 1796 1146 γὰρ
1850 1074 1929 1128 ἔτι

348 1172 649 1242 περιόντος,
681 1165 741 1225 οὗ
780 1170 878 1242 τὴν
915 1170 1223 1236 εὐλάϐειαν,
1253 1170 1327 1235 ὡς
1357 1168 1619 1240 ἔγνωμεν,
1666 1166 1932 1231 αἰδεσθεὶς

347 1263 562 1334 Οὐάλης
589 1265 617 1317 ὁ
644 1263 921 1333 βασιλεὺς,
972 1263 1334 1318 καταδικάσαι
1371 1262 1547 1332 φυγὴν
1582 1262 1680 1315 οὐκ
1710 1260 1932 1331 ἐτόλμη-

350 1374 461 1420 σεν,
519 1359 566 1411 οἱ
614 1358 735 1429 μὲν,
798 1357 1089 1429 σύνθρονον
1141 1356 1304 1409 αὐτοῦ
1351 1355 1607 1424 γενέσθαι
1666 1354 1930 1409 Μελέτιον

346 1447 552 1518 ἠξίουν.
594 1447 1007 1514 Ἀντιλεγόντων
1041 1447 1099 1501 δὲ
1143 1446 1251 1499 τῶν
1278 1447 1349 1499 τὰ
1380 1446 1651 1500 Παυλίνου
1682 1447 1933 1518 φρονούν-

349 1557 475 1603 των,
501 1540 594 1592 καὶ
620 1537 717 1608 τὴν
734 1526 1008 1592 Μελετίου
1042 1538 1376 1608 χειροτονίαν
1410 1536 1824 1602 διαϐαλλόντων,
1856 1538 1931 1601 ὡς

348 1622 453 1682 ὑπὸ
489 1628 782 1699 Ἀρειανῶν
800 1612 1118 1683 ἐπισκόπων
1145 1647 1341 1700 γεγενη
1353 1630 1539 1699 μένην,
1565 1629 1655 1701 βίᾳ
1676 1631 1735 1682 τὸ
1766 1647 1931 1685 σπου-

346 1718 642 1788 δαζόμενον
686 1722 764 1783 εἰς
805 1720 962 1789 ἔργον
997 1708 1144 1789 ’ἦγον
1204 1721 1253 1772 οἱ
1308 1719 1571 1773 Μελετίου
1624 1720 1927 1775 ἐπαινέται.

351 1809 557 1879 Πλῆθος
592 1809 699 1880 γὰρ
728 1810 787 1862 οὐ
816 1810 876 1863 τὸ
929 1810 1091 1879 τυχὸν
1121 1808 1293 1871 ὄντες,
1338 1810 1395 1862 ἐν
1424 1810 1521 1878 μιᾷ
1552 1808 1659 1861 τῶν
1698 1809 1804 1879 πρὸ
1831 1810 1930 1879 τῆς

348 1901 554 1965 πόλεως
580 1901 885 1971 ἐκκλησιῶν
915 1903 995 1964 είς
1023 1901 1113 1953 τὸν
1130 1900 1498 1980 -ὲπισκαπικδν
1533 1900 1721 1969 θρόνον
1749 1901 1928 1954 ἁνεϐί-
1962 1932 2003 1985 Β

347 1993 519 2045 ϐασαν
542 1990 723 2046 αὑέόν.
758 1992 1124 2062 Ἐκατέρωθεν
1148 1992 1205 2047 δὲ
1222 1991 1314 2044 τοῦ
1340 1989 1468 2043 λαοῦ
1494 1991 1927 2061 χαλεπαίνοντος,

350 2084 443 2137 καὶ
467 2086 705 2147 στάσεως
730 2085 1203 2155 προσδοκωμένης,
1229 2083 1515 2154 θαυμαστή
1550 2101 1630 2146 τις
1657 2082 1928 2153 ἐκράτησε

350 2176 533 2248 βουλὴ,
574 2177 709 2248 πρὸς
740 2178 992 2246 ὁμόνοιαν
1023 2177 1220 2239 αὐτοὺς
1247 2176 1475 2244 ἄγουσα.
1501 2176 1780 2229 Συνεδόκει
1816 2176 1926 2246 γὰρ

349 2270 544 2341 ὅρκους
582 2269 768 2322 λαϐεῖν
802 2268 951 2339 παρὰ
984 2267 1094 2320 τῶν
1130 2269 1448 2321 ἐπισκοπεῖν
1473 2267 1564 2321 τὸν
1589 2267 1774 2320 ἐνθάδε
1803 2267 1928 2338 θρό-

350 2379 439 2416 νον
464 2361 780 2431 ἐπιτηδείων
805 2357 945 2424 εἶναι
963 2359 1351 2429 νομιζομένων,
1376 2359 1408 2429 ἢ
1433 2359 1891 2430 προσδοκωμένων
1911 2372 1925 2385 '

347 2445 423 2505 ὧν
450 2448 591 2523 ἦσαν
624 2452 801 2523 ἐτεροι
831 2451 1012 2514 πέντε,
1041 2430 1133 2503 καὶ
1164 2452 1482 2519 Φλαϐιανὸς,
1517 2451 1590 2514 ὡς
1613 2450 1735 2504 οὔτε
1768 2468 1930 2503 σπου⁴

348 2544 589 2610 δάσουσι,
619 2544 745 2597 οὔτε
796 2544 1130 2615 χειροτονίας
1162 2545 1251 2596 ἐπ’
1282 2545 1465 2607 αὐτοῖς
1495 2545 1780 2614 γινομένη⁹ς
1803 2587 1815 2609 ,
1838 2546 1931 2596 ἁν-

352 2636 566 2700 έξονται
598 2638 939 2702 ἐπισκοπεῖν,
978 2638 1034 2698 ἐς
1052 2636 1175 2689 ὅσον
1208 2636 1475 2698 Παυλῖνος
1510 2636 1541 2703 ἢ
1568 2636 1829 2700 Μελέτιος
1853 2637 1931 2706 τῷ

353 2728 454 2799 βίῳ
486 2728 717 2799 περιῶσι
746 2745 759 2758 ·
795 2732 1096 2799 συγχωρεῖν
1137 2727 1191 2782 δὲ
1237 2727 1465 2799 θατέρου
1489 2728 1929 2798 τελευτήσαντος,

352 2821 442 2874 τὸν
473 2821 658 2891 ἕτερον
694 2820 853 2891 μόνον
884 2822 982 2890 τὴν
1026 2820 1333 2893 ἐπισκοπὴν
1366 2819 1530 2888 ἔχειν.
1572 2821 1726 2872 Κατὰ
1758 2819 1933 2874 ταῦτα

352 2915 410 2967 δέ
439 2914 698 2966 δοθέντων
728 2913 835 2965 τῶν
866 2914 1063 2981 ὅρκων,
1095 2896 1278 2982 σχεδόν
1319 2911 1379 2964 τὸ
1401 2913 1508 2964 πᾶν
1537 2911 1767 2981 ὡμονόει
1793 2913 1931 2982 πλῆ-

356 3006 467 3070 θος·
496 3006 666 3073 ὀλίγοι
692 3005 747 3058 δὲ
778 3004 883 3057 τῶν
904 3003 1237 3074 Λουκίφερος
1261 3002 1341 3055 ἔτι
1370 3002 1698 3073 διεφέροντο,
1730 3002 1805 3066 ὼς
1828 3003 1932 3057 ὑπὸ

358 3097 687 3167 ἑτεροδόξων
716 3096 983 3149 Μελετίου
1020 3093 1506 3165 χειροτονηθέντος.
1549 3093 1700 3148 Ἐπεὶ
1730 3094 1933 3147 δὲτάδε

355 3178 457 3238 ὧδε
484 3186 696 3253 γέγονε,
726 3184 985 3248 Μελέτιος
1015 3185 1111 3255 μὲν
1136 3180 1269 3256 ἧκεν
1305 3186 1382 3248 εἰς
1419 3185 1932 3255 Κωνσταντινούπο-

1304 454 1624 512 HISTORIA
1668 451 2222 511 ECCLESIASTICA.
2257 481 2325 495 --
2368 452 2493 508 LIB.
2522 453 2634 509 ΥΠ.

3460 457 3597 514 “’22

2676 590 2828 647 CAP.
2883 592 2969 646 Ill.

2031 682 2108 736 De
2130 683 2213 737 his
2228 699 2345 752 qua:
2368 684 2506 736 inter
2529 681 2799 737 Meletium
2824 702 2887 738 ac
2916 683 3201 739 Paulinum
3226 689 3600 746 Antiochenses

2098 755 2370 830 episcopos
2416 763 2568 830 gesta
2607 765 2769 830 sunt:
2801 765 2850 808 et
2892 756 2954 809 de
2995 756 3348 825 jurejurando
3394 772 3605 830 propter

2098 824 2445 892 episcopalem
2478 824 2654 878 sedem
2682 825 2844 894 farto.

2102 976 2303 1033 Eodem
2337 985 2584 1047 tempore
2620 993 2747 1033 cum
2792 977 3041 1034 Meletius
3084 982 3417 1051 supradictae
3469 984 3605 1056 legis

2031 1069 2300 1125 benelicio
2331 1069 2684 1124 Antiochiam
2714 1068 2887 1141 Syriae
2926 1085 3241 1141 remeasset,
3268 1077 3452 1146 gravis
3477 1092 3609 1131 con-

2032 1165 2204 1220 tentio
2231 1164 2285 1218 in
2318 1164 2519 1235 populo
2551 1174 2744 1220 exorta
2777 1176 2863 1223 est
2885 1168 2926 1220 '.
2955 1166 3167 1223 Etenim
3200 1185 3323 1225 cum
3344 1171 3606 1228 Paulinus

2032 1256 2211 1311 adhuc
2239 1266 2525 1328 superstes
2559 1265 2725 1323 esset,
2776 1273 2936 1328 quem
2981 1261 3279 1330 imperator
3307 1262 3505 1321 Valens
3535 1266 3606 1319 ob

2032 1350 2311 1419 pietatem,
2345 1357 2403 1404 ut
2430 1365 2596 1420 supra
2624 1350 2891 1417 diximus,
2922 1356 3213 1418 reveritus,
3243 1357 3438 1411 exsilio
3465 1359 3608 1412 mul-

2031 1449 2147 1497 tare
2175 1442 2600 1513 haudquaquam
2636 1459 2805 1500 ausus
2852 1444 3032 1501 fuerat
3060 1487 3074 1512 ,
3107 1448 3329 1517 quidam
3358 1451 3606 1520 postula-

2030 1535 2162 1589 bant
2186 1544 2245 1589 ut
2273 1536 2527 1591 Meletius
2556 1538 2610 1590 in
2634 1538 2933 1607 episcopali
2964 1538 3092 1593 sede
3125 1554 3246 1593 cum
3278 1541 3370 1595 illo
3408 1542 3609 1597 reside-

2032 1635 2139 1683 ret.
2171 1625 2386 1692 Quibus
2428 1643 2553 1682 cum
2586 1627 2803 1682 Paulini
2839 1627 3079 1685 fautores
3123 1631 3517 1696 reclamarent,
3552 1640 3607 1686 et

2031 1716 2434 1771 ordinationem
2480 1716 2680 1771 Meletii
2735 1725 2994 1785 tanquam
3031 1719 3098 1773 ab
3144 1721 3361 1776 Arianis
3408 1721 3606 1776 factam

2031 1808 2482 1869 criminarentur,
2518 1806 2762 1863 fautores
2792 1808 2994 1865 Meletii
3023 1800 3083 1865 id.
3116 1812 3263 1883 quod
3295 1812 3605 1876 studebant,

2032 1897 2083 1951 vi
2114 1897 2408 1966 perfecere.
2438 1897 2574 1951 Cum
2606 1898 2749 1952 enim
2785 1898 2926 1952 haud
2953 1901 3374 1967 paucimumero
3397 1911 3607 1965 essent,

2037 1988 2090 2042 in
2124 1990 2357 2059 quadam
2387 1991 2621 2051 ecclesia
2650 1990 2968 2045 suburbana
3000 1990 3272 2047 Meletium
3308 1993 3367 2048 in
3402 1994 3608 2064 episco-

2038 2081 2141 2150 pali
2191 2081 2333 2136 solio
2388 2081 2751 2135 collocarunt.
2806 2081 3013 2151 Populo
3058 2083 3221 2153 igitur
3262 2099 3327 2139 ex
3375 2093 3608 2155 utraque

2037 2180 2192 2242 parte
2219 2173 2520 2238 concitato,
2552 2190 2676 2229 cum
2719 2174 2919 2249 seditio
2960 2173 3604 2245 futuraexspectaretur,

2038 2263 2360 2318 admirabile
2404 2264 3020 2333 quoddam,consilium
3050 2267 3353 2334 praevaluit,
3395 2282 3503 2337 quo
3536 2269 3604 2322 ad

2038 2356 2385 2411 concordiam
2424 2365 2835 2413 revocarentur.
2874 2356 3085 2413 Placuit
3124 2360 3267 2441 enim
3294 2368 3353 2413 ut
3390 2360 3607 2430 jureju-

2039 2448 2215 2502 rando
2262 2464 2384 2504 sese
2434 2449 2803 2516 astringerent
2848 2450 2899 2513 ii
2933 2451 3025 2521 qui
3060 2451 3127 2505 ad
3160 2452 3457 2521 regendum
3488 2454 3609 2524 ejus

2040 2540 2143 2594 loci
2187 2541 2565 2610 episcOpatum
2609 2540 2789 2596 idonei
2842 2557 2964 2598 esse
3013 2544 3351 2613 putabantur
3414 2561 3606 2615 spera-

2040 2632 2342 2697 banturve;
2377 2647 2444 2686 ex
2491 2631 2692 2702 quibus
2724 2641 2881 2687 erant
2916 2644 3026 2687 tum
3066 2633 3157 2688 alii
3194 2636 3453 2705 quinque,
3488 2645 3604 2689 tum

2040 2723 2371 2790 Flavianus;
2411 2740 2471 2781 se
2517 2741 2695 2794 neque
2743 2726 3080 2797 ambituros,
3116 2742 3313 2797 neque,
3342 2720 3609 2783 electione

2042 2816 2289 2887 ipsorum
2352 2816 2535 2880 facta,
2596 2796 2970 2888 episcopatum
3033 2802 3392 2889 suscepturos
3450 2836 3607 2888 esse,

2040 2905 2284 2975 quandiu
2318 2903 2581 2961 Paulinus
2631 2921 2695 2960 ac
2735 2906 2983 2963 Meletius
3022 2909 3347 2978 superstites
3375 2919 3563 2967 essent
3592 2932 3607 2967 :

2042 2998 2220 3053 altero
2249 3005 2431 3053 autem
2467 2998 2686 3053 illorum
2730 3007 2969 3066 mortuo,
3001 3015 3263 3070 passuros
3292 3016 3352 3057 se
3382 3011 3444 3057 ut
3472 3004 3612 3060 alter

2041 3090 2417 3158 episcopatum
2456 3089 2607 3144 solus
2636 3083 2930 3145 obtineret.
2957 3090 3124 3160 Igitur
3151 3090 3513 3162 jurejurando
3552 3094 3611 3149 in

2043 3182 2141 3237 has
2190 3182 2538 3237 conditiones
2580 3183 2842 3251 praestita,
2882 3184 3137 3239 universa
3188 3183 3305 3241 fere
3350 3186 3502 3256 plebs
3543 3187 3610 3241 ad

358 3276 461 3330 λιν·
501 3277 664 3347 ἡνίκα
697 3276 789 3329 καὶ
835 3276 1014 3338 ἄλλοις
1049 3277 1378 3340 ἐπισκόποις.
1403 3277 1542 3331 κατὰ
1592 3277 1755 3329 ταύτὸ
1787 3293 1936 3345 γενο⁶
1964 3281 2009 3341 (ζ
2042 3286 2119 3327 eo}

1853 3294 1936 3328 vo-
1964 3281 2009 3341 (ζ
2042 3272 2396 3327 concordiam
2450 3273 2634 3328 rediit.
2687 3272 2853 3327 Pauci
2904 3282 3087 3331 tamen
3135 3292 3201 3332 ex
3245 3276 3612 3334 Luciferianis

363 3368 567 3439 μένοις,
622 3368 1141 3436 ἔδοξενηάναγκαῖον
1189 3364 1325 3421 εἶναι
1376 3370 1440 3422 ἐκ
1481 3369 1581 3438 τῆς
1628 3366 1933 3431 Ναζιανζοῧ
1970 3398 1984 3409 ο

364 3460 674 3529 μεταθεῖναι
701 3459 1019 3531 Γρηγόριον,
1045 3459 1137 3512 καὶ
1153 3458 1445 3530 ἐπιτρέψαι
1468 3458 1615 3525 αὐτῷ
1636 3456 1730 3527 τὴν
1750 3456 1935 3509 ἐνθάδε

363 3552 686 3621 ἐπισκοπήν.

2042 3362 2221 3417 adhuc
2264 3364 2640 3428 dissidebant,
2699 3373 2989 3436 propterea
3043 3369 3187 3438 quod
3243 3369 3491 3426 Meletius
3542 3372 3613 3426 ab

2043 3454 2315 3510 haereticis
2346 3456 2634 3511 ordinatus
2669 3456 2884 3513 fuisset.
2933 3458 3143 3525 Quibus
3185 3460 3252 3515 ad
3300 3462 3447 3517 hunc
3492 3478 3613 3516 mo-

2046 3549 2175 3604 dum
2222 3551 2483 3620 peractis,
2539 3550 2788 3607 Meletius
2838 3552 3377 3625 Constantinopolim
3425 3555 3611 3627 profe-

363 3650 485 3697 ctus
527 3654 640 3709 est;
680 3658 789 3714 quo
824 3642 1045 3711 quidem
1092 3650 1366 3713 tempore,
1398 3642 1520 3699 aliis
1562 3655 1781 3711 quoque
1814 3641 2091 3711 episcopis
2140 3641 2213 3694 ibi
2260 3644 2629 3713 congregatis,
2705 3659 2883 3713 operae
2955 3646 3189 3715 pretium
3258 3645 3435 3702 visum
3501 3657 3609 3712 est,

363 3742 423 3788 ut
460 3734 757 3804 Gregorius
812 3734 882 3787 ab
927 3735 1128 3805 oppido
1180 3734 1451 3789 Nazianzo
1512 3734 1931 3799 transferretur,
1956 3752 1967 3757 δέ
2011 3735 2241 3804 ejusque
2291 3736 2443 3790 urbis
2510 3738 2856 3807 episcopatus
2898 3739 2949 3793 ei
2992 3738 3264 3809 regendus
3307 3730 3614 3800 committe-

364 3840 534 3886 retur.

962 3923 1209 3975 ΚΕΦΑΛ.
1266 3925 1340 3977 Δ¹.
2687 3918 2832 3972 CAP.
2880 3919 2965 3973 IV.

364 4014 501 4082 Περὶ
528 4012 633 4081 τῆς
678 4013 873 4082 ἀρχῆς
918 4013 1238 4069 Θεοδοσίου
1275 4015 1381 4069 τοῦ
1405 4015 1702 4084 Μεγάλου,
1746 4017 1942 4081 καὶὼς
2042 4012 2118 4066 De

1865 4018 1942 4081 ὡς
2042 4012 2118 4066 De
2141 4012 2358 4081 imperio
2384 4012 2659 4084 Theodosii
2690 4010 2894 4084 Magni,
2926 4022 2971 4064 et
3001 4013 3259 4083 quomodo
3280 4013 3344 4066 ab
3368 4012 3609 4069 Asc/tolio

433 4085 592 4165 παρὰ
622 4085 935 4165 Ἀσχολίου
959 4083 1511 4165 ΘεσσαλονςίκηςῙὸ
1531 4086 1691 4165 θεῖον
1710 4087 1943 4165 ἐμυήθη
2118 4084 2192 4137 Th

1851 4088 1943 4165 jqn
2118 4084 2505 4165 Thessalonica:
2541 4083 2781 4150 episcopo
2818 4083 3123 4165 baptigatus
3146 4093 3232 4165 est
3256 4100 3273 4136 :
3301 4085 3612 4165 signitice-

432 4150 757 4222 ,βάζνττισμιῖ
783 4171 795 4183 ·
822 4154 918 4206 καὶ
966 4150 1061 4207 οἵα
1092 4155 1317 4223 expuere
1348 4150 1474 4221 τοῖς
1520 4156 1606 4223 μὴ
1641 4150 1789 4210 κατὰ
1840 4150 1947 4209 id);
2115 4171 2193 4207 ere

1845 4150 1947 4209 "tot;
2115 4154 2331 4207 creverit
2385 4154 2635 4207 adversus
2690 4170 2776 4207 eos
2807 4154 2898 4221 qui
2946 4151 3156 4207 Nicwni
3199 4150 3410 4208 concilii
3450 4155 3606 4224 ﬁdem

434 4224 576 4291 ὅρον
604 4224 712 4292 τῆς
737 4225 807 4277 ἐν
838 4226 1051 4289 Num/g1
1088 4225 1355 4279 συνόδου
1382 4228 1802 4292 πρεσϐεύουσι.
2114 4226 2195 4291 im;

751 4225 807 4277 ir
838 4226 1051 4289 Νικαίᾳ
1088 4225 1355 4279 συνόδου
1382 4228 1802 4292 πρεσϐεύουσι.
2114 4224 2512 4292 impugnabant.

445 4314 581 4366 Ὑπὸ
634 4313 691 4366 δὲ
731 4312 917 4365 τοῦτον
964 4314 1054 4365 τὸν
1107 4313 1318 4382 χρόνον,
1358 4314 1659 4384 Γρατιανὸς
1714 4316 1816 4385 μὲν
1862 4314 1942 4368 ἔτι
2117 4314 2206 4369 Sul

1862 4314 1942 4368 ἔτι
2117 4314 2230 4369 Sub
2256 4315 2398 4369 idem
2435 4323 2671 4383 tempus,
2692 4300 2829 4368 cum
2858 4313 3149 4368 Alamanni
3182 4314 3393 4371 crebris
3422 4316 3610 4371 incur-

369 4407 475 4460 τῶν
505 4406 641 4477 πρὸς
681 4405 949 4477 Ἑσπέραν
972 4385 1227 4459 Γαλατῶν
1257 4406 1361 4459 ὑπὸ
1399 4406 1715 4476 Ἀλαμανῶν
1739 4423 1942 4476 ταρατ-
2045 4408 2126 4463 sio

1849 4423 1942 4459 ατ·
2045 4408 2292 4463 sionibus
2313 4405 2518 4460 Gallias
2541 4405 2886 4469 infestarent,
2918 4404 3216 4462 Gratianus
3247 4406 3311 4461 ad
3351 4407 3610 4464 occiduas

365 4497 772 4570 τομένων,·ἐπὶ
819 4497 920 4567 τὴν
966 4495 1225 4567 πατρῴαν
1259 4496 1555 4569 ἀνέστρεψε
1611 4499 1823 4568 μοῖραν·
1876 4497 1941 4567 ἣν
2045 4508 2126 4570 pal

1876 4497 1941 4567 ἣν
2045 4500 2256 4570 paterni
2310 4498 2524 4568 imperii
2577 4506 2758 4567 partes
2806 4513 3062 4574 reyersus
3114 4507 3199 4555 est
3231 4539 3246 4566 ,
3302 4514 3440 4570 quas
3494 4501 3610 4571 ipse

365 4589 515 4659 αὐτῷ
538 4607 596 4642 τε
635 4589 729 4642 καὶ
749 4588 826 4659 τῷ
856 4587 1067 4658 ἀδελφῷ
1099 4588 1116 4625 ί
1149 4589 1369 4641 διοικεῖν
1411 4588 1731 4662 κατέλιπεν,
1779 4588 1941 4640 ἰλλυ-
1974 4605 2014 4657 ι)
2045 4593 2126 4648 sib

1850 4588 1941 4640 λυ-
1974 4605 2014 4657 ι)
2045 4592 2147 4648 sibi
2180 4606 2243 4646 ac
2280 4589 2433 4643 fratri
2467 4590 2732 4659 regendas
2761 4591 2923 4661 282
2954 4592 3283 4655 retinuerat,
3333 4608 3456 4647 cum
3486 4592 3610 4665 llly-

370 4683 516 4751 ριους
554 4681 646 4734 καὶ
694 4681 761 4733 τὰ
799 4678 935 4751 πρὸς
965 4679 1117 4749 ἥλιον
1148 4679 1435 4748 ἀνίσχοντα
1465 4681 1563 4749 τῆς
1607 4679 1778 4750 ἀρχῆς
1815 4678 1940 4731 Θεο-

364 4773 526 4842 δοσίῳ
598 4772 915 4841 ἐπιτρέψας.
977 4770 1345 4840 Κατωρθοῦτο
1408 4771 1463 4823 δὲ
1531 4770 1671 4823 κατὰ
1714 4768 1938 4840 γνώμην

365 4863 512 4934 αὑτῷ
547 4864 613 4916 τὰ
661 4863 796 4934 πρὸς
820 4861 1042 4926 τούτους
1086 4880 1098 4892 ·
1151 4861 1415 4932 Θεοδοσίῳ
1449 4861 1505 4915 δὲ
1534 4862 1601 4914 τὰ
1656 4861 1789 4930 πρὸς
1809 4861 1935 4923 τοὺς

367 4956 512 5026 ἀμφὶ
537 4956 627 5008 τὸν
654 4957 864 5025 Ἴστρον
906 4953 1232 5025 βαρϐάρους.
1272 4954 1421 5006 Ἐπεὶ
1446 4954 1501 5007 δὲ
1517 4954 1623 5006 τῶν
1651 4954 1749 5022 μὲν
1788 4953 1935 5025 μάχῃ

368 5046 731 5117 ἐπεκράτησε,
768 5048 891 5109 τοὺς
928 5046 983 5098 δὲ
1030 5046 1214 5114 φίλους
1239 5046 1383 5116 ἔχειν
1427 5046 1731 5114 Ῥωμαίους
1784 5047 1933 5097 ἀντι-

370 5137 677 5202 ϐολοῦντας,
728 5140 970 5209 ὁμήρους
1023 5136 1225 5201 λαϐὼν,
1270 5131 1500 5201 σπονδὰς
1548 5136 1764 5201 ἐδέξατο
1803 5136 1935 5207 (Si),

444 5299 459 5329 ⁸
502 5299 655 5355 Socr.
688 5300 781 5353 lib.
813 5316 869 5363 ν,
903 5314 1023 5369 cap.
1061 5300 1111 5353 5.
1188 5301 1209 5330 ²
1235 5298 1364 5353 ibid.
1409 5312 1530 5367 cap.
1562 5297 1612 5351 6.

2046 4684 2219 4737 ricum
2252 4691 2305 4736 et
2355 4681 2596 4737 Orientis
2632 4691 2813 4751 partes
2867 4681 3179 4736 Theodosio
3230 4683 3605 4738 tradidisset’.

2046 4774 2111 4827 Et
2140 4775 2255 4842 ipse
2283 4774 2524 4843 quidem,
2554 4788 2617 4828 ex
2651 4772 2818 4826 animi
2864 4772 2949 4828 sui
2979 4761 3250 4829 senteniia
3289 4790 3401 4830 rem
3441 4777 3611 4845 gessit

2045 4863 2309 4917 adversus
2360 4863 2699 4917 Alamannos
2755 4880 2768 4916 :
2822 4860 3164 4919 Theodosius
3221 4879 3349 4919 vero
3408 4864 3606 4920 bellum

2044 4968 2165 5007 eum
2213 4954 2459 5008 barbaris
2490 4952 2688 5008 Istrum
2718 4954 3091 5009 accolentibus
3122 4970 3229 5010 non
3266 4955 3448 5010 minus
3485 4955 3607 5010 feli-

2046 5050 2180 5100 citer
2216 5046 2473 5101 confecit.
2508 5047 2748 5113 Quorum
2797 5048 2935 5103 alios
2967 5063 3089 5101 eum
3137 5047 3332 5117 proelio
3373 5047 3610 5102 devicis-

2046 5147 2126 5192 set
2163 5138 2297 5193 alios
2344 5138 2711 5194 Romanorum
2747 5139 3041 5194 amicitiam
3069 5141 3427 5209 postulantes,
3455 5155 3611 5196 acce-

1570 5432 1835 5487 VALESII
1874 5430 2422 5490 ANNOTATIONES.

440 5528 551 5601 (84)
582 5528 851 5594 Σπονδὰς
885 5528 1149 5593 ἐδέξατο.
1186 5529 1364 5581 Malim
1393 5527 1634 5583 scribere
1666 5530 1745 5591 εἰς
1779 5530 2005 5593 σπονδὰς
2027 5531 2201 5595 ἐδέξατ

1578 5544 1634 5583 re
1666 5530 1745 5591 εἰς
1779 5530 2005 5593 σπονδὰς
2027 5531 2259 5595 ἐδέξατο.
2299 5532 2466 5584 Aliter
2494 5528 2637 5583 enim
2675 5524 2905 5580 barbara
2941 5528 3085 5577 esset
3110 5519 3334 5574 locutio.

1813 5664 2165 5724 VARIORUM

449 5760 467 5797 τ
502 5757 612 5810 Ἦν
636 5755 805 5827 ,αὐτῷ
838 5773 899 5809 τε
924 5757 1018 5810 καὶ
1049 5758 1125 5821 τῷ
1148 5756 1407 5827 ἀδελφῷ.
1436 5756 1697 5810 Gratiano
1728 5772 1942 5813 cessere

372 5828 576 5892 Gallina,
632 5826 919 5894 Hispanim,
972 5826 1309 5892 Britanniae,
1366 5827 1748 5882 Valentiniano
1785 5830 1939 5881 fratri

372 5900 541 5961 ltalia,
586 5898 879 5963 Illyricum,
921 5898 1120 5951 Africa.
1172 5899 1397 5967 Zosim.,
1436 5899 1525 5952 lib.
1565 5914 1632 5959 ιν,
1672 5914 1789 5969 pag.
1825 5899 1945 5957 746.

2044 5761 2182 5815 ΜιΙΟ
2217 5760 2376 5830 igitur
2409 5760 2679 5831 lllyricttm
2722 5748 3032 5809 Theodosio
3069 5762 3193 5804 mox
3224 5746 3413 5803 tribuit
3442 5743 3602 5799 Som-

2050 5848 2262 5886 lllCliUS.
