4460 6634
408 447 546 503 “‘25

1320 444 1644 501 HISTORIA
1686 443 2239 502 ECCLESIASTICA.
2264 475 2330 485 --
2352 445 2480 503 LIB.
2525 446 2633 502 VII.

3499 451 3637 508 ΗΞΟ

402 565 479 616 ἔτι
512 563 560 615 oi
604 560 673 614 τά
700 561 911 632 Ἀρείου
942 562 1284 633 φρονοῦντες,
1317 556 1391 615 ὧν
1423 565 1606 633 ἡγεῖτο
1643 561 1972 633 Δημόφιλος.
2010 566 2055 623 Δ
2087 565 2153 619 ad

1871 563 1972 623 λος.
2010 566 2055 623 Δ
2087 565 2270 619 adhuc
2310 563 2563 620 ecclesiis
2597 560 2967 634 potiebantur,
3009 567 3205 636 quibus
3256 578 3483 638 prmerat
3532 569 3632 645 De-

404 650 698 721 Γρηγόριος
733 650 790 703 δὲ
834 650 863 701 6
902 654 966 704 ἐκ
1003 651 1305 715 Ναζιανζοῦ
1338 653 1628 719 προϊστατο
1651 650 1758 701 τῶν
1783 647 1974 717 ὁμοού-

406 757 514 793 σιον
545 741 749 811 Τριάδα
776 740 1126 805 ὼξαζὸντων.
1165 739 1519 811 Ἐκκλησίαζε
1565 739 1619 792 δὲ
1654 741 1709 791 ἐν
1750 737 1974 806 οἰκίσκῳ

409 831 619 902 μικρῷ,
685 833 813 901 παρ’
866 826 1133 904 ὁμοδόξων
1182 831 1330 901 αὐτῷ
1376 848 1433 882 τε
1479 832 1575 883 καὶ
1622 830 1734 891 τοῖς
1775 826 1974 897 ὁμοίως

404 922 792 990 θρησκεύουσιν
828 922 907 984 είς
950 922 1235 993 εὑκτήριον
1275 916 1422 973 οἶκον
1458 918 1971 974 κατασκευασθέντι.

402 1011 555 1063 Μετά
587 1012 643 1063 δὲ
683 1012 853 1065 ταῦτα
880 1014 1187 1082 περιφανὴς
1220 1011 1327 1064 τῶν
1358 1013 1414 1063 ἐν
1443 1014 1508 1081 τῇ
1542 1010 1692 1063 πόλει
1720 1008 1854 1071 νεὼς
1885 1009 1978 1076 γέ-

403 1118 557 1168 γονεν
587 1097 760 1170 οὗτος,
784 1103 878 1157 καὶ
903 1103 1069 1168 ἐστιν,
1105 1104 1164 1156 οὐ
1195 1103 1353 1174 μόνον
1380 1102 1824 1172 οἰκοδομημάτων
1847 1102 1976 1154 κάλ-

403 1193 485 1246 λει
524 1212 583 1247 τε
623 1196 716 1249 καὶ
758 1195 1008 1266 μεγέθει,
1053 1194 1185 1249 ἀλλά
1233 1193 1328 1248 καὶ
1368 1194 1611 1265 ἐναργῶν
1652 1193 1976 1261 θεοφανειῶν

404 1284 710 1353 ὠφελείαις.
756 1285 1168 1357 Προφαινομένη
1210 1286 1316 1355 γὰρ
1350 1284 1535 1338 ἐνθάδε
1578 1284 1697 1337 θεία
1727 1283 1973 1352 δύναμις,

408 1376 554 1448 ὕπαρ
576 1395 634 1429 τε
658 1378 751 1431 καὶ
788 1380 844 1431 ἐν
868 1377 1131 1448 ὀνείρασι,
1163 1376 1376 1439 πολλοῖς
1405 1376 1663 1438 πολλάκις
1688 1375 1862 1436 νόσοις
1882 1375 1976 1427 καὶ

407 1470 779 1539 περιπετείαις
807 1474 1143 1539 πραγμάτων
1174 1469 1470 1539 κάμνουσιν
1502 1468 1770 1537 ἐπήμυνε.
1808 1466 1977 1519 Πεπε-

408 1579 626 1616 στευται
666 1562 723 1615 δὲ
767 1562 969 1635 ταύτην
1012 1562 1111 1634 τὴν
1165 1561 1298 1615 Θεοῦ
1350 1561 1561 1633 μητέρα
1607 1560 1826 1631 Μαρίαν
1880 1559 1977 1629 τὴν

407 1652 565 1719 ἁγίαν
633 1652 905 1724 Παρθένον
975 1650 1147 1707 εἶναι·
1210 1654 1381 1725 ταύτῃ
1449 1653 1555 1723 γάρ
1613 1651 1974 1720 ἐπιφαίνεται.

419 1744 771 1797 Ἀναστασίαν
807 1745 862 1798 δὲ
889 1745 1091 1815 ταύτην
1123 1745 1219 1815 τὴν
1251 1742 1544 1813 ἐκκλησίαν
1601 1743 1975 1813 ὀνομάζουσιν,

407 1835 482 1898 ὡς
517 1835 615 1905 μὲν
638 1835 845 1905 ᾠόμην,
885 1836 1074 1891 καθότι
1111 1836 1172 1889 τὸ
1200 1835 1375 1905 δόγμα
1401 1836 1500 1905 τῆς
1535 1836 1592 1888 ἐν
1628 1832 1831 1902 Νικαίᾳ
1856 1850 1975 1886 συνο

2074 657 2381 727 mOphilus;
2412 654 2708 726 Gregorius
2736 672 2863 711 vero
2885 655 3259 717 Nazianzenus
3288 661 3356 717 iis
3382 660 3637 731 prazside-

2074 749 2164 803 bat
2196 747 2289 818 qui
2313 746 2636 802 Trinitatem
2668 748 3189 812 consubstantialem
3219 751 3633 821 protitebantur.

2076 838 2174 894 llic
2204 840 2258 893 in
2304 838 2502 908 exigua
2532 838 2764 908 quadam
2806 839 2997 905 domo,
3044 856 3165 912 quae
3229 856 3343 911 per.
3371 839 3637 911 quosdam

2075 928 2322 999 ejusdem
2360 929 2482 983 fidei
2514 930 2784 994 homines,
2816 938 2929 983 tum
2970 932 3093 1001 ipsi,
3126 942 3238 987 tum
3274 932 3341 985 iis
3373 933 3460 1000 qui
3491 946 3640 986 earn-

2076 1019 2198 1075 detn
2261 1021 2580 1091 religionem
2658 1022 3045 1091 sequebantur,
3099 1023 3155 1076 in
3208 1023 3454 1077 ecclesia:
3517 1035 3641 1089 spc—

2077 1112 2213 1166 eiem
2246 1122 2577 1167 commutata
2608 1113 2808 1181 fuerat,
2839 1114 3095 1169 collectas
3134 1100 3637 1184 agebat.'chuenti

2076 1218 2206 1258 vero
2260 1214 2524 1275 tempore,
2585 1219 2697 1274 pra:
2729 1206 2939 1261 ueteris
3000 1206 3158 1275 regiae
3200 1205 3351 1260 urbis
3391 1204 3641 1259 ecclesiis

2078 1298 2309 1354 illustris
2340 1299 2453 1353 hac
2478 1298 2601 1363 fuit,
2628 1305 2683 1353 et
2710 1314 2858 1352 nunc
2890 1314 3106 1369 quoque
3131 1306 3215 1353 est
3241 1316 3254 1352 :
3306 1313 3417 1352 nun
3463 1299 3641 1352 solum

2077 1388 2148 1441 ob
2166 1396 2454 1443 structura:
2477 1388 2800 1458 elegantiam
2822 1398 2982 1458 atque
3004 1388 3436 1458 amplitudinem,
3457 1404 3642 1443 verum

2078 1480 2238 1534 etiam
2274 1480 2344 1533 ob
2374 1480 2625 1534 assiduas
2652 1496 2774 1550 quae
2806 1495 2871 1534 ex
2894 1480 3060 1533 divini
3090 1481 3331 1536 numinis
3357 1481 3644 1550 praesentia

2079 1570 2189 1622 illic
2221 1569 2596 1638 percipiuntur
2630 1570 2919 1624 utilitates.
2955 1569 3166 1624 Etenim
3194 1571 3379 1625 divina
3408 1570 3508 1633 vis,
3534 1576 3644 1647 tam

2078 1661 2454 1730 vigilantibus,
2490 1676 2652 1730 quam
2691 1662 2745 1715 in
2798 1664 3025 1725 somnis,
3067 1662 3408 1717 manifestam
3459 1661 3533 1715 ibi
3589 1675 3648 1714 se

2080 1753 2363 1819 exhibens,
2407 1752 2595 1806 multis
2641 1768 3015 1822 smpenumcro
3061 1754 3155 1822 qui
3195 1754 3279 1807 vel
3328 1752 3515 1807 morbo
3562 1751 3647 1804 vel

2080 1840 2311 1895 diversis
2343 1840 2562 1896 casibus
2592 1842 2997 1910 premebantur,
3036 1837 3321 1911 suppetias
3348 1842 3489 1895 tulit.
3515 1840 3648 1894 Cre-

407 1896 529 1981 όδου
562 1896 848 1992 πετὶτὶιηὲδξ
872 1928 974 1999 ἤδη
1005 1930 1061 1982 ἐν
1083 1896 1648 1982 Κωνσταντινουπόλει
1670 1926 1763 1978 καὶ
1786 1896 1975 1992 τεθνη-
2008 1896 2051 1950 Β
2081 1931 2168 1985 diti

1881 1940 1975 1992 νη·
2008 1896 2051 1950 Β
2081 1931 2228 1985 ditur
2260 1940 2441 1987 autem
2471 1933 2583 1986 haec
2612 1947 2731 1987 esse
2759 1948 2913 1987 sacra
2945 1932 3106 2003 Virgo
3139 1932 3422 1988 Maria‘Dei
3448 1920 3642 1987 mater.

406 2019 521 2082 κὸς,
553 2019 628 2083 ὡς
659 2022 855 2086 εἰπεῖν,
887 2020 973 2074 διά
1004 2020 1102 2091 τὴν
1134 2020 1363 2089 δύναμιν
1388 2019 1495 2071 τῶν
1528 2019 1868 2090 ἑτεροδόξων,
1896 2019 1979 2069 ὲν-

409 2110 535 2165 Οάδε
582 2112 779 2183 ἀνέστη
829 2112 922 2166 καὶ
962 2111 1162 2165 ἀνεϐίω
1193 2112 1282 2165 διά
1314 2111 1421 2168 τῶν
1451 2112 1488 2163 Γ
1492 2110 1745 2182 ρηγορίου
1782 2109 1976 2177 λόγων.

417 2206 507 2267 Ὠς
543 2205 599 2258 δέ
643 2222 805 2258 τινων
843 2205 1019 2276 ἀληθῆ
1061 2204 1239 2274 λέγειν
1285 2192 1706 2277 ἰσχυριζομένων
1744 2204 1975 2274 ἀκήκοα,

404 2298 849 2368 ἐκκλησιάζοντος
889 2300 983 2351 τοῦ
1034 2299 1196 2361 λαοῦ,
1246 2300 1381 2369 γυνὴ
1433 2297 1689 2367 ἐγκύμων
1729 2296 1835 2349 ἀπὸ
1879 2295 1978 2363 τῆς

406 2389 655 2461 ὑπερῴου
684 2392 843 2454 στοᾶς
863 2391 1268 2455 καταπεσοῦσα,
1292 2390 1477 2445 ἐνθάδε
1499 2389 1725 2459 τέθνηκε
1751 2405 1765 2420 ο
1794 2388 1979 2456 κοινῆς

405 2483 463 2535 δέ
494 2482 643 2552 παρά
674 2483 885 2537 πάντων
919 2484 1083 2554 εὐχῆς
1120 2484 1206 2536 ἐπ’
1235 2485 1369 2554 αὐτῇ
1394 2482 1691 2553 γενομένης
1724 2481 1976 2549 ἀνέζησε,

408 2572 500 2624 καὶ
530 2572 626 2625 σὺν
654 2571 732 2641 τῷ
768 2571 955 2643 βρέφει
988 2571 1187 2644 ἐσώθη.
1224 2573 1311 2638 Ὦς
1338 2573 1430 2625 ἐπὶ
1463 2570 1751 2643 παραδόξῳ
1780 2570 1836 2623 δὲ
1866 2569 1981 2622 θεό-

406 2662 500 2715 θεν
547 2662 843 2732 συμϐάντι,
895 2662 1097 2734 ταύτην
1149 2663 1305 2734 ἔλαχε
1357 2664 1456 2733 τὴν
1507 2662 1875 2733 προσηγορίαν
1921 2659 1980 2723 ἐξ

408 2753 617 2806 ἐκείνου
649 2756 677 2806 6
702 2752 886 2815 τόπος.
913 2753 1022 2806 Καὶ
1048 2752 1175 2823 περὶ
1207 2754 1304 2819 μὲν
1331 2754 1521 2806 τούτου
1545 2751 1783 2815 τοιοῦτος
1811 2752 1978 2804 εἰσέτι

406 2842 500 2897 νῦν
527 2843 751 2913 φέρεται
782 2843 956 2911 λόγος.
990 2844 1045 2896 '0
1073 2843 1128 2896 δέ
1162 2843 1437 2913 βασιλεὺς,
1467 2844 1685 2913 πέμψας
1712 2843 1847 2913 πρὸς
1878 2845 1981 2912 Δη-

410 2934 655 3003 μόφιλον,
703 2934 985 2987 ἐκέλευσεν
1021 2933 1181 2986 αὑτὸν
1218 2933 1359 2986 κατά
1384 2934 1442 2986 τὸ
1466 2934 1641 3003 δόγμα
1664 2934 1760 3004 τῆς
1792 2933 1849 2985 ἐν
1884 2934 1979 2984 Νι·

409 3025 536 3096 καὶᾳ
564 3024 779 3078 συνόδου
807 3025 1151 3096 θρησκεύειν,
1186 3025 1279 3078 καὶ
1312 3024 1400 3077 τὸν
1443 3025 1569 3076 λαὸν
1614 3026 1692 3086 εἰς
1730 3024 1979 3094 ὁμόνοιαν

407 3116 581 3183 ἄγειν,
608 3116 640 3186 ἢ
670 3116 778 3170 τῶν
825 3116 1127 3186 ἐκκλησιῶν
1169 3118 1485 3186 ὑποχωρεῖν.
1506 3118 1562 3168 Ὀ
1591 3116 1671 3182 δὲ,
1697 3115 1756 3167 τὸ
1781 3115 1981 3184 πλῆθος

2082 2022 2173 2076 Sic
2203 2022 2347 2077 enim
2397 2037 2657 2093 apparere
2715 2026 2873 2079 solet.
2936 2023 3107 2079 Porro
3160 2026 3307 2080 hanc
3360 2025 3647 2080 ecclesiam

2076 2112 2424 2166 Anastasiam
2451 2112 2715 2176 nominat,
2742 2113 2811 2167 ob
2854 2114 2929 2179 id,
2956 2129 3075 2169 mea
3096 2115 3317 2185 quidem
3349 2115 3646 2178 sententia,

2076 2204 2220 2273 quod
2247 2202 2478 2259 Nicaznaa
2508 2206 2699 2276 synodi
2727 2206 2977 2260 doctrina
3010 2222 3105 2276 per
3138 2208 3441 2277 potentiam
3472 2207 3643 2261 luere-

2080 2295 2311 2350 ticorum
2343 2312 2605 2366 oppressa
2632 2297 2769 2366 jam,
2810 2307 2978 2366 utque
3007 2299 3079 2351 ita
3111 2298 3312 2363 dicam,
3361 2298 3646 2367 intermor-

2078 2391 2191 2449 tua,
2226 2385 2472 2456 Gregorii
2510 2388 2871 2443 concionibus
2904 2390 3218 2461 ineo~loco
3264 2391 3530 2446 suscitata
3564 2406 3642 2444 re-

2078 2476 2302 2544 vixerit;
2339 2479 2473 2542 sive,
2503 2485 2561 2531 ut
2589 2495 2655 2533 ex
2692 2481 2812 2533 aliis
2846 2481 3049 2546 audivi,
3078 2482 3173 2550 qui
3225 2474 3283 2537 Se
3317 2498 3528 2536 verum
3558 2482 3647 2549 Adi-

2078 2582 2200 2622 cere
2231 2570 2637 2632 asseverabant,
2666 2586 2732 2624 eo
2761 2570 2907 2639 quod
2930 2570 3070 2627 dum
3115 2573 3348 2641 populus
3388 2573 3651 2635 collectas

2079 2660 2154 2713 ibi
2191 2660 2508 2728 celebraret,
2543 2662 2740 2716 mulier
2770 2661 3020 2731 quiedam
3055 2678 3340 2733 prmgnans
3387 2680 3455 2717 ex
3488 2678 3639 2733 supe-

2078 2748 2210 2802 riori
2236 2751 2449 2817 porticu
2479 2751 2723 2819 delapsa,
2759 2751 2909 2805 illico
2932 2746 3246 2823 exspiravit.
3278 2750 3649 2813 FaCtaautem

2079 2839 2149 2893 ab
2182 2842 2437 2896 omnibus
2468 2843 2714 2897 oratione
2739 2858 2902 2913 super
2944 2844 3065 2913 ejus
3109 2842 3317 2902 funere.
3355 2843 3647 2898 confestim

2081 2932 2296 2997 revixit,
2336 2944 2388 2987 et
2425 2950 2530 2987 una
2572 2950 2696 2989 cum
2730 2935 2861 2989 fretu
2889 2946 3103 2990 servata
3132 2945 3235 2991 est.
3264 2936 3344 2990 Ex
3381 2936 3647 2990 miraculo

2081 3019 2249 3089 igitur
2282 3022 2429 3091 quod
2465 3023 2729 3079 divinitus
2784 3024 2913 3079 illic,
2949 3028 3276 3097 contigerat,
3345 3027 3501 3081 locus
3561 3027 3646 3080 hie

2082 3113 2339 3183 deinceps
2365 3115 2783 3183 appellationem
2813 3116 2970 3170 istam
3005 3119 3234 3185 sortitus
3258 3120 3361 3172 est.
3394 3116 3459 3170 Et
3487 3104 3652 3187 hujus

410 3207 768 3275 συγκαλέσας,
801 3208 900 3278 τὴν
928 3206 1187 3276 βασιλέως
1210 3207 1444 3277 ἐδήλωσε
1473 3207 1694 3277 γνώμην
1718 3224 1731 3237 ο
1777 3207 1871 3259 καὶ
1901 3210 1980 3269 εἰς
2005 3236 2048 3293 C
2082 3204 2171 3272 qui

1901 3210 2048 3293 eigc
2082 3203 2299 3272 quidem
2340 3206 2416 3257 rei
2457 3206 2581 3260 talis
2612 3221 2778 3261 causa
2828 3199 3124 3270 exstitisse,
3172 3210 3481 3263 ‘multorum
3534 3224 3648 3263 ser-

406 3298 505 3367 τὴν
539 3298 827 3370 ὑστεραίαν
874 3297 981 3368 πρὸ
1022 3296 1133 3350 τῶν
1178 3296 1371 3367 τειχῶν
1413 3297 1791 3367 ἐκκλησιάζειν
1847 3315 1979 3368 προ-

405 3390 702 3460 ηγόρευσεν
729 3406 741 3420 ο
771 3390 891 3443 ἐπεὶ
936 3389 1099 3453 θεῖος,
1140 3388 1265 3459 ἔφη,
1308 3390 1583 3443 ἐπιτάττει
1621 3390 1803 3459 νόμος,
1846 3389 1980 3443 Ἐὰν

408 3480 563 3549 ὑμᾶς
589 3480 882 3535 διώκωσιν
926 3481 995 3533 ἐκ
1039 3480 1147 3549 τῆς
1176 3481 1406 3547 πόλεως
1434 3483 1685 3547 ταύτης,
1733 3482 1979 3550 φεύγετε

405 3575 494 3637 εἷς
519 3572 629 3640 τὴν
657 3571 873 3639 ἄλλην.
925 3571 1112 3624 Τοιάδε
1156 3571 1486 3641 προσειπὼν,
1536 3573 1594 3636 ἐξ
1628 3573 1833 3625 ἐκείνου
1875 3574 1980 3643 πρὸ

407 3666 504 3733 τῆς
534 3665 739 3727 πόλεως
766 3662 1091 3734 ἐκκλησίαζε
1117 3680 1130 3694 ·
1174 3665 1268 3717 σὺν
1300 3663 1447 3734 αὑτῷ
1474 3664 1529 3716 δὲ
1556 3664 1647 3716 καὶ
1673 3664 1918 3729 Λούκιος,
1951 3668 1978 3718 6

408 3756 572 3809 πάλαι
595 3756 727 3826 πρὸς
764 3755 870 3808 τῶν
905 3755 1111 3826 Ἀρείου
1137 3756 1233 3827 τὴν
1266 3756 1659 3826 Ἀλεξανδρέων
1688 3757 1978 3825 ἐκκλησίαν

408 3848 746 3917 ἐπιτραπείς.
778 3845 1081 3911 Ἐξελαθεὶς
1125 3847 1253 3919 γὰρ,
1299 3847 1374 3910 ὡς
1420 3846 1653 3917 εἴρηται,
1691 3849 1866 3916 φυγάς
1900 3849 1979 3911 εἰς

408 3940 969 3993 Κωνσταντινούπολιν
998 3940 1187 4007 ἐλθὼν,
1220 3939 1402 3993 ἐνθάδε
1431 3940 1715 4010 διέτριϐεν.
1766 3941 1979 3993 Ἀπολι-

407 4031 613 4083 πόντων
672 4032 728 4083 δέ
774 4032 870 4102 τὴν
939 4032 1232 4102 ἐκκλησίαν
1295 4033 1403 4085 τῶν
1457 4034 1597 4103 ἀμφὶ
1642 4034 1975 4104 Δημόφιλον,

409 4120 657 4174 εἰσελθὼν
688 4123 714 4174 6
745 4121 993 4191 βασιλεὺς
1021 4120 1244 4188 ηὔξατο.
1276 4121 1385 4172 Καὶ
1415 4120 1473 4171 τὸ
1504 4120 1561 4183 ἐξ
1594 4121 1820 4185 ἐκείνου,
1852 4126 1976 4186 τοὺς

408 4214 724 4283 εὐκτηρίους
785 4214 962 4275 οἴκους
1020 4212 1279 4281 κατέσχον
1338 4214 1383 4263 οἱ
1430 4211 1634 4280 Τριάδα
1695 4213 1975 4281 ὀμοούσιον

410 4304 820 4376 πρεσϐεύοντες.
870 4304 1027 4368 Ἔτος
1053 4305 1108 4357 δὲ
1144 4303 1301 4356 τοῦτο
1330 4298 1396 4373 ἦν
1427 4304 1482 4355 ἐν
1512 4296 1555 4370 ᾧ
1592 4304 1887 4374 Γρατιανὸς
1917 4305 1976 4358 τὸ

407 4396 676 4467 πέμπτον,
724 4396 817 4449 καὶ
841 4395 1115 4458 Θεοδόσιος
1166 4393 1481 4465 τὸπρῶτον
1512 4394 1799 4447 ὑπάτευον.
1838 4396 1974 4448 Τεσ-

407 4486 736 4558 σαρακοστδν
764 4486 818 4539 δὲ
850 4486 984 4555 (89),
1024 4487 1114 4554 ἀφ’
1148 4479 1207 4539 οὗ
1237 4485 1346 4538 τῶν
1393 4485 1698 4557 ἐκκλησιῶν
1742 4487 1974 4558 ἐκράτη-

407 4596 505 4632 σαν
532 4581 581 4632 οἱ
607 4578 713 4631 ἀπὸ
741 4578 837 4648 τῆς
861 4577 1072 4647 Ἀρείου
1104 4577 1387 4646 αἱρέσεως.

2083 3295 2337 3351 monibus
2372 3298 2670 3351 etiamnum
2713 3310 3067 3354 memoratur.
3100 3300 3368 3369 Caeterum
3413 3303 3640 3371 impera-

2081 3395 2166 3441 tor
2217 3404 2313 3457 per
2367 3390 2783 3446 internuntios‘
2851 3394 3133 3447 mandavit
3196 3394 3552 3463 Demophilo,
3592 3402 3644 3447 ut

2078 3478 2282 3533 Nicami
2334 3482 2558 3535 concilii
2605 3483 2762 3537 tidem
2791 3496 3136 3553 sequeretur,
3188 3493 3243 3539 et
3275 3473 3554 3555 populum.
3583 3488 3650 3539 ad

2079 3571 2428 3625 concordiam
2463 3576 2878 3629 revocaretzsin
2902 3576 3099 3639 minus,
3125 3577 3373 3630 ecclesiis
3408 3576 3646 3630 cederet.

2080 3656 2183 3723 Qui
2226 3660 2410 3713 statim
2447 3669 2750 3715 convocata
2805 3664 2987 3732 populi
3027 3665 3396 3731 multitudine,
3448 3661 3649 3735 prince-

2081 3758 2230 3818 ptum
2272 3750 2620 3820 imperatoris
2656 3754 2735 3808 eis
2767 3756 3039 3824 exposuit,
3098 3765 3150 3810 et
3185 3759 3446 3826 postridie
3494 3767 3649 3812 extra

2080 3840 2268 3893 urbem
2327 3856 2385 3896 se
2445 3842 2703 3897 collectas
2774 3845 3177 3899 celebraturum
3249 3848 3645 3915 pronuntiavit.

2079 3932 2559 4002 Quandmluidem,
2620 3936 2820 4005 inquit,
2864 3937 3046 3990 divina
3093 3938 3176 3990 lex
3230 3938 3420 4006 jubet:
3458 3938 3516 3993 Si
3560 3958 3645 3995 vos

2076 4025 2338 4089 persecuti
2369 4024 2566 4091 fuerint
2588 4040 2652 4077 ex
2681 4024 2777 4077 hac
2804 4026 2951 4091 urbe,
2986 4027 3152 4095 fugite
3188 4028 3240 4079 in
3270 4029 3433 4083 aliam
3458 4032 3496 4082 ’.
3525 4029 3646 4084 lltcc

2077 4129 2199 4167 cum
2234 4114 2488 4179 dixisset,
2522 4118 2782 4185 populum
2834 4128 2987 4171 extra
3024 4120 3212 4172 urbem
3245 4120 3503 4189 deinceps
3534 4114 3647 4175 ξυμ

2077 4206 2207 4275 legit
2237 4227 2248 4260 :
2287 4217 2338 4262 et
2373 4226 2473 4261 una
2504 4224 2626 4262 cum
2657 4210 2747 4262 illo
2776 4208 2999 4271 Lucius,
3041 4211 3133 4279 qui
3165 4213 3293 4264 olim
3331 4214 3397 4265 ab
3424 4214 3646 4269 Arianis

2077 4299 2463 4354 Alexandrinae
2490 4302 2736 4355 ecclesia:
2774 4303 3066 4372 episcopus
3092 4303 3267 4357 fuerat
3287 4306 3640 4360 constitutus.

2077 4390 2208 4448 lude
2259 4396 2403 4447 enim
2454 4396 2745 4464 expulsus,
2798 4396 2875 4447 uti
2924 4411 3089 4464 supra
3153 4396 3465 4460 retulimus,
3517 4413 3640 4450 eum

2078 4487 2308 4554 fugisset
2333 4486 2898 4557 Constantinopolim,
2934 4490 2987 4539 in
3027 4503 3090 4541 ea
3133 4488 3268 4541 urbe
3300 4489 3639 4543 morabatur.

2002 4576 2210 4633 DCum
2266 4579 2430 4647 igitur
2493 4578 2843 4648 Demophilus
2898 4596 3006 4633 una
3049 4595 3172 4634 cum
3232 4581 3350 4635 suis
3405 4581 3639 4635 ecclesia

405 4671 778 4733 abscessisset,
819 4670 1115 4740 imperator
1186 4670 1241 4723 in
1285 4684 1402 4723 eam
1462 4669 1766 4739 ingressus,
1822 4669 1987 4725 Deum
2066 4675 2262 4730 oravit.
2311 4674 2489 4742 Atque
2546 4690 2610 4727 cx
2644 4688 2709 4727 eo
2769 4680 3012 4742 tempore
3065 4673 3117 4725 bi
3175 4674 3266 4741 qui
3312 4672 3637 4726 Trinitatem

404 4761 920 4816 consubstantialem
949 4760 1361 4831 profitebantur,
1401 4759 1668 4814 ecclesias
1698 4757 2071 4815 obtinuerunt.
2118 4763 2309 4815 Annus
2329 4771 2508 4815 autem
2573 4761 2661 4815 hic
2681 4769 2819 4827 erat,
2875 4776 2983 4829 quo
3038 4760 3333 4817 Gratianus
3386 4764 3634 4831 quintum

403 4860 456 4909 et
482 4852 647 4925 284
668 4851 1010 4909 Theodosius
1039 4853 1272 4923 primum
1314 4851 1662 4906 consulatum
1692 4866 1907 4921 gessere
1933 4868 1947 4904 :

404 4949 763 5019 dragesimus.

475 5131 491 5161 ¹
525 5129 679 5185 Socr.
713 5129 809 5185 lib.
840 5144 910 5195 tv,
938 5143 986 5182 e.
1031 5128 1079 5181 7.
1157 5128 1175 5157 ’
1206 5126 1397 5184 Matth.
1432 5141 1488 5195 ι,
1512 5124 1601 5180 25.

2025 4867 2091 4907 cx
2124 4868 2231 4922 quo
2282 4868 2411 4907 vero
2464 4853 2652 4907 Ariani
2692 4853 2958 4908 ecclesias
3005 4865 3434 4924 occupaverant,
3501 4870 3636 4924 qua-

1570 5282 1837 5341 VALESII
1873 5284 2426 5343 ANNOTATIONES.

475 5386 583 5453 (89)
626 5383 1118 5452 Τεσσαρακοστὸν
1149 5383 1234 5436 δέ.
1275 5381 1420 5438 Idem
1450 5398 1668 5451 quoque
1722 5392 1957 5436 testatur

402 5456 750 5510 Marcellinus
774 5458 968 5509 tiomes
998 5459 1049 5507 in
1092 5455 1347 5507 Chronico
1372 5468 1390 5505 :
1425 5454 1558 5521 Aug.
1600 5469 1650 5516 v,
1695 5462 1741 5507 et
1790 5454 1955 5507 Theo-

399 5529 545 5579 dosio
578 5528 796 5594 priurum
831 5543 965 5578 coss.
1006 5524 1101 5577 llis
1135 5524 1445 5594 consulibus,
1486 5522 1807 5577 Theodosius
1838 5524 1955 5577 Illa-

398 5615 550 5667 gnus,
574 5608 847 5665 postquam
878 5597 939 5648 de
982 5594 1249 5667 rScytiticis
1288 5593 1525 5667 gentibus
1580 5595 1951 5667 triumphavit,

398 5662 629 5733 erpnlsis
660 5662 902 5718 continuo
936 5666 997 5717 ub
1024 5662 1434 5718 oi‘t/tuthIOTttnt
1466 5662 1701 5717 Ecclesia
1737 5666 1951 5718 Arionis

397 5740 483 5803 qui
515 5754 629 5789 eain
656 5752 745 5804 per
782 5738 851 5790 40
897 5737 1055 5804 ferme
1096 5752 1258 5787 annos
1301 5735 1392 5787 sub
1426 5734 1639 5787 Arionis
1682 5737 1956 5801 imperato-

400 5809 542 5859 ribus
575 5817 866 5867 tenucrnnt,
903 5808 1094 5859 nostris
1134 5806 1406 5857 catholicis
1448 5804 1764 5857 ortltorluxus
1800 5808 1951 5859 resti-

402 5879 498 5931 tuit
532 5880 810 5946 ἔνιψα-αισι*
847 5895 1014 5931 mense
1044 5877 1330 5929 Deccmbri.
1362 5877 1655 5931 littles'rant
1695 5876 1957 5931 Constan-

2064 5383 2483 5452 tinOpolitanam
2513 5382 2873 5437 obtinuerunt
2906 5383 3095 5438 Ariani
3122 5383 3233 5454 jam
3264 5385 3387 5439 inde
3423 5400 3451 5437 a
3486 5386 3631 5440 tion-

2064 5454 2252 5505 stantii
2304 5454 2661 5521 temporibus,
2719 5462 2849 5509 tunc
2889 5470 3007 5507 eum
3044 5454 3311 5510 Eusebius
3376 5455 3630 5510 Nicome-

2060 5525 2266 5577 dicnsis
2305 5524 2619 5592 episcopus,
2661 5523 2839 5591 ejecto
2902 5524 3092 5588 Paulo,
3147 5542 3264 5578 eam
3310 5527 3492 5581 sedem
3528 5528 3631 5578 nh-

2065 5593 2438 5665 tinuiLQuod
2475 5596 2674 5647 factum
2703 5611 2825 5665 esse
2851 5610 2992 5647 anno
3016 5595 3219 5649 Christi
3248 5597 3471 5649 circiter
3500 5597 3629 5665 539,

2062 5664 2222 5717 docui
2260 5664 2313 5717 in
2349 5665 2440 5718 lib.
2480 5680 2537 5725 ll,
2572 5680 2691 5734 cap.
2729 5665 2761 5719 5
2794 5664 3231 5720 Observationum
3300 5666 3623 5720 ecclesiasti-

2063 5750 2262 5804 carum.
2301 5735 2383 5788 Ab
2417 5736 2517 5788 hoc
2542 5750 2686 5788 anno
2710 5750 2883 5804 usque
2918 5734 2982 5787 ad
3016 5739 3248 5804 primunt
3281 5739 3627 5792 consulatum

2066 5803 2380 5866 Theodosii,
2428 5807 2518 5874 qui
2582 5807 2681 5860 fuit
2716 5803 2856 5858 anno
2890 5803 3094 5862 Christi
3131 5808 3255 5868 530,
3315 5809 3439 5862 anni
3501 5818 3627 5864 sunt

2071 5875 2452 5945 quadraginta,
2491 5886 2541 5932 et
2576 5881 2717 5946 quod
2749 5879 2989 5932 excurrit
