4460 6634
392 436 528 491 ωνὶθ
1342 434 1672 493 HISTORIA
1733 438 2290 501 ECCLESIASTICA;
2357 443 2683 501 —LlB.Vll.
3500 447 3635 504 145(-

385 555 573 609 λεσθαι
616 556 707 609 τὸν
755 555 1065 626 πρεσϐύτην
1105 555 1438 626 ὑϐριστικῶς
1470 558 1773 613 ἐκέλευσεν.
1821 562 1881 614 '0
1909 560 1965 613 δὲ
1994 572 2039 627 Α
2072 563 2143 615 lm

1875 560 1965 613 »δὲ
1994 572 2039 627 Α
2072 563 2419 634 Imperatoris
2456 574 2636 617 autem
2682 565 2850 618 ﬁlium
2884 565 2975 634 qui
3012 579 3115 619 una
3152 579 3277 620 cum
3311 574 3465 637 patre
3498 565 3636 622 resi—

388 648 769 717 ὠστιζόμενος,
804 650 1158 720 ἐπιστραφεὶς
1184 645 1357 703 εἶπεψ
1396 649 1648 722 Οῦτωιδὴ
1676 653 1893 723 νόμισον
1918 648 1963 709 ὧ
2068 652 2149 707 del

1872 648 1963 709 νῶ
2068 652 2269 716 debat,
2349 654 2778 724 haudquaquam
2828 655 2994 710 simili
3041 655 3251 711 honore
3305 666 3633 727 prosecutus

389 738 633 811 βασιλεῦ,
678 738 772 790 καὶ⁷
812 737 904 792 τὸν
937 738 1187 807 οὐράνιον
1216 740 1441 809 Πατέρα
1468 742 1795 808 ἀγανακτεῖν
1829 745 1966 814 πρὸς
2064 748 2150 796 est

1875 745 1966 814 ρὺς
2064 748 2154 796 est
2178 758 2189 806 ;
2222 744 2315 797 sed
2343 743 2567 812 propius
2588 742 2879 808 accedens,
2904 743 3051 798 velut
3074 743 3138 796 ad
3160 758 3387 812 puerum
3410 762 3423 798 :
3455 740 3634 809 Salve,

383 830 511 893 τοὺς
551 830 819 899 ἀνομοίως
869 829 959 883 τὸν
992 830 1123 884 Υῐὺν
1166 831 1463 901 τιμῶντας,
1502 833 1595 886 καὶ¹
1624 834 1823 904 ἥττονα
1848 836 1968 889 τολ-
2068 832 2144 886 ini

1875 836 1968 889 ‘01-
2068 832 2269 902 inquit,
2306 832 2401 897 ﬁli,
2434 849 2669 903 eumque
2703 833 2873 902 digito
2904 833 3216 889 demulcere
3263 835 3448 905 erepit.
3497 832 3636 888 Tum

392 921 611 992 μῶντας
659 922 953 976 ἀποκαλεῖν
998 924 1095 976 τοῦ
1146 925 1519 995 γεννήσαντος.
1582 927 1867 993 Ἀγασθεὶς
1913 927 1968 979 δὲ
2071 940 2153 979 vei

1913 927 1968 979 δὲ
2071 940 2201 979 vero
2234 925 2528 994 imperator
2558 933 2889 991 commotus,
2913 937 2966 981 et
2994 936 3252 997 tanquam
3280 927 3350 982 ob
3373 927 3636 994 iniuriam

389 1014 481 1066 ἐπὶ
532 1013 613 1083 τῷ
664 1015 945 1085 εἰρημένῳ
994 1015 1023 1067 6
1068 1015 1359 1085 βασιλεὺς,
1432 1017 1830 1088 μετεκαλέσατο
1879 1016 1970 1069 τὸν
2076 1016 2148 1069 fili

1879 1016 1970 1069 τὸν
2076 1016 2187 1070 ﬁlio
2223 1014 2422 1070 factam
2454 1016 2791 1085 indignatus,
2826 1017 2972 1087 quod
3005 1033 3112 1072 non
3168 1018 3312 1088 pari,
3354 1031 3464 1088 quo
3499 1017 3635 1085 ipse,

391 1103 560 1174 ἱερέα,
589 1107 683 1157 καὶ
716 1104 1045 1177 συγγνώμην
1091 1108 1229 1178 ᾔτει,
1283 1109 1378 1162 καὶ
1427 1110 1641 1180 ἀληθῶς
1691 1110 1971 1181 εἰρηκέναι
2076 1105 2152 1159 ho.

1882 1128 1971 1164 ναι
2076 1105 2283 1161 honore
2305 1104 2536 1160 aﬂ‘ectus
2563 1106 2777 1171 fuisset,
2802 1122 2988 1163 senem
3013 1108 3407 1164 contumeliose
3442 1107 3639 1176 expelli

393 1194 778 1263 συνωμολόγει.
858 1197 969 1249 Καὶ
1051 1198 1451 1269 ἀσφαλέστερος
1512 1200 1840 1269 γενόμενος,
1904 1202 1963 1254 ού
2068 1195 2154 1265 jus

1904 1202 1963 1254 οὐ
2068 1195 2255 1265 jussit.
2288 1194 2392 1260 Qui
2441 1194 2569 1249 dum
2624 1197 3043 1264 exturbaretur,
3095 1213 3399 1255 conversus
3455 1197 3636 1252 dixit:

393 1284 647 1354 προσίετο
691 1287 814 1350 τοὺς
849 1288 998 1358 παρὰ
1038 1288 1194 1343 τοῦτο
1232 1290 1570 1355 δοξάζοντας.
1611 1292 1719 1345 Καὶ
1747 1291 1846 1357 τὰς
1879 1293 1965 1346 ἐπ’
2076 1292 2149 1346 l’a

1879 1293 1965 1346 ἐπ’
2076 1290 2201 1346 Pari
2235 1290 2418 1354 modo,
2464 1289 2784 1359 imperator,
2834 1290 3111 1345 cmlestem
3164 1304 3381 1360 quoque
3424 1287 3640 1342 Patrem

394 1378 602 1448 ἀγορᾶς
627 1376 809 1449 ἔριδας
846 1380 937 1432 καὶ
977 1380 1222 1443 συνόδους
1253 1381 1630 1453 ἀπηγόρευσεο
1672 1383 1766 1434 καὶ
1795 1382 1969 1434 διαλέ-

395 1468 587 1535 γεσθαι
632 1471 722 1524 τὸν
767 1472 930 1525 αὑτὸν
977 1472 1179 1542 τρόπον
1220 1474 1348 1543 περὶ
1380 1474 1567 1538 οὐσίας
1615 1475 1709 1528 καὶ
1754 1473 1969 1542 φύσεως

397 1559 555 1624 Θεοῦ,
599 1562 699 1615 οὐκ
743 1563 1022 1617 ἀκίνδυνον
1063 1564 1317 1629 ἐποιεῖτο,
1364 1565 1528 1636 νόμον
1575 1565 1798 1636 θέμενος
1845 1564 1973 1637 περὶ

396 1651 609 1717 τούτου,
644 1654 740 1706 καὶ
768 1655 1036 1725 τιμωρίαν
1064 1656 1274 1725 όρίσας.

2077 1396 2402 1439 succensere
2434 1381 2501 1436 iis
2535 1382 2815 1445 existima,
2853 1382 2945 1451 qui
2986 1381 3183 1436 Filium
3221 1381 3397 1451 ipsius
3436 1377 3643 1449 dispari

2075 1474 2225 1527 cultu
2286 1480 2636 1537 venerantur,
2662 1485 2715 1527 et
2750 1472 3016 1528 Genitore
3062 1488 3163 1529 suo
3218 1475 3485 1528 minorem
3516 1488 3641 1548 eum

2078 1565 2352 1634 appellare
2383 1578 2491 1617 non
2525 1564 2797 1618 dubitant.
2831 1565 2987 1631 Quod
3015 1566 3222 1621 dictum
3274 1566 3508 1620 miratus
3542 1564 3644 1616 iiii-

2075 1664 2316 1724 perator,
2358 1656 2695 1709 sacerdotem
2739 1658 3053 1721 revocavit,
3093 1657 3418 1727 veniamque
3467 1656 3536 1710 ab
3580 1668 3645 1707 eo

398 1750 556 1818 petiit
581 1789 597 1814 ,
630 1763 869 1818 veraque
897 1750 1051 1803 illum
1091 1748 1297 1803 dixisse
1325 1748 1616 1804 confessus
1649 1757 1757 1806 est.
1799 1750 1976 1819 Atque
2014 1747 2213 1802 exinde
2241 1746 2458 1800 cautior
2482 1744 2678 1812 factus,
2710 1763 2805 1802 eos
2834 1748 2927 1816 qui
2967 1749 3126 1803 aliter
3194 1749 3469 1804 sentirent
3535 1764 3645 1801 non

403 1837 646 1891 admisit.
670 1836 1067 1893 Contentiones
1091 1853 1314 1907 quoque
1334 1849 1390 1893 et
1413 1847 1588 1895 cretus
1617 1839 1672 1893 in
1712 1838 1830 1894 foro
1891 1839 2005 1894 fieri
2045 1837 2218 1892 vetuit
2245 1855 2259 1891 :

2336 1844 2504 1905 utque
2554 1835 2622 1890 de
2670 1845 2865 1891 natura
2905 1846 2960 1892 et
3006 1838 3315 1893 substantia
3347 1836 3441 1892 Dei
3483 1838 3646 1893 solito

402 1948 556 1988 more
589 1934 872 2004 disputare
905 1933 1330 2003 haudquaquam
1359 1944 1539 1990 tutum
1570 1942 1736 2002 esset,
1764 1934 1977 2001 effecit,
2007 1933 2116 1987 lata
2149 1932 2289 2002 lege,
2320 1941 2374 1986 et
2413 1944 2575 2001 poena
2615 1930 2669 1985 in
2701 1945 2818 1986 eam
2853 1945 2967 1985 rem
3002 1933 3325 1987 constituta.

1012 2028 1263 2081 ΚΕΦΑΑ.
1306 2028 1378 2083 Ζ⁸.

403 2118 541 2186 Περὶ
572 2117 679 2187 τῆς
710 2117 991 2188 δευτέρας
1020 2118 1194 2187 ἁγίας
1233 2119 1651 2188 οὶκουμενικῆς
1689 2120 1987 2183 συνόδου,

474 2190 612 2244 ὅθεν
658 2187 754 2241 καὶ
792 2188 890 2258 διὰ
935 2189 1115 2241 ποίαν
1145 2190 1341 2243 αἰτίαν
1367 2187 1662 2257 συνέστη.
1712 2192 1820 2244 Καὶ
1849 2190 1981 2258 περὶ

476 2258 584 2325 τῆς
613 2257 1025 2326 παραιτήσεως
1055 2260 1382 2327 Γρηγορίω
1416 2259 1521 2313 τοῦ
1555 2262 1869 2330 Θεολόγου.

486 2350 573 2403 Ἐν
595 2349 747 2420 τάχει
770 2366 830 2402 τε
853 2350 945 2402 καὶ
970 2350 1184 2403 σύνοδον
1208 2350 1521 2405 ἐπισκόπων
1547 2353 1813 2423 ὁμοδόξων
1835 2351 1982 2423 αὐτῷ

406 2440 727 2497 συνεκάλεσε
747 2442 793 2503 ⁸,
825 2441 1166 2513 βεδαιότητός
1186 2460 1245 2495 τε
1262 2444 1422 2496 ἕνεκα
1441 2444 1626 2504 τῶν,ὲν
1651 2444 1851 2515 Νικαίᾳ
1893 2443 1982 2496 δο-

407 2533 630 2598 ξάντων,
654 2532 748 2585 καὶ
776 2534 1108 2602 χειροτονίας
1138 2534 1232 2587 τοῦ
1256 2534 1535 2604 μέλλοντος
1552 2536 1867 2589 ἐπισκοπεῖν
1893 2535 1984 2588 τὸν

408 2624 1027 2688 Κωνσταντινουπόλεως
1048 2624 1253 2695 θρόνον.
1296 2624 1615 2678 ’Υπολαϐὼν
1645 2625 1701 2677 δὲ
1724 2624 1983 2678 δύνασθαι

409 2717 642 2785 συνάψαι
697 2718 761 2786 τῇ
813 2716 1038 2769 καθόλου
1087 2715 1386 2786 Ἐκκλησία
1449 2717 1575 2780 τοὺς
1622 2715 1985 2785 καλουμένους

409 2806 863 2869 Μακεδονιανοὺς,
910 2805 985 2867 ὼς
1028 2805 1101 2876 μὴ
1139 2806 1268 2876 περὶ
1303 2805 1443 2877 μέγα
1472 2823 1526 2858 τι
1570 2806 1986 2877 διαφερομένους
2006 2860 2019 2885 ί

412 2902 469 2951 ὲν
496 2900 562 2968 τῇ
606 2897 745 2950 κατὰ
789 2896 850 2949 τὸ
896 2896 1070 2967 δόγμα
1108 2895 1354 2967 ζητήσει,
1390 2897 1710 2951 συνεκάλεσε
1744 2898 1837 2950 καὶ
1865 2896 1988 2950 τού-

410 3005 554 3051 τους.
581 2987 845 3056 Συνῆλθον
867 2982 977 3051 οὖν,
1007 2988 1071 3040 ὲκ
1095 2988 1191 3057 μὲν
1220 2986 1329 3040 τῶν
1358 2988 1640 3058 ὁμοούσιον
1660 2988 1758 3058 τὴν
1787 2987 1990 3057 Τριάδα

411 3077 759 3142 δοξαζόντων,
795 3078 937 3146 ἀμφὶ
982 3077 1175 3130 ἑκατὸν
1221 3078 1314 3130 καὶ
1363 3079 1735 3148 πεντήκοντα’
1794 3078 1902 3130 τῶν
1934 3078 1990 3130 δὲ

414 3166 524 3220 ἀπὸ
551 3170 646 3236 τῆς
676 3166 1005 3220 Μακεδονίου
1039 3166 1322 3236 αἱρέσεως,
1356 3166 1415 3230 ἒξ
1447 3168 1541 3219 καὶ
1571 3168 1882 3237 τριάκοντα,
1916 3160 1990 3220 ὧν

416 3257 466 3308 οἱ
496 3256 711 3318 πλείους
743 3254 1036 3325 ἐτύγχανον
1070 3257 1133 3306 ὲκ
1173 3254 1279 3309 τῶν
1313 3256 1438 3325 περὶ
1472 3256 1562 3309 τὸν
1606 3256 1990 3327 Ἑλλήσποντον

2714 2023 2869 2079 CAP.
2904 2022 3013 2078 \’ll.

2081 2115 2159 2171 De
2205 2116 2437 2172 secunda
2477 2117 2767 2171 universali
2822 2119 3069 2186 synodo:
3105 2117 3243 2170 unde
3296 2124 3347 2170 et
3374 2133 3532 2186 quam
3587 2116 3649 2168 rb

2150 2203 2370 2257 causam
2393 2199 2710 2257 congregata
2729 2189 2819 2242 sit.
2843 2186 2910 2240 Et
2929 2187 2992 2242 de
3008 2197 3299 2256 spontaneo
3319 2186 3653 2241 abdicatione

2154 2256 2390 2327 Gregorii
2425 2257 2694 2327 Theologi.

2154 2348 2262 2404 Nec
2297 2350 2470 2405 multo
2502 2357 2644 2419 post,
2679 2348 3066 2419 episcoporum
3099 2347 3507 2402 communionis
3540 2361 3653 2401 sua:

2086 2441 2358 2512 synodum
2410 2441 2753 2505 convocavit,
2789 2449 2903 2494 tum
2958 2448 3016 2494 ut
3045 2438 3251 2493 Nicaeni
3299 2437 3521 2491 concilii
3558 2436 3654 2490 de-

2087 2540 2234 2588 creta
2264 2534 2749 2597 conﬁrmarentur,
2783 2542 2895 2587 tum
2935 2540 2994 2586 ut
3024 2528 3658 2598 Constantinopolitanae

2086 2623 2232 2678 sedis
2256 2622 2549 2691 episc0pus
2582 2621 3009 2677 constitueretur
3036 2622 3075 2675 ¹.
3105 2620 3351 2689 Cumque
3377 2618 3660 2672 existima-

2086 2722 2171 2767 ret
2201 2726 2297 2767 cos
2325 2711 2417 2781 qui
2447 2710 2820 2765 Macedoniani
2864 2709 3149 2774 dicuntur,
3186 2708 3441 2765 Ecclesia:
3472 2709 3652 2763 catho-

2087 2805 2203 2857 licae
2236 2802 2397 2857 facile
2428 2801 2648 2871 adjungi
2686 2815 2868 2871 posse,
2914 2801 3118 2871 quippe
3153 2799 3248 2870 qui
3298 2801 3352 2853 in
3412 2798 3662 2853 doctrina

2090 2895 2218 2950 fidei
2252 2910 2361 2948 non
2417 2907 2747 2962 magnopere
2798 2893 3149 2959 dissiderent,
3190 2894 3295 2946 hos
3340 2892 3503 2947 etiam
3539 2906 3662 2945 cum

2089 2985 2303 3043 cmteris
2328 2983 2596 3038 evocavit.
2628 2981 2707 3035 Ex
2738 2981 2805 3036 iis
2835 2981 3004 3052 igitur
3033 2981 3126 3050 qui
3158 2978 3485 3033 Trinitatem
3530 2993 3666 3032 con-

2092 3076 2507 3134 substantialem
2557 3073 2977 3145 proﬁtebantur,
3029 3081 3407 3129 convenerunt
3436 3078 3603 3125 centu
3631 3087 3661 3122 II

2091 3172 2310 3225 circiter
2339 3177 2393 3223 et
2428 3168 2864 3238 quinquaginta,
2934 3182 2998 3221 ex
3051 3165 3461 3220 Macedonianis
3512 3178 3661 3224 vero,

2094 3272 2186 3312 sex
2212 3266 2266 3310 et
2295 3257 2556 3326 triginta:
2601 3271 2835 3326 quorum
2869 3256 3120 3325 plerique
3172 3265 3331 3310 erant
3365 3270 3433 3309 ex
3472 3255 3666 3309 civita-

417 3347 643 3400 πόλεων.
693 3345 953 3413 Ἡγοῦντο
1002 3345 1057 3398 δὲ
1099 3345 1303 3398 τούτων
1350 3346 1617 3410 Ἐλεύσιος
1663 3349 1689 3400 6
1725 3347 1985 3413 Κυζίκου,
2018 3363 2061 3421 ρ
2094 3348 2171 3402 tib

1904 3363 1985 3413 ου,
2018 3363 2061 3421 c
2094 3348 2239 3402 tibus
2292 3347 2442 3401 circa
2506 3347 2923 3417 Hellespontum
2991 3348 3134 3402 sitis.
3170 3346 3449 3401 Praeerant
3486 3355 3665 3399 autem

418 3440 514 3493 καὶ
544 3437 853 3509 Μαρκιανὸς
882 3438 910 3488 6
956 3437 1258 3506 Λαμψάκου
1284 3453 1298 3467 ·
1349 3437 1470 3490 τῶν
1504 3438 1561 3491 δὲ
1611 3437 1785 3492 ἄλλων
1828 3438 1995 3509 Τιμό-

420 3531 558 3593 θεος,
599 3531 627 3581 6
674 3528 782 3581 τῶν
822 3528 1214 3598 Ἀλεξανδρέων
1264 3529 1465 3581 διέπων
1512 3529 1731 3599 θρόνον,
1784 3529 1843 3581 ού
1891 3530 1997 3601 πρὸ

421 3620 615 3673 πολλοῦ
649 3619 1066 3689 τετελευτηκότα
1114 3619 1351 3689 Πέτρον,
1395 3619 1621 3688 ἀδελφὸν
1661 3620 1789 3673 ὄντα
1832 3620 1996 3673 αὐτοῦ

420 3712 797 3781 διαδεξάμενος
818 3727 831 3740 ·
867 3712 958 3763 καὶ
990 3710 1246 3773 ῙνῘελέτιος
1270 3713 1297 3763 6
1325 3712 1656 3781 Ἀντιοχείας
1680 3714 1999 3779 ἐπίσκοπος,

424 3804 524 3874 ῆδη
560 3802 746 3873 πρώην
773 3804 853 3865 εἰς
874 3802 1441 3856 Κωνσταντινούπολιν
1468 3803 1557 3856 διὰ
1579 3805 1677 3875 τὴν
1699 3804 1996 3875 Γρηγορίου

426 3895 756 3948 κατάστασιν
799 3895 1126 3965 ἀφικόμενος
1150 3912 1164 3926 ο
1214 3896 1309 3948 καὶ
1340 3896 1604 3965 Κύριλλος
1636 3898 1665 3949 6
1711 3896 2001 3967 Ἱεροσολύ-

430 4004 563 4050 μων,
600 3986 993 4056 μεταμεληθεὶς
1014 3988 1157 4049 τότε,
1185 3988 1266 4039 ὅτι
1294 3989 1553 4057 πρότερον
1579 3987 1645 4041 τὰ
1670 3988 1999 4042 Μακεδονίου

428 4076 671 4146 ἐφρόνει.
712 4078 816 4129 Σὺν
862 4077 1070 4140 τούτοις
1105 4078 1161 4131 δὲ
1193 4075 1354 4149 ἦσαν,
1398 4079 1669 4150 Ἀσχόλιός
1713 4098 1770 4133 τε
1811 4083 1839 4134 6
1869 4081 2002 4134 Θεσ-

432 4169 738 4238 σαλονίκης,
769 4169 864 4221 καὶ
908 4170 1169 4239 Διόδωρος
1213 4173 1241 4223 6
1278 4171 1512 4241 Ταρσοῦ,
1558 4173 1652 4225 καὶ
1685 4173 1938 4237 Ἀκάκιος
1974 4175 2002 4226 6

432 4250 672 4330 Βεροίας.
706 4261 767 4313 Οἳ
801 4261 865 4331 δὴ
895 4260 1095 4324 πάντες
1122 4262 1398 4315 ἐπαινέται
1430 4266 1788 4333 τυγχάνοντες
1819 4265 1920 4335 τῆς
1945 4267 2009 4320 ὲν-

431 4353 637 4424 Νικαίᾳ
659 4352 1049 4425 βεϐαιωθείσης
1072 4355 1308 4427 γραφῆς,
1331 4356 1535 4409 ἐδέοντο
1562 4358 1739 4425 σφίσιν
1760 4357 2002 4428 ὁμογνώ-

436 4461 602 4513 μονας
638 4443 892 4511 γενέσθαι
920 4447 1047 4509 τοὺς
1078 4447 1221 4515 ἀμφὶ
1245 4446 1535 4509 Ἐλεύσιον,
1565 4449 2005 4518 ἀναμιμνήσκον-

433 4551 523 4597 τες
551 4528 625 4586 ὧν
658 4551 716 4586 τε
750 4536 884 4604 πρὸς
925 4536 1175 4607 Λιὸέριον
1215 4537 1650 4607 ἐπρεσϐεύσαντο
1679 4541 1771 4592 καὶ
1800 4540 2004 4610 ὡμολό-

434 4642 610 4695 γησαν
653 4626 739 4680 διὰ
768 4626 1088 4693 Εύσταθίου,
1134 4631 1227 4683 καὶ
1257 4630 1537 4696 Σιλϐανοῦ,
1582 4632 1675 4685 καὶ
1722 4632 1999 4700 Θεοφίλου,

2095 3437 2213 3493 istis
2244 3436 2497 3491 Eleusius
2524 3437 2851 3507 Cyzicenus,
2897 3447 2950 3490 et
2999 3436 3309 3491 Marcianus
3344 3434 3670 3505 Lampsace-

2096 3545 2220 3584 nus.
2279 3528 2504 3584 Cicteris
2564 3544 2692 3583 vero
2722 3528 3043 3583 Timotheus
3089 3526 3470 3582 Alexandrina:
3523 3524 3672 3578 sedis

2098 3622 2330 3675 antistes
2366 3620 2716 3690 praesidebat,
2746 3621 2839 3690 qui
2876 3621 3039 3689 paulo
3094 3628 3251 3673 antea
3292 3617 3453 3673 Petro
3516 3617 3670 3671 fratri

2100 3728 2199 3767 suo
2230 3728 2296 3767 ex
2318 3712 2419 3767 hac
2450 3714 2571 3766 luce
2601 3712 2839 3775 sublato,
2865 3711 2918 3765 in
2949 3712 3267 3782 episcopatu
3287 3718 3667 3765 successerat:

2098 3816 2150 3861 et
2178 3821 2301 3859 cum
2334 3820 2398 3859 eo
2435 3804 2682 3860 Meletius
2713 3805 3005 3874 episcopus
3051 3803 3376 3867 Antiochiae,
3436 3803 3529 3872 qui
3559 3818 3668 3855 non

2098 3899 2174 3953 ita
2206 3897 2409 3951 dudum
2446 3897 2809 3953 ordinationis
2863 3896 3119 3966 Gregorii.
3160 3911 3324 3951 causa
3359 3895 3671 3950 Constanti-

2100 3988 2337 4056 nopolim
2365 3987 2698 4042 advenerat:
2735 3996 2788 4042 et
2817 3986 3058 4057 Cyrillus
3089 3987 3383 4055 episc0pus
3415 3985 3673 4041 Hieroso-

2102 4077 2394 4149 lymorum,
2439 4078 2759 4148 paenitentia
2800 4088 2913 4131 tum
2973 4078 3176 4132 ductus
3240 4077 3386 4148 quod
3421 4076 3666 4146 opinioni

2101 4166 2403 4223 Macedonii
2443 4170 2676 4224 antehac
2712 4169 3054 4225 adhazsisset.
3087 4169 3329 4222 Aderant
3360 4183 3481 4229 ,una
3544 4184 3671 4221 cum

2104 4262 2225 4318 istis
2275 4262 2569 4317 Ascholius
2599 4261 3029 4328 Thessalonicae,
3076 4261 3342 4317 Diodorus
3386 4260 3565 4327 Tarsi,
3618 4269 3674 4314 et

2103 4353 2266 4424 236
2289 4351 2524 4408 Aeacius
2564 4352 2766 4407 Beroim
2813 4354 3124 4423 episcOpus.
3160 4352 3264 4418 Qui
3298 4353 3519 4423 quidem
3553 4368 3673 4407 om-

2104 4462 2203 4502 nes
2234 4462 2358 4501 cum
2390 4446 2515 4500 fidei
2558 4446 2848 4500 formulam
2888 4447 2942 4499 in
2978 4446 3214 4499 concilio
3281 4445 3501 4499 Nicaeno
3544 4459 3678 4498 con-

2105 4537 2365 4605 scriptam
2390 4535 2780 4604 approbarent,
2808 4534 2979 4588 abhis
3003 4535 3095 4603 qui
3126 4549 3247 4589 cum
3277 4534 3497 4589 Eleusio
3517 4541 3674 4587 erant

2105 4629 2536 4689 contenderunt,
2595 4634 2655 4681 ut
2712 4641 2839 4680 cum
2876 4627 3014 4695 ipsis
3062 4625 3378 4681 consentire
3431 4628 3671 4680 vellent:

432 4714 507 4777 ὡς
554 4713 787 4785 εἴρηται.
842 4715 1005 4770 Ἀλλὰ
1053 4720 1103 4771 οἱ
1161 4719 1291 4790 μὲν,
1345 4722 1551 4791 μήποτε
1594 4722 1877 4791 ὁμοούσιον
1926 4721 2005 4793 τῷ
2037 4700 2079 4755 D
2112 4737 2193 4775 rev

1926 4721 2005 4793 τῷ
2037 4700 2079 4755 Ῐ)
2112 4728 2434 4775 revocantes
2473 4718 2580 4774 illis
2616 4718 2668 4771 in
2704 4720 3024 4773 memoriam
3062 4718 3386 4788 legationem
3415 4733 3580 4787 quam
3606 4714 3673 4770 ad

435 4806 609 4876 Πατρὶ
635 4806 723 4858 τὸν
755 4806 880 4859 Υίὸν
910 4808 1150 4876 δοξάζειν
1197 4812 1493 4879 ἀναφανδὸν
1525 4814 1785 4876 εἰπόντες,
1830 4815 1878 4866 εἰ
1913 4815 2005 4867 καὶ

435 4897 651 4951 ἐναντία
684 4901 803 4962 ταῖς
834 4899 969 4969 πρὸς
996 4901 1246 4972 Λιόέριον
1276 4904 1587 4974 ὁμολογίαις
1616 4904 2001 4977 ὲροῦσιν’(94),

510 5078 524 5109 ¹
552 5076 707 5133 Socr.
735 5079 826 5133 lib.
858 5095 911 5147 v,
938 5092 990 5135 c.
1006 5079 1061 5135 8.

2109 4810 2383 4866 Liberium
2439 4810 2725 4874 miserant,
2772 4816 2824 4864 et
2878 4810 3230 4879 sponsionem
3285 4822 3450 4877 quam
3495 4807 3673 4861 eidem

2109 4904 2354 4959 fecerant
2382 4918 2476 4974 per
2504 4902 2868 4967 Eustathium,
2896 4900 3182 4957 Silvanum
3202 4915 3265 4956 ac
3291 4898 3674 4971 Theophilum,

1563 5262 1739 5319 VALE
1748 5261 1829 5317 Sll
1880 5262 2018 5317 ANN
2025 5262 2323 5321 OTATION
2332 5267 2430 5324 ES.

514 5377 624 5447 (94)
658 5375 850 5447 Εὶίκαὶ
883 5376 1133 5447 ἐναντία
1161 5376 1290 5443 ταῖς
1314 5378 1462 5445 πρὸς
1499 5378 1768 5445 Λιϐἐριον
1794 5380 2008 5445 ὀμολω

445 5445 600 5519 [iam
624 5446 848 5515 ἐροῦσι.
882 5445 985 5519 Pro
1014 5449 1178 5519 verbo
1213 5447 1396 5517 ἐροῦσι
1433 5448 1775 5519 Nicephorus
1821 5451 2003 5519 posuit

446 5515 618 5583 εἷπον,
644 5519 787 5589 quod
812 5517 1060 5573 eumdem
1092 5515 1256 5573 habet
1279 5533 1524 5574 sensum.
1556 5515 1622 5574 Et
1653 5519 1794 5574 hanc
1820 5515 2005 5575 lectio-

2113 5396 2235 5435 nem
2269 5385 2450 5458 sccuti»
2481 5384 2736 5441 videntur
2794 5388 3140 5458 interpret-es.
3181 5384 3291 5441 Nos
3337 5393 3517 5438 tamen
3556 5381 3679 5436 vn!-

2120 5463 2299 5523 gatam
2347 5456 2677 5526 scripturam
2730 5456 2954 5514 minime
2996 5458 3346 5529 rejiciendam
3396 5466 3671 5525 putamus.

1854 5698 2235 5759 VARIORUM.

523 5797 549 5836 8
574 5795 838 5871 Σύνσδ-ον
866 5795 1259 5871 qur-expiatam.
1315 5794 1499 5871 Mense
1532 5795 1671 5852 Maio
1719 5798 1847 5853 anni
1917 5794 2042 5862 581,
2082 5798 2284 5871 inquit‘

1917 5794 2042 5862 581,
2082 5798 2256 5871 inquit
2283 5801 2512 5858 Cavcus.
2586 5798 2685 5856 Cui
2747 5797 3023 5855 consentit
3074 5798 3198 5851 Ant.
3268 5797 3391 5867 Pagi
3431 5796 3496 5850 ei
3552 5809 3672 5850 cum

452 5881 675 5921 annum.
712 5867 846 5923 Vide
878 5866 1031 5922 Socr.
1063 5868 1156 5923 lib.
1194 5883 1245 5933 ν,
1283 5880 1404 5935 cap.
1439 5866 1492 5920 8.
