4460 6634
418 430 558 486 αδδ

1373 432 1701 493 HISTORIA
1738 436 2307 495 ECCLESIASTICA.
2337 466 2405 480 -—
2444 438 2576 493 LIB.
2622 439 2733 494 VII.

3517 439 3657 492 ηδε

419 546 545 601 rimi
574 548 700 610 viri,
733 548 823 602 cui
844 546 1195 617 amplissima
1220 563 1285 604 ac
1315 550 1480 621 regite
1508 552 1753 611 civitatis
1780 552 2160 610 sacerdotium
2222 556 2696 610 committeretur:
2753 551 2951 623 synodi
3016 560 3200 605 tamen
3270 564 3659 620 episcoporum

418 649 763 705 nequaquam
817 634 959 690 Mem
1012 634 1535 693 studium'l'uturum
1592 639 1720 696 fuit.
1764 640 1979 714 Singuli
2016 643 2164 699 enim
2228 644 2471 715 aliquem
2503 660 2570 700 ex
2622 643 2958 701 necessariis
2988 644 3108 698 suis
3163 641 3424 696 ordinare
3473 656 3643 710 cupio

421 732 567 782 bant.

1012 823 1262 876 KEOAA.
1306 825 1365 876 H'

420 918 558 984 Περί
591 916 703 982 τῆς
728 917 1150 984 προχειρισεως
1185 917 1509 983 Νεκταριου
1540 919 1629 981 είς
1676 918 1786 972 τὸν
1825 921 1979 973 Κων-

487 1003 556 1039 σι
568 986 1043 1052 αντινουπόλεως
1064 990 1300 1053 θρόνον,
1319 986 1417 1039 καὶ
1445 987 1584 1042 ὅθεν
1612 984 1710 1060 ἦν,
1738 989 1837 1043 καί
1863 984 1988 1057 οἷος

491 1057 599 1110 τὸν
624 1059 866 1124 τρόπον.

506 1149 593 1201 Ἐν
618 1150 790 1217 τούτῳ
816 1147 873 1201 δὲ
905 1147 1201 1219 Νεκτάριός
1219 1165 1303 1212 τις
1326 1148 1573 1220 Ταρσεὺς
1591 1151 1692 1222 τῆς
1713 1150 1984 1214 Κιλικίας,

422 1238 515 1291 τοῦ
543 1239 923 1310 λαμπροτάτου
955 1254 1229 1308 ταγματος
1258 1239 1357 1309 τῆς
1386 1240 1712 1309 συγκλήτου,
1748 1242 1808 1293 ὲν
1834 1241 1987 1294 Κωνο

426 1331 855 1385 οταντινουπὸλει
890 1330 1174 1402 διέτριϐεν.
1209 1332 1347 1402 Ἤδη
1382 1332 1440 1385 δὲ
1474 1332 1989 1404 παρεσκευασμένος

424 1426 500 1487 εἰς
522 1424 620 1492 τὴν
639 1424 873 1493 πατρίδα
910 1424 1145 1487 ἀπιέναι,
1174 1424 1533 1494 παραγίνεται
1564 1423 1699 1495 πρὸς
1726 1424 1989 1494 Διόδωρον

420 1519 511 1569 τὸν
544 1515 761 1585 Ταρσοῦ
792 1516 1106 1583 ἐπίσκοπον,
1148 1518 1261 1586 εῐγε
1312 1518 1549 1589 βούλοιτο
1594 1520 1825 1589 γράφειν
1869 1517 1988 1571 ἐπι-

423 1609 612 1672 στολάς
666 1609 1041 1677 κομισάμενος.
1098 1610 1299 1679 Ἔτυχε
1344 1610 1401 1663 δὲ
1443 1610 1565 1663 τότε
1613 1609 1989 1681 διανοούμενος

423 1704 543 1755 καθ’
577 1702 767 1755 ἑαυτὸν
796 1703 824 1755 ὀ
864 1701 1159 1771 Διόδωρος,
1205 1702 1323 1755 τίνα
1361 1705 1464 1773 χρὴ
1501 1701 1861 1773 προσαλέσθαι
1907 1705 1989 1767 είς

422 1792 519 1861 τὴν
567 1791 1003 1862 σπουδαζομένην
1047 1795 1399 1863 χειροτονίαν.
1447 1795 1557 1848 Καὶ
1603 1794 1724 1847 ίδὼν
1756 1796 1837 1859 είς
1884 1794 1988 1847 Νε-

421 1884 681 1950 κτάριον,
726 1884 875 1948 ἀξιον
914 1879 1050 1938 εἶναι
1092 1886 1193 1954 τῆς
1236 1886 1542 1956 ἐπισκοπῆς
1584 1885 1837 1956 ὲνόμισε’
1893 1886 1988 1939 καὶ

425 1973 565 2025 ιατὰ
597 1974 722 2027 νοῦν
751 1974 913 2038 εὐθὺς
941 1976 1087 2045 αὺτῷ
1116 1975 1441 2043 προσετέθη.
1481 1976 1674 2029 πολιὰν
1697 1978 1746 2030 τ’
1771 1978 1983 2048 ἀνδρὸς,

424 2064 514 2114 καὶ
560 2060 695 2125 εἶδος
747 2064 1103 2134 ίεροπρςπὲε.
1146 2066 1242 2118 καὶ
1285 2066 1345 2117 τὸ
1392 2067 1663 2138 προσηνὲς
1711 2068 1820 2121 τῶν
1864 2069 1987 2139 τρό-

2010 830 2065 891 Δ

2710 822 2864 879 CAP.
2905 822 3043 877 VIII.

2089 920 2167 975 De
2195 920 2446 975 electione
2490 917 2733 972 Nectarii
2777 916 3010 985 episcopi
3039 913 3617 981 Constantinopolitant
3638 930 3657 967 ε

2294 992 2410 1060 quis
2443 1000 2492 1044 et
2526 988 2663 1043 unde
2691 998 2741 1042 et
2771 987 2962 1057 quibus
2990 985 3229 1040 moribus
3263 985 3448 1052 fuerit.

2160 1145 2238 1202 Eo
2292 1155 2537 1216 tempore
2588 1142 2876 1201 Nectarius
2909 1144 3163 1216 quidam,
3223 1141 3398 1197 Tarso
3452 1139 3660 1196 Ciliciae

2088 1239 2381 1304 oriundus,
2433 1239 2517 1293 vir
2565 1237 2828 1293 senatorii
2880 1237 3136 1303 ordinis,
3180 1233 3659 1301 ConstantinOpoll

2089 1328 2379 1400 degebat‘.
2420 1327 2523 1395 Qui
2550 1342 2677 1382 cum
2708 1328 2763 1382 in
2788 1331 3021 1397 patriam
3053 1337 3253 1383 reverti
3274 1326 3391 1391 jam
3418 1334 3655 1395 pararet,

2089 1422 2227 1477 adiit
2277 1420 2573 1477 Diodorum
2625 1420 2943 1489 episcopum
3000 1418 3198 1482 Tarsi,
3252 1419 3399 1475 velut
3447 1419 3658 1472 laturus

2089 1513 2375 1584 epistolas,
2410 1513 2458 1568 si
2508 1527 2646 1584 quas
2674 1512 2768 1567 ille
2812 1510 3047 1566 Tarsum
3097 1510 3342 1566 scribere
3372 1510 3657 1565 voluisset.

2087 1604 2253 1661 Forte
2292 1612 2408 1660 tum
2456 1602 2727 1659 Diodorus
2765 1617 2956 1659 secum
3005 1601 3122 1673 ipse
3165 1602 3366 1657 tacitus
3395 1600 3656 1671 agitabat,

2088 1697 2342 1767 quisnam
2378 1696 2729 1767 potissimum
2751 1694 3043 1764 eligendus
3071 1704 3221 1751 esset
3256 1693 3323 1747 ad
3356 1709 3475 1746 eam
3508 1694 3655 1746 ordi-

2087 1789 2390 1851 nationem,
2420 1802 2543 1857 qua
2570 1794 2722 1840 tanta
2754 1785 3058 1841 ambitione
3107 1784 3490 1840 celebrabatur
3552 1781 3656 1845 Qui

2087 1881 2399 1938 Nectarium
2451 1879 2826 1951 conspicatus,
2880 1893 3006 1933 eum
3054 1877 3375 1948 episcopatu
3431 1875 3656 1944 dignum

2087 1989 2212 2029 esse
2250 1971 2490 2033 censuit,
2537 1970 2831 2039 statimque
2874 1968 2929 2022 in
2956 1967 3154 2022 intimo
3200 1966 3400 2021 mentis
3434 1977 3655 2017 recessi.

2089 2064 2405 2134 suffragium
2452 2076 2612 2117 suum
2658 2060 2708 2115 ei
2761 2059 3035 2123 contulit,
3072 2057 3331 2112 canitiem
3373 2054 3499 2114 viri,
3534 2055 3658 2106 vul-

421 2170 539 2204 πων
565 2153 695 2223 (96).
744 2156 854 2209 Kal
885 2157 960 2218 ὡς
989 2157 1240 2230 ἐπ’ράλλο
1274 2174 1327 2209 τι
1362 2157 1585 2227 ἀγαγὼν
1632 2159 1794 2213 αὑτὸν
1842 2159 1993 2231 παρὰ
2022 2167 2065 2222 Β
2091 2162 2182 2208 lllll

1897 2159 1993 2231 ιρὰ
2022 2167 2065 2222 Β
2091 2162 2317 2223 tumque
2352 2149 2666 2207 sacerdotio
2705 2149 2953 2219 dignum,
2980 2155 3035 2204 et
3078 2162 3292 2201 morum
3332 2144 3658 2199 suavitatem

419 2246 510 2296 τὸν
542 2247 871 2315 Ἀντιοχείας
914 2249 1232 2311 ἐπισκοπον,
1278 2250 1501 2322 ἐπῄνει,
1545 2249 1639 2306 καὶ
1673 2250 1996 2315 σπουδάζειν

421 2337 570 2407 αὐτῷ
618 2339 936 2409 παρεκάλει.
993 2342 1052 2394 ὐ
1093 2341 1183 2406 δὲ,
1225 2342 1318 2395 ἐπὶ
1353 2343 1820 2415 μεμεριμνημένῳ
1857 2344 1992 2414 πρά-

420 2446 624 2498 γματι,
683 2428 893 2486 πολλῶν
949 2434 1368 2504 ἐπισημοτάτων
1422 2434 1635 2504 ἀνδρῶν
1688 2434 1993 2505 ὖποψήφων

421 2523 613 2586 ὅντων,
641 2522 866 2590 ἐγέλασε
902 2527 1002 2596 τὴν
1034 2525 1294 2598 Διοδώρου
1322 2525 1522 2596 ψῆφον.
1555 2527 1745 2597 Ὅμως
1770 2525 1827 2580 δὲ
1856 2525 1991 2596 πρὸς

420 2615 611 2669 ἐαυτὸν
640 2616 875 2681 καλέσας
900 2617 1236 2689 Νεκτάριον,
1280 2620 1599 2691 περιμένειν
1632 2618 1840 2691 βραχύν
1866 2636 1992 2673 τινα

424 2709 614 2778 χρόνον
646 2709 948 2763 ἐκέλευσεν.
984 2712 1098 2764 Οὐκ
1137 2712 1219 2775 είς
1260 2712 1478 2783 μακρὰν
1504 2711 1561 2765 δέ
1591 2711 1993 2784 προστάξαντος

420 2797 515 2851 τοῦ
534 2799 795 2869 βασιλέως
810 2804 919 2863 τοῖς
938 2801 1194 2870 ιερεῦσιν,
1210 2804 1485 2874 ἐγγράψαι
1511 2804 1693 2877 χάρτῃ
1712 2803 1810 2868 τάς
1827 2821 1993 2874 προσ-

421 2892 649 2964 ηγορίας
678 2885 754 2946 ὧν
785 2893 1003 2947 ἕκαστοι
1028 2894 1408 2964 δοκιμάζουσιν
1430 2898 1512 2960 είς
1537 2895 1638 2968 τὴν
1666 2897 1995 2969 χειροτονίαν

420 2985 610 3049 ἀξίων,
646 2983 823 3054 ἐαυτῷ
853 2984 910 3037 δὲ
932 2986 1264 3053 φυλάξαντος
1287 2990 1349 3041 ἐκ
1382 2988 1598 3042 πάντων
1623 2988 1718 3042 τοῦ
1750 2989 1870 3053 ἐνὸς
1895 2993 1994 3063 τὴν

421 3077 649 3146 αἵρεσιν,
681 3076 832 3130 ἄλλοι
865 3078 964 3147 μὲν
993 3076 1185 3142 ἄλλους
1208 3079 1534 3150 ἐνέγραψαν.
1576 3082 1636 3134 '0
1664 3080 1723 3135 δὲ
1749 3082 1848 3153 τῆς
1880 3083 1996 3137 Ἀν-

422 3165 644 3235 τιοχέων
703 3166 995 3236 ἐκκλησίας
1044 3168 1372 3239 ἡγούμενος,
1432 3172 1700 3242 ἐγγράφει
1752 3173 1851 3243 μέν
1899 3174 1993 3240 οὓς

424 3256 673 3311 ἐϐούλετο
692 3273 706 3286 ·
754 3258 980 3328 ἔσχατον
1005 3259 1062 3312 δὲ
1094 3274 1311 3314 παντων
1343 3263 1665 3335 προστίθησι
1694 3263 1995 3337 Νεκτάριον

422 3350 509 3402 διὰ
533 3350 633 3419 τὴν
662 3350 799 3421 πρὸς
838 3351 1099 3421 Διόδωρον
1130 3352 1308 3424 χάριν.
1353 3354 1647 3421 Ἀναγνοὺς
1690 3355 1746 3409 δὲ
1776 3358 1805 3410 ὁ
1838 3355 1996 3426 βασι-

423 3440 548 3503 λεὺς
573 3440 683 3492 τῶν
712 3440 1094 3512 ἐγγραφέντων
1126 3442 1218 3496 τὸν
1242 3442 1561 3513 κατάλογον,
1594 3444 1725 3515 ἐστη
1763 3448 1857 3500 ἐπὶ
1887 3447 1997 3501 Νε-

423 3531 650 3602 κταρίῳ.
674 3532 783 3585 Καὶ
834 3533 1053 3597 σύννους
1088 3536 1396 3604 γενόμενος,
1444 3536 1607 3607 σχολῇ
1647 3537 1767 3590 καθ’
1805 3537 1996 3592 ἑαυτὸν

424 3623 757 3682 ἐϐουλεύετο.
779 3625 870 3677 τὸν
888 3625 1150 3678 δάκτυλον
1172 3626 1378 3688 ἐπιθεὶς
1394 3629 1463 3696 τῇ
1483 3625 1767 3700 τελευταίᾳ
1785 3632 1991 3702 γραίρῇ.

426 3718 537 3770 Καὶ
593 3717 919 3789 ἀναδραμὼν
1002 3718 1081 3780 είς
1142 3721 1240 3786 τὴν
1298 3719 1509 3792 ἀρχὴν,
1568 3716 1723 3784 αὖθις
1788 3723 1995 3784 πάντας

426 3808 695 3879 ἐπανῆλθε
718 3849 731 3872 ,
779 3809 871 3863 καὶ
901 3809 1200 3882 Νεκτάριον
1228 3812 1480 3881 αἱρεῖται.
1514 3812 1708 3881 Θαῦμα
1743 3813 1801 3865 δὲ
1830 3814 1995 3869 πᾶσιν

426 3898 672 3968 ἐγένετοο
702 3902 795 3954 καὶ
820 3902 1179 3957 ἐπυνθάνοντο
1208 3904 1354 3969 ὅστις
1384 3905 1468 3975 εἴη
1491 3905 1788 3975 Μκτάριος
1817 3897 1991 3968 οὗτος,

428 3991 521 4046 καὶ
552 3992 792 4055 ποδαπὸς
816 3992 878 4045 τὸ
904 3994 1261 4065 ἐπιτήδευμα,
1302 3998 1395 4050 καὶ
1422 3994 1603 4050 πόθεν.
1637 3995 1916 4059 Μαθόντες
1940 3995 1994 4047 δὲ

429 4081 565 4154 μηδὲ
591 4083 902 4155 μυστηρίων
931 4086 1324 4157 μετεσχηκέναι
1351 4087 1442 4140 τὸν
1473 4087 1663 4158 ἄνδρα,
1686 4087 1767 4141 ἐτι
1798 4086 2000 4157 μᾶλλον

427 4174 733 4244 ἐθαύμαζον
765 4176 825 4227 τὸ
854 4175 1152 4247 παράδοξον
1181 4176 1280 4248 τῆς
1306 4175 1401 4230 τοῦ
1438 4176 1703 4247 βασιλέως
1740 4177 1998 4249 κρίσεως,

439 4265 652 4334 Ἠγνοει
678 4266 734 4318 δὲ
783 4266 961 4333 τοῦτο,
996 4262 1171 4336 οἶμαι,
1216 4270 1311 4323 καὶ
1337 4269 1618 4339 Διόδωρος.
1669 4270 1744 4323 Οὐ
1776 4269 1885 4338 γὰρ
1930 4268 1998 4322 ἃν

427 4359 729 4430 ἐθάρρησεν
745 4358 919 4424 εἰδὼς,
939 4360 1016 4414 ἔτι
1038 4361 1265 4432 ἀμυήτῳ
1283 4359 1464 4415 δοῦναι
1481 4362 1660 4433 ψῆφον
1679 4360 1995 4431 ἱερωσύνης.

442 4450 579 4503 Ἀλλ’
606 4446 693 4503 οἷα
716 4453 884 4514 εἰκὸς,
912 4454 1138 4521 νομίσας
1170 4454 1356 4505 πολιὸν
1387 4452 1538 4513 ὅντα.
1575 4455 1650 4524 μὴ
1688 4454 1784 4509 καὶ
1830 4452 1999 4505 πάλαι

432 4541 739 4610 μεμυῆσθαι
770 4541 899 4607 (97).
955 4544 1065 4595 Οὐκ
1113 4542 1261 4595 ἀθεεὶ
1304 4544 1359 4595 δὲ
1407 4544 1576 4596 ταῦτα
1616 4542 1924 4597 συνέϐαινεν
1954 4540 1996 4595 ί.

442 4631 592 4683 Ἐπεὶ
622 4632 713 4683 καὶ
746 4632 991 4699 βασιλεὺς
1025 4631 1269 4702 ἀμύητον
1302 4634 1462 4686 αὑτὸν
1490 4630 1626 4686 εἶναι
1659 4633 1862 4703 μαθὼν,
1904 4633 1997 4684 ἐπὶ

427 4723 525 4793 τῆς
553 4721 718 4789 αὐτῆς
743 4723 919 4788 ἔμεινε
949 4724 1192 4793 γνώμης,
1220 4723 1429 4779 πολλῶν
1458 4724 1646 4794 ἱερέων
1679 4724 1996 4776 ἀντιτεινόν-

501 4903 522 4937 ¹
549 4906 734 4974 Socr.,
760 4904 857 4963 lib.
890 4923 943 4976 ν,
974 4925 1023 4964 c.
1058 4908 1111 4965 8.

2090 2245 2472 2302 considerans.
2494 2245 2683 2314 Itaque
2704 2250 2965 2314 tanquam
2990 2239 3221 2295 alterius
3240 2236 3443 2308 negotii
3466 2250 3657 2298 causa.

2089 2354 2215 2397 eum
2245 2339 2312 2394 ad
2347 2338 2664 2409 episcopum
2689 2336 3115 2393 Antiochensem
3147 2331 3407 2396 deduxit;
3441 2328 3659 2384 multis-

2089 2449 2198 2505 que
2225 2431 2481 2488 laudibus
2514 2439 2856 2502 prosecutus,
2879 2427 3057 2484 oravit
3076 2425 3395 2497 episcopum
3426 2432 3486 2478 ut
3505 2421 3660 2477 illum

2091 2522 2354 2594 suﬂ‘ragio
2385 2535 2487 2576 suo
2514 2519 2822 2591 adiuvaret.
2858 2518 2954 2574 Ille
2979 2531 3115 2572 vero
3145 2516 3202 2571 in
3228 2514 3366 2569 tanti
3395 2512 3659 2568 momenti

2092 2613 2333 2683 negotio,
2380 2612 2477 2668 ubi
2500 2612 2660 2667 multi
2695 2610 2941 2666 illustres
2966 2609 3073 2665 viri
3110 2606 3348 2679 eligendi
3387 2618 3661 2676 propone-

2091 2709 2323 2771 bantur,
2370 2704 2592 2761 Diodori
2646 2702 2968 2775 sutiragium
3015 2700 3245 2768 derisit;
3302 2697 3662 2754 nihilominus

2092 2809 2381 2858 evocatum
2408 2798 2477 2852 ad
2508 2813 2569 2854 se
2597 2796 2932 2862 Nectarium,
2965 2793 3364 2865 aliquantulum
3397 2788 3661 2859 temporis

2091 2888 2331 2961 opperiri
2374 2887 2564 2957 jussit.
2603 2885 2760 2942 Haud
2808 2886 2984 2941 multo
3021 2892 3168 2955 post,
3206 2896 3334 2937 cum
3365 2880 3665 2952 imperator

2094 2984 2410 3036 mandasset
2442 2978 2737 3049 episcopis,
2771 2985 2831 3031 ut
2862 2975 3083 3031 nomina
3112 2987 3306 3029 eorum
3334 2986 3475 3041 quos
3506 2971 3664 3041 quis-

2092 3086 2202 3145 que
2243 3070 2563 3142 episcopatu
2610 3068 2808 3138 dignos
2841 3065 3116 3136 judicaret
3141 3102 3156 3127 ,
3207 3062 3262 3115 in
3301 3061 3492 3115 charta
3540 3072 3665 3128 per-

2094 3166 2416 3231 scriberent,
2435 3177 2716 3232 unumque
2732 3176 2797 3215 ex
2816 3157 3075 3214 omnibus
3091 3153 3328 3226 eligendi
3347 3152 3665 3206 facultatem

2095 3260 2201 3317 siti
2246 3260 2367 3330 ipse
2396 3263 2754 3317 reservasset,
2784 3252 2875 3305 alii
2915 3249 3139 3321 quidem
3179 3246 3410 3303 altorum
3443 3242 3666 3298 nomina

2096 3349 2560 3423 perscripserunt.
2590 3342 2977 3399 Antiochensis
3004 3346 3186 3393 autem
3226 3333 3476 3391 ecclesiae
3520 3332 3671 3385 anti-

2097 3448 2213 3496 stes
2247 3436 2474 3507 scripsit
2503 3441 2560 3491 et
2592 3434 2711 3503 ipse
2739 3448 2836 3487 eos
2867 3444 3017 3501 quos
3041 3428 3243 3483 voluit:
3295 3423 3542 3480 omnium
3578 3430 3668 3475 ta-
3769 3470 3775 3477 .

2101 3545 2225 3586 men
2256 3535 2596 3599 postremum
2628 3524 2830 3593 adjecit
2860 3520 3177 3577 Nectarium
3208 3518 3263 3573 in
3290 3516 3520 3590 gratiam
3545 3511 3670 3567 Dio-

2101 3620 2242 3676 dori.
2276 3619 2578 3691 Imperator
2598 3615 2789 3685 igitur,
2815 3612 3056 3683 perlecta
3078 3608 3327 3664 indiculo
3356 3618 3549 3663 eorum
3572 3601 3672 3672 qui

2101 3708 2349 3783 inscripti
2386 3708 2625 3773 fuerant,
2663 3704 2911 3762 substitit
2960 3704 3017 3757 in
3050 3699 3329 3756 Nectario.
3364 3698 3431 3753 Et
3459 3697 3669 3752 intenta

2101 3802 2299 3860 mentis
2341 3800 2479 3863 acie,
2511 3799 2711 3854 secum
2731 3797 2849 3868 ipse
2885 3792 3256 3857 consultabat,
3284 3788 3457 3861 digito
3484 3786 3540 3842 in
3570 3800 3672 3856 po-

2099 3905 2365 3953 stremum
2396 3890 2722 3947 vocabulum
2746 3890 3039 3959 impresso.
3066 3883 3391 3953 Rursusque
3414 3878 3480 3934 ad
3506 3884 3674 3949 caput

2100 4000 2378 4050 reversus,
2399 3998 2526 4041 cum
2564 3990 2798 4038 cunctos
2824 3978 3017 4036 ordine
3045 3976 3430 4049 percurrisset,
3469 3969 3679 4026 Necta‘

2102 4081 2242 4135 rium
2288 4076 2472 4149 elegit.
2501 4072 2646 4131 Tum
2694 4088 2826 4129 vero
2860 4068 3155 4126 admiratio
3187 4081 3382 4124 omnes
3428 4061 3632 4121 invasit
3653 4078 3678 4120 ξ

2100 4172 2528 4244 quaerebantque
2571 4167 2699 4241 quis
2738 4174 2795 4224 et
2830 4162 2977 4222 unde
3016 4170 3169 4221 esset
3218 4156 3506 4217 Nectarius
3555 4155 3670 4220 illa.
3714 4214 3717 4216 .

2100 4274 2156 4321 et
2180 4263 2326 4336 quod
2354 4262 2479 4318 vita:
2517 4275 2689 4333 genus
2720 4266 3048 4316 sectaretur.
3068 4254 3317 4325 Cumque
3347 4248 3683 4308 didicissent

2103 4374 2173 4415 ne
2200 4370 2360 4413 sacro
2382 4353 2603 4427 quidem
2633 4352 2854 4408 lavacro
2878 4364 3004 4406 eum
3028 4346 3302 4403 initiatum
3325 4356 3469 4410 esse,
3492 4339 3675 4411 inapi-

2103 4458 2290 4505 natum
2326 4443 2593 4517 principis
2626 4442 2897 4513 judicium
2937 4453 3004 4495 eo
3033 4436 3267 4507 amplius
3304 4430 3682 4488 mirabantur..

2104 4539 2394 4612 Ignorabat
2414 4545 2598 4591 autem
2631 4534 2801 4595 istud,
2842 4538 2904 4587 ut
2932 4530 3150 4601 opinor,
3178 4526 3345 4582 etiam
3377 4521 3671 4577 Diodorus.

2100 4631 2286 4702 Neque
2306 4627 2453 4684 enim
2492 4626 2539 4682 si
2589 4625 2643 4680 id
2695 4623 2957 4686 sciisset,
3013 4634 3184 4675 ausus
3233 4622 3383 4672 esset
3429 4625 3681 4682 unquam.

2108 4720 2226 4775 viro
2273 4716 2514 4773 nondum
2552 4717 2771 4772 initiato
2799 4710 3094 4770 sacerdotii
3140 4707 3460 4779 suﬁragium
3516 4702 3668 4758 dare.

1627 5070 1891 5128 VALESII
1928 5066 2479 5126 ANNOTATIONES.

500 5182 612 5252 (96)
654 5183 759 5238 Καί
794 5182 863 5237 τὸ
892 5181 1196 5254 προσηνὲς
1229 5182 1349 5236 τῶν
1365 5182 1615 5250 τρόπων.
1649 5183 1720 5239 Ut
1759 5185 1995 5254 perfecta
2035 5164 2079 5220 D
2111 5185 2261 5250 partit

1911 5188 1995 5254 cta
2035 5164 2079 5220 Ι)
2111 5183 2428 5254 particulam
2451 5197 2482 5254 e
2522 5194 2623 5236 suo
2666 5180 2854 5254 codice
2879 5177 3164 5254 expungit.
3191 5175 3316 5254 Mitti
3349 5185 3529 5254 tamen
3562 5172 3672 5229 ele-

430 5254 503 5310 sit
524 5254 817 5326 sententia,
858 5252 1173 5326 addendum
1208 5261 1293 5309 est
1318 5254 1542 5309 omnino
1584 5252 1807 5310 verbum
1835 5253 1997 5326 ὁρῶν,

430 5333 526 5378 aut
562 5325 709 5378 aliud
744 5325 941 5379 simile.

502 5394 613 5465 (97)
636 5395 731 5463 Μὴ
757 5395 1052 5449 animum
1062 5392 1419 5465 μεμυῆσθαι.
1442 5391 1676 5450 Savilius
1696 5393 2000 5466 uegutivam

2106 5247 2322 5331 gantius
2354 5253 2635 5331 _videtur,.
2664 5254 2711 5307 si
2765 5247 3031 5331 legamus.
3204 5249 3300 5331 καὶ
3340 5247 3527 5330 τιάλαι,
3563 5253 3671 5331 etc.

2106 5313 2269 5378 Forte
2295 5325 2458 5379 etiam
2493 5313 2878 5393 corrigendum
2907 5331 2990 5393 est
3019 5313 3237 5393 initium
3268 5318 3434 5387 hujus
3462 5313 3672 5387 periodi

2108 5395 2212 5449 hoc
2244 5394 2404 5449 modo
2447 5411 2460 5447 :
2516 5386 2670 5446 Ἀλλἴ
2688 5391 2815 5455 ἴσως
2842 5391 3067 5462 νομίσας
3094 5386 3183 5460 ἦν.
3218 5398 3327 5445 etc.

1857 5562 2246 5632 vanionum.

514 5671 529 5712 ἱ
573 5672 695 5724 Οὐκ
732 5669 889 5724 ἀθεεὶ
914 5667 1199 5722 δὲταῦτα
1223 5667 1597 5723 συνέϐαινεν.
1632 5665 1805 5739 Supra
1828 5680 2002 5725 osten-

434 5755 555 5795 sum
588 5751 689 5799 est.
733 5740 797 5792 ad
837 5740 1079 5800 Sozam,
1112 5741 1203 5793 lib.
1248 5756 1319 5798 vi.
1354 5753 1472 5805 cap.
1515 5740 1604 5801 Ἡ,
1648 5741 1829 5794 divum
1877 5744 2004 5795 Am-

434 5810 677 5864 brosium
730 5811 781 5863 in
838 5809 1256 5863 Mctliolancnsis
1320 5808 1571 5864 Ecclesiae
1606 5811 1997 5879 episc0patttm,

435 5879 564 5937 dum
625 5880 805 5939 adhuc
857 5880 1282 5937 catechumcuus
1320 5888 1487 5948 esset,
1522 5881 1852 5953 sutl‘ragante
1898 5896 1997 5953 po-

2108 5670 2260 5739 pulo,
2315 5677 2369 5724 et
2398 5674 2669 5724 annuente
2723 5666 3074 5739 imperatore.
3146 5662 3418 5739 adlectum
3478 5655 3677 5723 fuisse,

2110 5729 2299 5793 contra
2323 5754 2584 5793 canouem
2621 5729 2979 5806 apostolicum
3011 5750 3172 5806 Lux,
3197 5739 3261 5806 _et
3300 5729 3576 5806 Nicaanum
3611 5746 3669 5784 ll.

2117 5808 2231 5864 Iloc
2289 5818 2469 5863 autem
2544 5800 2805 5877 singulari
2874 5806 2963 5859 Dei
3019 5803 3360 5877 providentia
3414 5800 3670 5871 contigit.

2108 5881 2248 5950 quod
2275 5889 2330 5938 et
2363 5879 2429 5936 de
2465 5876 2716 5935 Nectario
2745 5878 2831 5935 hic
2865 5876 3152 5933 dicendum
3189 5884 3292 5929 est.
