4460 6634
841 433 980 492 ms

2265 424 2609 484 SOZOMENI

3944 421 4088 476 1456

841 547 968 614 Sed,
1006 554 1065 601 ut
1109 545 1405 604 verisimile
1437 552 1540 610 est,
1572 546 1750 601 virum
1774 545 1886 615 jam
1930 559 2151 613 canum,
2193 547 2406 616 pridem
2437 553 2484 609 Α
2509 564 2602 601 run

2324 561 2406 603 em
2437 553 2484 609 Δ
2509 564 2637 602 των.
2703 545 2857 600 Ἐπεὶ
2917 546 2974 600 δὲ
3026 544 3226 608 πάντες
3275 541 3454 612 εἶξαν,
3507 544 3601 598 καὶ
3649 546 3714 614 τῇ
3769 542 3935 612 ψήφῳ
3986 540 4085 594 τοῦ

842 639 1176 708 baptizatum
1226 639 1400 694 fuisse
1443 637 1810 694 existimabat.
1841 635 2006 706 288
2042 634 2240 691 Verum
2287 636 2403 690 haec

841 745 954 786 non
998 732 1120 785 sine
1162 728 1258 785 Dei
1299 737 1437 784 nutu
1480 741 1730 783 evenere.
1769 725 2049 796 Siquidem
2084 727 2402 796 imperator,

842 831 1128 890 postquam
1170 836 1295 876 eum
1341 818 1598 890 baptismi
1632 827 1908 889 expertem
1947 832 2071 872 esse
2101 817 2406 873 intellexis-

842 918 944 975 set,
971 911 1027 964 in
1068 910 1258 965 eadem
1311 911 1584 966 sententia
1629 907 1974 980 permansit,
2037 907 2228 963 multis
2277 907 2406 963 licet

838 1003 1116 1072 episcopis
1157 1001 1586 1072 refragantibus.
1637 999 1938 1069 Postquam
1988 1013 2118 1054 vero
2160 999 2405 1056 universi

839 1099 1148 1156 cesserunt,
1180 1099 1236 1148 et
1269 1092 1616 1163 imperatoris
1645 1089 1972 1146 sententiam
2001 1088 2262 1158 suﬂragio
2302 1103 2405 1144 suo

837 1186 1287 1255 comprobarunt,
1319 1184 1630 1254 baptizatus
1673 1189 1759 1238 est
1793 1198 1808 1235 :
1841 1190 1896 1238 et
1936 1183 2115 1237 adhuc
2144 1182 2403 1253 neophyti

836 1283 1044 1330 vestem
1089 1275 1336 1338 indutus,
1378 1273 1654 1330 communi
1706 1274 1878 1328 totius
1928 1272 2150 1328 concilii
2188 1272 2404 1326 calculo

836 1368 1128 1438 episcopus
1145 1365 1651 1435 Constantinopolis
1675 1363 2043 1419 renuntiatur.
2070 1362 2221 1417 Multi
2240 1377 2404 1432 porro

837 1459 1190 1514 crediderunt
1220 1458 1334 1512 haec
1367 1457 1441 1513 ita
1471 1458 1540 1512 ab
1568 1457 1900 1526 imperatore
1928 1463 2079 1526 gesta
2113 1470 2256 1518 esse,
2293 1453 2404 1510 Deo

837 1550 891 1605 id
923 1550 998 1605 illi
1025 1549 1320 1605 mandante
1351 1564 1414 1604 ac
1448 1549 1822 1618 praecipiente.
1870 1545 1976 1601 Sed
2018 1556 2202 1602 utrum
2234 1546 2285 1600 id
2314 1562 2408 1602 ve—

837 1656 960 1696 rum
991 1642 1085 1709 sit,
1119 1656 1312 1705 necne,
1345 1647 1500 1695 certo
1528 1639 1780 1711 equidem
1811 1637 2082 1693 allirmare
2134 1654 2243 1692 non
2282 1654 2408 1708 pos-

2505 637 2831 710 κρατοῦντος
2869 635 3200 708 συνέϐησαν,
3248 636 3484 708 ἐμυήθη.
3530 635 3638 689 Καὶ
3679 635 3779 706 τὴν
3813 631 4086 704 μυστικὴν

2506 732 2709 802 ἐσθῆτα
2755 729 2837 785 ἔτι
2877 729 3268 801 ἠμφιεσμένος,
3315 731 3468 798 κοινῇ
3516 727 3682 798 ψήφῳ
3724 725 3821 796 τῆς
3859 723 4090 777 συνόδου

2506 818 2895 890 ἀναγορεύεται
2917 815 3535 878 Κωνσταντινουπόλεως
3558 814 3873 876 ἐπίσκοπος.
3895 810 4090 864 Ταῦτα

2505 912 2562 965 δὲ
2614 910 2756 964 οὕτω
2799 909 3052 980 γενέσθαι
3097 908 3311 970 πολλοῖς
3354 905 3745 968 πεπίστευται,
3798 903 3895 956 τοῦ
3941 900 4084 956 Θεοῦ

2507 1003 2944 1073 χρηματίσαντος
2987 1000 3066 1071 τῷ
3114 999 3360 1070 βασιλεῖ’
3414 999 3517 1051 οὐκ
3562 995 3774 1067 ἀκριϐῶ
3816 995 3870 1047 δὲ
3897 993 4082 1058 τοῦτο,

2509 1096 2736 1165 πότερον
2765 1093 2977 1164 ἀληθὲς,
3031 1092 3064 1164 ἢ
3107 1091 3189 1146 οὔ.
3239 1089 3503 1162 Πείθομαί
3529 1106 3592 1158 γε
3622 1088 3750 1158 μὴν,
3793 1087 3894 1139 οὐκ
3922 1085 4088 1148 ἐκτὸς

2510 1183 2657 1245 θείας
2708 1185 2878 1255 ῥοπῆς
2911 1182 3321 1252 ἐπιτελεσθῆναι
3365 1181 3425 1234 τὸ
3468 1180 3700 1250 συμϐὰν,
3751 1180 3845 1232 καὶ
3892 1180 3968 1240 εἰς
4023 1175 4086 1228 τὸ

2508 1274 2806 1345 παράδοξον
2835 1275 2932 1344 τῆς
2959 1273 3288 1344 χειροτονίας
3312 1271 3553 1342 ἀφορῶν,
3584 1272 3675 1322 καὶ
3706 1271 3771 1322 ἐκ
3797 1267 3904 1322 τῶν
3941 1265 4089 1337 μετά

2506 1366 2679 1420 ταῦτα
2727 1365 2964 1428 σκοπῶν,
3013 1365 3088 1428 ὡς
3123 1366 3216 1418 ἐπὶ
3251 1364 3558 1435 πραότατον
3603 1363 3696 1416 καὶ
3740 1353 4088 1430 ἀγαθὸν⁶καὶ

2509 1458 2670 1510 καλὸν
2700 1457 2921 1527 ταυτηνὶ
2952 1456 3049 1529 τὴν
3091 1456 3388 1529 ἱερωσύνην
3417 1457 3445 1509 ὁ
3477 1455 3610 1519 Θεὸς
3636 1456 3832 1526 ἤγαγε.
3873 1453 3981 1506 Καὶ
4013 1451 4087 1506 τὰ

2507 1551 2605 1622 μὲν
2637 1552 2780 1621 ἀμφὶ
2811 1553 2911 1624 τὴν
2942 1549 3244 1620 Νεκταρίου
3293 1549 3628 1620 χειροτονίαν
3672 1542 3775 1604 ὦδε
3817 1546 3972 1618 ἔσχεν
4003 1546 4086 1610 ὡς

2510 1641 2812 1713 ἐπυθόμην.

834 1749 979 1789 sum.
1017 1733 1146 1788 Mihi
1194 1741 1378 1788 tamen
1426 1732 1543 1802 ipse
1576 1732 1969 1800 persuaserim,
2014 1747 2122 1814 non
2158 1733 2276 1788 sine
2321 1733 2508 1787 divina
2538 1736 2884 1805 providentia
2911 1736 2964 1791 id
2985 1745 3171 1792 actum
3233 1749 3378 1796 esse,
3433 1731 3563 1786 dum
3616 1742 3670 1786 et
3714 1728 4091 1788 ordinationis

834 1831 982 1886 illius
1007 1831 1332 1888 miraculum
1355 1830 1666 1893 considero,
1685 1838 1739 1885 et
1758 1845 1822 1885 ex
1848 1829 1917 1885 iis
1945 1842 2066 1897 quae
2086 1833 2377 1881 consecuta
2416 1837 2545 1881 sunt
2577 1827 2974 1892 animadverto,
3008 1827 3176 1883 Deum
3244 1828 3694 1884 mansuetissimo
3756 1834 3812 1882 et
3872 1824 4088 1895 Optimo

835 1934 1002 1996 atque
1041 1927 1433 1982 honestissimo
1479 1928 1598 1980 viro
1655 1925 1804 1979 hunc
1851 1925 2232 1994 episcopatum
2313 1921 2570 1978 conferre
2639 1925 2911 1982 voluisse.
2984 1924 3050 1979 Et
3093 1925 3210 1980 haec
3244 1923 3464 1995 quidem
3495 1927 3551 1980 in
3599 1923 3944 1979 ordinatione
3975 1919 4086 1975 Ne-

835 2023 996 2078 ctarii
1026 2023 1103 2078 ita
1137 2033 1288 2094 gesta
1315 2030 1466 2088 sunt,
1501 2029 1562 2076 ut
1585 2020 1869 2076 auditione
1898 2019 2107 2090 accepi.

1483 2112 1636 2166 CAP.
1665 2109 1756 2165 IX.

833 2205 913 2263 Dc
933 2208 1015 2262 his
1031 2223 1150 2279 qua
1176 2208 1229 2261 in
1243 2205 1481 2279 secundo
1499 2203 1786 2279 universali
1802 2201 2003 2279 synodo
2019 2202 2228 2279 decreta
2250 2208 2404 2262 sunt;

1142 2288 1190 2332 et
1217 2277 1281 2332 de
1305 2277 1545 2332 Maximo
1569 2275 1750 2346 cynico
1779 2271 2107 2344 philosopho.

907 2433 1036 2489 Post
1065 2432 1184 2489 haec
1214 2440 1327 2487 tam
1362 2429 1651 2487 Nectarius
1696 2427 1833 2499 ipse,
1867 2441 2031 2497 quam
2063 2423 2256 2495 reliqui
2286 2425 2405 2495 epi-

836 2523 1011 2592 scopi,
1063 2523 1118 2578 in
1166 2537 1333 2576 unum
1368 2519 1780 2583 convenientes,
1818 2517 2183 2572 decreverunt
2213 2522 2272 2570 ut
2313 2513 2406 2568 Ni-

835 2616 970 2670 caeni
1011 2613 1234 2670 concilii
1279 2612 1414 2668 ﬁdes
1439 2621 1556 2666 rata
1586 2616 1952 2680 permaneret,
1991 2607 2265 2662 universa:
2304 2621 2404 2660 au-

836 2717 943 2760 tem
975 2706 1214 2761 haereses
1243 2704 1592 2759 anathemate
1624 2702 2017 2756 damnarentur
2043 2719 2057 2757 :
2099 2708 2267 2772 utque
2295 2715 2407 2756 om-

835 2817 932 2856 nes
968 2801 1170 2871 ubique
1202 2799 1452 2854 locorum
1506 2797 1788 2860 Ecclesiae,
1816 2813 1879 2852 ex
1912 2799 2233 2867 praescripto
2258 2805 2404 2852 vete-

833 2909 954 2948 rum
983 2907 1253 2948 canonum
1283 2898 1634 2962 regerentur;
1659 2898 1712 2945 et
1735 2899 1791 2944 ut
1813 2891 2052 2960 episcopi
2087 2891 2140 2944 in
2168 2891 2404 2960 propriis

833 2991 1118 3040 manerent
1140 2985 1413 3048 ecclesiis,
1446 2997 1546 3037 nec
1571 2989 1775 3038 temere
1807 2983 1861 3036 in
1898 2989 2188 3037 extraneas
2214 2983 2403 3052 pedem

834 3076 1131 3132 inferrent:
1162 3091 1295 3131 neve
1321 3073 1762 3130 ordinationibus
1795 3073 1930 3128 nihil
1955 3073 2020 3126 ad
2045 3089 2103 3129 se
2129 3075 2405 3144 pertinen-

3117 2105 3367 2159 ΚΕΦΑΛ.
3409 2105 3486 2159 Θ’.

2505 2197 2644 2264 Περὶ
2683 2191 2770 2251 ὧν
2818 2196 2857 2262 ἡ
2899 2195 3149 2264 δευτέρα
3187 2194 3572 2266 οίκουμενικὴ
3614 2177 3898 2266 ἐθέσπισε
3928 2193 4085 2247 σύν-

2575 2266 2748 2390 oddoc-
2809 2266 2907 2320 καὶ
2955 2265 3088 2334 περὶ
3137 2263 3411 2334 Μαξίμου
3467 2265 3573 2322 τοῦ
3615 2263 3863 2320 κυνικοῦ
3905 2267 4084 2333 φιλο-

2574 2352 2617 2390 σ
2653 2353 2792 2406 φου.

2575 2426 2729 2480 Μετὰ
2775 2426 2830 2480 δὲ
2874 2426 3048 2480 ταῦτα
3081 2425 3422 2491 συνελθόντες
3467 2425 3629 2492 αὐτός
3675 2442 3734 2478 τε
3777 2423 4086 2495 Νεκτάριος

2505 2519 2600 2573 καὶ
2645 2520 2695 2572 οἱ
2739 2518 2886 2574 ἄλλοι
2918 2519 3101 2591 ἱερεῖς,
3133 2519 3467 2590 ἐψηφίσαντο
3504 2519 3602 2589 τῆς
3631 2519 3689 2572 ἐν
3721 2517 3926 2587 Νικαίᾳ
3953 2532 4083 2569 συν-

2503 2612 2620 2664 όδου
2652 2611 2849 2682 κυρίαν
2885 2611 3067 2680 μένειν
3113 2611 3214 2682 τὴν
3247 2611 3450 2674 πίστιν,
3506 2613 3598 2663 καὶ
3643 2611 3822 2663 πᾶσαν
3866 2609 4090 2680 αἵρεσιν

2503 2703 2949 2775 ἀποκεκηρύχθαι
2980 2718 2995 2733 ·
3067 2703 3384 2758 διοικεῖσθαι
3441 2703 3499 2757 δὲ
3544 2702 3642 2766 τὰς
3685 2701 3928 2770 πανταχῆ
3980 2701 4082 2752 ἐκ-

2505 2794 2731 2864 κλησίας
2760 2795 2901 2848 κατὰ
2933 2796 3057 2858 τοὺς
3083 2795 3252 2848 πάλαι
3281 2794 3509 2856 κανόνας
3529 2809 3542 2822 ·
3593 2794 3688 2847 καὶ
3715 2794 3839 2856 τοὺς
3863 2792 4085 2844 ἐπισκό-

2505 2902 2637 2948 πους
2661 2885 2754 2938 ἐπὶ
2799 2885 2908 2938 τῶν
2956 2885 3097 2938 ἰδίων
3125 2886 3307 2955 μένειν
3335 2885 3660 2955 ἐκκλησιῶν,
3706 2885 3799 2937 καὶ
3833 2883 3907 2953 μὴ
3954 2883 4081 2951 είκῆ

2502 2979 2620 3041 ταῖς
2660 2977 2978 3048 ὕπερορίαις
3027 2977 3348 3039 ἐπιϐαίνειν,
3387 2977 3525 3047 μήτε
3555 2977 3806 3049 ἀκλήτοις
3839 2991 4083 3046 χειροτο-

2503 3069 2643 3134 νίαις
2672 3069 2783 3139 (98)
2823 3069 2988 3139 μηδὲν
3020 3069 3202 3132 αὐτοῖς
3248 3068 3650 3140 προσηκούσαις
3681 3071 3821 3138 σφᾶς
3862 3067 4084 3121 ἐπιϐάλ-

833 3166 985 3222 tibus
1031 3165 1267 3220 invocati
1310 3179 1436 3219 sese
1487 3163 1818 3234 ingererent,
1868 3160 2008 3216 sicut
2058 3171 2214 3217 antea
2261 3177 2404 3233 sa‘pe
2501 3159 2594 3211 iter

2324 3177 2404 3233 tpe
2501 3159 2634 3222 λειν,
2671 3157 2806 3211 καθὸ
2836 3158 3119 3229 πρότερον,
3149 3159 3222 3221 ὡς
3250 3158 3406 3229 ἔτυχε
3445 3160 3782 3230 διωκομένης
3819 3159 3918 3230 τῆς
3948 3159 4085 3212 καθς

834 3257 1157 3328 cautigerat,
1188 3256 1316 3310 dum
1343 3253 1592 3310 Ecclesia
1631 3254 1898 3309 catholica
1929 3253 2401 3324 persecutionibus
2501 3249 2595 3304 όλο

2321 3271 2401 3310 »υς
2501 3249 2985 3318 όλουἘκκλησίας,
3010 3249 3266 3313 πολλάκις
3291 3250 3510 3319 συνέϐη.
3527 3249 3675 3304 Τὰδέ
3693 3252 3820 3321 παρ’
3841 3251 4082 3320 Exi-mu

835 3357 1170 3413 vexaretur;
1230 3361 1293 3402 ea
1356 3361 1487 3401 vero
1543 3361 1664 3414 quae
1708 3346 1763 3400 in
1818 3346 2051 3422 singulis
2103 3346 2401 3416 provinciis
2504 3360 2596 3413 συρ

2319 3346 2401 3402 riis
2504 3343 2886 3413 συμϐαίνοντα,
2915 3343 3014 3412 τὴν
3056 3340 3149 3395 τοῦ
3178 3341 3364 3405 ἔθνους
3398 3343 3635 3408 σύνοδον,
3667 3342 3742 3407 ὡς
3772 3345 3838 3400 ἂν
3879 3345 4080 3415 ἄριστα

834 3441 1214 3512 contigissent,
1248 3438 1490 3511 synodus
1531 3439 1800 3509 cujusque
1830 3436 2129 3508 provinciae
2172 3455 2272 3508 pro
2311 3455 2400 3493 ar—
2427 3441 2466 3498 C
2503 3451 2595 3502 qm

2320 3455 2400 3493 πιτ-
2427 3441 2466 3498 C
2503 3433 2714 3505 φανείη,
2745 3433 2966 3486 διοικεῖν
2991 3451 3050 3486 τε
3087 3433 3180 3486 καὶ
3208 3434 3488 3504 πράττειν.
3535 3435 3689 3488 Μετὰ
3726 3435 3783 3489 δέ
3818 3436 3909 3488 τὸν
3945 3436 4081 3489 Ῥώ-

835 3531 1001 3586 bitrio
1035 3545 1137 3586 suo
1181 3529 1463 3585 ordinaret
1511 3535 1564 3583 et
1595 3529 1972 3584 constitueret.
2021 3527 2290 3583 Prteterca
2341 3538 2397 3582 ut
2507 3543 2596 3594 μη(

2341 3538 2397 3582 ut
2507 3524 2677 3594 μηςὶ,
2725 3525 2816 3578 τὸν
2845 3527 3468 3595 Κωνσταντινουπόλεως
3498 3527 3794 3581 ἐπίσκοπον
3837 3528 3906 3580 τὰ
3950 3545 4081 3599 πρε-

837 3632 957 3689 post
991 3621 1306 3691 episcopum
1344 3619 1496 3674 urbis
1527 3618 1733 3682 Romae,
1759 3613 2399 3687 Constantinopolitanus
2504 3619 2598 3671 σϐε

2317 3633 2399 3672 Ius
2504 3619 2658 3673 σϐεῖα
2686 3617 2846 3688 ἔχειν,
2881 3618 2957 3682 ὡς
2983 3618 3110 3681 νέας
3149 3619 3367 3690 Ῥώμης
3395 3619 3486 3672 τὸν
3533 3619 3722 3691 θρόνον
3748 3621 4078 3692 ἐπιτροπεύ-

837 3713 1031 3767 habeat
1061 3711 1283 3766 honoris
1319 3709 1754 3780 praerogativam,
1792 3717 1981 3778 utpote
2025 3710 2117 3780 qui
2159 3707 2398 3778 junioris
2501 3727 2598 3763 ove:

2321 3707 2398 3762 ris
2501 3727 2651 3764 οντα.
2708 3710 2845 3781 Ἤδη
2891 3711 3000 3780 γὰρ
3023 3711 3082 3763 ού
3120 3711 3276 3781 μόνον
3309 3708 3421 3783 εἶχε
3457 3712 3660 3783 ταύτην
3683 3714 3779 3786 τὴν
3805 3731 4079 3785 προσηγο-

834 3802 1022 3858 Romaa
1066 3803 1442 3873 episcopatum
1489 3801 1860 3857 administret.
1919 3798 2036 3855 Jam
2089 3809 2201 3856 tum
2250 3800 2396 3856 enim

836 3897 969 3951 urbs
999 3896 1110 3962 illa,
1143 3910 1252 3950 non
1277 3894 1454 3950 solum
1487 3895 1627 3948 hanc
1649 3893 2068 3963 appellationem
2104 3900 2400 3957 meruerat,

833 3998 887 4043 et
913 3997 1165 4042 senatum
1196 3995 1249 4043 et
1279 3985 1502 4041 ordines
1536 3985 1744 4056 populi,
1769 3999 1832 4038 ac
1860 3984 2217 4054 magistratus
2249 3983 2403 4038 simi-

835 4079 961 4132 liter
989 4076 1225 4131 habebat
1249 4094 1262 4130 :
1295 4090 1483 4131 verum
1512 4076 1675 4131 etiam
1708 4081 2025 4130 contractus
2055 4074 2256 4128 civium
2282 4073 2401 4142 ejus

835 4169 1005 4236 urbis,
1037 4169 1194 4238 juxta
1239 4168 1386 4238 leges
1423 4167 1795 4220 Romanorum
1847 4167 1940 4236 qui
1988 4167 2042 4220 in
2083 4163 2238 4219 Italia
2275 4172 2402 4219 sunt

829 4260 1262 4332 judicabantur:
1304 4259 1541 4329 juraque
1589 4257 1755 4327 289
1798 4257 1982 4312 omnia
2025 4265 2079 4311 et
2119 4256 2399 4328 privilegia

833 4351 1061 4420 :equalia
1094 4349 1297 4405 seniori
1339 4348 1524 4403 Romae
1562 4347 1902 4418 possidebat.
1939 4345 2234 4400 Maximum
2269 4346 2399 4401 item

834 4457 937 4497 nec
977 4457 1101 4498 esse
1134 4455 1235 4496 nec
1282 4439 1454 4496 fuisse
1492 4453 1731 4510 unquam
1769 4439 2090 4510 episcopum
2137 4437 2399 4494 decreve-

2504 3802 2627 3873 ρίαν
2660 3803 2693 3873 ἡ
2725 3801 2894 3869 πόλις,
2941 3803 3036 3855 καὶ
3079 3803 3337 3875 γερουσίᾳ
3365 3805 3458 3857 καὶ
3484 3805 3722 3875 τάγμασι
3754 3806 3940 3875 δήμων
3980 3807 4078 3859 καὶ

2498 3893 2691 3965 ἀρχαῖς
2719 3894 2918 3964 ὁμοίως
2954 3895 3152 3966 ἐχρῆτο
3179 3912 3193 3926 ο
3225 3896 3358 3949 ἀλλὰ
3392 3896 3488 3950 καὶ
3515 3895 3583 3950 τὰ
3612 3897 3914 3967 συμϐόλαια
3931 3899 4076 3951 κατὰ

2495 3985 2565 4036 τὰ
2597 3984 2801 4054 νόμιμα
2825 3983 2934 4037 τῶν
2982 3986 3039 4038 ἐν
3080 3985 3282 4058 Ἰταλίᾳ
3325 3987 3612 4057 Ῥωμαίων
3642 3989 3752 4059 (99)
3804 3989 4070 4059 ἐκρίνετο,

2497 4075 2592 4128 καὶ
2645 4076 2714 4129 τὰ
2763 4075 2944 4129 δίκαια
3001 4076 3095 4130 καὶ
3141 4077 3212 4129 τὰ
3265 4078 3401 4148 γέρα
3447 4080 3574 4149 περὶ
3626 4080 3803 4133 πάντα
3836 4082 4076 4152 ἑκατέρᾳ

2501 4165 2734 4230 ίσάζετο.
2767 4167 3016 4238 Μάξιμον
3049 4167 3128 4230 δέ,
3174 4169 3312 4239 μήτε
3344 4170 3671 4240 γεγενῆσθαι
3703 4172 3735 4243 ἦ
3789 4169 3926 4226 εἶναι
3958 4173 4076 4226 ἐπί-

2499 4275 2719 4322 σκοπον,
2753 4260 2889 4329 μήτε
2915 4259 3230 4331 κληρικοὺς,
3258 4261 3383 4324 τοὺς
3413 4262 3543 4332 παρ’
3569 4262 3734 4315 αὑτοῦ
3764 4280 4076 4335 χειροτονη-

2497 4349 2706 4412 θέντας.
2741 4350 2853 4403 Kal.
2880 4349 2948 4403 τὰ
2972 4352 3059 4404 ἐπ’
3089 4351 3236 4421 αὐτῷ
3263 4353 3296 4424 ἢ
3333 4353 3465 4423 παρ’
3488 4353 3651 4406 αὑτοῦ
3681 4357 4071 4426 πεπραγμένα,

2499 4438 2679 4510 ἄκυρα
2704 4439 3055 4510 ἐψηφίσαντο.
3087 4439 3287 4494 Τοῦτον
3315 4442 3422 4512 γὰρ
3444 4443 3799 4514 Ἀλεξανδρέα
3823 4445 3884 4496 τὸ
3914 4445 4073 4513 γένος

2023 4613 2288 4672 VALESII
2325 4614 2414 4672 AN
2421 4617 2872 4674 NOTATIONES.

904 4705 1016 4775 (98)
1070 4704 1822 4776 Ἆκλήτοιςίχειροτονίαις.
1894 4701 2257 4758 Scribendum
2311 4713 2394 4761 est
2425 4709 2470 4768 D
2501 4706 2665 4762 MIISCI

2311 4713 2394 4761 est
2425 4709 2470 4768 D
2501 4706 2784 4762 Musculus
2807 4707 3028 4776 quidem
3057 4708 3298 4763 Graecam
3341 4724 3528 4764 vocem
3579 4712 3632 4765 in
3683 4712 3936 4768 versione
3965 4729 4070 4770 sua

831 4776 1099 4846 ἀκλήτους
1127 4791 1192 4830 ex
1217 4775 1553 4846 Nicephoro,
1575 4783 1628 4830 et
1657 4791 1723 4846 ex
1755 4788 1964 4846 canone
1995 4775 2241 4846 secundo
2271 4790 2396 4829 con-

833 4844 1580 4914 ciliiConstantinopolitani,
1618 4844 1712 4912 qui
1757 4845 1838 4897 sic
1881 4844 2042 4914 habet
2077 4861 2091 4896 :
2127 4845 2398 4913 ἀκλήτους

830 4916 888 4968 δὲ
917 4916 1245 4985 ἐπισκόπους
1274 4913 1424 4985 ὑπὲρ
1432 4913 1720 4985 διοίκησιν,
1742 4914 1815 4983 μὴ
1843 4913 2138 4985 ἐπιϐαίνειν
2167 4915 2260 4967 ἐπὶ
2287 4932 2400 4985 χει-

835 4984 1050 5056 ροτονίᾳ
1104 4985 1139 5055 ἦ
1197 5000 1339 5038 τισιν
1384 4982 1582 5048 θᾶλλαις
1634 4982 1966 5054 οίκονομίαις
2013 4982 2396 5054 ἐκκλησιαστι-

833 5058 976 5116 καῖς.

905 5123 1013 5193 (99)
1049 5125 1127 5178 Τὰ
1150 5125 1508 5193 συμϐόλαια,
1552 5121 1722 5193 κατὰ
1760 5121 1843 5193 ,τὰ
1892 5122 2111 5192 νόμιμα
2151 5122 2269 5179 τῶν
2324 5124 2394 5178 ἐν

832 5192 1403 5263 ἸταλίᾳμῬωμαΙων.
1427 5262 1436 5263 ί
1460 5192 1631 5262 Hujus
1669 5192 1772 5247 loci
1810 5193 2120 5249 emendatio
2165 5194 2394 5249 debetur

831 5263 1009 5334 codici
1047 5261 1385 5334 Fuketiauoa
1424 5261 1584 5334 Prius
1609 5263 1764 5334 enim
1816 5263 2097 5334 legebatur
2139 5264 2206 5317 τὰ
2257 5263 2396 5334 σύμ-

831 5281 1009 5318 εοαιει
1047 5281 1365 5319 ιυκθιιειιιο.
1424 5281 1584 5318 rrtus
1609 5281 1754 5318 enim
1816 5281 2094 5334 tegebatur
2139 5281 2206 5317 τα
2257 5281 2320 5317 συ
2368 5291 2394 5305 ο

831 5333 982 5400 ϐολα,
1031 5332 1487 5404 quemadmodum
1536 5333 1665 5405 legit
1695 5333 1859 5389 etiam
1917 5331 2275 5405 Nicephorus.
2328 5281 2394 5387 Et

2499 4777 2744 4851 retinuit,
2771 4787 2828 4832 ut
2853 4778 3122 4851 interdum
3147 4779 3328 4834 facere
3352 4781 3508 4835 solet.
3530 4781 4069 4851 Christnphorsonus

2494 4861 2626 4902 vero
2656 4849 2835 4923 locum
2855 4849 2926 4902 ita
2955 4848 3344 4923 interpretatus
3373 4858 3458 4905 est
3490 4869 3516 4923 :A
3543 4851 3731 4907 Verum
3754 4848 3807 4905 Et
3836 4854 4073 4923 insignia

2493 4933 2694 4989 quoque
2738 4917 2919 4972 eadem
2950 4917 3186 4972 Romano
3230 4921 3337 4972 ritu
3377 4921 3708 4989 prmferebat.
3740 4923 3864 4976 Haec
3891 4917 4065 4977 inter-

2496 4988 2730 5058 pretatio
2753 4989 2877 5058 jure
2911 4989 3104 5042 merito
3139 4989 3418 5056 displicuit
3443 4988 3650 5048 Jacobo
3681 4991 3974 5046 Gotofredo
4003 4995 4060 5047 in

2495 5059 2641 5138 notis
2668 5057 2735 5138 ad
2758 5057 3001 5138 veterem
3028 5059 3177 5114 orbis
3200 5059 3669 5138 _D_escription_em,
3697 5078 3814 5138 cap.
3848 5062 4066 5138 53.__Sed

2499 5127 2616 5200 ipse
2650 5129 2810 5200 aliam
2844 5127 2998 5200 ati‘ert
3026 5127 3423 5198 expositionem
3458 5133 3629 5187 multo
3645 5127 3906 5200 peiorem.
3940 5131 4068 5188 llaec

2499 5197 2642 5272 enim
2679 5199 2840 5272 verba
2881 5197 3170 5272 soaomeni
3203 5201 3424 5270 exponit
3449 5201 3518 5257 de
3543 5197 3665 5272 jure
3697 5201 3881 5272 ltalico
3911 5203 4070 5259 urbis

2499 5265 3152 5342 Constantinopolitanae,
3216 5265 3374 5342 cujus
3408 5265 3636 5342 mentio
3688 5271 3754 5342 lit
3829 5275 3880 5325 in
3944 5272 4067 5342 lege

2502 5337 2684 5402 unica,
2729 5337 2931 5394 Codice
2960 5337 3344 5396 Theodosiano
3405 5341 3476 5397 De
3521 5344 3646 5412 jure
3680 5341 3864 5398 Italico
3907 5337 4066 5400 urb'is

2274 5517 2654 5577 VARIORUM.

906 5632 920 5684 i
959 5631 1122 5688 Μετὰ
1163 5633 1232 5686 δὲ
1267 5635 1372 5687 τὸν
1415 5634 1656 5705 Ῥώμης.
1683 5665 1752 5674 -
1776 5633 1944 5705 Hujus
1971 5633 2188 5690 concilii
2215 5650 2390 5691 canon

906 5653 920 5684 ι
959 5653 1122 5688 mera
1163 5653 1232 5686 os
1267 5653 1372 5687 τον
1429 5653 1521 5688 rw
1564 5653 1656 5702 ης.
1683 5665 1752 5674 -
1776 5653 1944 5705 Hujus
1971 5653 2188 5690 concnn
2215 5653 2390 5691 canon

829 5705 1025 5776 tertius
1069 5705 1314 5776 occurrit
1344 5705 1484 5774 apud
1518 5653 1864 5776 ﬂeveregium
1899 5705 1983 5759 his
2010 5705 2187 5776 verbis
2221 5725 2234 5760 :
2288 5707 2393 5759 Τὸν

832 5773 1014 5842 μέντοι
1081 5773 1698 5839 Κωνσταντινουπόλεως
1726 5773 2054 5828 ’ἐπίσκοπον
2118 5775 2260 5844 ἔχειν
2320 5778 2388 5830 τὰ

826 5844 1090 5916 πρεσϐεῖα
1119 5844 1216 5916 τῆς
1249 5845 1411 5916 τιμῆς
1436 5845 1570 5916 μετὰ
1589 5847 1677 5900 τὸν
1700 5846 1796 5918 τῆς
1829 5845 2042 5916 Ῥώμης
2069 5846 2382 5913 ἐπίσκοπον,

2491 5637 2582 5692 διὰ
2616 5638 2675 5692 τὸ
2699 5635 2832 5694 εἶναι
2861 5639 3032 5764 αὐτην
3064 5642 3188 5696 νέαν
3238 5640 3474 5713 Ῥώμην.
3516 5638 4067 5709 Constantinopolita-

2494 5726 2592 5764 nus
2648 5711 2918 5764 episcopus
2994 5713 3164 5764 tabent
3217 5713 3410 5764 prioris
3455 5711 3666 5764 honoris
3719 5721 3895 5764 partes
3939 5721 4063 5764 post

2494 5726 2592 5780 nus
2648 5711 2918 5780 episcopus
2977 5711 3164 5766 habeat
3217 5711 3417 5780 prioris
3455 5711 3666 5765 honoris
3719 5721 3895 5778 partes
3939 5721 4063 5777 post

2492 5777 2788 5851 [iamautem
2815 5777 3112 5851 episcopum
3132 5823 3146 5846 ,
3181 5777 3240 5838 eo
3265 5783 3402 5850 quod
3433 5783 3502 5837 sit
3541 5782 3656 5849 ipsa
3704 5777 4060 5851 nouaiﬂuma.

2491 5849 2606 5906 Non
2641 5861 2724 5907 cst
2776 5849 2863 5908 hic
2892 5849 3066 5910 canon
3125 5854 3528 5910 commcntitius
3576 5851 3775 5922 (inquit
3834 5850 4064 5924 Pagius)
