4460 6634
388 438 524 495 1457

1339 437 1659 494 ΙΙΙΞΤΟΙὶΙΑ
1698 438 2243 495 ECCLESIASTICA.
2285 470 2353 478 —
2391 439 2517 494 LIB.
2563 438 2671 494 ΥΠ.

3495 445 3627 503 Ηῐδ

385 551 530 616 ὖντα,
558 550 775 604 κυνικόν
812 568 870 605 τε
898 551 1182 620 φιλόσοφον
1208 551 1267 604 τὸ
1294 553 1651 624 ἐπιτήδευμα,
1679 557 1963 610 σπουδαῖον
1992 560 2037 615 Α
2065 572 2146 612 rm

1867 558 1963 610 ιῖον
1992 560 2037 615 Α
2065 565 2216 620 runt,
2247 571 2348 610 nec
2377 557 2629 621 clericos,
2652 571 2747 612 eos
2768 557 2857 627 qui
2883 556 2952 611 ab
2981 556 3074 611 illo
3102 557 3340 613 ordinati
3370 556 3628 615 fuissent.

384 641 442 694 δὲ
470 643 599 713 περὶ
628 642 684 694 τὸ
710 642 883 713 δόγμα
920 642 1019 712 τῆς
1063 644 1121 695 ἐν
1149 643 1351 713 Νικαίᾳ
1379 644 1617 711 συνόδου,
1660 646 1954 716 κλέψαντες

382 734 481 802 τὴν
543 734 914 809 χειροτονίαν,
976 735 1273 787 ἐπίσκοπον
1337 737 1957 803 Κωνσταντινουπόλεως

386 824 747 894 κατέστησαν,
782 828 831 877 οἱ
859 825 978 877 τότε
1006 824 1065 889 ἐξ
1091 826 1365 893 Αἰγύπτου
1403 828 1477 896 (1)
1520 829 1953 898 συνεληλυθότες.

387 915 495 968 Καὶ
542 913 610 966 τὰ
660 913 758 984 μὲν
786 908 886 967 ὧδε
920 917 986 984 τῇ
1021 915 1222 985 συνόδῳ
1253 914 1395 981 ἔδοξε
1422 932 1435 945 ⁸
1489 919 1581 969 καὶ
1626 918 1655 970 ὁ
1705 918 1957 986 βασιλεὺς

384 1007 758 1077 ἐπεψηφίσατο
787 1025 799 1039 ·
858 1008 951 1061 καὶ
996 1008 1157 1078 νόμον
1208 1007 1381 1071 ἔθετο,
1437 1010 1631 1079 κυρίαν
1675 1006 1815 1063 εἶναι
1857 1012 1957 1081 τὴν

387 1101 569 1152 πίστιν
596 1099 704 1152 τῶν
737 1100 795 1151 ἐν
828 1099 1030 1169 Νικαίᾳ
1068 1099 1497 1169 συνεληλυθότων
1527 1118 1540 1132 ·
1587 1103 1957 1173 παραδοθῆναι

384 1209 443 1244 τε
491 1192 588 1253 τὰς
638 1192 882 1260 πανταχῆ
907 1191 1201 1260 ἐκκλησίας
1232 1195 1344 1255 τοῖς
1377 1194 1433 1245 ἐν
1468 1193 1761 1247 ὑποστάσει
1792 1196 1958 1265 τριῶν

387 1280 693 1350 προσώπων
742 1282 995 1351 ἰσοτίμων
1022 1282 1116 1335 καὶ
1155 1283 1509 1353 ίσοδυνὰμων,
1557 1285 1683 1355 μίαν
1728 1288 1821 1340 καὶ
1862 1289 1959 1359 τὴν

384 1372 553 1442 αὐτὴν
598 1372 916 1441 ὁμολογοῦσι
962 1372 1191 1443 θεότητα
1224 1377 1455 1445 Πατρὸς,
1503 1379 1598 1431 καὶ
1652 1378 1819 1442 Υἱοῦ,
1866 1382 1960 1435 καὶ

385 1461 896 1532 ἁγίουιΙΙνεύματος.
928 1462 1162 1527 Τούτους
1184 1464 1239 1517 δὲ
1266 1460 1405 1519 εἶναι
1430 1468 1553 1530 τοὺς
1574 1467 1959 1532 κοινωνοῦντας

382 1552 669 1623 Νεκταρίῳ
716 1554 774 1604 ἐν
822 1554 1421 1606 Κωνσταντινουπόλει’
1483 1558 1541 1608 ἐν
1589 1556 1852 1626 Αἰγύπτῳ
1903 1557 1962 1609 δὲ

385 1642 632 1711 Τιμοθέῳ
660 1642 735 1710 τῷ
766 1642 1045 1711 ἐπισκόπῳ
1068 1643 1476 1713 Ἀλεξανδρείας
1500 1661 1512 1673 ’
1545 1646 1601 1697 ἐν
1629 1646 1685 1697 δέ
1716 1648 1836 1707 ταῖς
1859 1646 1961 1697 ἀνὰ

382 1732 480 1801 τὴν
507 1733 620 1785 Ἕω
650 1731 985 1802 ἐκκλησίαις,
1018 1732 1265 1803 Διοδώρῳ
1296 1734 1372 1802 τῷ
1401 1734 1635 1803 Ταρσοῦ,
1666 1736 1758 1789 καὶ
1788 1735 1960 1788 Πελα-

384 1821 485 1891 γέῳ
510 1822 588 1892 τῷ
634 1825 913 1894 ἐπισκόπῳ
940 1825 1259 1887 Λαοδικείας
1302 1826 1401 1895 τῆς
1436 1827 1621 1896 Σύρων
1644 1845 1657 1858 ·
1714 1828 1865 1897 παρὰ
1904 1829 1959 1881 δὲ

2057 647 2265 700 Cuncta
2296 646 2531 715 denique
2558 662 2679 717 quae
2710 648 2813 702 sub
2853 647 2945 702 illo
2995 656 3091 701 aut
3120 648 3304 704 abillo
3338 658 3461 703 acta
3494 648 3632 706 fuis-

2058 745 2198 802 sent,
2243 738 2396 791 irrita
2438 752 2561 793 esse
2616 746 2947 793 statuerunt.
3003 737 3250 808 Namque
3285 740 3452 804 hunc,
3508 740 3635 794 Ate-

2058 828 2394 881 xandrinum
2422 827 2645 896 quidem
2676 844 2894 898 genere,
2922 830 3263 898 professione
3293 848 3423 887 vero
3455 832 3634 902 philo-

2058 919 2289 988 sophum
2321 918 2527 989 cynicce
2571 927 2773 985 sectas;
2819 929 3073 974 cancrum
3108 921 3340 976 Niczenae
3374 922 3496 977 ﬁdei
3538 923 3634 977 de-

2061 1009 2335 1064 fensorem
2368 1009 2722 1077 acerrimum,
2753 1010 2999 1080 episcopi
3030 1012 3122 1080 qui
3156 1027 3220 1066 ex
3262 1010 3498 1081 Egypto
3534 1012 3632 1065 atl-

2059 1109 2344 1163 venerant;
2388 1101 2588 1156 furtiva
2623 1103 2970 1159 ordinatione
3013 1105 3328 1173 episcopum
3361 1104 3633 1159 Constan-

2061 1190 2434 1259 tinopolitana‘:
2481 1190 2636 1245 urbis
2678 1201 3051 1246 sacraverant.
3100 1191 3166 1245 Et
3203 1192 3317 1246 haec
3346 1192 3565 1261 quidem
3600 1206 3631 1245 a

2060 1281 2268 1351 synodo
2299 1283 2599 1336 constituta
2627 1292 2757 1337 sunt
2788 1283 2841 1336 in
2868 1284 3011 1337 hunc
3038 1284 3259 1338 modum
3285 1302 3298 1338 :
3334 1283 3632 1353 imperator

2059 1387 2190 1427 vero
2218 1388 2282 1428 ea
2316 1373 2577 1442 suffragio
2613 1390 2714 1429 suo
2742 1375 3142 1443 comprobavit,
3182 1375 3465 1444 legemque
3507 1374 3634 1428 tulit

2064 1474 2120 1519 ut
2154 1465 2286 1520 ﬁdes
2324 1480 2513 1521 eorum
2538 1466 2630 1535 qui
2665 1465 2900 1520 Nicaeum
2930 1466 3058 1519 olim
3094 1472 3484 1528 convenerant,
3512 1474 3633 1519 rata

2060 1566 2245 1620 esset,
2293 1565 2462 1626 utque
2489 1558 2748 1612 omnibus
2788 1558 2843 1610 in
2881 1557 3020 1611 locis
3050 1557 3306 1611 ecclesia:
3339 1557 3403 1609 iis
3453 1555 3636 1610 trade-

2062 1656 2274 1711 rentur,
2308 1648 2399 1718 qui
2432 1646 2487 1700 in
2516 1648 2677 1700 trium
2724 1661 3084 1715 personarum
3112 1646 3493 1708 subsistentia,
3537 1646 3636 1699 ho-

2062 1755 2195 1795 nore
2243 1754 2308 1793 ac
2361 1747 2631 1808 potestate
2683 1739 2977 1808 mqualium
3006 1778 3021 1803 ,
3067 1753 3233 1791 unam
3278 1737 3635 1805 eamdemque

2063 1831 2327 1885 Deitatem
2380 1831 2779 1885 conﬁterentur
2828 1829 3009 1882 Patris
3044 1843 3107 1881 ac
3155 1826 3277 1881 Filii
3312 1835 3365 1884 et
3397 1826 3636 1895 Spiritus

398 1912 660 1975 Ἀσιανοῖς
683 1915 1013 1984 Ἀμφιλοχίῳ
1041 1914 1119 1986 τῷ
1141 1894 1525 1987 προϊσταμένω
1545 1917 1642 1987 τῆς
1672 1921 1727 1971 ἐν
1753 1894 1955 1990 Ἰκονίῳ
1992 1894 2033 1947 Β
2064 1938 2158 1975 san

1873 1921 1955 1990 u’ip
1992 1894 2033 1947 Β
2064 1922 2258 1975 sancti.
2313 1920 2422 1975 IIos
2473 1929 2651 1974 autem
2698 1936 2821 1975 esse
2868 1920 3135 1982 deﬁnivit,
3177 1919 3270 1988 qui
3321 1894 3634 1973 Constanti-

383 2004 713 2072 ἐκκλησίας·
766 2008 822 2057 ἐν
865 2007 920 2059 δέ
970 2010 1089 2069 ταῖς
1139 2008 1290 2078 παρὰ
1341 2008 1430 2061 τὸν
1476 2009 1673 2061 Πόντον
1715 2012 1952 2075 πόλεσιν,

385 2095 492 2148 ἀπὸ
529 2095 767 2150 Βιθυνῶν
822 2099 1012 2169 μέχρις
1042 2099 1359 2168 Ἀρμενίων,
1406 2099 1661 2169 Ἐλλαδίῳ
1702 2101 1777 2169 τῷ
1820 2103 1957 2154 Και-

388 2189 609 2258 σαρείας
641 2190 738 2259 τῆς
770 2190 1149 2245 Καππαδοκῶν
1191 2191 1481 2261 ἐκκλησίας
1526 2192 1826 2262 ἐπισκόπῳ,
1862 2196 1955 2246 καὶ

2063 2011 2247 2080 nopoli
2299 2011 2516 2079 quidem
2558 2011 3030 2064 communicarent
3067 2025 3189 2063 cum
3240 2008 3532 2063 Nectario:
3580 2008 3634 2060 in

2062 2101 2293 2172 ngypto
2324 2117 2454 2156 vero
2480 2117 2605 2155 cum
2638 2100 2924 2155 Timotheo
2964 2101 3222 2170 episcopo
3254 2098 3632 2154 Alexandriae:

2062 2194 2118 2246 in
2167 2191 2405 2248 Orientis
2451 2200 2631 2247 autem
2661 2184 2962 2263 provinciis
2992 2204 3088 2244 eos
3119 2188 3213 2259 qui
3260 2188 3635 2243 communica—

1574 2370 1841 2425 VALESII
1878 2370 2428 2427 ANNOTATIONES.

380 2483 1017 2553 Constantinopolitana).
1046 2484 1216 2540 Porro
1238 2486 1329 2553 jus
1357 2485 1489 2540 illud
1522 2485 1764 2541 Italicum
1796 2490 1948 2544 urbis

380 2555 997 2623 (ἐοιιειηιιιίηονοιίιοηω
1049 2556 1101 2608 in
1141 2572 1207 2610 eo
1237 2558 1400 2609 situm
1436 2558 1604 2610 fuisse
1651 2560 1948 2621 existimat,

384 2634 443 2679 ut
473 2627 607 2678 alias
638 2626 886 2679 civitates
916 2627 1038 2692 jure
1059 2626 1243 2680 Italico
1266 2626 1514 2685 donaret.
1548 2637 1601 2679 et
1634 2640 1952 2682 controver-

383 2698 494 2764 sias
538 2710 657 2763 qure
699 2696 839 2747 inter
868 2697 989 2750 illas
1021 2704 1153 2750 orta:
1185 2705 1391 2758 essent,
1438 2696 1783 2764 dijudicaret.
1830 2700 1949 2763 Quo

381 2762 597 2834 quidem
630 2764 763 2816 nihil
797 2766 929 2834 fingi
962 2774 1139 2834 potest
1165 2762 1640 2830 absurtliusaQuis
1657 2769 1800 2820 enim
1830 2762 1948 2821 cre-

382 2837 471 2889 dat
546 2834 1073 2903 Constantinopolim
1116 2837 1207 2901 jus
1260 2835 1513 2888 habuisse
1540 2836 1776 2888 donandi
1832 2839 1952 2892 aliis

383 2904 695 2958 civitatibus
725 2906 869 2973 juris
924 2904 1133 2959 Italici?
1166 2906 1552 2974 Imperatomin
1600 2916 1716 2959 erat
1747 2906 1952 2962 donare

378 2975 469 3045 jus
502 2976 765 3045 Italicum.
794 2983 850 3028 ιιι
889 2985 1104 3028 constat
1134 2993 1195 3027 cx
1229 2976 1477 3044 plurimis
1507 2975 1715 3045 legibus
1746 2992 1866 3045 quae
1896 2979 1948 3031 in

388 3044 623 3112 Digestis
659 3045 934 3111 leguntur.
962 3045 1120 3098 titulo
1156 3045 1229 3099 De
1262 3046 1538 3098 censibus.
1581 3044 1645 3097 Et
1680 3044 1797 3113 ipsa
1823 3048 1952 3100 urbs

382 3116 1052 3183 Constantinopolisjuris
1097 3116 1259 3168 Italici
1306 3113 1627 3168 beneﬁcium
1672 3117 1882 3184 accepit
1918 3130 1947 3169 a

389 3185 630 3243 Valente,
674 3194 730 3237 ut
761 3195 975 3237 constat
996 3200 1059 3237 ex
1095 3186 1209 3253 lege
1240 3185 1399 3238 unica
1429 3201 1592 3251 supra
1623 3185 1807 3238 citata.
1850 3184 1948 3238 .Ius

383 3264 563 3307 autem
597 3255 726 3308 illud
760 3256 893 3307 nihil
927 3255 1073 3306 aliud
1105 3262 1221 3309 erat
1244 3269 1406 3323 quam
1436 3255 1749 3308 immunitas
1780 3255 1949 3307 tribu-

2057 2484 2246 2560 grinas‘
2268 2489 2351 2542 lea:
2393 2491 2631 2542 convenit
2661 2489 2919 2557 quomodo
2949 2504 3043 2556 per
3092 2488 3467 2555 reciperatores
3514 2488 3637 2542 red-

2057 2562 2363 2612 dantur-res
2412 2561 2881 2628 reciperenturque,
2932 2576 3114 2628 resque
3142 2560 3375 2623 privatas
3422 2560 3558 2628 inter
3583 2574 3639 2611 se

2054 2627 2627 2697 persequantur.Plura
2652 2632 2717 2682 de
2738 2632 2838 2682 hoc
2874 2627 3172 2683 moreolim
3207 2629 3385 2680 notavi
3404 2628 3467 2681 ad
3502 2627 3641 2681 Har-

2058 2701 2390 2768 pocrationis
2424 2698 2676 2752 Lexicon.
2712 2698 2814 2752 Sed
2847 2700 2959 2752 haec
2986 2700 3120 2753 nihil
3155 2697 3365 2752 faciunt
3388 2697 3454 2751 ad
3489 2697 3639 2751 hunc

2060 2771 2347 2823 Sozotucni
2377 2770 2581 2829 Ioe’um,
2622 2778 2679 2822 ut
2714 2770 2995 2823 studiosus
3021 2771 3190 2822 lector
3222 2768 3636 2822 animadvertit.

2059 2842 2236 2905 Quare
2272 2840 2568 2908 amplector
2597 2840 2926 2908 scripturam
2957 2839 3161 2893 codicis
3204 2836 3509 2908 Fiiketiani,
3544 2838 3638 2905 qui

2057 2926 2154 2978 pro
2200 2907 2459 2977 σύμϐολα,
2513 2906 2776 2977 scriptum
2820 2908 2983 2978 habet
3023 2908 3346 2977 συμϐόλαια.
3402 2906 3502 2961 IIic
3543 2908 3639 2976 igi-

2058 2977 2147 3031 tur
2174 2988 2490 3032 sensusest
2532 2979 2694 3045 hujus
2744 2979 2845 3031 loci
2876 2997 2886 3031 :
2931 2977 3127 3032 Urbem
3161 2978 3637 3047 Constantinopo»

2058 3050 2280 3101 litanam
2344 3049 2397 3101 in
2446 3048 2823 3102 contractibus
2875 3049 3066 3101 eodem
3095 3048 3220 3113 jure
3269 3063 3423 3101 usam
3484 3062 3634 3111 esse,

2055 3135 2165 3186 quo
2198 3119 2453 3171 utebatur
2488 3119 2619 3171 urbs
2673 3117 2865 3171 Roma.
2893 3116 3026 3170 Nam
3056 3133 3178 3170 cum
3220 3127 3377 3170 antea
3422 3116 3637 3186 Byzan—

2056 3193 2189 3240 tium
2222 3188 2445 3255 perinde
2485 3203 2545 3240 ac
2567 3197 2761 3256 caetera
2796 3188 3112 3256 mimicipia,
3142 3188 3224 3240 sui
3257 3188 3467 3255 legibus
3510 3195 3635 3241 ute~

2055 3268 2227 3316 retur,
2268 3269 2615 3325 posteaquam
2639 3255 2831 3310 Junior
2857 3255 3023 3309 Roma
3057 3266 3246 3309 vocata
3271 3265 3373 3317 est,
3407 3257 3539 3324 jure
3568 3272 3633 3309 ac

382 3334 584 3407 tor-uin,
620 3333 727 3375 tam
762 3323 979 3407 capitis,
1002 3340 1164 3390 quam
1209 3314 1332 3386 soli,
1360 3334 1418 3376 ut
1452 3332 1595 3407 patent
1630 3326 1949 3407 exnto‘tonti-
1978 3314 2020 3371 C
2057 3314 2280 3407 legibus
2323 3314 2503 3407 populi
2554 3325 2785 3381 Romani
2838 3329 2915 3380 uti
2955 3328 3143 3394 cmpit,
3182 3335 3235 3380 et
3276 3314 3637 3397 praerogativa

382 3396 498 3447 tulo
535 3393 607 3445 lle
646 3394 921 3447 censibus.
952 3399 1283 3461 Argumenta
1316 3408 1444 3446 vero
1472 3395 1671 3461 quibus
1699 3393 1949 3448 Gotolre-

381 3466 484 3517 dus
507 3465 817 3531 Opinionem
842 3480 995 3517 suam
1026 3464 1269 3518 stabilire
1292 3470 1523 3517 conatus
1553 3472 1657 3527 est,
1691 3463 1847 3517 facile
1869 3472 1951 3517 est

382 3534 645 3588 reiellere.
686 3532 857 3586 Verba
892 3532 1251 3587 enimJuliani
1300 3536 1353 3585 in
1373 3534 1617 3601 epistolis
1636 3548 1771 3599 quas
1800 3536 1949 3599 citat,

381 3607 448 3658 de
475 3604 603 3658 urbe
639 3602 808 3657 Roma
842 3604 1191 3671 intelligenda
1229 3611 1376 3666 sunt,
1426 3619 1583 3671 quain
1636 3602 1948 3671 βασιλεύου-

383 3693 481 3728 σαν
506 3673 658 3725 πόλιν
714 3674 969 3742 appellat,
993 3688 1102 3726 non
1148 3681 1329 3727 autem
1363 3673 1429 3726 de
1451 3674 1949 3742 Constantinopoli.

381 3745 498 3797 .lam
530 3758 660 3797 vero
706 3741 859 3798 locus
894 3742 1338 3812 Ilarpocrationis
1383 3752 1436 3796 et
1488 3741 1763 3812 Hesychii,
1818 3741 1952 3796 nihil

382 3814 515 3869 facit
540 3814 605 3866 ad
640 3814 785 3867 hunc
817 3815 1018 3866 locum.
1054 3813 1185 3865 Nam
1222 3812 1464 3879 σύμϐολα
1497 3815 1564 3867 de
1608 3814 1808 3881 quibus
1842 3813 1953 3866 illic

384 3886 626 3955 loquitur
676 3884 1051 3955 Harpocratior
1086 3891 1139 3937 et
1205 3883 1525 3952 Hesychius,
1592 3884 1749 3951 longe
1805 3884 1951 3936 aliud

381 3954 538 4011 erant
569 3970 731 4022 quam
760 3968 823 4006 ea
857 3958 923 4008 de
945 3954 1142 4022 quibus
1172 3955 1257 4007 hic
1292 3957 1469 4022 agitur
1498 3969 1509 4004 :
1552 3963 1705 4022 pacta
1741 3955 1953 4007 scilicet

383 4042 503 4096 quae
536 4025 784 4079 civitates
817 4024 960 4096 inter
991 4039 1050 4078 se
1073 4033 1259 4096 pactae
1290 4032 1466 4084 erant,
1506 4024 1822 4096 constitutis
1848 4023 1955 4076 t'or-

384 4094 550 4151 IIIUIIS
578 4096 731 4165 juxta
762 4110 900 4164 quas
924 4095 1016 4165 jus
1040 4095 1400 4151 sibiinvicem
1435 4094 1736 4164 praeberent
1766 4109 1828 4148 ac
1868 4109 1955 4146 re-

386 4176 656 4236 peterent.
694 4163 895 4218 IIorum
928 4163 1224 4236 συμϐόλων
1257 4163 1542 4236 ςτοιπιιγίίι
1583 4167 1803 4227 mentio,
1840 4174 1953 4236 tum

387 4235 529 4303 apud
564 4236 781 4290 Graecos
806 4246 1071 4297 oratores,
1107 4235 1419 4296 Isocratem,
1456 4235 1870 4289 Demosthenem
1900 4235 1956 4287 in

388 4308 645 4363 Oratione
680 4306 744 4358 de
794 4305 1123 4367 Halonneso,
1156 4315 1209 4359 ct
1250 4304 1453 4359 Contra
1513 4304 1783 4366 Midiam;
1839 4312 1955 4357 tum

388 4378 529 4446 apud
562 4378 879 4436 historicos.
920 4374 1313 4446 Thucydidem,
1349 4375 1711 4446 Polybiuinet
1758 4375 1957 4444 Diony-

386 4452 527 4501 sium
570 4448 623 4501 in
658 4445 937 4515 Excerptis
964 4445 1311 4514 legationum.
1347 4445 1530 4501 Livius
1560 4446 1612 4497 in
1644 4445 1917 4515 lili.xxxis
1941 4487 1956 4510 ,

386 4528 547 4571 vocat
588 4514 874 4571 formulam
929 4516 1068 4583 juris
1116 4516 1447 4583 exsequendi
1522 4516 1589 4569 iis
1627 4516 1808 4569 verbis
1840 4533 1853 4569 :
1886 4514 1960 4567 De

388 4590 600 4656 injuriis
638 4602 769 4654 quas
799 4586 940 4639 ultro
976 4588 1207 4655 citraque
1252 4587 1432 4638 illatas
1463 4596 1792 4654 querantur;
1831 4602 1960 4653 quo-

2058 3398 2345 3450 (tuiriliutn
2391 3396 2519 3449 frui.

2076 3414 2345 3466 puritunn
2391 3414 2519 3449 Il'tll.

2130 3468 2204 3534 (I)
2242 3468 2304 3516 Οὶ
2340 3466 2471 3517 τότε
2493 3465 2902 3532 ἐξΑἱγύπτου.
2941 3465 3073 3519 Vide
3100 3464 3392 3517 Baronium
3425 3465 3493 3534 ad
3534 3480 3633 3518 au-

2060 3552 2187 3589 num
2220 3535 2425 3589 Christi
2456 3535 2580 3598 579,
2623 3535 2709 3586 ubi
2748 3536 3260 3604 liaiicjllegitimani
3299 3533 3515 3587 Maximi
3547 3550 3638 3587 or-

2059 3606 2392 3658 dinationem
2415 3605 2680 3658 describit
2703 3620 2765 3657 ex
2802 3604 3049 3674 Gregorii
3080 3604 3408 3658 Nalianzeni
3442 3605 3640 3659 iambi-

2060 3676 2140 3730 cis
2178 3674 2445 3728 versibus.
2494 3676 2561 3726 Et
2602 3674 2851 3742 Gregorii
2890 3675 3109 3743 quidem
3144 3676 3280 3729 ﬁdes
3318 3676 3370 3727 in
3405 3674 3636 3729 dubium

2062 3744 2304 3799 revocari
2329 3759 2436 3796 non
2459 3754 2652 3812 potest.
2683 3743 2880 3797 Verum
2908 3760 3031 3797 cum
3058 3743 3349 3797 Maximum
3384 3744 3638 3797 habuerit

2062 3814 2458 3883 adversarium,
2491 3828 2553 3866 ea
2592 3821 2801 3867 tantum
2831 3814 3011 3883 attigit
3045 3829 3164 3883 qua:
3194 3829 3373 3867 causa:
3406 3829 3518 3868 suae
3559 3812 3641 3867 Ia-

2062 3886 2278 3936 vebant.
2324 3882 2547 3951 Reliqua
2603 3898 2732 3937 vero
2777 3882 2958 3937 dicere
2990 3882 3337 3953 praetermisit
3384 3900 3507 3952 qua:
3540 3898 3642 3953 pro

2064 3954 2283 4007 Maximi
2316 3969 2481 4006 causa
2521 3953 2782 4007 lacerent.
2816 3955 2947 4018 Qua:
2979 3969 3104 4007 cum
3138 3955 3246 4009 sint
3277 3955 3439 4007 etiam
3470 3968 3499 4006 a
3536 3953 3641 4007 Ila-

2062 4025 2218 4078 ronio
2248 4026 2637 4092 praetermissa,
2674 4040 2735 4076 ea
2763 4040 2862 4078 nos
2889 4026 2989 4077 hoc
3024 4026 3144 4078 loco
3177 4025 3429 4092 supplere
3474 4025 3644 4076 cona-

2062 4096 2262 4148 biniur.
2284 4093 2574 4148 Sciendum
2595 4095 2761 4162 igitur
2776 4107 2859 4148 est
2910 4094 3202 4147 Maximum
3231 4095 3638 4162 philosophum,

2063 4180 2184 4219 cum
2218 4179 2247 4217 a
2276 4164 2451 4218 tribus
2494 4165 2768 4233 episcopis
2816 4163 3109 4234 Egyptiis,
3135 4165 3451 4234 Amandante
3479 4164 3643 4217 Petro

2065 4235 2438 4288 Alexandrino
2491 4232 2769 4302 episcopo,
2804 4232 3093 4288 ordinatus
3128 4232 3320 4287 fuisset
3349 4235 3642 4303 episcopus

2063 4306 2558 4373 Constantinopoli,
2613 4306 2821 4359 litteras
2873 4306 3023 4358 illico
3081 4304 3371 4372 scripsisse
3420 4303 3489 4357 ad
3523 4304 3642 4371 cpi—

2065 4390 2261 4444 scopos
2291 4374 2475 4438 Italize,
2506 4374 2704 4442 quibus
2736 4376 2883 4444 ipsos
2908 4376 2976 4428 de
3010 4374 3361 4444 ordinatione
3393 4389 3491 4429 sua
3517 4388 3640 4427 eer-

2071 4442 2239 4500 tiores
2270 4444 2499 4500 faceret:
2526 4446 2716 4514 eisque
2745 4442 3060 4513 adjnnxisse
3092 4444 3301 4497 litteras
3336 4442 3480 4498 Petri
3515 4444 3643 4495 Alc-

2068 4516 2342 4577 xandrini,
2382 4524 2442 4569 ut
2472 4515 2853 4569 Alexandrinae
2879 4514 3136 4569 Ecclesiae
3158 4529 3217 4568 se
3254 4514 3641 4567 communione

2068 4589 2337 4641 sociatum
2380 4602 2504 4640 esse
2556 4585 2887 4639 ostenderet.
2948 4584 3199 4652 Episcopi
3260 4586 3426 4652 igitur
3474 4585 3639 4637 Italiae

388 4655 541 4734 modo
568 4660 822 4734 inter_eas
845 4664 1019 4724 gentes
1058 4667 1105 4734 et
1130 4656 1447 4734 Macedonas
1471 4656 1955 4734 disceptetur,__['or-
1998 4680 2043 4734 ι)
2069 4658 2158 4734 qui
2194 4657 2456 4734 Aquileiae
2481 4656 2553 4734 ad
2600 4657 2894 4734 concilium
2923 4655 3232 4734 congregati
3272 4662 3449 4717 erant,
3485 4655 3639 4707 lectis

392 4728 747 4795 mulamjuris
789 4729 1100 4795 exsequendi
1169 4728 1591 4780 constituendam
1639 4743 1769 4778 esse.
1802 4726 1865 4779 Et
1902 4727 1955 4779 in

390 4803 488 4854 lib.
526 4814 634 4859 xu,
668 4797 884 4849 Archon
918 4798 1159 4869 VAchteus
1190 4800 1263 4851 ita
1291 4799 1529 4869 loquitur
1558 4815 1570 4849 :
1619 4797 1785 4849 Nemo
1816 4812 1960 4849 nova:

390 4870 657 4923 societatis
692 4877 782 4920 aut
811 4868 929 4919 novi
959 4868 1188 4935 fwderis,
1227 4884 1330 4937 qua
1358 4885 1450 4920 nos
1484 4880 1669 4920 temere
1699 4868 1959 4939 illigemus

389 4939 751 4993 conscribendi
801 4946 879 4989 est
914 4949 1098 4991 auctor
1137 4955 1154 4991 :
1203 4940 1291 4991 sed
1327 4940 1693 4991 commercium
1753 4948 1958 4990 tantum

382 5011 525 5079 juris
563 5008 826 5076 prazbendi
856 5008 1216 5079 repetendique
1239 5012 1327 5063 sit.
1357 5008 1578 5063 Veteres
1604 5008 1779 5079 Latini
1811 5007 1958 5062 istud

389 5082 555 5133 etiam
591 5080 1033 5146 recuperationem
1066 5078 1354 5142 vocabant,
1386 5089 1441 5132 ut
1468 5080 1626 5133 docet
1661 5078 1853 5133 Festus
1892 5079 1959 5131 iis

390 5151 615 5203 verbis:
650 5149 993 5217 Remperatio
1035 5161 1133 5216 est,
1158 5160 1213 5201 ut
1271 5152 1347 5203 ait
1384 5150 1567 5203 Gallus
1604 5148 1805 5215 lElius,
1840 5165 1958 5201 cum

392 5224 529 5275 inter
561 5221 806 5288 uopulum
837 5229 883 5272 et
906 5236 1066 5291 reges,
1104 5222 1436 5289 nationesque
1457 5230 1505 5273 et
1539 5221 1773 5273 civitates
1804 5235 1951 5289 pere-

2068 4726 2286 4781 Maxinii
2324 4728 2545 4792 litteris,
2574 4742 2697 4779 eum
2739 4727 2789 4777 in
2816 4726 3257 4780 communionem
3289 4734 3636 4793 receperunt,

2069 4798 2367 4868 [irarsertiiu
2398 4812 2520 4851 cum
2565 4797 2885 4864 Gregorium
2933 4794 3333 4868 Nazianzenum
3374 4809 3481 4868 non
3511 4794 3637 4855 rite,

2068 4865 2337 4935 necjuxta
2361 4869 2576 4936 regulas
2600 4868 3003 4921 ecclesiasticas
3032 4867 3345 4933 episcopum
3370 4865 3642 4917 Constan-

2068 4941 2375 5009 tinOpoIeos
2408 4942 2608 4991 factum
2644 4937 3149 5009 fuissecredercnt.
3180 4936 3321 5009 Quin
3345 4944 3401 5009 et
3428 4944 3635 5002 postea,

2068 5004 2505 5063 cum'Ncclarius
2540 5010 2593 5061 in
2632 5007 2867 5060 concilio
2904 5004 3514 5071 Constantinopolitano
3546 5018 3639 5055 or-

2066 5082 2283 5134 dinatus
2334 5080 2527 5133 fuisset
2560 5079 2854 5147 episcopus
2908 5076 3150 5144 ejusdem
3185 5076 3640 5147 urbis.»commu-

2069 5152 2283 5205 nionem
2310 5151 2429 5217 ejus
2456 5145 2797 5213 recusarunt,
2835 5149 3283 5217 scripscrnntqne
3312 5145 3376 5196 ad
3411 5146 3645 5217 impera—

2062 5236 2233 5281 torem
2264 5213 2656 5286 Theodosium,
2698 5226 2757 5272 ut
2810 5213 3107 5273 concilium
3147 5215 3334 5270 Romae
3369 5217 3543 5280 ﬁeret,
3586 5213 3641 5267 in

1835 5352 2212 5409 VARIORUM.

397 5490 453 5535 ut
480 5480 686 5549 putavit
716 5479 1015 5542 Baronius;
1050 5491 1171 5530 cum
1197 5474 1405 5543 antiqui
1437 5487 1625 5549 omnes
1648 5470 1882 5549 codices,
1903 5480 1956 5525 et

397 5544 745 5605 Collectimies
774 5566 963 5603 omnes
1004 5550 1239 5614 antiqua:
1271 5554 1323 5598 ct
1357 5544 1544 5597 media:
1575 5544 1748 5596 aetatis
1776 5550 1828 5593 et
1862 5558 1956 5610 pei-

404 5624 695 5676 stcriorum
721 5621 1041 5675 SiﬂClllOl‘uttl
1073 5619 1222 5669 illum
1239 5616 1551 5668 contineant
1576 5632 1585 5665 :
1617 5627 1679 5665 ac
1698 5621 1957 5681 prmterea

401 5693 656 5745 Socrates
706 5692 798 5743 lib.
830 5706 879 5755 ν,
918 5706 1037 5757 cap.
1082 5688 1113 5739 8
1148 5704 1159 5739 :
1205 5684 1767 5757 Sozomenusliic,_ct
1800 5682 1959 5735 Nice-

402 5767 605 5829 phorus
640 5762 729 5814 lib.
778 5754 889 5823 xu,
921 5754 1040 5827 cap.
1076 5759 1160 5814 15.
1186 5756 1467 5829 conditum
1502 5755 1630 5829 illud
1682 5754 1956 5806 decretum

403 5826 686 5886 testentur.
736 5829 919 5899 Neque
960 5826 1044 5881 hic.
1075 5826 1480 5899 tertiuscanon
1524 5826 1841 5899 adversatur
1872 5838 1957 5899 se-

404 5904 602 5969 cundo,
637 5920 741 5973 quo
791 5893 853 5957 ci
893 5900 1211 5971 praescripto
1241 5894 1438 5951 Nic-mni
1479 5896 1692 5949 concilii
1726 5893 1961 5948 decrevit

2059 5468 2315 5540 synodus,
2352 5465 2955 5535 Constantinopolitana
2984 5504 2996 5525 ,
3055 5462 3471 5540 quibuscunque
3514 5471 3643 5540 pro-

2061 5528 2257 5595 viueiis
2298 5539 2424 5608 jura
2472 5553 2568 5591 sua
2604 5528 2732 5590 csse
2756 5542 2967 5589 servata
3002 5551 3023 5608 :_
3051 5528 3549 5608 quiaprivilegium
3572 5528 3642 5580 le-

2062 5626 2177 5679 gem
2215 5598 2413 5671 ﬁnirat,
2464 5609 2697 5676 ideoque
2731 5622 2840 5680 non
2874 5598 3125 5680 sequitur
3150 5598 3639 5680 ali-ariumsed‘iuin

2058 5668 2178 5749 fora
2225 5668 2472 5742 convelli,
2529 5668 2743 5732 etiamsi
2788 5668 3123 5749 ιιιιιιιςιιιῡιιε⁸
3145 5669 3442 5749 privilegiis
3494 5668 3643 5749 (itii-i-

2064 5737 2551 5821 stantinopolitana
2586 5737 3061 5813 exornetur.(t\nt.
3088 5737 3244 5808 Pist,
3265 5740 3331 5793 ad
3362 5754 3487 5792 ann.
3513 5737 3639 5798 381,

2067 5839 2117 5875 ιι.
2164 5823 2241 5889 8.)
