4460 6634
872 445 1012 502 1159

2313 446 2664 503 SOZUMENI

3991 435 4163 494 ηιο

864 570 990 618 rent
1021 573 1146 616 cum
1177 559 1415 615 Dlodoro
1445 561 1704 630 episcopo
1728 559 1910 626 Tarsi,
1931 570 1987 617 ct
2024 562 2188 633 290
2220 563 2439 633 Pelagio
2473 575 2510 626 Α
2544 565 2625 635 Γρ

2394 565 2439 618 io
2473 575 2510 626 Α
2544 563 2829 635 Γρηγορὶῳ
2854 561 2931 632 τῷ
2951 561 3160 632 Νύσης,
3185 558 3282 614 καὶ
3312 561 3580 631 Ὀτρηῒνῳ
3607 558 3683 630 (Ξ)
3709 555 3789 626 τῷ
3809 557 4155 620 Μελιτίνηςο

867 655 1126 725 episcopo
1153 651 1435 707 Laodicete
1470 653 1524 707 in
1558 652 1749 723 Syria:
1781 655 1835 707 in
1860 653 2066 708 Asiana
2089 665 2268 709 autem
2300 654 2439 710 dioe-

868 740 983 797 cesi
1031 755 1155 795 cum
1211 739 1595 810 Amphilochio
1649 740 1947 798 lconicnsis
1991 744 2242 799 ecclesia:
2293 745 2438 798 anti-

869 831 1025 886 stite:
1070 832 1125 884 in
1155 831 1380 886 Pontica
1423 845 1552 886 vero
1591 831 1838 897 dioecesi,
1883 847 1913 886 a
1971 834 2218 902 Bithynis
2265 849 2443 904 usque

869 923 939 977 ad
993 923 1305 986 Armenios,
1343 937 1440 979 eos
1479 924 1575 993 qui
1623 927 2011 981 communione
2049 927 2230 998 juncti
2259 937 2443 984 essent

870 1029 994 1068 cum
1018 1013 1263 1070 Helladio
1273 1014 1535 1071 Caesarea:
1550 1015 1932 1086 Cappadocum
1953 1022 2289 1091 episcopo,et
2306 1020 2441 1078 Gre-

871 1106 1026 1175 gorio
1054 1104 1207 1176 Nysae
1235 1114 1289 1162 et
1339 1105 1526 1163 Otreio
1557 1106 1844 1165 Melitinam
1880 1110 1933 1164 in
1963 1111 2186 1167 urbibus
2207 1112 2441 1183 denique

842 1252 848 1259 ,
877 1194 1123 1251 Thraciae
1154 1211 1218 1252 ac
1249 1195 1505 1268 Scythiae,
1532 1214 1627 1255 eos
1655 1200 1746 1270 qui
1800 1216 1923 1256 cum
1958 1201 2216 1258 Terentio
2256 1202 2441 1258 Tomi-

2536 657 2593 707 ἐν
2621 655 2676 707 δέ
2701 656 2816 716 ταῖς
2837 655 2966 725 περὶ
2989 653 3210 724 Θρᾴκην
3235 653 3330 704 καὶ
3357 652 3588 704 Σκυθίαν
3614 651 3820 711 πόλεσι.
3851 645 4161 719 Τερεντίῳ

2536 745 2614 815 τῷ
2655 744 2915 814 Τομέων,
2963 745 3055 798 καὶ
3101 742 3398 814 Μαρτυρίῳ
3445 741 3524 812 τῷ
3573 739 4160 813 Μαρκιανουπόλεως.

2538 837 2770 899 Τούτους
2804 835 2912 906 γὰρ
2955 835 3051 888 καὶ
3089 834 3341 905 βασιλεὺς
3374 833 3535 896 αὐτὸς
3583 832 3846 903 ἐπῄνεσεν
3880 829 4008 884 ἰδὼν
4047 826 4163 879 καὶ

2541 919 2932 998 συγγενόμενος
2955 943 2968 956 ·
3016 926 3109 978 καὶ
3149 924 3274 989 δόξα
3306 924 3485 995 ἀγαθὴ
3515 924 3644 995 περὶ
3671 922 3848 976 αὐτῶν
3883 920 4157 989 ἐκράτει.

2543 1017 2618 1081 ὡς
2660 1012 2759 1080 ’ἑὰς
2795 1017 3086 1087 ἐκκλησίας
3122 1015 3360 1078 εὐσεϐῶς
3397 1016 3661 1083 ἀγόντων.
3721 1011 3873 1065 Ἐπεὶ
3902 1011 3963 1063 δὲ
4008 1007 4162 1061 τάδε

2547 1107 2782 1178 ἐγένετο,
2833 1109 2927 1163 καὶ
2979 1111 3012 1180 ἠ
3057 1109 3276 1172 σύνοδος
3320 1107 3474 1172 τέλος
3519 1106 3698 1177 ἔσχεν,
3743 1105 3796 1157 οἱ
3840 1102 3940 1174 μὲν
3985 1099 4155 1154 ἄλλοι

2547 1198 2776 1262 ἕκαστος
2803 1199 2989 1252 οἴκαδε·
3014 1199 3338 1271 ἐπανῆλθον.

874 1296 1006 1342 tano
1036 1297 1090 1343 et
1133 1291 1396 1362 martyrio
1429 1289 1853 1362 Marcianopolis
1902 1293 2162 1366 episcopo
2197 1293 2690 1350 communicarent.
2726 1287 2866 1346 Istos
2929 1291 3078 1346 enim
3152 1298 3268 1344 tum
3310 1291 3611 1360 imperator
3677 1285 3794 1356 ipse
3858 1282 4162 1355 approba-

872 1385 972 1450 vit,
1007 1399 1132 1438 cum
1171 1401 1268 1442 eos
1293 1385 1523 1442 vidisset
1550 1395 1602 1443 et
1628 1389 1899 1444 allocutus
1933 1400 2111 1446 esset:
2140 1398 2256 1445 tum
2317 1390 2536 1462 egregia
2613 1390 2681 1447 de
2747 1387 2860 1443 illis
2927 1386 3215 1442 constabat
3259 1385 3445 1448 fama,
3492 1382 3637 1452 quod
3688 1380 3954 1435 ecclesias
4004 1391 4167 1432 snas

874 1477 1226 1532 sanctissime
1271 1479 1664 1549 gubernarent.
1721 1478 1818 1537 llis
1856 1482 2115 1553 peractis,
2179 1483 2441 1552 ﬁnitoque
2479 1481 2738 1550 concilio,
2769 1477 2951 1536 cateri
2981 1475 3204 1548 quidem
3254 1474 3503 1545 episcopi
3543 1471 3611 1526 ad
3694 1486 3825 1527 suas
3895 1471 4156 1541 quisque

875 1556 1036 1626 sedes
1065 1571 1297 1627 rediere.

1543 1662 1696 1719 CAP.
1722 1662 1792 1718 X.

825 1762 828 1766 ’
878 1754 958 1811 De
987 1754 1246 1824 martyrio
1276 1752 1461 1817 Cilice,
1495 1765 1547 1807 et
1596 1755 1661 1809 de
1697 1754 2055 1824 translatione
2100 1756 2447 1824 reliquiarum

1070 1822 1580 1901 Pariliconfcssoris
1607 1832 1656 1878 et
1685 1822 1888 1878 Meletii
1917 1822 2250 1906 {initiae/aeui.

3181 1652 3433 1706 ΚΕΦΔΛ.
3473 1648 3530 1704 1’.

2553 1748 2693 1818 Περὶ
2725 1747 3061 1822 Μαρτυρίρυ
3087 1745 3194 1822 τοῦ
3229 1747 3487 1822 Κίᾴικος,
3532 1741 3633 1822 καὶ
3673 1743 3804 1822 περὶ
3847 1740 3960 1822 τῇς
3992 1742 4156 1822 dfa-

2631 1813 2883 1888 Ξιομὶδῆς
2923 1813 3066 1869 ’τῶν
3114 1813 3444 1888 ,κλειψὰγέωις
3494 1813 3837 1888 τῷγῇᾀγίων
3888 1813 4155 1888 [malev

2628 1881 2734 1944 τοῧ
2771 1881 3161 1956 ὁμολογητοῦ,
3192 1884 3291 1938 καὶ
3316 1883 3605 1936 Μελετίου
3633 1881 4013 1949 Ἀντιοχείας.

954 1975 1245 2034 Nectarins
1307 1960 1457 2040 vero,
1514 1974 1750 2047 Cyriaco
1810 1975 2122 2030 Adanorum
2183 1976 2444 2045 episcopo
2477 1984 2518 2040 Β
2613 1979 2715 2032 Nai

2391 1989 2444 2043 ρο
2477 1984 2518 2040 Β
2613 1977 2917 2049 Νεκτάριος
2965 1977 3040 2039 δὲ,
3098 1973 3202 2028 ὑπὸ
3253 1971 3560 2040 διδασκάλῳ
3592 1971 3858 2041 Κυριακῷ
3896 1969 3973 2038 τῷ
4013 1971 4152 2020 ἐπι-

882 2073 1213 2137 praeceptore
1251 2080 1410 2130 usus,
1455 2063 1796 2120 sacerdotale
1839 2063 2076 2119 cilicium
2127 2063 2445 2118 condidicit.

837 2201 843 2207 .
885 2156 1182 2212 Diodorum
1227 2142 1375 2224 enim
1411 2157 1740 2210 Tarsensem
1776 2156 2096 2226 episcopum
2141 2162 2448 2226 rogaverat,

885 2257 946 2303 ut
992 2237 1097 2303 iste
1136 2236 1455 2318 aliquandiu
1505 2260 1694 2301 secum
1741 2254 2005 2300 maneret.
2057 2244 2163 2300 Sed
2216 2257 2270 2300 et
2315 2247 2453 2302 alios

885 2339 1087 2395 multos
1110 2337 1311 2394 Cilicas
1329 2336 1555 2408 pellexit
1577 2343 1638 2391 ut
1665 2350 1851 2392 secum
1886 2345 2256 2402 morarentur,
2291 2347 2456 2407 atque

878 2430 1030 2486 inter
1063 2433 1290 2485 cretei-cs
1334 2427 1681 2499 Martyrium.
1733 2425 1908 2493 Quem
1954 2441 2081 2481 cum
2129 2424 2454 2483 familiarem

886 2519 1110 2574 haberet
1139 2532 1205 2574 ac
1247 2517 1542 2584 medicum,
1567 2523 1622 2572 et
1650 2517 1896 2572 omnium
1926 2530 2048 2585 quae
2083 2515 2139 2569 in
2170 2513 2457 2586 iuventute

885 2608 1190 2679 deliquerat
1216 2605 1523 2668 conscium,
1555 2604 1847 2660 diaconum
1870 2603 2130 2660 ordinare
2157 2604 2454 2675 cogitabat.

801 2690 809 2695 ’
888 2701 995 2756 Sed
1026 2699 1325 2770 Martyrius
1365 2711 1713 2768 nequaquam
1749 2696 1803 2751 id
1838 2694 1957 2751 ﬁeri
1989 2711 2189 2766 passus
2221 2704 2326 2761 est,
2374 2696 2458 2750 in-

857 2774 1111 2862 sdignu'm
1141 2803 1202 2845 se
1218 2776 1412 2843 ‘divino
1449 2785 1756 2841 ministerio
1775 2800 1900 2840 esse
1921 2785 2217 2850 afﬁrmans,
2249 2785 2460 2856 ipsum-

887 2894 994 2952 que
1026 2877 1338 2933 Nectarium
1386 2883 1651 2953 anteactae
1680 2873 1807 2928 vitze
1838 2888 1955 2928 suae
1984 2881 2174 2930 testem
2217 2889 2341 2930 esse
2370 2875 2460 2944 ju-

887 2973 1045 3027 hens.
1065 2969 1168 3025 Cui
1201 2966 1492 3024 Nectarius
1529 2984 1544 3022 :
1577 2969 1775 3021 Annon
1809 2980 1930 3036 ego,
1955 2965 2153 3035 inquit,
2185 2966 2280 3035 qui
2312 2981 2461 3022 nunc

887 3062 1150 3119 sacerdos
1178 3077 1321 3127 sum,
1360 3063 1536 3116 meam
1581 3066 1733 3114 retro
1761 3057 1930 3112 vitam
1973 3058 2144 3112 multo
2183 3071 2348 3127 quam
2377 3064 2460 3124 tu,

890 3154 1256 3227 negligentius
1291 3151 1534 3216 traduxi,
1582 3149 1728 3205 sicut
1778 3155 1834 3200 tu
1881 3146 2001 3214 ipse
2043 3149 2237 3202 testari
2282 3156 2458 3218 potes,

888 3244 984 3313 qui
1036 3240 1470 3312 intemperantire
1524 3252 1659 3292 mea:
1702 3235 1903 3305 saepius
1939 3235 2318 3292 ministrasti?
2365 3238 2462 3296 ille

2553 2069 2739 2140 σκόπῳ
2780 2065 3145 2136 Ἀδάνων,τὴν
3178 2065 3458 2134 ἱερατικὴν
3495 2062 3646 2128 τάξιν
3681 2062 3971 2132 ἐμάνθανε.
4008 2058 4153 2112 Τοῦ·

2548 2175 2640 2214 τον
2667 2157 2775 2230 γὰρ
2806 2157 2951 2227 αὑτῷ
2982 2154 3338 2224 συγγενέσθαι
3393 2153 3484 2206 ἐπί
3537 2171 3658 2206 τινα
3701 2152 3913 2224 χρόνον,
3963 2152 4153 2222 ᾔτησε

2551 2248 2812 2318 Διόδωρον
2834 2247 2923 2301 τὸν
2983 2246 3240 2318 Ταρσέων
3275 2239 3573 2299 ἐπίσκοπον
3603 2263 3615 2275 ·
3668 2244 4056 2315 προὺτρέψατο
4091 2242 4153 2295 δὲ

2551 2341 2648 2393 καὶ
2673 2338 2900 2401 πολλοὺς
2921 2338 3112 2400 ἄλλους
3137 2337 3366 2399 Κίλικας
3381 2335 3529 2406 αὑτῷ
3563 2338 3836 2398 συνεῖναι,
3866 2336 3960 2388 καὶ
3981 2336 4153 2404 Μαρ-

2551 2431 2758 2502 τύριον,
2788 2430 2846 2485 ὃν
2867 2429 3170 2501 ἐπιτήδειον
3195 2429 3377 2499 ἰατρὸν
3407 2427 3548 2497 ἔχων
3576 2428 3670 2480 καὶ
3701 2427 3992 2497 συνίστορα
4031 2426 4153 2478 τῶν

2554 2523 2612 2574 ἐν
2641 2520 2854 2592 νεότητι
2880 2520 3286 2592 ἡμαρτημένων
3327 2519 3496 2589 αὐτῷ,
3531 2519 3774 2572 διάκονον
3809 2519 4152 2589 χειροτονεῖν

2553 2611 2890 2667 ἐϐουλεύετο.
2938 2612 3012 2666 Οὐ
3071 2611 3183 2683 μὴν
3232 2612 3492 2683 ἠνέσχετο
3527 2610 3878 2681 Μαρτύριος,
3922 2609 4154 2673 ἀνάξιον

2555 2702 2716 2757 αὑτὸν
2749 2696 2888 2755 εῖναι
2917 2701 3065 2764 θείας
3115 2700 3389 2762 διακονίας
3426 2698 3853 2769 ἰσχυριζόμενος,
3902 2698 3995 2751 καὶ
4033 2696 4152 2748 τῶν

2554 2791 2702 2862 αὐτῷ
2764 2791 3111 2860 βεσιωμένων
3135 2791 3297 2844 αὑτὸν
3329 2791 3633 2862 Νεκτὰριον
3674 2790 3925 2861 μάρτυρα
3955 2784 4152 2839 ποιούο

2560 2899 2736 2953 μενος.
2752 2882 2860 2935 Καὶ
2879 2883 2906 2934 ὁ
2924 2881 3326 2954 Νεκτάριος,Ἧ
3342 2882 3441 2935 οὐκ
3466 2881 3594 2950 ἐγὼ,
3618 2881 3744 2951 ἔφη,
3775 2882 3803 2933 ὁ
3821 2878 3916 2932 νῦν
3940 2878 4148 2948 ἱερεὺς,

2558 2971 2920 3043 ἀμελέστερόν
2953 2987 3047 3023 σου
3079 2970 3258 3041 πολλῷ
3287 2971 3376 3024 τὸν
3397 2971 3597 3041 προτοῦ
3628 2969 3871 3039 διετέθην
3907 2968 4047 3038 βίον,
4072 2966 4151 3021 ὡς

2557 3061 2651 3115 καὶ
2671 3061 2830 3123 αὐτὸς
2869 3063 3186 3130 μαρτυρεῖς,
3218 3061 3478 3122 πολλάκις
3539 3059 3998 3130 διακονησάμενος
4023 3060 4149 3118 ταῖς

2558 3153 2776 3217 πολλαῖς
2807 3155 2966 3223 ἐμαῖς
2988 3151 3308 3216 ἀκολασίαις
3328 3170 3341 3218 ;
3360 3153 3419 3206 '0
3440 3151 3684 3217 δὲ,Ἀλλὰ
3704 3152 3790 3216 σὺ,
3813 3145 3858 3205 ὧ
3881 3149 4150 3221 μακάριε,

2561 3243 2847 3297 ὑπολαϐὼν
2892 3243 3019 3314 ἔφη,
3065 3243 3292 3315 ἔναγχος
3323 3244 3640 3315 βαπτισθεὶς
3670 3244 4030 3313 κεκάθαρσαι,
4054 3242 4151 3294 καὶ

891 3330 1224 3400 subiiciens:
1257 3328 1327 3383 At
1353 3338 1434 3394 tu,
1469 3328 1668 3398 inquit,
1699 3341 1731 3380 ο
1773 3326 1952 3391 beate,
1990 3334 2249 3396 percepto
2272 3343 2465 3387 recens
2491 3331 2534 3389 C
2567 3335 2652 3390 ἐπὶ

2389 3345 2465 3387 :ns
2491 3331 2534 3389 C
2567 3335 2661 3390 ἐπὶ
2689 3333 2861 3405 τούτῳ
2885 3334 3185 3405 ἱερωσύνης
3214 3335 3462 3404 ἠξίωσαι.
3512 3336 3821 3406 Ἀμφότερα
3852 3335 3906 3387 δὲ
3937 3333 4150 3403 καθάρ-

891 3419 1160 3490 baptismo
1182 3417 1478 3476 mundatus
1512 3432 1592 3484 es,
1619 3425 1672 3472 et
1691 3423 1816 3486 post
1843 3415 2184 3485 baptismum
2210 3421 2468 3474 sacerdo-

892 3511 1027 3567 tium
1059 3511 1340 3582 accepisti.
1373 3509 1578 3567 Horum
1607 3523 1737 3564 vero
1775 3515 2078 3580 utrumque
2100 3507 2167 3563 ad
2198 3510 2467 3580 expianda

2564 3443 2655 3478 σια
2682 3426 2757 3495 (5)
2784 3425 3199 3496 ἁμαρτημάτων
3238 3425 3298 3480 τὸ
3335 3424 3476 3478 θεῖον
3506 3425 3880 3497 ἐνομοθέτησε.
3909 3423 4020 3478 Καί
4053 3441 4148 3493 μοι

2562 3513 2725 3579 δοκῶ,
2749 3514 2904 3568 οὐδὲν
2932 3516 3212 3588 διαφέρεις
3239 3516 3346 3570 τῶν
3392 3515 3694 3587 ἀρτιτὸκων
3723 3515 3957 3587 βρεφῶν.
4003 3512 4149 3581 Ἐγὼ

2052 3690 2322 3747 VALESII
2352 3690 2583 3750 ANNOT
2593 3694 2912 3753 ATIONES.

895 3820 1005 3877 quo
1038 3801 1273 3877 Nectarii
1304 3810 1371 3877 et
1388 3803 1604 3877 Maximi
1645 3820 1814 3862 causa
1837 3807 2260 3877 disceptaretur.
2294 3806 2465 3864 Docet

899 3874 1003 3932 hoc
1026 3875 1254 3945 epistola
1282 3874 1902 3947 quinta_episcoporum
1925 3874 2092 3932 Italiae
2120 3878 2184 3933 ad
2210 3876 2462 3933 Theodo-

898 3943 1073 4011 sium,
1099 3959 1261 4014 quam
1285 3944 1452 3998 edidit
1477 3943 1723 4001 Jacobus'
1749 3947 2092 4013 Sirmondns,
2125 3947 2210 4003 his
2239 3949 2418 4003 verbis
2445 3967 2460 4005 :

902 4017 1144 4087 Namque
1173 4016 1229 4087 in
1265 4015 1488 4087 concilio
1507 4031 1704 4087 nuper,
1731 4035 1851 4072 cum
1873 4019 2143 4072 Maximus
2167 4018 2460 4087 episcopus,

901 4082 1272 4141 Alexdndrime
1311 4082 1564 4140 Ecclesia
1590 4082 2005 4142 communionem
2032 4082 2242 4142 manere
2263 4082 2461 4154 secum,

903 4157 1049 4211 lectis
1109 4154 1255 4208 Petri
1319 4165 1518 4210 sancta:
1563 4161 1828 4214 memoria:
1879 4158 2070 4211 litteris
2123 4159 2464 4225 prodidisset,

901 4228 1114 4298 ejusque
1157 4227 1298 4298 intra
1322 4225 1554 4289 privatas
1594 4229 1749 4292 cedes,
1798 4229 1923 4298 quia
1974 4228 2163 4298 Ariani
2218 4229 2465 4284 basilicas

902 4293 1074 4350 adhuc
1101 4293 1364 4366 tenebant,
1392 4312 1448 4366 se
1463 4307 1695 4350 creatum
1717 4293 1828 4353 esse
1855 4297 2129 4362 mandato,
2156 4299 2327 4353 tribus
2355 4302 2468 4366 cpi--

902 4367 1075 4436 scopis
1128 4363 1517 4436 ordinantibus,
1566 4367 1804 4422 dilucida
1843 4368 2208 4436 testiﬁcatione
2253 4363 2466 4423 docuis-

903 4434 1003 4497 set,
1036 4434 1267 4506 etc._Sic
1296 4434 1440 4488 enim
1489 4436 1751 4506 legendus
1784 4447 1869 4492 est
1916 4434 2069 4506 lacus
2101 4439 2224 4500 ille,
2257 4454 2367 4494 non
2411 4447 2470 4494 ut

905 4506 1066 4560 hodie
1093 4504 1278 4575 editus
1311 4511 1396 4559 est
1415 4504 1831 4575 corruptissime
1856 4524 1868 4560 :
1897 4505 2166 4562 Secretum
2187 4524 2296 4562 esse
2319 4525 2470 4562 man-

903 4573 1175 4629 datoribus
1197 4574 1470 4646 episcopis,
1501 4573 1606 4646 e_tc_.
1641 4576 1906 4632 Baronius
1929 4578 2146 4646 quidem
2178 4576 2471 4633 Maximum

905 4661 935 4717 ιι
957 4651 1162 4717 septem
1191 4643 1464 4717 episcopis
1488 4644 1762 4717 .{Egyptiis
1781 4643 2104 4702 ordinatum
2121 4662 2242 4703 esse
2261 4649 2470 4704 scribit.

889 4713 1013 4769 ‘Sed
1043 4729 1166 4768 eum
1197 4713 1413 4769 abunde
1439 4713 1798 4773 refutavimus
1827 4718 1881 4772 in
1916 4721 2060 4773 notis
2089 4718 2156 4773 ad
2184 4719 2382 4773 librum
2442 4734 2475 4773 v

911 4783 1167 4859 Historia:
1190 4781 1529 4859 Iheodoriti,
1558 4789 1735 4857 capite
1776 4787 1832 4853 8,
1864 4788 1954 4843 ubi
1985 4795 2182 4859 nautas
2228 4803 2332 4859 pro
2354 4787 2475 4859 epi-

907 4855 1090 4926 scopis
1123 4852 1430 4926 a_Baronio
1478 4852 1728 4926 sumptos
1759 4873 1883 4914 esse
1912 4852 2270 4913 ostendimus.
2317 4852 2475 4915 lni'tio

908 4922 1126 4994 quidem
1156 4922 1424 4998 Damasus
1447 4922 1847 4998 ordinationem
1882 4928 2098 4982 Maximi
2123 4929 2472 4998 improbavit,

909 5002 991 5069 ut‘
1021 5001 1236 5049 constat
1256 5009 1346 5069 _e_x
1384 4995 1599 5069 duabus
1629 4998 1748 5068 ejus
1789 4999 2034 5069 epistolis
2058 4998 2126 5052 ad
2155 4995 2474 5055 Ascholium

909 5065 1225 5141 episcopum
1256 5063 1963 5141 'l‘ltessaloniccnsem(qua;
1995 5071 2246 5141 leguntur
2269 5070 2321 5124 in
2346 5069 2475 5125 Col;

911 5133 1142 5190 lectione
1189 5133 1426 5190 Romana
1484 5135 1644 5192 Lucae
1699 5133 1986 5194 Ho'lstenii.
2047 5133 2248 5196 Postea
2295 5150 2473 5196 tamen

911 5205 1052 5287 idem
1108 5204 1373 5292 Damasus
1431 5204 1634 5288 fayisse
1683 5209 2246 5292 Videlul";.Ma§.llllQ.
2293 5210 2488 5292 Neque

911 5277 1056 5335 enim
1099 5275 1393 5356 concilium
1427 5279 1813 5356 episcoporum
1867 5275 2475 5356 ItalizeMaxitnum-in

910 5350 1350 5422 communionem
1389 5350 1736 5422 suscepisset,
1762 5362 1884 5422 Aaut
1939 5354 2204 5422 petiisset.
2238 5366 2474 5422 unquam

912 5416 983 5472 ab
1011 5415 1337 5486 imperatore
1384 5425 1441 5472 ut
1487 5415 1728 5490 synodus
1758 5415 1957 5478 Romae
1990 5422 2141 5478 ﬁeret
2170 5415 2343 5492 super'
2356 5423 2476 5493 ejus

2571 3812 2942 3882 ordinatione,
2977 3814 3084 3870 nisi
3116 3829 3181 3870 ex
3208 3830 3480 3873 consensu
3509 3816 3746 3872 Damasi.
3789 3815 3984 3871 Utrum
4019 3833 4149 3873 vero

2571 3882 2838 3959 Maximus
2877 3885 2933 3940 in
2969 3887 3410 3943 communionem
3439 3897 3694 3959 receptus
3724 3889 3798 3945 sit
3828 3902 3858 3941 a
3888 3886 4150 3952 Damaso,

2571 3955 2864 4009 obscurum
2894 3966 2999 4011 est.

2644 4023 3195 4097 (2)Κα1λ⁹οτρηΐνῳ.
3250 4026 3609 4082 Scribendum
3658 4036 3744 4083 est
3791 4027 4049 4097 ’οτρηῖῳ.
4091 4037 4150 4082 ut

2573 4069 3917 4165 εεὲἷιὶιίιῖἶίηἾὲέὲ’ἱὲῗὶίεῗὲὀᾶἷὲῖἲὶίρόεἴόείζτὶὄ
3927 4069 4152 4154 ’ὗέ’ῆιὶ’ἑ

2573 4165 2863 4239 catholica,
2894 4181 3057 4239 quam
3081 4167 3254 4239 legem
3285 4166 3374 4239 hic
3401 4167 3648 4239 designat
3683 4167 4046 4223 Sozomenus.

2647 4236 2724 4306 (ὅ)
2761 4237 3084 4305 Ἀμεοότερα
3119 4237 3187 4290 δὲ
3225 4236 3545 4304 καθάρσιαῖ
3591 4239 4010 4292 Sacramentnm
4061 4255 4150 4293 or-

2574 4303 2719 4378 dinis
2748 4303 3138 4378 non_‘_eamdem
3179 4303 3446 4378 purgandi
3479 4309 3586 4362 vim
3619 4309 3782 4363 habet
3837 4323 4001 4376 quam
4055 4307 4149 4362 ba-

2577 4376 2828 4442 ptismus.
2847 4375 2980 4431 Nam
2993 4375 3536 4448 baptisinus'quidem
3564 4375 3939 4433 remissionem
3959 4379 4150 4433 tribuit

2577 4454 2946 4568 Beccatorum.
2996 4448 3136 4528 .Sola
3198 4448 3299 4529 [ide
3324 4463 3462 4528 opus
3519 4457 3604 4528 est
3661 4457 3721 4501 ut
3751 4450 3873 4530 quis
3914 4449 4151 4528 grati-am

2614 4520 2832 4568 aoltsmt
2867 4524 3149 4568 nercmlat.
3185 4515 3277 4568 Sic
3311 4533 3455 4568 enim
3480 4517 3732 4568 Christus
3763 4533 3877 4568 mse
3899 4517 4150 4568 nraedrnt

2614 4514 2832 4587 ap_tismi
2867 4516 3149 4587 percipiat.
3185 4515 3277 4571 Sic
3311 4514 3455 4571 enim
3480 4517 3732 4573 Christus
3763 4514 3877 4587 ipse
3899 4514 4150 4587 prtedixit

2581 4585 2632 4637 in
2656 4583 2965 4656 Evangelio
2984 4605 2996 4640 :
3020 4583 3129 4652 Qui
3155 4587 3434 4642 crediderit
3455 4598 3503 4641 et
3526 4583 3824 4654 baptizatus
3855 4583 4044 4656 fuerit,
4068 4588 4148 4640 hic

2579 4654 2757 4708 salvus
2783 4657 2902 4710 erit.
2935 4655 3080 4710 Ordo
3107 4673 3235 4712 vero
3266 4672 3375 4712 non
3408 4659 3599 4712 tribuit
3633 4654 4012 4712 remissionem
4053 4659 4151 4712 de-

2576 4723 2848 4779 lictorum.
2876 4725 3062 4798 itaque
3092 4727 3137 4782 si
3183 4727 3563 4798 quispeccatis
3601 4735 3834 4783 onustus
3861 4727 3930 4781 ad
3961 4742 4146 4782 sacra-

2578 4802 2820 4849 mentum
2849 4795 3060 4869 ordinis
3090 4795 3522 4869 percipiendum
3581 4800 3896 4863 accesserit,
3953 4799 4149 4852 chara-

2576 4872 2780 4919 cterem
2826 4867 3044 4937 quidem
3087 4867 3284 4937 ipsum‘
3309 4868 3507 4937 recipit
3535 4871 3887 4935 sacramenti,
3917 4870 4148 4938 gratiam

2579 4948 2706 5008 vero
2739 4939 3065 5008 sacramenti
3098 4954 3207 4993 non
3228 4937 3419 5008 recipit
3441 4946 3663 5008 propter
3681 4937 4026 4993 obstaculum
4056 4938 4148 4994 dc-

2583 5004 2853 5079 lictornm.
2892 5006 3088 5079 Postea
3125 5017 3303 5063 tamen
3343 5004 3392 5064 si
3427 5004 3647 5076 peccata
3688 5023 3782 5077 per
3814 5009 4148 5079 poenitentiae

2582 5075 2878 5131 remedium
2909 5078 3082 5133 deleta
3117 5079 3340 5142 fuerint,
3365 5075 3649 5134 character
3675 5075 3764 5134 ille
3790 5075 3955 5134 menti
3975 5081 4146 5133 homi-

2583 5144 2670 5219 nis
2696 5147 3016 5216 impressus,
3043 5151 3270 5219 gratiam
3298 5149 3351 5203 in
3381 5164 3448 5204 eo
3472 5160 3748 5219 operatur,
3782 5159 3968 5219 utpote
3990 5150 4146 5204 obice

2578 5213 2691 5283 jam
2715 5213 2922 5289 reinoto
2955 5237 2968 5274 :
2995 5213 3369 5289 gratia'autem
3398 5213 3754 5276 sacerdotalis
3780 5213 4011 5274 mentem
4035 5220 4146 5288 jam

2585 5288 2822 5372 peccatis
2867 5288 3114 5372 vacuam,
3167 5291 3392 5345 scientia
3453 5290 3736 5372 pracipuc.
3768 5305 3831 5344 ac
3881 5289 4144 5372 sapientia

2583 5355 2807 5442 instruit
2837 5371 3000 5442 atque
3031 5360 3287 5442 illustrat,
3315 5376 3421 5442 qua
3452 5355 3498 5442 is
3541 5355 3739 5442 quinad
3776 5355 4143 5442 sacerdotium

2582 5436 2807 5484 evectus
2854 5439 2956 5496 est,
2990 5431 3260 5486 instruere
3282 5431 3418 5486 alios
3438 5440 3604 5501 atque
3639 5431 3919 5486 illustrare
3947 5432 4142 5501 possit.

2352 5535 2733 5596 VARIORUM.

983 5655 1004 5730 ξ
1037 5652 1270 5730 Constat
1299 5651 1536 5730 Nectarii
1576 5657 1974 5730 ordinationem
2029 5660 2184 5714 initio
2225 5675 2330 5730 non
2363 5659 2477 5730 pla-

915 5723 1370 5800 cuisseDarnaso.
1404 5726 1587 5800 itaque
1637 5728 1904 5800 allirmare
1949 5745 2244 5800 possumus
2280 5723 2476 5783 Dama--

917 5810 1038 5870 sunt
1085 5792 1300 5870 Maximi
1347 5796 1401 5849 in
1453 5792 1658 5870 Italiam
1698 5792 2036 5870 confugium,
2075 5809 2132 5854 ut
2161 5802 2476 5870 pontiﬁcum

917 5865 1228 5923 Italicorum
1260 5866 1438 5924 l'avorc
1475 5867 1663 5936 fultus,
1717 5865 1964 5927 Nccla'rio
1999 5865 2303 5944 reprobato.
2338 5872 2476 5928 Con-

2580 5663 3116 5736 stantinopolitanam
3140 5666 3437 5723 Ecclesiam
3465 5665 3702 5721 retinere
3725 5671 3930 5736 posset,
3957 5676 4144 5733 appro--

2581 5729 2959 5879 basser.(§"t-:rn.
2991 5754 3058 5793 ne
3086 5738 3297 5807 Manen,
3333 5737 3404 5792 De
3427 5729 3888 5802 concordia,'etc.,
3908 5729 4050 5805 part.
4087 5748 4140 5796 ιι,

2583 5819 2702 5877 pag.
2729 5820 2792 5861 ου
2861 5841 2866 5846 -
3732 5821 3737 5831 ’

2583 5819 2702 5877 pag.
2729 5819 2816 5877 ου)
2861 5841 2866 5846 -
3732 5821 3737 5831 '
