4460 6634
426 452 564 509 ΜΗ

1377 444 1701 502 HISTORIA
1740 437 2290 498 ECCLESIASTICA.
2333 472 2399 482 —-
2438 444 2566 501 LIB.
2612 447 2719 504 VII.

3544 455 3685 513 ιω

422 568 480 620 δὲ
514 566 680 621 πάλαι
718 565 815 637 τῆς
865 563 1012 628 θείας
1068 563 1376 634 βαπτίσεως
1427 561 1733 633 μετασχὼν,
1769 564 1833 631 τῇ
1873 560 2008 627 αὑτῇ
2041 563 2081 616 Α
2114 573 2175 626 pr

1921 560 2008 627 5τῇ
2041 563 2081 616 Α
2114 569 2362 626 precata,
2400 563 2515 633 lege
2547 563 2730 619 divina
2763 571 3121 624 constitutum
3147 578 3253 626 est.
3279 571 3354 626 Ac
3384 572 3517 626 mihi
3559 574 3682 644 qui-

421 656 696 711 διετέλεσα
740 657 888 727 βιοτῇ
945 654 1244 726 χρώμενος.
1284 656 1394 709 Καὶ
1419 655 1447 707 ὁ
1471 656 1569 724 μὲν
1599 653 1775 707 τοιάδε
1809 652 2002 719 λέγων,

422 749 519 817 οὐχ
547 748 756 816 ὑπέστη
785 748 885 817 τὴν
919 748 1273 817 χειροτονίαν.
1307 744 1449 813 Ἐγὼ
1480 745 1537 798 δὲ
1570 745 1663 797 καὶ
1688 744 1786 812 τῆς
1809 759 2007 813 παραι-

422 840 630 908 τήσεως
692 838 897 892 ἐπαινῶ
946 839 1039 891 τὸν
1092 838 1283 908 ἄνδρα,
1346 837 1441 891 καὶ
1488 836 1575 889 διὰ
1623 835 1802 897 τοῦτο,
1843 834 2005 904 μέρος

423 930 763 999 ἐποιησάμην
815 930 973 981 αὑτὸν
1026 929 1231 999 ταύτης
1257 929 1355 998 τῆς
1388 928 1624 997 γραφῆς.
1673 927 1731 977 ’0
1767 926 1823 978 δέ
1851 924 2005 995 βασιο

424 1022 570 1083 λεὺς,
609 1019 797 1089 μαθὼν
822 1021 888 1072 τὰ
926 1019 1207 1089 συμϐάντα
1237 1019 1433 1089 Παύλῳ
1459 1018 1536 1089 τῷ
1566 1019 2005 1071 Κωνσταντινου-

424 1114 626 1175 πόλεως
674 1113 957 1181 ἐπισκόπῳ
1008 1111 1305 1181 γενομένῳ,
1358 1112 1713 1181 μετεκόμισεν
1749 1108 1913 1162 αὐτοῦ
1944 1107 2004 1161 τὸ

424 1203 601 1269 σῶμα,
660 1202 753 1256 καὶ
815 1205 873 1255 ἐν
915 1204 981 1271 τῇ
1027 1201 1289 1272 ἐκκλησίᾳ
1332 1202 1551 1270 ἔθαψεν,
1586 1203 1651 1268 ἢν
1688 1199 2024 1270 ᾠκοδόμησε.

421 1294 747 1357 Μακεδόνιος
804 1296 833 1347 ὁ
876 1292 1263 1357 ἐπιϐουλεύσας
1320 1293 1505 1363 αὐτῷ’
1568 1292 1736 1345 εἰσέτι
1788 1309 1847 1344 τε
1908 1290 2002 1343 νῦν

423 1384 708 1455 ἐπώνυμός
737 1388 883 1437 ἐστιν
913 1383 1082 1455 αὐτῷ,
1107 1378 1362 1454 μέγιστος
1384 1384 1459 1436 ὢν
1482 1385 1575 1438 καὶ
1605 1383 2003 1453 ἐπισημότατος

419 1480 448 1530 ὁ
481 1477 605 1540 ναὸς
629 1470 801 1539 οὗτος.
830 1478 895 1529 Ὃ
919 1478 1010 1529 καὶ
1027 1476 1253 1539 πολλοὺς
1268 1475 1593 1543 ἀγνοοῦντας
1609 1475 1706 1545 τὴν
1722 1476 1998 1544 ἀλήθειαν,

421 1568 667 1622 ὑπονοεῖν
698 1569 843 1619 ποιεῖ
871 1566 1081 1619 Παῦλον
1107 1566 1196 1620 τὸν
1226 1564 1521 1635 ἀπόστολον
1549 1566 1735 1618 ἐνθάδε
1766 1565 1999 1627 κεῖσθαι,

424 1647 659 1729 μάλιστα
716 1659 772 1713 δὲ
823 1658 917 1712 καὶ
973 1659 1070 1721 τὰς
1106 1661 1390 1727 γυναῖκας,
1426 1659 1519 1711 καὶ
1556 1656 1651 1711 τοῦ
1676 1659 1847 1729 δήμου
1878 1660 2002 1720 τοὺς

421 1752 655 1815 πλείους.
702 1752 836 1820 Περὶ
863 1750 918 1803 δέ
946 1750 1134 1803 τοῦτον
1166 1751 1256 1805 τὸν
1287 1751 1498 1821 χρόνον,
1527 1750 1619 1803 καὶ
1650 1751 1711 1803 τὸ
1738 1750 1998 1803 Μελετίου

2108 650 2229 705 dem
2279 654 2486 711 videris
2543 656 2658 725 ipse
2707 660 2776 712 ah
2820 660 3123 717 infantibus
3164 677 3355 717 recens
3409 666 3553 720 natis
3603 667 3680 719 nil

2107 740 2349 798 diﬂ‘erre.
2385 743 2496 816 Ego
2526 762 2657 803 vero
2696 749 2787 818 qui
2819 751 2930 819 jam
2972 754 3182 823 pridem
3219 770 3440 810 sacrum
3496 758 3677 827 bapti-

2108 848 2285 888 smum
2318 845 2648 893 consecutus
2676 854 2822 906 sum,
2846 842 2900 895 in
2932 843 3118 897 eadem
3144 859 3251 914 qua
3278 846 3432 915 prius
3462 847 3680 902 vivendi

2105 926 2317 980 ratione
2346 932 2713 997 perseveravi.
2748 932 2925 1003 Atque
2973 933 3060 989 hic
3093 936 3312 1005 quidem
3366 936 3678 1007 hujusmodi

2106 1027 2329 1070 causam
2391 1018 2655 1089 allegans,
2714 1024 3119 1079 ordinationem
3170 1025 3516 1083 detrectavit.
3570 1029 3680 1099 Ego

2104 1120 2234 1161 vero
2262 1122 2385 1163 eum
2415 1110 2485 1163 ob
2512 1111 2672 1165 istam
2703 1117 3101 1171 recusationem
3138 1129 3464 1188 magnopere
3490 1121 3676 1183 laudo,

2105 1205 2268 1268 atque
2321 1201 2530 1258 idcirco
2582 1204 2711 1259 huic
2758 1205 3002 1262 historia:
3046 1209 3197 1264 illum
3242 1211 3467 1266 inserui.
3507 1211 3680 1267 Porro

2106 1290 2421 1375 imperator,
2458 1308 2581 1347 cum
2624 1295 2691 1350 de
2735 1296 2802 1353 iis
2847 1313 2970 1367 qua:
3018 1299 3187 1354 Paulo
3230 1303 3503 1370 quondam
3535 1304 3681 1357 Con-

2105 1385 2489 1454 stantinopolis
2524 1388 2787 1457 episcopo
2818 1391 3135 1445 acciderant
3159 1388 3362 1448 certior
3391 1393 3568 1468 factus
3592 1412 3680 1452 es-

2105 1480 2206 1534 set,
2243 1489 2444 1543 corpus
2482 1479 2602 1545 ejus
2649 1480 3088 1537 transferendum
3146 1487 3359 1539 curavit
3395 1496 3450 1541 et
3501 1488 3554 1540 in
3589 1502 3681 1541 ec-

2103 1563 2269 1632 clesia
2300 1567 2611 1634 sepelivit‘,
2636 1582 2797 1637 quam
2828 1558 3181 1628 Macedonius
3208 1574 3337 1643 ejus
3360 1585 3680 1644 perseeutor

2101 1653 2466 1724 aadiﬁeaverat
2490 1656 2672 1726 291.
2700 1669 2751 1713 et
2774 1675 2896 1728 qua:
2930 1662 3192 1720 hactenus
3218 1666 3391 1733 ipsius
3413 1668 3679 1721 vocabulo

2102 1744 2360 1814 insignita
2416 1755 2531 1811 est,
2580 1750 2725 1804 mdes
2768 1752 3221 1824 maximamque
3274 1757 3675 1812 illustrissima.

419 1843 664 1912 λείψανον
715 1842 978 1913 ἐκομίσθη
1040 1844 1119 1905 είς
1176 1841 1524 1910 Ἀντιόχειαν,
1581 1841 1676 1893 καὶ
1716 1840 1867 1909 παρὰ
1902 1841 1999 1908 τὴν
2101 1834 2180 1900 Qu

1911 1841 1999 1908 τὴν
2101 1834 2232 1900 Quae
2278 1836 2445 1891 causa
2475 1845 2561 1893 est
2598 1834 2654 1892 ut
2683 1839 2841 1892 multi
2878 1842 3161 1897 veritatem
3208 1844 3287 1897 rei
3335 1844 3672 1915 ignorantes,

420 1908 590 2005 θήκην
609 1908 838 1987 ρΒαϐύλα
859 1908 977 1987 τοῦ-
1002 1923 1279 2005 μάρτυρος
1322 1908 1518 2002 ἐτάφη.
1561 1908 1880 2000 Λέγεταιγδὲ
1907 1931 1994 1984 διὰ
2030 1908 2075 1965 Β
2101 1943 2164 1981 ac

1911 1931 1994 1984 διὰ
2030 1908 2075 1965 Β
2101 1943 2164 1981 ac
2208 1930 2511 1997 praesertim
2545 1930 2827 1998 mulieres,
2872 1939 2926 1986 et
2960 1908 3460 2004 quampluritnivex
3496 1938 3672 2006 plelm,

417 2026 597 2095 πάσης
648 2026 747 2095 τῆς
806 2025 1081 2095 λεωφόρου
1146 2024 1286 2079 κατὰ
1328 2023 1592 2093 βασιλέως
1643 2025 2024 2095 πρόσταγμα,,
2097 2017 2172 2072 Pa

1907 2041 2024 2091 4a,,
2097 2017 2329 2073 Pahlum
2358 2020 2671 2089 apostolum
2699 2022 2809 2077 illic
2840 2023 3118 2079 conditum
3143 2041 3266 2082 esse
3298 2029 3668 2097 suspicentur.

416 2117 567 2179 ἐντὸς
614 2116 810 2187 τειχῶν
860 2117 940 2179 είς
996 2115 1095 2179 τὰς
1126 2115 1308 2179 πόλεις
1354 2116 1714 2186 εἰσδεχθῆναι,
1760 2114 1909 2184 παρὰ
1937 2114 1997 2167 τὸ
2096 2110 2177 2166 Pe}

1937 2114 1997 2167 τὸ
2096 2110 2200 2166 Per
2251 2111 2392 2167 idem
2422 2122 2640 2182 tempus
2685 2114 2882 2171 Meletii
2930 2118 3165 2172 cadaver
3202 2119 3549 2175 Antiochiam
3580 2122 3672 2175 dc-

417 2209 799 2279 νενομισμένον
864 2208 1174 2277 Ῥωμαίοις,
1225 2208 1517 2279 ἀμοιϐαδὸν
1567 2224 1626 2259 τε
1679 2206 1783 2259 ὑπὸ
1813 2206 1994 2276 ψαλμ-
2058 2210 2178 2273 ‘p01

1911 2225 1994 2276 .p-
2058 2210 2065 2227 ‘
2096 2212 2397 2273 portatum,
2438 2213 2493 2259 et
2534 2205 2691 2274 juxta
2740 2207 2979 2262 loculum
3002 2209 3245 2281 'Babylae
3277 2214 3540 2283 martyris
3574 2214 3672 2269 dc-

412 2299 598 2369 ῳδίαις
622 2300 750 2362 *ταῖς
783 2299 841 2351 ἐν
870 2298 1257 2371 ἐκάστῳτόπῳ
1286 2297 1613 2369 τιμώμενον,
1649 2296 1753 2361 ἕως
1795 2298 1993 2351 Ἀντιο-
2035 2308 2044 2321 ’
2098 2312 2169 2366 po

1910 2315 1993 2350 ειο-
2035 2308 2044 2321 ’
2098 2296 2336 2366 positum
2365 2307 2467 2351 est.
2496 2298 2664 2353 Aiunt
2688 2314 2876 2370 porro,
2897 2291 3000 2372 per
3023 2310 3193 2357 totam
3221 2304 3363 2357 viam
3398 2306 3671 2373 publicam

414 2391 566 2460 χείας
592 2391 1027 2461 διακομισθῆναι.
2094 2392 2158 2444 et

2094 2392 2158 2444 et
2196 2388 2544 2457 imperatoris
2582 2389 2762 2458 jussu,
2790 2392 3024 2447 cadaver
3054 2392 3187 2447 illud
3218 2394 3361 2448 intra
3392 2394 3554 2449 urbes
3586 2410 3673 2449 re-

412 2494 629 2554 ceptum
682 2485 872 2547 fuisse,
921 2491 1115 2554 praeter
1148 2499 1358 2539 morem
1404 2486 1831 2553 institutumque
1875 2483 2289 2549 Romanorum;
2318 2490 2371 2538 et
2392 2484 2729 2552 psalmorum
2800 2486 3077 2555 cantibus,
3122 2503 3219 2558 per
3284 2489 3498 2559 singula
3553 2492 3671 2545 loca

412 2576 721 2633 alternatim
758 2584 1068 2647 exceptum,
1107 2575 1408 2632 honoriﬁce
1434 2577 1784 2633 Antiochiam
1818 2591 1996 2646 usque
2032 2574 2325 2631 deductum
2361 2577 2547 2633 fuisse.

996 2733 1253 2788 KEQAA.
1294 2731 1397 2786 lA’.

415 2892 554 2963 "cpi
590 2892 700 2963 τῆς
737 2896 1104 2964 χειροτονίας
1138 2896 1473 2952 Φλαϐιανοῦ
1512 2896 1616 2951 τοῦ
1649 2897 1986 2951 ἐπισκόπου

498 2968 881 3039 Ἀντιοχείας,
908 2967 1004 3019 καὶ
1041 2965 1159 3022 τῶν
1179 2970 1276 3021 ἐπὶ
1305 2971 1486 3039 ταύτῃ
1511 2969 1868 3037 συμϐάντων
1892 2968 1988 3022 διὰ

483 3038 590 3088 τὸν
618 3036 817 3103 ὅρκον.

483 3172 592 3223 Καὶ
618 3172 875 3235 Μελέτιος
903 3173 1001 3243 μὲν
1025 3176 1236 3229 τοιᾶσδε
1269 3174 1473 3245 ἠξιώθη
1511 3178 1702 3245 ταφῆς.
1731 3145 1986 3247 Χειρότο-

2729 2735 2881 2792 CAP.
2934 2736 3051 2794 x1.-

2091 2889 2525 2968 De‘crdinatione
2549 2894 2798 2949 Flaviani
2826 2898 3196 2953 Antiochensis
3228 2900 3491 2968 episcopi,
3522 2911 3570 2956 et
3601 2901 3669 2959 de

2161 2963 2245 3017 Itis
2282 2980 2397 3033 qua:
2422 2963 2636 3034 propter
2652 2968 3035 3036 jusjurandum
3061 2963 3386 3024 acciderunt.

2164 3166 2241 3219 Ac
2277 3164 2530 3220 Meletius
2574 3164 2793 3234 quidem
2842 3164 3158 3235 bujusmodi
3190 3169 3528 3238 sepulturam
3578 3179 3666 3225 est

412 3266 581 3315 νεῖται
638 3264 693 3316 δὲ
744 3265 860 3316 ἀντ’
892 3267 1055 3319 αὐτοῦ
1086 3268 1381 3329 Φλαόιανὸς
1411 3267 1559 3338 παρὰ
1589 3269 1712 3330 τοὺς
1741 3268 1989 3345 δοθέντας
2016 3284 2057 3341 c
2094 3266 2173 3307 ⁰⁰¹

1904 3286 1989 3345 τας
2016 3284 2057 3341 C
2094 3261 2447 3308 consecutus.
2476 3251 2804 3341 ’Flavianus
2851 3270 2980 3309 vero
3019 3254 3141 3325 ejus
3194 3258 3317 3312 loco
3373 3258 3665 3316 ordinatus

411 3356 625 3425 ὅρκους.
664 3356 783 3410 Ἔτι
812 3358 919 3429 γὰρ
953 3360 1221 3423 Παυλῖνος
1247 3359 1321 3429 τῷ
1353 3360 1452 3429 βίῳ
1480 3361 1694 3430 περιῆν.
1747 3362 1839 3414 Ἐκ
1865 3362 1986 3415 τοὺ-

410 3464 503 3499 του
538 3447 594 3499 δὲ
648 3449 877 3518 μεγίστη
928 3450 1090 3503 πάλιν
1150 3450 1362 3522 ταραχὴ
1392 3449 1488 3521 τὴν
1539 3451 1856 3522 ’Λντιοχέων
1892 3454 1987 3506 ὲκ-

410 3539 637 3608 κλησίαν
689 3540 918 3593 ἐπέλαϐε
945 3557 958 3570 ·
985 3542 1077 3594 καὶ
1099 3542 1340 3595 πλεῖστοι
1385 3544 1525 3610 σφᾶς
1550 3542 1851 3612 ἀπέσχισαν
1888 3542 1985 3612 τῆς

410 3631 548 3702 πρὸς
602 3631 899 3686 Φλαὸιανδν
957 3633 1262 3699 κοινωνίας,
1321 3634 1413 3686 καὶ
1459 3633 1565 3687 ὑπὸ
1600 3633 1846 3703 Παυλίνῳ
1881 3634 1985 3705 ἰδίᾳ

410 3721 786 3791 ἐκκλησίαζον.
821 3723 1141 3793 Διεφέροντο
1166 3724 1221 3776 δέ
1252 3723 1439 3807 τούτου
1473 3725 1632 3801 χάριν
1659 3723 1794 3794 πρὸς
1822 3724 1985 3805 ἁλλήτ

408 3812 533 3875 λους
555 3814 647 3866 καὶ
678 3814 829 3866 αὐτοὶ
861 3816 1044 3884 ἱερεῖς.
1078 3816 1187 3867 Καὶ
1213 3815 1499 3883 Αἰγύπτιοι
1546 3817 1662 3885 μὲν,
1692 3817 1785 3869 καὶ
1826 3816 1985 3886 ’Δρά-

408 3903 516 3958 6ιοι
546 3904 641 3958 καὶ
672 3889 924 3975 Κύπριοι,
958 3905 1031 3968 ὡς
1059 3906 1150 3958 ἐπὶ
1200 3906 1511 3981 ἠδικημένῳ
1543 3907 1791 3977 Παυλίνῳ
1815 3908 1984 3977 ἠγαν-

409 3997 629 4056 άκτουν.
687 3997 845 4067 Σύροι
901 3998 994 4057 δὲ.
1046 4000 1139 4050 καὶ
1178 3980 1523 4053 Παλαιστινοὶ
1581 3999 1673 4052 καὶ
1718 3978 2012 4063 Φοίνικεςί

421 4090 719 4161 Ἀρμενίων
772 4107 827 4142 τε
882 4093 981 4161 και
1029 4090 1410 4145 Καππαδοκῶν
1443 4091 1536 4143 καὶ
1579 4090 1853 4153 Γαλατῶν,
1888 4091 1981 4144 καλ⁸

406 4160 517 4230 τῶν
540 4179 673 4247 πρὸς
702 4175 777 4246 τῷ
811 4160 996 4248 Πόντῳ
1025 4178 1074 4230 οἱ
1108 4179 1342 4243 πλείους,
1375 4181 1441 4232 τὰ
1489 4179 1784 4233 Φλαϐιανοῧ
1816 4181 1977 4251 ἐφρό-

408 4285 551 4322 νουν.
575 4269 685 4339 Οὐχ
715 4269 916 4338 ἥκιστα
937 4269 992 4321 δὲ
1023 4270 1375 4339 ἐχαλέπαινεν
1399 4273 1426 4324 ὁ
1455 4272 1737 4341 Ῥωμαίων
1758 4272 1977 4324 ἐπίσκο-

407 4375 525 4423 πος,
547 4359 637 4411 καὶ
661 4360 855 4422 πάντες
881 4362 927 4413 oi
952 4361 1084 4431 πρὸς
1101 4361 1367 4433 Ἑσπέραν
1398 4363 1576 4433 ἱερεῖς.
1605 4364 1708 4415 Καὶ
1732 4363 1978 4434 Παυλίνῳ

410 4451 507 4517 μὲν
537 4451 612 4513 ὡς
639 4451 933 4522 ἐπισκόπῳ,
956 4453 1285 4522 Ἀντιοχείας
1312 4453 1411 4517 τὰς
1453 4455 1703 4525 συνήθεις
1741 4455 1976 4525 ἔγραφον

406 4542 712 4604 ἐπιστολὰς,
745 4543 808 4605 ἃς
838 4543 1118 4607 συνοδικὰς
1139 4544 1397 4603 καλοῦσι’
1430 4546 1564 4615 πρὸς
1592 4546 1647 4600 δὲ
1681 4547 1975 4599 Φλαδιανδν

2089 3354 2201 3408 est,
2236 3352 2425 3399 contra
2476 3344 2844 3415 jurisjurandi
2903 3348 3062 3404 ﬁdem
3084 3350 3126 3402 ².
3198 3348 3333 3404 Nam
3400 3351 3665 3408 Paulinus

2085 3436 2264 3490 adhuc
2290 3443 2572 3505 superstes
2602 3444 2743 3493 erat.
2797 3437 2915 3504 Qua
2952 3450 3018 3494 ex
3051 3455 3122 3503 re.
3143 3440 3339 3510 ingens
3367 3442 3666 3511 perturba-

2087 3529 2162 3585 tio
2194 3529 2625 3585 Antiochensem
2659 3529 2951 3588 ecclesiam
3004 3531 3205 3586 iterum
3240 3532 3534 3602 occupavit
3563 3548 3579 3588 :
3608 3542 3663 3589 ct

2084 3623 2310 3692 plurimi
2344 3637 2403 3678 se
2435 3638 2464 3677 a
2509 3623 2905 3678 communione
2964 3622 3208 3678 Flaviani
3274 3625 3660 3694 sejunxerunt,

2083 3729 2149 3769 ac
2198 3728 2451 3771 seorsum
2511 3715 2616 3770 sub
2670 3716 2907 3771 Paulino
2966 3717 3230 3772 collectas
3286 3718 3658 3775 celebrarunt.

2084 3805 2190 3861 Sed
2218 3816 2270 3862 et
2306 3806 2621 3865 sacerdotes
2651 3807 2788 3876 ipsi,
2828 3807 2998 3876 hujus
3058 3808 3137 3863 rei
3179 3824 3348 3864 causa
3405 3811 3551 3866 inter
3600 3828 3661 3868 se

2081 3899 2442 3964 dissidebant.
2483 3899 2548 3953 Et
2604 3899 2851 3972 Egyptii
2889 3901 3107 3970 quidem
3141 3918 3265 3956 cum
3302 3903 3550 3961 Arabicis
3606 3919 3661 3961 et

2080 3990 2297 4060 Cypriis
2318 4032 2331 4051 ,
2371 3988 2589 4047 Paulini
2622 3996 2886 4058 tanquam
2911 3988 3113 4058 injuria
3146 3989 3325 4044 aﬂ‘ecti
3360 3991 3530 4046 vicem
3559 3993 3658 4048 do-

2080 4083 2287 4139 lebant.
2331 4082 2454 4152 Syri
2480 4096 2610 4137 vero
2637 4092 2690 4138 et
2743 4082 3022 4138 Palmstini
3052 4098 3116 4137 ac
3152 4081 3465 4147 thnices,
3503 4092 3558 4139 et
3589 4100 3657 4140 ex

2081 4176 2376 4235 Armeniis,
2404 4171 2864 4245 Cappadodibus‘,
2899 4174 3108 4229 Galatis
3152 4189 3215 4227 ac
3257 4174 3501 4230 Ponticis
3541 4176 3656 4245 ple-

2081 4268 2262 4336 rique,
2304 4265 2549 4320 Flaviani
2577 4274 2761 4336 partes
2816 4266 3093 4321 fovebant.
3127 4266 3327 4321 Verum
3359 4269 3653 4337 episcopus

2080 4360 2362 4414 Romanus
2411 4371 2464 4414 ct
2530 4359 2728 4428 reliqui
2769 4357 3198 4412 occidentalium
3262 4359 3502 4426 partium
3561 4374 3650 4412 sa-

2079 4452 2332 4506 cerdotes
2389 4466 2497 4503 non
2577 4447 2931 4503 mediocriter
2975 4447 3419 4517 indignabantur.
3469 4446 3534 4500 Et
3581 4450 3649 4502 ad

2082 4545 2363 4598 Paulinum
2395 4543 2616 4613 quidem
2647 4552 2905 4615 tanquam
2962 4542 3282 4611 episcopum
3314 4539 3647 4604 Antiochia',

407 4631 617 4701 σιωπὴν
672 4628 825 4702 ἦγον.
860 4634 993 4686 ’Καὶ
1056 4636 1181 4697 τοὺς
1233 4636 1374 4705 ἀμφὶ
1408 4638 1668 4708 Διόδωρον
1701 4638 1790 4690 τὸν
1826 4640 1972 4709 Ταρο
2006 4616 2051 4674 D
2078 4654 2168 4693 cor

1886 4656 1972 4709 ιρι
2006 4616 2369 4693 θεοηειιοιίιε
2434 4635 2750 4691 scribebant
2812 4632 3110 4704 epistolas,
3164 4648 3301 4702 quas
3358 4632 3647 4702 synodicas

407 4718 498 4771 σοῦ
537 4719 634 4789 (4),
672 4723 764 4773 καὶ
812 4721 1063 4775 Ἀκάκιον
1112 4723 1200 4776 τὸν
1246 4726 1490 4795 Βεροίας,
1522 4727 1642 4788 τοὺς
1679 4728 1839 4780 αὑτὸν
1865 4747 1973 4797 χει-

408 4813 816 4881 ροτονήσαντας,
843 4812 897 4863 ἐν
927 4814 1074 4884 αἰτίᾳ
1103 4815 1399 4878 ἐποιοῦντο,
1453 4816 1546 4868 καὶ
1578 4818 1970 4889 ἀκοινωνὴτους
1989 4832 2006 4846 °

405 4899 567 4973 εἶχον.
600 4904 761 4956 ’Ὥστε
790 4905 845 4957 δὲ
891 4906 959 4957 τὰ
1000 4907 1127 4977 περὶ¹
1158 4906 1361 4961 τούτων
1389 4907 1699 4977 διαγνῶναι,
1727 4910 1970 4981 ἔγραψαν

476 5076 494 5108 ¹
529 5077 708 5143 Socr.,
738 5075 830 5130 lib.
855 5093 908 5144 v,
943 5091 994 5132 c.
1021 5076 1073 5132 9.
1132 5032 1166 5108 "
1192 5078 1348 5143 ibid.,
1370 5096 1418 5135 c.
1445 5079 1599 5135 9-17.

2080 4729 2376 4799 appellant.
2420 4726 2500 4779 Ad
2534 4724 2857 4779 Flavianum
2908 4739 3036 4777 vero
3086 4724 3266 4777 nullas
3298 4723 3510 4777 litteras
3539 4724 3637 4775 da-

2077 4821 2227 4874 bant.
2267 4818 2408 4885 Quin
2443 4826 2494 4871 et
2527 4816 2820 4871 Diodorum
2858 4814 3012 4869 Tarsi
3048 4822 3102 4868 et
3152 4813 3409 4868 Acacium
3444 4813 3645 4868 Bermze

2077 4913 2365 4983 episcopos
2396 4911 2488 4981 qui
2529 4911 2682 4964 illum
2737 4894 3149 4973 ordinaverant,
3201 4908 3255 4961 in
3310 4908 3518 4962 crimen
3550 4924 3643 4962 vo-

1598 5232 1867 5293 VALESII
1898 5230 2447 5293 ANNOTATIONES.

406 5390 533 5445 Scio
558 5390 803 5463 quidem“
835 5389 1140 5446 sacerdotio
1167 5393 1427 5447 adnexam
1475 5411 1595 5449 esse
1630 5403 1955 5463 potestatem

402 5464 705 5517 dimittendi
738 5461 911 5533 aliena
942 5472 1184 5530 peccata.
1234 5465 1407 5533 Atque
1438 5466 1541 5519 hoc
1589 5461 1751 5520 sensu
1782 5480 1963 5519 sacer-

403 5534 619 5605 dotium
670 5532 852 5605 vocari
908 5548 1067 5605 posse
1112 5532 1402 5604 καθάρσιον
1465 5536 1572 5586 τῶν
1638 5535 1966 5605 ἁμαρτημά-

401 5621 555 5675 των.-
583 5602 778 5656 Verum
829 5603 1009 5675 hocin
1048 5604 1168 5656 loco
1194 5602 1300 5657 non
1334 5607 1516 5675 agitur
1554 5605 1623 5659 de
1663 5602 1964 5659 alienorum

402 5672 693 5796 crirgitrum
740 5674 1077 5738 remissione,
1122 5675 1216 5729 sed
1246 5675 1312 5730 de
1338 5672 1657 5745 purgatione
1683 5678 1854 5745 ipsius
1882 5691 1969 5729 sa-

402 5759 494 5796 cer
535 5752 658 5796 ons.

402 5744 658 5797 cerdotis.

478 5814 548 5882 (4)
590 5813 879 5880 Διόδωρον
902 5814 1006 5867 τὸν
1031 5813 1285 5883 Ταρσοῦ.
1336 5814 1451 5869 Non
1501 5816 1793 5871 Diodorum
1847 5823 1966 5869 tan-

406 5892 515 5938 tum
553 5891 606 5939 et
634 5883 888 5939 Acacium
934 5885 1173 5956 episcopi
1206 5886 1567 5944 occidentales
1602 5886 1967 5943 criminaban-

2067 5402 2174 5457 tur,
2196 5393 2338 5463 quod
2365 5392 2687 5449 Flavianum
2714 5392 3008 5459 superstite
3026 5387 3634 5463 Paulinoordinarant;

2079 5461 2267 5517 veruin
2300 5467 2462 5518 etiam
2489 5464 2799 5517 Nectarium
2822 5461 3487 5529 Constantinopolitanutn
3524 5462 3638 5528 cpi-

2070 5550 2293 5602 scopum
2312 5536 2430 5603 ejus
2460 5536 2535 5587 rei
2555 5549 2717 5588 causa
2751 5533 3163 5595 insimulabant,
3196 5530 3338 5599 quod
3361 5530 3479 5603 ejus
3509 5544 3639 5583 con-

2072 5600 2237 5657 sensu
2262 5600 2583 5658 act-cnsilio
2611 5604 2886 5657 ordinatio
2942 5604 3029 5655 illa
3069 5603 3208 5655 facta
3257 5615 3380 5655 esse
3427 5600 3636 5653 dicere-

2072 5683 2178 5726 tur.
2211 5675 2396 5743 Itaque
2421 5675 2803 5729 Occidentales
2836 5674 3008 5742 ipsius
3052 5671 3291 5743 Nectarii
3334 5669 3638 5743 ordinatio-

2074 5760 2194 5797 nem
2222 5741 2482 5813 tanquam
2510 5747 2642 5799 vitio
2690 5741 2890 5798 factam
2922 5742 3411 5812 reprehendebant,
3452 5747 3510 5793 nt
3557 5741 3638 5792 vi-

2074 5816 2200 5867 alere
2234 5812 2404 5869 estin
2432 5816 2667 5886 epistola
2706 5814 2928 5872 concilii
2958 5813 3125 5869 Italia:
3154 5812 3218 5867 ad
3251 5814 3635 5881 imperatorem

2073 5883 2459 5937 Theodosium.

2120 5886 2459 5942 heodosium.
