  <div class='ocr_page' id='page_1' title='image "/cluster/home/n/w/nwhite01/storage/ocr_20150623/67/pst.000009865921/786.png"; bbox 0 0 4460 6634; ppageno 0'>
   <div class='ocr_carea' id='block_1_1' title="bbox 457 476 594 531">
    <p class='ocr_par' dir='ltr' id='par_1_1' title="bbox 457 476 594 531">
     <span class='ocr_line' id='line_1_1' title="bbox 457 476 594 531; baseline -0.007 -2"><span class='ocrx_word' id='word_1_1' title='bbox 457 476 594 531; x_wconf 62' lang='grc' dir='ltr'><strong>Νηίῦ</strong></span> 
     </span>
    </p>
   </div>
   <div class='ocr_carea' id='block_1_2' title="bbox 1400 459 2718 520">
    <p class='ocr_par' dir='ltr' id='par_1_2' title="bbox 1400 459 2718 520">
     <span class='ocr_line' id='line_1_2' title="bbox 1400 459 2718 520; baseline 0 0"><span class='ocrx_word' id='word_1_2' title='bbox 1400 461 1717 520; x_wconf 72' lang='lat' dir='ltr'><strong>HISTORIA</strong></span> <span class='ocrx_word' id='word_1_3' title='bbox 1748 459 2395 517; x_wconf 56' lang='lat' dir='ltr'><strong>lStICLESIASiIt’Z;\..-</strong></span> <span class='ocrx_word' id='word_1_4' title='bbox 2439 466 2562 520; x_wconf 82' lang='lat' dir='ltr'>LIB.</span> <span class='ocrx_word' id='word_1_5' title='bbox 2607 466 2718 520; x_wconf 72' lang='lat' dir='ltr'>VII.</span> 
     </span>
    </p>
   </div>
   <div class='ocr_carea' id='block_1_3' title="bbox 3553 471 3687 527">
    <p class='ocr_par' dir='ltr' id='par_1_3' title="bbox 3553 471 3687 527">
     <span class='ocr_line' id='line_1_3' title="bbox 3553 471 3687 527; baseline 0.03 -3"><span class='ocrx_word' id='word_1_6' title='bbox 3553 471 3687 527; x_wconf 64' lang='lat'><strong>1346</strong></span> 
     </span>
    </p>
   </div>
   <div class='ocr_carea' id='block_1_4' title="bbox 455 581 2216 662">
    <p class='ocr_par' dir='ltr' id='par_1_4' title="bbox 455 582 2216 662">
     <span class='ocr_line' id='line_1_4' title="bbox 455 582 2216 662; baseline -0.008 -16"><span class='ocrx_word' id='word_1_7' title='bbox 455 594 765 662; x_wconf 72' lang='grc' dir='ltr'><strong>διαιρέσεως</strong></span> <span class='ocrx_word' id='word_1_8' title='bbox 792 592 888 658; x_wconf 78' lang='grc' dir='ltr'><strong>τῆς</strong></span> <span class='ocrx_word' id='word_1_9' title='bbox 934 589 1276 658; x_wconf 75' lang='grc' dir='ltr'>Ἔκκλησίας,</span> <span class='ocrx_word' id='word_1_10' title='bbox 1317 586 1642 653; x_wconf 59' lang='grc' dir='ltr'>καθηγητὰς</span> <span class='ocrx_word' id='word_1_11' title='bbox 1665 583 1756 636; x_wconf 62' lang='grc' dir='ltr'><strong>καὶ</strong></span> <span class='ocrx_word' id='word_1_12' title='bbox 1780 582 2030 633; x_wconf 71' lang='grc' dir='ltr'>διδασκέι-</span> <span class='ocrx_word' id='word_1_13' title='bbox 2066 589 2100 636; x_wconf 71' lang='grc' dir='ltr'><strong>Α</strong></span> <span class='ocrx_word' id='word_1_14' title='bbox 2137 596 2216 632; x_wconf 73' lang='lat' dir='ltr'><strong>rec</strong></span> 
     </span>
    </p>
   </div>
   <div class='ocr_carea' id='block_1_5' title="bbox 1927 581 3688 662">
    <p class='ocr_par' dir='ltr' id='par_1_5' title="bbox 1927 581 3688 659">
     <span class='ocr_line' id='line_1_5' title="bbox 1927 581 3688 659; baseline 0.009 -29"><span class='ocrx_word' id='word_1_15' title='bbox 1927 582 2030 631; x_wconf 70' lang='grc' dir='ltr'>’κέισ</span> <span class='ocrx_word' id='word_1_16' title='bbox 2066 589 2100 636; x_wconf 73' lang='grc' dir='ltr'><strong>Α</strong></span> <span class='ocrx_word' id='word_1_17' title='bbox 2137 583 2440 637; x_wconf 78' lang='lat' dir='ltr'><strong>rectissime</strong></span> <span class='ocrx_word' id='word_1_18' title='bbox 2478 585 2764 638; x_wconf 85' lang='lat' dir='ltr'><strong>consulere</strong></span> <span class='ocrx_word' id='word_1_19' title='bbox 2786 581 3186 646; x_wconf 26' lang='lat' dir='ltr'><strong>visns,.auctor</strong></span> <span class='ocrx_word' id='word_1_20' title='bbox 3230 585 3330 640; x_wconf 85' lang='lat' dir='ltr'><strong>fuit</strong></span> <span class='ocrx_word' id='word_1_21' title='bbox 3354 596 3410 642; x_wconf 89' lang='lat' dir='ltr'><strong>ut</strong></span> <span class='ocrx_word' id='word_1_22' title='bbox 3443 587 3688 659; x_wconf 80' lang='lat' dir='ltr'><strong>fugerent</strong></span> 
     </span>
    </p>
   </div>
   <div class='ocr_carea' id='block_1_6' title="bbox 459 673 2023 753">
    <p class='ocr_par' dir='ltr' id='par_1_6' title="bbox 459 673 2023 753">
     <span class='ocr_line' id='line_1_6' title="bbox 459 673 2023 753; baseline -0.01 -17"><span class='ocrx_word' id='word_1_23' title='bbox 459 689 581 747; x_wconf 81' lang='grc' dir='ltr'>λους</span> <span class='ocrx_word' id='word_1_24' title='bbox 601 686 706 737; x_wconf 80' lang='grc' dir='ltr'><strong>τῶν</strong></span> <span class='ocrx_word' id='word_1_25' title='bbox 728 682 887 753; x_wconf 81' lang='grc' dir='ltr'>ἱερῶν</span> <span class='ocrx_word' id='word_1_26' title='bbox 903 683 1088 749; x_wconf 82' lang='grc' dir='ltr'>Λόγων</span> <span class='ocrx_word' id='word_1_27' title='bbox 1115 681 1454 748; x_wconf 84' lang='grc' dir='ltr'>γενομένους.</span> <span class='ocrx_word' id='word_1_28' title='bbox 1485 679 1544 729; x_wconf 70' lang='lat' dir='ltr'><strong>lii</strong></span> <span class='ocrx_word' id='word_1_29' title='bbox 1571 673 1788 746; x_wconf 75' lang='grc' dir='ltr'>μὲνγὰρ</span> <span class='ocrx_word' id='word_1_30' title='bbox 1803 675 2023 735; x_wconf 71' lang='grc' dir='ltr'>τούτων,</span> 
     </span>
    </p>
   </div>
   <div class='ocr_carea' id='block_1_7' title="bbox 459 765 2025 846">
    <p class='ocr_par' dir='ltr' id='par_1_7' title="bbox 459 765 2025 846">
     <span class='ocr_line' id='line_1_7' title="bbox 459 765 2025 846; baseline -0.011 -16"><span class='ocrx_word' id='word_1_31' title='bbox 459 779 584 846; x_wconf 77' lang='grc' dir='ltr'>ἔφη,</span> <span class='ocrx_word' id='word_1_32' title='bbox 620 777 716 838; x_wconf 82' lang='grc' dir='ltr'>τὰς</span> <span class='ocrx_word' id='word_1_33' title='bbox 780 774 1082 845; x_wconf 77' lang='grc' dir='ltr'><strong>μαρτυρίας</strong></span> <span class='ocrx_word' id='word_1_34' title='bbox 1133 771 1499 826; x_wconf 79' lang='grc' dir='ltr'>ἀποϐάλωσιν,</span> <span class='ocrx_word' id='word_1_35' title='bbox 1533 766 1635 820; x_wconf 79' lang='grc' dir='ltr'><strong>ὑπὸ</strong></span> <span class='ocrx_word' id='word_1_36' title='bbox 1679 765 1784 819; x_wconf 81' lang='grc' dir='ltr'><strong>τῶν</strong></span> <span class='ocrx_word' id='word_1_37' title='bbox 1811 766 2025 816; x_wconf 74' lang='grc' dir='ltr'>οἱκεὲιυν</span> 
     </span>
    </p>
   </div>
   <div class='ocr_carea' id='block_1_8' title="bbox 459 854 2026 936">
    <p class='ocr_par' dir='ltr' id='par_1_8' title="bbox 459 854 2026 936">
     <span class='ocr_line' id='line_1_8' title="bbox 459 854 2026 936; baseline -0.012 -14"><span class='ocrx_word' id='word_1_38' title='bbox 459 869 891 936; x_wconf 79' lang='grc' dir='ltr'>ἐξελαθήσονται.</span> <span class='ocrx_word' id='word_1_39' title='bbox 931 865 994 917; x_wconf 74' lang='grc' dir='ltr'><strong>Εἰ</strong></span> <span class='ocrx_word' id='word_1_40' title='bbox 1026 865 1082 916; x_wconf 84' lang='grc' dir='ltr'>δὲ</span> <span class='ocrx_word' id='word_1_41' title='bbox 1131 863 1345 922; x_wconf 85' lang='grc' dir='ltr'>ἱκανοὺς</span> <span class='ocrx_word' id='word_1_42' title='bbox 1375 861 1452 921; x_wconf 75' lang='grc' dir='ltr'>εἰς</span> <span class='ocrx_word' id='word_1_43' title='bbox 1485 857 1752 922; x_wconf 81' lang='grc' dir='ltr'>ἀπόδειξιν</span> <span class='ocrx_word' id='word_1_44' title='bbox 1779 856 1887 906; x_wconf 84' lang='grc' dir='ltr'><strong>τῶν</strong></span> <span class='ocrx_word' id='word_1_45' title='bbox 1921 854 2026 920; x_wconf 78' lang='grc' dir='ltr'><strong>ἀμ-</strong></span> 
     </span>
    </p>
   </div>
   <div class='ocr_carea' id='block_1_9' title="bbox 459 944 2025 1029">
    <p class='ocr_par' dir='ltr' id='par_1_9' title="bbox 459 944 2025 1029">
     <span class='ocr_line' id='line_1_9' title="bbox 459 944 2025 1029; baseline -0.012 -16"><span class='ocrx_word' id='word_1_46' title='bbox 459 960 691 1029; x_wconf 77' lang='grc' dir='ltr'>φιϐόλων</span> <span class='ocrx_word' id='word_1_47' title='bbox 727 960 1046 1027; x_wconf 77' lang='grc' dir='ltr'>ἡγήσονται,</span> <span class='ocrx_word' id='word_1_48' title='bbox 1099 950 1453 1025; x_wconf 80' lang='grc' dir='ltr'>προΐσχεσθαι</span> <span class='ocrx_word' id='word_1_49' title='bbox 1503 949 1580 1002; x_wconf 86' lang='grc' dir='ltr'><strong>δεῖ</strong></span> <span class='ocrx_word' id='word_1_50' title='bbox 1618 949 1712 1009; x_wconf 77' lang='grc' dir='ltr'><strong>τὰς</strong></span> <span class='ocrx_word' id='word_1_51' title='bbox 1744 947 1919 999; x_wconf 78' lang='grc' dir='ltr'>αὐτῶν</span> <span class='ocrx_word' id='word_1_52' title='bbox 1948 944 2025 1012; x_wconf 64' lang='grc' dir='ltr'><strong>βίη</strong></span> 
     </span>
    </p>
   </div>
   <div class='ocr_carea' id='block_1_10' title="bbox 459 1033 2024 1119">
    <p class='ocr_par' dir='ltr' id='par_1_10' title="bbox 459 1033 2024 1119">
     <span class='ocr_line' id='line_1_10' title="bbox 459 1033 2024 1119; baseline -0.013 -14"><span class='ocrx_word' id='word_1_53' title='bbox 459 1051 636 1114; x_wconf 78' lang='grc' dir='ltr'>ὅλους.</span> <span class='ocrx_word' id='word_1_54' title='bbox 668 1045 739 1104; x_wconf 83' lang='grc' dir='ltr'><strong>Εὖ</strong></span> <span class='ocrx_word' id='word_1_55' title='bbox 769 1049 875 1119; x_wconf 74' lang='grc' dir='ltr'>γὰρ</span> <span class='ocrx_word' id='word_1_56' title='bbox 895 1047 1031 1118; x_wconf 81' lang='grc' dir='ltr'>ᾔδει,</span> <span class='ocrx_word' id='word_1_57' title='bbox 1056 1033 1131 1110; x_wconf 69' lang='grc' dir='ltr'>ὡς</span> <span class='ocrx_word' id='word_1_58' title='bbox 1153 1047 1201 1098; x_wconf 91' lang='grc' dir='ltr'>οἱ</span> <span class='ocrx_word' id='word_1_59' title='bbox 1222 1045 1440 1097; x_wconf 85' lang='grc' dir='ltr'>παλαιοὶ</span> <span class='ocrx_word' id='word_1_60' title='bbox 1467 1041 1732 1093; x_wconf 81' lang='grc' dir='ltr'>συναΐδιον</span> <span class='ocrx_word' id='word_1_61' title='bbox 1752 1039 1828 1106; x_wconf 77' lang='grc' dir='ltr'>τῷ</span> <span class='ocrx_word' id='word_1_62' title='bbox 1853 1037 2024 1106; x_wconf 69' lang='grc' dir='ltr'>Πατρὶ</span> 
     </span>
    </p>
   </div>
   <div class='ocr_carea' id='block_1_11' title="bbox 459 1129 2026 1210">
    <p class='ocr_par' dir='ltr' id='par_1_11' title="bbox 459 1129 2026 1210">
     <span class='ocr_line' id='line_1_11' title="bbox 459 1129 2026 1210; baseline -0.013 -13"><span class='ocrx_word' id='word_1_63' title='bbox 459 1144 547 1197; x_wconf 82' lang='grc' dir='ltr'><strong>τὸν</strong></span> <span class='ocrx_word' id='word_1_64' title='bbox 595 1143 723 1196; x_wconf 74' lang='grc' dir='ltr'>Υῐδν</span> <span class='ocrx_word' id='word_1_65' title='bbox 791 1142 1060 1210; x_wconf 83' lang='grc' dir='ltr'><strong>εὑρόντες,</strong></span> <span class='ocrx_word' id='word_1_66' title='bbox 1113 1141 1211 1191; x_wconf 84' lang='grc' dir='ltr'><strong>οὑκ</strong></span> <span class='ocrx_word' id='word_1_67' title='bbox 1254 1137 1557 1206; x_wconf 77' lang='grc' dir='ltr'>ἐτόλμησαν</span> <span class='ocrx_word' id='word_1_68' title='bbox 1586 1133 1756 1184; x_wconf 83' lang='grc' dir='ltr'>εἰπεῖν</span> <span class='ocrx_word' id='word_1_69' title='bbox 1790 1129 1850 1180; x_wconf 79' lang='grc' dir='ltr'><strong>ἐκ</strong></span> <span class='ocrx_word' id='word_1_70' title='bbox 1883 1144 2026 1189; x_wconf 84' lang='grc' dir='ltr'>τινος</span> 
     </span>
    </p>
   </div>
   <div class='ocr_carea' id='block_1_12' title="bbox 459 1218 2024 1309">
    <p class='ocr_par' dir='ltr' id='par_1_12' title="bbox 459 1218 2024 1309">
     <span class='ocr_line' id='line_1_12' title="bbox 459 1218 2024 1309; baseline -0.009 -26"><span class='ocrx_word' id='word_1_71' title='bbox 459 1238 636 1309; x_wconf 79' lang='grc' dir='ltr'>ἀρχῆς</span> <span class='ocrx_word' id='word_1_72' title='bbox 667 1234 763 1304; x_wconf 83' lang='grc' dir='ltr'><strong>τὴν</strong></span> <span class='ocrx_word' id='word_1_73' title='bbox 795 1233 1005 1299; x_wconf 82' lang='grc' dir='ltr'>γένεσιν</span> <span class='ocrx_word' id='word_1_74' title='bbox 1044 1231 1204 1284; x_wconf 76' lang='grc' dir='ltr'>αὐτὸν</span> <span class='ocrx_word' id='word_1_75' title='bbox 1239 1228 1402 1298; x_wconf 76' lang='grc' dir='ltr'>ἔχειν.</span> <span class='ocrx_word' id='word_1_76' title='bbox 1432 1225 1584 1278; x_wconf 77' lang='grc' dir='ltr'>Ἐπεὶ</span> <span class='ocrx_word' id='word_1_77' title='bbox 1608 1223 1661 1275; x_wconf 83' lang='grc' dir='ltr'><strong>δέ</strong></span> <span class='ocrx_word' id='word_1_78' title='bbox 1689 1221 1812 1275; x_wconf 84' lang='grc' dir='ltr'>τάδε</span> <span class='ocrx_word' id='word_1_79' title='bbox 1845 1218 2024 1280; x_wconf 79' lang='grc' dir='ltr'>καλῶς</span> 
     </span>
    </p>
   </div>
   <div class='ocr_carea' id='block_1_13' title="bbox 460 1312 2023 1396">
    <p class='ocr_par' dir='ltr' id='par_1_13' title="bbox 460 1312 2023 1396">
     <span class='ocr_line' id='line_1_13' title="bbox 460 1312 2023 1396; baseline -0.011 -19"><span class='ocrx_word' id='word_1_80' title='bbox 460 1328 601 1396; x_wconf 75' lang='grc' dir='ltr'>ἔχειν</span> <span class='ocrx_word' id='word_1_81' title='bbox 641 1327 734 1376; x_wconf 72' lang='grc' dir='ltr'><strong>καὶ</strong></span> <span class='ocrx_word' id='word_1_82' title='bbox 785 1324 1069 1390; x_wconf 83' lang='grc' dir='ltr'>Νεκταρίῳ</span> <span class='ocrx_word' id='word_1_83' title='bbox 1110 1320 1401 1385; x_wconf 71' lang='grc' dir='ltr'><strong>συνεδόκει,</strong></span> <span class='ocrx_word' id='word_1_84' title='bbox 1438 1315 1624 1387; x_wconf 86' lang='grc' dir='ltr'>μαθὼν</span> <span class='ocrx_word' id='word_1_85' title='bbox 1668 1315 1723 1365; x_wconf 81' lang='grc' dir='ltr'><strong>δὲ</strong></span> <span class='ocrx_word' id='word_1_86' title='bbox 1748 1313 1841 1364; x_wconf 82' lang='grc' dir='ltr'><strong>καὶ</strong></span> <span class='ocrx_word' id='word_1_87' title='bbox 1872 1312 2023 1379; x_wconf 84' lang='grc' dir='ltr'>βασι-</span> 
     </span>
    </p>
   </div>
   <div class='ocr_carea' id='block_1_14' title="bbox 459 1402 2023 1483">
    <p class='ocr_par' dir='ltr' id='par_1_14' title="bbox 459 1402 2023 1483">
     <span class='ocr_line' id='line_1_14' title="bbox 459 1402 2023 1483; baseline -0.011 -15"><span class='ocrx_word' id='word_1_88' title='bbox 459 1418 600 1479; x_wconf 75' lang='grc' dir='ltr'>λεὺς,</span> <span class='ocrx_word' id='word_1_89' title='bbox 646 1415 871 1483; x_wconf 82' lang='grc' dir='ltr'>ἐπῄνεσε</span> <span class='ocrx_word' id='word_1_90' title='bbox 907 1415 1005 1481; x_wconf 83' lang='grc' dir='ltr'>τὴν</span> <span class='ocrx_word' id='word_1_91' title='bbox 1031 1413 1242 1482; x_wconf 69' lang='grc' dir='ltr'>βουλὴν,</span> <span class='ocrx_word' id='word_1_92' title='bbox 1271 1410 1607 1477; x_wconf 74' lang='grc' dir='ltr'>ἀπεπειρᾶτο</span> <span class='ocrx_word' id='word_1_93' title='bbox 1640 1405 1747 1459; x_wconf 82' lang='grc' dir='ltr'>τῶν</span> <span class='ocrx_word' id='word_1_94' title='bbox 1773 1403 1880 1456; x_wconf 77' lang='grc' dir='ltr'><strong>ἀπὸ</strong></span> <span class='ocrx_word' id='word_1_95' title='bbox 1915 1402 2023 1453; x_wconf 86' lang='grc' dir='ltr'><strong>τῶν</strong></span> 
     </span>
    </p>
   </div>
   <div class='ocr_carea' id='block_1_15' title="bbox 459 1492 2024 1572">
    <p class='ocr_par' dir='ltr' id='par_1_15' title="bbox 459 1492 2024 1572">
     <span class='ocr_line' id='line_1_15' title="bbox 459 1492 2024 1572; baseline -0.012 -12"><span class='ocrx_word' id='word_1_96' title='bbox 459 1508 632 1560; x_wconf 78' lang='grc' dir='ltr'>ἄλλων</span> <span class='ocrx_word' id='word_1_97' title='bbox 661 1506 940 1572; x_wconf 77' lang='grc' dir='ltr'><strong>αἱρέσεων,</strong></span> <span class='ocrx_word' id='word_1_98' title='bbox 977 1503 1122 1563; x_wconf 84' lang='grc' dir='ltr'>ὅπως</span> <span class='ocrx_word' id='word_1_99' title='bbox 1159 1501 1341 1569; x_wconf 78' lang='grc' dir='ltr'>έχουσι</span> <span class='ocrx_word' id='word_1_100' title='bbox 1388 1499 1611 1566; x_wconf 70' lang='grc' dir='ltr'>γνώμης</span> <span class='ocrx_word' id='word_1_101' title='bbox 1643 1495 1768 1566; x_wconf 70' lang='grc' dir='ltr'>περὶ</span> <span class='ocrx_word' id='word_1_102' title='bbox 1799 1495 1896 1554; x_wconf 70' lang='grc' dir='ltr'><strong>τὰς</strong></span> <span class='ocrx_word' id='word_1_103' title='bbox 1917 1492 2024 1543; x_wconf 82' lang='grc' dir='ltr'><strong>τῶν</strong></span> 
     </span>
    </p>
   </div>
   <div class='ocr_carea' id='block_1_16' title="bbox 460 1584 2019 1661">
    <p class='ocr_par' dir='ltr' id='par_1_16' title="bbox 460 1584 2019 1661">
     <span class='ocr_line' id='line_1_16' title="bbox 460 1584 2019 1661; baseline -0.012 -12"><span class='ocrx_word' id='word_1_104' title='bbox 460 1595 828 1660; x_wconf 81' lang='grc' dir='ltr'><strong>παλαιοτέρων</strong></span> <span class='ocrx_word' id='word_1_105' title='bbox 857 1593 1160 1661; x_wconf 83' lang='grc' dir='ltr'>ἐξηγήσεις.</span> <span class='ocrx_word' id='word_1_106' title='bbox 1194 1591 1312 1643; x_wconf 84' lang='grc' dir='ltr'>Τῶν</span> <span class='ocrx_word' id='word_1_107' title='bbox 1339 1591 1395 1641; x_wconf 78' lang='grc' dir='ltr'>δὲ</span> <span class='ocrx_word' id='word_1_108' title='bbox 1426 1589 1567 1654; x_wconf 87' lang='grc' dir='ltr'>μάλα</span> <span class='ocrx_word' id='word_1_109' title='bbox 1602 1584 2019 1652; x_wconf 80' lang='grc' dir='ltr'>θαυμασάντων,</span> 
     </span>
    </p>
   </div>
   <div class='ocr_carea' id='block_1_17' title="bbox 459 1670 2025 1752">
    <p class='ocr_par' dir='ltr' id='par_1_17' title="bbox 459 1670 2025 1752">
     <span class='ocr_line' id='line_1_17' title="bbox 459 1670 2025 1752; baseline -0.013 -14"><span class='ocrx_word' id='word_1_110' title='bbox 459 1684 757 1752; x_wconf 78' lang='grc' dir='ltr'>ἀναφανδὸν</span> <span class='ocrx_word' id='word_1_111' title='bbox 803 1683 1088 1752; x_wconf 80' lang='grc' dir='ltr'>ἐδήλωσεν,</span> <span class='ocrx_word' id='word_1_112' title='bbox 1128 1682 1175 1731; x_wconf 86' lang='grc' dir='ltr'>εἰ</span> <span class='ocrx_word' id='word_1_113' title='bbox 1227 1680 1318 1731; x_wconf 67' lang='grc' dir='ltr'>ἐπὶ</span> <span class='ocrx_word' id='word_1_114' title='bbox 1358 1681 1470 1738; x_wconf 82' lang='grc' dir='ltr'>τοῖς</span> <span class='ocrx_word' id='word_1_115' title='bbox 1507 1675 1815 1746; x_wconf 81' lang='grc' dir='ltr'><strong>εἰρημένοις</strong></span> <span class='ocrx_word' id='word_1_116' title='bbox 1843 1670 2025 1727; x_wconf 79' lang='grc' dir='ltr'>αὐτοῖς</span> 
     </span>
    </p>
   </div>
   <div class='ocr_carea' id='block_1_18' title="bbox 459 1760 2022 1840">
    <p class='ocr_par' dir='ltr' id='par_1_18' title="bbox 459 1760 2022 1840">
     <span class='ocr_line' id='line_1_18' title="bbox 459 1760 2022 1840; baseline -0.013 -11"><span class='ocrx_word' id='word_1_117' title='bbox 459 1776 866 1829; x_wconf 82' lang='grc' dir='ltr'>καταπαύσουσι</span> <span class='ocrx_word' id='word_1_118' title='bbox 896 1773 990 1834; x_wconf 85' lang='grc' dir='ltr'>τὰς</span> <span class='ocrx_word' id='word_1_119' title='bbox 1018 1772 1288 1840; x_wconf 80' lang='grc' dir='ltr'>ζητήσεις,</span> <span class='ocrx_word' id='word_1_120' title='bbox 1325 1770 1416 1822; x_wconf 79' lang='grc' dir='ltr'><strong>καὶ</strong></span> <span class='ocrx_word' id='word_1_121' title='bbox 1431 1767 1736 1836; x_wconf 80' lang='grc' dir='ltr'>ἀξιοχρέους</span> <span class='ocrx_word' id='word_1_122' title='bbox 1768 1760 2022 1830; x_wconf 81' lang='grc' dir='ltr'>ἡγοῦνται</span> 
     </span>
    </p>
   </div>
   <div class='ocr_carea' id='block_1_19' title="bbox 462 1848 2022 1937">
    <p class='ocr_par' dir='ltr' id='par_1_19' title="bbox 462 1848 2022 1937">
     <span class='ocr_line' id='line_1_19' title="bbox 462 1848 2022 1937; baseline -0.014 -18"><span class='ocrx_word' id='word_1_123' title='bbox 462 1868 739 1937; x_wconf 72' lang='grc' dir='ltr'>μάρτυρας</span> <span class='ocrx_word' id='word_1_124' title='bbox 765 1863 857 1915; x_wconf 83' lang='grc' dir='ltr'>τοῦ</span> <span class='ocrx_word' id='word_1_125' title='bbox 883 1864 1167 1932; x_wconf 86' lang='grc' dir='ltr'>δόγματος.</span> <span class='ocrx_word' id='word_1_126' title='bbox 1215 1859 1486 1928; x_wconf 84' lang='grc' dir='ltr'>Διχονοίας</span> <span class='ocrx_word' id='word_1_127' title='bbox 1514 1857 1570 1908; x_wconf 79' lang='grc' dir='ltr'>δὲ</span> <span class='ocrx_word' id='word_1_128' title='bbox 1595 1855 1688 1907; x_wconf 76' lang='grc' dir='ltr'><strong>καὶ</strong></span> <span class='ocrx_word' id='word_1_129' title='bbox 1716 1853 1841 1920; x_wconf 72' lang='grc' dir='ltr'>περὶ</span> <span class='ocrx_word' id='word_1_130' title='bbox 1869 1848 2022 1901; x_wconf 73' lang='grc' dir='ltr'>τοῦτο</span> 
     </span>
    </p>
   </div>
   <div class='ocr_carea' id='block_1_20' title="bbox 461 1941 2018 2027">
    <p class='ocr_par' dir='ltr' id='par_1_20' title="bbox 461 1941 2018 2027">
     <span class='ocr_line' id='line_1_20' title="bbox 461 1941 2018 2027; baseline -0.012 -16"><span class='ocrx_word' id='word_1_131' title='bbox 461 1958 743 2027; x_wconf 78' lang='grc' dir='ltr'>συμϐάσης</span> <span class='ocrx_word' id='word_1_132' title='bbox 803 1959 916 2017; x_wconf 86' lang='grc' dir='ltr'>τοῖς</span> <span class='ocrx_word' id='word_1_133' title='bbox 955 1953 1257 2023; x_wconf 82' lang='grc' dir='ltr'>προεστῶσι</span> <span class='ocrx_word' id='word_1_134' title='bbox 1300 1952 1409 2002; x_wconf 82' lang='grc' dir='ltr'>τῶν</span> <span class='ocrx_word' id='word_1_135' title='bbox 1456 1948 1737 2016; x_wconf 77' lang='grc' dir='ltr'>αἱρέσεων,</span> <span class='ocrx_word' id='word_1_136' title='bbox 1769 1941 2018 1996; x_wconf 57' lang='lat' dir='ltr'><strong>circa-315.</strong></span> 
     </span>
    </p>
   </div>
   <div class='ocr_carea' id='block_1_21' title="bbox 458 2037 2019 2120">
    <p class='ocr_par' dir='ltr' id='par_1_21' title="bbox 458 2037 2019 2120">
     <span class='ocr_line' id='line_1_21' title="bbox 458 2037 2019 2120; baseline -0.013 -17"><span class='ocrx_word' id='word_1_137' title='bbox 458 2052 564 2120; x_wconf 84' lang='grc' dir='ltr'>γὰρ</span> <span class='ocrx_word' id='word_1_138' title='bbox 619 2051 837 2102; x_wconf 83' lang='grc' dir='ltr'>ἐκαστοι</span> <span class='ocrx_word' id='word_1_139' title='bbox 903 2047 1031 2117; x_wconf 73' lang='grc' dir='ltr'>περὶ</span> <span class='ocrx_word' id='word_1_140' title='bbox 1085 2045 1183 2107; x_wconf 82' lang='grc' dir='ltr'>τὰς</span> <span class='ocrx_word' id='word_1_141' title='bbox 1218 2045 1326 2096; x_wconf 78' lang='grc' dir='ltr'>τῶν</span> <span class='ocrx_word' id='word_1_142' title='bbox 1353 2040 1717 2110; x_wconf 79' lang='grc' dir='ltr'>ἀρχαιοτέρων</span> <span class='ocrx_word' id='word_1_143' title='bbox 1764 2037 2019 2105; x_wconf 67' lang='grc' dir='ltr'>ἐφρόνουν</span> 
     </span>
    </p>
   </div>
   <div class='ocr_carea' id='block_1_22' title="bbox 463 2127 2020 2209">
    <p class='ocr_par' dir='ltr' id='par_1_22' title="bbox 463 2127 2020 2209">
     <span class='ocr_line' id='line_1_22' title="bbox 463 2127 2020 2209; baseline -0.012 -17"><span class='ocrx_word' id='word_1_144' title='bbox 463 2141 670 2209; x_wconf 77' lang='grc' dir='ltr'>βίϐλους</span> <span class='ocrx_word' id='word_1_145' title='bbox 693 2157 705 2169; x_wconf 74' lang='grc' dir='ltr'><strong>ο</strong></span> <span class='ocrx_word' id='word_1_146' title='bbox 731 2140 870 2207; x_wconf 80' lang='grc' dir='ltr'>ἔγνω</span> <span class='ocrx_word' id='word_1_147' title='bbox 894 2142 920 2191; x_wconf 85' lang='grc' dir='ltr'><strong>ό</strong></span> <span class='ocrx_word' id='word_1_148' title='bbox 940 2137 1204 2206; x_wconf 83' lang='grc' dir='ltr'>βασιλεὺς,</span> <span class='ocrx_word' id='word_1_149' title='bbox 1223 2134 1297 2196; x_wconf 85' lang='grc' dir='ltr'>ὼς</span> <span class='ocrx_word' id='word_1_150' title='bbox 1318 2133 1579 2196; x_wconf 77' lang='grc' dir='ltr'>διαλέξεσι</span> <span class='ocrx_word' id='word_1_151' title='bbox 1602 2132 1786 2199; x_wconf 82' lang='grc' dir='ltr'>μόναις</span> <span class='ocrx_word' id='word_1_152' title='bbox 1809 2127 2020 2178; x_wconf 76' lang='grc' dir='ltr'>οἰκείων</span> 
     </span>
    </p>
   </div>
   <div class='ocr_carea' id='block_1_23' title="bbox 459 2219 2020 2298">
    <p class='ocr_par' dir='ltr' id='par_1_23' title="bbox 459 2219 2020 2298">
     <span class='ocr_line' id='line_1_23' title="bbox 459 2219 2020 2298; baseline -0.009 -14"><span class='ocrx_word' id='word_1_153' title='bbox 459 2235 631 2298; x_wconf 77' lang='grc' dir='ltr'>λόγων</span> <span class='ocrx_word' id='word_1_154' title='bbox 683 2229 1021 2292; x_wconf 78' lang='grc' dir='ltr'>πεποιθότες,</span> <span class='ocrx_word' id='word_1_155' title='bbox 1083 2228 1418 2298; x_wconf 80' lang='grc' dir='ltr'>παρῃτοῦντο</span> <span class='ocrx_word' id='word_1_156' title='bbox 1466 2226 1564 2292; x_wconf 81' lang='grc' dir='ltr'><strong>τὴν</strong></span> <span class='ocrx_word' id='word_1_157' title='bbox 1597 2226 1879 2292; x_wconf 81' lang='grc' dir='ltr'>πρότασιν.</span> <span class='ocrx_word' id='word_1_158' title='bbox 1913 2219 2020 2271; x_wconf 72' lang='grc' dir='ltr'>Καὶ</span> 
     </span>
    </p>
   </div>
   <div class='ocr_carea' id='block_1_24' title="bbox 457 2311 2021 2393">
    <p class='ocr_par' dir='ltr' id='par_1_24' title="bbox 457 2311 2021 2393">
     <span class='ocr_line' id='line_1_24' title="bbox 457 2311 2021 2393; baseline -0.007 -22"><span class='ocrx_word' id='word_1_159' title='bbox 457 2326 554 2393; x_wconf 78' lang='grc' dir='ltr'>τῆς</span> <span class='ocrx_word' id='word_1_160' title='bbox 583 2323 804 2392; x_wconf 83' lang='grc' dir='ltr'>γνώμης</span> <span class='ocrx_word' id='word_1_161' title='bbox 835 2323 1028 2382; x_wconf 77' lang='grc' dir='ltr'>αὐτοὺς</span> <span class='ocrx_word' id='word_1_162' title='bbox 1083 2320 1450 2388; x_wconf 72' lang='grc' dir='ltr'>μεμψάμενος,</span> <span class='ocrx_word' id='word_1_163' title='bbox 1485 2314 1763 2367; x_wconf 74' lang='grc' dir='ltr'>ἐκέλευσεν</span> <span class='ocrx_word' id='word_1_164' title='bbox 1791 2311 2021 2379; x_wconf 70' lang='grc' dir='ltr'>ἑκάστην</span> 
     </span>
    </p>
   </div>
   <div class='ocr_carea' id='block_1_25' title="bbox 459 2404 2018 2484">
    <p class='ocr_par' dir='ltr' id='par_1_25' title="bbox 459 2404 2018 2484">
     <span class='ocr_line' id='line_1_25' title="bbox 459 2404 2018 2484; baseline -0.009 -17"><span class='ocrx_word' id='word_1_165' title='bbox 459 2419 670 2484; x_wconf 78' lang='grc' dir='ltr'>αἵρεσιν</span> <span class='ocrx_word' id='word_1_166' title='bbox 721 2413 935 2483; x_wconf 77' lang='grc' dir='ltr'>γραφὴν</span> <span class='ocrx_word' id='word_1_167' title='bbox 968 2412 1116 2480; x_wconf 76' lang='grc' dir='ltr'>αὑτῷ</span> <span class='ocrx_word' id='word_1_168' title='bbox 1147 2411 1340 2464; x_wconf 77' lang='grc' dir='ltr'>διδόναι</span> <span class='ocrx_word' id='word_1_169' title='bbox 1381 2408 1474 2460; x_wconf 79' lang='grc' dir='ltr'>τοῦ</span> <span class='ocrx_word' id='word_1_170' title='bbox 1511 2406 1706 2460; x_wconf 78' lang='grc' dir='ltr'>οἰκείου</span> <span class='ocrx_word' id='word_1_171' title='bbox 1733 2404 2018 2472; x_wconf 87' lang='grc' dir='ltr'>δόγματος.</span> 
     </span>
    </p>
   </div>
   <div class='ocr_carea' id='block_1_26' title="bbox 472 2494 2019 2575">
    <p class='ocr_par' dir='ltr' id='par_1_26' title="bbox 472 2494 2019 2575">
     <span class='ocr_line' id='line_1_26' title="bbox 472 2494 2019 2575; baseline -0.011 -16"><span class='ocrx_word' id='word_1_172' title='bbox 472 2508 623 2558; x_wconf 78' lang='grc' dir='ltr'>Ἐπεὶ</span> <span class='ocrx_word' id='word_1_173' title='bbox 641 2507 697 2558; x_wconf 76' lang='grc' dir='ltr'>δὲ</span> <span class='ocrx_word' id='word_1_174' title='bbox 724 2505 906 2575; x_wconf 82' lang='grc' dir='ltr'>ἡμέρα</span> <span class='ocrx_word' id='word_1_175' title='bbox 931 2507 1131 2572; x_wconf 78' lang='grc' dir='ltr'>παρῆν,</span> <span class='ocrx_word' id='word_1_176' title='bbox 1168 2503 1288 2554; x_wconf 77' lang='grc' dir='ltr'>καθ’</span> <span class='ocrx_word' id='word_1_177' title='bbox 1328 2500 1396 2569; x_wconf 81' lang='grc' dir='ltr'>ἢν</span> <span class='ocrx_word' id='word_1_178' title='bbox 1423 2498 1620 2568; x_wconf 81' lang='grc' dir='ltr'>ὥριστο</span> <span class='ocrx_word' id='word_1_179' title='bbox 1642 2494 1797 2548; x_wconf 67' lang='grc' dir='ltr'>τοῦτο</span> <span class='ocrx_word' id='word_1_180' title='bbox 1829 2495 2019 2554; x_wconf 84' lang='grc' dir='ltr'>ποιεῖν,</span> 
     </span>
    </p>
   </div>
   <div class='ocr_carea' id='block_1_27' title="bbox 461 2584 2022 2664">
    <p class='ocr_par' dir='ltr' id='par_1_27' title="bbox 461 2584 2022 2664">
     <span class='ocr_line' id='line_1_27' title="bbox 461 2584 2022 2664; baseline -0.009 -16"><span class='ocrx_word' id='word_1_181' title='bbox 461 2597 715 2664; x_wconf 71' lang='grc' dir='ltr'>συνῆλθον</span> <span class='ocrx_word' id='word_1_182' title='bbox 770 2599 848 2657; x_wconf 78' lang='grc' dir='ltr'>εἰς</span> <span class='ocrx_word' id='word_1_183' title='bbox 895 2597 961 2647; x_wconf 74' lang='grc' dir='ltr'><strong>τὰ</strong></span> <span class='ocrx_word' id='word_1_184' title='bbox 1005 2595 1266 2662; x_wconf 73' lang='grc' dir='ltr'>βασίλεια,</span> <span class='ocrx_word' id='word_1_185' title='bbox 1309 2593 1446 2660; x_wconf 80' lang='grc' dir='ltr'>ὑπὲρ</span> <span class='ocrx_word' id='word_1_186' title='bbox 1481 2589 1576 2658; x_wconf 77' lang='grc' dir='ltr'><strong>μὲν</strong></span> <span class='ocrx_word' id='word_1_187' title='bbox 1606 2587 1712 2638; x_wconf 81' lang='grc' dir='ltr'><strong>τῶν</strong></span> <span class='ocrx_word' id='word_1_188' title='bbox 1744 2584 2022 2654; x_wconf 78' lang='grc' dir='ltr'>ὁμοούσιον</span> 
     </span>
    </p>
   </div>
   <div class='ocr_carea' id='block_1_28' title="bbox 459 2673 2024 2758">
    <p class='ocr_par' dir='ltr' id='par_1_28' title="bbox 459 2673 2024 2758">
     <span class='ocr_line' id='line_1_28' title="bbox 459 2673 2024 2758; baseline -0.013 -16"><span class='ocrx_word' id='word_1_189' title='bbox 459 2691 660 2758; x_wconf 76' lang='grc' dir='ltr'>Ύριάδα</span> <span class='ocrx_word' id='word_1_190' title='bbox 707 2688 1050 2752; x_wconf 77' lang='grc' dir='ltr'>δοξαζόντωυ,</span> <span class='ocrx_word' id='word_1_191' title='bbox 1102 2685 1398 2751; x_wconf 56' lang='grc' dir='ltr'>Νεκτάριος</span> <span class='ocrx_word' id='word_1_192' title='bbox 1437 2679 1530 2732; x_wconf 75' lang='grc' dir='ltr'>καὶ</span> <span class='ocrx_word' id='word_1_193' title='bbox 1575 2677 1848 2743; x_wconf 76' lang='grc' dir='ltr'>’Λγέλιοςο</span> <span class='ocrx_word' id='word_1_194' title='bbox 1885 2673 2024 2742; x_wconf 76' lang='grc' dir='ltr'>ὑπὲρ</span> 
     </span>
    </p>
   </div>
   <div class='ocr_carea' id='block_1_29' title="bbox 457 2763 2020 2850">
    <p class='ocr_par' dir='ltr' id='par_1_29' title="bbox 457 2765 2020 2850">
     <span class='ocr_line' id='line_1_29' title="bbox 457 2765 2020 2850; baseline -0.014 -14"><span class='ocrx_word' id='word_1_195' title='bbox 457 2785 511 2836; x_wconf 85' lang='grc' dir='ltr'>δὲ</span> <span class='ocrx_word' id='word_1_196' title='bbox 531 2785 625 2850; x_wconf 78' lang='grc' dir='ltr'>τῆς</span> <span class='ocrx_word' id='word_1_197' title='bbox 661 2777 864 2850; x_wconf 79' lang='grc' dir='ltr'>’Λρέίου</span> <span class='ocrx_word' id='word_1_198' title='bbox 885 2781 1164 2849; x_wconf 80' lang='grc' dir='ltr'>αἱρέσεως,</span> <span class='ocrx_word' id='word_1_199' title='bbox 1185 2774 1487 2844; x_wconf 70' lang='grc' dir='ltr'>Δημόφιλος</span> <span class='ocrx_word' id='word_1_200' title='bbox 1505 2770 1707 2838; x_wconf 80' lang='grc' dir='ltr'>ταύτης</span> <span class='ocrx_word' id='word_1_201' title='bbox 1725 2765 2020 2835; x_wconf 66' lang='grc' dir='ltr'>προεστώς·</span> 
     </span>
    </p>
   </div>
   <div class='ocr_carea' id='block_1_30' title="bbox 457 2855 2026 2942">
    <p class='ocr_par' dir='ltr' id='par_1_30' title="bbox 457 2855 2026 2942">
     <span class='ocr_line' id='line_1_30' title="bbox 457 2855 2026 2942; baseline -0.015 -16"><span class='ocrx_word' id='word_1_202' title='bbox 457 2878 555 2942; x_wconf 75' lang='grc' dir='ltr'>τῆς</span> <span class='ocrx_word' id='word_1_203' title='bbox 619 2874 675 2925; x_wconf 78' lang='grc' dir='ltr'>δὲ</span> <span class='ocrx_word' id='word_1_204' title='bbox 711 2871 1003 2938; x_wconf 74' lang='grc' dir='ltr'>Εὐνομίου,</span> <span class='ocrx_word' id='word_1_205' title='bbox 1054 2867 1214 2928; x_wconf 70' lang='grc' dir='ltr'>αὐτὸς</span> <span class='ocrx_word' id='word_1_206' title='bbox 1267 2863 1526 2931; x_wconf 80' lang='grc' dir='ltr'>Εὐνόμιος</span> <span class='ocrx_word' id='word_1_207' title='bbox 1552 2875 1566 2891; x_wconf 73' lang='grc' dir='ltr'><strong>ο</strong></span> <span class='ocrx_word' id='word_1_208' title='bbox 1612 2857 1876 2916; x_wconf 79' lang='grc' dir='ltr'>Ἐλεύσιος</span> <span class='ocrx_word' id='word_1_209' title='bbox 1911 2855 1964 2905; x_wconf 74' lang='grc' dir='ltr'><strong>δὲ</strong></span> <span class='ocrx_word' id='word_1_210' title='bbox 2000 2857 2026 2905; x_wconf 83' lang='grc' dir='ltr'><strong>ὁ</strong></span> 
     </span>
    </p>
   </div>
   <div class='ocr_carea' id='block_1_31' title="bbox 465 2943 2026 3024">
    <p class='ocr_par' dir='ltr' id='par_1_31' title="bbox 465 2943 2026 3024">
     <span class='ocr_line' id='line_1_31' title="bbox 465 2943 2026 3024; baseline -0.016 -8"><span class='ocrx_word' id='word_1_211' title='bbox 465 2964 699 3024; x_wconf 66' lang='grc' dir='ltr'>Κυζίκου</span> <span class='ocrx_word' id='word_1_212' title='bbox 736 2961 1048 3018; x_wconf 79' lang='grc' dir='ltr'>ἐπίσκοπος,</span> <span class='ocrx_word' id='word_1_213' title='bbox 1089 2956 1228 3023; x_wconf 80' lang='grc' dir='ltr'>ὑπὲρ</span> <span class='ocrx_word' id='word_1_214' title='bbox 1279 2953 1386 3003; x_wconf 78' lang='grc' dir='ltr'><strong>τῶν</strong></span> <span class='ocrx_word' id='word_1_215' title='bbox 1417 2948 1758 3014; x_wconf 76' lang='grc' dir='ltr'>καλουμένων</span> <span class='ocrx_word' id='word_1_216' title='bbox 1787 2943 2026 2996; x_wconf 68' lang='lat' dir='ltr'><strong>Max:50-</strong></span> 
     </span>
    </p>
   </div>
   <div class='ocr_carea' id='block_1_32' title="bbox 462 3036 2025 3118">
    <p class='ocr_par' dir='ltr' id='par_1_32' title="bbox 462 3036 2025 3118">
     <span class='ocr_line' id='line_1_32' title="bbox 462 3036 2025 3118; baseline -0.014 -12"><span class='ocrx_word' id='word_1_217' title='bbox 462 3055 676 3106; x_wconf 73' lang='grc' dir='ltr'>νιανῶν.</span> <span class='ocrx_word' id='word_1_218' title='bbox 732 3053 1028 3118; x_wconf 68' lang='grc' dir='ltr'>Δεξάμενος</span> <span class='ocrx_word' id='word_1_219' title='bbox 1085 3047 1141 3099; x_wconf 81' lang='grc' dir='ltr'>δὲ</span> <span class='ocrx_word' id='word_1_220' title='bbox 1199 3044 1296 3112; x_wconf 82' lang='grc' dir='ltr'>τὴν</span> <span class='ocrx_word' id='word_1_221' title='bbox 1329 3043 1556 3095; x_wconf 75' lang='grc' dir='ltr'>ἐκάστου</span> <span class='ocrx_word' id='word_1_222' title='bbox 1592 3036 1828 3106; x_wconf 67' lang='grc' dir='ltr'>γραφὴν,</span> <span class='ocrx_word' id='word_1_223' title='bbox 1863 3038 2025 3102; x_wconf 82' lang='grc' dir='ltr'>μόνην</span> 
     </span>
    </p>
   </div>
   <div class='ocr_carea' id='block_1_33' title="bbox 461 3126 2026 3214">
    <p class='ocr_par' dir='ltr' id='par_1_33' title="bbox 461 3126 2026 3214">
     <span class='ocr_line' id='line_1_33' title="bbox 461 3126 2026 3214; baseline -0.015 -16"><span class='ocrx_word' id='word_1_224' title='bbox 461 3151 557 3214; x_wconf 73' lang='grc' dir='ltr'><strong>τὴν</strong></span> <span class='ocrx_word' id='word_1_225' title='bbox 583 3146 862 3213; x_wconf 78' lang='grc' dir='ltr'>ὁμοουσιον</span> <span class='ocrx_word' id='word_1_226' title='bbox 887 3140 1088 3210; x_wconf 75' lang='grc' dir='ltr'>’[ριάδα</span> <span class='ocrx_word' id='word_1_227' title='bbox 1119 3133 1514 3206; x_wconf 75' lang='grc' dir='ltr'>εἰσηγουμένην</span> <span class='ocrx_word' id='word_1_228' title='bbox 1552 3131 1797 3198; x_wconf 73' lang='grc' dir='ltr'>ἐπῄνεσε.</span> <span class='ocrx_word' id='word_1_229' title='bbox 1830 3128 1937 3188; x_wconf 71' lang='grc' dir='ltr'><strong>Τὰς</strong></span> <span class='ocrx_word' id='word_1_230' title='bbox 1972 3126 2026 3176; x_wconf 73' lang='grc' dir='ltr'><strong>δὲ</strong></span> 
     </span>
    </p>
   </div>
   <div class='ocr_carea' id='block_1_34' title="bbox 2142 671 3691 745">
    <p class='ocr_par' dir='ltr' id='par_1_34' title="bbox 2142 671 3691 745">
     <span class='ocr_line' id='line_1_34' title="bbox 2142 671 3691 745; baseline 0.01 -25"><span class='ocrx_word' id='word_1_231' title='bbox 2142 671 2538 738; x_wconf 78' lang='lat' dir='ltr'><strong>diSpotationes</strong></span> <span class='ocrx_word' id='word_1_232' title='bbox 2572 690 2693 726; x_wconf 88' lang='lat' dir='ltr'><strong>cum</strong></span> <span class='ocrx_word' id='word_1_233' title='bbox 2731 675 3023 741; x_wconf 65' lang='lat' dir='ltr'><strong>haereticis,</strong></span> <span class='ocrx_word' id='word_1_234' title='bbox 3082 685 3345 745; x_wconf 79' lang='lat' dir='ltr'><strong>tanquam</strong></span> <span class='ocrx_word' id='word_1_235' title='bbox 3383 675 3691 734; x_wconf 58' lang='lat' dir='ltr'><strong>contentio-</strong></span> 
     </span>
    </p>
   </div>
   <div class='ocr_carea' id='block_1_35' title="bbox 2132 761 3688 841">
    <p class='ocr_par' dir='ltr' id='par_1_35' title="bbox 2132 761 3688 841">
     <span class='ocr_line' id='line_1_35' title="bbox 2132 761 3688 841; baseline 0.01 -30"><span class='ocrx_word' id='word_1_236' title='bbox 2132 762 2216 812; x_wconf 88' lang='lat' dir='ltr'><strong>nis</strong></span> <span class='ocrx_word' id='word_1_237' title='bbox 2251 777 2314 814; x_wconf 88' lang='lat' dir='ltr'><strong>ac</strong></span> <span class='ocrx_word' id='word_1_238' title='bbox 2336 761 2555 816; x_wconf 86' lang='lat' dir='ltr'><strong>discidii</strong></span> <span class='ocrx_word' id='word_1_239' title='bbox 2617 764 2833 820; x_wconf 77' lang='lat' dir='ltr'><strong>fomites</strong></span> <span class='ocrx_word' id='word_1_240' title='bbox 2870 783 2883 820; x_wconf 92' lang='lat'><strong>:</strong></span> <span class='ocrx_word' id='word_1_241' title='bbox 2953 768 3465 839; x_wconf 72' lang='lat' dir='ltr'><strong>interrogarentque</strong></span> <span class='ocrx_word' id='word_1_242' title='bbox 3505 774 3688 841; x_wconf 82' lang='lat' dir='ltr'><strong>potius</strong></span> 
     </span>
    </p>
   </div>
   <div class='ocr_carea' id='block_1_36' title="bbox 2130 851 3689 929">
    <p class='ocr_par' dir='ltr' id='par_1_36' title="bbox 2130 851 3689 929">
     <span class='ocr_line' id='line_1_36' title="bbox 2130 851 3689 929; baseline 0.008 -27"><span class='ocrx_word' id='word_1_243' title='bbox 2130 851 2272 912; x_wconf 86' lang='lat' dir='ltr'><strong>illos,</strong></span> <span class='ocrx_word' id='word_1_244' title='bbox 2302 866 2434 905; x_wconf 91' lang='lat' dir='ltr'><strong>num</strong></span> <span class='ocrx_word' id='word_1_245' title='bbox 2477 853 2827 910; x_wconf 85' lang='lat' dir='ltr'><strong>admitterent</strong></span> <span class='ocrx_word' id='word_1_246' title='bbox 2873 869 2970 910; x_wconf 89' lang='lat' dir='ltr'><strong>eos</strong></span> <span class='ocrx_word' id='word_1_247' title='bbox 3003 856 3260 913; x_wconf 76' lang='lat' dir='ltr'><strong>iloetores</strong></span> <span class='ocrx_word' id='word_1_248' title='bbox 3311 868 3473 929; x_wconf 89' lang='lat' dir='ltr'><strong>atque</strong></span> <span class='ocrx_word' id='word_1_249' title='bbox 3515 861 3689 929; x_wconf 88' lang='lat' dir='ltr'><strong>inter-</strong></span> 
     </span>
    </p>
   </div>
   <div class='ocr_carea' id='block_1_37' title="bbox 2127 943 3689 1024">
    <p class='ocr_par' dir='ltr' id='par_1_37' title="bbox 2127 943 3689 1024">
     <span class='ocr_line' id='line_1_37' title="bbox 2127 943 3689 1024; baseline 0.009 -35"><span class='ocrx_word' id='word_1_250' title='bbox 2127 950 2307 1007; x_wconf 85' lang='lat' dir='ltr'><strong>pretes</strong></span> <span class='ocrx_word' id='word_1_251' title='bbox 2333 956 2614 996; x_wconf 88' lang='lat' dir='ltr'><strong>sacrarum</strong></span> <span class='ocrx_word' id='word_1_252' title='bbox 2650 943 3082 1013; x_wconf 86' lang='lat' dir='ltr'><strong>Scripturarum,</strong></span> <span class='ocrx_word' id='word_1_253' title='bbox 3110 948 3203 1015; x_wconf 87' lang='lat' dir='ltr'><strong>qui</strong></span> <span class='ocrx_word' id='word_1_254' title='bbox 3243 956 3370 1003; x_wconf 75' lang='lat' dir='ltr'><strong>ante</strong></span> <span class='ocrx_word' id='word_1_255' title='bbox 3398 948 3689 1024; x_wconf 82' lang='lat' dir='ltr'><strong>discidium</strong></span> 
     </span>
    </p>
   </div>
   <div class='ocr_carea' id='block_1_38' title="bbox 2130 1021 3692 1099">
    <p class='ocr_par' dir='ltr' id='par_1_38' title="bbox 2130 1021 3692 1099">
     <span class='ocr_line' id='line_1_38' title="bbox 2130 1021 3692 1099; baseline 0.009 -19"><span class='ocrx_word' id='word_1_256' title='bbox 2130 1030 2384 1085; x_wconf 67' lang='lat' dir='ltr'><strong>Ecclesiaa</strong></span> <span class='ocrx_word' id='word_1_257' title='bbox 2409 1033 2694 1087; x_wconf 68' lang='lat' dir='ltr'><strong>vixissient.</strong></span> <span class='ocrx_word' id='word_1_258' title='bbox 2725 1034 2960 1097; x_wconf 83' lang='lat' dir='ltr'><strong>Etenim,</strong></span> <span class='ocrx_word' id='word_1_259' title='bbox 2992 1021 3207 1099; x_wconf 84' lang='lat' dir='ltr'><strong>aiebat,</strong></span> <span class='ocrx_word' id='word_1_260' title='bbox 3262 1040 3306 1092; x_wconf 91' lang='lat' dir='ltr'><strong>si</strong></span> <span class='ocrx_word' id='word_1_261' title='bbox 3341 1039 3569 1093; x_wconf 89' lang='lat' dir='ltr'><strong>istorum</strong></span> <span class='ocrx_word' id='word_1_262' title='bbox 3594 1021 3692 1095; x_wconf 50' lang='lat' dir='ltr'><strong>.te;</strong></span> 
     </span>
    </p>
   </div>
   <div class='ocr_carea' id='block_1_39' title="bbox 2128 1126 3691 1198">
    <p class='ocr_par' dir='ltr' id='par_1_39' title="bbox 2128 1126 3691 1198">
     <span class='ocr_line' id='line_1_39' title="bbox 2128 1126 3691 1198; baseline 0.006 -23"><span class='ocrx_word' id='word_1_263' title='bbox 2128 1126 2382 1177; x_wconf 73' lang='lat' dir='ltr'><strong>stimoni&#39;t</strong></span> <span class='ocrx_word' id='word_1_264' title='bbox 2440 1126 2755 1194; x_wconf 78' lang='lat' dir='ltr'><strong>rejecerint,</strong></span> <span class='ocrx_word' id='word_1_265' title='bbox 2789 1143 2816 1178; x_wconf 91' lang='lat' dir='ltr'><strong>a</strong></span> <span class='ocrx_word' id='word_1_266' title='bbox 2851 1128 2965 1181; x_wconf 90' lang='lat' dir='ltr'><strong>suis</strong></span> <span class='ocrx_word' id='word_1_267' title='bbox 2990 1130 3338 1182; x_wconf 83' lang='lat' dir='ltr'><strong>consortibus</strong></span> <span class='ocrx_word' id='word_1_268' title='bbox 3394 1131 3691 1198; x_wconf 71' lang='lat' dir='ltr'><strong>exploden~</strong></span> 
     </span>
    </p>
   </div>
   <div class='ocr_carea' id='block_1_40' title="bbox 2129 1218 3689 1277">
    <p class='ocr_par' dir='ltr' id='par_1_40' title="bbox 2129 1218 3689 1277">
     <span class='ocr_line' id='line_1_40' title="bbox 2129 1218 3689 1277; baseline 0.006 -10"><span class='ocrx_word' id='word_1_269' title='bbox 2129 1225 2234 1268; x_wconf 89' lang='lat' dir='ltr'><strong>tor.</strong></span> <span class='ocrx_word' id='word_1_270' title='bbox 2292 1218 2346 1267; x_wconf 79' lang='lat' dir='ltr'><strong>Si</strong></span> <span class='ocrx_word' id='word_1_271' title='bbox 2398 1233 2533 1270; x_wconf 84' lang='lat' dir='ltr'><strong>vero</strong></span> <span class='ocrx_word' id='word_1_272' title='bbox 2599 1218 2724 1272; x_wconf 88' lang='lat' dir='ltr'><strong>illos</strong></span> <span class='ocrx_word' id='word_1_273' title='bbox 2777 1219 2840 1270; x_wconf 92' lang='lat' dir='ltr'><strong>ad</strong></span> <span class='ocrx_word' id='word_1_274' title='bbox 2902 1219 3234 1274; x_wconf 79' lang='lat' dir='ltr'><strong>dirimendas</strong></span> <span class='ocrx_word' id='word_1_275' title='bbox 3287 1224 3689 1277; x_wconf 65' lang='lat' dir='ltr'><strong>controversias</strong></span> 
     </span>
    </p>
   </div>
   <div class='ocr_carea' id='block_1_41' title="bbox 2131 1309 3688 1379">
    <p class='ocr_par' dir='ltr' id='par_1_41' title="bbox 2131 1309 3688 1379">
     <span class='ocr_line' id='line_1_41' title="bbox 2131 1309 3688 1379; baseline 0.004 -20"><span class='ocrx_word' id='word_1_276' title='bbox 2131 1309 2355 1362; x_wconf 76' lang='lat' dir='ltr'><strong>idoneos</strong></span> <span class='ocrx_word' id='word_1_277' title='bbox 2387 1325 2511 1364; x_wconf 90' lang='lat' dir='ltr'><strong>esse</strong></span> <span class='ocrx_word' id='word_1_278' title='bbox 2549 1309 2984 1377; x_wconf 78' lang='lat' dir='ltr'><strong>arbitrabuntur,</strong></span> <span class='ocrx_word' id='word_1_279' title='bbox 3014 1312 3324 1379; x_wconf 89' lang='lat' dir='ltr'><strong>proferendi</strong></span> <span class='ocrx_word' id='word_1_280' title='bbox 3350 1320 3478 1366; x_wconf 92' lang='lat' dir='ltr'><strong>sunt</strong></span> <span class='ocrx_word' id='word_1_281' title='bbox 3499 1328 3688 1366; x_wconf 89' lang='lat' dir='ltr'><strong>eorum</strong></span> 
     </span>
    </p>
   </div>
   <div class='ocr_carea' id='block_1_42' title="bbox 2129 1395 3689 1470">
    <p class='ocr_par' dir='ltr' id='par_1_42' title="bbox 2129 1395 3689 1470">
     <span class='ocr_line' id='line_1_42' title="bbox 2129 1395 3689 1470; baseline 0.004 -20"><span class='ocrx_word' id='word_1_282' title='bbox 2129 1395 2273 1451; x_wconf 88' lang='lat' dir='ltr'><strong>libri.</strong></span> <span class='ocrx_word' id='word_1_283' title='bbox 2308 1401 2480 1453; x_wconf 78' lang='lat' dir='ltr'><strong>l’rohe</strong></span> <span class='ocrx_word' id='word_1_284' title='bbox 2503 1402 2644 1453; x_wconf 89' lang='lat' dir='ltr'><strong>enim</strong></span> <span class='ocrx_word' id='word_1_285' title='bbox 2679 1409 2838 1454; x_wconf 88' lang='lat' dir='ltr'><strong>norat</strong></span> <span class='ocrx_word' id='word_1_286' title='bbox 2897 1403 3153 1470; x_wconf 89' lang='lat' dir='ltr'><strong>antiquos</strong></span> <span class='ocrx_word' id='word_1_287' title='bbox 3177 1404 3267 1470; x_wconf 92' lang='lat' dir='ltr'><strong>qui</strong></span> <span class='ocrx_word' id='word_1_288' title='bbox 3311 1402 3503 1456; x_wconf 86' lang='lat' dir='ltr'><strong>Filium</strong></span> <span class='ocrx_word' id='word_1_289' title='bbox 3539 1403 3689 1457; x_wconf 83' lang='lat' dir='ltr'><strong>Patri</strong></span> 
     </span>
    </p>
   </div>
   <div class='ocr_carea' id='block_1_43' title="bbox 2136 1492 3688 1562">
    <p class='ocr_par' dir='ltr' id='par_1_43' title="bbox 2136 1492 3688 1562">
     <span class='ocr_line' id='line_1_43' title="bbox 2136 1492 3688 1562; baseline 0.005 -20"><span class='ocrx_word' id='word_1_290' title='bbox 2136 1501 2466 1544; x_wconf 60' lang='lat' dir='ltr'><strong>coartermnn</strong></span> <span class='ocrx_word' id='word_1_291' title='bbox 2542 1493 2688 1543; x_wconf 81' lang='lat' dir='ltr'><strong>credi</strong></span> <span class='ocrx_word' id='word_1_292' title='bbox 2758 1492 3134 1560; x_wconf 87' lang='lat' dir='ltr'><strong>reperissent,</strong></span> <span class='ocrx_word' id='word_1_293' title='bbox 3189 1509 3466 1562; x_wconf 90' lang='lat' dir='ltr'><strong>nunquam</strong></span> <span class='ocrx_word' id='word_1_294' title='bbox 3520 1509 3688 1550; x_wconf 82' lang='lat' dir='ltr'><strong>ausos</strong></span> 
     </span>
    </p>
   </div>
   <div class='ocr_carea' id='block_1_44' title="bbox 2129 1580 3691 1654">
    <p class='ocr_par' dir='ltr' id='par_1_44' title="bbox 2129 1580 3691 1654">
     <span class='ocr_line' id='line_1_44' title="bbox 2129 1580 3691 1654; baseline 0.005 -23"><span class='ocrx_word' id='word_1_295' title='bbox 2129 1580 2526 1642; x_wconf 83' lang='lat' dir='ltr'><strong>I&#39;uissediccre,</strong></span> <span class='ocrx_word' id='word_1_296' title='bbox 2559 1581 2700 1648; x_wconf 89' lang='lat' dir='ltr'><strong>quod</strong></span> <span class='ocrx_word' id='word_1_297' title='bbox 2737 1583 3106 1650; x_wconf 76' lang='lat' dir='ltr'><strong>generationis</strong></span> <span class='ocrx_word' id='word_1_298' title='bbox 3156 1601 3270 1638; x_wconf 73' lang='lat' dir='ltr'><strong>sua:</strong></span> <span class='ocrx_word' id='word_1_299' title='bbox 3315 1584 3538 1654; x_wconf 86' lang='lat' dir='ltr'><strong>aliquod</strong></span> <span class='ocrx_word' id='word_1_300' title='bbox 3596 1585 3691 1639; x_wconf 85' lang='lat' dir='ltr'><strong>ha-</strong></span> 
     </span>
    </p>
   </div>
   <div class='ocr_carea' id='block_1_45' title="bbox 2129 1674 3685 1745">
    <p class='ocr_par' dir='ltr' id='par_1_45' title="bbox 2129 1674 3685 1745">
     <span class='ocr_line' id='line_1_45' title="bbox 2129 1674 3685 1745; baseline 0.003 -19"><span class='ocrx_word' id='word_1_301' title='bbox 2129 1675 2335 1726; x_wconf 87' lang='lat' dir='ltr'><strong>buisset</strong></span> <span class='ocrx_word' id='word_1_302' title='bbox 2371 1674 2602 1726; x_wconf 86' lang='lat' dir='ltr'><strong>initium.</strong></span> <span class='ocrx_word' id='word_1_303' title='bbox 2645 1675 2777 1726; x_wconf 68' lang='lat' dir='ltr'><strong>tium</strong></span> <span class='ocrx_word' id='word_1_304' title='bbox 2823 1674 2987 1743; x_wconf 78' lang='lat' dir='ltr'><strong>igitur</strong></span> <span class='ocrx_word' id='word_1_305' title='bbox 3018 1674 3269 1728; x_wconf 79' lang='lat' dir='ltr'><strong>Nectario</strong></span> <span class='ocrx_word' id='word_1_306' title='bbox 3293 1676 3342 1730; x_wconf 89' lang='lat' dir='ltr'><strong>id</strong></span> <span class='ocrx_word' id='word_1_307' title='bbox 3366 1677 3685 1745; x_wconf 88' lang='lat' dir='ltr'><strong>placuisset,</strong></span> 
     </span>
    </p>
   </div>
   <div class='ocr_carea' id='block_1_46' title="bbox 2127 1765 3687 1838">
    <p class='ocr_par' dir='ltr' id='par_1_46' title="bbox 2127 1765 3687 1838">
     <span class='ocr_line' id='line_1_46' title="bbox 2127 1765 3687 1838; baseline 0.003 -20"><span class='ocrx_word' id='word_1_308' title='bbox 2127 1772 2180 1818; x_wconf 90' lang='lat' dir='ltr'><strong>et</strong></span> <span class='ocrx_word' id='word_1_309' title='bbox 2202 1765 2495 1832; x_wconf 79' lang='lat' dir='ltr'><strong>imperator</strong></span> <span class='ocrx_word' id='word_1_310' title='bbox 2519 1766 2678 1834; x_wconf 77' lang='lat'><strong>293</strong></span> <span class='ocrx_word' id='word_1_311' title='bbox 2709 1767 2910 1818; x_wconf 86' lang='lat' dir='ltr'><strong>certior</strong></span> <span class='ocrx_word' id='word_1_312' title='bbox 2940 1765 3118 1821; x_wconf 84' lang='lat' dir='ltr'><strong>factus</strong></span> <span class='ocrx_word' id='word_1_313' title='bbox 3138 1769 3430 1822; x_wconf 87' lang='lat' dir='ltr'><strong>consiliqu</strong></span> <span class='ocrx_word' id='word_1_314' title='bbox 3485 1784 3687 1838; x_wconf 88' lang='lat' dir='ltr'><strong>appro-</strong></span> 
     </span>
    </p>
   </div>
   <div class='ocr_carea' id='block_1_47' title="bbox 2129 1857 3685 1929">
    <p class='ocr_par' dir='ltr' id='par_1_47' title="bbox 2129 1857 3685 1929">
     <span class='ocr_line' id='line_1_47' title="bbox 2129 1857 3685 1929; baseline 0.003 -21"><span class='ocrx_word' id='word_1_315' title='bbox 2129 1857 2544 1918; x_wconf 86' lang='lat' dir='ltr'><strong>hassel,tentare</strong></span> <span class='ocrx_word' id='word_1_316' title='bbox 2571 1857 2734 1926; x_wconf 55' lang='lat' dir='ltr'><strong>carpit</strong></span> <span class='ocrx_word' id='word_1_317' title='bbox 2768 1859 3146 1912; x_wconf 83' lang='lat' dir='ltr'><strong>Increticorum</strong></span> <span class='ocrx_word' id='word_1_318' title='bbox 3173 1859 3404 1921; x_wconf 86' lang='lat' dir='ltr'><strong>animos,</strong></span> <span class='ocrx_word' id='word_1_319' title='bbox 3426 1862 3685 1929; x_wconf 87' lang='lat' dir='ltr'><strong>quidnam</strong></span> 
     </span>
    </p>
   </div>
   <div class='ocr_carea' id='block_1_48' title="bbox 2124 1950 3687 2017">
    <p class='ocr_par' dir='ltr' id='par_1_48' title="bbox 2124 1950 3687 2017">
     <span class='ocr_line' id='line_1_48' title="bbox 2124 1950 3687 2017; baseline 0.003 -17"><span class='ocrx_word' id='word_1_320' title='bbox 2124 1950 2229 2017; x_wconf 31' lang='lat' dir='ltr'><strong>ipsi.</strong></span> <span class='ocrx_word' id='word_1_321' title='bbox 2269 1952 2334 2003; x_wconf 90' lang='lat' dir='ltr'><strong>de</strong></span> <span class='ocrx_word' id='word_1_322' title='bbox 2371 1961 2614 2002; x_wconf 82' lang='lat' dir='ltr'><strong>veterum</strong></span> <span class='ocrx_word' id='word_1_323' title='bbox 2663 1951 3200 2017; x_wconf 83' lang='lat' dir='ltr'><strong>interpretationibus</strong></span> <span class='ocrx_word' id='word_1_324' title='bbox 3255 1953 3538 2005; x_wconf 85' lang='lat' dir='ltr'><strong>sentirent.</strong></span> <span class='ocrx_word' id='word_1_325' title='bbox 3583 1951 3687 2017; x_wconf 88' lang='lat' dir='ltr'><strong>Qui</strong></span> 
     </span>
    </p>
   </div>
   <div class='ocr_carea' id='block_1_49' title="bbox 2123 2035 3686 2108">
    <p class='ocr_par' dir='ltr' id='par_1_49' title="bbox 2123 2035 3686 2108">
     <span class='ocr_line' id='line_1_49' title="bbox 2123 2035 3686 2108; baseline 0.004 -20"><span class='ocrx_word' id='word_1_326' title='bbox 2123 2052 2243 2088; x_wconf 89' lang='lat' dir='ltr'><strong>cum</strong></span> <span class='ocrx_word' id='word_1_327' title='bbox 2271 2051 2364 2090; x_wconf 90' lang='lat' dir='ltr'><strong>eas</strong></span> <span class='ocrx_word' id='word_1_328' title='bbox 2389 2050 2715 2105; x_wconf 73' lang='lat' dir='ltr'><strong>magnopere</strong></span> <span class='ocrx_word' id='word_1_329' title='bbox 2742 2035 3078 2101; x_wconf 85' lang='lat' dir='ltr'><strong>laudassent,</strong></span> <span class='ocrx_word' id='word_1_330' title='bbox 3109 2039 3406 2108; x_wconf 86' lang='lat' dir='ltr'><strong>imperator</strong></span> <span class='ocrx_word' id='word_1_331' title='bbox 3440 2041 3686 2108; x_wconf 88' lang='lat' dir='ltr'><strong>apertius</strong></span> 
     </span>
    </p>
   </div>
   <div class='ocr_carea' id='block_1_50' title="bbox 2120 2127 3685 2194">
    <p class='ocr_par' dir='ltr' id='par_1_50' title="bbox 2120 2127 3685 2194">
     <span class='ocr_line' id='line_1_50' title="bbox 2120 2127 3685 2194; baseline 0.003 -12"><span class='ocrx_word' id='word_1_332' title='bbox 2120 2143 2186 2182; x_wconf 82' lang='lat' dir='ltr'><strong>ex</strong></span> <span class='ocrx_word' id='word_1_333' title='bbox 2239 2127 2307 2180; x_wconf 89' lang='lat' dir='ltr'><strong>iis</strong></span> <span class='ocrx_word' id='word_1_334' title='bbox 2357 2137 2708 2194; x_wconf 85' lang='lat' dir='ltr'><strong>percontatus</strong></span> <span class='ocrx_word' id='word_1_335' title='bbox 2757 2137 2859 2181; x_wconf 81' lang='lat' dir='ltr'><strong>est.</strong></span> <span class='ocrx_word' id='word_1_336' title='bbox 2894 2137 3076 2180; x_wconf 89' lang='lat' dir='ltr'><strong>utrum</strong></span> <span class='ocrx_word' id='word_1_337' title='bbox 3129 2144 3193 2183; x_wconf 81' lang='lat' dir='ltr'><strong>ex</strong></span> <span class='ocrx_word' id='word_1_338' title='bbox 3245 2131 3464 2184; x_wconf 88' lang='lat' dir='ltr'><strong>illorum</strong></span> <span class='ocrx_word' id='word_1_339' title='bbox 3521 2132 3685 2187; x_wconf 91' lang='lat' dir='ltr'><strong>dictis</strong></span> 
     </span>
    </p>
   </div>
   <div class='ocr_carea' id='block_1_51' title="bbox 2123 2219 3687 2281">
    <p class='ocr_par' dir='ltr' id='par_1_51' title="bbox 2123 2219 3687 2281">
     <span class='ocr_line' id='line_1_51' title="bbox 2123 2219 3687 2281; baseline 0.003 -10"><span class='ocrx_word' id='word_1_340' title='bbox 2123 2219 2529 2272; x_wconf 86' lang='lat' dir='ltr'><strong>controversias</strong></span> <span class='ocrx_word' id='word_1_341' title='bbox 2569 2219 2808 2273; x_wconf 76' lang='lat' dir='ltr'><strong>derisuri</strong></span> <span class='ocrx_word' id='word_1_342' title='bbox 2845 2230 3049 2281; x_wconf 84' lang='lat' dir='ltr'><strong>essent,</strong></span> <span class='ocrx_word' id='word_1_343' title='bbox 3074 2228 3128 2272; x_wconf 88' lang='lat' dir='ltr'><strong>et</strong></span> <span class='ocrx_word' id='word_1_344' title='bbox 3155 2237 3276 2274; x_wconf 90' lang='lat' dir='ltr'><strong>num</strong></span> <span class='ocrx_word' id='word_1_345' title='bbox 3307 2223 3430 2275; x_wconf 85' lang='lat' dir='ltr'><strong>illos</strong></span> <span class='ocrx_word' id='word_1_346' title='bbox 3461 2221 3687 2276; x_wconf 85' lang='lat' dir='ltr'><strong>idoneos</strong></span> 
     </span>
    </p>
   </div>
   <div class='ocr_carea' id='block_1_52' title="bbox 2123 2312 3684 2379">
    <p class='ocr_par' dir='ltr' id='par_1_52' title="bbox 2123 2312 3684 2379">
     <span class='ocr_line' id='line_1_52' title="bbox 2123 2312 3684 2379; baseline 0.002 -15"><span class='ocrx_word' id='word_1_347' title='bbox 2123 2312 2386 2364; x_wconf 75' lang='lat' dir='ltr'><strong>doctrinm:</strong></span> <span class='ocrx_word' id='word_1_348' title='bbox 2420 2312 2942 2379; x_wconf 74' lang='lat' dir='ltr'><strong>testcsjudicar‘ent.</strong></span> <span class='ocrx_word' id='word_1_349' title='bbox 3006 2313 3142 2364; x_wconf 74' lang='lat' dir='ltr'><strong>Cum</strong></span> <span class='ocrx_word' id='word_1_350' title='bbox 3179 2329 3305 2367; x_wconf 84' lang='lat' dir='ltr'><strong>vero</strong></span> <span class='ocrx_word' id='word_1_351' title='bbox 3364 2315 3463 2367; x_wconf 90' lang='lat' dir='ltr'><strong>hac</strong></span> <span class='ocrx_word' id='word_1_352' title='bbox 3522 2318 3684 2368; x_wconf 87' lang='lat' dir='ltr'><strong>etiam</strong></span> 
     </span>
    </p>
   </div>
   <div class='ocr_carea' id='block_1_53' title="bbox 2123 2403 3687 2471">
    <p class='ocr_par' dir='ltr' id='par_1_53' title="bbox 2123 2403 3687 2471">
     <span class='ocr_line' id='line_1_53' title="bbox 2123 2403 3687 2471; baseline 0.003 -15"><span class='ocrx_word' id='word_1_353' title='bbox 2123 2403 2189 2456; x_wconf 88' lang='lat' dir='ltr'><strong>de</strong></span> <span class='ocrx_word' id='word_1_354' title='bbox 2228 2417 2283 2456; x_wconf 85' lang='lat' dir='ltr'><strong>re</strong></span> <span class='ocrx_word' id='word_1_355' title='bbox 2328 2403 2467 2455; x_wconf 83' lang='lat' dir='ltr'><strong>inter</strong></span> <span class='ocrx_word' id='word_1_356' title='bbox 2497 2413 2766 2455; x_wconf 75' lang='lat' dir='ltr'><strong>set-tarum</strong></span> <span class='ocrx_word' id='word_1_357' title='bbox 2798 2405 3074 2471; x_wconf 83' lang='lat' dir='ltr'><strong>principes</strong></span> <span class='ocrx_word' id='word_1_358' title='bbox 3123 2417 3239 2456; x_wconf 88' lang='lat' dir='ltr'><strong>orla</strong></span> <span class='ocrx_word' id='word_1_359' title='bbox 3273 2415 3415 2458; x_wconf 79' lang='lat' dir='ltr'><strong>esset</strong></span> <span class='ocrx_word' id='word_1_360' title='bbox 3472 2407 3687 2460; x_wconf 83' lang='lat' dir='ltr'><strong>dissen-</strong></span> 
     </span>
    </p>
   </div>
   <div class='ocr_carea' id='block_1_54' title="bbox 2124 2495 3686 2562">
    <p class='ocr_par' dir='ltr' id='par_1_54' title="bbox 2124 2495 3686 2562">
     <span class='ocr_line' id='line_1_54' title="bbox 2124 2495 3686 2562; baseline 0.001 -13"><span class='ocrx_word' id='word_1_361' title='bbox 2124 2496 2206 2550; x_wconf 89' lang='lat' dir='ltr'><strong>sio</strong></span> <span class='ocrx_word' id='word_1_362' title='bbox 2239 2515 2251 2548; x_wconf 76' lang='grc' dir='ltr'><strong>ι</strong></span> <span class='ocrx_word' id='word_1_363' title='bbox 2297 2496 2642 2562; x_wconf 86' lang='lat' dir='ltr'><strong>nequeenim</strong></span> <span class='ocrx_word' id='word_1_364' title='bbox 2676 2495 2862 2547; x_wconf 88' lang='lat' dir='ltr'><strong>eadem</strong></span> <span class='ocrx_word' id='word_1_365' title='bbox 2891 2513 3079 2549; x_wconf 87' lang='lat' dir='ltr'><strong>omnes</strong></span> <span class='ocrx_word' id='word_1_366' title='bbox 3125 2499 3190 2549; x_wconf 87' lang='lat' dir='ltr'><strong>de</strong></span> <span class='ocrx_word' id='word_1_367' title='bbox 3217 2507 3459 2550; x_wconf 77' lang='lat' dir='ltr'><strong>veterum</strong></span> <span class='ocrx_word' id='word_1_368' title='bbox 3515 2500 3686 2552; x_wconf 89' lang='lat' dir='ltr'><strong>inter-</strong></span> 
     </span>
    </p>
   </div>
   <div class='ocr_carea' id='block_1_55' title="bbox 2124 2587 3689 2660">
    <p class='ocr_par' dir='ltr' id='par_1_55' title="bbox 2124 2587 3689 2660">
     <span class='ocr_line' id='line_1_55' title="bbox 2124 2587 3689 2660; baseline 0.003 -21"><span class='ocrx_word' id='word_1_369' title='bbox 2124 2591 2522 2655; x_wconf 78' lang='lat' dir='ltr'><strong>pretatiotnlms</strong></span> <span class='ocrx_word' id='word_1_370' title='bbox 2600 2587 2958 2652; x_wconf 86' lang='lat' dir='ltr'><strong>sentiebant,</strong></span> <span class='ocrx_word' id='word_1_371' title='bbox 3042 2589 3307 2642; x_wconf 76' lang='lat' dir='ltr'><strong>intellexit</strong></span> <span class='ocrx_word' id='word_1_372' title='bbox 3391 2590 3689 2660; x_wconf 80' lang='lat' dir='ltr'><strong>imperator</strong></span> 
     </span>
    </p>
   </div>
   <div class='ocr_carea' id='block_1_56' title="bbox 2125 2680 3687 2745">
    <p class='ocr_par' dir='ltr' id='par_1_56' title="bbox 2125 2680 3687 2745">
     <span class='ocr_line' id='line_1_56' title="bbox 2125 2680 3687 2745; baseline 0.002 -14"><span class='ocrx_word' id='word_1_373' title='bbox 2125 2680 2271 2734; x_wconf 62' lang='lat' dir='ltr'><strong>illos,</strong></span> <span class='ocrx_word' id='word_1_374' title='bbox 2314 2681 2628 2745; x_wconf 84' lang='lat' dir='ltr'><strong>opinionum</strong></span> <span class='ocrx_word' id='word_1_375' title='bbox 2662 2694 2882 2731; x_wconf 87' lang='lat' dir='ltr'><strong>suarum</strong></span> <span class='ocrx_word' id='word_1_376' title='bbox 2929 2680 3373 2735; x_wconf 72' lang='lat' dir='ltr'><strong>altercationibus</strong></span> <span class='ocrx_word' id='word_1_377' title='bbox 3427 2684 3687 2741; x_wconf 85' lang='lat' dir='ltr'><strong>conlisos,</strong></span> 
     </span>
    </p>
   </div>
   <div class='ocr_carea' id='block_1_57' title="bbox 2126 2771 3687 2837">
    <p class='ocr_par' dir='ltr' id='par_1_57' title="bbox 2126 2771 3687 2837">
     <span class='ocr_line' id='line_1_57' title="bbox 2126 2771 3687 2837; baseline 0.003 -14"><span class='ocrx_word' id='word_1_378' title='bbox 2126 2773 2490 2823; x_wconf 76' lang='lat' dir='ltr'><strong>conditionem</strong></span> <span class='ocrx_word' id='word_1_379' title='bbox 2526 2772 2857 2837; x_wconf 80' lang='lat' dir='ltr'><strong>propositam</strong></span> <span class='ocrx_word' id='word_1_380' title='bbox 2894 2785 3168 2825; x_wconf 79' lang='lat' dir='ltr'><strong>recusare.</strong></span> <span class='ocrx_word' id='word_1_381' title='bbox 3205 2771 3288 2835; x_wconf 81' lang='grc' dir='ltr'>Ει,</span> <span class='ocrx_word' id='word_1_382' title='bbox 3327 2773 3585 2827; x_wconf 87' lang='lat' dir='ltr'><strong>damnato</strong></span> <span class='ocrx_word' id='word_1_383' title='bbox 3624 2775 3687 2827; x_wconf 87' lang='lat' dir='ltr'><strong>il-</strong></span> 
     </span>
    </p>
   </div>
   <div class='ocr_carea' id='block_1_58' title="bbox 2128 2862 3685 2930">
    <p class='ocr_par' dir='ltr' id='par_1_58' title="bbox 2128 2862 3685 2930">
     <span class='ocr_line' id='line_1_58' title="bbox 2128 2862 3685 2930; baseline 0.004 -17"><span class='ocrx_word' id='word_1_384' title='bbox 2128 2863 2299 2913; x_wconf 88' lang='lat' dir='ltr'><strong>lormn</strong></span> <span class='ocrx_word' id='word_1_385' title='bbox 2340 2862 2590 2925; x_wconf 73' lang='lat' dir='ltr'><strong>t&#39;nttsiliu,</strong></span> <span class='ocrx_word' id='word_1_386' title='bbox 2629 2863 2795 2927; x_wconf 84' lang='lat' dir='ltr'><strong>jussit</strong></span> <span class='ocrx_word' id='word_1_387' title='bbox 2843 2871 2898 2913; x_wconf 91' lang='lat' dir='ltr'><strong>ut</strong></span> <span class='ocrx_word' id='word_1_388' title='bbox 2957 2879 3295 2930; x_wconf 68' lang='lat' dir='ltr'><strong>unaquaeque</strong></span> <span class='ocrx_word' id='word_1_389' title='bbox 3363 2875 3510 2919; x_wconf 87' lang='lat' dir='ltr'><strong>secta</strong></span> <span class='ocrx_word' id='word_1_390' title='bbox 3564 2865 3685 2921; x_wconf 88' lang='lat' dir='ltr'><strong>ﬁdei</strong></span> 
     </span>
    </p>
   </div>
   <div class='ocr_carea' id='block_1_59' title="bbox 2131 2956 3684 3026">
    <p class='ocr_par' dir='ltr' id='par_1_59' title="bbox 2131 2956 3684 3026">
     <span class='ocr_line' id='line_1_59' title="bbox 2131 2956 3684 3026; baseline 0.003 -19"><span class='ocrx_word' id='word_1_391' title='bbox 2131 2970 2241 3007; x_wconf 71' lang='lat' dir='ltr'><strong>sum.</strong></span> <span class='ocrx_word' id='word_1_392' title='bbox 2266 2957 2550 3006; x_wconf 73' lang='lat' dir='ltr'><strong>formulam</strong></span> <span class='ocrx_word' id='word_1_393' title='bbox 2574 2956 2781 3023; x_wconf 85' lang='lat' dir='ltr'><strong>scripto</strong></span> <span class='ocrx_word' id='word_1_394' title='bbox 2803 2957 3252 3023; x_wconf 81' lang='lat' dir='ltr'><strong>comprehensam</strong></span> <span class='ocrx_word' id='word_1_395' title='bbox 3287 2961 3384 3026; x_wconf 78' lang='lat' dir='ltr'><strong>ipsi</strong></span> <span class='ocrx_word' id='word_1_396' title='bbox 3422 2959 3684 3013; x_wconf 83' lang='lat' dir='ltr'><strong>traderet.</strong></span> 
     </span>
    </p>
   </div>
   <div class='ocr_carea' id='block_1_60' title="bbox 2130 3048 3687 3117">
    <p class='ocr_par' dir='ltr' id='par_1_60' title="bbox 2130 3048 3687 3117">
     <span class='ocr_line' id='line_1_60' title="bbox 2130 3048 3687 3117; baseline 0.006 -21"><span class='ocrx_word' id='word_1_397' title='bbox 2130 3048 2422 3113; x_wconf 80' lang='lat' dir='ltr'><strong>l’ostquant</strong></span> <span class='ocrx_word' id='word_1_398' title='bbox 2457 3048 2572 3101; x_wconf 89' lang='lat' dir='ltr'><strong>dics</strong></span> <span class='ocrx_word' id='word_1_399' title='bbox 2616 3049 2789 3099; x_wconf 76' lang='lat' dir='ltr'><strong>illuxit</strong></span> <span class='ocrx_word' id='word_1_400' title='bbox 2820 3063 2940 3116; x_wconf 65' lang='lat' dir='ltr'><strong>quae</strong></span> <span class='ocrx_word' id='word_1_401' title='bbox 2982 3049 3104 3101; x_wconf 85' lang='lat' dir='ltr'><strong>huic</strong></span> <span class='ocrx_word' id='word_1_402' title='bbox 3139 3052 3356 3117; x_wconf 81' lang='lat' dir='ltr'><strong>negotio</strong></span> <span class='ocrx_word' id='word_1_403' title='bbox 3386 3057 3687 3106; x_wconf 75' lang='lat' dir='ltr'><strong>constituta</strong></span> 
     </span>
    </p>
   </div>
   <div class='ocr_carea' id='block_1_61' title="bbox 2131 3141 3685 3212">
    <p class='ocr_par' dir='ltr' id='par_1_61' title="bbox 2131 3141 3685 3212">
     <span class='ocr_line' id='line_1_61' title="bbox 2131 3141 3685 3212; baseline 0.004 -22"><span class='ocrx_word' id='word_1_404' title='bbox 2131 3145 2328 3196; x_wconf 86' lang='lat' dir='ltr'><strong>luerat,</strong></span> <span class='ocrx_word' id='word_1_405' title='bbox 2357 3147 2730 3191; x_wconf 77' lang='lat' dir='ltr'><strong>convenerunt</strong></span> <span class='ocrx_word' id='word_1_406' title='bbox 2763 3141 2815 3192; x_wconf 90' lang='lat' dir='ltr'><strong>in</strong></span> <span class='ocrx_word' id='word_1_407' title='bbox 2862 3142 3144 3208; x_wconf 82' lang='lat' dir='ltr'><strong>palatium.</strong></span> <span class='ocrx_word' id='word_1_408' title='bbox 3209 3159 3307 3210; x_wconf 89' lang='lat' dir='ltr'><strong>pro</strong></span> <span class='ocrx_word' id='word_1_409' title='bbox 3344 3145 3412 3197; x_wconf 89' lang='lat' dir='ltr'><strong>iis</strong></span> <span class='ocrx_word' id='word_1_410' title='bbox 3463 3146 3685 3212; x_wconf 80' lang='lat' dir='ltr'><strong>quidem</strong></span> 
     </span>
    </p>
   </div>
   <div class='ocr_carea' id='block_1_62' title="bbox 461 3218 2222 3301">
    <p class='ocr_par' dir='ltr' id='par_1_62' title="bbox 461 3218 2222 3301">
     <span class='ocr_line' id='line_1_62' title="bbox 461 3218 2222 3301; baseline -0.013 -13"><span class='ocrx_word' id='word_1_411' title='bbox 461 3238 647 3297; x_wconf 63' lang='grc' dir='ltr'>ἄλλοις,</span> <span class='ocrx_word' id='word_1_412' title='bbox 678 3236 750 3296; x_wconf 76' lang='grc' dir='ltr'>ὡς</span> <span class='ocrx_word' id='word_1_413' title='bbox 779 3234 1020 3294; x_wconf 73' lang='grc' dir='ltr'>ἐναντίας</span> <span class='ocrx_word' id='word_1_414' title='bbox 1069 3227 1336 3301; x_wconf 73' lang='grc' dir='ltr'>διέρρηξε.</span> <span class='ocrx_word' id='word_1_415' title='bbox 1376 3224 1486 3277; x_wconf 75' lang='grc' dir='ltr'><strong>Καὶ</strong></span> <span class='ocrx_word' id='word_1_416' title='bbox 1525 3222 1882 3280; x_wconf 69' lang='grc' dir='ltr'>Ναυατιανοῐς</span> <span class='ocrx_word' id='word_1_417' title='bbox 1931 3218 2027 3283; x_wconf 77' lang='grc' dir='ltr'><strong>μὲν</strong></span> <span class='ocrx_word' id='word_1_418' title='bbox 2059 3243 2096 3300; x_wconf 69' lang='lat' dir='ltr'><strong>C</strong></span> <span class='ocrx_word' id='word_1_419' title='bbox 2129 3229 2222 3295; x_wconf 69' lang='lat' dir='ltr'><strong>qui</strong></span> 
     </span>
    </p>
   </div>
   <div class='ocr_carea' id='block_1_63' title="bbox 1925 3218 3686 3301">
    <p class='ocr_par' dir='ltr' id='par_1_63' title="bbox 1931 3218 3686 3300">
     <span class='ocr_line' id='line_1_63' title="bbox 1931 3218 3686 3300; baseline 0.005 -22"><span class='ocrx_word' id='word_1_420' title='bbox 1931 3218 2222 3300; x_wconf 69' lang='grc' dir='ltr'>μένεηιιί</span> <span class='ocrx_word' id='word_1_421' title='bbox 2293 3221 2618 3278; x_wconf 79' lang='lat' dir='ltr'><strong>Trinitatem</strong></span> <span class='ocrx_word' id='word_1_422' title='bbox 2693 3231 3220 3283; x_wconf 82' lang='lat' dir='ltr'><strong>consubstantialem</strong></span> <span class='ocrx_word' id='word_1_423' title='bbox 3288 3233 3686 3300; x_wconf 75' lang='lat' dir='ltr'><strong>profitebantur</strong></span> 
     </span>
    </p>
   </div>
   <div class='ocr_carea' id='block_1_64' title="bbox 462 3312 2022 3392">
    <p class='ocr_par' dir='ltr' id='par_1_64' title="bbox 462 3312 2022 3392">
     <span class='ocr_line' id='line_1_64' title="bbox 462 3312 2022 3392; baseline -0.015 -11"><span class='ocrx_word' id='word_1_424' title='bbox 462 3329 612 3381; x_wconf 69' lang='grc' dir='ltr'>οὐδὲν</span> <span class='ocrx_word' id='word_1_425' title='bbox 638 3325 881 3378; x_wconf 72' lang='grc' dir='ltr'>ἐντεῦθεν</span> <span class='ocrx_word' id='word_1_426' title='bbox 915 3323 1064 3392; x_wconf 70' lang='grc' dir='ltr'>παρὰ</span> <span class='ocrx_word' id='word_1_427' title='bbox 1097 3320 1319 3389; x_wconf 82' lang='grc' dir='ltr'>γνώμην</span> <span class='ocrx_word' id='word_1_428' title='bbox 1346 3316 1544 3382; x_wconf 71' lang='grc' dir='ltr'>ἀπέϐη.</span> <span class='ocrx_word' id='word_1_429' title='bbox 1584 3313 1809 3380; x_wconf 83' lang='grc' dir='ltr'>Ὁμοίως</span> <span class='ocrx_word' id='word_1_430' title='bbox 1843 3312 2022 3377; x_wconf 69' lang='grc' dir='ltr'>γὰρτῇ</span> 
     </span>
    </p>
   </div>
   <div class='ocr_carea' id='block_1_65' title="bbox 463 3400 2025 3482">
    <p class='ocr_par' dir='ltr' id='par_1_65' title="bbox 463 3400 2025 3482">
     <span class='ocr_line' id='line_1_65' title="bbox 463 3400 2025 3482; baseline -0.014 -12"><span class='ocrx_word' id='word_1_431' title='bbox 463 3419 690 3471; x_wconf 82' lang='grc' dir='ltr'>καθόλου</span> <span class='ocrx_word' id='word_1_432' title='bbox 738 3415 1030 3482; x_wconf 73' lang='grc' dir='ltr'>Ἐκκλησία</span> <span class='ocrx_word' id='word_1_433' title='bbox 1080 3413 1146 3464; x_wconf 73' lang='grc' dir='ltr'>τὰ</span> <span class='ocrx_word' id='word_1_434' title='bbox 1179 3411 1307 3480; x_wconf 68' lang='grc' dir='ltr'>περὶ</span> <span class='ocrx_word' id='word_1_435' title='bbox 1351 3405 1486 3459; x_wconf 77' lang='grc' dir='ltr'>Θεοῦ</span> <span class='ocrx_word' id='word_1_436' title='bbox 1514 3403 1843 3467; x_wconf 76' lang='grc' dir='ltr'>δοξάζουσιν.</span> <span class='ocrx_word' id='word_1_437' title='bbox 1877 3402 1935 3450; x_wconf 83' lang='grc' dir='ltr'>υἱ</span> <span class='ocrx_word' id='word_1_438' title='bbox 1970 3400 2025 3451; x_wconf 78' lang='grc' dir='ltr'>δὲ</span> 
     </span>
    </p>
   </div>
   <div class='ocr_carea' id='block_1_66' title="bbox 463 3495 2027 3579">
    <p class='ocr_par' dir='ltr' id='par_1_66' title="bbox 463 3495 2027 3579">
     <span class='ocr_line' id='line_1_66' title="bbox 463 3495 2027 3579; baseline -0.015 -14"><span class='ocrx_word' id='word_1_439' title='bbox 463 3513 609 3565; x_wconf 74' lang='grc' dir='ltr'>ἄλλοι</span> <span class='ocrx_word' id='word_1_440' title='bbox 643 3511 773 3579; x_wconf 58' lang='grc' dir='ltr'>πρὸς</span> <span class='ocrx_word' id='word_1_441' title='bbox 800 3510 921 3569; x_wconf 66' lang='grc' dir='ltr'>τοὺς</span> <span class='ocrx_word' id='word_1_442' title='bbox 954 3505 1130 3559; x_wconf 77' lang='grc' dir='ltr'>αὐτῶν</span> <span class='ocrx_word' id='word_1_443' title='bbox 1166 3504 1343 3573; x_wconf 87' lang='grc' dir='ltr'>ἱερέας</span> <span class='ocrx_word' id='word_1_444' title='bbox 1379 3499 1748 3569; x_wconf 85' lang='grc' dir='ltr'>ἐχαλέπαινον,</span> <span class='ocrx_word' id='word_1_445' title='bbox 1781 3495 1853 3556; x_wconf 83' lang='grc' dir='ltr'>ὡς</span> <span class='ocrx_word' id='word_1_446' title='bbox 1887 3495 2027 3560; x_wconf 79' lang='grc' dir='ltr'>ἀμα-</span> 
     </span>
    </p>
   </div>
   <div class='ocr_carea' id='block_1_67' title="bbox 463 3585 2024 3669">
    <p class='ocr_par' dir='ltr' id='par_1_67' title="bbox 463 3585 2024 3669">
     <span class='ocr_line' id='line_1_67' title="bbox 463 3585 2024 3669; baseline -0.012 -15"><span class='ocrx_word' id='word_1_447' title='bbox 463 3603 570 3663; x_wconf 77' lang='grc' dir='ltr'>θῶς</span> <span class='ocrx_word' id='word_1_448' title='bbox 596 3602 774 3669; x_wconf 81' lang='grc' dir='ltr'>σφίσιν</span> <span class='ocrx_word' id='word_1_449' title='bbox 802 3598 1068 3659; x_wconf 74' lang='grc' dir='ltr'>ἐναντίους</span> <span class='ocrx_word' id='word_1_450' title='bbox 1103 3596 1193 3647; x_wconf 71' lang='grc' dir='ltr'><strong>ἐπὶ</strong></span> <span class='ocrx_word' id='word_1_451' title='bbox 1211 3594 1304 3647; x_wconf 81' lang='grc' dir='ltr'>τοῦ</span> <span class='ocrx_word' id='word_1_452' title='bbox 1336 3589 1658 3660; x_wconf 79' lang='grc' dir='ltr'>κρατοῦντος</span> <span class='ocrx_word' id='word_1_453' title='bbox 1687 3585 2024 3653; x_wconf 83' lang='grc' dir='ltr'>γενομένους.</span> 
     </span>
    </p>
   </div>
   <div class='ocr_carea' id='block_1_68' title="bbox 467 3675 2026 3754">
    <p class='ocr_par' dir='ltr' id='par_1_68' title="bbox 467 3675 2026 3754">
     <span class='ocr_line' id='line_1_68' title="bbox 467 3675 2026 3754; baseline -0.013 -9"><span class='ocrx_word' id='word_1_454' title='bbox 467 3692 652 3745; x_wconf 73' lang='grc' dir='ltr'>Πολλοὶ</span> <span class='ocrx_word' id='word_1_455' title='bbox 690 3691 744 3742; x_wconf 85' lang='grc' dir='ltr'>δὲ</span> <span class='ocrx_word' id='word_1_456' title='bbox 795 3690 884 3741; x_wconf 68' lang='grc' dir='ltr'>καὶ</span> <span class='ocrx_word' id='word_1_457' title='bbox 939 3687 1315 3754; x_wconf 83' lang='grc' dir='ltr'>καταγνόντες,</span> <span class='ocrx_word' id='word_1_458' title='bbox 1354 3682 1488 3752; x_wconf 75' lang='grc' dir='ltr'>πρὸς</span> <span class='ocrx_word' id='word_1_459' title='bbox 1531 3680 1628 3748; x_wconf 81' lang='grc' dir='ltr'><strong>τὴν</strong></span> <span class='ocrx_word' id='word_1_460' title='bbox 1655 3675 2026 3729; x_wconf 83' lang='grc' dir='ltr'>ἐπαινεθεῖσαν</span> 
     </span>
    </p>
   </div>
   <div class='ocr_carea' id='block_1_69' title="bbox 467 3766 2026 3848">
    <p class='ocr_par' dir='ltr' id='par_1_69' title="bbox 467 3766 2026 3848">
     <span class='ocr_line' id='line_1_69' title="bbox 467 3766 2026 3848; baseline -0.009 -20"><span class='ocrx_word' id='word_1_461' title='bbox 467 3778 764 3848; x_wconf 79' lang='grc' dir='ltr'>μετέθεντο.</span> <span class='ocrx_word' id='word_1_462' title='bbox 819 3779 875 3828; x_wconf 86' lang='grc' dir='ltr'>Ὀ</span> <span class='ocrx_word' id='word_1_463' title='bbox 909 3777 963 3828; x_wconf 82' lang='grc' dir='ltr'>δὲ</span> <span class='ocrx_word' id='word_1_464' title='bbox 1012 3775 1259 3844; x_wconf 80' lang='grc' dir='ltr'>βασιλεὺς</span> <span class='ocrx_word' id='word_1_465' title='bbox 1307 3768 1609 3841; x_wconf 84' lang='grc' dir='ltr'>νομοθετῶν</span> <span class='ocrx_word' id='word_1_466' title='bbox 1647 3767 1743 3838; x_wconf 77' lang='lat'><strong>(7),</strong></span> <span class='ocrx_word' id='word_1_467' title='bbox 1778 3766 2026 3816; x_wconf 81' lang='grc' dir='ltr'>ἐκέλευσε</span> 
     </span>
    </p>
   </div>
   <div class='ocr_carea' id='block_1_70' title="bbox 464 3862 2031 3938">
    <p class='ocr_par' dir='ltr' id='par_1_70' title="bbox 464 3862 2031 3938">
     <span class='ocr_line' id='line_1_70' title="bbox 464 3862 2031 3938; baseline -0.008 -15"><span class='ocrx_word' id='word_1_468' title='bbox 464 3872 588 3932; x_wconf 74' lang='grc' dir='ltr'>τοὺς</span> <span class='ocrx_word' id='word_1_469' title='bbox 644 3870 974 3936; x_wconf 74' lang='grc' dir='ltr'>ἐτεροδόξους</span> <span class='ocrx_word' id='word_1_470' title='bbox 1035 3871 1170 3938; x_wconf 83' lang='grc' dir='ltr'>μήτε</span> <span class='ocrx_word' id='word_1_471' title='bbox 1231 3863 1645 3936; x_wconf 77' lang='grc' dir='ltr'>ἐκκλησιάζειν,</span> <span class='ocrx_word' id='word_1_472' title='bbox 1711 3863 1844 3931; x_wconf 81' lang='grc' dir='ltr'>μήτε</span> <span class='ocrx_word' id='word_1_473' title='bbox 1904 3862 2031 3930; x_wconf 77' lang='grc' dir='ltr'>περὶ</span> 
     </span>
    </p>
   </div>
   <div class='ocr_carea' id='block_1_71' title="bbox 467 3956 2030 4028">
    <p class='ocr_par' dir='ltr' id='par_1_71' title="bbox 467 3956 2030 4028">
     <span class='ocr_line' id='line_1_71' title="bbox 467 3956 2030 4028; baseline -0.008 -14"><span class='ocrx_word' id='word_1_474' title='bbox 467 3964 698 4022; x_wconf 75' lang='grc' dir='ltr'>πίστεως</span> <span class='ocrx_word' id='word_1_475' title='bbox 720 3957 1008 4025; x_wconf 68' lang='grc' dir='ltr'>διδάσκειν,</span> <span class='ocrx_word' id='word_1_476' title='bbox 1053 3961 1187 4028; x_wconf 87' lang='grc' dir='ltr'>μήτε</span> <span class='ocrx_word' id='word_1_477' title='bbox 1216 3959 1546 4020; x_wconf 78' lang='grc' dir='ltr'>ἐπισκόπους</span> <span class='ocrx_word' id='word_1_478' title='bbox 1575 3957 1607 4026; x_wconf 83' lang='grc' dir='ltr'>ἢ</span> <span class='ocrx_word' id='word_1_479' title='bbox 1639 3956 1827 4017; x_wconf 78' lang='grc' dir='ltr'>ἄλλους</span> <span class='ocrx_word' id='word_1_480' title='bbox 1856 3970 2030 4022; x_wconf 85' lang='grc' dir='ltr'>χειρο-</span> 
     </span>
    </p>
   </div>
   <div class='ocr_carea' id='block_1_72' title="bbox 463 4047 2028 4121">
    <p class='ocr_par' dir='ltr' id='par_1_72' title="bbox 463 4047 2028 4121">
     <span class='ocr_line' id='line_1_72' title="bbox 463 4047 2028 4121; baseline -0.007 -14"><span class='ocrx_word' id='word_1_481' title='bbox 463 4058 634 4107; x_wconf 82' lang='grc' dir='ltr'>τονεῖν</span> <span class='ocrx_word' id='word_1_482' title='bbox 655 4073 666 4082; x_wconf 92' lang='grc'><strong>·</strong></span> <span class='ocrx_word' id='word_1_483' title='bbox 695 4056 786 4106; x_wconf 82' lang='grc' dir='ltr'><strong>καί</strong></span> <span class='ocrx_word' id='word_1_484' title='bbox 807 4055 928 4113; x_wconf 69' lang='grc' dir='ltr'>τοὺς</span> <span class='ocrx_word' id='word_1_485' title='bbox 965 4053 1078 4121; x_wconf 83' lang='grc' dir='ltr'>μὲν,</span> <span class='ocrx_word' id='word_1_486' title='bbox 1114 4052 1318 4102; x_wconf 86' lang='grc' dir='ltr'>πόλεων</span> <span class='ocrx_word' id='word_1_487' title='bbox 1348 4049 1440 4101; x_wconf 74' lang='grc' dir='ltr'><strong>καὶ</strong></span> <span class='ocrx_word' id='word_1_488' title='bbox 1471 4048 1652 4116; x_wconf 85' lang='grc' dir='ltr'>ἁγρῶν</span> <span class='ocrx_word' id='word_1_489' title='bbox 1682 4047 1994 4099; x_wconf 75' lang='grc' dir='ltr'>ἐλαύνεσθαι</span> <span class='ocrx_word' id='word_1_490' title='bbox 2014 4062 2028 4074; x_wconf 91' lang='grc'><strong>·</strong></span> 
     </span>
    </p>
   </div>
   <div class='ocr_carea' id='block_1_73' title="bbox 466 4138 2029 4214">
    <p class='ocr_par' dir='ltr' id='par_1_73' title="bbox 466 4138 2029 4214">
     <span class='ocr_line' id='line_1_73' title="bbox 466 4138 2029 4214; baseline -0.006 -17"><span class='ocrx_word' id='word_1_491' title='bbox 466 4148 588 4208; x_wconf 70' lang='grc' dir='ltr'>τοὺς</span> <span class='ocrx_word' id='word_1_492' title='bbox 617 4146 690 4207; x_wconf 83' lang='grc' dir='ltr'><strong>δὲ,</strong></span> <span class='ocrx_word' id='word_1_493' title='bbox 719 4145 942 4214; x_wconf 82' lang='grc' dir='ltr'>ἀτίμους</span> <span class='ocrx_word' id='word_1_494' title='bbox 968 4141 1104 4195; x_wconf 73' lang='grc' dir='ltr'>εἶναι</span> <span class='ocrx_word' id='word_1_495' title='bbox 1147 4142 1241 4212; x_wconf 89' lang='lat'><strong>(8),</strong></span> <span class='ocrx_word' id='word_1_496' title='bbox 1285 4142 1374 4193; x_wconf 74' lang='grc' dir='ltr'>καὶ</span> <span class='ocrx_word' id='word_1_497' title='bbox 1412 4140 1684 4202; x_wconf 76' lang='grc' dir='ltr'>πολιτείας</span> <span class='ocrx_word' id='word_1_498' title='bbox 1720 4138 1915 4207; x_wconf 73' lang='grc' dir='ltr'>ὁμοίως</span> <span class='ocrx_word' id='word_1_499' title='bbox 1958 4138 2029 4206; x_wconf 85' lang='grc' dir='ltr'><strong>μὴ</strong></span> 
     </span>
    </p>
   </div>
   <div class='ocr_carea' id='block_1_74' title="bbox 469 4229 2033 4307">
    <p class='ocr_par' dir='ltr' id='par_1_74' title="bbox 469 4229 2033 4307">
     <span class='ocr_line' id='line_1_74' title="bbox 469 4229 2033 4307; baseline -0.005 -21"><span class='ocrx_word' id='word_1_500' title='bbox 469 4237 713 4307; x_wconf 80' lang='grc' dir='ltr'>μετέχειν</span> <span class='ocrx_word' id='word_1_501' title='bbox 742 4238 850 4296; x_wconf 87' lang='grc' dir='ltr'>τοῖς</span> <span class='ocrx_word' id='word_1_502' title='bbox 873 4235 1067 4295; x_wconf 61' lang='grc' dir='ltr'>ἄλλοις.</span> <span class='ocrx_word' id='word_1_503' title='bbox 1108 4234 1215 4284; x_wconf 72' lang='grc' dir='ltr'>Καὶ</span> <span class='ocrx_word' id='word_1_504' title='bbox 1275 4231 1513 4301; x_wconf 73' lang='grc' dir='ltr'>χαλεπὰς</span> <span class='ocrx_word' id='word_1_505' title='bbox 1552 4232 1662 4291; x_wconf 87' lang='grc' dir='ltr'>τοῖς</span> <span class='ocrx_word' id='word_1_506' title='bbox 1711 4229 1892 4298; x_wconf 85' lang='grc' dir='ltr'>νόμοις</span> <span class='ocrx_word' id='word_1_507' title='bbox 1935 4230 2033 4279; x_wconf 82' lang='grc' dir='ltr'>ἐπ-</span> 
     </span>
    </p>
   </div>
   <div class='ocr_carea' id='block_1_75' title="bbox 467 4321 2031 4398">
    <p class='ocr_par' dir='ltr' id='par_1_75' title="bbox 467 4321 2031 4398">
     <span class='ocr_line' id='line_1_75' title="bbox 467 4321 2031 4398; baseline -0.006 -18"><span class='ocrx_word' id='word_1_508' title='bbox 467 4330 673 4398; x_wconf 59' lang='grc' dir='ltr'>έγραψε</span> <span class='ocrx_word' id='word_1_509' title='bbox 698 4327 982 4395; x_wconf 79' lang='grc' dir='ltr'>τιμωρίας.</span> <span class='ocrx_word' id='word_1_510' title='bbox 1005 4324 1144 4377; x_wconf 76' lang='grc' dir='ltr'>Ἀλλ’</span> <span class='ocrx_word' id='word_1_511' title='bbox 1175 4325 1271 4374; x_wconf 74' lang='grc' dir='ltr'><strong>οὐκ</strong></span> <span class='ocrx_word' id='word_1_512' title='bbox 1301 4321 1546 4390; x_wconf 72' lang='grc' dir='ltr'>ἐπεξῄει·</span> <span class='ocrx_word' id='word_1_513' title='bbox 1572 4321 1633 4372; x_wconf 81' lang='grc' dir='ltr'>οὺ</span> <span class='ocrx_word' id='word_1_514' title='bbox 1658 4321 1762 4390; x_wconf 79' lang='grc' dir='ltr'><strong>γὰρ</strong></span> <span class='ocrx_word' id='word_1_515' title='bbox 1783 4321 2031 4389; x_wconf 83' lang='grc' dir='ltr'>τιμωρεῖ-</span> 
     </span>
    </p>
   </div>
   <div class='ocr_carea' id='block_1_76' title="bbox 470 4414 2029 4484">
    <p class='ocr_par' dir='ltr' id='par_1_76' title="bbox 470 4414 2029 4484">
     <span class='ocr_line' id='line_1_76' title="bbox 470 4414 2029 4484; baseline -0.005 -12"><span class='ocrx_word' id='word_1_516' title='bbox 470 4420 612 4479; x_wconf 84' lang='grc' dir='ltr'>σθαι,</span> <span class='ocrx_word' id='word_1_517' title='bbox 655 4420 768 4472; x_wconf 78' lang='grc' dir='ltr'>ἀλλ’</span> <span class='ocrx_word' id='word_1_518' title='bbox 823 4421 900 4479; x_wconf 82' lang='grc' dir='ltr'>εἰς</span> <span class='ocrx_word' id='word_1_519' title='bbox 940 4418 1053 4479; x_wconf 78' lang='grc' dir='ltr'>δέος</span> <span class='ocrx_word' id='word_1_520' title='bbox 1086 4417 1344 4484; x_wconf 80' lang='grc' dir='ltr'>καθιστᾷν</span> <span class='ocrx_word' id='word_1_521' title='bbox 1373 4416 1496 4477; x_wconf 80' lang='grc' dir='ltr'>τοὺς</span> <span class='ocrx_word' id='word_1_522' title='bbox 1524 4415 1794 4483; x_wconf 79' lang='grc' dir='ltr'>ὑπηκόους</span> <span class='ocrx_word' id='word_1_523' title='bbox 1831 4414 2029 4464; x_wconf 81' lang='grc' dir='ltr'>ἐσπού-</span> 
     </span>
    </p>
   </div>
   <div class='ocr_carea' id='block_1_77' title="bbox 467 4505 2027 4577">
    <p class='ocr_par' dir='ltr' id='par_1_77' title="bbox 467 4505 2027 4577">
     <span class='ocr_line' id='line_1_77' title="bbox 467 4505 2027 4577; baseline -0.003 -16"><span class='ocrx_word' id='word_1_524' title='bbox 467 4509 644 4572; x_wconf 77' lang='grc' dir='ltr'>δαζεν,</span> <span class='ocrx_word' id='word_1_525' title='bbox 680 4512 822 4570; x_wconf 79' lang='grc' dir='ltr'>ὅπως</span> <span class='ocrx_word' id='word_1_526' title='bbox 854 4509 1151 4577; x_wconf 71' lang='grc' dir='ltr'>ὁμόφρονες</span> <span class='ocrx_word' id='word_1_527' title='bbox 1180 4505 1326 4574; x_wconf 77' lang='grc' dir='ltr'><strong>αὖτῴ</strong></span> <span class='ocrx_word' id='word_1_528' title='bbox 1355 4505 1593 4572; x_wconf 88' lang='grc' dir='ltr'>γένοιντο</span> <span class='ocrx_word' id='word_1_529' title='bbox 1624 4507 1750 4575; x_wconf 77' lang='grc' dir='ltr'>περὶ</span> <span class='ocrx_word' id='word_1_530' title='bbox 1780 4507 1839 4556; x_wconf 76' lang='grc' dir='ltr'>τὸ</span> <span class='ocrx_word' id='word_1_531' title='bbox 1867 4505 2027 4558; x_wconf 81' lang='grc' dir='ltr'>Θεῐον.</span> 
     </span>
    </p>
   </div>
   <div class='ocr_carea' id='block_1_78' title="bbox 481 4593 1812 4663">
    <p class='ocr_par' dir='ltr' id='par_1_78' title="bbox 481 4593 1812 4663">
     <span class='ocr_line' id='line_1_78' title="bbox 481 4593 1812 4663; baseline -0.002 -15"><span class='ocrx_word' id='word_1_532' title='bbox 481 4596 630 4648; x_wconf 79' lang='grc' dir='ltr'>Ἐπεὶ</span> <span class='ocrx_word' id='word_1_533' title='bbox 657 4597 752 4649; x_wconf 74' lang='grc' dir='ltr'><strong>καὶ</strong></span> <span class='ocrx_word' id='word_1_534' title='bbox 777 4597 902 4657; x_wconf 74' lang='grc' dir='ltr'>τοὺς</span> <span class='ocrx_word' id='word_1_535' title='bbox 931 4596 1103 4646; x_wconf 71' lang='grc' dir='ltr'>ἑκοντὶ</span> <span class='ocrx_word' id='word_1_536' title='bbox 1136 4593 1586 4663; x_wconf 81' lang='grc' dir='ltr'>μετατιθεμένους</span> <span class='ocrx_word' id='word_1_537' title='bbox 1605 4593 1812 4662; x_wconf 75' lang='grc' dir='ltr'>ἐπῄνει.</span> 
     </span>
    </p>
   </div>
   <div class='ocr_carea' id='block_1_79' title="bbox 469 4686 1566 4757">
    <p class='ocr_par' dir='ltr' id='par_1_79' title="bbox 469 4686 1566 4757">
     <span class='ocr_line' id='line_1_79' title="bbox 469 4686 1566 4757; baseline 0.002 -20"><span class='ocrx_word' id='word_1_538' title='bbox 469 4689 632 4757; x_wconf 79' lang='lat' dir='ltr'><strong>cepit,</strong></span> <span class='ocrx_word' id='word_1_539' title='bbox 659 4704 726 4741; x_wconf 90' lang='lat' dir='ltr'><strong>ne</strong></span> <span class='ocrx_word' id='word_1_540' title='bbox 760 4689 994 4742; x_wconf 73' lang='lat' dir='ltr'><strong>lueretici</strong></span> <span class='ocrx_word' id='word_1_541' title='bbox 1029 4686 1287 4740; x_wconf 88' lang='lat' dir='ltr'><strong>collectas</strong></span> <span class='ocrx_word' id='word_1_542' title='bbox 1324 4695 1566 4755; x_wconf 80' lang='lat' dir='ltr'><strong>agerent,</strong></span> 
     </span>
    </p>
   </div>
   <div class='ocr_carea' id='block_1_80' title="bbox 472 4781 2023 4852">
    <p class='ocr_par' dir='ltr' id='par_1_80' title="bbox 472 4781 2023 4852">
     <span class='ocr_line' id='line_1_80' title="bbox 472 4781 2023 4852; baseline 0.002 -17"><span class='ocrx_word' id='word_1_543' title='bbox 472 4794 634 4852; x_wconf 84' lang='lat' dir='ltr'><strong>utque.</strong></span> <span class='ocrx_word' id='word_1_544' title='bbox 660 4784 750 4836; x_wconf 89' lang='lat' dir='ltr'><strong>alii</strong></span> <span class='ocrx_word' id='word_1_545' title='bbox 792 4784 1009 4851; x_wconf 90' lang='lat' dir='ltr'><strong>quidem</strong></span> <span class='ocrx_word' id='word_1_546' title='bbox 1067 4781 1299 4834; x_wconf 84' lang='lat' dir='ltr'><strong>urbibus</strong></span> <span class='ocrx_word' id='word_1_547' title='bbox 1356 4789 1411 4834; x_wconf 89' lang='lat' dir='ltr'><strong>et</strong></span> <span class='ocrx_word' id='word_1_548' title='bbox 1462 4783 1607 4849; x_wconf 81' lang='lat' dir='ltr'><strong>agris</strong></span> <span class='ocrx_word' id='word_1_549' title='bbox 1641 4781 1973 4850; x_wconf 82' lang='lat' dir='ltr'><strong>pellerentur</strong></span> <span class='ocrx_word' id='word_1_550' title='bbox 2011 4803 2023 4838; x_wconf 92' lang='lat'><strong>:</strong></span> 
     </span>
    </p>
   </div>
   <div class='ocr_carea' id='block_1_81' title="bbox 2130 3313 3688 3401">
    <p class='ocr_par' dir='ltr' id='par_1_81' title="bbox 2130 3313 3688 3401">
     <span class='ocr_line' id='line_1_81' title="bbox 2130 3313 3688 3401; baseline 0.006 -31"><span class='ocrx_word' id='word_1_551' title='bbox 2130 3319 2416 3371; x_wconf 64' lang='lat' dir='ltr'><strong>t‘ieetarins</strong></span> <span class='ocrx_word' id='word_1_552' title='bbox 2443 3333 2494 3372; x_wconf 89' lang='lat' dir='ltr'><strong>et</strong></span> <span class='ocrx_word' id='word_1_553' title='bbox 2530 3321 2749 3388; x_wconf 78' lang='lat' dir='ltr'><strong>Agclius</strong></span> <span class='ocrx_word' id='word_1_554' title='bbox 2784 3338 2794 3373; x_wconf 93' lang='lat'>:</span> <span class='ocrx_word' id='word_1_555' title='bbox 2844 3336 2939 3387; x_wconf 90' lang='lat' dir='ltr'><strong>pro</strong></span> <span class='ocrx_word' id='word_1_556' title='bbox 2968 3322 3186 3375; x_wconf 85' lang='lat' dir='ltr'><strong>Arianis</strong></span> <span class='ocrx_word' id='word_1_557' title='bbox 3252 3313 3454 3401; x_wconf 78' lang='lat' dir='ltr'><strong>autem,</strong></span> <span class='ocrx_word' id='word_1_558' title='bbox 3492 3325 3688 3380; x_wconf 86' lang='lat' dir='ltr'><strong>Demo-</strong></span> 
     </span>
    </p>
   </div>
   <div class='ocr_carea' id='block_1_82' title="bbox 2131 3411 3688 3482">
    <p class='ocr_par' dir='ltr' id='par_1_82' title="bbox 2131 3411 3688 3482">
     <span class='ocr_line' id='line_1_82' title="bbox 2131 3411 3688 3482; baseline 0.006 -20"><span class='ocrx_word' id='word_1_559' title='bbox 2131 3412 2310 3479; x_wconf 80' lang='lat' dir='ltr'><strong>philus</strong></span> <span class='ocrx_word' id='word_1_560' title='bbox 2340 3411 2458 3477; x_wconf 80' lang='lat' dir='ltr'><strong>ejus</strong></span> <span class='ocrx_word' id='word_1_561' title='bbox 2493 3419 2653 3465; x_wconf 75' lang='lat' dir='ltr'><strong>secta:</strong></span> <span class='ocrx_word' id='word_1_562' title='bbox 2695 3413 2925 3466; x_wconf 88' lang='lat' dir='ltr'><strong>antistes</strong></span> <span class='ocrx_word' id='word_1_563' title='bbox 2960 3433 2972 3466; x_wconf 87' lang='lat'>:</span> <span class='ocrx_word' id='word_1_564' title='bbox 3028 3429 3127 3482; x_wconf 89' lang='lat' dir='ltr'><strong>pro</strong></span> <span class='ocrx_word' id='word_1_565' title='bbox 3169 3414 3545 3480; x_wconf 83' lang='lat' dir='ltr'><strong>Eunomianis,</strong></span> <span class='ocrx_word' id='word_1_566' title='bbox 3581 3418 3688 3472; x_wconf 86' lang='lat' dir='ltr'><strong>Eu-</strong></span> 
     </span>
    </p>
   </div>
   <div class='ocr_carea' id='block_1_83' title="bbox 2131 3503 3689 3573">
    <p class='ocr_par' dir='ltr' id='par_1_83' title="bbox 2131 3503 3689 3573">
     <span class='ocr_line' id='line_1_83' title="bbox 2131 3503 3689 3573; baseline 0.005 -19"><span class='ocrx_word' id='word_1_567' title='bbox 2131 3503 2344 3555; x_wconf 87' lang='lat' dir='ltr'><strong>nomius</strong></span> <span class='ocrx_word' id='word_1_568' title='bbox 2376 3503 2492 3570; x_wconf 89' lang='lat' dir='ltr'><strong>ipse</strong></span> <span class='ocrx_word' id='word_1_569' title='bbox 2530 3521 2542 3554; x_wconf 92' lang='lat'>:</span> <span class='ocrx_word' id='word_1_570' title='bbox 2578 3518 2675 3570; x_wconf 91' lang='lat' dir='ltr'><strong>pro</strong></span> <span class='ocrx_word' id='word_1_571' title='bbox 2699 3503 2765 3556; x_wconf 93' lang='lat' dir='ltr'><strong>iis</strong></span> <span class='ocrx_word' id='word_1_572' title='bbox 2795 3518 2924 3556; x_wconf 87' lang='lat' dir='ltr'><strong>vero</strong></span> <span class='ocrx_word' id='word_1_573' title='bbox 2952 3506 3043 3573; x_wconf 91' lang='lat' dir='ltr'><strong>qui</strong></span> <span class='ocrx_word' id='word_1_574' title='bbox 3079 3505 3456 3560; x_wconf 82' lang='lat' dir='ltr'><strong>Macedoniani</strong></span> <span class='ocrx_word' id='word_1_575' title='bbox 3489 3510 3689 3564; x_wconf 84' lang='lat' dir='ltr'><strong>dicun-</strong></span> 
     </span>
    </p>
   </div>
   <div class='ocr_carea' id='block_1_84' title="bbox 2129 3589 3689 3670">
    <p class='ocr_par' dir='ltr' id='par_1_84' title="bbox 2129 3589 3689 3670">
     <span class='ocr_line' id='line_1_84' title="bbox 2129 3589 3689 3670; baseline 0.006 -24"><span class='ocrx_word' id='word_1_576' title='bbox 2129 3605 2235 3656; x_wconf 88' lang='lat' dir='ltr'><strong>tur,</strong></span> <span class='ocrx_word' id='word_1_577' title='bbox 2273 3593 2523 3646; x_wconf 88' lang='lat' dir='ltr'><strong>Eleusins</strong></span> <span class='ocrx_word' id='word_1_578' title='bbox 2551 3595 2840 3664; x_wconf 75' lang='lat' dir='ltr'><strong>episcopus</strong></span> <span class='ocrx_word' id='word_1_579' title='bbox 2865 3596 3188 3664; x_wconf 78' lang='lat' dir='ltr'><strong>Cyzicenus.</strong></span> <span class='ocrx_word' id='word_1_580' title='bbox 3225 3597 3417 3660; x_wconf 85' lang='lat' dir='ltr'><strong>Porro,</strong></span> <span class='ocrx_word' id='word_1_581' title='bbox 3446 3589 3689 3670; x_wconf 88' lang='lat' dir='ltr'><strong>acceptis</strong></span> 
     </span>
    </p>
   </div>
   <div class='ocr_carea' id='block_1_85' title="bbox 2129 3685 3689 3753">
    <p class='ocr_par' dir='ltr' id='par_1_85' title="bbox 2129 3685 3689 3753">
     <span class='ocr_line' id='line_1_85' title="bbox 2129 3685 3689 3753; baseline 0.005 -15"><span class='ocrx_word' id='word_1_582' title='bbox 2129 3685 2468 3753; x_wconf 71' lang='lat' dir='ltr'><strong>singulorum</strong></span> <span class='ocrx_word' id='word_1_583' title='bbox 2531 3686 2771 3748; x_wconf 84' lang='lat' dir='ltr'><strong>libellis,</strong></span> <span class='ocrx_word' id='word_1_584' title='bbox 2846 3702 2964 3740; x_wconf 87' lang='lat' dir='ltr'><strong>eam</strong></span> <span class='ocrx_word' id='word_1_585' title='bbox 3015 3688 3188 3742; x_wconf 91' lang='lat' dir='ltr'><strong>solam</strong></span> <span class='ocrx_word' id='word_1_586' title='bbox 3229 3689 3352 3744; x_wconf 87' lang='lat' dir='ltr'><strong>ﬁdei</strong></span> <span class='ocrx_word' id='word_1_587' title='bbox 3401 3691 3689 3746; x_wconf 81' lang='lat' dir='ltr'><strong>formulam</strong></span> 
     </span>
    </p>
   </div>
   <div class='ocr_carea' id='block_1_86' title="bbox 2129 3777 3688 3846">
    <p class='ocr_par' dir='ltr' id='par_1_86' title="bbox 2129 3777 3688 3846">
     <span class='ocr_line' id='line_1_86' title="bbox 2129 3777 3688 3846; baseline 0.006 -18"><span class='ocrx_word' id='word_1_588' title='bbox 2129 3777 2423 3845; x_wconf 81' lang='lat' dir='ltr'><strong>imperator</strong></span> <span class='ocrx_word' id='word_1_589' title='bbox 2457 3779 2728 3845; x_wconf 86' lang='lat' dir='ltr'><strong>probavit,</strong></span> <span class='ocrx_word' id='word_1_590' title='bbox 2762 3794 2881 3846; x_wconf 75' lang='lat' dir='ltr'><strong>qua:</strong></span> <span class='ocrx_word' id='word_1_591' title='bbox 2922 3777 3247 3835; x_wconf 82' lang='lat' dir='ltr'><strong>Trinitatem</strong></span> <span class='ocrx_word' id='word_1_592' title='bbox 3315 3783 3688 3838; x_wconf 84' lang='lat' dir='ltr'><strong>consubstan-</strong></span> 
     </span>
    </p>
   </div>
   <div class='ocr_carea' id='block_1_87' title="bbox 2129 3870 3691 3944">
    <p class='ocr_par' dir='ltr' id='par_1_87' title="bbox 2129 3870 3691 3944">
     <span class='ocr_line' id='line_1_87' title="bbox 2129 3870 3691 3944; baseline 0.006 -23"><span class='ocrx_word' id='word_1_593' title='bbox 2129 3870 2312 3923; x_wconf 89' lang='lat' dir='ltr'><strong>tialem</strong></span> <span class='ocrx_word' id='word_1_594' title='bbox 2346 3881 2652 3930; x_wconf 87' lang='lat' dir='ltr'><strong>assereret:</strong></span> <span class='ocrx_word' id='word_1_595' title='bbox 2689 3872 2927 3940; x_wconf 89' lang='lat' dir='ltr'><strong>reliquas</strong></span> <span class='ocrx_word' id='word_1_596' title='bbox 2955 3888 3106 3934; x_wconf 89' lang='lat' dir='ltr'><strong>vero,</strong></span> <span class='ocrx_word' id='word_1_597' title='bbox 3144 3881 3403 3944; x_wconf 89' lang='lat' dir='ltr'><strong>tanquam</strong></span> <span class='ocrx_word' id='word_1_598' title='bbox 3442 3875 3571 3930; x_wconf 92' lang='lat' dir='ltr'><strong>huic</strong></span> <span class='ocrx_word' id='word_1_599' title='bbox 3590 3876 3691 3930; x_wconf 86' lang='lat' dir='ltr'><strong>ad—</strong></span> 
     </span>
    </p>
   </div>
   <div class='ocr_carea' id='block_1_88' title="bbox 2131 3962 3692 4036">
    <p class='ocr_par' dir='ltr' id='par_1_88' title="bbox 2131 3962 3692 4036">
     <span class='ocr_line' id='line_1_88' title="bbox 2131 3962 3692 4036; baseline 0.008 -23"><span class='ocrx_word' id='word_1_600' title='bbox 2131 3970 2412 4016; x_wconf 84' lang='lat' dir='ltr'><strong>versantes</strong></span> <span class='ocrx_word' id='word_1_601' title='bbox 2439 3962 2755 4031; x_wconf 86' lang='lat' dir='ltr'><strong>discerpsit.</strong></span> <span class='ocrx_word' id='word_1_602' title='bbox 2808 3965 2885 4015; x_wconf 80' lang='lat' dir='ltr'><strong>Ac</strong></span> <span class='ocrx_word' id='word_1_603' title='bbox 2932 3963 3249 4021; x_wconf 75' lang='lat' dir='ltr'><strong>Novatianis</strong></span> <span class='ocrx_word' id='word_1_604' title='bbox 3289 3967 3507 4036; x_wconf 89' lang='lat' dir='ltr'><strong>quidem</strong></span> <span class='ocrx_word' id='word_1_605' title='bbox 3556 3968 3692 4025; x_wconf 89' lang='lat' dir='ltr'><strong>nihil</strong></span> 
     </span>
    </p>
   </div>
   <div class='ocr_carea' id='block_1_89' title="bbox 2131 4051 3692 4120">
    <p class='ocr_par' dir='ltr' id='par_1_89' title="bbox 2131 4051 3692 4120">
     <span class='ocr_line' id='line_1_89' title="bbox 2131 4051 3692 4120; baseline 0.007 -16"><span class='ocrx_word' id='word_1_606' title='bbox 2131 4067 2196 4105; x_wconf 79' lang='lat' dir='ltr'><strong>ex</strong></span> <span class='ocrx_word' id='word_1_607' title='bbox 2233 4053 2333 4103; x_wconf 87' lang='lat' dir='ltr'><strong>hoc</strong></span> <span class='ocrx_word' id='word_1_608' title='bbox 2362 4053 2582 4119; x_wconf 79' lang='lat' dir='ltr'><strong>negotio</strong></span> <span class='ocrx_word' id='word_1_609' title='bbox 2640 4051 2842 4105; x_wconf 86' lang='lat' dir='ltr'><strong>accidit</strong></span> <span class='ocrx_word' id='word_1_610' title='bbox 2896 4061 3091 4120; x_wconf 56' lang='lat' dir='ltr'><strong>prater</strong></span> <span class='ocrx_word' id='word_1_611' title='bbox 3152 4057 3504 4110; x_wconf 88' lang='lat' dir='ltr'><strong>sententiam.</strong></span> <span class='ocrx_word' id='word_1_612' title='bbox 3550 4058 3692 4115; x_wconf 84' lang='lat' dir='ltr'><strong>Idem</strong></span> 
     </span>
    </p>
   </div>
   <div class='ocr_carea' id='block_1_90' title="bbox 2130 4139 3694 4206">
    <p class='ocr_par' dir='ltr' id='par_1_90' title="bbox 2130 4139 3694 4206">
     <span class='ocr_line' id='line_1_90' title="bbox 2130 4139 3694 4206; baseline 0.007 -14"><span class='ocrx_word' id='word_1_613' title='bbox 2130 4140 2273 4193; x_wconf 89' lang='lat' dir='ltr'><strong>enim</strong></span> <span class='ocrx_word' id='word_1_614' title='bbox 2311 4139 2453 4206; x_wconf 90' lang='lat' dir='ltr'><strong>quod</strong></span> <span class='ocrx_word' id='word_1_615' title='bbox 2487 4139 2727 4193; x_wconf 78' lang='lat' dir='ltr'><strong>Ecclesia</strong></span> <span class='ocrx_word' id='word_1_616' title='bbox 2758 4141 3028 4194; x_wconf 87' lang='lat' dir='ltr'><strong>catholica</strong></span> <span class='ocrx_word' id='word_1_617' title='bbox 3106 4142 3171 4196; x_wconf 91' lang='lat' dir='ltr'><strong>de</strong></span> <span class='ocrx_word' id='word_1_618' title='bbox 3224 4142 3513 4200; x_wconf 80' lang='lat' dir='ltr'><strong>divinitate</strong></span> <span class='ocrx_word' id='word_1_619' title='bbox 3566 4163 3694 4202; x_wconf 79' lang='lat' dir='ltr'><strong>sen-</strong></span> 
     </span>
    </p>
   </div>
   <div class='ocr_carea' id='block_1_91' title="bbox 2135 4229 3689 4302">
    <p class='ocr_par' dir='ltr' id='par_1_91' title="bbox 2135 4229 3689 4302">
     <span class='ocr_line' id='line_1_91' title="bbox 2135 4229 3689 4302; baseline 0.006 -19"><span class='ocrx_word' id='word_1_620' title='bbox 2135 4234 2292 4283; x_wconf 90' lang='lat' dir='ltr'><strong>tiunt.</strong></span> <span class='ocrx_word' id='word_1_621' title='bbox 2327 4229 2518 4282; x_wconf 62' lang='lat' dir='ltr'><strong>(ketcri</strong></span> <span class='ocrx_word' id='word_1_622' title='bbox 2555 4244 2683 4282; x_wconf 86' lang='lat' dir='ltr'><strong>vero</strong></span> <span class='ocrx_word' id='word_1_623' title='bbox 2741 4230 3018 4299; x_wconf 89' lang='lat' dir='ltr'><strong>episcopis</strong></span> <span class='ocrx_word' id='word_1_624' title='bbox 3065 4235 3182 4287; x_wconf 89' lang='lat' dir='ltr'><strong>suis</strong></span> <span class='ocrx_word' id='word_1_625' title='bbox 3233 4247 3689 4302; x_wconf 89' lang='lat' dir='ltr'><strong>suecensuerunt,</strong></span> 
     </span>
    </p>
   </div>
   <div class='ocr_carea' id='block_1_92' title="bbox 2131 4322 3696 4399">
    <p class='ocr_par' dir='ltr' id='par_1_92' title="bbox 2131 4322 3696 4399">
     <span class='ocr_line' id='line_1_92' title="bbox 2131 4322 3696 4399; baseline 0.008 -26"><span class='ocrx_word' id='word_1_626' title='bbox 2131 4322 2272 4391; x_wconf 88' lang='lat' dir='ltr'><strong>quod</strong></span> <span class='ocrx_word' id='word_1_627' title='bbox 2325 4337 2506 4374; x_wconf 87' lang='lat' dir='ltr'><strong>coram</strong></span> <span class='ocrx_word' id='word_1_628' title='bbox 2561 4322 2927 4389; x_wconf 86' lang='lat' dir='ltr'><strong>imperatore,</strong></span> <span class='ocrx_word' id='word_1_629' title='bbox 2974 4325 3267 4392; x_wconf 80' lang='lat' dir='ltr'><strong>pugnantia</strong></span> <span class='ocrx_word' id='word_1_630' title='bbox 3324 4341 3508 4381; x_wconf 90' lang='lat' dir='ltr'><strong>secum</strong></span> <span class='ocrx_word' id='word_1_631' title='bbox 3561 4332 3696 4399; x_wconf 87' lang='lat' dir='ltr'><strong>ipsis</strong></span> 
     </span>
    </p>
   </div>
   <div class='ocr_carea' id='block_1_93' title="bbox 2132 4412 3690 4485">
    <p class='ocr_par' dir='ltr' id='par_1_93' title="bbox 2132 4412 3690 4485">
     <span class='ocr_line' id='line_1_93' title="bbox 2132 4412 3690 4485; baseline 0.004 -19"><span class='ocrx_word' id='word_1_632' title='bbox 2132 4421 2293 4482; x_wconf 90' lang='lat' dir='ltr'><strong>atque</strong></span> <span class='ocrx_word' id='word_1_633' title='bbox 2324 4412 2623 4472; x_wconf 87' lang='lat' dir='ltr'><strong>contraria,</strong></span> <span class='ocrx_word' id='word_1_634' title='bbox 2664 4413 2916 4480; x_wconf 83' lang='lat' dir='ltr'><strong>imperite</strong></span> <span class='ocrx_word' id='word_1_635' title='bbox 2966 4415 3262 4471; x_wconf 81' lang='lat' dir='ltr'><strong>dixissent.</strong></span> <span class='ocrx_word' id='word_1_636' title='bbox 3314 4415 3467 4472; x_wconf 84' lang='lat' dir='ltr'><strong>Multi</strong></span> <span class='ocrx_word' id='word_1_637' title='bbox 3501 4422 3690 4485; x_wconf 87' lang='lat' dir='ltr'><strong>etiam,</strong></span> 
     </span>
    </p>
   </div>
   <div class='ocr_carea' id='block_1_94' title="bbox 2132 4503 3696 4574">
    <p class='ocr_par' dir='ltr' id='par_1_94' title="bbox 2132 4503 3696 4574">
     <span class='ocr_line' id='line_1_94' title="bbox 2132 4503 3696 4574; baseline 0.005 -15"><span class='ocrx_word' id='word_1_638' title='bbox 2132 4505 2404 4559; x_wconf 89' lang='lat' dir='ltr'><strong>damnatis</strong></span> <span class='ocrx_word' id='word_1_639' title='bbox 2433 4504 2561 4564; x_wconf 82' lang='lat' dir='ltr'><strong>illis,</strong></span> <span class='ocrx_word' id='word_1_640' title='bbox 2596 4503 2659 4555; x_wconf 88' lang='lat' dir='ltr'><strong>ad</strong></span> <span class='ocrx_word' id='word_1_641' title='bbox 2685 4519 2801 4556; x_wconf 89' lang='lat' dir='ltr'><strong>eam</strong></span> <span class='ocrx_word' id='word_1_642' title='bbox 2831 4504 2985 4557; x_wconf 86' lang='lat' dir='ltr'><strong>ﬁdem</strong></span> <span class='ocrx_word' id='word_1_643' title='bbox 3019 4521 3139 4573; x_wconf 67' lang='lat' dir='ltr'><strong>quae</strong></span> <span class='ocrx_word' id='word_1_644' title='bbox 3169 4508 3392 4574; x_wconf 88' lang='lat' dir='ltr'><strong>probata</strong></span> <span class='ocrx_word' id='word_1_645' title='bbox 3425 4509 3602 4564; x_wconf 86' lang='lat' dir='ltr'><strong>fuerat</strong></span> <span class='ocrx_word' id='word_1_646' title='bbox 3634 4527 3696 4567; x_wconf 85' lang='lat' dir='ltr'><strong>se</strong></span> 
     </span>
    </p>
   </div>
   <div class='ocr_carea' id='block_1_95' title="bbox 2063 4591 3695 4670">
    <p class='ocr_par' dir='ltr' id='par_1_95' title="bbox 2063 4591 3695 4670">
     <span class='ocr_line' id='line_1_95' title="bbox 2063 4591 3695 4670; baseline 0.003 -20"><span class='ocrx_word' id='word_1_647' title='bbox 2063 4591 2114 4650; x_wconf 73' lang='grc' dir='ltr'><strong>Ι)</strong></span> <span class='ocrx_word' id='word_1_648' title='bbox 2140 4595 2561 4650; x_wconf 85' lang='lat' dir='ltr'><strong>transtulerunt.</strong></span> <span class='ocrx_word' id='word_1_649' title='bbox 2599 4593 2867 4648; x_wconf 61' lang='lat' dir='ltr'><strong>Craterum</strong></span> <span class='ocrx_word' id='word_1_650' title='bbox 2910 4595 3211 4663; x_wconf 87' lang='lat' dir='ltr'><strong>imperator</strong></span> <span class='ocrx_word' id='word_1_651' title='bbox 3245 4601 3359 4667; x_wconf 79' lang='lat' dir='ltr'><strong>lege</strong></span> <span class='ocrx_word' id='word_1_652' title='bbox 3409 4600 3514 4652; x_wconf 89' lang='lat' dir='ltr'><strong>lata</strong></span> <span class='ocrx_word' id='word_1_653' title='bbox 3557 4617 3695 4670; x_wconf 73' lang='lat' dir='ltr'><strong>prte-</strong></span> 
     </span>
    </p>
   </div>
   <div class='ocr_carea' id='block_1_96' title="bbox 1639 4688 3692 4755">
    <p class='ocr_par' dir='ltr' id='par_1_96' title="bbox 1639 4688 3692 4755">
     <span class='ocr_line' id='line_1_96' title="bbox 1639 4688 3692 4755; baseline 0.004 -16"><span class='ocrx_word' id='word_1_654' title='bbox 1639 4703 1772 4742; x_wconf 89' lang='lat' dir='ltr'><strong>neve</strong></span> <span class='ocrx_word' id='word_1_655' title='bbox 1829 4688 1896 4742; x_wconf 88' lang='lat' dir='ltr'><strong>de</strong></span> <span class='ocrx_word' id='word_1_656' title='bbox 1952 4689 2055 4745; x_wconf 92' lang='lat' dir='ltr'><strong>ﬁde</strong></span> <span class='ocrx_word' id='word_1_657' title='bbox 2133 4689 2413 4747; x_wconf 80' lang='lat' dir='ltr'><strong>docerent,</strong></span> <span class='ocrx_word' id='word_1_658' title='bbox 2467 4702 2601 4740; x_wconf 86' lang='lat' dir='ltr'><strong>neve</strong></span> <span class='ocrx_word' id='word_1_659' title='bbox 2653 4688 2939 4755; x_wconf 83' lang='lat' dir='ltr'><strong>episcopos</strong></span> <span class='ocrx_word' id='word_1_660' title='bbox 2986 4697 3080 4741; x_wconf 87' lang='lat' dir='ltr'><strong>aut</strong></span> <span class='ocrx_word' id='word_1_661' title='bbox 3133 4689 3268 4744; x_wconf 91' lang='lat' dir='ltr'><strong>alios</strong></span> <span class='ocrx_word' id='word_1_662' title='bbox 3322 4691 3692 4748; x_wconf 89' lang='lat' dir='ltr'><strong>ordinarcnt:</strong></span> 
     </span>
    </p>
   </div>
   <div class='ocr_carea' id='block_1_97' title="bbox 2093 4781 3697 4856">
    <p class='ocr_par' dir='ltr' id='par_1_97' title="bbox 2093 4781 3697 4856">
     <span class='ocr_line' id='line_1_97' title="bbox 2093 4781 3697 4856; baseline 0.003 -18"><span class='ocrx_word' id='word_1_663' title='bbox 2093 4785 2196 4838; x_wconf 78' lang='lat' dir='ltr'><strong>alii</strong></span> <span class='ocrx_word' id='word_1_664' title='bbox 2261 4799 2391 4838; x_wconf 86' lang='lat' dir='ltr'><strong>vero</strong></span> <span class='ocrx_word' id='word_1_665' title='bbox 2423 4789 2747 4836; x_wconf 88' lang='lat' dir='ltr'><strong>notarentur</strong></span> <span class='ocrx_word' id='word_1_666' title='bbox 2783 4781 3031 4847; x_wconf 89' lang='lat' dir='ltr'><strong>infamia,</strong></span> <span class='ocrx_word' id='word_1_667' title='bbox 3076 4800 3179 4840; x_wconf 89' lang='lat' dir='ltr'><strong>nec</strong></span> <span class='ocrx_word' id='word_1_668' title='bbox 3223 4785 3312 4854; x_wconf 89' lang='lat' dir='ltr'><strong>jus</strong></span> <span class='ocrx_word' id='word_1_669' title='bbox 3363 4802 3576 4856; x_wconf 60' lang='lat' dir='ltr'><strong>aequum</strong></span> <span class='ocrx_word' id='word_1_670' title='bbox 3619 4791 3697 4843; x_wconf 91' lang='lat' dir='ltr'><strong>ci-</strong></span> 
     </span>
    </p>
   </div>
   <div class='ocr_carea' id='block_1_98' title="bbox 471 4877 3695 4950">
    <p class='ocr_par' dir='ltr' id='par_1_98' title="bbox 471 4877 3695 4950">
     <span class='ocr_line' id='line_1_98' title="bbox 471 4877 3695 4950; baseline 0.002 -20"><span class='ocrx_word' id='word_1_671' title='bbox 471 4880 654 4931; x_wconf 82' lang='lat' dir='ltr'><strong>vitatis</strong></span> <span class='ocrx_word' id='word_1_672' title='bbox 690 4894 812 4930; x_wconf 86' lang='lat' dir='ltr'><strong>cum</strong></span> <span class='ocrx_word' id='word_1_673' title='bbox 859 4877 1083 4938; x_wconf 83' lang='lat' dir='ltr'><strong>reliquis</strong></span> <span class='ocrx_word' id='word_1_674' title='bbox 1113 4878 1330 4929; x_wconf 74' lang='lat' dir='ltr'><strong>civilius</strong></span> <span class='ocrx_word' id='word_1_675' title='bbox 1411 4878 1776 4944; x_wconf 87' lang='lat' dir='ltr'><strong>possiderent.</strong></span> <span class='ocrx_word' id='word_1_676' title='bbox 1814 4877 1875 4929; x_wconf 71' lang='lat' dir='ltr'><strong>Iit</strong></span> <span class='ocrx_word' id='word_1_677' title='bbox 1910 4895 2102 4947; x_wconf 74' lang='lat' dir='ltr'><strong>graves</strong></span> <span class='ocrx_word' id='word_1_678' title='bbox 2171 4880 2387 4949; x_wconf 88' lang='lat' dir='ltr'><strong>quidem</strong></span> <span class='ocrx_word' id='word_1_679' title='bbox 2457 4892 2647 4946; x_wconf 71' lang='lat' dir='ltr'><strong>ptrnas</strong></span> <span class='ocrx_word' id='word_1_680' title='bbox 2714 4878 2922 4948; x_wconf 72' lang='lat' dir='ltr'><strong>legibus</strong></span> <span class='ocrx_word' id='word_1_681' title='bbox 2977 4879 3094 4933; x_wconf 90' lang='lat' dir='ltr'><strong>suis</strong></span> <span class='ocrx_word' id='word_1_682' title='bbox 3159 4882 3460 4950; x_wconf 87' lang='lat' dir='ltr'><strong>aseripsit:</strong></span> <span class='ocrx_word' id='word_1_683' title='bbox 3517 4883 3695 4939; x_wconf 87' lang='lat' dir='ltr'><strong>haud-</strong></span> 
     </span>
    </p>
   </div>
   <div class='ocr_carea' id='block_1_99' title="bbox 471 4968 3695 5041">
    <p class='ocr_par' dir='ltr' id='par_1_99' title="bbox 471 4968 3695 5041">
     <span class='ocr_line' id='line_1_99' title="bbox 471 4968 3695 5041; baseline 0.003 -21"><span class='ocrx_word' id='word_1_684' title='bbox 471 4987 746 5038; x_wconf 84' lang='lat' dir='ltr'><strong>quaquam</strong></span> <span class='ocrx_word' id='word_1_685' title='bbox 810 4981 991 5023; x_wconf 83' lang='lat' dir='ltr'><strong>tamen</strong></span> <span class='ocrx_word' id='word_1_686' title='bbox 1029 4968 1360 5021; x_wconf 74' lang='lat' dir='ltr'><strong>exsecutioni</strong></span> <span class='ocrx_word' id='word_1_687' title='bbox 1394 4969 1692 5020; x_wconf 79' lang='lat' dir='ltr'><strong>mandavit.</strong></span> <span class='ocrx_word' id='word_1_688' title='bbox 1723 4968 1907 5038; x_wconf 69' lang='lat' dir='ltr'><strong>Neque</strong></span> <span class='ocrx_word' id='word_1_689' title='bbox 1941 4971 2084 5023; x_wconf 88' lang='lat' dir='ltr'><strong>enim</strong></span> <span class='ocrx_word' id='word_1_690' title='bbox 2126 4973 2317 5040; x_wconf 88' lang='lat' dir='ltr'><strong>punire</strong></span> <span class='ocrx_word' id='word_1_691' title='bbox 2352 4971 2617 5028; x_wconf 82' lang='lat' dir='ltr'><strong>subditos.</strong></span> <span class='ocrx_word' id='word_1_692' title='bbox 2641 4975 2734 5027; x_wconf 86' lang='lat' dir='ltr'><strong>sed</strong></span> <span class='ocrx_word' id='word_1_693' title='bbox 2765 4981 2969 5024; x_wconf 90' lang='lat' dir='ltr'><strong>terrere</strong></span> <span class='ocrx_word' id='word_1_694' title='bbox 3007 4973 3381 5029; x_wconf 83' lang='lat' dir='ltr'><strong>tantummodo</strong></span> <span class='ocrx_word' id='word_1_695' title='bbox 3418 4975 3695 5041; x_wconf 86' lang='lat' dir='ltr'><strong>studebat,</strong></span> 
     </span>
    </p>
   </div>
   <div class='ocr_carea' id='block_1_100' title="bbox 474 5059 3504 5138">
    <p class='ocr_par' dir='ltr' id='par_1_100' title="bbox 474 5059 3504 5138">
     <span class='ocr_line' id='line_1_100' title="bbox 474 5059 3504 5138; baseline 0.001 -20"><span class='ocrx_word' id='word_1_696' title='bbox 474 5077 531 5118; x_wconf 85' lang='lat' dir='ltr'><strong>ut</strong></span> <span class='ocrx_word' id='word_1_697' title='bbox 559 5065 698 5117; x_wconf 82' lang='lat' dir='ltr'><strong>idem</strong></span> <span class='ocrx_word' id='word_1_698' title='bbox 736 5078 856 5115; x_wconf 78' lang='lat' dir='ltr'><strong>eum</strong></span> <span class='ocrx_word' id='word_1_699' title='bbox 897 5063 1014 5129; x_wconf 83' lang='lat' dir='ltr'><strong>ipso</strong></span> <span class='ocrx_word' id='word_1_700' title='bbox 1042 5061 1108 5115; x_wconf 90' lang='lat' dir='ltr'><strong>de</strong></span> <span class='ocrx_word' id='word_1_701' title='bbox 1145 5059 1435 5116; x_wconf 83' lang='lat' dir='ltr'><strong>Divinitate</strong></span> <span class='ocrx_word' id='word_1_702' title='bbox 1463 5063 1750 5117; x_wconf 87' lang='lat' dir='ltr'><strong>sentirent.</strong></span> <span class='ocrx_word' id='word_1_703' title='bbox 1787 5061 1920 5115; x_wconf 83' lang='lat' dir='ltr'><strong>Nam</strong></span> <span class='ocrx_word' id='word_1_704' title='bbox 1968 5073 2024 5115; x_wconf 71' lang='lat' dir='ltr'><strong>et</strong></span> <span class='ocrx_word' id='word_1_705' title='bbox 2064 5063 2184 5118; x_wconf 90' lang='lat' dir='ltr'><strong>illos</strong></span> <span class='ocrx_word' id='word_1_706' title='bbox 2219 5065 2493 5129; x_wconf 88' lang='lat' dir='ltr'><strong>laudabat,</strong></span> <span class='ocrx_word' id='word_1_707' title='bbox 2527 5068 2616 5138; x_wconf 87' lang='lat' dir='ltr'><strong>qui</strong></span> <span class='ocrx_word' id='word_1_708' title='bbox 2681 5083 2776 5121; x_wconf 89' lang='lat' dir='ltr'><strong>sua</strong></span> <span class='ocrx_word' id='word_1_709' title='bbox 2814 5074 3007 5135; x_wconf 84' lang='lat' dir='ltr'><strong>sponte</strong></span> <span class='ocrx_word' id='word_1_710' title='bbox 3037 5076 3504 5121; x_wconf 88' lang='lat' dir='ltr'><strong>converterentur.</strong></span> 
     </span>
    </p>
   </div>
   <div class='ocr_carea' id='block_1_101' title="bbox 1610 5218 2469 5279">
    <p class='ocr_par' dir='ltr' id='par_1_101' title="bbox 1610 5218 2469 5279">
     <span class='ocr_line' id='line_1_101' title="bbox 1610 5218 2469 5279; baseline 0.01 -9"><span class='ocrx_word' id='word_1_711' title='bbox 1610 5218 1880 5271; x_wconf 74' lang='lat' dir='ltr'><strong>VALESII</strong></span> <span class='ocrx_word' id='word_1_712' title='bbox 1919 5220 2469 5279; x_wconf 71' lang='lat' dir='ltr'><strong>ANNOTATIONES.</strong></span> 
     </span>
    </p>
   </div>
   <div class='ocr_carea' id='block_1_102' title="bbox 547 5329 2030 5403">
    <p class='ocr_par' dir='ltr' id='par_1_102' title="bbox 547 5329 2030 5403">
     <span class='ocr_line' id='line_1_102' title="bbox 547 5329 2030 5403; baseline 0.005 -21"><span class='ocrx_word' id='word_1_713' title='bbox 547 5329 621 5396; x_wconf 74' lang='lat'><strong>(&#39;7)</strong></span> <span class='ocrx_word' id='word_1_714' title='bbox 665 5329 725 5403; x_wconf 72' lang='grc' dir='ltr'><em>ὀ</em></span> <span class='ocrx_word' id='word_1_715' title='bbox 754 5329 820 5380; x_wconf 71' lang='grc' dir='ltr'>δὲ</span> <span class='ocrx_word' id='word_1_716' title='bbox 855 5330 1150 5396; x_wconf 76' lang='grc' dir='ltr'>βασιλεὺς</span> <span class='ocrx_word' id='word_1_717' title='bbox 1183 5330 1530 5400; x_wconf 68' lang='grc' dir='ltr'>νομοθετῶν.</span> <span class='ocrx_word' id='word_1_718' title='bbox 1565 5333 1815 5403; x_wconf 79' lang='lat' dir='ltr'><strong>lntelligit</strong></span> <span class='ocrx_word' id='word_1_719' title='bbox 1859 5334 2030 5388; x_wconf 83' lang='lat' dir='ltr'><strong>Sozo-</strong></span> 
     </span>
    </p>
   </div>
   <div class='ocr_carea' id='block_1_103' title="bbox 477 5401 2030 5474">
    <p class='ocr_par' dir='ltr' id='par_1_103' title="bbox 477 5401 2030 5474">
     <span class='ocr_line' id='line_1_103' title="bbox 477 5401 2030 5474; baseline 0.003 -21"><span class='ocrx_word' id='word_1_720' title='bbox 477 5415 670 5474; x_wconf 78' lang='lat' dir='ltr'><strong>rnenus</strong></span> <span class='ocrx_word' id='word_1_721' title='bbox 705 5401 1457 5474; x_wconf 52' lang='lat' dir='ltr'><strong>IegcnrsertamLseptimam</strong></span> <span class='ocrx_word' id='word_1_722' title='bbox 1505 5410 1558 5455; x_wconf 91' lang='lat' dir='ltr'><strong>et</strong></span> <span class='ocrx_word' id='word_1_723' title='bbox 1591 5401 1875 5470; x_wconf 71' lang='lat' dir='ltr'><strong>sequentes</strong></span> <span class='ocrx_word' id='word_1_724' title='bbox 1911 5422 2030 5474; x_wconf 71' lang='lat' dir='ltr'><strong>qua:</strong></span> 
     </span>
    </p>
   </div>
   <div class='ocr_carea' id='block_1_104' title="bbox 479 5469 2028 5547">
    <p class='ocr_par' dir='ltr' id='par_1_104' title="bbox 479 5469 2028 5547">
     <span class='ocr_line' id='line_1_104' title="bbox 479 5469 2028 5547; baseline 0.006 -26"><span class='ocrx_word' id='word_1_725' title='bbox 479 5469 773 5547; x_wconf 81' lang='lat' dir='ltr'><strong>habentur</strong></span> <span class='ocrx_word' id='word_1_726' title='bbox 802 5471 853 5521; x_wconf 90' lang='lat' dir='ltr'><strong>in</strong></span> <span class='ocrx_word' id='word_1_727' title='bbox 877 5469 1076 5526; x_wconf 79' lang='lat' dir='ltr'><strong>Codice</strong></span> <span class='ocrx_word' id='word_1_728' title='bbox 1120 5469 1522 5535; x_wconf 83' lang='lat' dir='ltr'><strong>Theodosiano,</strong></span> <span class='ocrx_word' id='word_1_729' title='bbox 1550 5469 1709 5526; x_wconf 85' lang='lat' dir='ltr'><strong>titulo</strong></span> <span class='ocrx_word' id='word_1_730' title='bbox 1746 5477 1818 5528; x_wconf 82' lang='lat' dir='ltr'><strong>Ue</strong></span> <span class='ocrx_word' id='word_1_731' title='bbox 1858 5469 2028 5530; x_wconf 70' lang='lat' dir='ltr'><strong>luere-</strong></span> 
     </span>
    </p>
   </div>
   <div class='ocr_carea' id='block_1_105' title="bbox 482 5557 2024 5686">
    <p class='ocr_par' dir='ltr' id='par_1_105' title="bbox 482 5557 2024 5686">
     <span class='ocr_line' id='line_1_105' title="bbox 482 5557 2024 5686; baseline 0.003 -21"><span class='ocrx_word' id='word_1_732' title='bbox 482 5557 622 5684; x_wconf 49' lang='grc' dir='ltr'><strong>Ἠίὲδ</strong></span> <span class='ocrx_word' id='word_1_733' title='bbox 662 5610 803 5676; x_wconf 79' lang='grc' dir='ltr'>Τοὺς</span> <span class='ocrx_word' id='word_1_734' title='bbox 824 5609 910 5676; x_wconf 82' lang='grc' dir='ltr'>δὲ,</span> <span class='ocrx_word' id='word_1_735' title='bbox 932 5613 1177 5683; x_wconf 76' lang='grc' dir='ltr'>ἀτίμους</span> <span class='ocrx_word' id='word_1_736' title='bbox 1196 5608 1364 5669; x_wconf 72' lang='grc' dir='ltr'>εἶναι.</span> <span class='ocrx_word' id='word_1_737' title='bbox 1396 5614 1721 5671; x_wconf 70' lang='lat' dir='ltr'><strong>Manicharos</strong></span> <span class='ocrx_word' id='word_1_738' title='bbox 1748 5615 2024 5686; x_wconf 84' lang='lat' dir='ltr'><strong>intelligit.</strong></span> 
     </span>
    </p>
   </div>
   <div class='ocr_carea' id='block_1_106' title="bbox 2138 5339 3696 5413">
    <p class='ocr_par' dir='ltr' id='par_1_106' title="bbox 2138 5339 3696 5413">
     <span class='ocr_line' id='line_1_106' title="bbox 2138 5339 3696 5413; baseline 0.003 -21"><span class='ocrx_word' id='word_1_739' title='bbox 2138 5339 2201 5392; x_wconf 90' lang='lat' dir='ltr'><strong>Ili</strong></span> <span class='ocrx_word' id='word_1_740' title='bbox 2238 5343 2380 5395; x_wconf 91' lang='lat' dir='ltr'><strong>enim</strong></span> <span class='ocrx_word' id='word_1_741' title='bbox 2409 5358 2516 5411; x_wconf 75' lang='lat' dir='ltr'><strong>pra:</strong></span> <span class='ocrx_word' id='word_1_742' title='bbox 2539 5344 2750 5399; x_wconf 69' lang='lat' dir='ltr'><strong>caeteris</strong></span> <span class='ocrx_word' id='word_1_743' title='bbox 2775 5344 3007 5402; x_wconf 89' lang='lat' dir='ltr'><strong>infames</strong></span> <span class='ocrx_word' id='word_1_744' title='bbox 3031 5361 3152 5400; x_wconf 89' lang='lat' dir='ltr'><strong>esse</strong></span> <span class='ocrx_word' id='word_1_745' title='bbox 3183 5345 3446 5413; x_wconf 88' lang='lat' dir='ltr'><strong>juhentnr</strong></span> <span class='ocrx_word' id='word_1_746' title='bbox 3480 5362 3493 5398; x_wconf 65' lang='grc' dir='ltr'><strong>ι</strong></span> <span class='ocrx_word' id='word_1_747' title='bbox 3530 5343 3600 5396; x_wconf 83' lang='lat' dir='ltr'><strong>ita</strong></span> <span class='ocrx_word' id='word_1_748' title='bbox 3638 5353 3696 5397; x_wconf 87' lang='lat' dir='ltr'><strong>ut</strong></span> 
     </span>
    </p>
   </div>
   <div class='ocr_carea' id='block_1_107' title="bbox 2139 5415 3696 5479">
    <p class='ocr_par' dir='ltr' id='par_1_107' title="bbox 2139 5415 3696 5479">
     <span class='ocr_line' id='line_1_107' title="bbox 2139 5415 3696 5479; baseline 0.002 -17"><span class='ocrx_word' id='word_1_749' title='bbox 2139 5426 2239 5464; x_wconf 86' lang='lat' dir='ltr'><strong>nec</strong></span> <span class='ocrx_word' id='word_1_750' title='bbox 2277 5416 2582 5467; x_wconf 88' lang='lat' dir='ltr'><strong>testamenti</strong></span> <span class='ocrx_word' id='word_1_751' title='bbox 2621 5415 2878 5479; x_wconf 81' lang='lat' dir='ltr'><strong>faciendi,</strong></span> <span class='ocrx_word' id='word_1_752' title='bbox 2941 5431 3040 5470; x_wconf 89' lang='lat' dir='ltr'><strong>nec</strong></span> <span class='ocrx_word' id='word_1_753' title='bbox 3093 5431 3158 5471; x_wconf 86' lang='lat' dir='ltr'><strong>ex</strong></span> <span class='ocrx_word' id='word_1_754' title='bbox 3215 5421 3538 5469; x_wconf 89' lang='lat' dir='ltr'><strong>testamento</strong></span> <span class='ocrx_word' id='word_1_755' title='bbox 3602 5431 3696 5465; x_wconf 82' lang='lat' dir='ltr'><strong>t-a-</strong></span> 
     </span>
    </p>
   </div>
   <div class='ocr_carea' id='block_1_108' title="bbox 2140 5482 3693 5553">
    <p class='ocr_par' dir='ltr' id='par_1_108' title="bbox 2140 5482 3693 5553">
     <span class='ocr_line' id='line_1_108' title="bbox 2140 5482 3693 5553; baseline 0.003 -21"><span class='ocrx_word' id='word_1_756' title='bbox 2140 5482 2320 5553; x_wconf 85' lang='lat' dir='ltr'><strong>piendi</strong></span> <span class='ocrx_word' id='word_1_757' title='bbox 2350 5484 2515 5536; x_wconf 89' lang='lat' dir='ltr'><strong>ullam</strong></span> <span class='ocrx_word' id='word_1_758' title='bbox 2540 5484 2776 5540; x_wconf 84' lang='lat' dir='ltr'><strong>habeant</strong></span> <span class='ocrx_word' id='word_1_759' title='bbox 2809 5485 3142 5551; x_wconf 83' lang='lat' dir='ltr'><strong>facultatem,</strong></span> <span class='ocrx_word' id='word_1_760' title='bbox 3175 5495 3232 5540; x_wconf 91' lang='lat' dir='ltr'><strong>ut</strong></span> <span class='ocrx_word' id='word_1_761' title='bbox 3257 5487 3332 5538; x_wconf 87' lang='lat' dir='ltr'><strong>ait</strong></span> <span class='ocrx_word' id='word_1_762' title='bbox 3357 5486 3442 5539; x_wconf 68' lang='lat' dir='ltr'><strong>let</strong></span> <span class='ocrx_word' id='word_1_763' title='bbox 3464 5483 3693 5553; x_wconf 84' lang='lat' dir='ltr'><strong>septima</strong></span> 
     </span>
    </p>
   </div>
   <div class='ocr_carea' id='block_1_109' title="bbox 2134 5552 2543 5608">
    <p class='ocr_par' dir='ltr' id='par_1_109' title="bbox 2134 5552 2543 5608">
     <span class='ocr_line' id='line_1_109' title="bbox 2134 5552 2543 5608; baseline 0.007 -3"><span class='ocrx_word' id='word_1_764' title='bbox 2134 5552 2321 5608; x_wconf 81' lang='lat' dir='ltr'><strong>codice</strong></span> <span class='ocrx_word' id='word_1_765' title='bbox 2359 5554 2543 5608; x_wconf 85' lang='lat' dir='ltr'><strong>citato.</strong></span> 
     </span>
    </p>
   </div>
  </div>
