4460 6634
370 458 508 517 Ηὰθ

1287 447 1615 509 HISTORIA
1655 446 2222 509 ECCLESIASTICA.
2256 449 2476 506 —LIB.
2512 446 2623 506 νη.

3479 446 3618 508 μίὄῦ

363 574 502 643 μήτε
538 571 781 643 μείζονος
825 569 1233 641 μεταποιεῖσθαι
1275 572 1449 641 φήσας
1490 570 1581 624 ἐπὶ
1619 569 1793 641 μισθῷ
1818 570 1946 622 ἀσε-
1976 578 2021 633 Α
2049 580 2124 636 gr:

1858 586 1946 622 σε·
1976 567 2253 636 Αςνιιίὶυε
2312 567 2707 636 pollicitatione
2757 567 3101 631 demulcens,
3161 568 3328 639 coepit
3384 568 3617 624 hortari.

358 664 530 728 δεῖξις.
565 666 715 718 Ἐπεὶ
736 661 828 717 οὖν
860 666 1046 734 ἐνέστη
1082 665 1155 735 μή
1191 680 1319 716 ποτε
1352 664 1508 716 τοῦτο
1528 661 1943 734 διαπράξασθαι,

359 753 538 824 ἕτεροι
568 756 956 825 διηκονήσαντο
986 754 1124 822 πρὸς
1168 753 1265 824 τὴν
1299 752 1443 806 θέσιν
1469 753 1562 806 τοῦ
1589 753 1830 806 τοιούτου
1856 754 1943 806 v6-

362 864 487 917 μου.
558 846 959 918 Παρεκελεύετο
1017 846 1073 899 δὲ
1108 846 1276 908 ἀδεῶς
1303 848 1540 899 συνιέναι
1584 848 1710 909 τοὺς
1745 845 1946 915 ὁμοίως

355 937 678 1005 δοξάζοντας
729 941 841 1001 τοῖς
886 941 943 992 ἐν
1013 938 1295 1009 Ἀριμίνῳ,
1359 940 1450 991 καὶ
1493 938 1630 1007 μετά
1676 937 1848 990 ταῦτα
1885 937 1943 989 ἐν

362 1030 940 1085 Κωνσταντινουπόλει
971 1030 1385 1099 συνεληλυθόσι*
1432 1031 1555 1093 τοὺς
1589 1030 1646 1083 δὲ
1693 1028 1941 1100 ἐμποδὼν

360 1123 708 1192 γενομένους,
769 1122 802 1192 ἦ
854 1121 1069 1175 ἐναντία
1129 1120 1206 1191 τῷ
1246 1122 1394 1193 νόμῳ
1448 1120 1709 1192 βασιλέως
1757 1121 1942 1193 δεομέ-

361 1230 484 1277 νους
515 1212 648 1282 (12),
681 1214 894 1287 θανάτῳ
924 1211 1267 1283 ζημιοῦσθαι.
1300 1213 1485 1266 Ταῦτα
1533 1211 1939 1284 σπουδαζούσης

348 1292 459 1378 τῆς
504 1305 611 1360 τοῦκ
653 1306 916 1377 βασιλέως
945 1306 1192 1377 μητρὸς,
1218 1307 1311 1359 καὶ
1340 1306 1430 1360 τὸν
1468 1306 1631 1376 νόμον
1672 1308 1750 1370 εἰς
1779 1305 1939 1376 ἔργον

356 1400 516 1469 ἄγειν
540 1399 992 1470 κατεπειγούσης,
1026 1399 1349 1468 ἀγγέλλεται
1374 1398 1509 1467 δόλῳ
1523 1398 1822 1470 ’Δνδραγαθ
1832 1398 1933 1464 ίου,

354 1490 418 1555 ὃς
441 1491 743 1562 στρατηγὸς
817 1485 887 1561 ἦν
928 1486 1215 1561 Μαξίμου,
1273 1489 1568 1561 Γρατιανὸν
1612 1489 1932 1562 ἀνῃρῆσθαι.

370 1583 486 1653 Ἐφ’
509 1584 841 1655 ἁρμαμάξης
862 1582 1267 1655 γάρβασιλικῆς
1291 1582 1603 1653 ὀχούμενος,
1624 1582 1933 1653 ἀπεκρύὸη·

355 1676 453 1729 καὶ
484 1675 559 1739 ὡς
594 1674 687 1729 τοῦ
737 1674 999 1745 βασιλέως
1045 1676 1131 1744 εἴη
1182 1674 1418 1745 γαμετὴ,
1454 1678 1567 1739 τοῖς
1609 1676 1935 1746 ἡγουμένοις

348 1766 641 1834 ἀγγέλλειν
705 1758 972 1820 ἐκέλευεν.
1044 1765 1483 1836 Ἀπερισκέπτως
1538 1766 1595 1820 δὲ
1641 1766 1934 1836 Γρατιανὸς

352 1855 447 1908 τὸν
503 1856 647 1927 mae
686 1857 929 1927 ποταμὸν
981 1856 1194 1921 διαϐὰς,
1230 1856 1306 1921 ὡς
1336 1856 1561 1928 ἔναγχος
1595 1858 1801 1928 γήμας,
1840 1857 1933 1910 καὶ

2047 654 2157 711 Nec
2194 664 2377 710 tamen
2430 656 2480 710 ei
2528 658 2859 727 persuadere
2902 658 3101 728 potuit.
3148 656 3284 712 Nam
3328 657 3621 715 Benivolus

2046 748 2355 804 detractum
2387 749 2494 802 sibi
2537 752 2813 821 cingulum
2863 760 2990 807 ante
3028 750 3196 821 pedes
3226 752 3430 821 reginae
3471 751 3622 819 ahjc-u

2046 841 2156 906 cit,
2206 856 2307 895 nec
2337 850 2661 911 praesentem
2706 842 3046 912 dignitatem,
3087 858 3189 898 nec
3238 843 3403 896 ullam
3454 844 3617 896 aliam

2045 933 2333 1001 majorem,
2387 948 2488 1003 pro
2521 934 2770 989 mercede
2818 935 3118 1003 impietatis
3167 950 3225 991 se
3254 935 3394 989 velle
3436 938 3620 990 suscia

2044 1039 2171 1092 pere
2201 1023 2501 1078 afﬁrmans.
2537 1023 2672 1078 Cum
2701 1039 2834 1094 ergo
2880 1026 2985 1079 iste
3034 1041 3313 1095 nunquam
3349 1025 3402 1079 id
3450 1042 3508 1081 se
3543 1028 3623 1078 fas

2042 1124 2261 1169 cturum
2306 1123 2628 1171 constanter
2669 1123 3032 1181 asseveraret,
3082 1117 3313 1173 adhibiti
3357 1128 3489 1175 sunt
3523 1121 3620 1188 qui

2042 1206 2184 1261 hanc
2216 1209 2389 1278 legem
2436 1207 2730 1262 dictarent.
2780 1207 3140 1279 Praicipiehat
3179 1221 3359 1266 autem
3408 1226 3474 1267 ea
3509 1212 3616 1276 lex,

2042 1308 2102 1353 ut
2134 1302 2451 1370 quicunque
2479 1300 2727 1356 eamdem
2771 1301 2929 1356 ﬁdem
2974 1310 3224 1357 tenerent
3255 1317 3419 1372 quam
3457 1302 3493 1356 ii
3523 1304 3619 1372 qui

2038 1393 2169 1447 olim
2212 1393 2474 1461 Arimini,
2521 1408 2586 1450 ac
2636 1402 2831 1465 postea
2870 1394 3351 1465 Constantinopoli
3396 1395 3621 1450 fuerant

2039 1484 2397 1555 congregati,
2454 1484 2627 1541 libere
2684 1486 2739 1539 in
2792 1485 3063 1540 ecclesias
3117 1486 3533 1539 convenirent:
3569 1486 3618 1539 si

2036 1577 2131 1645 qui
2156 1590 2286 1631 vero
2329 1576 2685 1641 obsisterent,
2720 1586 2814 1631 aut
2862 1579 3147 1632 contraria
3204 1578 3335 1631 huic
3382 1577 3484 1647 legi
3520 1593 3620 1646 po-

2037 1669 2333 1735 stularent,
2393 1670 2574 1739 capite
2624 1671 3016 1739 plecterentur.
3069 1670 3207 1722 Dum
3265 1670 3617 1737 imperatoris

2037 1771 2215 1814 mater
2258 1761 2363 1816 ista
2399 1762 2644 1825 molitur,
2686 1772 2740 1816 et
2775 1762 2947 1833 legem
2978 1762 3320 1816 exsecutioni
3353 1763 3618 1817 mandare

2037 1850 2243 1916 studet,
2280 1850 2509 1905 aﬂ‘ertur
2551 1853 2799 1915 nuntius,
2832 1852 3154 1905 Gratianum
3190 1852 3382 1907 fraude
3406 1852 3619 1906 Andra-

352 1946 474 2009 νέος
504 1946 599 2009 ῶν,
636 1949 729 2001 καὶ
761 1947 1039 2019 ἐρωτικῶς
1084 1948 1220 2019 πρὸς
1261 1949 1357 2019 τὴν
1391 1952 1623 2017 γυναῖκα
1648 1949 1931 2013 διατεθεὶς,
1968 1932 2011 1986 Β
2038 1956 2105 2011 88

1853 1951 1931 2013 ιὶς,
1968 1932 2011 1986 Β
2038 1942 2211 2011 gathii
2250 1942 2343 2012 q'ui
2391 1958 2576 1999 comes
2626 1951 2746 1998 erat
2789 1942 3033 2008 Maximi,
3068 1943 3421 1999 interfectum
3467 1959 3614 1999 esse.

353 2036 461 2088 ὑπὸ
496 2036 805 2107 προθυμίας
849 2038 945 2091 τοῦ
1000 2038 1299 2092 θεάσασθαι
1331 2040 1498 2109 αὐτὴν
1531 2039 1694 2111 μηδὲν
1720 2040 1934 2111 προῖδό-
2035 2034 2114 2089 Hii

1855 2040 1934 2093 δύο
2035 2034 2136 2089 Hic
2183 2037 2366 2102 enim,
2420 2052 2546 2091 cum
2607 2036 2876 2107 imperiali
2932 2050 3198 2107 carpento
3227 2036 3389 2106 295
3423 2045 3616 2091 vectus

351 2142 538 2195 μενος,
571 2128 649 2189 εἰς
691 2126 791 2190 τὰς
837 2127 1221 2199 Ἀνδραγαθίου
1279 2129 1502 2183 ἐνέπεσε
1557 2133 1765 2201 χεῖρας.
1824 2132 1934 2183 Kal.
2034 2126 2112 2181 del

1854 2132 1934 2183 Lat
2034 2126 2403 2191 delitesceret,
2436 2128 2874 2198 praecursoribus
2902 2128 3256 2182 mandaverat
3286 2135 3344 2179 ut
3377 2127 3615 2195 impera-

354 2219 704 2289 συλληφθεὶς,
736 2220 834 2273 οὑκ
868 2222 948 2283 είς
984 2221 1201 2291 μακρὰν
1239 2222 1499 2293 ἀνῃρέθη,
1530 2223 1625 2293 ἐτη
1659 2226 1757 2293 μὲν
1791 2226 1933 2295 ἀμφὶ
2036 2226 2115 2271 tor

1855 2229 1933 2294 ιφὶ
2036 2219 2170 2273 toris
2235 2218 2529 2289 conjugem
2586 2219 2847 2274 advenire
2909 2220 3248 2274 nuntiarent.
3317 2208 3616 2275 Gratianus

351 2312 421 2364 τὰ
443 2312 857 2383 εἰκοσιτέσσαρα
886 2312 1147 2381 γεγονὼςς
1181 2313 1311 2368 δέκα
1362 2315 1417 2368 δέ
1460 2317 1554 2369 καὶ
1593 2317 1751 2370 πέντε
1783 2317 1933 2387 βασι-

350 2404 572 2479 λεύσας.
612 2405 701 2469 Ὦς
756 2406 1147 2478 ἐπιγενομένης
1203 2406 1259 2459 δὲ
1311 2408 1581 2478 τοσαύτης
1622 2410 1929 2480 συμφορᾶς,

350 2498 633 2551 ἐπαύσατο
665 2486 934 2552 ’Ἰουστίνα
959 2499 1059 2569 τῆς
1092 2502 1232 2553 κατά
1271 2501 1597 2572 Ἀμὸροσίου
1621 2502 1808 2573 ὀργῆς.
1844 2503 1933 2557 Ἐν

349 2588 526 2657 τούτῳ
554 2587 611 2641 δὲ
652 2588 902 2658 Μάξιμος
947 2590 1206 2659 πλείστην
1231 2592 1457 2660 ἀγείρας
1492 2593 1749 2663 στρατιὰν
1800 2592 1933 2664 Βρε-

348 2679 527 2732 τανῶν
550 2680 778 2751 ἀνδρῶν,
798 2682 891 2733 καὶ
906 2681 1013 2734 τῶν
1043 2682 1260 2753 ὁμόρων
1281 2683 1552 2747 Γαλατῶν,
1579 2685 1673 2738 καὶ
1689 2684 1929 2753 Κελτῶν,

350 2769 568 2822 καὶτῶν
603 2771 729 2840 τῇδε
754 2770 945 2834 ἐθνῶν,
977 2773 1069 2824 ἐπὶ
1098 2773 1198 2842 τὴν
1241 2773 1472 2826 Ἰταλίαν
1508 2776 1625 2845 ᾔει·
1658 2776 1933 2846 πρόφασιν

352 2849 455 2931 μὲν
491 2861 708 2932 ὠςιούκ
758 2863 1082 2934 ἀνεξόμενος
1114 2860 1378 2935 νεώτερόν
1415 2884 1468 2918 τι
1519 2866 1773 2934 γενέσθαι
1808 2868 1936 2939 περὶ

348 2956 449 3019 τὴν
486 2956 715 3031 πάτριον
763 2956 966 3020 πίστιν,
1020 2958 1114 3011 καὶ
1145 2958 1243 3027 τὴν
1273 2958 1730 3031 ἐκκλησίαστικὴν
1758 2961 1931 3025 τάξιν.

350 3044 427 3097 Τὸ
461 3029 788 3116 δὲ’ἀληθές,
858 3048 1124 3119 τυράννου
1177 3049 1335 3116 δόξης
1389 3050 1581 3104 ἐαυτὸν
1614 3029 1891 3123 καθαίρων
1917 3096 1932 3119 ,

350 3137 489 3208 πρὸς
510 3138 566 3192 δέ
595 3140 689 3210 τὴν
708 3140 983 3210 βασιλείαν
1012 3141 1245 3211 βλέπων,
1280 3142 1372 3195 καὶ
1389 3145 1931 3215 πραγματευόμενος,

348 3229 513 3328 sim;
557 3231 665 3301 ἄρα
715 3230 933 3285 δύναιτο
984 3227 1133 3295 δόξαι
1168 3229 1337 3301 νόμῳ,
1380 3234 1440 3285 ού
1488 3231 1597 3303 βίᾳ,
1634 3233 1731 3304 τὴν
1758 3235 1931 3303 ἀρχὴν
1959 3271 2000 3328 c

362 3316 649 3391 Ῥωμαίων
675 3318 854 3393 ἐαυτῷ
908 3327 1234 3395 περιποιεῖν.
1263 3323 1701 3388 Οὐαλεντινιανὸς
1737 3326 1793 3378 δὲ
1826 3326 1931 3377 ὑπὸ

350 3410 443 3463 τοῦ
478 3411 670 3481 καιροῦ
700 3411 962 3481 βιασθεὶς,
995 3412 1211 3479 ἐδέξατο
1254 3412 1322 3465 τὰ
1362 3412 1604 3482 σύμϐολα
1634 3414 1734 3484 τῆς
1764 3415 1928 3468 αὑτοῦ

351 3501 649 3572 βασιλείας.
712 3504 906 3567 Δείσας
938 3500 995 3557 δὲ
1027 3505 1182 3573 μὴ’τι
1230 3503 1414 3568 πάθοι,
1439 3504 1655 3573 φεύγων
1694 3505 1752 3569 ἐξ
1791 3507 1929 3559 Ὶτα-

350 3593 490 3657 λίας,
524 3594 606 3657 είς
631 3593 1033 3665 Θεσσαλονίκην
1058 3591 1159 3667 ἧκε
1182 3611 1193 3624 ·
1235 3597 1330 3649 σὺν
1356 3596 1505 3667 αύτῷ
1534 3596 1590 3649 δὲ
1624 3597 1716 3650 καὶ
1741 3599 1774 3668 η
1820 3599 1929 3668 μή·

349 3699 473 3755 τηρ.
514 3685 607 3739 καὶ
629 3686 838 3758 Ηρόόος
863 3687 1181 3759 ὀ,ὕπαρχος.

2035 2326 2185 2377 vero,
2217 2320 2402 2381 utpote
2438 2312 2531 2382 qui
2572 2327 2764 2367 recens
2799 2327 3025 2367 uxorem
3052 2313 3307 2379 duxerat,
3342 2322 3398 2367 et
3433 2312 3619 2367 adhuc

2031 2402 2252 2472 juvenis
2286 2405 2491 2473 ingenti
2523 2404 2644 2473 ejus
2676 2418 2867 2459 amore
2893 2404 3177 2475 ﬂagrabat,
3209 2405 3329 2474 ejus
3364 2405 3619 2460 videndae

2035 2497 2241 2559 studio,
2289 2497 2426 2550 nihil
2466 2497 2574 2551 doli
2615 2497 2950 2567 suspicatus,
3003 2497 3229 2552 ﬂuvium
3278 2498 3619 2554 interlaben‘

2036 2598 2143 2643 tem
2210 2590 2514 2658 improvide
2578 2598 2964 2661 transgressus
3020 2600 3124 2655 est,
3178 2600 3359 2663 atque
3426 2594 3501 2647 ita
3562 2596 3621 2647 in

2036 2694 2233 2733 manus
2254 2681 2611 2751 Andragathii
2646 2682 2859 2737 incidit.
2892 2682 3231 2753 Captusque,
3268 2683 3412 2738 haud
3445 2686 3619 2739 multo

2037 2780 2163 2843 post
2204 2773 2534 2834 trucidatur.
2576 2790 2699 2829 cum
2736 2775 2970 2829 vixisset
3022 2790 3197 2830 annos
3228 2777 3449 2831 circiter
3483 2793 3621 2846 qum

2037 2869 2165 2914 tuor
2203 2870 2257 2915 et
2288 2862 2503 2933 viginti,
2562 2862 2890 2932 imperasset
2940 2874 3121 2919 autem
3156 2866 3496 2936 quindecim.
3535 2867 3619 2922 0h

2035 2960 2239 3007 tantam
2274 2954 2444 3022 igitur
2490 2955 2854 3009 calamitatem
2891 2972 3012 3026 qtae
3054 2958 3357 3024 acciderat,
3397 2958 3617 3015 Iustina

2036 3045 2174 3098 iram
2210 3046 2476 3102 adversus
2517 3047 2870 3101 Ambrosium
2910 3048 3139 3116 abjecit.
3185 3049 3398 3105 Interea
3449 3051 3621 3106 Maxi-

2036 3152 2181 3200 mus,
2214 3137 2448 3192 collecto
2483 3154 2550 3193 ex
2606 3137 2891 3192 Britannia
2955 3148 3010 3194 et
3076 3142 3277 3197 vicinis
3309 3141 3523 3207 Galliis,
3563 3152 3619 3196 et

2035 3225 2207 3283 Celtis
2287 3230 2674 3285 ac’ﬁnitimis
2750 3233 3012 3301 gentibus
3090 3248 3389 3289 numeroso
3458 3251 3619 3289 exero

2035 3322 2169 3383 citu,
2219 3320 2273 3374 in
2332 3320 2539 3376 Italiam
2607 3323 2889 3393 profectus
2955 3334 3040 3381 est
3083 3328 3315 3397 :specie
3368 3328 3615 3397 quidem,

2036 3414 2193 3483 quasi
2235 3427 2341 3468 non
2386 3430 2652 3484 passurus
2715 3426 2773 3470 ut
2825 3419 2973 3472 circa
3035 3418 3194 3474 Iidem
3242 3421 3514 3491 majorum
3562 3432 3621 3475 et

2038 3508 2090 3559 iu
2119 3508 2496 3561 ecclesiastica
2532 3508 2825 3578 disciplina
2861 3512 3163 3580 quidquam
3203 3513 3566 3569 innovaretur
3600 3531 3613 3568 :

2038 3612 2095 3651 re
2128 3606 2311 3651 autem
2344 3598 2461 3669 ipsa
2500 3609 2559 3653 ut
2599 3601 2972 3670 suspicionem
3018 3604 3332 3674 tyrannidis
3363 3607 3553 3675 procul
3584 3622 3615 3658 ιι

2037 3704 2097 3744 se
2132 3690 2468 3760 depelleret;
2513 3701 2702 3763 utpote
2750 3695 3121 3766 principatum
3166 3698 3453 3764 allectans,
3493 3716 3613 3752 oni—

353 3777 521 3844 nique
558 3782 678 3829 arte‘
733 3776 964 3831 studens
1014 3785 1074 3831 ut
1120 3778 1411 3847 imperium
1466 3777 1772 3832 Romanum
1815 3795 1922 3833 non
1998 3782 2071 3847 vi,
2120 3781 2217 3835 sed
2255 3782 2380 3851 jure
2429 3783 2533 3838 sibi
2571 3784 2855 3839 vindicare
2898 3786 3201 3843 videretur.
3273 3788 3614 3844 Valentinia-

352 3880 457 3921 nus
489 3882 619 3920 vero
668 3867 999 3921 necessitate
1033 3874 1337 3937 temporum
1393 3878 1641 3929 coactus.
1685 3871 1922 3940 insignia
1966 3871 2182 3942 imperii
2222 3873 2375 3928 illius
2409 3875 2649 3930 admisit.
2686 3877 2792 3932 Sed
2828 3886 3009 3934 tamen
3057 3882 3267 3938 veritus
3339 3899 3405 3937 ne
3479 3885 3615 3953 quid

351 3960 480 4013 mali
518 3966 817 4030 pateretur,
855 3958 1047 4013 relicta
1092 3958 1248 4014 Italia
1296 3959 1750 4017 Thessalonicam
1793 3962 2060 4033 profugit,
2093 3980 2202 4019 una
2252 3981 2378 4020 cum
2410 3976 2606 4032 matre,
2641 3976 2693 4022 et
2728 3968 2912 4025 Probo
2943 3974 3201 4042 praefecto
3241 3979 3502 4045 praetorii.

955 4075 1206 4130 ΚΕΦΑΛ.
1230 4077 1327 4129 1Δ’.

351 4187 492 4257 Περὶ
542 4180 653 4255 τῆς
692 4186 985 4258 γενέσεως
1042 4188 1349 4255 Ὁνωρίου;
1383 4190 1480 4245 καί
1527 4191 1617 4245 ὅτι
1648 4191 1724 4258 τῇ
1764 4195 1925 4246 Κων-

420 4258 746 4313 σταντίνου
808 4257 1003 4311 λιπὼν
1088 4258 1397 4327 Ἀρκάδων
1419 4300 1434 4323 ,
1501 4265 1590 4326 εις
1669 4257 1923 4316 Ἰταλίαν

419 4328 684 4399 ἔρχεται,
719 4328 831 4399 Kal
858 4328 992 4395 περὶ
1019 4328 1130 4396 τῆς
1156 4330 1442 4399 διαδοχῆς
1490 4331 1608 4385 τῶν
1627 4334 1920 4386 Ναυατια-

422 4398 566 4471 γῶν,
595 4397 692 4451 καὶ
716 4396 833 4471 τῶν
855 4398 1064 4471 ἄλλων,
1082 4396 1459 4471 πατριαρρςῶν
1481 4419 1495 4433 σ
1532 4401 1784 4471 καὶπερὶ
1817 4403 1921 4457 τοῦ

420 4467 688 4535 θράσους
729 4467 873 4538 τῶνλ
895 4467 1203 4535 Ἀρειανῶν
1233 4488 1247 4499 ·
1284 4467 1382 4523 καὶ
1420 4473 1501 4538 ὠς
1552 4467 1786 4526 ἀνελῶν
1816 4474 1922 4525 τὸν

418 4540 717 4613 τύραννον
740 4536 1079 4613 Θεοδόσιος,
1094 4536 1521 4612 μεγαλοπρεπῆ
1546 4544 1831 4613 θρίαμϐον
1850 4544 1920 4597 ἐν

433 4607 623 4677 Ῥώμῃ
654 4608 828 4662 ποιεῖ.

2644 4083 2800 4139 CAP.
2858 4084 2998 4141 XIV.

2032 4192 2267 4270 D¢_orlu
2303 4199 2574 4270 Honorii:
2610 4209 2659 4252 et
2711 4204 2975 4267 quomodo
3030 4203 3374 4270 Theodosius,
3424 4213 3609 4265 relicto

2102 4266 2564 4348 Constantinopoli
2620 4266 2989 4348 Are_adio,__in
3056 4275 3279 4348 Italiam
3341 4266 3607 4348 profectus

2099 4346 2197 4389 est.
2238 4337 2372 4391 Item
2402 4339 2465 4391 de
2507 4343 2835 4395 successione
2879 4337 3450 4411 1\'ovatiaiiorutn,'et'
3476 4357 3607 4407 reli-

2096 4422 2318 4478 quorum
2348 4410 2781 4477 patriarcharum
2813 4431 2830 4465 .·
2850 4424 2898 4467 et
2919 4416 2983 4468 de
3010 4410 3331 4471 Arianorum
3352 4423 3604 4478 audacia.
3698 4439 3711 4447 '

2102 4477 2169 4530 Et
2196 4483 2455 4565 quomodo
2499 4480 2823 4565 Theodosius
2858 4488 3029 4565 occiso
3076 4499 3300 4558 tyranno
3353 4477 3606 4565 magni/it-

2103 4564 2222 4602 cum
2256 4549 2437 4604 Roma:
2471 4553 2795 4622 triumphum
2842 4558 2965 4625 egit.

431 4700 521 4752 Ἐν
545 4696 720 4768 τούτῳ
740 4699 817 4761 δέ,
850 4700 1389 4771 παρασκευαζομένῳ
1431 4701 1693 4775 Θεοδοσίῳ
1722 4707 1802 4769 εἰς
1827 4705 1918 4758 τὸν
1950 4698 1997 4757 D
2092 4707 2192 4763 ΕΟ(

1843 4705 1918 4758 τὸν
1950 4698 1997 4757 D
2092 4707 2295 4763 Eodem
2322 4717 2582 4778 tempore,
2612 4729 2736 4766 cum
2773 4712 3113 4770 Theodosius
3134 4719 3402 4775 adversus
3435 4721 3604 4777 Maxi-

348 4788 487 4860 πρδς
514 4790 765 4857 Μάξιμον
792 4790 1047 4859 πόλεμον,
1082 4794 1288 4858 γίνεται
1319 4795 1448 4856 παῖς
1498 4794 1770 4866 Ὀνώριος.
1834 4797 1926 4861 Ὣς

346 4881 406 4935 δὲ
427 4880 577 4952 αὐτῷ
619 4881 687 4935 τά
721 4882 848 4951 περὶ
870 4881 969 4953 τὴν
1001 4883 1258 4952 στρατιὰν
1283 4884 1615 4956 ηὐτρέπιστο
1645 4929 1659 4951 ,
1704 4888 1926 4941 καταλι-

349 4974 468 5027 πὼν
519 4976 579 5029 ἐν
632 4976 1193 5030 Κωνσταντινουπόλει
1252 4976 1603 5047 βασιλεύοντα
1643 4981 1924 5051 Ἀρκάδιον

347 5068 437 5121 ’τὸν
464 5068 610 5134 υίδν,
643 5068 1048 5138 καταλαμϐάνει
1077 5069 1135 5120 ἐν
1154 5068 1519 5142 Θεσσαλονίκῃ
1548 5073 1924 5128 Οὑαλεντινια-

346 5159 456 5215 νόν.
516 5161 628 5215 Καὶ
681 5161 807 5223 τοὺς
859 5160 957 5230 μὲν
1015 5162 1416 5227 ἀποσταλέντας
1466 5166 1614 5233 παρά
1664 5166 1914 5235 Μαξίμου

348 5252 627 5323 πρέσϐεις,
677 5251 800 5306 οὗτε
848 5254 1172 5324 ἀπέπεμπεν
1223 5258 1303 5318 εἰς
1342 5256 1402 5308 τὸ
1454 5264 1747 5328 προφανὲς,
1793 5259 1915 5313 οὔτε

454 5413 469 5441 ι
510 5409 667 5465 Socr.
711 5410 806 5464 lib.
842 5428 896 5472 ν,
930 5424 1056 5480 cap.
1089 5410 1294 5478 12.15,
1334 5378 1421 5466 η.

2022 4817 2171 4855 mum
2207 4803 2612 4872 expeditionem
2661 4802 2902 4875 pararet,
2934 4808 3215 4866 Honorius
3253 4813 3300 4866 ci
3338 4814 3479 4871 Illius
3505 4833 3604 4870 na~

2021 4894 2199 4948 scitur
2235 4894 2274 4949 ³.
2324 4892 2568 4951 Tandem
2604 4913 2734 4952 vero
2783 4900 2991 4968 paratis
3036 4902 3146 4969 jam
3182 4905 3441 4961 omnibus
3481 4924 3602 4977 qua:

2022 4986 2087 5039 ad
2121 4986 2321 5040 bellum
2359 4991 2676 5043 necessaria
2722 5001 2897 5055 erant,
2950 4994 3066 5063 ipse
3116 4994 3600 5068 Constantinopoli

2022 5078 2311 5142 excedens,
2356 5079 2651 5135 Arcadium
2701 5084 3013 5154 Augustum
3051 5085 3220 5140 filium
3271 5104 3429 5143 suum
3486 5091 3599 5145 illic

2026 5170 2268 5240 reliquit,
2301 5187 2365 5226 ac
2414 5172 2865 5231 Thessalonicam
2920 5179 3227 5249 profectus,
3263 5181 3598 5237 Valentinia-

2025 5280 2153 5317 num
2202 5264 2277 5319 ibi
2323 5266 2570 5323 oﬂ'cndit.
2610 5268 2674 5321 Et
2704 5269 2918 5341 legatos
2947 5274 3042 5343 qui
3093 5290 3124 5329 a
3167 5276 3406 5333 Maximo
3437 5280 3597 5335 missi
3670 5266 3679 5271 ⁸

1540 5571 1804 5629 VALESII
1843 5573 2389 5638 ANNOTATIONES.

414 5730 525 5798 (12)
557 5731 655 5806 :11
721 5732 963 5806 ἐναντία
1027 5731 1106 5797 τῷ
1135 5736 1293 5801 νόμῳ
1344 5734 1650 5802 ,ϐασιλέως
1713 5737 1913 5806 δεομέ-

343 5820 508 5867 νους.
549 5800 707 5873 Certe
739 5805 802 5855 ad
832 5806 1036 5857 calcem
1077 5800 1214 5873 legis
1242 5807 1355 5857 haec
1389 5800 1637 5859 habetur
1681 5800 1911 5862 emunii-

2013 5743 2311 5826 supplicare
2354 5750 2708 5828 mutaverint.
2741 5751 2882 5828 Qua:
2942 5754 3101 5809 verba
3160 5772 3282 5811 cum
3332 5761 3592 5828 superius

2015 5821 2222 5868 m'nissa
2259 5821 2370 5869 sint
2402 5833 2429 5869 a
2464 5821 2642 5881 nobis,

345 5873 494 5925 natio
524 5871 813 5950 :__illan_ente
846 5871 1188 5926 nihilominus
1213 5891 1297 5950 cos
1320 5878 1591 5944 supplicio.
1618 5882 1704 5950 qui
1727 5892 1911 5935 Crmlru
2013 5884 2354 5941 Sozomenus

2696 5822 2785 5876 hic
2826 5831 3077 5880 consulto
3116 5822 3423 5892 retulimus,
3461 5834 3588 5900 quia

2409 5899 2596 5971 noster
2627 5893 2689 5946 ad
2731 5910 2793 5948 ea
2840 5900 3099 5965 respexit,
3141 5909 3194 5953 ct
3257 5893 3621 5971 interpretes-

346 5946 478 5996 hanc
506 5942 899 6007 dispositionem
936 5955 1170 5997 nostram
1220 5942 1495 6012 obreptire,
1526 5942 1635 6001 aut'
1670 5951 1910 6005 clanrnlo
2014 5971 2234 6011 sensum
2264 5960 2379 6029 ejus
2414 5942 3141 6038 Itandqtutaminicapiunth.

628 6038 897 6100 Ριιτηοι..
945 6040 1060 6101 GR.
1095 6041 1343 6102 LXV”.

3103 6061 3178 6121 [ιθ
