4460 6634
829 350 960 420 ιἰδι

2288 351 2608 407 SUZOMEN
2617 352 2634 405 ι

3964 343 4114 402 “5’!

833 489 1014 542 erant,
1035 491 1134 531 nec
1160 475 1355 545 repulit
1382 480 1591 542 aperte,
1617 486 1714 525 uer:
1739 470 1984 534 admisit,
2005 469 2100 525 sed
2131 479 2414 540 assumpto
2443 481 2487 534 Α
2517 488 2592 542 πρ

2351 479 2414 523 ito
2443 481 2487 534 Α
2517 471 2771 542 προσίετο
2803 488 2816 501 ’
2857 463 3141 522 ἀναλαϐὼν
3189 468 3243 520 δέ
3289 468 3412 531 τοὺς
3451 467 3807 538 στρατιώτας,
3859 468 3956 520 ἐπὶ
4007 467 4112 534 τὴν

827 571 1096 633 exercitu,
1135 568 1188 620 in
1253 564 1462 618 Italiam
1510 563 1815 617 contendit.
1854 563 1970 615 Sub
2012 561 2152 615 idem
2198 571 2416 630 tempus

829 661 1053 731 Agelius
1087 657 1517 711 Novatiauorum
1552 655 1696 723 apud
1733 653 2272 720 Constantinopolim
2304 654 2420 721 epi-

835 768 1062 822 scopus,
1093 751 1207 803 fato
1235 749 1501 811 instante,
1543 748 1804 800 Sisiniqu
1838 760 2004 798 unum
2033 760 2098 797 ex
2139 744 2421 813 presbyte-

841 842 921 896 ris
952 842 1092 901 suis,
1128 851 1507 892 successorem
1545 836 1647 890 sibi
1681 835 2009 902 designavit.
2034 833 2418 900 Cunquercute

825 943 1006 985 autem
1057 930 1214 1000 plebe
1260 928 1407 997 quod
1470 944 1578 980 non
1612 928 1792 996 petitis
1829 925 2142 978 oiditiassct
2191 922 2417 976 Marcia-

826 1038 978 1086 num,
1021 1023 1195 1074 virttm
1232 1020 1521 1088 religionis
1570 1034 1736 1072 causa
1771 1017 2240 1072 celeberrimum.
2289 1029 2413 1066 cum

821 1124 936 1192 jam
973 1115 1167 1169 melius
1198 1127 1258 1167 se
1308 1112 1510 1165 habere
1542 1109 1837 1172 videretur,
1885 1107 2219 1161 Marcianum
2263 1107 2414 1158 ordi-

839 1210 1025 1271 navit,
1072 1214 1126 1260 et
1182 1207 1442 1276 populum
1492 1205 1545 1256 in
1592 1203 1826 1257 ecclesia
1883 1201 2154 1254 allocutus
2195 1207 2282 1252 est
2329 1199 2414 1252 his

823 1300 1052 1353 verbis:
1088 1297 1221 1352 Post
1259 1312 1346 1350 me
1377 1295 1689 1349 Marcianus
1737 1295 1810 1348 sit
1842 1300 2020 1347 vester
2076 1294 2408 1360 episcopus;

825 1401 951 1462 post
984 1393 1136 1446 illum
1171 1404 1303 1445 vero
1333 1387 1598 1442 Sisiuius.
1635 1389 1766 1452 Qua:
1810 1401 1934 1439 cum
1967 1385 2219 1445 dixisset,
2269 1383 2412 1436 haud

828 1474 999 1534 multo
1029 1489 1149 1550 post
1178 1495 1242 1534 ex
1272 1480 1375 1532 hac
1408 1481 1519 1531 vita
1548 1477 1822 1547 migravit,
1853 1491 1950 1544 per
1978 1490 2153 1528 annos
2179 1474 2412 1542 quadra-

825 1576 973 1643 ginta
1005 1575 1304 1642 prazsulatu
1333 1579 1498 1626 secta:
1536 1585 1650 1624 sua:
1687 1584 1883 1638 magna
1922 1583 2047 1622 cum
2085 1568 2246 1620 laude
2289 1581 2411 1635 per-

825 1666 1068 1720 functus.
1111 1663 1220 1718 Nec
1250 1662 1474 1722 desunt,
1526 1663 1620 1731 qui
1653 1677 1782 1715 eum
1843 1661 2018 1714 virum
2073 1659 2411 1727 persecutio-

2532 561 2757 616 Ἰταλίαν
2795 562 3009 631 ἐχώρει.
3063 560 3196 629 Περὶ
3240 559 3296 612 δὲ
3319 559 3505 612 τοῦτον
3538 562 3628 612 τὸν
3653 562 3846 630 χρόνον
3885 559 4113 628 eam...

2515 654 2768 722 τελευτᾷν
2797 653 3034 719 Ἀγέλιος
3061 653 3088 702 ὁ
3115 655 3170 705 ἐν
3189 652 3876 704 Κωνσταντινουπόλειτῶν
3909 652 4108 703 Ναυα-

2514 743 2714 797 τιανῶν
2761 745 3081 808 ἐπίσκοπος,
3128 744 3432 812 ἐψηφίσατο
3466 744 3583 795 ἀντ’
3640 745 3802 796 αὑτοῦ
3859 743 4110 796 Σισίνιον

2517 836 2886 906 πρεσϐύτερον
2929 838 3037 889 τῶν
3090 837 3180 888 ὑπ’
3239 837 3418 888 αὐτόν.
3475 837 3841 905 Μεμφομένου
3904 837 3962 889 δὲ
4009 833 4108 886 τι]

2515 927 2770 997 πλήθους,
2805 927 2886 981 ὅτι
2921 931 2994 998 μὴ
3025 929 3341 997 Μαρκιανὸν
3375 929 3468 980 imi
3507 929 3760 999 εὐλαϐείᾳ
3795 930 4105 999 ἐπίσημον,

2517 1022 2646 1091 ῥᾷον
2669 1021 2811 1090 ἔχειν
2841 1021 3014 1086 δόξας.
3044 1022 3412 1090 ἐχειροτόνησε
3445 1021 3760 1090 Μαρκιανόν
3798 1039 3808 1050 ·
3870 1023 3967 1073 καὶ
4027 1021 4111 1088 τῷ

2514 1109 2628 1180 λαῷ
2677 1113 2734 1164 ἐν
2787 1114 2853 1180 τῇ
2919 1113 3184 1182 ἐκκλησία
3239 1112 3819 1181 προσεφώνησε,Μετ’
3850 1113 3973 1178 ἐμὲ,
4013 1112 4107 1162 λέ-

2514 1220 2648 1271 γων,
2691 1205 3006 1273 Μαρκιανόν
3041 1205 3190 1273 ἔχετε
3227 1221 3242 1236 ⁶
3293 1207 3430 1273 μετὰ
3471 1204 3527 1256 δέ
3557 1205 3763 1266 τοῦτον,
3815 1206 4062 1256 Σισξνιον
4089 1243 4104 1256 .

2516 1296 2626 1348 Καὶ
2661 1299 2690 1348 ὁ
2719 1296 2818 1366 μὲν
2849 1297 2973 1349 τάδε
2999 1295 3187 1360 εἰπὼν,
3218 1298 3317 1348 οὐκ
3348 1299 3426 1359 εἰς
3462 1298 3677 1366 μακρὰν
3706 1298 4102 1366 ἐτελεύτησεν.

2514 1387 2606 1439 ἐπί
2633 1389 3040 1456 τεσσαράκοντα
3069 1388 3242 1441 ἐτεσιν
3265 1388 3564 1457 εὑδοκίμως
3590 1391 3687 1457 τῆς
3710 1389 3915 1450 οἰκείας
3939 1387 4106 1456 αἰρέ-

2514 1497 2652 1543 σεως
2685 1481 2944 1550 προστάς.
2960 1481 3080 1532 Εἰσὶ
3099 1479 3155 1532 δὲ
3179 1480 3228 1533 οἳ
3254 1483 3346 1534 καί
3361 1481 3696 1552 όμολογητὴν
3723 1480 4103 1552 ἰσχυρίζονται

2510 1572 2699 1625 τοῦτον
2738 1572 2828 1624 τὸν
2877 1573 3042 1642 ἄνδρα
3076 1575 3134 1627 ἐν
3187 1573 3517 1642 Ἑλληνικοῖς
3554 1576 3763 1643 καιροῖς
3812 1573 4101 1640 γενέσθαι.

2513 1665 2588 1718 Οὐ
2639 1665 2818 1734 πολλῷ
2850 1665 2906 1718 δέ
2951 1665 3198 1734 ὕστερον,
3250 1665 3516 1734 Τιμοθέου
3547 1666 3642 1718 καὶ
3689 1666 3962 1735 Κυρὶλλου
3999 1667 4104 1716 τὸν

823 1773 957 1813 num
983 1756 1324 1826 temporibus
1351 1753 1727 1808 confessorem
1746 1752 1917 1806 fuisse
1940 1753 2226 1804 allirmeut.
2253 1748 2408 1804 llaud
2445 1816 2480 1827 __
2516 1756 2584 1826 βξ(

2339 1748 2408 1803 ud
2445 1816 2480 1827 __
2516 1756 2628 1826 βίον
2689 1754 3154 1827 μεταλλαξάντων,
3207 1757 3509 1826 διαδέχεται
3557 1757 3649 1809 τὸν
3696 1757 4097 1825 Ἀλεξανδρέωει

825 1847 1000 1900 multo
1037 1816 1158 1914 post
1193 1843 1486 1897 'l‘imotbeo
1518 1849 1573 1896 et
1601 1841 1805 1912 Cyrillo
1829 1857 1892 1896 ex
1928 1841 2031 1894 hac
2065 1841 2186 1893 luce
2221 1839 2408 1894 subla-
2443 1816 2483 1869 Β
2514 1816 2586 1921 op.

2332 1839 2408 1892 la-
2443 1816 2483 1869 Β
2514 1816 2702 1921 θρόνον
2743 1816 3019 1917 Θεόφιλος·
3068 1816 3176 1903 τῶν
3232 1849 3287 1901 δέ
3332 1816 3750 1919 ’ίεροσολύμων,
3809 1816 4093 1919 ’ίωὰννης.

827 1941 920 1999 tis,
944 1935 1373 1990 Alexandrinam
1407 1933 1626 2002 quidem
1669 1932 1852 1988 sedem
1887 1930 2243 2001 Theophilus,
2281 1929 2410 1984 llie-

826 2029 1278 2100 rosolymitanam
1323 2041 1455 2080 vero
1501 2023 1742 2079 Joannes
1781 2025 2048 2093 suscepit.
2094 2023 2411 2078 Constanti-

827 2123 1011 2191 n0poli
1041 2136 1285 2189 quoque,
1335 2117 1691 2186 Demophilus
1737 2117 1956 2170 Ariana:
1991 2124 2154 2170 sectae
2194 2115 2411 2184 episco-

833 2229 934 2284 pus
963 2223 1268 2266 extremum
1317 2209 1482 2278 296
1530 2208 1673 2262 diem
1712 2208 1871 2261 obiit.
1921 2206 2096 2275 Cujus
2140 2207 2194 2259 in
2232 2207 2410 2259 locutn

828 2301 1075 2358 Marinus
1103 2301 1326 2370 quidam
1373 2317 1437 2353 ex
1486 2297 1721 2352 Thracia
1746 2307 1831 2352 est
1881 2298 2244 2352 substitutus.
2304 2295 2411 2350 Sed

827 2411 953 2451 cum
987 2395 1296 2449 Dorothcus
1336 2393 1630 2446 Antiochia
1691 2390 1862 2462 Syria:
1913 2391 2250 2451 advenisset,
2292 2396 2407 2442 tan-

827 2495 991 2558 quam
1036 2486 1211 2556 magis
1251 2484 1506 2548 idoneus,
1545 2484 1871 2536 Arianorum
1913 2490 2075 2536 sectze
2125 2484 2411 2550 illicprae-

836 2577 964 2632 fuit.
988 2579 1205 2631 Interea
1223 2576 1490 2644 temporis
1513 2573 1826 2628 Theodosio
1845 2573 1899 2625 in
1915 2571 2120 2625 Italiam
2139 2573 2408 2640 ingresso,

828 2668 966 2723 varii
997 2682 1096 2736 pro
1126 2665 1398 2734 cujusque
1429 2663 1661 2717 libidine
1687 2676 1939 2716 rumores
1960 2661 2026 2714 de
2059 2661 2200 2712 bello
2224 2662 2408 2713 incre-

829 2758 1019 2812 buere.
1089 2755 1251 2824 Apud
1306 2754 1548 2807 Arianos
1610 2751 1832 2821 quidem
1890 2749 2204 2814 ferebatur,
2265 2747 2411 2818 quod

840 2849 1031 2902 multis
1069 2848 1120 2900 in
1155 2846 1351 2916 proelio
1386 2844 1606 2906 occisis,
1645 2843 1938 2912 imperator
1982 2841 2036 2894 in
2071 2843 2284 2911 tyranni
2321 2856 2412 2908 po-

829 2946 1082 2992 testatem
1129 2936 1390 2990 venisset.
1449 2932 1553 2997 Qui
1607 2947 1716 2984 non
1757 2930 1916 2984 aliter
1977 2945 2042 2984 ac
2089 2932 2136 2985 si
2190 2946 2248 2984 re
2297 2931 2412 2996 ipsa

830 3030 1102 3099 completa
1129 3036 1313 3082 essent
1354 3041 1476 3095 qua:
1514 3029 1654 3078 inter
1696 3039 1755 3077 se
1779 3024 2165 3083 susurrabant,
2201 3023 2414 3076 animos

830 3127 1231 3191 sumpserunt:
1288 3127 1340 3171 et
1394 3119 1601 3187 impetu
1662 3115 1828 3179 facto,
1882 3112 2121 3168 Nectarii
2168 3113 2409 3182 episcopi

830 3215 1052 3269 domum
1083 3210 1461 3273 incenderunt,
1501 3225 1642 3279 egre
1675 3208 1912 3264 ferentes
1953 3208 2098 3276 quod
2143 3207 2408 3261 ecclesias

830 3305 1125 3360 obtineret.
1160 3299 1362 3355 Verum
1394 3301 1695 3368 imperator
1722 3314 1786 3353 ex
1815 3298 1981 3352 animi
2017 3299 2101 3351 sui
2137 3297 2409 3351 sententia

831 3397 1032 3451 bellum
1073 3391 1332 3446 confecit.
1367 3390 1582 3444 Etenim
1620 3389 1823 3442 milites
1859 3387 2098 3448 Maximi,
2133 3404 2228 3440 seu
2265 3394 2408 3440 metu

831 3487 1012 3541 bellici
1055 3491 1350 3554 apparatus
1399 3465 1560 3550 quem
1593 3479 1936 3534 Theodosius
1967 3480 2230 3533 adversus
2265 3481 2412 3548 ipsos

831 3586 1206 3641 contraxerat,
1239 3591 1335 3630 seu
1383 3575 1692 3645 proditione
1724 3573 1896 3635 ducti,
1932 3582 2222 3642 tyrannum
2271 3587 2417 3626 com-

832 3671 1167 3742 prehensum
1225 3670 1639 3721 interemerunt.
1698 3665 2101 3734 Andragatliius
2159 3679 2312 3727 vero,
2365 3663 2412 3719 is

833 3761 928 3832 qui
953 3759 1278 3814 Gratianum
1308 3763 1624 3817 necaverat,
1653 3753 1739 3809 his
1766 3755 1932 3809 rebus
1969 3754 2286 3822 compertis,
2325 3766 2413 3806 ar-

834 3861 1015 3907 matus
1043 3861 1102 3906 ut
1128 3859 1270 3914 erat,
1311 3864 1434 3904 sese
1464 3849 1518 3901 in
1548 3845 1920 3916 praeﬂuentem
1954 3845 2188 3900 ﬂuvium
2222 3844 2412 3915 princi-

832 3943 1044 4014 pitavit,
1082 3951 1246 4010 atque
1295 3941 1368 3993 ita
1398 3939 1700 3993 exstinctus
1744 3944 1846 3991 est.
1899 3935 2053 3990 Hunc
2101 3937 2154 3989 in
2187 3936 2408 3990 modum

837 4034 988 4088 linito
1021 4034 1186 4095 bello,
1229 4047 1353 4086 cum
1403 4030 1698 4100 imperator
1732 4026 2073 4090 Gratianum,
2119 4028 2280 4080 sicuti
2315 4042 2412 4095 par

2523 1940 2646 1994 Ἐπὶ
2668 1938 2724 1991 δὲ
2755 1938 2855 2008 τῆς
2887 1939 3527 2002 Κωνσταντινουπόλεως,
3576 1939 3671 1991 καὶ
3718 1941 4028 2009 Δημόφιλος
4069 1943 4099 1992 ο*

2509 2030 2611 2100 τῆς
2649 2029 2858 2100 Ἀρείου
2910 2029 3174 2100 αἱρέσεως
3227 2030 3528 2100 ἡγούμενος
3579 2030 3925 2101 ἐτελεύτησε.
3967 2033 4100 2086 Μα-

2515 2125 2657 2192 ρῖνος
2699 2122 2756 2174 δέ
2794 2138 2878 2186 τις
2908 2123 2972 2175 ἐκ
3015 2121 3238 2193 Θρᾴκης
3289 2123 3680 2193 μετακληθεὶς,
3732 2125 4099 2194 ἐπιτρέπεται

2510 2215 2610 2283 τὴν
2639 2212 2802 2266 αὑτοῦ
2824 2213 3090 2284 διαδοχήν.
3139 2215 3225 2278 Ὠς
3254 2215 3688 2286 ἐπιτηδειότερος
3729 2217 3786 2269 δέ
3812 2217 4098 2286 Δωρόθεος

2511 2305 2576 2358 ἐκ
2623 2305 2723 2374 τῆς
2783 2305 2934 2376 παρὰ
2985 2306 3176 2376 Σύροις
3220 2306 3548 2378 Ἀντιοχείας
3575 2307 3766 2374 ἐλθὼν,
3793 2313 4100 2380 προΐστατο

2511 2397 2610 2466 τῆς
2663 2398 2944 2466 αἱρέσεως.
2994 2399 3080 2450 Ἐν
3116 2399 3290 2470 τούτῳ
3317 2400 3374 2452 δὲ
3405 2402 3685 2454 Θεοδοσίου
3743 2405 3822 2466 εἰς
3859 2403 4099 2454 Ἰταλίαν

2511 2486 2866 2554 ἀφικομένου,
2907 2487 3082 2556 φῆμαι
3113 2489 3241 2557 περὶ
3269 2489 3362 2542 τοῦ
3411 2489 3652 2558 πολέμου
3687 2490 3824 2559 πρὸς
3861 2490 3921 2541 τὸ
3956 2491 4095 2542 ἐκα-

2513 2598 2623 2652 στῳ
2657 2581 2845 2634 δοκοῦν
2879 2584 3140 2652 ἐκράτουν
3173 2600 3186 2612 ·
3232 2585 3384 2653 παρᾶ
3426 2584 3482 2636 δέ
3509 2587 3620 2646 τοῖς
3669 2586 3990 2654 Ἀρειανοίς,
4014 2587 4097 2648 ὡς

2513 2673 2720 2726 πολλῶν
2751 2677 2807 2727 ἐν
2837 2678 2902 2745 τῇ
2942 2675 3088 2746 μάχῃ
3141 2677 3437 2740 πεσόντων,
3493 2677 3598 2729 ὑπὸ
3645 2677 3736 2730 τὸν
3779 2679 4043 2748 τύραννον
4067 2683 4100 2731 ὁ

2515 2762 2765 2832 βασιλεὺς
2796 2764 3031 2832 ἐγένετο.
3063 2765 3171 2816 Καὶ
3197 2765 3271 2828 ὡς
3300 2768 3708 2837 ἐπιγενομένοις
3749 2771 3858 2838 (15)
3883 2770 3984 2839 ήδη
4009 2766 4096 2834 οἷς

2513 2853 2874 2920 ἐλογοποίουν,
2897 2853 3230 2925 ἐθάρρησαν
3266 2857 3358 2908 καὶ
3385 2857 3846 2927 καταδραμόντες,
3872 2860 4096 2910 Naxu-

2517 2944 2631 3015 ρίου
2669 2943 2762 2996 τοῦ
2793 2947 3088 2998 ἐπισκόπου
3119 2947 3217 3016 τὴν
3245 2947 3418 2999 οἰκίαν
3458 2950 3786 3018 ἐνέπρησαν,
3835 2951 4097 3018 χαλεπαίο

2514 3053 2716 3099 νοντες,
2748 3037 2830 3088 δτι
2858 3035 2964 3087 τῶν
3010 3035 3345 3107 Ἐκκλησιῶν
3391 3038 3630 3106 ἐκράτει.
3669 3039 3757 3108 Τῷ
3790 3040 3844 3091 δὲ
3877 3041 4098 3106 βασιλεῖ

2439 3164 2480 3220 C
2517 3126 2583 3178 τὰ
2614 3126 2739 3195 περὶ
2788 3126 2878 3176 τὸν
2912 3124 3144 3196 πόλεμον
3177 3127 3316 3178 κατὰ
3361 3128 3584 3196 γνώμην
3641 3131 3841 3199 ἀπέϐη.
3885 3133 3946 3183 0i.
3984 3133 4097 3200 γὰρ

2516 3217 2620 3268 ὑπὸ
2660 3217 2896 3284 Μαξίμῳ
2950 3217 3297 3286 στρατιῶται,
3342 3217 3374 3287 ἢ
3419 3221 3567 3288 φόϐῳ
3617 3225 3716 3290 τῆς
3750 3222 3835 3274 ἐπ’
3891 3223 4098 3285 αὐτοὺς

2516 3307 2884 3374 παρασκευῆς,
2913 3307 2944 3375 ἢ
2970 3307 3245 3376 προδοσίᾳ,
3289 3309 3671 3378 συλλαϐόμενοι
3706 3311 3798 3363 τὸν
3825 3311 4094 3382 τύραννον

2516 3395 2746 3448 ἀνεῖλον.
2814 3396 3197 3465 Ἀνδραγάοιος
3245 3399 3300 3450 δέ
3347 3403 3374 3450 ὁ
3418 3400 3712 3468 Γρατιανὺν
3757 3403 3981 3466 ἀνελὼν,
4017 3406 4095 3468 ὡς

2517 3485 2640 3536 τάδε
2677 3485 2833 3549 ἔγνω,
2875 3486 2971 3536 σὺν
3017 3488 3198 3549 αὐτοῖς
3243 3488 3423 3551 ὅπλοις
3456 3495 3534 3554 εἰς
3591 3495 3830 3561 ποταμὸν
3874 3500 4093 3566 παραρ-

2523 3575 2709 3642 ρέοντα
2743 3576 2931 3644 ἥλατο,
2964 3580 3056 3629 καὶ
3092 3579 3374 3651 διεφθάρη.
3410 3582 3514 3634 Τοῦ
3547 3583 3602 3636 δέ
3635 3587 3867 3655 πολέμου
3900 3588 4093 3639 τοῦτον

2515 3665 2852 3729 διαλυθέντος
2878 3669 2968 3720 τὸν
2993 3671 3212 3738 τρόπον,
3241 3673 3429 3725 ἔπειτα
3458 3676 3641 3728 εἰκότα
3669 3679 3780 3746 (Η)
3808 3679 4094 3747 Γρατιανῷ

2516 3759 2852 3826 τιμωρήσας,
2883 3755 3017 3831 ἧκεν
3059 3764 3140 3824 εἰς
3186 3763 3399 3834 Ῥώμην
3445 3768 3539 3818 καὶ
3573 3769 3834 3821 ἐπινίκιον
3864 3773 4094 3840 πομπὴν

2516 3847 2631 3916 ἃμα
2685 3847 3110 3919 Οὐαλεντινιανῴ
3146 3852 3452 3913 ἐπετέλεσε,
3483 3853 3574 3906 καὶ
3621 3855 3687 3906 τὰ
3727 3858 3853 3926 περὶ
3890 3857 3990 3925 τῆς
4035 3860 4091 3908 ἐν

2527 3935 2724 4008 Ἰταλίᾳ
2775 3938 3097 4007 Ἐκκλησίας
3115 3936 3172 3993 εὖ
3195 3941 3431 4011 διέθηκε.
3462 3942 3666 4013 Συνέϐη
3694 3945 3801 4014 γὰρ
3825 3945 3916 3998 καὶ
3959 3947 4091 3997 Ἰου-

2518 4029 2699 4081 στίναν
2733 4032 3045 4094 ἀποθανεῖν,

834 4135 972 4188 erat,
1002 4125 1170 4186 ultus,
1208 4122 1434 4177 Romam
1481 4120 1748 4184 venisset,
1792 4128 1846 4173 et
1882 4134 1988 4173 una
2065 4134 2188 4173 cum
2262 4116 2642 4174 Valentiniano
2703 4122 2993 4193 insignem,
3034 4123 3373 4195 triumphum
3424 4126 3651 4197 egisset,
3705 4143 3794 4184 res
3865 4143 4091 4201 quoque

835 4221 1243 4277 ecclesiasticas
1277 4218 1330 4271 in
1360 4217 1511 4270 Italia
1540 4225 1686 4269 recte
1713 4214 2010 4268 ordinavit.
2038 4212 2396 4267 Commodum
2437 4217 2582 4274 enim
2609 4215 2824 4272 Justina
2847 4233 2878 4274 e
2915 4219 3054 4274 vivis
3081 4228 3417 4274 excesserat.

1461 4326 1614 4381 CAP.
1673 4325 1786 4379 XV.

834 4443 915 4501 De
949 4441 1206 4495 Flaviano
1251 4450 1300 4494 et
1352 4439 1576 4507 Evagrio
1625 4435 1962 4490 Antiochenis
2010 4434 2316 4507 episcopis.“
2356 4444 2407 4488 et

906 4516 970 4567 de
1014 4513 1094 4564 his
1147 4527 1263 4580 quae
1309 4505 1646 4580 Alexandria:
1696 4519 1842 4574 gesta
1886 4515 2006 4580 sunt
2053 4509 2104 4556 in
2146 4505 2408 4580 euersione

908 4585 1085 4649 templi
1133 4574 1330 4634 Bacchi
1361 4595 1378 4632 :
1424 4593 1471 4631 et
1503 4578 1566 4632 de
1596 4579 1844 4646 εει-«μεθ,
1893 4577 2114 4645 aliisque
2145 4574 2411 4628 idolorum

909 4653 1115 4721 templis
1162 4650 1447 4704 destructis

904 4801 1012 4859 Per
1053 4802 1196 4858 idem
1226 4811 1442 4871 tempus
1472 4809 1688 4855 mortuo
1722 4799 2026 4854 Antiochia:
2062 4797 2316 4863 Paulino,
2360 4786 2414 4852 hi

836 4903 932 4974 qui
960 4901 1172 4956 subillo
1200 4901 1255 4952 in
1295 4899 1528 4953 ecclesia
1554 4897 2051 4968 congregabantur,
2070 4894 2412 4958 Flavianum,

837 5003 1026 5064 utpote
1055 4994 1146 5063 qui
1179 4989 1537 5061 jurisjurandi
1566 4991 1668 5045 sub
1702 4987 1919 5043 Meletio
1971 4989 2200 5056 praestiti
2249 4986 2410 5040 fidem

835 5084 1120 5148 violasset,
1151 5082 1390 5136 aversari
1424 5089 1932 5151 perseveraverunt,
1968 5081 2092 5135 licet
2118 5081 2172 5134 in
2199 5079 2405 5134 doctri-

3109 4331 3356 4383 ΚΕΦΑΛ.
3386 4331 3485 4386 1Ε’.

2516 4439 2635 4490 Ὅτι
2671 4438 2798 4504 περὶ
2831 4439 3187 4508 Φλαϐιαγοῦ.
3226 4441 3323 4492 καί
3373 4439 3667 4508 Εὺατιοίου
3701 4443 3820 4497 τῶν
3862 4446 4088 4500 Ἀντιο-

2584 4509 2769 4584 χέων]
2809 4509 2904 4584 καὶ
2937 4510 3068 4584 περὶ
3093 4507 3225 4584 ⁸τῶν
3252 4515 3340 4584 εἰς
3377 4507 3822 4584 Ἀλεξανδρείαν
3846 4520 4088 4584 γενομέ-

2586 4595 2707 4630 νων
2734 4579 2829 4630 ἐπὶ
2867 4580 3200 4645 καθαιρέσει
3241 4580 3346 4632 τοῦ
3375 4582 3541 4646 iepoii
3590 4579 3881 4638 Διονύσου
3928 4604 3942 4615 ·
3982 4579 4087 4642 imi

2587 4648 2718 4723 περὶ
2754 4648 2864 4723 τοῦ-
2880 4651 3176 4723 βεραπ-ίου
3198 4689 3211 4710 ,
3242 4652 3360 4723 Δῖιιιιιὶ
3398 4649 3514 4703 τῶν
3547 4658 4088 4723 καταστραφέντων

2586 4717 2792 4770 ἄλλων
2815 4717 3137 4770 εὶδωλικῶν
3160 4717 3328 4772 νεῶν.

2597 4805 2685 4857 Ἐν
2712 4805 2768 4857 δὲ
2789 4804 2866 4874 τῷ
2885 4805 3004 4857 τότε
3025 4806 3287 4858 Παυλίνου
3314 4809 3373 4860 ἐν
3411 4809 3707 4879 Ἀντιοχείᾳ
3726 4809 4086 4880 τελευτήσαν-

2513 4911 2624 4958 τος,
2650 4894 2919 4964 διέμειναν
2949 4897 2999 4948 oi
3019 4896 3108 4947 ὑπ’
3128 4895 3276 4966 αὐτῷ
3303 4895 3772 4967 ἐκκλησιάζοντες,
3799 4898 3872 4960 ὡς
3900 4917 4082 4970 παρα-

2514 4986 2682 5040 ϐάντα
2721 4989 2846 5048 τοὺς
2877 4987 2969 5039 ἐπὶ
3015 4987 3275 5041 Μελετίου
3304 4988 3554 5052 δοθέντας
3589 4990 3783 5058 ὅρκους
3807 4992 4080 5060 ἀποστρεο

2511 5083 2732 5153 φόμενοι
2798 5083 3095 5138 Φλαϐιανὸν
3121 5123 3137 5149 ,
3177 5085 3380 5155 καίπερ
3435 5084 3586 5139 οὐδὲν
3637 5086 3764 5155 περὶ
3789 5084 3851 5135 τὸ
3906 5083 4081 5152 δόγμα

2000 5215 2264 5272 VALESll
2303 5214 2856 5275 ANNOTATIONES.

909 5335 1020 5403 (I3)
1051 5332 1155 5388 Καὶ
1183 5333 1263 5396 ὡς
1287 5332 1745 5402 ἐπιγενομένοις.
1772 5333 2132 5386 Scribendum
2154 5339 2238 5386 est
2272 5347 2396 5403 pro-

836 5400 926 5461 cui
956 5400 1122 5458 dubio
1145 5400 1628 5458 diductis—vocibus
1653 5405 1743 5456 ἐπὶ
1769 5404 2223 5472 γενομένοιςΑυο
2238 5400 2397 5455 modo

835 5477 998 5532 etiam
1037 5476 1272 5528 Savilius
1293 5475 1347 5526 in
1374 5489 1474 5529 suo
1511 5476 1696 5528 Codice
1724 5475 2049 5526 emendavit.

909 5545 1022 5614 (14)
1055 5549 1298 5598 Ἔπειτα
1320 5545 1537 5597 εἰκότα.
1570 5544 1668 5596 Hic
1694 5551 1918 5613 quoque
1948 5542 2246 5614 separanda
2272 5551 2399 5614 sunt

836 5612 1099 5669 voeabula
1142 5614 1242 5667 hoc
1289 5615 1495 5668 modo:
1534 5614 1685 5666 Ἐπεὶ
1723 5612 1806 5666 τὰ
1854 5613 2048 5665 ,εἰκότα
2109 5612 2398 5681 Γρατιανὸν

838 5685 1177 5756 τιμωρήσας,
1197 5694 1300 5738 etc.
1327 5684 1500 5750 Quam
1536 5686 1862 5754 scripturam
1899 5687 1949 5737 in
2004 5688 2254 5737 versione
2285 5697 2402 5735 mea

2506 5350 2628 5406 sum
2670 5343 2913 5389 secutus.
2942 5331 3172 5406 Vulgata
3197 5345 3343 5390 certe
3366 5335 3531 5406 lectio
3572 5333 3703 5388 ferri
3738 5351 3848 5390 non
3877 5349 4078 5406 potest.

2505 5404 2690 5476 [Seque
2714 5406 2857 5457 enim
2900 5403 3194 5474 beilo'jam
3231 5407 3405 5469 ﬁnito,
3461 5403 3802 5476 Theodosius
3855 5403 4085 5476 posthac

2505 5473 2826 5527 Gratianum
2869 5477 3015 5530 ultus
3043 5473 3144 5530 est.
3177 5475 3282 5530 Sed
3310 5479 3362 5529 in
3393 5479 3511 5544 ipso
3545 5475 3688 5528 bello
3716 5473 3914 5530 eadem
3945 5476 4083 5531 Gra-

2505 5545 2654 5618 tiani
2704 5545 3020 5618 vindicavit,
3059 5556 3281 5618 sumpto
3333 5546 3400 5602 de
3453 5545 3692 5602 Maximo
3726 5547 4084 5604 interfectore

2509 5615 2752 5669 Gratiani
2781 5615 3069 5686 supplicio.
