4460 6634
357 488 497 547 1453

1315 488 1644 548 ΙΙιΞΤΟῐὶΙΔ
1675 489 2313 547 1ἱ(ἶ(ῖ[Ᾰῖ51Α5ΤΙ(ΞΛ.-
2345 492 2469 545 LIB.
2508 490 2615 544 Vll.

3468 488 3605 547 ηει

354 608 755 681 διαφερόμενοι.
782 611 1120 665 Καθίσταται
1152 613 1206 666 δὲ
1242 613 1419 666 αὐτῶν
1453 614 1751 677 ἐπίσκοπος
1789 614 1933 667 Εὐά-
1965 624 2007 677 Α
2039 629 2107 666 na

1845 614 1933 666 ὒᾰι-
1965 624 2007 677 Α
2039 629 2107 666 na
2141 612 2263 667 fidei
2297 614 2432 665 nihil
2469 614 2534 665 ab
2564 628 2628 667 eo
2651 612 3012 667 dissentirent
3040 613 3078 664 '.
3113 609 3177 663 Et
3202 609 3469 681 Evagrius
3511 627 3606 665 en-

357 720 512 773 τριος
540 702 587 742 ι’
629 702 720 754 τοῦ
756 703 846 769 δὲ,
882 703 1085 773 βραχύν
1125 722 1245 757 τινα
1286 706 1475 775 χρόνον
1523 706 1933 767 ἐπιϐιώσαντος,

357 796 540 848 οὒκέτι
567 795 771 867 ταύτην
811 798 911 867 τὴν
948 798 1198 868 διαδοχὴν
1238 798 1423 867 ἕτερος
1454 797 1757 867 ἐπλήρωσε,
1796 796 1938 849 Φλα-

360 888 548 940 ϐιανοῦ
594 890 1072 958 ἀντιπράττοντος.
1125 890 1254 960 Ἱδίᾳ
1304 891 1360 942 δὲ
1396 889 1777 959 ἐκκλησίαζον,
1824 889 1937 940 ὅσοι

358 978 456 1049 τὴν
479 980 613 1049 πρὸς
636 980 795 1033 αὑτὸν
820 980 1161 1051 παρῃτοῦντο
1182 981 1486 1033 κοινωνίαν.
1524 980 1657 1031 Ὑπὸ
1676 980 1731 1031 δέ
1752 978 1937 1031 τοῦτον

358 1070 450 1121 τὸν
480 1070 689 1138 χρόνον,
739 1070 1131 1140 Ἀλεξανδρέων
1173 1071 1469 1132 ἐπίσκοπος
1502 1068 1560 1119 τὸ
1593 1071 1720 1135 παρ.
1752 1070 1937 1130 αὐτοῖς

360 1158 615 1210 Διονύσου
664 1158 807 1228 ἱερὸν
853 1159 932 1221 είς
986 1157 1275 1227 ἐκκλησίαν
1322 1157 1685 1227 μετεσκεύαζε
1720 1173 1733 1187 ·
1765 1156 1936 1226 δῶρον

360 1249 468 1319 τὰρ
504 1249 709 1319 εἰλήφει
738 1247 894 1301 τοῦτο
928 1250 1075 1318 παρὰ
1104 1248 1197 1300 τοῦ
1233 1248 1490 1318 βασιλέως
1510 1248 1755 1316 αἰτήσας.
1781 1247 1926 1299 Καθ-

365 1341 707 1409 αιρουμένων
736 1340 790 1392 δὲ
821 1339 929 1391 τῶν
967 1338 1151 1390 ἐνθάδε
1194 1338 1415 1401 ξοάνων,
1460 1339 1552 1389 καὶ
1582 1337 1688 1389 τῶν
1730 1336 1936 1389 ἀδύτων

364 1432 893 1501 ὰνακαλυπτομένων
923 1472 938 1496 ,
997 1430 1248 1500 ἐπίτηδες
1302 1428 1615 1492 σπουδάζων
1660 1427 1936 1497 ἐνυϐρίσαι

361 1524 474 1585 τοῖς
507 1522 834 1594 Ἑλληνικοῖς
864 1522 1199 1593 μυστηρίοις,
1232 1520 1569 1589 ἐξεπόμπευε
1604 1520 1772 1572 ταῦτα
1795 1534 1806 1545 ·
1840 1518 1937 1569 καὶ

365 1616 615 1683 φαλλοὺς,
642 1617 734 1668 καὶ
770 1617 891 1668 είτι
913 1615 1098 1685 ἕτερον
1127 1616 1183 1666 ἐν
1228 1617 1337 1676 τοῖς
1370 1614 1580 1675 ἀδύτοις
1619 1612 1937 1681 κεκρυμμέ-

364 1724 450 1759 νον
482 1707 878 1774 καταγέλαστον
921 1700 988 1775 ἦν
1021 1704 1053 1775 ἦ
1083 1703 1329 1771 ἐφαίνετο
1354 1742 1368 1765 ,
1420 1701 1654 1771 δημοσία
1698 1697 1831 1769 ἦγεν
1859 1700 1937 1763 είς

361 1798 638 1861 ἐπίδειξιν.
674 1797 814 1867 Πρὸς
853 1796 909 1849 δὲ
940 1796 999 1847 τὸ
1041 1794 1272 1863 ἀληθὲς,
1307 1793 1399 1844 καὶ
1440 1793 1500 1843 τὸ
1532 1792 1788 1860 ἀδόκητον
1825 1791 1933 1857 (ιδ)

363 1889 457 1941 τοῦ
494 1886 797 1957 συμϐάντος
835 1885 1277 1952 καταπλαγέντες
1308 1886 1353 1936 oi
1387 1884 1675 1953 ”Ελληνες,
1706 1883 1928 1951 ἠρεμεῖν

2041 719 2162 757 rum
2223 704 2518 770 epist-Opus
2569 711 2653 755 est
2708 702 3015 755 ordinatus.
3077 701 3178 767 Qui
3228 716 3353 753 cum
3411 701 3609 770 exiguo

2040 797 2301 863 temporis
2336 795 2513 861 spatio
2546 794 2964 862 supervixisset,
3024 807 3185 845 nemo
3233 791 3495 859 deinceps
3548 791 3605 849 in

2040 887 2160 951 ejus
2194 886 2372 938 locum
2407 885 3010 947 successit,obsistente
3042 883 3291 936 videlicet
3327 882 3606 935 Flaviano.

2042 975 2145 1029 Sed
2192 977 2507 1045 quicunque
2558 975 2991 1029 communionem
3046 971 3287 1025 Flaviani
3335 973 3610 1027 detrecta-

2039 1067 2188 1131 bant,
2237 1068 2529 1136 separatim
2553 1067 2812 1120 collectas
2840 1067 3093 1135 agebant.
3126 1064 3329 1118 Eodem
3358 1073 3607 1133 tempore

2038 1158 2418 1214 Alexandrina:
2491 1161 2645 1214 urbis
2704 1163 2997 1229 episcopus
3070 1161 3326 1229 templum
3398 1158 3599 1212 Bacchi

2038 1253 2182 1319 quod
2240 1253 2351 1305 illic
2400 1262 2539 1313 erat,
2593 1253 2645 1305 in
2703 1253 2990 1306 ecclesiam
3040 1252 3415 1306 conunutavit.
3474 1250 3611 1304 Illud

2038 1342 2181 1394 enim
2254 1342 2320 1395 ab
2381 1344 2710 1410 imperatore
2787 1342 3037 1411 petitum,
3107 1342 3252 1395 dono
3303 1348 3608 1409 acceperat.

2037 1430 2207 1485 Porro
2261 1434 2387 1486 dum
2438 1433 2733 1487 simulacra
2796 1434 2917 1501 ejus
2964 1434 3067 1487 loci
3122 1441 3519 1495 averterentur,
3556 1443 3613 1486 et

2038 1523 2197 1591 adyta
2248 1524 2680 1589 recluderentur,
2714 1525 3001 1592 episcopus
3046 1526 3220 1577 sacris
3274 1540 3609 1593 paganorum

2038 1616 2431 1669 contumeliose
2480 1616 2709 1670 studens
2759 1616 3006 1678 illudere,
3050 1630 3114 1668 ea
3154 1615 3221 1669 de
3260 1616 3420 1683 297
3454 1616 3613 1668 indu-

2038 1709 2169 1763 stria
2201 1707 2495 1776 publicavit
2523 1723 2587 1762 ac
2616 1708 2880 1763 traduxit.
2925 1708 3140 1761 l’ballos
3171 1708 3356 1770 etiam,
3382 1716 3436 1761 et
3458 1706 3610 1775 quid-

2036 1799 2169 1868 quid
2224 1799 2275 1851 in
2327 1799 2505 1868 adytis
2563 1800 2836 1852 occultum
2874 1809 2965 1852 aut
3009 1806 3129 1852 erat
3177 1807 3269 1851 aut
3319 1796 3611 1850 videbatur

2037 1907 2160 1944 esse
2215 1892 2539 1951 ridiculum,
2597 1892 2811 1959 publice
2867 1891 3225 1959 spectandum
3299 1889 3605 1957 proposuit.

363 1972 464 2034 οὐκ
520 1980 831 2049 ἠνείχοντο·
882 1977 1433 2048 παρασκευασάμενοι
1503 1976 1559 2026 δὲ
1612 1977 1668 2025 ἐν
1720 1976 1926 2035 ἑαυτοῖς
1962 1954 1999 2007 Β
2030 1984 2124 2037 Tu,

1849 1976 1926 2035 οἷς
1962 1954 1999 2007 Β
2030 1984 2165 2037 Tum
2193 2000 2321 2038 vero
2352 1984 2567 2053 pagani,
2602 1994 2655 2037 et
2702 1984 2925 2037 insolito
2955 1990 3008 2035 et
3049 1983 3329 2050 insperato
3369 1982 3446 2035 rei
3481 1996 3604 2049 spe-

364 2069 701 2139 κατέδραμον
747 2069 871 2129 τοὺς
911 2066 1284 2135 Χριστιανούς.
1339 2066 1445 2117 Καὶ
1492 2065 1617 2127 τοὺς
1654 2064 1750 2133 μὲν
1782 2065 1925 2115 κτεί-

362 2177 580 2221 ναντες,
616 2160 742 2220 τοὺς
774 2158 830 2210 δὲ
871 2158 1211 2227 τραυματίας
1251 2158 1606 2226 ποιήσαντες,
1644 2155 1923 2226 καταλαμ-

364 2247 584 2299 ϐάνουσι
617 2248 675 2299 τὸ
704 2246 990 2315 Σεράπιον.
1037 2245 1180 2308 Ναὸς
1223 2245 1279 2297 δέ
1326 2240 1475 2307 οὗτος
1505 2246 1571 2315 ἦν
1608 2245 1792 2298 κάλλει
1832 2248 1925 2299 καὶ

362 2339 582 2410 μεγέθει
613 2339 1037 2407 ἐμφανέστατος,
1070 2340 1160 2389 ἐπὶ
1194 2338 1465 2406 γεωλόφου
1502 2338 1765 2407 κείμενος.
1813 2338 1923 2390 Ἑν-

360 2432 551 2485 τεῦθεν
606 2432 681 2495 ὡς
735 2433 829 2484 ἀπ’
883 2431 1056 2500 ἄκρας
1097 2430 1237 2493 τινὸς
1286 2432 1610 2493 ἐξαπιναίως
1659 2431 1921 2494 ἐλθόντες,

364 2524 652 2577 συνέλαΰόν
679 2538 736 2577 τε
762 2522 989 2585 πολλοὺς
1020 2522 1375 2595 Χριστιανῶν,
1408 2524 1501 2573 καὶ
1524 2522 1919 2590 βασανίζοντες,

359 2617 668 2687 ἠνάγκαζον
706 2615 874 2669 θύειν.
920 2614 1388 2685 Παραιτουμένους
1416 2614 1493 2674 δὲ,
1522 2616 1647 2676 τοὺς
1703 2616 1799 2683 μὲν
1829 2617 1922 2667 ἁν-

362 2707 717 2759 εσκολοπισαν
736 2722 750 2736 ·
788 2704 895 2758 τῶν
931 2704 986 2757 δέ
1015 2706 1081 2757 τά
1117 2705 1279 2774 σκέλη
1315 2704 1581 2768 κατέαξαν
1608 2723 1620 2735 ·
1652 2706 1837 2769 ἄλλους
1866 2707 1920 2759 δὲ

360 2800 536 2861 ἄλλως
563 2800 814 2869 ἀνῄρουν.
860 2798 982 2849 Ἐπὶ
1022 2797 1199 2868 πολλῷ
1237 2798 1292 2849 δὲ
1332 2798 1509 2867 χρόνῳ
1548 2798 1643 2865 τῆς
1681 2801 1919 2861 στάσεως

361 2892 666 2963 κρατούσης
708 2891 1135 2963 παραγενόμενοι
1179 2890 1312 2960 πρὸς
1342 2891 1536 2952 αὐτοὺς
1563 2891 1609 2941 oi
1640 2889 1917 2957 ἄρχοντες,

360 2983 541 3053 νόμων
580 2983 1022 3052 ὑπεμίμνησκον,
1067 2984 1159 3034 καὶ
1198 2982 1463 3034 παύεσθαι
1510 2982 1746 3049 πολέμου
1777 3000 1918 3050 παρη

358 3075 692 3139 ἐκελεύοντο,
735 3076 830 3129 καὶ
865 3076 925 3127 τὸ
970 3076 1234 3141 Σεράπιον
1267 3074 1711 3143 καταλιμπάνειν.
1744 3068 1918 3143 Ἶιρχε

357 3168 416 3220 δὲ
456 3168 576 3219 τότε
620 3166 727 3219 τῶν
768 3168 826 3218 ἐν
867 3164 1126 3234 Αἰγύπτῳ
1174 3163 1577 3235 στρατιωτικῶν
1624 3164 1917 3232 ταγμάτων

371 3256 664 3329 Ῥωμανός·
679 3256 941 3325 Εὑάγριος
954 3254 1006 3305 δὲ
1028 3254 1263 3324 ὕπαρχος
1278 3254 1490 3323 (im-ci};
1518 3252 1916 3323 Ἀλεξανδρείας

361 3352 562 3419 ἡγεῖτο.
606 3349 691 3412 Ὡς
716 3348 771 3399 δὲ
800 3346 949 3400 οὐδὲν
979 3347 1159 3417 ἣνυον,
1194 3348 1468 3416 ἐμήνυσαν
1503 3344 1578 3415 τῷ
1619 3345 1823 3412 βασιλεῖ
1854 3346 1919 3397 τὰ

360 3444 648 3510 γενόμενα.
695 3438 1140 3509 Προθυμοτέρους
1188 3436 1242 3487 δέ
1289 3438 1413 3497 τοὺς
1462 3438 1517 3487 ἐν
1560 3436 1635 3505 τῷ
1674 3434 1922 3507 Σεραπίῳ

363 3530 774 3602 παρεσκεύαζεν
800 3526 959 3590 εἶναι,
992 3530 1049 3580 τὸ
1077 3527 1372 3579 συνειδέναι
1408 3529 1585 3595 σφίσιν
1612 3526 1647 3579 ἃ.
1670 3527 1926 3596 τετολμή-

362 3641 552 3677 κασιν·
591 3623 779 3675 ἔπειτα
813 3622 867 3674 δέ
906 3622 998 3673 καὶ
1057 3618 1348 3689 Ὀλύμπιός
1400 3636 1480 3681 τις
1534 3621 1589 3671 ἐν
1636 3618 1923 3687 φιλοσόφου

362 3718 599 3786 σχήματι
634 3713 803 3767 συνὼν
842 3713 1051 3773 αὐτοῖς,
1093 3712 1186 3763 καὶ
1213 3710 1412 3763 πείθων
1445 3710 1639 3779 χρῆναι
1677 3710 1749 3778 μὴ
1792 3711 1926 3777 ἁμε-

359 3810 469 3860 λεῖν
507 3809 616 3860 τῶν
641 3807 901 3877 πατρίων,
930 3806 1041 3857 ἀλλ’
1077 3806 1122 3855 εἰ
1144 3804 1251 3855 δέοι
1275 3802 1411 3870 ὑπὲρ
1437 3802 1611 3853 αὐτῶν
1639 3800 1888 3869 θνήσκειν
1910 3814 1924 3830 ⁶

357 3895 805 3965 καθαιρουμένων
848 3894 905 3946 δὲ
952 3893 1061 3945 τῶν
1102 3893 1336 3957 ξοάνων,
1384 3892 1727 3961 ἀθυμοῦντας
1757 3890 1918 3959 ὁρῶν,

360 3986 707 4039 συνεὸούλευε
762 3985 835 4056 μὴ
895 3984 1204 4049 ἐξίστασθαι
1249 3984 1350 4049 τῆς
1402 3982 1733 4052 θρησκείας,
1794 3983 1923 4052 ύλην

358 4078 605 4149 φθαρτὴν
645 4079 737 4131 καὶ
784 4076 1081 4144 ἰνδάλματα
1125 4076 1297 4143 λέγων
1332 4070 1469 4127 εἶναι
1504 4078 1571 4126 τὰ
1604 4074 1913 4143 ἀγάλματα,

358 4170 455 4223 καὶ
508 4170 595 4221 διὰ
638 4168 794 4220 τοῦτο
850 4166 1153 4236 ἀφανισμὸν
1208 4166 1532 4235 ὑπομένεινο
1566 4164 1824 4233 δυνάμεις
1860 4166 1915 4217 δέ

355 4278 508 4323 ’τινας
549 4260 825 4329 ἐνοικῆσαι
864 4261 1065 4321 αὐτοῖς.
1102 4258 1192 4310 καὶ
1223 4260 1299 4314 εἰς
1334 4257 1557 4325 οὐρανὸν
1590 4258 1915 4326 άποπτῆναι.

359 4354 520 4407 Καὶὸ
557 4354 676 4423 μὲν,
705 4353 880 4405 τοιάδε
923 4351 1326 4421 εἰσηγούμενος,
1369 4354 1461 4402 καὶ
1492 4350 1695 4419 πληθὺν
1735 4350 1920 4418 Ἐλλή-

358 4460 463 4497 νων
506 4442 642 4512 ἔχων
683 4442 809 4511 περὶ
840 4438 1021 4503 αὐτὸν,
1059 4442 1115 4491 ἐν
1148 4439 1224 4507 τῷ
1257 4438 1507 4508 Σεραπίῳ
1534 4437 1817 4507 διέτριϐεν.
1866 4438 1921 4490 Ὀ

439 4585 452 4615 ³
489 4582 670 4649 Socr.,
703 4584 799 4638 lib.
839 4600 887 4647 v,
918 4598 970 4636 c.
1001 4579 1195 4646 15,16.

2026 2077 2240 2130 ctaculo
2266 2075 2545 2137 commoti,
2573 2090 2912 2144 nequaquam
2944 2073 3231 2141 quiescere
3276 2077 3594 2140 potuerunt.

2025 2168 2117 2221 sed
2148 2165 2558 2233 conspiratione
2588 2163 2723 2217 inter
2763 2179 2819 2217 se
2847 2162 2989 2215 facta
3009 2200 3023 2223 ,
3056 2162 3111 2214 in
3138 2160 3486 2213 Christianos
3528 2160 3596 2211 ir-

2024 2262 2285 2318 ruerunt;
2345 2252 2639 2319 multisque
2692 2266 2878 2303 eorum
2926 2250 3129 2304 occisis
3177 2256 3231 2303 et
3278 2248 3605 2311 vulneratis,

2029 2348 2319 2417 Serapium
2358 2355 2719 2413 occuparunt.
2753 2342 2879 2396 Erat
2902 2343 3004 2396 hoc
3039 2341 3301 2411 templum
3340 2349 3394 2395 et
3431 2357 3607 2395 venu-

2025 2450 2165 2494 state
2194 2451 2249 2494 et
2281 2438 2647 2507 amplitudine
2687 2435 3119 2497 nobilissimum,
3149 2436 3202 2488 in
3234 2433 3431 2502 exiguo
3471 2432 3609 2488 colle

2024 2533 2213 2587 situm.
2251 2530 2329 2584 Ex
2363 2546 2428 2584 eo
2470 2531 2605 2592 loco,
2642 2538 2903 2597 tanquam
2944 2542 3009 2579 ex
3049 2540 3171 2579 arce
3203 2525 3464 2595 quadam,
3507 2525 3609 2577 im-

2022 2625 2245 2694 proviso
2294 2632 2663 2691 erumpentes,
2714 2620 2916 2672 multos
2968 2617 3409 2671 Christianorum
3454 2628 3606 2669 com-

2026 2714 2460 2787 prehendebant,
2505 2722 2558 2765 et
2593 2710 2883 2765 tormentis
2918 2708 3264 2763 excruciatos
3293 2706 3610 2762 sacriﬁcare

2022 2806 2315 2876 cogebant.
2361 2804 2414 2856 Si
2453 2803 2541 2871 qui
2581 2815 2706 2855 vero
2754 2800 2805 2853 id
2847 2799 3028 2853 facere
3060 2798 3455 2859 detrectarent,
3505 2808 3603 2851 eo;

2025 2906 2118 2953 aut
2151 2897 2205 2949 in
2240 2909 2461 2948 crucem
2514 2891 2768 2960 agebant,
2807 2897 2902 2942 aut
2949 2886 3141 2941 fractis
3176 2888 3456 2950 cruribus,
3509 2897 3606 2941 aut

2030 2989 2141 3043 alio
2169 2987 2360 3040 mortis
2402 2998 2599 3053 genere
2633 2981 2992 3050 perimebant.
3023 2978 3195 3033 Porro
3224 2994 3349 3032 cum
3384 2980 3498 3034 haec
3522 2995 3610 3033 se-

2022 3082 2163 3135 ditio
2194 3078 2405 3133 diutius
2439 3080 2841 3145 perseveraret,
2881 3071 3235 3140 magistratus
3260 3070 3327 3123 ad
3358 3084 3453 3125 eos
3480 3084 3610 3139 pro-

2030 3170 2206 3242 gressi
2256 3170 2401 3239 leges
2444 3167 2579 3235 ipsis
2618 3165 2671 3217 in
2727 3164 3047 3217 memoriam
3082 3170 3436 3229 revocarunt,
3479 3163 3610 3219 hor-

2031 3272 2209 3318 tantes
2249 3272 2303 3314 nt
2330 3276 2359 3312 a
2392 3259 2533 3313 bello
2563 3257 2842 3310 abstinere
2880 3264 2933 3307 et
2978 3254 3264 3323 Serapium
3297 3256 3609 3322 relinquere

2032 3354 2251 3407 vellent.
2289 3350 2418 3403 Erat
2456 3361 2586 3403 tunc
2622 3348 2883 3417 temporis
2913 3346 3023 3399 dux
3065 3346 3303 3400 militum
3339 3348 3392 3400 in
3438 3342 3609 3417 Aﬂgy-

2029 3454 2120 3514 ptn
2151 3443 2430 3495 [totuanus
2467 3462 2477 3494 :
2522 3438 2791 3509 Evagrius
2834 3454 2983 3500 vero,
3025 3437 3321 3505 praefectus
3355 3450 3587 3509 augusta

2030 3538 2098 3589 lis
2127 3548 2245 3590 erat
2284 3532 2653 3585 Alexandriae.
2688 3530 2792 3595 Qui
2835 3546 2957 3583 cum
2992 3531 3127 3583 nihil
3161 3531 3511 3599 proficerent,
3543 3548 3607 3585 ea

2030 3640 2149 3694 quae
2202 3634 2352 3693 gesta
2409 3623 2625 3676 fuerant
2676 3621 2997 3690 imperatori
3051 3621 3469 3691 significarunt;
3514 3639 3611 3677 eos

2034 3728 2213 3769 autem
2244 3716 2334 3784 qui
2369 3716 2421 3767 in
2457 3713 2691 3782 Serapio
2720 3720 2896 3775 erant,
2933 3714 3232 3767 alacriores
3265 3713 3527 3768 reddebat
3554 3726 3610 3767 et

2032 3805 2368 3859 conscientia
2422 3804 2684 3857 facinoris
2723 3803 2868 3857 illius
2928 3803 3074 3872 quod
3130 3804 3505 3863 admiserant:
3555 3816 3609 3859 et

2030 3906 2294 3964 prmterea
2323 3896 2605 3966 Olympius
2634 3896 2876 3963 quidam,
2909 3897 3004 3965 qui
3041 3896 3091 3948 in
3134 3895 3323 3949 habitu
3366 3896 3610 3964 philoso-

2030 3989 2190 4057 phieo
2248 4003 2373 4040 cum
2428 3988 2561 4056 ipsis
2594 3986 2821 4057 degens,
2866 3985 3134 4041 suadebat
3180 3986 3605 4057 haudquaquam

2021 4079 2344 4147 negligenda
2379 4094 2501 4132 esse
2532 4093 2689 4133 sacra
2725 4080 2922 4148 patria,
2987 4076 3082 4131 sed
3118 4092 3215 4145 pro
3251 4078 3381 4137 illis,
3435 4080 3479 4131 si
3521 4097 3607 4132 res

2022 4172 2096 4223 ita
2148 4172 2478 4239 postularet,
2538 4179 2768 4224 mortem
2810 4185 3026 4239 quoque
3072 4169 3415 4222 subeundam
3456 4186 3595 4225 esse.

2024 4262 2269 4332 Cumque
2323 4280 2419 4318 eos
2477 4264 2547 4318 ob
2598 4264 2939 4317 eversionem
3010 4262 3440 4315 simulacrorum
3505 4263 3603 4317 de-

2029 4356 2298 4421 spondere
2353 4356 2564 4409 animos
2614 4354 2843 4420 videret,
2897 4356 3158 4408 monebat
3208 4368 3276 4407 ne
3327 4353 3537 4407 idcirco
3573 4368 3603 4405 a

2027 4447 2288 4514 religione
2320 4464 2419 4501 sua
2456 4448 2788 4501 absisterent
2825 4465 2838 4498 :
2870 4461 3126 4501 asserens
3158 4454 3375 4500 statuas
3424 4453 3606 4499 .‘aate-

1541 4690 1811 4745 VALESII
1848 4692 2396 4753 ANNOTATIONES.

427 4790 539 4862 (15)
577 4791 728 4859 Πρὸς
770 4789 929 4864 δὲ-τό
967 4788 1209 4864 ἀληθές,
1240 4782 1333 4864 καὶ
1358 4785 1421 4864 ad
1449 4784 1765 4864 (ξδιξκητον.
1800 4787 1914 4842 Non
1948 4794 1991 4847 D
2022 4808 2165 4845 anno

1846 4806 1914 4842 on
1948 4794 1991 4847 D
2022 4808 2165 4845 anno
2192 4794 2391 4847 Christi
2418 4794 2543 4861 391;
2585 4798 2887 4864 eodemque
2916 4811 3057 4850 anno
3097 4795 3380 4852 Romanus
3416 4812 3600 4853 comes

355 4857 547 4918 dubito
578 4857 708 4931 quin
735 4862 1081 4916 scribendum
1110 4861 1179 4912 sit
1204 4858 1335 4927 πρὸς
1361 4857 1498 4909 δὲτὸ
1532 4857 1909 4931 ἄηθεςλῳιιιιη

358 4927 679 5002 scripturam
713 4934 764 4984 in
793 4932 1041 4985 versione
1087 4944 1203 4981 mea
1262 4943 1380 4980 sum
1420 4935 1662 4982 secutus.
1700 4927 1832 4981 Nam
1857 4930 1912 4982 in

358 5007 575 5071 vulgata
614 5004 839 5055 lectione
864 5002 1045 5054 nullus
1076 5010 1157 5051 est
1196 5013 1409 5071 sensus.

429 5066 537 5141 (i6)
570 5072 856 5140 Εὐάῃοιος
908 5071 973 5123 δὲ
1014 5070 1298 5141 ῦίταρχος.
1350 5066 1448 5141 Hic
1484 5066 1745 5141 Evagrius
1784 5084 1919 5137 prie-

360 5134 533 5199 fectus
570 5134 883 5214 Augustalis
917 5142 1017 5195 fuit
1044 5134 1272 5193 Tatiauo
1309 5149 1361 5191 et
1396 5134 1711 5208 Symmacho
1751 5134 1919 5202 cess,

2022 4865 2095 4937 rei
2129 4865 2400 4937 militaris
2430 4866 2531 4937 fuit
2586 4883 2679 4935 per
2706 4867 3025 4937 Aigyptum,
3068 4875 3126 4919 ut
3168 4869 3325 4920 docet
3382 4870 3460 4920 lex
3502 4885 3603 4922 un-

2023 4932 2233 4985 decima
2273 4936 2470 4989 (lodice
2502 4932 2884 4990 Tlreodusiano
2915 4938 2987 4989 De
3028 4939 3272 5006 paganis,
3311 4940 3600 4993 sacrificiis

2024 5015 2077 5073 et
2120 5006 2354 5072 templis.
2402 5006 2655 5073 Ejusdem
2720 5007 2935 5073 Evagrii
2998 5018 3048 5059 et
3083 5006 3310 5059 Romam
3351 5010 3599 5062 meminit

2031 5072 2305 5140 lsluuapius
2358 5072 2451 5126 in,
2499 5078 2613 5127 l’im
2678 5072 2887 5130 Αἰιίεδῑὶ
2943 5078 3217 5143 Sep/iisne.
3266 5078 3367 5131 Ubi
3417 5087 3601 5134 tatnezt

2029 5144 2247 5194 Εὑετίου
2276 5162 2556 5214 perperam
2598 5149 2860 5201 scribitur
2886 5164 2984 5217 pro
3020 5147 3308 5218 Εὑαγρίου.

1753 5254 2134 5314 VARIORUM.

429 5359 454 5397 ἱ
489 5357 844 5411 Καθίσταται
876 5355 944 5408 δὲ
989 5354 1184 5409 αὐτῶν
1232 5351 1563 5417 ἐπίσκοπος
1612 5353 1917 5420 Εὺάγριος.

356 5425 721 5482 Tlieodoritus
780 5426 943 5479 refert
975 5425 1267 5493 Evagrium
1306 5441 1333 5476 a
1362 5426 1478 5476 solo
1518 5423 1745 5475 Paulino
1771 5426 1922 5475 ordi-

358 5511 541 5552 natum
574 5513 718 5557 esse.
758 5498 901 5564 quod
938 5503 1115 5549 tamen
1151 5495 1297 5563 παρὰ
1328 5494 1419 5544 τὸν
1465 5493 1917 5562 ἐκκλησιαστικὸν

355 5569 552 5639 θεσμὸν
611 5564 1063 5639 factumhmonet.
1095 5565 1455 5639 ('l‘ngonontr.
1507 5564 1649 5639 liist.
1684 5564 1863 5639 eccles.
1904 5606 1917 5626 ,

358 5631 467 5691 lib:
491 5655 541 5699 v,
574 5654 622 5691 e.
659 5639 774 5705 23.)
806 5631 963 5690 Hunc
993 5643 1171 5689 tamen
1202 5635 1487 5701 Evagrium
1525 5634 1753 5685 Romani
1789 5645 1922 5700 pon-

354 5710 529 5762 tiﬁces
568 5707 797 5761 Sirieius
832 5716 885 5760 et
930 5707 1279 5759 Innocentius
1313 5706 1552 5774 primus,
1598 5714 1650 5757 et
1683 5706 1921 5756 universi

356 5780 746 5848 propemodum
776 5777 1135 5832 occidentales
1161 5792 1255 5844 pro
1281 5791 1405 5827 vero
1432 5776 1917 5848 episcopo_lrali:ie~-

356 5845 499 5902 inut.
542 5848 792 5903 Socrates
827 5854 1007 5901 autem
1038 5849 1132 5899 lib.
1168 5863 1220 5905 v.
1257 5861 1377 5913 cap.
1425 5846 1525 5908 15;
1570 5854 1623 5897 et
1681 5845 1917 5905 Sozorn.,

356 5928 393 5974 l.
420 5936 517 5987 vn,
558 5936 677 5992 cap.
705 5921 791 5990 15,
824 5919 1065 5987 tradunt,
1115 5916 1255 5989 (ιιιηά
1310 5924 1431 5986 post
1490 5914 1776 5969 Paulinam
1808 5916 1918 5969 vita

2028 5358 2271 5428 functum
2319 5359 2553 5428 populus
2618 5358 2989 5413 Antiocbeuus
3021 5357 3309 5427 Evagr‘um
3358 5374 3600 5426 χειροτο-

2024 5427 2252 5495 νηθῆναι
2283 5427 2589 5490 cnnstituit,
2645 5433 2779 5483 adeo
2826 5441 2882 5483 ut
2925 5444 3029 5481 non
3066 5430 3135 5481 sit
3181 5437 3333 5482 extra
3369 5428 3597 5481 dubium

2024 5514 2145 5549 eum
2177 5516 2205 5551 a
2234 5498 2465 5552 Paulino
2494 5502 2610 5553 solo
2645 5501 2955 5552 ordinatum
3008 5499 3195 5552 fuisse.
3234 5498 3344 5551 Hoc
3385 5505 3597 5549 tantum

2024 5578 2231 5620 Certum
2267 5583 2369 5629 est,
2403 5573 2544 5639 quod
2574 5571 2618 5622 si
2653 5586 2679 5621 a
2714 5572 2831 5624 solo
2864 5570 3090 5621 Paulino
3118 5570 3339 5639 ordines
3371 5581 3598 5635 accepe-

2024 5640 2109 5698 rit,
2149 5638 2427 5693 canonice
2461 5659 2566 5694 non
2604 5641 2887 5693 ordinatus
2925 5650 3029 5693 est.
3060 5639 3205 5692 Guil.
3242 5638 3592 5705 Beveregi'.s.

2025 5711 2217 5761 xli/not.
2254 5713 2306 5761 in
2348 5713 2574 5776 primum
2610 5728 2858 5763 cauoncm
2914 5711 3295 5777 Apostolirum,
3330 5725 3416 5776 qui
3456 5723 3596 5768 prur-

2026 5782 2171 5841 cipit,
2208 5778 2281 5852 Se
2317 5784 2439 5849 quis
2490 5783 2773 5835 ordinetur
2808 5781 3122 5852 episcopus,
3157 5782 3259 5835 vis:
3312 5794 3340 5832 a
3375 5777 3595 5833 duobus

2028 5854 2109 5902 γετί
2140 5850 2316 5906 tribus
2352 5854 2643 5922 episcopis,
2672 5868 2792 5923 pag.
2826 5854 2911 5906 10.
