4460 6634
380 457 521 516 1437

1294 452 1628 510 HISTORIA
1670 452 2233 515 ECCLESIASTICA.
2269 487 2337 498 -—
2372 458 2501 514 LIB.
2528 461 2641 518 νυ.

3487 479 3634 535 M58

373 575 510 626 πολὺ
546 574 628 636 είς
675 571 972 642 ἐκκλησίαν
1016 572 1425 642 μετεσκευάσθη
1453 613 1469 640 ,
1524 571 1812 642 Ἀρκαδίου
1853 568 1947 625 τοῦ
1977 580 2025 636 Α
2050 574 2134 628 ἀυι

1869 568 1947 625 ιοῦ
1977 574 2178 636 Αάυηι
2241 575 2345 631 hoc
2414 579 2676 650 templum
2757 590 3133 653 everteretur,
3198 587 3354 644 ai'unt
3416 592 3630 652 litteras

375 662 638 734 βασιλέως
666 661 990 731 ἐπιὶινυμον.
1031 660 1213 715 Είσέτι
1266 660 1324 715 δὲ
1371 662 1514 716 κατὰ
1557 663 1743 726 πόλεις
1797 662 1952 728 τινὰς

376 755 669 826 προθύμως
690 754 1099 825 ὑπερεμάχοντο
1139 752 1249 807 τῶν
1294 752 1437 807 ναῶν
1479 757 1528 808 οἱ
1569 755 1947 827 Ἐλληνισταίο

374 848 525 918 παρὰ
548 846 645 916 μὲν
675 846 969 917 Ἀραδίοις,
989 845 1379 918 Πετραῖοιηκαὶ
1412 846 1785 917 ’Δρεοπολῑται
1802 848 1916 922 (20)
1933 866 1949 882 ο

374 939 525 1008 παρὰ
580 937 637 990 δὲ
692 939 1103 1003 Παλαιπινοῖς,
1167 938 1469 1007 Ῥαφιῶται
1526 939 1623 993 καὶ
1689 941 1946 1005 Γαζαῖοι’

374 1029 528 1100 παρὰ
567 1028 627 1082 δὲ
668 1028 928 1094 Φοίνιξιν,
987 1032 1037 1083 ot
1096 1030 1195 1101 τὴν
1265 1030 1603 1084 Ἡλιούπολιν
1650 1030 1948 1097 οίκοῦντες.

374 1123 563 1192 Σύρων
598 1122 655 1175 δὲ
692 1123 926 1193 μάλιστα
951 1125 1001 1177 oi
1038 1122 1134 1176 τοῦ
1163 1122 1293 1177 ναοῦ
1340 1124 1643 1195 Ἀπαμείας
1674 1126 1775 1195 τῆς
1814 1125 1951 1196 πρὸς

372 1214 453 1283 τῷ
512 1212 670 1283 ’Δξίῳ
724 1214 995 1285 ππαμῷο
1053 1214 1149 1279 οὓς
1204 1215 1485 1286 ἐπυθόμην
1557 1215 1651 1268 ἐπὶ
1733 1217 1948 1289 φυλακῇ

373 1304 483 1358 τῶν
552 1307 684 1377 παρ’
751 1307 935 1371 αὐτοῖς
1009 1308 1173 1370 ναῶν,
1251 1307 1590 1377 συμμαχίαις
1646 1309 1950 1379 χρήσασθαι

374 1396 638 1461 πολλάκις
667 1398 965 1452 Γαλιλαίων
998 1397 1231 1470 ἀνδρῶν,
1287 1399 1380 1452 καὶ
1419 1397 1529 1450 τῶν
1563 1398 1694 1469 περὶ
1733 1399 1827 1452 τὸν
1857 1398 1951 1452 Δί·-

376 1488 539 1541 6ανον
576 1488 800 1559 κωμῶν.
842 1489 916 1542 Τὸ
945 1489 1003 1542 δὲ
1044 1490 1350 1543 τελευταῖον
1382 1489 1475 1541 ἐπὶ
1517 1488 1772 1542 τοσοῦτον
1810 1507 1949 1561 ,προο

374 1580 549 1635 ελθεϊν
592 1581 831 1651 τόλμης,
862 1580 939 1645 ὡς
984 1581 1302 1651 Μάρκελλον
1339 1579 1431 1633 τὸν
1475 1580 1602 1652 τῇδε
1651 1581 1949 1636 ἐπίσκοπον

374 1674 609 1729 ἀνελεῖν.
673 1674 1047 1745 Λογισάμενος
1098 1674 1205 1744 γὰρ
1259 1674 1335 1736 ὡς
1394 1674 1495 1727 οὐκ
1542 1674 1717 1737 ἄλλως
1765 1675 1950 1741 αὐτοῖς

376 1766 555 1834 ῥᾴδιον
587 1765 945 1836 μετατεθῆναι
988 1766 1086 1835 τῆς
1129 1763 1401 1834 προτέρας
1439 1764 1768 1834 θρησκείας,
1817 1767 1947 1830 τοὺς

371 1855 477 1907 ἀνὰ
507 1854 606 1925 τὴν
635 1854 786 1907 πόλιν
829 1855 923 1908 καὶ
951 1854 1050 1918 τάς
1091 1860 1285 1924 κωμας
1316 1854 1475 1919 ναοὺς
1516 1855 1942 1925 κατεστρέψατο.

2053 664 2319 733 quasdam
2391 682 2535 737 quas
2596 667 3037 744 hieroglyphicas
3095 678 3411 748 appellant,
3471 685 3631 751 signo

2052 756 2237 812 crucis
2286 756 2530 824 similes,
2587 761 2860 832 lapidibus
2922 765 3134 823 incisas
3192 774 3520 842 apparuisse
3553 778 3629 834 ‘z

2052 861 2193 916 quas
2224 862 2349 903 cum
2398 849 2502 905 viri
2541 867 2729 908 earum
2766 871 2949 911 rerum
2991 861 3148 928 periti
3196 863 3630 935 interpretaren-

2053 946 2165 1004 tur,
2206 939 2521 1012 signiﬁcare
2568 944 2830 1002 dixerunt
2861 951 3031 1005 vitam
3083 962 3394 1013 venturam.
3450 958 3629 1031 Atque

2051 1030 2123 1085 ob
2147 1031 2288 1087 hanc
2318 1047 2543 1090 causam
2566 1038 2769 1097 multos
2791 1056 3130 1113 paganorum
3163 1046 3232 1102 ad
3255 1030 3628 1107 Christianam

2053 1122 2370 1193 religionem
2395 1141 2694 1187 conversos
2722 1146 2844 1189 esse
2869 1135 3080 1199 dicunt,
3109 1152 3234 1193 cum
3267 1141 3388 1197 alia:
3407 1158 3629 1214 quoque

2054 1213 2247 1269 litterae
2288 1216 2688 1287 signiﬁcarent,
2737 1225 2999 1295 templum
3058 1228 3192 1284 illud
3239 1238 3369 1287 tunc
3409 1213 3629 1291 destru-

2051 1312 2200 1359 ctum
2226 1307 2316 1372 iri,
2351 1322 2477 1364 cum
2509 1310 2627 1367 haec
2664 1321 2796 1368 nota
2834 1318 2985 1372 cruci
3032 1319 3231 1377 similis
3259 1326 3624 1393 apparuisset.

2053 1395 2117 1449 Et
2148 1395 2435 1468 Serapium
2476 1404 2698 1473 quidem
2743 1405 2848 1461 hoc
2879 1409 3043 1466 modo
3071 1421 3293 1482 captum
3327 1423 3493 1485 atque
3528 1431 3627 1471 ex-

2050 1498 2373 1558 pugnatum,
2407 1509 2509 1549 nec
2552 1497 2728 1553 multo
2774 1507 2899 1570 post
2943 1503 2997 1556 in
3056 1504 3345 1561 ecclesiam
3393 1508 3629 1564 Arcadio

2050 1580 2367 1649 imperatori
2424 1588 2814 1655 cognominem
2877 1591 3222 1649 immutatum
3279 1605 3383 1653 est.
3434 1599 3628 1656 Adhuc

2047 1678 2229 1728 tamen
2261 1675 2313 1728 in
2356 1676 2567 1746 aliquot
2597 1681 2853 1746 urbibus,
2884 1686 3081 1754 pagani
3115 1701 3214 1755 pro
3249 1690 3467 1757 templis
3511 1692 3629 1746 suis

2048 1764 2248 1819 acriter
2274 1767 2610 1825 dimicabant
2653 1791 2668 1827 :
2720 1773 2776 1828 in
2826 1776 3026 1830 Arabia
3073 1778 3292 1847 quidem
3345 1779 3537 1836 Petraei
3573 1791 3629 1836 et

2048 1859 2378 1928 AreOpolitaa
2415 1883 2427 1917 :
2479 1863 2535 1916 in
2570 1863 2865 1922 Palaestina
2917 1867 3261 1939 Raphienses
3301 1879 3356 1926 et
3385 1872 3635 1927 Gazaai-c

374 1946 684 2016 Πυθόμενος
720 1946 778 1999 δέ
834 1946 1087 2017 μέγιστον
1136 1941 1276 1999 εἶναι
1321 1946 1445 1998 ναὸν
1492 1948 1550 1998 ἐν
1600 1946 1678 2015 τῷ
1716 1946 1943 2007 Αὐλῶνι,
1982 1946 2024 2001 Β
2053 1951 2109 2005 in

1868 1965 1943 2007 m,
1982 1946 2024 2001 B
2053 1951 2109 2005 in
2146 1951 2409 2009 Phoenice
2463 1970 2595 2011 vero
2632 1955 3001 2029 Heliopolitm.
3040 1962 3199 2031 Apud
3257 1964 3424 2034 Syros
3476 1964 3629 2018 deni-

372 2036 542 2106 κλῖμα
572 2035 630 2088 δέ
659 2035 817 2089 τοῦτο
845 2034 945 2104 τῆς
1000 2034 1294 2106 Ἀπαμέων
1344 2034 1525 2105 χώρας
1548 2076 1561 2098 ε
1612 2035 1946 2106 στρατιώτας

370 2129 523 2193 τινάς
568 2130 662 2182 καὶ
710 2127 1049 2199 μονομάχους
1100 2128 1463 2198 παραλαϐὼν,
1499 2127 1785 2181 ἐπὶτοῦτο
1835 2129 1941 2197 ᾔει.

371 2221 608 2291 Πλησίον
639 2220 697 2274 δέ
735 2220 1062 2289 γενόμενος,
1112 2220 1216 2285 ἐξω
1252 2219 1421 2289 βελῶν
1464 2219 1805 2291 περιέμενεν.
1835 2215 1945 2272 Ἦν

370 2314 479 2379 γὰρ
509 2310 772 2379 ποδαλγός
800 2330 813 2343 ·
858 2312 953 2363 καὶ
995 2308 1119 2363 οὔτε
1153 2310 1457 2380 μάχεσθαι,
1507 2310 1629 2365 οὔτε
1659 2310 1874 2365 διώκειν
1908 2311 1941 2378 ἢ

370 2403 593 2473 φεύγειν
619 2403 869 2473 ἠδύνατο.
913 2402 1145 2473 Ἠσχολη
1156 2402 1332 2472 μένων
1375 2402 1432 2455 δὲ
1456 2401 1566 2454 τῶν
1596 2402 1943 2471 στρατιωτῶν

370 2497 466 2549 καὶ
489 2495 810 2565 μονομάχων
844 2495 1060 2567 περὶτὺ
1095 2495 1234 2547 ἑλεῖν
1266 2494 1357 2546 τὸν
1377 2495 1523 2560 ναὸν,
1562 2493 1823 2565 μαθόντες
1851 2494 1941 2547 αύ-

367 2588 460 2639 τόν
480 2604 623 2650 τινες
644 2586 753 2640 τῶν
789 2586 1149 2657 Ἑλληνιστῶν
1191 2586 1558 2656 μεμονῶσθαι,
1580 2586 1701 2640 καθ’
1725 2586 1753 2639 ὂ
1778 2588 1943 2657 μέρος

370 2677 653 2747 ἐλεύθερον
694 2674 763 2749 ἦν
812 2678 994 2749 μάχης
1023 2679 1085 2731 τὸ
1122 2680 1339 2750 χωρίον,
1393 2679 1645 2748 ἐξῆλθον,
1680 2680 1944 2749 ἐξαπίνης

370 2788 431 2822 τε
474 2770 825 2833 ἐπιστάντες,
871 2770 1162 2823 συνέλαϐον
1193 2771 1392 2834 αὑτὸν,
1431 2772 1525 2824 καὶ
1578 2775 1726 2844 πυρᾷ
1769 2772 1944 2842 ἐμϐα-

372 2860 555 2921 λόντες
583 2861 813 2919 ἀνεῖλον.
849 2862 959 2915 Καὶ
990 2863 1125 2932 πρὸς
1166 2862 1224 2915 τὸ
1253 2862 1424 2933 παρὸν
1454 2861 1661 2915 ἔλαθον.
1704 2864 1857 2916 Ἐπεὶ
1885 2864 1943 2917 δὲ

369 2951 449 3020 τῷ
497 2953 674 3024 χρόνῳ
719 2953 1111 3024 ἐφωράθησαν,
1148 2956 1195 3007 οἱ
1252 2955 1349 3023 μὲν
1395 2954 1713 3023 Μαρκέλλου
1754 2955 1944 3018 παῖδες

368 3044 635 3113 τιμωρεῖν
673 3041 752 3112 τῷ
784 3043 953 3114 πατρὶ
981 3042 1313 3107 ἐσπούδαζον
1342 3057 1355 3071 ·
1408 3044 1441 3111 ἠ
1476 3042 1533 3095 δὲ
1566 3042 1672 3098 ἀνὰ
1697 3047 1759 3096 τὸ
1791 3043 1943 3107 ἔθνος

371 3132 589 3195 σύνοδος
623 3132 916 3186 διεκώλυσε
940 3173 956 3199 ,
1018 3133 1094 3204 μὴ
1133 3133 1340 3187 δίκαιον
1386 3133 1656 3204 νομίσασα
1686 3134 1941 3202 τοιαύτης

2046 2058 2181 2113 que,
2228 2046 2381 2101 cives
2413 2047 2566 2102 urbis
2615 2048 2869 2117 Apamea:
2905 2067 3024 2121 qua}
3062 2052 3126 2106 ad
3164 2054 3363 2107 Axium
3402 2053 3627 2109 ﬂuvium

2046 2130 2150 2183 sita
2178 2139 2263 2185 est
2298 2151 2314 2187 :
2348 2150 2485 2203 quos
2515 2138 2736 2207 quidem
2767 2145 2977 2214 accepi,
3010 2144 3078 2199 ad
3110 2146 3337 2200 tutelam
3388 2148 3626 2216 templo-

2044 2237 2165 2275 rum
2202 2239 2428 2281 suorum
2472 2245 2853 2300 saepenumero
2887 2252 3017 2293 usos
3045 2253 3169 2293 esse
3195 2238 3451 2307 praesidio
3479 2238 3631 2294 Gali—

2044 2313 2291 2383 lusorum,
2318 2327 2375 2371 et
2414 2323 2750 2379 rusticorum
2781 2326 3066 2383 hominum
3111 2345 3175 2385 ex
3205 2331 3342 2386 vicis
3374 2331 3467 2401 qui
3499 2340 3629 2387 sunt

2043 2405 2190 2460 circa
2218 2406 2522 2468 Libanum:
2566 2418 2893 2489 tandemque
2923 2436 2990 2475 eo
3021 2422 3261 2478 audaciae
3285 2422 3626 2493 prorupisse,

2045 2507 2105 2552 ut
2146 2499 2461 2561 Marcellum
2508 2510 2630 2577 ejus
2679 2512 2784 2565 loci
2843 2514 3161 2582 episcopum
3218 2514 3613 2569 interfecerint.

2042 2591 2177 2647 Nam
2208 2608 2332 2646 cum
2364 2594 2455 2651 hic
2497 2600 2829 2672 intelligeret
2862 2604 2984 2659 illos
3038 2621 3143 2660 non
3186 2606 3342 2661 aliter
3374 2622 3403 2659 a
3448 2607 3627 2676 priori

2057 2686 2457 2753 superstitione
2506 2689 2664 2746 facile
2716 2694 2964 2748 converti
2996 2710 3179 2763 posse,
3228 2695 3352 2749 fana
3406 2711 3530 2766 quas
3570 2698 3623 2752 in

2045 2778 2180 2833 urbe
2220 2786 2275 2831 et
2309 2779 2363 2832 in
2395 2781 2549 2850 pagis
2581 2792 2740 2836 erant
2772 2785 3065 2838 subvertit.
3087 2786 3339 2856 Cumque
3357 2787 3623 2844 audiisset

2042 2868 2343 2924 maximum
2373 2874 2638 2941 templum
2688 2889 2811 2929 esse
2840 2877 2891 2929 in
2926 2876 3136 2931 Aulone
3169 2879 3265 2948 qui
3299 2885 3513 2935 tractus
3537 2890 3624 2934 est

2043 2959 2286 3027 regionis
2314 2961 2744 3029 Apamenorum,
2777 2967 3080 3036 assumptis
3116 2982 3298 3021 secum
3350 2967 3627 3021 militibus

2041 3057 2095 3105 et
2118 3050 2541 3119 gladiatoribus.
2592 3070 2658 3110 eo
2690 3058 2953 3125 perrexit.
2996 3057 3061 3111 Et
3097 3075 3220 3114 cum
3268 3061 3495 3132 propius
3529 3074 3624 3115 ac-

2042 3141 2326 3206 cessisset,
2356 3142 2474 3214 ipse
2500 3145 2722 3214 quidem
2743 3158 2898 3202 extra
2919 3150 3152 3205 telorum
3171 3150 3379 3220 jactura
3403 3166 3626 3208 reman-

367 3226 627 3296 τελευτῆς
662 3226 937 3315 τιμωρίαν
964 3226 1283 3297 λαμὸάνειν,
1317 3226 1401 3295 ἐφ’
1504 3227 1746 3315 προσῆκε
1782 3228 1940 3298 χάριν
1970 3284 2009 3315 ρ
2044 3230 2128 3284 sit.

1857 3244 1940 3298 ριν
1970 3284 2009 3315 ρ
2044 3230 2137 3284 sit.
2172 3229 2301 3287 Erat
2348 3234 2497 3288 enim
2546 3237 2790 3305 pedibus
2839 3254 3002 3310 aeger,
3037 3249 3096 3296 et
3131 3256 3310 3314 neque
3352 3258 3618 3315 pugnare,

367 3315 651 3386 ὁμολογεῖν
700 3315 792 3369 τὸν
837 3308 940 3371 ὧδε
997 3316 1261 3379 θανόντα,
1312 3316 1406 3369 καὶ
1453 3314 1612 3383 γένος
1657 3316 1822 3369 αὐτοῦ
1851 3317 1943 3369 καὶ
1970 3308 2019 3341 υ
2049 3338 2128 3377 n34

1870 3317 1943 3369 ιαί
1970 3308 2019 3341 ν
2049 3337 2152 3379 nec
2179 3326 2434 3395 persequi
2473 3337 2569 3383 aut
2601 3328 2793 3400 fugere
2832 3308 3076 3402 poterat.
3116 3308 3382 3391 Militibus
3410 3308 3545 3391 vvero
3571 3308 3631 3391 et

370 3407 578 3475 φίλους,
607 3408 684 3470 ὡς
712 3407 853 3478 ὑπὲρ
893 3407 1031 3462 Θεοῦ
1074 3407 1366 3461 ἀποθανεῖν
1389 3406 1689 3477 ἠξιωμένου
1709 3423 1723 3436 ’
1758 3409 1850 3460 καὶ
1876 3410 1945 3461 τά
2050 3414 2131 3484 gla

1876 3410 1945 3461 τὰ
2050 3414 2450 3484 gladiatoribus
2497 3420 2553 3473 in
2604 3425 3014 3493 expugnatione
3070 3426 3261 3497 templi
3303 3428 3633 3498 occupatis,

375 3500 475 3569 μὲν
506 3498 682 3562 οὕτως
713 3499 890 3570 ἔσχεν.
2050 3505 2136 3575 εξ

2050 3505 2220 3575 Ξω
2246 3508 2468 3577 quidam
2499 3525 2567 3565 ex
2600 3515 2830 3582 paganis
2860 3531 2985 3571 eum
3019 3517 3134 3571 illic
3162 3517 3340 3572 solum
3369 3519 3627 3574 relictum

369 3605 493 3645 esse
545 3604 671 3644 cum
742 3588 1167 3660 cognovissent,
1221 3604 1329 3658 qua
1375 3597 1534 3658 parte
1586 3590 1742 3645 locus
1793 3607 1973 3663 pugna
2013 3598 2244 3652 vacabat
2306 3602 2518 3670 egressi
2569 3613 2738 3671 sunt,
2789 3614 2844 3661 et
2888 3623 2954 3662 ex
3009 3609 3313 3680 improviso
3364 3626 3626 3683 superve-

373 3683 609 3747 nientes,
663 3698 789 3738 eum
825 3682 1157 3753 corripiunt,
1213 3684 1588 3755 injectumque
1637 3685 1693 3739 in
1756 3700 1948 3757 rogum
1988 3688 2345 3749 interficiunt.
2393 3697 2458 3751 Et
2493 3699 2549 3753 in
2590 3703 2848 3769 pmsenti
2895 3703 3139 3773 quidem,
3207 3682 3448 3775 quinam?
3495 3707 3634 3761 fuis-

372 3790 497 3833 sent
545 3788 804 3835 auctores
842 3779 1031 3842 caedis,
1090 3780 1267 3834 latuit.
1316 3778 1614 3848 Postquam
1645 3796 1777 3836 vero
1812 3798 2078 3852 processu
2144 3792 2415 3861 temporis
2454 3793 2656 3851 detecti
2728 3805 2881 3863 sunt,
2948 3798 3043 3853 ﬁlii
3106 3798 3326 3870 quidem
3393 3799 3631 3855 Marcelli

374 3883 604 3930 mortem
634 3875 807 3945 patris
842 3873 1035 3929 ulcisci
1068 3874 1382 3943 cupiebant.
1422 3874 1624 3929 Verum
1671 3878 1965 3946 provinciae
2022 3884 2272 3953 synodus
2321 3887 2376 3943 id
2446 3889 2749 3959 prohibuit,
2794 3907 3013 3963 aequum
3063 3908 3173 3948 non
3226 3908 3350 3950 esse
3394 3909 3638 3949 censeris

371 3977 492 4020 eam
564 3966 756 4021 ulcisci
798 3975 1054 4031 mortem,
1099 3965 1169 4019 ob
1212 3981 1375 4035 quam
1419 3968 1624 4035 gratias
1691 3967 1803 4023 Deo
1856 3985 2017 4040 agere
2056 3985 2357 4044 oporteret,
2398 3988 2513 4035 tum
2565 3982 2748 4052 ipsum
2783 3993 3088 4051 mortuum,
3134 3990 3251 4039 tum
3305 3984 3446 4040 ﬁlios
3499 3985 3621 4055 cjus

373 4067 538 4127 atque
584 4059 791 4113 amicos
832 4075 848 4112 :
888 4057 1089 4128 quippe
1130 4058 1224 4127 qui
1269 4057 1471 4128 dignus
1518 4059 1741 4117 habitus
1800 4071 1950 4118 esset
1990 4068 2080 4136 qui
2116 4084 2213 4138 pro
2250 4069 2357 4126 Deo
2387 4085 2717 4130 moreretur.
2751 4078 2928 4147 Atque
2967 4077 3083 4131 haec
3111 4077 3333 4149 quidem
3398 4077 3473 4132 ita
3535 4093 3630 4148 ge-

374 4160 459 4206 sta
493 4156 644 4205 sunt.

963 4239 1213 4294 ΚΕΦΑΛ.
1243 4241 1358 4307 ις’.

380 4334 566 4406 Ὅπως
596 4332 697 4406 καὶ
736 4332 810 4385 δι’
853 4330 934 4399 ἣν
963 4333 1160 4406 αἰτίαν
1196 4334 1503 4401 ἀνεπαύθη
1542 4337 1577 4388 ὁ
1607 4335 1677 4388 ἐν
1714 4338 1949 4406 Ἐκκλη-

442 4404 551 4468 σίᾳ
585 4403 705 4455 τῶν
748 4403 1200 4472 μετανοούντων
1240 4406 1674 4472 πρεσϐύτερος-⁸
1714 4410 1810 4461 καὶ
1846 4403 1949 4461 ἐπέ-

442 4472 763 4541 εξερτασία
795 4471 928 4540 περὶ
958 4474 1181 4539 τρόπου
1204 4471 1546 4541 μετανοίας,

446 4566 533 4617 Ἑν
562 4564 738 4634 τούτῳ
765 4564 841 4631 δὲ,
858 4565 966 4619 τῶν
995 4564 1086 4618 ἐπὶ
1106 4563 1213 4617 τῶν
1250 4566 1649 4635 μετανοούντων
1675 4569 1945 4637 τεταγμέ-

2668 4252 2819 4308 CAP.
2864 4254 3004 4311 XVI.

2057 4339 2331 4413 Quomodo
2369 4352 2420 4413 et
2448 4342 2511 4397 ob
2537 4360 2697 4413 quam
2721 4363 2940 4400 causam
2973 4349 3219 4404 sublatus
3247 4360 3325 4404 est
3353 4352 3407 4405 in
3443 4352 3630 4409 Eccle-

2125 4411 2227 4486 sia_
2248 4411 2557 4486 presbyter,
2580 4417 2671 4483 qui
2715 4418 3083 4483 penitentibus
3120 4432 3347 4486 praeerat
3371 4439 3393 4481 ;
3424 4433 3473 4476 et
3501 4441 3628 4479 nar-

2124 4482 2261 4533 ratio
2284 4482 2348 4535 de
2379 4483 2533 4537 modo
2576 4482 2639 4537 ac
2666 4482 2871 4540 ratione
2897 4482 3237 4555 paenitentia.

2123 4572 2226 4628 Per
2252 4574 2390 4629 idem
2416 4584 2633 4647 tempus
2659 4577 2947 4635 Nectarius
2980 4581 3628 4656 Constantinopolitanus

373 4675 463 4711 νον
508 4656 875 4728 πρεσὸύτερον
910 4657 1092 4711 οὐκέτι
1130 4657 1503 4727 συνεχώρησεν
1545 4655 1683 4713 εἶναι
1735 4661 1951 4731 πρῶτος
1979 4658 2025 4712 D
2052 4664 2134 4734 epi

1865 4679 1951 4725 τος
1979 4658 2025 4712 D
2052 4664 2344 4735 episcopus
2399 4670 2779 4741 presbyterum
2814 4672 2968 4727 illum
3014 4674 3105 4743 qui
3146 4655 3476 4745 prapositus
3508 4689 3626 4733 erat

372 4748 706 4819 Νεκτάριος,
738 4748 767 4800 ὁ
820 4747 920 4818 τὴν
979 4749 1269 4819 ἐκκλησίαν
1329 4751 1946 4813 Κωνσταντινουπόλεως
2055 4771 2133 4825 βα

1862 4770 1946 4813 εως
2055 4758 2475 4825 paenitentibus,
2511 4763 2724 4831 primus
2749 4778 2816 4819 ex
2847 4764 3080 4820 ecclesia
3116 4768 3339 4822 sustulit
3366 4770 3410 4825 ⁸.
3451 4768 3623 4839 Cujus

374 4838 770 4911 ἐπιτροπεύων.
814 4839 1286 4910 Ἐπηκολούθησαν
1304 4841 1360 4893 δὲ
1389 4841 1575 4912 σχεδὸν
1594 4843 1641 4896 oi
1672 4844 1944 4916 πανταχοῦ
2053 4848 2135 4903 ext

1856 4844 1944 4916 χοῦ
2053 4848 2359 4918 exemplum
2391 4866 2584 4908 omnes
2618 4854 2733 4909 fere
2759 4856 3005 4927 episcopi
3039 4866 3230 4927 postea
3257 4868 3385 4914 sunt
3414 4861 3617 4915 secuti.

374 4934 680 4987 ἐπίσκοποι.
715 4929 883 4984 Τοῦτο
911 4932 969 4984 δὲ
1003 4932 1056 4985 τί
1090 4933 1219 4986 ποτέ
1244 4934 1439 5004 ἐστι,ἢ
1476 4934 1637 4988 πόθεν
1663 4936 1943 5010 ῆρξατο,ῆ
2052 4940 2134 5007 Qu

1861 4962 1884 5002 ι,
1909 4939 1943 5010 ἠ
2052 4940 2195 5007 Quid
2219 4952 2400 4997 autem
2427 4943 2531 4999 hoc
2555 4944 2649 5012 sit,
2670 4954 2725 5001 et
2754 4947 2900 5002 unde
2915 4948 3187 5019 originem
3212 4953 3535 5022 sumpserit,
3568 4960 3622 5007 et

374 5026 516 5079 κατὰ
544 5024 700 5078 ποία-π
747 5024 926 5079 αἰτίαν
965 5026 1256 5092 ἐπαύσατο,
1289 5027 1437 5082 ἄλλοι
1484 5028 1581 5098 μὲν
1616 5029 1744 5093 ῐσως
1773 5030 1947 5095 ἄλλως
2050 5050 2135 5105 qu:

1861 5048 1947 5095 .w;
2050 5050 2215 5105 quam
2247 5036 2318 5091 ob
2358 5051 2579 5093 causam
2609 5038 2886 5095 sublatum
2927 5042 3021 5107 sit,
3054 5042 3150 5097 alii
3194 5044 3416 5115 quidem
3464 5046 3622 5101 aliter

447 5140 464 5171 ¹
490 5138 670 5204 Socr.,
700 5137 793 5193 lih.
827 5155 878 5204 ν,
905 5154 955 5194 c.
995 5141 1078 5195 i7.
1155 5143 1176 5172 ¹
1209 5142 1339 5197 ibid.
1373 5156 1426 5197 c.
1450 5141 1535 5196 l9.

1580 5305 1854 5360 VALESII
1910 5304 2463 5366 ANNOTATIONES.

444 5395 1010 5467 (BOLAapoaroIitat.
1047 5391 1202 5449 Hunc
1230 5394 1408 5467 locum
1449 5395 1793 5467 correxihex
1846 5409 1939 5449 co-

372 5464 496 5519 dice
551 5464 886 5531 Fuketiano,
944 5466 997 5519 in
1050 5480 1159 5534 quo
1196 5466 1473 5534 scriptum
1526 5472 1612 5520 est
1680 5464 1932 5531 ‘Apeom-

375 5539 535 5589 λῖται.
578 5534 750 5603 Hujus
805 5535 957 5590 urbis
986 5533 1235 5606 meminit
1279 5533 1642 5606 Hieronymus
1694 5537 1749 5589 in
1798 5535 1938 5606 libro

376 5606 453 5659 De
481 5607 609 5659 locis
643 5607 938 5665 Hebraicis.
974 5606 1050 5659 ita
1068 5605 1317 5660 scribens
1350 5621 1365 5658 :
1394 5604 1552 5657 Moab
1581 5604 1645 5658 ab
1666 5621 1770 5659 uno
1799 5605 1939 5674 ﬁlio-

373 5693 491 5727 rum
518 5675 671 5738 Loth,
702 5678 790 5745 qui
825 5678 1106 5729 vocabatur
1132 5674 1313 5738 Moab,
1346 5676 1530 5729 civitas
1576 5676 1803 5741 Arabia,
1824 5693 1939 5746 qua:

375 5762 509 5799 nunc
538 5746 807 5812 Areopoiis
845 5748 1060 5809 dicitur,
1097 5748 1171 5799 sic
1206 5754 1388 5799 vocata
1413 5754 1512 5810 est,
1541 5747 1689 5811 cuius
1748 5755 1798 5800 et
1851 5764 1941 5800 su-

372 5832 471 5883 pra
502 5818 851 5887 mgniininius.
881 5815 1026 5870 ldem
1062 5816 1226 5887 habet
1254 5816 1522 5887 Eusebius
1540 5817 1853 5887 Pamphilus
1879 5818 1933 5869 in

376 5887 517 5941 libro
546 5886 622 5943 De
670 5887 809 5944 locis
878 5901 1040 5957 quem
1082 5886 1251 5942 edidit
1297 5886 1635 5941 Bonl'rerius.
1674 5886 1936 5944 Meminit

2046 5398 2209 5478 etiam
2246 5399 2412 5478 hujus
2434 5401 3017 5478 oppidillieronymus
3048 5408 3102 5463 in
3133 5418 3295 5478 caput
3343 5427 3411 5463 xv
3461 5412 3617 5468 Isaiae

2044 5467 2131 5522 his
2154 5466 2397 5553 verbis;
2445 5466 2639 5553 Audivi
2687 5466 2963 5543 quemdam
3009 5466 3404 5547 Areopalitam;
3434 5482 3521 5535 sed
3567 5466 3624 5536 et

2046 5545 2426 5620 omnisfivitas
2471 5545 2618 5620 testis
2652 5556 2751 5620 est,
2804 5545 3360 5620 gnatuterraeimagno
3414 5553 3467 5604 in
3498 5569 3613 5606 mea

2044 5609 2296 5690 infautia,
2336 5614 2549 5690 quando
2572 5615 2734 5670 totius
2776 5610 2921 5690 o'rbis
2946 5618 3098 5673 littus
3136 5609 3463 5690 transgressa
3490 5634 3619 5676 sunt

2046 5681 2242 5740 maria,
2269 5681 2449 5736 eadem
2481 5694 2629 5739 nocte
2656 5702 2831 5739 muros
2859 5688 3006 5743 illius
3040 5681 3321 5744 corruisse.
3354 5690 3485 5744 Erat
3518 5706 3617 5745 au-

2048 5751 2261 5829 tem-in
2304 5752 2407 5807 hac
2452 5755 2587 5809 urbe
2632 5757 2945 5829 praesidium
3002 5763 3245 5829 equitum
3296 5760 3619 5829 Maurorum.

2045 5820 2500 5891 lllyricianorum,
2534 5832 2592 5878 ut
2616 5820 2773 5882 docet
2808 5828 3010 5884 Notitia
3042 5820 3251 5901 imperii
3286 5828 3539 5888 Romani.
