4460 6634
379 434 404 490 Ι
415 436 512 495 ιθι

1349 437 1675 494 HISTORIA
1714 436 2269 494 ECCLESIASTICA.
2309 470 2378 479 ——
2417 440 2545 494 LIB.
2590 439 2703 494 VII.

3492 440 3633 496 “6?.

375 549 472 604 τοῦ
505 550 732 619 ἐδάφους
764 548 952 603 πίπτει
972 547 1083 620 (26)
1108 567 1121 580 ·
1142 548 1239 602 σὺν
1258 549 1484 621 ὀλολυγῇ
1512 550 1621 621 (27)
1647 551 1822 603 καὶτὸ
1855 551 1963 603 πᾶν
1993 558 2035 612 Α
2066 566 2131 605 co

1888 551 1963 603 :av
1993 558 2035 612 Α
2066 552 2453 607 communione
2479 566 2767 607 sacrorum
2811 565 2936 621 qua:
2977 549 3209 608 initiatis
3245 554 3479 623 praeberi
3512 547 3649 610 nios

378 642 479 711 τῆς
543 641 864 710 Ἐκκλησίας
920 640 1123 710 πλῆθος
1180 640 1432 712 δακρύων
1488 641 1844 711 ἐμπίπλαται.
1883 639 1957 693 Τὸ

384 733 523 803 μετά
577 731 732 787 τοῦτο
790 732 847 785 δὲ
871 772 887 797 ,
960 731 1175 803 πρῶτος
1237 734 1267 785 ό
1319 732 1615 795 ἐπίσκοπος
1671 731 1957 797 ἐξανίστα-

380 843 502 892 ται,
555 824 817 888 καὶτοὺς
878 825 1166 894 κειμένους
1213 824 1501 895 ἀνίστησι·
1550 823 1643 877 καὶ
1791 839 1960 894 προσ-

381 913 517 983 ῆκεν
578 914 715 984 ὑπὲρ
798 915 1201 985 ἡμαρτηκότων
1288 914 1776 985 μεταμελουμένων
1866 916 1960 969 εύ-

386 1005 635 1077 ξάμενος,
666 1007 1000 1077 ἀποπέμπει.
1026 1006 1164 1060 Καθ’
1186 1007 1375 1060 ἑαυτὸν
1400 1007 1455 1060 δὲ
1485 1008 1663 1059 ἑκοντὶ
1686 1006 1961 1060 ταλαιπω-

390 1098 648 1171 ρούμενος
671 1098 918 1161 ἕκαστος.
939 1098 972 1170 ἢ
1001 1099 1339 1170 νηστείαις,ἧ
1362 1098 1703 1170 ἀλουσίαις,ἢ
1728 1099 1960 1169 ἐδεσμά⁹

386 1207 495 1245 των
536 1192 743 1261 ἀποχῇ,
770 1190 802 1260 ἢ
826 1191 1033 1260 ἑτέροις
1079 1185 1161 1254 οἷς
1208 1194 1642 1263 προστέτακται,
1679 1192 1962 1263 περιμένει

386 1281 481 1335 τὸν
514 1283 735 1352 χρόνον,
768 1283 845 1345 εἰς
875 1282 998 1334 ὅσον
1029 1280 1177 1351 αὐτῷ
1212 1281 1439 1352 τέταχεν
1473 1284 1501 1336 ὁ
1534 1282 1850 1345 ἐπίσκοπος.
1882 1284 1960 1352 Τῇ

386 1372 446 1428 δὲ
472 1372 810 1444 προθεσμίᾳ,
837 1372 1025 1443 ὥσπερ
1049 1390 1100 1425 τι
1130 1372 1352 1443 ὄφλημα
1381 1372 1637 1436 διαλύσας
1667 1372 1763 1444 τὴν
1793 1390 1965 1442 τιμω-

391 1463 532 1534 ρίαν,
562 1465 663 1533 τῆς
709 1462 982 1533 ἁμαρτίας
1011 1462 1217 1516 ἀνίεται
1253 1462 1363 1531 (28)
1382 1502 1396 1526 ,
1426 1463 1521 1516 καὶ
1551 1461 1688 1531 μετὰ
1715 1461 1809 1514 τοῦ
1834 1460 1963 1514 λαοῦ

389 1556 759 1625 ἐκκλησιάζει.
806 1555 943 1609 Τάδε
978 1556 1079 1624 μὲν
1122 1554 1360 1626 ἀρχῆθεν
1396 1556 1446 1606 oi
1491 1553 1775 1624 Ῥωμαίων
1805 1554 1967 1623 ἱερεῖς

390 1647 517 1719 ἀχρι
547 1648 641 1701 καὶ
665 1648 745 1710 είς
774 1648 920 1717 ἡμᾶς
949 1648 1323 1717 φυλάττουσιν.
1364 1647 1452 1700 Ἐν
1476 1646 1533 1699 δὲ
1575 1648 1641 1716 τῇ
1674 1646 1966 1698 Κωνσταν-

389 1735 695 1789 τινουπόλει
738 1737 1054 1809 Ἐκκλησία,
1075 1738 1104 1788 ὁ
1131 1737 1224 1789 ἐπὶ
1250 1735 1359 1789 τῶν
1384 1734 1782 1807 μετανοούντων
1812 1750 1968 1787 τετα-

394 1846 424 1895 γ
436 1828 592 1897 μένος
621 1828 990 1899 πρεσϐύτερος
1022 1827 1378 1881 ἐπολιτεύετο.
1408 1827 1592 1880 Είσότε
1627 1826 1691 1895 δὴ
1719 1826 1851 1897 γυνὴ
1884 1842 1967 1887 τις

2062 652 2167 708 est,
2197 658 2323 697 cuni
2356 646 2559 713 gemitu
2600 659 2662 698 ac
2696 644 2953 700 lamentis
2986 659 3192 714 pronos
3232 660 3293 701 se
3328 645 3383 699 in
3428 653 3653 701 terram'

2066 733 2347 803 abjiciunt.
2377 733 2513 788 Tum
2532 734 2822 804 episcopus
2859 748 2984 788 cum
3016 734 3273 803 lacrymis
3307 748 3374 789 ex
3403 732 3636 789 adverso

2064 841 2384 889 occurrens,
2420 827 2631 897 pariter
2664 826 2783 895 ipse
2813 829 2960 881 humi
2991 827 3331 896 provolvitur
3360 844 3376 884 :
3416 834 3471 881 et
3514 826 3639 880 uni-

2065 932 2223 972 versa
2266 916 2526 971 Ecclesia:
2560 914 2868 970 muliitudo'
2913 916 3075 971 simul
3124 915 3416 981 conlltens,
3456 915 3637 985 lacry-

2068 1010 2171 1064 mis
2212 1007 2581 1080 perfunditur.
2625 1009 2875 1065 Posthiec
2926 1024 3057 1063 vero
3128 1008 3340 1079 primus
3392 1007 3641 1078 exsurgit

2067 1102 2379 1173 episcopus,
2404 1117 2467 1156 ac
2492 1110 2797 1171 prostratos
2824 1100 3022 1171 erigit:
3056 1098 3329 1170 factaque,
3366 1107 3427 1154 ut
3457 1099 3636 1163 decet,

2068 1193 2387 1264 precatione
2428 1207 2523 1263 pro
2573 1192 2955 1262 peccatoribus
3005 1190 3385 1261 paenitentiam
3432 1188 3642 1259 agenti-

2070 1284 2194 1348 bus,
2224 1300 2318 1339 eos
2350 1283 2593 1338 dimittit.
2619 1283 2879 1337 Privatim
2912 1290 3094 1337 autem
3128 1281 3510 1351 unusquisque
3539 1295 3641 1335 sua

2072 1384 2269 1445 sponte
2298 1390 2357 1430 se
2398 1390 2704 1436 maceratis,
2748 1381 2844 1429 aut
2882 1372 3130 1442 jejuniis,
3172 1380 3268 1427 aut
3302 1372 3508 1433 illuvie,
3547 1377 3641 1424 aut

2071 1467 2320 1522 ciborum
2363 1464 2714 1530 abstinentia,
2761 1464 2846 1519 vel
2896 1463 3023 1517 aliis
3072 1465 3273 1533 quibus
3323 1463 3514 1532 jussus
3556 1469 3642 1516 est

2072 1556 2268 1619 modis,
2316 1568 2530 1626 tempus
2572 1563 3061 1625 quantumcunque
3114 1553 3215 1623 ipsi
3272 1553 3339 1607 ab
3381 1553 3642 1622 episeopo

2073 1650 2434 1707 constitutum
2466 1656 2574 1715 est,
2623 1654 2921 1714 exspectat.
2986 1645 3090 1701 Ubi
3133 1661 3264 1701 vero
3306 1645 3645 1715 praestitutus

2074 1742 2193 1797 dies
2220 1741 2459 1806 advenit,
2495 1747 2755 1809 tanquam
2798 1738 2985 1793 debito
3014 1737 3249 1807 quodam
3280 1736 3582 1807 persoluto,
3614 1750 3645 1789 a

2076 1849 2235 1906 pinna
2282 1833 2560 1888 commissi
2598 1832 2823 1888 sceleris
2862 1831 3146 1897 liberatur,
3199 1839 3252 1884 et
3287 1829 3501 1899 reliquo
3546 1828 3647 1882 Ec-

392 1919 500 1971 τῶν
517 1920 979 1991 εύπατριδῶυ,ὲπὶ
996 1920 1289 1991 ἁμαρτίαις
1306 1913 1393 1982 αἶς
1416 1917 1798 1990 προσήγγειλε,
1814 1934 1973 1987 προσ·
2002 1916 2045 1971 Β
2073 1930 2153 1985 cle

1881 1934 1973 1969 δοσ·
2002 1916 2045 1971 Β
2073 1930 2252 1985 clesia:
2282 1928 2481 1997 pepqu
2512 1924 2776 1981 sociatur.
2816 1923 2941 1978 llaec
2966 1923 3206 1994 episcopi
3240 1922 3395 1977 urbis
3435 1920 3642 1987 Romae,

392 2014 652 2082 ταχθεῖσα
696 2014 845 2086 παρὰ
884 2014 1072 2067 τούτου
1111 2013 1204 2066 τοῦ
1249 2012 1618 2084 πρεσϐυτέρου
1664 2010 1962 2081 νηστεύειν,

394 2106 488 2157 καὶ
514 2106 605 2157 τὸν
634 2106 767 2158 Θεὸν
805 2105 1085 2168 ἱκετεύειν,
1117 2104 1305 2158 τούτου
1339 2106 1495 2176 χάριν
1522 2107 1579 2159 ὲν
1610 2108 1674 2176 τῇ
1700 2106 1966 2177 ἐκκλησίᾳ.

395 2197 780 2267 διατρίϐουσα,
811 2196 1275 2265 ὲκπεπορνεῦσθαι
1326 2196 1455 2268 παρ’
1497 2197 1687 2267 ἀνδρὸς
1720 2197 1964 2251 διακονου

398 2290 791 2358 κατεμήνυσεν.
840 2290 954 2357 Ἐφ’
988 2283 1031 2355 ᾧ
1069 2288 1129 2341 τὸ
1162 2288 1363 2358 πλῆθος
1400 2290 1587 2359 μαθὸν,
1619 2289 1968 2359 exulem-:19;

398 2378 473 2440 ὼς
518 2379 616 2447 τῆς
651 2378 941 2446 ἐκκλησίας
980 2379 1331 2450 ὑϐρισμένης.
1374 2380 1620 2449 Μεγίστη
1656 2380 1711 2432 δὲ
1749 2380 1968 2449 διαϐολὴ

399 2472 525 2533 τοὺς
575 2471 901 2541 ἱερωμένους
955 2466 1119 2541 εἶχεν.
1164 2471 1410 2541 ’Λπορῶν
1459 2472 1515 2525 δὲ
1557 2473 1584 2525 ὃ
1619 2489 1672 2525 τι
1710 2474 1972 2543 χρήσαιτο

397 2564 477 2633 τῷ
506 2563 873 2633 συμϐεϐηκότι
902 2565 1204 2635 Νεκτάριος
1225 2605 1238 2627 ,
1270 2565 1521 2632 ἀφείλετο
1557 2567 1656 2633 τῆς
1699 2564 1971 2627 διακονίας

398 2656 489 2709 τὸν
528 2656 882 2726 ἡταιρηκότα.
928 2656 1450 2723 Συμϐουλευσάντων
1481 2655 1537 2708 δέ
1566 2672 1725 2708 τινων
1759 2671 1974 2723 συγχω-

400 2751 516 2820 ρεῖν
548 2748 797 2810 ἕκαστον,
829 2748 903 2811 ὡς
946 2747 1012 2801 ἂν
1063 2749 1241 2819 ἑαυτῷ
1297 2749 1563 2819 συνειδείη
1612 2749 1705 2802 καὶ
1752 2749 1974 2821 θαρρεῖν

398 2840 635 2904 δύναιτο,
680 2843 953 2894 κοινωνεῖν
990 2841 1097 2894 τῶν
1152 2842 1481 2912 μυστηρίων,
1514 2841 1715 2894 ἔπαυσε
1742 2842 1831 2893 τὸν
1883 2842 1976 2893 ἐπὶ

399 2932 525 3000 τῆς
557 2929 843 2998 μετανοίας
893 2930 1280 3001 πρεσϐύτερον.
1318 2931 1428 2983 Καὶ
1476 2928 1535 2993 ἐξ
1568 2929 1775 2982 ἐκείνου
1819 2928 1976 2982 τοῦτο

400 3021 637 3092 κρατοῦν
666 3022 930 3091 διέμεινεν
962 3039 975 3050 ⁵
1007 3022 1107 3092 ἤδη
1147 3022 1249 3092 τῆς
1278 3024 1651 3093 ἀρχαιότητος,
1678 3019 1850 3093 οἶμαι,
1884 3024 1977 3077 καὶ

401 3115 498 3184 τῆς
525 3117 643 3167 κατ’
668 3114 837 3184 αὐτὴν
863 3114 1187 3182 σεμνότητος
1212 3116 1307 3166 καὶ
1336 3114 1636 3183 ἀκριϐείας,
1658 3117 1737 3177 εἰς
1756 3115 1976 3183 ἀδιάφο-

2062 2022 2175 2093 jam
2231 2021 2357 2075 inde
2406 2019 2475 2073 ab
2508 2018 2703 2072 ultima
2744 2023 3016 2071 vetustate
3061 2014 3127 2067 ad
3166 2023 3415 2069 nostram
3471 2029 3648 2082 usque

2066 2121 2279 2167 aetatem
2315 2109 2659 2165 custodiunt.
2704 2105 2761 2161 In
2812 2104 3424 2174 Constantinopolitana
3464 2110 3646 2156 autem

2068 2205 2347 2267 Ecclesia,
2409 2212 2592 2258 certus
2654 2200 2941 2271 presbyter
3000 2199 3334 2253 constitutus
3376 2202 3499 2249 erat
3552 2197 3645 2264 qui

2069 2297 2463 2368 pmnitentibus
2516 2300 2795 2364 praessct.
2849 2291 3028 2345 Donec
3087 2296 3336 2343 matrona
3397 2288 3647 2358 quaedam

2071 2391 2292 2451 nobilis,
2330 2390 2399 2443 ob
2429 2395 2654 2458 peccata
2686 2401 2806 2454 quae
2843 2383 3098 2439 confessa
3145 2382 3342 2445 fuerat,
3382 2382 3539 2451 jussa
3582 2388 3650 2433 ab

2069 2483 2173 2537 hoc
2231 2483 2552 2552 presbytero
2610 2479 2890 2549 jejunare,
2958 2492 3021 2530 ac
3097 2475 3265 2529 Deum
3326 2472 3651 2543 suppliciter

2072 2589 2266 2638 orare;
2320 2570 2448 2624 dum
2486 2569 2648 2638 hujus
2689 2568 2767 2622 rei
2809 2582 2985 2621 causa-
3026 2566 3081 2620 in
3120 2564 3353 2620 ecclesia
3402 2577 3649 2616 morare-

2071 2672 2183 2729 tur,
2234 2678 2263 2715 a
2294 2660 2527 2714 diacono
2575 2674 2635 2714 se
2683 2664 3014 2727 stupratam.
3052 2670 3176 2711 esse
3212 2653 3472 2725 prodidit.
3527 2652 3649 2719 Quo

2073 2755 2313 2825 cognito,
2357 2752 2511 2823 plebs
2562 2750 2743 2805 omnis
2803 2749 3156 2803 vehementer
3197 2746 3537 2809 succensuit,
3584 2759 3651 2799 eo

2076 2847 2218 2919 quod
2254 2843 2595 2900 contumelia
2631 2843 2780 2896 illata
2810 2848 2957 2895 esset
2982 2838 3270 2893 ecclesiae:
3309 2852 3409 2892 nec
3446 2836 3655 2891 medio-

2075 2940 2151 2996 cri
2198 2938 2400 3009 probro
2442 2934 2677 3004 expositi
2726 2940 2884 2987 erant
2933 2931 3078 2986 sacri
3128 2930 3338 2984 ordinis
3381 2929 3507 2985 viri.
3548 2927 3655 2984 Ne-

2075 3031 2283 3086 ctarius
2312 3044 2470 3090 vero,
2505 3041 2626 3080 cum
2656 3023 2750 3078 diu
2783 3023 3126 3094 multumque
3153 3022 3465 3077 dubitasset
3492 3021 3655 3091 quid-

2080 3137 2201 3175 nam
2245 3120 2301 3173 in
2344 3118 2449 3172 hoc
2484 3116 2700 3186 negotio
2729 3113 2997 3184 agendum
3034 3120 3204 3177 esset,
3242 3128 3366 3167 eum
3403 3113 3495 3182 qui
3532 3119 3654 3167 stu-

407 3221 498 3275 ρον
523 3206 616 3258 καὶ
644 3204 987 3275 ἠμελημένον
1033 3200 1163 3274 ἦθος
1192 3206 1331 3259 κατά
1370 3207 1562 3276 μικρὸν
1605 3206 1974 3260 διολισθαίνειν
2002 3244 2046 3306 c
2078 3228 2168 3283 pl'll

1895 3224 1974 3260 ειν
2002 3244 2046 3306 c
2078 3227 2234 3283 prum
2276 3209 2596 3270 admiserat,
2646 3206 2937 3260 diaconatu
2995 3205 3169 3260 exuit.
3223 3204 3473 3274 Cumque
3522 3217 3655 3258 ncn-

402 3296 735 3365 ἀρξαμένης.
792 3296 942 3349 Ἐπεὶ
995 3298 1288 3367 πρότερον,
1324 3298 1398 3360 ὡς
1424 3297 1686 3367 ἡγοῦμαι,
1724 3299 1858 3368 μείω
1907 3298 1976 3351 τὰ
2008 3296 2045 3306 “
2077 3304 2163 3357 nul

1907 3298 1976 3351 τὰ
2008 3296 2045 3306 “
2077 3304 2210 3357 nulli
2246 3300 2531 3356 consilium
2576 3297 2624 3353 ei
2668 3296 2973 3360 dedissent,
3022 3306 3083 3350 ut
3131 3296 3449 3365 unicuique,
3493 3302 3656 3365 prout

403 3388 775 3457 ἁμαρτήματα
822 3383 908 3456 ἦν,
946 3387 1050 3439 ὑπό
1080 3405 1138 3440 τε
1177 3388 1358 3451 αίδοῦς
1402 3389 1510 3441 τῶν
1548 3388 1976 3457 ἐξαγγελλόντων
2077 3394 2162 3447 sib

1894 3408 1976 3443 rmv
2077 3393 2179 3447 sibi
2226 3390 2491 3446 conscius
2541 3394 2707 3450 esset,
2764 3401 2830 3441 ac
2879 3386 3133 3440 liduciam
3168 3386 3255 3442 sui
3307 3386 3553 3449 haberet,
3588 3386 3655 3440 ad

402 3482 502 3542 τὰς
555 3478 703 3548 σφῶν
750 3480 929 3532 αὐτῶν
972 3480 1390 3551 πλημμελείας,
1427 3485 1521 3535 καὶ
1555 3483 1657 3536 ὑπὸ
1691 3482 1979 3553 ἀκριϐείας
2076 3500 2163 3540 sac

1894 3482 1979 3545 ίας
2076 3500 2360 3540 sacrorum
2410 3480 2800 3553 mysteriorum
2852 3479 3301 3534 communionem
3355 3478 3655 3533 accedendi

403 3568 511 3622 τῶν
541 3570 633 3622 ἐπὶ
679 3568 852 3639 τούτῳ
890 3570 1238 3640 τεταγμένων
1286 3571 1506 3642 κριτῶν.
1555 3572 1648 3625 Ἐκ
1684 3572 1885 3641 ταύτης
1920 3572 1979 3625 δὲ
2075 3577 2164 3631 lilii

1920 3572 1979 3625 δὲ
2075 3577 2299 3631 liberam
2329 3574 2534 3628 faceret
2564 3581 2921 3643 potestatem,
2953 3572 3330 3642 presbyterum
3359 3587 3451 3643 qui
3489 3586 3656 3641 agen-

402 3658 503 3728 τῆς
541 3658 719 3720 αἰτίας
758 3659 1088 3728 συμϐάλλω,
1138 3662 1231 3712 καὶ
1284 3661 1557 3715 Θεοδόσιον
1607 3662 1699 3714 τὸν
1757 3662 1985 3730 βασιλέα
2080 3670 2163 3724 da:

1895 3663 1985 3715 \éat
2080 3670 2163 3724 die
2204 3667 2542 3738 poenitentia:
2567 3665 2897 3736 praepositus
2924 3672 3063 3729 erat,
3096 3664 3353 3719 abolevit.
3386 3663 3563 3734 Atque
3587 3680 3656 3719 ex

405 3749 798 3820 προνοούμενον
839 3750 935 3819 τῆς
968 3751 1074 3803 τῶν
1122 3752 1455 3821 Ἐκκλησιῶν
1496 3752 1743 3814 εὐκλείας
1780 3770 1839 3805 τε
1881 3754 1976 3806 καὶ

408 3842 734 3911 σεμνότητος
802 3841 1161 3912 νομοθετῆσαι
1216 3843 1312 3904 τὰς
1360 3845 1623 3910 γυναῖκας
1668 3842 1797 3913 (29),
1822 3845 1868 3895 εί
1901 3845 1978 3917 μὴ

407 3933 602 3997 παῖδας
640 3934 835 4003 ἔχοιεν,
855 3935 949 3986 καὶ
985 3934 1124 4003 ὑπὲρ
1155 3933 1421 4002 ἐξήκοντα
1456 3933 1552 4004 ἐτη
1580 3934 1838 3999 γένοιντο,
1866 3935 1973 3988 δια-

407 4024 593 4079 κονίαν
633 4025 766 4079 Θεοῦ
802 4024 878 4097 μὴ
930 4026 1324 4097 ἐπιτρέπεσθαι
1371 4025 1414 4091 1,
1449 4027 1632 4081 καὶτὸ
1681 4029 1978 4083 ἀποστόλου

2081 3775 2147 3814 eo
2180 3767 2426 3827 tempore
2461 3757 2512 3811 id
2541 3757 2758 3811 {irinum
2794 3770 2857 3808 ac
2897 3754 3094 3810 stabile
3127 3755 3284 3824 301
3318 3757 3652 3825 permansit;

2080 3857 2385 3913 vetustate,
2426 3849 2584 3918 eique
2631 3847 2891 3915 adjuncta
2932 3846 3201 3915 gravitate
3236 3861 3300 3900 ac
3341 3847 3653 3913 severitate,

2078 3942 2191 4013 jam
2238 3950 2374 4007 tum,
2408 3948 2466 3994 ut
2507 3940 2725 4010 opinor,
2774 3940 2827 3993 in
2882 3939 3061 3993 laxam
3107 3953 3173 3992 ac
3213 3938 3537 3995 dissolutam
3571 3940 3656 3994 vi-

2085 4033 2247 4088 vendi
2290 4033 2559 4086 rationem
2598 4031 2862 4101 paulatim
2902 4029 3147 4100 delapsa.
3190 4028 3327 4084 Nam
3377 4040 3558 4099 antea,
3600 4042 3659 4086 ut

1611 4147 1881 4215 VALESII
1920 4149 2470 4209 ANNOTATIONES.

481 4241 592 4312 (26)
609 4242 852 4309 Ὁμοίως
886 4241 981 4295 ἐπὶ
1017 4240 1123 4293 τοῦ
1160 4238 1419 4312 ἐδάφους
1460 4239 1678 4293 πίπτει.
1721 4240 1817 4294 Hic
1866 4258 1982 4297 mos

409 4310 529 4369 erat
580 4313 833 4367 Ecclesia:
889 4312 1164 4369 Romanae.
1218 4320 1276 4362 ut
1327 4310 1615 4379 episcopus
1669 4327 1790 4366 sese
1831 4312 1980 4367 hinni

413 4392 781 4455 prosterneret
816 4398 999 4455 coram
1034 4380 1611 4455 pceiiiteniibus,_tiiiic
1646 4397 1767 4435 cuni
1808 4383 1983 4455 pinni-

412 4451 635 4509 teutiain
664 4453 847 4507 dabat.
880 4452 1071 4507 Postea
1115 4466 1261 4510 vero,
1286 4451 1504 4518 quando
1527 4466 1621 4504 eos
1664 4453 1984 4505 reconcilia—

413 4527 524 4585 bat,
556 4525 807 4577 similiter
841 4539 899 4578 se
952 4521 1354 4585 prosternebat,
1402 4528 1460 4574 ut
1493 4521 1651 4575 docet
1705 4522 1850 4576 Ordo
1886 4521 1984 4575 Ro-

413 4539 524 4585 Dat,
556 4539 807 4577 Similiter
841 4539 899 4578 se
991 4539 1354 4583 rosternenai,
1402 4539 1460 4574 υι
1493 4539 1651 4575 uocet
1705 4539 1850 4576 urao
1886 4539 1973 4575 nol

412 4611 622 4654 manus,
653 4595 703 4646 in
743 4593 909 4647 Cinna
939 4539 1174 4646 gemini.
1209 4590 1310 4656 Qui
1345 4592 1481 4644 liber
1532 4592 1656 4645 licet
1687 4594 1856 4646 inulto
1897 4608 1973 4646 re.

2087 4245 2159 4296 ita
2198 4244 2390 4297 scribit
2429 4241 2575 4296 Ordo
2606 4239 2889 4293 Romanus
2926 4256 2939 4293 :
2978 4237 3077 4291 Hic
3097 4254 3217 4308 ergo
3246 4237 3372 4290 dum
3403 4236 3661 4305 ad‘pmni—

2089 4315 2289 4367 tudinis
2320 4314 2577 4366 actionem
2608 4311 2770 4363 tantis
2798 4310 3065 4362 excitatur
3096 4309 3371 4374 exemplis,
3403 4308 3498 4361 sub
3530 4325 3657 4362 con—

2091 4394 2268 4450 spectu
2314 4382 2700 4451 ingemiscentis
2748 4378 3021 4451 Ecclesiae,
3068 4379 3377 4433 venerabilis
3421 4381 3659 4447 pontifex

2083 4449 2405 4522 protestatur
2445 4461 2495 4507 et
2544 4450 2724 4505 dicit:
2772 4449 3091 4519 Iniquitates
3146 4465 3288 4503 ineas
3323 4464 3415 4516 ego
3463 4465 3656 4520 cogno-

2085 4532 2409 4662 δεῖέἧιὲὺν
2476 4590 2763 4661 ὀλολυγῇ.
2819 4590 2989 4659 Magis
3020 4590 3196 4662 placet
3246 4589 3515 4655 scriptura
3567 4604 3659 4662 co-

413 4666 626 4740 cent_io_r
660 4664 730 4718 sit
754 4679 913 4740 quam
940 4662 1297 4740 Sozomeuus.
1331 4661 1563 4740 plurima
1584 4670 1773 4740 tamen
1804 4674 1985 4717 servat
2017 4679 2064 4740 υ
2087 4659 2224 4740 dicis
2253 4659 2558 4740 Fiiketiani,
2596 4659 2965 4740 συνομολογεϊ,
2998 4670 3105 4716 etc.
3137 4660 3334 4716 Deesse
3360 4670 3541 4713 tamen
3575 4659 3658 4712 vi-

418 4735 638 4801 vestigia
667 4730 1008 4803 antiquitatis
1048 4733 1192 4786 illius
1219 4747 1380 4800 quam
1433 4733 1597 4785 refert
1626 4730 1978 4787 Sozomeuus.

415 4805 597 4858 Primo
622 4805 766 4859 enim
819 4805 963 4870 quod
1021 4804 1096 4857 ait
1145 4803 1506 4861 Sozomeuus.
1544 4804 1875 4871 episcopum
1918 4820 1982 4857 ex

416 4876 647 4928 adverso
706 4874 1083 4943 pmnitentiiim
1132 4886 1444 4943 occurrere,
1504 4870 1556 4923 id
1593 4870 1800 4925 diserte
1853 4874 1985 4926 dicit

419 4944 561 4999 Ordo
589 4941 851 4998 Romanus
892 4945 975 4996 his
997 4944 1175 4997 verbis
1210 4961 1222 4995 :
1263 4941 1408 4995 Tunc
1441 4944 1704 5012 egreditur
1737 4944 1985 5009 paenitens

416 5015 479 5068 de
515 5016 627 5067 loco
656 5014 745 5066 ubi
778 5015 1133 5081 pwnitentiam
1170 5014 1344 5081 gessit,
1394 5022 1448 5065 ut
1485 5015 1680 5079 gremio
1709 5024 1987 5081 pru'scnte-

419 5096 505 5138 tnr
564 5085 830 5139 Erclesim.
873 5084 1094 5139 Sedente
1136 5095 1311 5136 autem
1354 5086 1598 5149 pontiﬁce
1646 5101 1739 5152 pro
1785 5084 1986 5150 [oribus

414 5156 665 5216 ecclesiw,
692 5158 1053 5221 paenitentibus
1097 5156 1149 5207 in
1182 5155 1318 5207 atrio
1362 5155 1591 5206 ecclesin’
1623 5156 1823 5207 eminus
1871 5171 1988 5206 cum

417 5226 793 5278 archidiacano
835 5227 1050 5293 jussum
1099 5226 1245 5277 illius
1291 5225 1721 5291 priestolantibus
1781 5241 1798 5278 :
1839 5235 1986 5278 ante-

417 5314 570 5357 quam
609 5313 694 5349 eos
726 5298 933 5364 a/fcrut,
966 5297 1196 5360 postulat
1249 5294 1649 5348 archidiaconus
1685 5294 1763 5348 liis
1795 5296 1981 5347 verbis.

418 5367 521 5420 Ubi
568 5368 743 5418 obiter
800 5369 1036 5429 notziliis,
1071 5366 1317 5431 singulos
1357 5367 1683 5434 pumiiciites
1735 5381 1981 5420 seorsum

417 5438 562 5489 domi
614 5438 987 5503 paenitentiam
1039 5440 1235 5505 egisse,
1280 5435 1328 5489 id
1372 5437 1514 5505 quod
1557 5438 1717 5487 i-tiain
1751 5451 1779 5487 a
1821 5435 1985 5487 Sozo-

418 5523 578 5561 nieno
617 5507 702 5562 hic
726 5508 943 5563 dicitur.
974 5508 1045 5563 De
1068 5508 1267 5578 gemitu
1298 5522 1511 5576 quoque
1540 5509 1706 5561 totius
1733 5506 1987 5561 Ecclesiae

2087 4736 2247 4790 detur
2282 4734 2547 4805 particula
2571 4734 2940 4801 conjuiictiva.

2160 4799 2740 4874 (28l'Ata.1130'nq-ri1r
2763 4802 3045 4871 τιμωρίαν
3063 4799 3173 4869 τῆς
3194 4799 3481 4874 ἁμαρτίας
3505 4800 3660 4853 ἀνίε-

2089 4871 2203 4929 ται.
2238 4877 2293 4930 ln
2321 4876 2509 4929 codice
2533 4873 2829 4929 Fuketiano
2871 4880 2992 4941 post
3028 4886 3211 4925 voccin
3258 4871 3525 4940 τιμωρίαν
3565 4886 3662 4937 ap-

2094 4947 2267 5016 pusila
2284 4956 2365 5000 est
2386 4946 2614 5014 virgula.
2644 4944 2901 5016 liamdein
2917 4958 3135 5016 quoque
3165 4941 3661 5016 interpunctionein

2094 5011 2373 5071 continual
2414 5011 2751 5085 Niccpliorus
2781 5015 2834 5085 iii
2873 5012 3376 5085 lihrudnodeciiuo,
3412 5026 3529 5085 cap.
3566 5011 3659 5064 28.

2166 5089 2275 5156 (29)
2317 5081 2725 5153 [\‘onotierﬁo'at
2745 5084 2849 5156 τὰς
2872 5082 3177 5156 ποναῖκας.
3205 5081 3465 5156 intelligit
3491 5083 3661 5156 legem

2095 5152 2422 5210 27‘Co'licis
2462 5152 2848 5218 Tlieodosiani,
2897 5152 2969 5207 De
2997 5153 3268 5222 episcopis
3316 5161 3368 5204 et
3422 5152 3660 5215 clericis,

2091 5244 2210 5297 quae
2238 5229 2317 5281 sic
2345 5228 2504 5282 habet
2536 5244 2548 5279 :
2579 5226 2746 5297 Nulla
2778 5225 2888 5297 nisi
2914 5224 3139 5277 emensis
3172 5224 3446 5297 sexaginta
3480 5224 3660 5286 annis,

2092 5295 2174 5350 cui
2220 5300 2387 5351 roliva
2436 5298 2577 5351 domi
2626 5295 2795 5362 proles
2844 5295 2952 5358 sit,
3012 5295 3296 5346 secundum
3347 5302 3663 5361 pra'ceptuin

2093 5367 2353 5433 Apostoli,
2404 5369 2471 5421 ad
2511 5367 2936 5421 diaconissarum
2999 5364 3322 5417 consortium
3368 5364 3662 5435 transfera-

2096 5451 2202 5503 tur,
2234 5456 2339 5494 etc.

1858 5610 2237 5667 νΑιιιΟιιυΜ.

496 5705 516 5744 ι
560 5708 876 5761 Διακονίαν
924 5709 1069 5762 Θεοῦ
1105 5708 1189 5778 μὴ
1234 5708 1671 5776 ἐπιτρέπεσθαι.
1711 5707 1980 5762 Justinia-

423 5793 548 5841 niis,
581 5778 783 5831 Novell.
832 5779 949 5841 125,
998 5796 1119 5849 cap.
1164 5782 1262 5839 15,
1319 5780 1567 5849 prazcipit
1612 5779 1980 5833 diaconissam

422 5863 530 5901 non
566 5850 805 5903 ordinari
857 5850 908 5902 iu
960 5864 1145 5904 sancta
1196 5850 1473 5915 Ecclesia,
1523 5866 1642 5917 qua:
1682 5850 1858 5902 niinor
1901 5856 1985 5902 est

424 5933 691 5971 annorum
746 5920 1141 5989 quadraginta,
1188 5929 1282 5974 aut
1325 5921 1387 5973 ad
1440 5921 1709 5975 secundas
1764 5920 1982 5988 nuptias

427 5990 655 6046 venerit.
691 5990 762 6047 De
792 5993 1132 6047 ordinatione
1168 6008 1265 6048 seu
1306 5992 1683 6047 benedictione
1722 5990 1991 6047 diaeenis-

2088 5721 2295 5769 sarum,
2336 5706 2512 5775 deque
2554 5705 2721 5758 variis
2757 5712 2810 5759 et
2844 5701 3242 5775 multiplicibus
3272 5716 3459 5775 earnm
3499 5700 3664 5752 miri-

2055 5803 2059 5809 -
2092 5778 2294 5842 steriis,
2328 5770 2497 5831 inuita
2528 5775 2732 5846 profert
2756 5791 2819 5828 ex
2859 5773 3101 5846 antiquis
3143 5770 3659 5825 Patriliuchani'es

2094 5849 2377 5974 Mittl‘ill'ILSJ)
2424 5848 2495 5902 De
2529 5843 2713 5902 'socris
2744 5843 3201 5909 ordinationibus,
3254 5851 3389 5910 part.
3430 5859 3505 5909 iii,
3540 5856 3659 5913 pag.

2098 5924 2117 5974 1
2166 5921 2219 5974 ’⁷.
2301 5921 2375 5971 ιτ.

2098 5921 2219 5980 H7,
2263 5921 2375 5972 ιιιυξ
