4460 6634
864 420 1003 483 MSS
2317 425 2543 484 $020M
2553 426 2663 484 ENI
3979 426 4005 480 i
4016 423 4126 480 Mil

862 538 1116 607 equidem
1149 539 1427 605 existimo,
1476 540 1687 598 minora
1746 551 1904 596 erant
1941 553 2192 613 peccata,
2231 552 2346 600 tum
2376 546 2448 601 ob
2475 565 2520 623 Α
2552 549 2623 602 Πο

2376 546 2448 601 ob
2475 565 2520 623 Α
2552 549 2768 602 Παύλου
2801 549 2962 619 ῥητὸν
2984 549 3330 621 πρόσταγμα.
3347 549 3457 613 Τὰς
3479 549 3535 605 δὲ
3553 548 3877 620 κειρομένας
3892 544 4012 618 (30)
4029 545 4132 610 τὰς

862 627 1248 684 Verecundiam
1285 644 1475 686 eorum
1518 632 1611 702 qui
1661 647 1761 688 sua
1804 633 1907 704 ipsi
1943 633 2143 690 delicta
2187 637 2439 692 enuntia-
2545 659 2623 696 χες

2370 637 2439 691 ia-
2545 641 3328 711 κεφαλὰς,ἀπελαύνεσθαιτῶν
3341 632 3826 714 Ἐκκλησιῶνοτοὺς
3842 641 3900 694 δι
3916 638 4022 693 ταύ
4037 653 4131 700 τας

863 721 1018 786 bant,
1054 728 1169 775 tum
1204 723 1276 776 ob
1292 724 1642 780 severitatem
1666 725 1918 796 judicum
1952 728 2046 797 qui
2083 727 2149 782 ad
2187 728 2240 782 id
2273 738 2436 785 erant
2543 748 2624 802 πρ

2375 738 2436 785 nt
2543 748 2732 802 προσιε
2741 732 2936 803 μένους
2948 733 3301 798 ἐπισκόπους,
3315 734 3664 804 ἀφαιρεῖσθαι
3680 732 3779 803 τῆς
3791 727 4128 796 ἐπισκοπῆς-

863 808 1168 862 constituti.
1212 811 1391 880 Atque
1427 814 1529 867 hac
1576 813 1644 869 de
1712 830 1880 870 causa
1935 817 2178 872 arbitror
2226 818 2601 875 Theodosium
2673 822 3088 892 imperatorem,
3135 839 3261 879 eum
3306 823 3681 880 Eeclesiarum
3756 820 4034 879 honestati
4075 827 4134 874 et

864 904 1258 959 existimationi
1316 909 1674 978 prospiceret,
1731 913 1850 982 lege
1911 913 2018 967 lata
2072 914 2322 980 cavisse,
2370 930 2438 970 ne
2512 917 2774 972 mulieres
2823 917 2893 972 ad
2969 933 3192 974 sacrum
3252 921 3621 976 ministerium
3677 919 4130 976 admitterentur.

864 986 972 1051 nisi
1004 996 1204 1052 liberos
1246 997 1530 1064 haberent,
1571 1009 1626 1056 et
1666 1005 2067 1072 sexagesimum
2120 1007 2297 1061 aetatis
2331 1021 2535 1061 annum
2603 1009 2943 1078 implessent,
3009 1011 3168 1081 juxta
3213 1027 3533 1082 expressum
3600 1013 3921 1068 mandatum
3990 1024 4134 1082 apo—

865 1087 993 1141 stoli
1030 1085 1184 1141 Pauli
1210 1088 1227 1118 ί
1265 1107 1280 1144 :
1329 1098 1493 1160 utque
1536 1091 1748 1147 feminae
1790 1109 1912 1164 quae
1983 1110 2196 1149 comam
2237 1096 2626 1165 totondissent,
2671 1111 2992 1156 arcerentur
3023 1103 3091 1158 ab
3124 1100 3371 1159 Ecclesia

864 1195 961 1237 eas
990 1180 1290 1237 admittere
1311 1183 1428 1238 ausi
1461 1194 1667 1249 essent,
1714 1186 2026 1241 sacerdotio
2068 1189 2438 1258 privarentur.

1473 1299 1627 1356 CAP.
1661 1301 1824 1358 XVII.

867 1385 1142 1452 Quomodo
1171 1390 1496 1448 Theodosius
1530 1398 1852 1451 Eunomium
1886 1399 1940 1453 in
1971 1401 2220 1454 exsilium
2253 1403 2439 1458 misit:

934 1471 986 1542 et
1021 1459 1086 1514 de
1119 1460 1502 1542 Tlteophronio-
1533 1464 1785 1542 Eunomii
1828 1485 2149 1525 successore.
2206 1470 2341 1524 Item
2378 1475 2441 1527 de

936 1528 1199 1607 Eutycttio
1227 1528 1599 1607 et_D_orot_heo,
1646 1537 1808 1607 deque
1850 1555 2033 1593 eorum
2063 1541 2396 1605 opinionibus
2421 1558 2440 1596 :

933 1599 1068 1681 etde
1100 1602 1168 1654 iis
1213 1599 2011 1681 qui_Psathuriani‘:dicuutur.
2061 1599 2133 1663 Et
2177 1612 2440 1681 quomodo

935 1671 1262 1747 Arianorum
1304 1674 1524 1747 [turresis
1576 1675 1914 1732 iu‘diversas
1960 1671 2218 1747 [actiones
2264 1681 2440 1736 divisa

931 1749 1011 1825 est
1033 1755 1052 1825 ,'
1078 1750 1128 1794 et
1155 1740 1196 1794 ii
1226 1743 1334 1825 qui.
1356 1740 1819 1825 Constantinopoli
1849 1740 2000 1802 erant
2031 1752 2240 1819 Ariani,
2271 1753 2442 1822 magis

934 1819 1072 1861 inter
1107 1825 1165 1865 se
1197 1819 1335 1866 uniti
1363 1822 1507 1868 sunt.

935 1899 1140 1956 Verum
1199 1902 1268 1957 de
1323 1903 1408 1958 his
1465 1905 1849 1976 unusquisque
1895 1923 1994 1978 pro
2053 1911 2283 1967 arbitrio
2341 1928 2444 1969 suo

3421 1124 3435 1160 :
3519 1106 3764 1178 episcopi
3832 1120 3966 1161 vero
4030 1103 4130 1175 qui

3139 1310 3391 1366 ΚΕΦΑΛ.
3427 1313 3524 1367 lZ'.

2553 1402 2650 1476 Ὣς
2692 1401 3010 1476 ὑπερόριον
3038 1401 3368 1476 ’Θεοδόσιος
3402 1407 3435 1457 ό
3461 1403 3649 1476 μέγας
3685 1404 3793 1476 τὸν
3829 1406 4137 1476 Εὐνόμιον

2611 1471 2864 1546 ἐποίησε
2905 1487 2918 1502 ’
2939 1473 3054 1546 ⁸καὶ
3110 1473 3261 1546 περιέ
3295 1471 3654 1546 Θεορροκίου
3703 1475 3808 1529 τοῦ
3840 1471 4135 1546 διαδόχου

2611 1541 2822 1612 aurai},
2856 1541 2956 1612 καὶ
3007 1542 3140 1610 περὶ
3187 1545 3508 1612 Εὐτυχίου,
3549 1544 3647 1597 καὶ
3675 1545 3993 1612 Δωροθέου,
4013 1541 4134 1600 ’ἆιαι

2612 1604 3040 1690 τρτίαὶρέὀνξων
3071 1604 3269 1690 aurci)?
3292 1629 3306 1642 ·
3337 1604 3434 1690 καὶ
3458 1604 3606 1690 ’περὶ
3633 1604 4136 1690 ’τῶνλξεγποέιένων

2619 1681 3010 1754 Ψαθρριανῶν
3040 1695 3058 1712 ·
3087 1681 3186 1754 καί
3219 1682 3299 1749 ὡς
3331 1683 3369 1754 ᾐ
3410 1681 3529 1736 τῶν
3557 1681 3877 1754 Ἀρειανῷνγ
3894 1681 4129 1754 αἵρεσις

2613 1753 2701 1815 εἰς
2734 1749 3058 1817 διαφόρους
3077 1752 3294 1818 μοίρας
3322 1749 3696 1820 διεχωρῐσθη,
3727 1753 3826 1806 καὶ
3863 1749 4025 1820 ὠςόὶ
4061 1749 4136 1809 ἐτ’

2612 1821 3250 1874 Κωνσταντινουπόλει
3274 1821 3517 1890 μᾶλλον
3547 1821 3888 1890 ήνώθησαν.

2627 1910 2785 1965 Ἀλλὰ
2801 1911 2974 1966 ταῦτα
2998 1907 3146 1985 μὲν
3169 1912 3236 1966 ἂν
3253 1914 3466 1984 ἑκάστῳ
3483 1914 3635 1984 δοκῇ.
3651 1916 3809 1970 ταυτὶ
3834 1915 4129 1968 σκοπείτω.

861 1989 1076 2061 iudicet
1093 1992 1136 2046 ’.
1169 1990 1342 2047 Porro
1376 1996 1677 2063 imperator
1711 1993 2040 2053 Eunomium
2084 2016 2151 2057 eo
2198 2010 2442 2076 tempore
2474 2017 2516 2072 Β
2557 2003 2613 2057 ’0

2372 2020 2442 2060 »τε
2474 2017 2516 2072 Β
2557 2003 2613 2057 ’0
2645 2003 2702 2056 δὲ
2741 2003 2990 2074 βασιλεὺς
3021 2005 3316 2074 ὑπερορίαν
3342 2006 3521 2076 φυγὴν
3548 2005 3812 2076 Εὐνομίω
3841 2005 3965 2058 τότε
3993 2023 4133 2058 κατ-

867 2079 924 2133 in
952 2080 1209 2135 exsilium
1239 2081 1411 2135 misit.
1441 2081 1636 2138 Adhuc
1663 2085 1808 2138 enim
1841 2087 1933 2142 ille
1962 2086 2442 2164 Constantinopoli

865 2173 1095 2244 degens,
1147 2174 1201 2228 in
1247 2175 1600 2241 suburbanis,
1659 2186 1756 2231 aut
1796 2179 1851 2233 in
1896 2181 2127 2250 privatis
2165 2183 2440 2250 domibus,

867 2273 1174 2322 conventus
1210 2268 1626 2324 ecclesiasticos
1657 2285 1910 2326 seorsum
1939 2275 2156 2343 agebat,
2186 2287 2240 2332 et
2275 2278 2445 2334 libros

867 2373 900 2411 a
943 2374 1005 2414 se
1037 2360 1388 2429 conscriptos
1441 2362 1731 2425 recitabat,
1767 2364 2084 2434 tnultosque
2132 2368 2186 2421 in
2225 2377 2446 2424 senten-

865 2451 999 2504 tiam
1048 2467 1205 2507 suam
1258 2453 1610 2522 pertrahebat
1653 2473 1666 2508 :
1703 2453 1838 2509 adeo
1891 2441 1948 2510 ut
1990 2457 2138 2512 brevi
2183 2461 2446 2529 temporis

867 2542 1052 2611 spatio
1091 2542 1287 2612 ingens
1316 2553 1465 2599 esset
1499 2560 1763 2600 numerus
1797 2561 2009 2610 eorum,
2047 2551 2141 2618 qui
2193 2552 2445 2608 hmresim

866 2631 1111 2687 nominis
1147 2633 1298 2686 illius
1333 2635 1958 2704 sequebantur.Verum
1989 2639 2080 2694 ille
2119 2642 2281 2710 paulo
2322 2654 2447 2712 post

867 2736 1036 2790 quam
1095 2722 1150 2776 in
1202 2723 1459 2778 exsilium
1504 2725 1710 2779 missus
1762 2726 1982 2792 fuisset,
2029 2728 2142 2784 fato
2201 2731 2446 2798 litiictus,

869 2817 1212 2898 sepulturam
1252 2819 1307 2870 in
1349 2817 1526 2887 patria
1572 2834 1672 2873 sua
1719 2822 1952 2877 sortitus
1992 2830 2103 2878 est.
2149 2822 2319 2880 Vicus
2359 2825 2449 2879 hic

869 2916 987 2961 erat
1025 2907 1437 2978 Cappadocum,
1485 2911 1974 2980 nomine-Dacora,
2011 2915 2151 2972 situs
2181 2917 2237 2970 in
2285 2919 2450 2972 terri-

869 3002 1015 3057 torio
1047 3002 1330 3065 Caesareae,
1359 3002 1427 3056 ad
1454 3001 1704 3074 Argamm
1733 3014 1994 3060 montem.
2025 3004 2449 3079 Theopltronius

865 3110 1024 3158 vero,
1051 3103 1106 3151 et
1129 3096 1245 3164 ipse
1273 3094 1595 3166 Cappadox,
1635 3096 1732 3166 qui
1761 3097 1831 3150 ab
1861 3096 2128 3154 Eunomio
2158 3101 2213 3155 in
2256 3103 2449 3156 eadem

869 3188 1125 3243 doctrina
1156 3187 1336 3243 fuerat
1387 3188 1673 3245 institutus
1698 3229 1731 3264 ,ν
1763 3189 2053 3258 opiniones
2096 3191 2220 3260 ejus
2262 3201 2450 3263 postea

869 3278 1137 3335 defendit.
1174 3277 1431 3346 Quicum
1480 3280 1535 3334 in
1577 3280 1890 3339 Aristotelis
1926 3283 2275 3354 philosophia
2333 3301 2450 3342 me-

868 3373 1136 3430 diocriter
1168 3375 1507 3430 exercitatus
1524 3384 1695 3440 esset,
1729 3375 2200 3434 introductionem
2229 3379 2296 3434 ad
2330 3395 2454 3448 per-
2482 3359 2523 3416 ε

869 3466 1127 3536 clpienda
1174 3466 1392 3520 illorum
1437 3478 1760 3538 argumenta
1792 3467 2453 3539 aoz'aceommodatam

871 3559 1239 3631 conscripsit,
1297 3561 1388 3615 cui
1456 3561 1679 3616 titulum
1743 3561 1873 3619 fecit
1935 3564 2010 3619 De
2061 3566 2454 3621 exercitatione

872 3652 1096 3708 mentis.
1133 3651 1409 3707 Caeterum
1460 3651 1514 3706 in
1555 3653 1825 3708 absurdas
1851 3653 2260 3725 disputationes
2299 3655 2455 3710 dela-

871 3760 1029 3815 psus,
1075 3744 1131 3798 in
1179 3744 1374 3801 iisdem
1422 3761 1548 3800 cum
1587 3753 1926 3816 praeceptore
1969 3761 2070 3801 suo
2098 3747 2455 3817 opinionibus

874 3851 1201 3911 permanere
1241 3837 1667 3908 haudquaquam
1713 3837 1971 3908 dignatus
2012 3847 2117 3894 est.
2167 3839 2306 3894 Nam
2351 3855 2449 3895 cu-

873 3930 1083 3986 riosius
1107 3930 1419 3995 disserens,
1447 3946 1516 3986 ex
1538 3927 1724 3986 verbis
1752 3945 1876 4000 quae
1905 3930 2162 4002 leguntur
2194 3933 2248 3986 in
2279 3934 2454 3987 sacris

874 4019 1278 4084 voluminibus,
1321 4021 1557 4090 probare
1601 4030 1835 4077 conatus
1883 4032 1988 4084 est,
2036 4021 2208 4079 Deum
2240 4025 2335 4094 qui
2372 4025 2456 4079 fu-

873 4122 1002 4167 tura
1027 4121 1422 4184 praenosceret,
1447 4114 1740 4183 prasenti’a
1771 4129 1899 4168 vero
1925 4115 2114 4179 sciret,
2153 4123 2207 4171 et
2229 4128 2453 4187 praster-

875 4204 954 4257 ita
1029 4189 1405 4268 meminisset,
1466 4217 1575 4257 non
1608 4203 1827 4258 eodem
1896 4219 2112 4274 semper
2175 4205 2339 4260 modo
2396 4223 2455 4262 se

876 4293 1120 4361 habere;
1190 4294 1286 4350 sed
1344 4310 1444 4365 pro
1499 4295 1714 4348 ratione
1771 4293 1962 4360 futuri,
2026 4296 2317 4365 praesentis
2391 4312 2457 4352 ac

877 4385 1167 4456 praeteriti,
1203 4393 1420 4444 mutare
1451 4386 1846 4458 cognitionem.
1879 4386 1964 4442 0b
1999 4387 2316 4460 hujusmodi
2363 4405 2456 4444 au-

955 4543 972 4572 ¹
1014 4543 1030 4596 l
1064 4545 1191 4599 Cor.
1249 4561 1323 4609 ιι,
1358 4543 1411 4599 6.
1488 4545 1508 4574 ’
1534 4544 1714 4609 Socr.,
1749 4545 1844 4601 lib.
1878 4562 1928 4607 v,
1956 4562 2004 4599 c.
2045 4544 2130 4608 il),
2157 4543 2245 4610 20,
2277 4546 2371 4609 25,
2400 4546 2488 4602 2L

2545 2096 2792 2150 εδίκασεν
2839 2095 2976 2166 (51).
3026 2096 3146 2148 Ἔτι
3191 2095 3300 2165 γὰρ
3341 2097 3401 2149 ἐν
3451 2097 4020 2150 Κωνσταντινουπόλει
4068 2098 4134 2149 ὲν

2547 2186 3231 2258 προαστείοιςδιατρίόων,
3261 2189 3293 2258 ἢ
3330 2191 3387 2241 ὲν
3411 2188 3627 2254 οἰκίαις,
3665 2189 3786 2244 καθ’
3809 2190 4004 2242 ἑαυτὸν
4031 2194 4136 2242 ὲκ-

2547 2278 2828 2349 κλησίαζε,
2859 2280 2954 2332 καὶ
2981 2281 3106 2343 τοὺς
3125 2279 3335 2347 λόγους,
3370 2279 3465 2343 οὓς
3500 2279 3896 2350 συνεγράψατο,
3915 2280 4132 2333 ἐπεδεί-

2547 2389 2734 2424 κνυτο·
2787 2373 2880 2426 καὶ
2915 2372 3140 2435 πολλοὺς
3192 2371 3407 2427 ἔπειθεν
3443 2371 3644 2442 ὁμοίως
3675 2374 3921 2442 φρονεῖν·
3947 2372 4025 2434 ὡς
4068 2373 4133 2423 ὲν

2547 2464 2714 2534 ὀλίγῳ
2761 2464 3186 2534 πολυάνθρωπον
3228 2463 3484 2532 γενέσθαι
3530 2463 3658 2517 λαὸν
3703 2464 3802 2533 τῆς
3833 2464 4131 2533 ἐπωνύμου

2549 2555 2696 2624 αύτῷ
2740 2555 3024 2625 αἱρέσεως.
3062 2555 3199 2608 Ἀλλ’
3231 2558 3260 2609 ὁ
3303 2557 3403 2626 μὲν
3443 2555 3504 2608 οὐ
3551 2554 3731 2626 πολλῷ
3765 2555 3990 2626 ὕστερον
4017 2558 4123 2626 τῆς

2549 2647 2729 2715 φυγῆς
2769 2647 3119 2716 τελευτήσας,
3160 2647 3318 2718 ἔτυχε
3359 2650 3458 2718 τῆς
3488 2648 3546 2701 ὲν
3583 2650 3650 2718 τῇ
3681 2645 3898 2716 πατρίδι
3926 2646 4131 2715 ταφῆς.

2550 2737 2727 2808 Κώμη
2765 2737 2822 2790 δὲ
2852 2737 2990 2808 αὕτη
3024 2738 3426 2802 Καππαδοκῶν,
3455 2739 3668 2811 Δακόρα
3690 2734 3756 2808 ἦν
3785 2738 3828 2791 δ’
3868 2738 4136 2807 ὀνομαζο-

2554 2829 2711 2899 μένη,
2751 2828 2917 2898 νομοῦ
2944 2829 3046 2898 τῆς
3073 2832 3208 2900 πρὸς
3241 2829 3318 2900 τῷ
3359 2829 3601 2900 Ἀργαίῳ
3626 2829 3980 2900 Καισαρείας.
4000 2828 4137 2881 Θεο-

2551 2921 2767 2993 φρόνιος
2807 2921 2864 2974 δὲ
2933 2921 2992 2984 ὃς
3039 2921 3130 2974 ὑπ’
3163 2921 3316 2991 αύτῷ
3365 2921 3672 2992 διδασκάλῳ
3732 2921 3859 2983 τοὺς
3907 2921 4137 2989 ὁμοίους

2551 3009 2844 3081 ἐπαιδεύθη
2877 3011 3075 3078 λόγους
3095 3051 3109 3072 .
3137 3010 3514 3080 Καππαδόκης
3557 3011 3613 3064 δὲ
3662 3012 3755 3064 καὶ
3791 3006 3972 3077 οὗτος,
4004 3028 4136 3062 συν-

2555 3102 2740 3156 ίστατο
2771 3105 2883 3165 τοῖς
2919 3101 3087 3158 αὑτοῦ
3111 3102 3363 3173 δόγμασι.
3394 3104 3646 3175 Μετρίως
3667 3104 3724 3157 δὲ
3751 3103 3838 3158 διὰ
3859 3104 3967 3158 τῶν
3981 3106 4042 3156 Ἀ
4054 3121 4138 3174 pt-

2554 3194 2832 3257 ποτέλους
2867 3194 3209 3264 μαθημάτων
3244 3195 3416 3248 ἐλθὼν
3435 3236 3450 3258 ,
3479 3195 3792 3266 ἐπιτηδείαν
3824 3197 3959 3269 πρὸς
3985 3197 4137 3266 εἴδη-

2555 3303 2638 3339 σιν
2658 3286 2766 3340 τῶν
2800 3287 2929 3357 παρ’
2963 3287 3147 3350 αὐτοῖς
3177 3286 3552 3356 συλλογισμῶν
3582 3287 3888 3356 εἰσαγωγὴν
3915 3288 4134 3340 κατέλι-

2558 3395 2678 3442 πεν,
2703 3380 2768 3451 ἥν
2800 3381 2937 3450 Περὶ
2969 3379 3274 3450 γυμνασίας
3295 3379 3388 3433 νοῦ
3417 3378 3752 3451 ἐπέγραψεν.
3780 3381 3873 3444 Εἰς
3899 3380 4136 3444 ἀτόπους

2556 3469 2613 3522 δὲ
2656 3469 2920 3537 διαλέξεις
2962 3469 3240 3540 ἐμπεσὼν,
3279 3470 3355 3534 ὡς
3406 3471 3724 3542 ἐπυθόμην,
3756 3471 3857 3524 οὐκ
3900 3471 4133 3540 ἠξίωσεν

2557 3560 2648 3614 ἐπὶ
2679 3560 2789 3613 τῶν
2837 3559 3014 3614 αὐτῶν
3047 3560 3227 3632 μένειν
3273 3559 3352 3630 τῷ
3379 3559 3684 3630 διδασκάλῳ
3733 3558 3926 3627 λόγων.
3963 3558 4137 3610 Πολυ-

2558 3651 2890 3723 πραγμονῶν
2913 3652 2988 3714 δὲ,
3019 3653 3114 3706 καὶ
3139 3654 3203 3706 ὲκ
3224 3651 3332 3706 τῶν
3353 3651 3619 3724 κειμένων
3647 3653 3768 3713 ταῖς
3793 3653 3962 3722 ἱεραῖς
3992 3653 4136 3722 Γρα-

2557 3747 2686 3813 φαίς
2719 3745 2996 3815 ὀνομάτων
3022 3744 3426 3810 κατεσκεύαζεν
3446 3786 3460 3808 ,
3487 3745 3561 3808 ὡς
3591 3745 3652 3798 τὸ
3678 3745 3833 3798 Θείον
3861 3743 4136 3815 προγινῶ-

2557 3853 2684 3889 σκον
2707 3836 2766 3889 τὸ
2791 3836 2865 3907 μὴ
2893 3835 2973 3897 ὃν,
2993 3835 3263 3904 γινῶσκον
3283 3836 3339 3888 δὲ
3383 3835 3447 3889 τὸ
3479 3834 3536 3888 ὃν
3559 3874 3573 3897 ,
3606 3837 3699 3889 καὶ
3729 3833 3824 3888 τοῦ
3852 3835 4139 3902 γεγονότος

2559 3926 2920 3998 μεμνημένον,
2948 3928 3048 3980 οὐκ
3083 3927 3170 3981 ἀεὶ
3203 3926 3463 3991 ὡσαύτως
3501 3928 3633 3998 ἔχει,
3662 3927 3799 3997 πρός
3825 3943 3883 3979 τε
3911 3926 3974 3978 τὸ
4011 3925 4139 3994 μὲλ-

2555 4021 2667 4086 λον,
2690 4023 2782 4074 καὶ
2814 4021 3006 4092 παρὸν,
3038 4006 3135 4075 ’καὶ
3163 4021 3495 4092 παρῳχηκδς
3525 4020 3859 4090 μεταϐάλλον
3880 4020 3981 4089 τὴν
4003 4017 4143 4086 γνῶ-

2559 4129 2662 4166 σιν.
2712 4113 2808 4166 Ἐκ
2846 4114 3106 4168 τοιούτων
3150 4113 3207 4167 δὲ
3249 4112 3537 4180 δογμάτων
3574 4113 3695 4165 οὐδὲ
3729 4115 3840 4174 τοῖς
3870 4109 4138 4180 Εύνομίου

2562 4205 2794 4277 φορητὸς
2823 4200 2960 4260 εἶναι
2994 4205 3151 4271 δόξας
3171 4247 3185 4269 ,
3220 4204 3504 4276 ἐκσληθεὶς
3536 4204 3638 4274 τῆς
3683 4203 3859 4258 αὐτῶν
3908 4201 4143 4274 Ἐκκλη-

2564 4297 2722 4359 σίας,
2756 4298 2878 4358 τοὺς
2932 4296 3026 4349 ἀπ’
3069 4296 3235 4350 αὑτοῦ
3290 4296 3658 4366 καλουμένους
3713 4293 4139 4364 Θεοφρονιανοὺς

2565 4389 2833 4459 ἐποίησεν.
2866 4391 2978 4443 υύκ
3018 4391 3096 4454 εἰς
3146 4389 3361 4462 μακρὰν
3388 4389 3445 4443 δὲ
3487 4389 3578 4446 καὶ
3622 4387 3880 4461 Εὐτύχιός
3905 4384 4014 4457 (ΒΞ)
4050 4401 4141 4451 τις

2089 4698 2358 4757 VALESII
2395 4697 2944 4754 ANNOTATIONES.

954 4835 1068 4907 (30)
1110 4833 1227 4899 Τὰς
1252 4833 1321 4887 δὲ
1357 4832 1724 4907 κειρομένης.
1763 4808 2102 4907 Verhaleg'is
2135 4834 2250 4907 haec
2277 4843 2408 4889 sunt
2438 4853 2450 4888 :
2487 4842 2534 4897 ι)
2560 4850 2691 4907 (mf.

2373 4843 2450 4888 Il:
2487 4842 2691 4907 Daeij.
2737 4833 2790 4886 In
2840 4833 3030 4907 codice
3078 4830 3376 4907 Ἐρκυιίδιιρ
3425 4833 3690 4907 scriptuut
3736 4833 4134 4907 εει-Εὐνόμῳ»,

883 4904 1125 4960 Femina:
1153 4920 1270 4975 qua:
1298 4904 1497 4958 crinem
1530 4921 1682 4958 suum
1717 4911 1903 4958 contra
1928 4904 2135 4960 divinas
2169 4905 2458 4958 humanas-

883 4995 983 5043 que
1013 4977 1147 5044 leges
1179 4977 1431 5044 instinctu
1461 4990 1726 5042 persuasa:
1749 4975 2093 5043 professionis
2115 4975 2458 5041 absciderint,

886 5038 952 5100 ab
974 5038 1204 5102 ecclesiae
1226 5038 1426 5108 foribus
1451 5038 1769 5106 arceantur}
1800 5038 1899 5098 uon
1924 5045 2031 5099 illis
2052 5046 2134 5115 fas
2158 5050 2224 5100 sit
2247 5038 2462 5101 sacrata

887 5119 1037 5173 adire
1061 5118 1345 5187 mysteria,
1383 5125 1490 5171 etc.
1535 5115 1672 5168 Adeo
1704 5127 1760 5168 ut
1788 5119 2058 5184 episcopus
2099 5128 2247 5171 tonso
2288 5117 2457 5181 capite

886 5191 1143 5258 feminam
1175 5189 1221 5241 si
1258 5189 1478 5241 introire
1502 5187 1821 5255 permiserit,
1855 5188 2085 5254 dejectus
2118 5189 2252 5253 loco,
2289 5189 2447 5241 etiam

885 5277 997 5328 ipse
1033 5276 1152 5312 cum
1193 5258 1497 5326 hujusmodi
1536 5258 1889 5311 contuberniis
1914 5271 2154 5312 arceatur
2191 5275 2209 5311 :
2254 5275 2315 5311 nc
2353 5274 2452 5310 non

887 5331 1044 5384 modo
1089 5331 1136 5384 si
1170 5330 1289 5398 ﬁeri
1318 5329 1565 5390 suaserit,
1610 5344 1783 5380 verum
1828 5330 1990 5382 etiam
2039 5334 2086 5384 si
2125 5331 2219 5382 hoc
2255 5331 2318 5381 ab
2352 5328 2454 5380 ati-

887 5400 1075 5457 auibus
1103 5402 1259 5469 exigi,
1299 5400 1498 5468 factum
1526 5399 1747 5465 denique
1768 5416 1877 5451 esse
1917 5417 2222 5467 quacunque
2252 5401 2456 5452 ratione

887 5473 1231 5538 conpererit,
1294 5470 1428 5524 nihil
1488 5471 1587 5521 sibi
1639 5469 1901 5538 intelligat
1955 5471 2229 5536 opitulari.
2283 5469 2455 5522 Porro

891 5543 1103 5595 notabit
1142 5541 1423 5596 studiosus
1456 5541 1627 5592 lector
1652 5579 1666 5599 ,
1707 5541 1818 5594 luec
1854 5541 1922 5594 ab
1960 5541 2287 5609 imperatum
2339 5550 2454 5592 sta-

892 5621 1006 5665 tuta
1084 5628 1208 5666 esse
1280 5620 1400 5680 post
1478 5611 1756 5664 decretum
1833 5612 2049 5664 concilii
2123 5609 2456 5680 Cangrensis

893 5699 1008 5750 Cui).
1053 5684 1136 5736 17.

963 5754 1073 5825 \Lﬁl)
1135 5754 1486 5822 ’ξ’περορὶαν
1530 5753 1732 5824 φυγὴν
1785 5755 2080 5822 librarium
2157 5749 2459 5806 κατεδίκα·

2562 4905 2723 4962 male.
2768 4911 2825 4957 ut
2850 4903 3067 4972 Opinor.
3121 4901 3288 4972 Porro
3322 4901 3623 4957 Eunomius
3669 4918 3775 4956 non
3808 4903 4131 4972 Constanti-

2564 4975 2779 5044 nopoli,
2843 4970 2902 5027 ut
2954 4974 3145 5028 scribit
3201 4970 3570 5044 ngomenus,
3633 4973 3726 5026 sed
3789 4971 4138 5030 Chalcedone

2564 5041 2990 5115 degebatatunc
3022 5059 3143 5098 cum
3176 5059 3204 5097 a
3241 5041 3550 5115 Theodosio
3591 5044 3795 5115 missus
3823 5053 3908 5115 est
3947 5045 3999 5097 in
4034 5061 4135 5099 ex.

2565 5113 2768 5170 silium.
2815 5114 3012 5170 Missus
3058 5121 3141 5169 est
3183 5123 3360 5168 autem
3401 5114 3453 5166 in
3498 5114 3755 5182 oppidum
3804 5113 4006 5168 Moesia:
4066 5115 4134 5168 ad

2567 5186 2872 5256 Danubium
2909 5186 3106 5248 situm,
3157 5184 3301 5254 quod
3356 5182 3527 5239 Graeci
3572 5183 3907 5256 Ἀλμυρίδα.
3958 5185 4134 5237 Latini

2563 5272 2691 5311 vero
2751 5255 3111 5310 Salmurialem
3167 5265 3405 5317 vocant,
3465 5265 3686 5324 propter
3744 5255 4133 5312 aspirationem

2563 5343 2683 5396 qiue
2721 5327 2888 5380 estin
2933 5325 3121 5380 Graeco
3171 5325 3456 5379 vocabulo.
3500 5324 3592 5379 Sic
3635 5327 3778 5396 enim
3825 5324 4127 5396 S:ilin_\'n!es-

2566 5395 2685 5449 sum
2753 5398 2942 5451 dicunt
2996 5406 3048 5451 ct
3119 5396 3316 5452 similia
3399 5397 3652 5464 plurima.
3715 5395 3760 5448 A
3826 5395 4131 5448 Salium-ide

2566 5467 2866 5521 Eunomius
2902 5479 3083 5535 postea
3117 5467 3415 5519 translatus
3465 5476 3547 5519 est
3579 5468 3884 5520 Caesaream
3915 5467 4128 5535 Cappa-

2565 5539 2758 5607 dociae,
2794 5538 3254 5605 quenmdmodum
3303 5537 3492 5592 scribit
3537 5537 3952 5607 Philostorgius,
3981 5547 4034 5590 et
4067 5554 4128 5588 ιιι

2564 5625 2630 5664 eo
2664 5606 3023 5676 Nicephorus.

2635 5679 2745 5744 (52)
2805 5680 3118 5746 Εὺτύχιος.
3169 5676 3537 5748 Eupsychium
3590 5676 3734 5732 hunc
3771 5687 3928 5733 vocat
3975 5676 4132 5734 Nico-

2569 5749 2774 5820 phurus
2826 5750 3083 5804 Callistus
3129 5749 3180 5803 in
3214 5750 3352 5803 libro
3386 5765 3481 5813 χιι,
3512 5764 3630 5817 ευρ.
3658 5750 3743 5803 30.
