4460 6634
434 481 573 535 H55

1392 476 1717 536 HISTORIA
1752 476 2308 535 ECCLESIASTICA.
2342 509 2411 520 —
2448 479 2578 535 LIB.
2608 477 2720 535 VII.

3535 480 3674 537 1466

431 603 490 652 ἐν
529 576 1087 650 Κωνσταντινουπόὴι
1140 596 1209 651 τὰ
1240 595 1507 667 Εὐνομίου
1539 597 1771 666 φρονῶν,
1798 598 2004 651 ἐπωνυ-
2035 600 2076 655 Α
2105 605 2192 651 ten

1909 615 2004 650 w-
2035 600 2076 655 A
2105 605 2216 651 tem
2261 595 2553 667 opiniones
2601 612 2726 652 cum
2767 610 2836 651 ne
2868 594 3002 667 ipsis
3044 597 3264 669 quidem
3307 594 3670 655 Eunomianis

438 704 535 755 μον
572 685 719 755 αὐτῷ
751 686 1040 741 κατέλιπεν
1076 687 1305 758 αἵρεσιν.
1337 688 1677 759 Ζητουμένου
1700 690 1807 759 γὰρ
1836 692 1881 741 εί
1905 691 2002 758 τὴν

435 776 668 847 ἐσχάτην
711 776 860 847 ὤραν
908 776 1165 844 γινώσκει
1199 780 1228 831 ὁ
1269 778 1395 842 Υἱὸς
1418 820 1433 844 ,
1470 782 1564 833 καὶ
1618 781 1696 843 είς
1724 781 2001 850 ἀναίρεσιν

432 868 640 927 τούτου,
662 867 769 921 τῶν
791 868 1093 939 εἰρημένων
1120 870 1176 922 ὲν
1201 872 1310 933 τοῖς
1342 871 1693 938 Εὑαγγελίοις
1724 872 1803 924 ὅτι
1842 872 2001 941 μόνος

432 961 460 1012 ὁ
508 960 696 1030 Πατὴρ
731 956 868 1013 οἶδεν
893 998 909 1023 ,
948 961 1279 1015 ἀντικεῖσθαι
1323 962 1653 1025 δοκούντων,
1700 964 2002 1034 ἰσχυρίζετο

436 1048 567 1118 μηδὲ
594 1046 796 1116 ταύτης
819 1051 917 1118 τῆς
944 1048 1195 1117 γνώσεως
1220 1050 1445 1119 ἄμοιρον
1481 1047 1617 1103 εἶναι
1645 1053 1735 1104 τὸν
1772 1051 1999 1117 Υἱδν,ὼς

433 1139 693 1201 ἁνενδεῶς
712 1138 941 1192 λαϐόντα
964 1140 1139 1193 πάντα
1160 1142 1307 1211 παρὰ
1323 1140 1414 1194 τοῦ
1433 1143 1660 1211 Πατρός.
1680 1142 1768 1213 Μὴ
1792 1159 2002 1214 προσιε-

435 1232 613 1297 μένων
643 1232 699 1285 δὲ
732 1232 822 1284 τὸν
848 1231 1002 1299 λόγον
1033 1232 1139 1285 τῶν
1174 1232 1293 1285 τότε
1331 1232 1685 1303 προεστώτων
1716 1235 1814 1304 τῆς
1850 1234 2001 1303 αἱρέ-

436 1337 591 1386 σεως,
631 1319 819 1374 ἑαυτὸν
850 1320 1088 1391 χωρίσας
1130 1321 1229 1390 τῆς
1277 1321 1577 1387 κοινωνίας,
1614 1322 1839 1389 ἀφίκετο
1864 1322 1999 1392 πρὸς

403 1412 409 1417 ’
434 1412 693 1481 Εὐνόμιον
722 1413 782 1463 ὲν
810 1414 876 1481 τῇ
906 1412 1167 1483 ὑπερορίᾳ
1194 1412 1340 1465 ὄντα.
1385 1411 1789 1475 Καταλαϐόντος
1811 1413 1865 1466 δὲ
1899 1413 1996 1484 ἢδη

426 1502 675 1561 διακόνου
707 1502 800 1557 καὶ
824 1503 1041 1573 ἑτέρων,
1072 1505 1120 1556 οἳ
1161 1505 1225 1556 ἐκ
1255 1504 1354 1574 τῆς
1384 1504 1998 1568 Κωνσταντινουπόλεως

432 1594 838 1663 ἀπεστάλησαν,
876 1593 1146 1648 διαϐαλεῖν
1172 1610 1231 1647 τε
1265 1595 1445 1661 αὐτὸν,
1477 1595 1571 1647 καὶ
1605 1596 1654 1647 εἰ
1692 1596 1872 1665 δεήσοι
1894 1595 1999 1647 δια-

431 1683 704 1753 λεξόμενοι
738 1682 872 1752 (55),
912 1682 1098 1753 μαθὼν
1136 1682 1397 1752 Εὑνόμιος
1425 1684 1509 1752 ἐφ’
1537 1674 1581 1750 ᾧ
1614 1681 1993 1752 παρεγένοντο,

429 1774 555 1836 τοὺς
584 1774 843 1844 Εὑτυχίου
884 1773 1073 1841 λόγους
1099 1771 1347 1843 ἐπῄνεσε.
1368 1775 1477 1827 Καὶ
1499 1773 1798 1843 συνηύξατο
1825 1773 1994 1841 αὐτῷ,

430 1867 632 1937 καίπερ
658 1867 719 1922 οὐ
754 1866 971 1937 θεμιτὸν
1007 1870 1063 1918 ὲν
1106 1866 1289 1929 αὐτοῖς
1316 1865 1426 1936 (54)
1448 1906 1461 1927 ,
1504 1864 1852 1934 συνεύχεσθαι
1884 1867 1996 1928 τοῖς

2109 688 2368 743 ferendus
2416 688 2717 750 videretur,
2770 702 2834 742 ei
2882 702 3070 741 eorum
3129 687 3373 745 Ecclesia
3424 687 3671 757 ejectus,

2110 782 2363 835 haeresim
2424 782 2664 836 nominis
2723 780 2807 837 sui
2852 781 3114 835 condidit.
3170 780 3280 836 Nec
3335 781 3508 836 multo
3548 791 3668 852 post

2108 869 2409 940 Eutycliius
2456 870 2676 941 quidam
2723 886 2788 926 ex
2834 871 3301 929 Eunomianorum
3352 882 3522 938 secta,
3572 871 3671 925 de-

2107 983 2241 1038 gens
2287 966 2785 1039 Constantinopoli,
2841 969 3087 1024 haeresim
3134 972 3363 1026 alteram
3417 985 3520 1025 suo
3565 985 3669 1024 nu-

2106 1056 2252 1111 mine
2298 1058 2625 1128 appellatam
2676 1061 2914 1129 reliquit.
2966 1059 3103 1114 Nam
3147 1074 3272 1115 cum
3330 1068 3672 1131 qumreretur

2107 1158 2294 1204 utrum
2347 1150 2523 1206 Filius
2573 1152 2849 1221 cognitam
2901 1151 3141 1224 haberet.
3181 1152 3368 1205 horam
3421 1151 3667 1207 novissi-

2106 1255 2274 1304 mam,
2308 1251 2362 1296 et
2407 1241 2576 1295 verba
2610 1242 2702 1295 illa
2743 1240 3044 1312 Evangelii,
3076 1242 3274 1311 quibus
3320 1242 3473 1296 solus
3507 1240 3668 1296 Pater

2104 1344 2225 1384 eam
2253 1330 2442 1384 horam
2481 1345 2645 1386 nosse
2674 1330 2899 1397 dicitur,
2931 1332 2985 1386 id
3022 1348 3220 1408 negare
3249 1333 3568 1388 viderentur
3601 1333 3673 1389 de

2105 1420 2273 1487 Filio;
2311 1421 2403 1476 ille
2442 1423 2682 1476 asseruit
2733 1420 2933 1476 Filium
2959 1438 3026 1476 ne
3054 1423 3219 1492 hujus
3247 1424 3468 1494 quidem
3489 1425 3670 1480 scien-

2105 1512 2195 1565 tize
2231 1518 2507 1580 expertem
2549 1526 2693 1573 esse,
2728 1512 2934 1580 quippe
2963 1512 3057 1581 qui
3110 1520 3313 1566 cuncta
3359 1514 3479 1568 sine
3508 1528 3670 1568 exce-

2103 1601 2290 1671 ptione
2328 1616 2359 1654 a
2390 1596 2550 1655 Patre
2582 1601 2913 1669 accepisset.
2961 1598 3065 1655 Sed
3109 1615 3237 1654 cum
3288 1609 3452 1656 secta:
3480 1603 3668 1655 Euno-

2103 1690 2414 1744 mianorum
2465 1688 2741 1743 antistites
2782 1702 2903 1742 eam
2950 1688 3279 1743 sententiam
3324 1705 3432 1743 non
3476 1690 3668 1760 proba-

2102 1790 2255 1839 rent,
2292 1765 2530 1846 seipsum
2582 1790 2612 1829 a
2657 1776 2996 1847 reliquorum
3035 1780 3425 1837 communione
3475 1783 3667 1851 sejun-

2103 1883 2271 1938 gens,
2316 1867 2383 1921 ad
2425 1866 2749 1921 Eunominm
2790 1868 2883 1936 qui
2916 1876 3026 1922 tum
3061 1869 3114 1922 in
3155 1872 3351 1925 exsilio
3392 1872 3665 1943 degebat,

429 1958 685 2027 ἀλλαχόθι
720 1958 843 2028 δίχα
887 1958 1231 2027 γραμμάτων
1283 1960 1732 2027 ἀφικνουμένοις,
1772 1959 1809 2012 ἃ.
1862 1960 1997 2029 πρὸς
2029 1951 2068 2005 Β
2099 1974 2190 2028 per

1901 1960 1997 2029 τρὸς
2029 1951 2068 2005 Β
2099 1959 2362 2028 perrexit.
2397 1956 2533 2012 Cum
2572 1965 2753 2012 autem
2786 1958 3054 2012 diaconus
3083 1969 3136 2013 et
3161 1961 3255 2013 alii
3284 1962 3504 2029 quidam
3540 1978 3662 2016 eum

433 2050 573 2116 σφᾶς
600 2048 797 2111 αὐτοὺς
829 2048 1111 2117 ὁμοδόξους
1147 2047 1311 2117 δηλοῖ,
1335 2048 1422 2100 διὰ
1460 2049 1698 2117 σημείων
1730 2050 1998 2119 ἐγγραφο-

435 2140 610 2209 μένων
642 2141 760 2202 ταῖς
806 2140 1135 2201 ἐπιστολαῖς,
1170 2138 1458 2207 ἀγνώστων
1507 2143 1619 2203 τοῖς
1646 2139 1845 2201 ἄλλοις.
1887 2140 1999 2193 Οὐκ

430 2236 509 2297 είς
538 2217 755 2304 ’μακρὰν
780 2233 837 2287 δὲ
860 2231 1064 2301 ταύτης
1095 2231 1191 2301 τῆς
1224 2230 1498 2301 ζητήσεως
1542 2230 1798 2300 Εὐνομίου
1818 2231 2000 2283 τελευ-

429 2327 710 2396 τήσαντος,
740 2325 799 2380 οὐ
829 2324 1078 2395 προσίετο
1104 2323 1195 2375 τὸν
1228 2322 1482 2391 Εὐτύχιον
1519 2324 1548 2375 ὁ
1590 2322 1865 2393 προεστὼς
1902 2323 1998 2392 τῆς

431 2416 489 2468 ἑν
544 2414 1107 2468 Κωνσταντινουπόλει
1172 2412 1472 2484 αἱρέσεως,
1507 2413 1612 2465 ὑπὸ
1673 2412 1998 2483 ζηλοτυπίας

430 2505 901 2575 ἀπεχθανόμενος,
938 2504 1019 2556 ὃτι
1068 2502 1200 2573 μηδὲ
1246 2488 1517 2572 κληρικοῦ
1551 2503 1701 2567 ὄντος
1759 2504 1999 2567 ἐναντίος

430 2594 567 2650 εἶναι
620 2595 931 2657 σπουδάζων
972 2596 1084 2657 τοῖς
1111 2593 1300 2647 ιαύτοῦ
1343 2592 1540 2661 λόγοις,
1574 2595 1670 2665 οὐχ
1694 2590 1804 2658 οἷός
1845 2612 1904 2648 τε
1931 2591 1997 2666 ἦν

428 2686 665 2742 διαλύειν
689 2688 750 2739 τὸ
778 2684 1085 2755 πρόϐλημα.
1118 2683 1395 2737 Ἐντεῦθεν
1425 2701 1484 2737 τε
1518 2684 1651 2754 μετά
1673 2685 1780 2737 τῶν
1801 2685 1998 2754 ὁμοίως

430 2780 581 2849 αὑτῷ
595 2776 949 2849 φρονούντων,
969 2778 1048 2840 εἰς
1066 2776 1196 2829 ἰδίαν
1217 2776 1423 2848 αἵρεσιν
1440 2776 1705 2845 ἐχωρίσθη
1724 2775 1996 2846 Εὐτύχιος.

431 2872 544 2941 Τῆς
564 2872 744 2942 μέντοι
770 2869 899 2939 περὶ
914 2870 1011 2939 τὴν
1037 2868 1183 2921 θείαν
1210 2868 1459 2937 βάπτισιν
1488 2867 1819 2941 διαφορᾶςω,
1840 2868 2000 2922 αὐτόν

429 2977 490 3015 τε
521 2963 615 3016 καὶ
639 2960 956 3030 Θεοφρόνιον
987 2959 1015 3010 ὁ
1048 2957 1213 3020 πολὺς
1244 2956 1406 3029 λόγος
1429 2956 1754 3010 ἐπαιτιᾶται.
1786 2957 1920 3010 Τάδε
1942 2956 2001 3021 ἐξ

432 3046 507 3110 ὧν
560 3052 838 3122 ἐπυθόμην
868 3049 1118 3121 ἔγραψα,
1164 3047 1298 3118 πρὸς
1335 3047 1600 3117 σύντομον
1645 3046 1849 3116 εἴδησιν
1891 3046 2001 3099 τῶν

432 3144 644 3207 αἰτιῶν,
675 3143 767 3211 ἀφ’
794 3135 868 3196 ὧν
899 3139 1221 3210 Εὑνομιανοὶ
1265 3136 1612 3210 διῃρέθησαν.
1668 3136 1999 3202 Ἐπεξελθεῖν

431 3237 488 3291 δὲ
523 3236 731 3297 πάντας
754 3234 880 3296 τοὺς
911 3231 999 3285 διὰ
1022 3230 1177 3287 τοῦτο
1215 3229 1531 3299 κινηθέντας
1557 3227 1762 3296 λόγους,
1790 3228 1998 3298 μακρὸν

435 3330 503 3391 ἂν
528 3328 645 3397 εἴη·
674 3326 841 3396 κάμοὶ
869 3325 925 3382 δὲ
959 3325 1019 3377 οὐ
1055 3322 1251 3393 ῥᾴδιον,
1286 3320 1408 3373 ἐπεὶ
1430 3319 1562 3389 μηδὲ
1591 3320 1863 3389 ἐμπείρως
1893 3319 1998 3388 ἔχω

432 3420 545 3473 τῶν
595 3418 850 3472 τοιούτων
886 3414 1191 3479 διαλέξεων.
1221 3414 1354 3482 Περὶ
1392 3412 1449 3466 δὲ
1480 3412 1663 3463 τοῦτον
1690 3412 1782 3463 τὸν
1814 3412 1998 3481 χρόνον

433 3512 527 3563 καὶ
552 3513 662 3573 τοῖς
690 3500 745 3561 ὲν
775 3504 1333 3561 Κωνσταντινουπόλει
1363 3504 1655 3574 Ἀρειανοῖς
1678 3502 1881 3572 ἀνεφύη
1907 3503 2001 3571 ξή-

430 3618 618 3670 τησις,
660 3600 708 3651 εἰ
739 3601 867 3668 πρὶν
894 3593 1030 3649 εἶναι
1057 3595 1147 3649 τὸν
1178 3594 1325 3657 Υίὸν,
1356 3594 1431 3656 ὡς
1457 3592 1517 3656 ἐξ
1541 3594 1639 3645 οὐκ
1672 3592 1839 3645 ὄντων
1871 3590 1997 3660 παρ’

432 3691 615 3753 αὐτοῖς
662 3687 1107 3759 ὁμολογούμενον,
1157 3686 1369 3739 δύναιτο
1418 3683 1698 3740 καλεῖσθαι
1744 3683 1932 3753 Πατὴρ
1971 3683 1998 3736 ὁ

431 3782 727 3845 ΘεόςυΚαὶ
764 3777 1034 3850 Δωρόθεος
1068 3780 1184 3849 μὲν,
1215 3779 1272 3842 ὃς
1301 3778 1420 3831 ἀντὶ
1457 3776 1693 3847 Μαρίνου
1727 3776 1995 3845 μετακλη-

433 3876 547 3940 θεὶς
576 3877 640 3929 ὲκ
690 3874 791 3944 τῆς
834 3873 1179 3942 Ἀντιοχείας,
1219 3871 1510 3941 προΐστατο
1539 3868 1740 3937 ταύτης
1773 3868 1873 3936 τῆς
1908 3868 1996 3920 αἱ·

435 3967 655 4039 ρὲσεως,
688 3966 763 4029 ὡς
806 3965 941 4035 πρός
988 3981 1040 4017 τι
1086 3963 1178 4016 τοῦ
1230 3963 1491 4031 ὀνόματος
1532 3961 1702 4025 ὄντος,
1739 3960 1867 4030 πρὶν
1908 3959 1997 4013 τὸν

433 4059 563 4112 Υἱὸν
593 4059 915 4127 ὑποστῆναι,
954 4056 1027 4126 μὴ
1061 4055 1339 4108 καλεῖσθαι
1372 4053 1586 4123 Πατέρα
1616 4053 1707 4105 τὸν
1732 4051 1863 4105 Θεὸν
1889 4052 1995 4105 ἀπ-

433 4154 686 4223 εφήνατο.
727 4153 963 4223 Μαρῖνος
989 4150 1077 4215 δὲ,
1105 4149 1406 4202 τούναντίον
1439 4147 1760 4218 ἰσχυρίζετο,
1794 4148 1886 4200 καὶ
1923 4146 1995 4217 μὴ

435 4245 740 4312 ὑφεστῶτος
783 4243 875 4296 τοῦ
910 4242 1057 4307 Υἱοῦ,
1093 4242 1312 4313 Πατέρα
1354 4242 1442 4295 ἀεὶ
1476 4238 1615 4294 εἶναι
1658 4240 1749 4294 τὸν
1779 4242 1997 4311 Πατέρα

432 4337 710 4404 ἐδόξαζεν·
751 4337 783 4409 ἢ
837 4335 1008 4399 οὕτως
1037 4335 1174 4405 ἔχων
1207 4334 1450 4405 γνώμης,
1493 4334 1689 4404 ἢκαθὸ
1736 4333 1997 4404 Δωροθέῳ

2100 2051 2529 2121 praeveniSsent,
2569 2063 2633 2103 ex
2679 2048 2817 2103 urbe
2850 2048 3467 2119 Constantinopolitano
3510 2055 3664 2109 missi

2100 2150 2157 2197 nt
2195 2144 2373 2211 ipsum
2406 2149 2775 2207 accusarent,
2825 2149 2918 2195 aut
2950 2142 2997 2195 si
3030 2157 3168 2213 opus
3209 2142 3384 2208 foret,
3425 2160 3550 2199 cum
3598 2162 3665 2201 eo

2096 2236 2481 2305 disputarent,
2537 2234 2839 2288 Eunomius
2887 2234 3091 2287 certior
3136 2234 3315 2289 lactus
3367 2237 3528 2305 cujus
3585 2238 3663 2292 rei

2096 2339 2264 2381 causa
2296 2326 2605 2389 venissent,
2634 2324 2886 2395 Eutycbii
2912 2326 3238 2379 sententiam
3264 2328 3662 2395 comprobavit.

2096 2415 2236 2482 Quin
2298 2415 2460 2470 etiam
2502 2428 2612 2468 una
2651 2428 2778 2467 cum
2820 2414 2915 2469 illo
2955 2415 3163 2478 oravit,
3203 2417 3457 2484 quamvis
3507 2416 3663 2473 nel‘as

2096 2511 2169 2564 sit
2204 2509 2345 2578 apud
2382 2507 2532 2577 ipsos
2567 2521 2728 2560 orare
2765 2521 2896 2560 cum
2956 2506 3027 2562 iis
3077 2509 3170 2577 qui
3218 2508 3439 2564 aliunde
3496 2509 3666 2565 adve-

2095 2601 2255 2656 niunt
2285 2600 2493 2669 absque
2527 2598 2761 2661 litteris,
2796 2614 2917 2669 quae
2952 2598 3080 2654 illos
3114 2614 3227 2654 sua:
3260 2600 3663 2657 communionis

2095 2709 2220 2749 esse
2242 2700 2513 2747 testantur
2538 2705 2631 2759 per
2655 2698 2813 2744 notas
2835 2689 3096 2760 quasdam
3115 2692 3317 2747 litteris
3340 2691 3662 2762 inscriptas,

2097 2797 2219 2851 quae
2248 2782 2475 2850 reliquis
2513 2780 2712 2849 ignota:
2759 2789 2913 2836 sunt.
2967 2779 3140 2836 Porro
3185 2796 3309 2836 cum
3362 2784 3667 2840 Eunomius

2099 2889 2206 2927 non
2239 2872 2331 2926 diu
2368 2880 2491 2943 post
2526 2874 2668 2927 banc
2701 2873 3135 2928 controversiam
3170 2889 3201 2931 e
3231 2874 3374 2930 vivis
3404 2874 3664 2944 abiisset,

2098 2966 2146 3021 is
2193 2965 2286 3034 qui
2335 2963 2696 3020 Eunomianis
2764 2964 3090 3034 praesidebat
3143 2964 3664 3038 Constantinopoli,

2099 3054 2425 3127 Eutycliium
2466 3054 2756 3110 admittere
2800 3054 3112 3120 recusavit,
3160 3072 3271 3127 pra:
3317 3058 3525 3113 invidia
3582 3059 3665 3114 illi

2103 3146 2389 3211 infensus,
2444 3146 2590 3215 quod
2643 3161 2768 3200 cum
2821 3148 3186 3203 assertionem
3238 3149 3391 3205 illius
3448 3151 3544 3221 qui
3597 3166 3669 3208 ne

2100 3238 2337 3292 clericus
2388 3237 2608 3307 quidem
2641 3246 2794 3302 erat,
2844 3239 3048 3294 acriter
3102 3241 3422 3311 impugnare
3463 3243 3666 3312 vellet,

2099 3328 2456 3397 qumtionem
2488 3329 2703 3384 solvere
2738 3330 2963 3385 minime
2994 3331 3289 3401 potuisset.
3317 3332 3397 3387 Ex
3434 3348 3502 3389 eo
3530 3342 3669 3391 tem-

2098 3437 2229 3490 pore
2262 3420 2559 3490 Eutychius
2591 3436 2714 3476 cum
2743 3422 2813 3478 iis
2862 3423 2956 3492 qui
3006 3426 3339 3481 sententiam
3370 3427 3547 3497 ipsius
3581 3444 3669 3485 se-

2098 3512 2425 3580 quebantur,
2454 3512 2721 3568 secedens
2744 3552 2760 3578 ,
2787 3514 3122 3582 peculiarem
3151 3524 3359 3572 sectam
3382 3518 3663 3574 conﬂavit.

2098 3601 2256 3657 Hunc
2276 3617 2436 3672 porro
2451 3609 2504 3656 et
2524 3602 2992 3675 Theophronium,
3012 3608 3260 3679 plerique
3280 3610 3550 3666 alilrmant
3571 3628 3669 3667 au-

2097 3701 2279 3749 ctores
2313 3693 2487 3749 fuisse
2517 3695 2640 3763 ejus
2673 3696 3060 3767 discrepantia:
3080 3739 3096 3764 ,
3127 3715 3247 3770 quae
3275 3709 3360 3757 est
3386 3701 3531 3771 apud
3561 3701 3669 3756 Eu-

2100 3789 2391 3843 nomianos
2415 3788 2470 3842 in
2503 3788 2772 3844 tradendo
2801 3804 2964 3845 sacro
2993 3790 3340 3861 baptismate.
3358 3795 3535 3862 Atque
3555 3795 3669 3849 haec

2100 3890 2262 3948 prout
2294 3880 2536 3949 comperi
2557 3920 2573 3945 ,
2602 3880 2844 3936 breviter
2869 3882 3216 3952 conscripsi,
3255 3892 3313 3937 ut
3344 3884 3505 3956 303
3535 3900 3668 3940 cau-

2100 3984 2207 4031 sae,
2240 3977 2460 4040 pr0pter
2485 3985 2625 4040 quas
2663 3971 2988 4028 Eunomiani
3026 3974 3170 4030 inter
3199 3991 3259 4031 se
3292 3976 3459 4033 divisi
3492 3986 3623 4033 sunt
3649 4021 3663 4045 ,

2101 4065 2414 4118 summatim
2444 4074 2933 4134 eognoscerentur.
2970 4067 3171 4124 Omnes
3218 4076 3399 4123 autem
3442 4077 3668 4123 contro-

2101 4155 2310 4210 versias
2337 4170 2459 4223 quae
2487 4155 2554 4210 de
2593 4155 2695 4210 hac
2734 4172 2793 4210 re
2831 4166 2995 4213 motae
3021 4166 3186 4223 sunt,
3224 4158 3542 4229 singillatim
3570 4174 3667 4213 e1»

2103 4246 2310 4315 plicare
2348 4246 2618 4316 prolixum
2664 4255 2810 4303 esset
2848 4268 2862 4303 :
2909 4264 2973 4303 ac
3001 4248 3132 4303 mihi
3164 4249 3383 4318 quidem
3414 4248 3667 4313 diﬂicile,

2103 4338 2307 4408 quippe
2360 4340 2457 4409 qui
2515 4339 2831 4410 bnjusmodi
2892 4341 3329 4412 disputationum
3387 4340 3669 4413 haudqua-

1624 4491 1894 4548 VALESH
1934 4492 2477 4551 ANNOTATIONES.

503 4584 614 4653 (55)
634 4585 701 4637 El
718 4581 927 4652 δεήσοι
947 4580 1655 4653 διαλεξόμενοιζιηνεοὰὶρθ
1688 4582 1984 4637 Fuketiano
2018 4586 2062 4642 D

2162 4586 2273 4649 (54)
2308 4590 2389 4642 Οὐ
2433 4589 2671 4656 θεμιτὸν
2720 4590 2790 4642 ἐν
2845 4589 3067 4655 αὐτοῖς.
3134 4588 3349 4646 Mallem
3412 4591 3653 4647 scribere

433 4651 697 4729 scriptum
718 4654 893 4729 inveni
915 4653 1336 4729 διαζευξόμενοι.
1362 4651 1799 4729 Vu_|gata__tamen
1823 4654 1986 4707 lecti‘o
2089 4657 2194 4709 καί

1325 4695 1336 4708 .
1362 4651 1799 4729 Vu_lgata__tamen
1823 4654 1986 4707 lecti‘o
2089 4657 2294 4727 καίπερ
2330 4658 2392 4710 οὐ
2427 4651 2644 4729 θεμιτὸν
2672 4658 2732 4713 ὃν
2756 4659 2957 4723 αὐτοῖς,
2982 4651 3086 4714 etc.

432 4727 619 4782 sanior
649 4724 885 4790 videtur,
902 4739 1063 4795 quam
1080 4724 1369 4779 conlirmat
1385 4722 1547 4778 etiam
1569 4722 1931 4793 Nicepliorus.

1860 4890 2245 4948 VARIORUM.

502 5003 542 5029 ¹¹¹
576 4993 690 5058 Τῆς
724 4993 929 5061 μέντοι
962 4992 1093 5060 περὶ
1138 4991 1251 5059 τὴν
1284 4988 1764 5061 θείαννβάπτισιν
1785 4989 1992 5061 διαφο-

428 5066 569 5137 ρᾶς,
613 5058 781 5137 Aluic;
813 5064 907 5116 καὶ
943 5058 1044 5137 τοῦ
1071 5058 1265 5137 ῌὰγίου.
1301 5060 1695 5137 βαπτίσματος-
1726 5058 1992 5127 ἀνέτρεψε

430 5130 523 5188 ξδν
550 5134 809 5187 ἀνέκαθεν
829 5134 978 5204 παρά
1007 5131 1328 5204 τοῦ-Κυρίου
1352 5130 1444 5182 καὶ
1474 5130 1993 5204 ἀποστόλων-παρα-

431 5205 651 5258 δοθέντα
674 5204 869 5273 θεσμόν
901 5200 971 5243 ἑ-
995 5234 1062 5242 -—
1096 5200 1604 5273 ldemlEunmnius)
1641 5201 1996 5273 sanctietiam

434 5270 783 5341 baptismatis
808 5275 968 5343 legem
1009 5275 1133 5326 olim
1171 5289 1201 5324 a
1242 5270 1469 5323 Domino
1515 5281 1562 5324 et
1599 5272 1850 5343 apostolis
1886 5280 1997 5321 tra-

433 5346 604 5398 ditam
654 5342 871 5405 evertit,
926 5353 974 5397 et
1016 5346 1341 5396 contrarium
1400 5350 1574 5408 aperte
1626 5342 1841 5400 sanxit.
1894 5355 1998 5392 non

434 5424 673 5481 oportere
707 5417 883 5469 dicens
916 5424 992 5466 ter
1022 5414 1175 5466 illum
1206 5414 1507 5479 immergere
1553 5413 1640 5479 qui
1673 5411 1997 5481 baptizatur,

434 5480 525 5539 nec
576 5493 818 5543 invocare
868 5484 1214 5543 Trinitatem,
1273 5481 1360 5535 sed
1408 5482 1565 5534 semel
1628 5481 1895 5547 baptizare
1944 5480 2001 5531 in

435 5557 636 5610 (.hristi
681 5565 920 5608 mortem.
977 5552 1319 5621 Baptizantes
1358 5568 1473 5605 vero
1516 5568 1674 5615 usque
1714 5550 1780 5603 ad
1820 5559 2001 5619 pectus

436 5644 577 5694 aqua
603 5626 983 5689 madefaciunt,
1016 5625 1230 5691 reliquis
1272 5632 1445 5694 autem
1474 5622 1716 5694 partibus
1747 5632 1999 5694 tanquam

434 5690 770 5750 eisecrandis
792 5711 982 5761 aquam
1007 5690 1248 5747 adhibere
1269 5693 1559 5759 prohibent.
1585 5691 1700 5756 Qua
1730 5690 1792 5745 de
1817 5707 2002 5751 causa,

438 5766 647 5836 quando
680 5768 735 5820 in
764 5768 897 5820 solio
930 5765 1289 5831 baptizabant,
1352 5763 1609 5836 hominem
1667 5772 1817 5814 extra
1869 5761 2001 5836 illud

439 5832 762 5899 statuentes,
832 5837 943 5905 ejus
988 5845 1140 5903 caput
1194 5850 1352 5902 usque
1396 5834 1462 5886 ad
1509 5842 1686 5899 pectus
1731 5832 1888 5905 semel
1950 5832 2003 5883 in

443 5925 634 5976 aquam
671 5904 1047 5972 drpriniebmit.
1087 5905 1368 5973 Postquam
1415 5913 1587 5956 autent
1619 5904 1832 5971 contigit
1874 5918 2000 5954 sau-

2098 4991 2230 5041 ciari
2251 4990 2548 5057 quempiam
2588 4994 2753 5056 capite
2793 4986 2862 5039 ad
2891 4987 3084 5059 solium
3127 4988 3291 5050 illisa,
3325 4989 3474 5043 aliud
3505 5005 3666 5059 genus

2100 5055 2430 5126 baptismatis
2488 5061 2873 5128 exeogitarunt.
2946 5055 3008 5109 In
3067 5059 3313 5112 subsellio
3369 5055 3670 5125 enim'quo-

2100 5131 2223 5182 dam
2278 5144 2500 5197 pronum
2559 5131 2819 5183 hominem
2878 5128 3232 5191 extendentes,
3277 5138 3326 5181 et
3356 5139 3507 5181 extra
3537 5130 3670 5180 illud

2104 5210 2258 5268 caput
2280 5196 2564 5268 erigentes,
2602 5216 2790 5269 aquam
2820 5196 3125 5269 infundunt,
3149 5214 3264 5266 qua’
3288 5199 3492 5251 uultum
3524 5198 3667 5269 aliud

2104 5267 2392 5324 membrum
2454 5267 2687 5339 attingit.
2748 5267 2979 5332 Quidam
3022 5284 3178 5335 porro
3232 5270 3443 5339 illorum
3496 5268 3663 5320 alium

2106 5342 2264 5395 etiam
2291 5338 2623 5410 baptismatis
2656 5340 2867 5409 modum
2898 5340 3221 5410 invenerunt.
3264 5338 3509 5393 Tamiani
3532 5339 3671 5391 enim

2110 5408 2471 5480 longissimam
2518 5408 2879 5478 prwparantes
2904 5449 2917 5473 ,
2948 5417 2994 5461 et
3020 5408 3153 5480 hanc
3178 5420 3575 5480 consecrantes,
3610 5425 3672 5460 ea

2108 5478 2363 5534 hominem
2404 5497 2562 5550 usque
2594 5481 2662 5533 ad
2704 5495 2899 5547 ungues
2930 5479 3222 5550 involvunt.
3248 5497 3279 5531 a
3310 5491 3516 5550 pectore
3544 5478 3676 5529 inci.

2109 5553 2323 5619 pientes,
2358 5549 2512 5621 atque
2544 5553 2620 5603 ita
2660 5550 2851 5621 deinde
2892 5563 3083 5621 aquam
3141 5549 3446 5621 infundunt.
3492 5575 3564 5621 -—_
3604 5576 3674 5621 —_-

2114 5624 2217 5676 Sed
2264 5634 2311 5675 et
2369 5618 2515 5675 aliud
2572 5622 2761 5674 audere
2812 5618 2931 5671 illos
2999 5618 3214 5682 dicunt,
3271 5619 3408 5688 quod
3463 5618 3678 5688 scriptio

2112 5694 2433 5747 committere
2471 5710 2569 5746 non
2603 5692 2795 5745 ausint.
2847 5688 3046 5755 Sit/ﬁcit
3079 5690 3216 5742 enim
3242 5685 3309 5742 ad
3336 5685 3673 5757 polluendum

2113 5761 2344 5816 animum
2377 5766 2451 5817 vel
2483 5766 2596 5816 sola
2620 5764 2691 5814 rei
2726 5760 2941 5825 nefaria;
2965 5761 3188 5816 auditio.
3224 5756 3431 5815 TllBOd.
3466 5756 3648 5811 Horn.

2113 5835 2241 5894 [altu
2279 5836 2367 5888 lib.
2414 5852 2480 5897 tv,
2522 5834 2626 5891 l'nb.
2667 5835 2717 5887 5.
