4460 6634
809 433 834 488 1
854 432 944 489 167
1390 502 1393 504 γ
2262 437 2570 496 SOZOME’.‘

2327 437 2608 495 )ZOMENI
3938 429 3966 483 ξ
3983 426 4088 484 ;68

802 565 970 622 quam
1010 549 1220 622 peritus
1259 551 1384 608 sim.
1423 550 1530 610 Per
1579 553 1725 609 idem
1777 554 1896 612 fere
1947 563 2193 628 tempus,
2241 559 2384 616 inter
2411 566 2454 621 A
2484 561 2563 616 διά

2326 574 2384 616 er
2411 566 2454 621 A
2484 561 2739 635 διάφορος
2787 556 2895 634 ἦν,
2953 560 3304 634 προκριθέντι
3359 555 3693 629 προεστάναι
3745 552 3848 624 τῆς
3894 548 4087 606 αὐτῶν

801 642 1039 698 Arianos
1085 658 1308 714 quoque
1335 642 1812 715 Constantinopoli
1851 646 2113 716 degentes
2151 649 2384 721 quaestio
2485 654 2562 706 ’E:

2326 649 2384 704 io
2485 654 2836 722 Ἐκκλησίας.
2867 652 2964 707 Ἐκ
3004 651 3212 723 ταύτης
3239 651 3297 705 δὲ
3327 650 3425 720 τῆς
3457 647 3670 711 αἰτίας,
3697 645 3774 708 εις
3808 643 4087 712 ἑκάτερον

801 741 996 788 exorta
1026 740 1112 788 est
1158 742 1366 797 utrum,
1400 741 1698 804 antequam
1753 733 1929 792 Filius
1975 745 2155 805 esset,
2209 738 2384 809 siqui-
2482 744 2561 798 διε

2339 738 2384 792 ί·
2482 744 2725 816 διεκρίθη
2755 744 2816 797 τὸ
2845 745 3066 815 πλῆθος.
3103 744 3379 815 Δωροθέου
3416 743 3475 796 δὲ
3504 741 3602 794 σὺν
3629 741 3742 802 τοῖς
3776 733 3930 803 αύτῷ
3964 748 4094 788 mh

801 823 928 880 dem
959 823 1113 878 illum
1139 840 1207 881 ex
1237 824 1410 880 nihilo
1439 834 1623 881 ortum
1651 842 1774 883 esse
1798 827 2070 883 aﬂirniant
2091 868 2106 892 ,
2138 830 2385 898 potuerit
2484 835 2562 906 θοι

2323 830 2385 884 rit
2484 835 2732 906 θομένοις
2748 837 2833 906 ἐφ’
2862 830 2936 890 ὧν
2959 838 3212 906 κατεῖχεν
3231 834 3536 904 εὐκτηρίων
3574 831 3740 884 οἴκων
3761 827 4084 898 μείναντος,

802 911 951 968 Deus
989 914 1254 984 appellari
1303 914 1484 972 Pater.
1525 915 1606 971 Ae
1642 917 1951 976 Dorotheus
1988 920 2245 989 quidem,
2285 921 2380 991 qui
2482 924 2563 978 ἑτέ

2326 921 2380 976 ui
2482 924 2701 997 ἐτέρους
2734 927 3190 998 οἰκοδομήσαντες
3226 927 3276 979 οι
3327 924 3474 995 ἀμφὶ
3512 923 3790 993 Μαρῖνον,
3822 918 3933 988 ἰδίᾳ
3982 917 4085 967 ἐκ·

801 1003 1100 1059 Antiocbia
1130 1006 1343 1063 accitus
1375 1008 1432 1062 in
1464 1008 1642 1063 locum
1674 1009 1906 1075 Marini,
1936 1012 2155 1067 Arianis
2187 1013 2379 1083 praesi-
2482 1016 2562 1068 κλτ

2324 1013 2379 1067 »ἰ-
2482 1016 2795 1086 κλησίαζον.
2842 1017 3290 1088 Ἐπωνομόιζοντο
3334 1017 3392 1069 δέ
3421 1013 3759 1086 ψαθυριανοὶ
3791 1011 3914 1081 ἦτοι
3964 1007 4085 1060 τῶν

803 1092 1000 1160 debat,
1028 1109 1153 1150 cum
1189 1099 1389 1154 nomen
1423 1099 1569 1153 istud
1603 1101 1890 1156 relativum
1928 1103 2036 1168 sit,
2075 1111 2376 1173 antequam
2481 1108 2564 1162 Γό·

2324 1119 2376 1159 m
2481 1108 2694 1162 Γότθων
2725 1126 2739 1140 ’
2774 1111 2835 1164 τὸ
2872 1111 2969 1181 μὲν
3019 1113 3100 1165 ὃτι
3145 1109 3467 1179 Θεόκτιστός
3525 1124 3611 1170 τις
3654 1100 4083 1176 Ψαθυροπὼλης

803 1184 978 1243 Filius
1018 1187 1382 1255 subsisteret.
1429 1191 1597 1246 Deum
1631 1209 1737 1249 non
1771 1193 2023 1264 potuisse
2053 1196 2238 1250 vocari
2273 1194 2378 1250 Pa-
2481 1218 2564 1255 ποι

2321 1211 2378 1250 a-
2481 1200 2724 1256 ποπάνου
2752 1204 2808 1257 δὲ
2831 1203 2989 1257 τοῦτο
3015 1203 3078 1258 τὸ
3111 1198 3295 1271 εἶδος),
3318 1200 3617 1274 προθύμως
3640 1197 3810 1268 ταύτῃ
3835 1199 3906 1265 τῇ
3943 1194 4082 1262 δεξῐ]

803 1285 944 1334 trem
974 1282 1372 1350 pronuntiavit.
1408 1280 1657 1339 Marinus
1685 1300 1814 1340 vero
1848 1287 2193 1342 contrarium
2225 1302 2382 1344 asse-
2484 1310 2564 1346 om

2320 1303 2382 1344 e-
2484 1294 2788 1350 συνίστατο.
2820 1295 3030 1350 Γότθων
3065 1295 3146 1357 δὲ,
3193 1294 3380 1348 καθότι
3414 1295 3505 1346 καὶ
3557 1291 3779 1354 Σελίνας
3805 1291 3833 1342 ό
3859 1287 4080 1341 τούτων

798 1369 947 1437 ruit,
976 1379 1032 1426 et
1061 1371 1279 1426 Patrem
1309 1365 1530 1445 semper
1562 1391 1683 1431 esse
1727 1375 1942 1432 Patrem
1966 1418 1982 1440 ,
2027 1379 2192 1433 etiam
2243 1379 2381 1434 Filio
2483 1388 2555 1440 ἐπ

2327 1379 2381 1434 io
2483 1387 2800 1454 ἐπίσκοπος,
2834 1389 3036 1459 ὁμοίως
3094 1387 3367 1452 ἐδόξαζεν.
3405 1382 3977 1453 Ἐπακολουθήσαντες
4016 1377 4081 1431 δὲ

797 1477 910 1518 non
960 1465 1324 1530 subsistente,
1377 1469 1594 1522 censuit
1639 1486 1654 1523 :
1706 1485 1807 1525 seu
1864 1471 2010 1540 quod
2051 1487 2254 1545 revera
2305 1474 2380 1527 ita
2478 1479 2558 1530 τοι

2318 1482 2380 1527 ,ta
2478 1476 2652 1547 τούτῳ
2674 1479 2860 1548 σχεδὸν
2885 1478 3083 1541 πάντες
3118 1477 3408 1549 βάρϐαροι,
3430 1476 3528 1529 σὺν
3557 1475 3739 1537 αὐτοῖς
3771 1471 4079 1541 ἐκκλησία-

797 1555 1064 1620 sentiret,
1105 1572 1200 1613 seu
1234 1558 1361 1626 quia
1402 1559 1653 1616 infensus
1689 1570 1810 1616 erat
1851 1561 2161 1628 DorOtheo,
2193 1565 2288 1634 qui
2324 1565 2380 1622 in
2479 1567 2558 1631 {oi

2324 1565 2380 1622 in
2479 1567 2592 1631 ζον.
2625 1569 2899 1640 Πειθήνιοι
2929 1568 3038 1640 γὰρ
3064 1569 3122 1632 ἐς
3149 1568 3218 1622 τὰ
3249 1567 3487 1638 μάλιστα
3508 1565 3588 1634 τῷ
3611 1563 3809 1632 Σελίνῳ
3835 1561 4079 1630 ἐτύγχα-

799 1649 1152 1719 gubernanda
1190 1650 1518 1706 Arianorum
1555 1653 1803 1710 Ecclesia
1850 1655 1955 1724 ipsi
1998 1658 2264 1726 praelatus
2294 1675 2382 1715 es—
2479 1677 2560 1713 νον

2318 1675 2382 1715 εδ-
2479 1677 2591 1723 νον,
2615 1661 2924 1732 ὑπογραφεῖ
2946 1665 3006 1714 τε
3037 1660 3314 1730 γενομένῳ
3339 1659 3434 1712 καὶ
3456 1657 3686 1726 διαδόχῳ
3707 1654 3951 1722 Οὑλφὶλα
3973 1651 4079 1704 τοῦ

798 1743 905 1793 set.
938 1735 1091 1794 Hanc
1126 1740 1196 1795 ob
1251 1755 1477 1797 causam
1533 1743 1687 1813 plebs
1739 1741 2079 1800 Arianorum
2135 1747 2189 1801 in
2238 1748 2378 1804 duas
2477 1767 2556 1804 πα

2319 1765 2378 1804 as
2477 1751 2612 1820 παρ’
2673 1751 2857 1814 αὐτοῖς
2912 1751 3386 1820 ἐπισκοπήσαντος
3411 1792 3427 1816 ,
3481 1749 3574 1802 καὶ
3625 1747 3720 1800 ἐπὶ
3772 1745 4080 1814 ἐκκλησίας

799 1839 986 1902 partes
1017 1833 1195 1889 divisa
1228 1841 1334 1890 est.
1366 1833 1618 1903 Cumque
1647 1834 1955 1893 Dorotheus
1987 1853 2096 1892 una
2129 1854 2256 1894 eum
2291 1855 2379 1896 se-
2410 1905 2441 1911 _
2484 1840 2560 1892 txa

2319 1857 2379 1896 e-
2410 1905 2441 1911 _
2484 1838 2651 1910 ἱκανῷ
2696 1839 2988 1904 διδάσκειν,
3022 1840 3084 1893 ού
3127 1840 3286 1911 μόνον
3315 1839 3457 1892 κατὰ
3504 1838 3604 1910 τὴν
3635 1839 3864 1909 πάτριον
3889 1835 4080 1889 αὐτῶν

797 1923 1103 1978 ctatoribus
1145 1924 1301 1986 suis,
1355 1924 1410 1979 in
1464 1925 1715 1981 ecclesiis
1781 1940 1923 1997 quas
1995 1939 2370 2000 occupaverat
2408 1905 2450 1961 Β
2481 1947 2558 1996 φω

2322 1939 2370 1985 at
2408 1905 2450 1961 Β
2481 1905 2684 1999 φωνην,
2715 1928 2850 1983 ἀλλὰ
2896 1929 3002 2000 γὰρ
3056 1905 3150 1982 καὶ
3191 1929 3291 2000 τὴν
3339 1905 3634 2000 Ἑλλήνων.
3672 1905 3764 1981 os'
3798 1924 3983 1994 πολλῷ
4017 1925 4083 1978 δε

798 2021 1179 2082 permaneret,
1207 2014 1261 2070 hi
1291 2014 1384 2086 qui
1416 2029 1542 2069 cum
1575 2014 1786 2070 Marino
1813 2026 2004 2084 erant,
2035 2021 2374 2077 constructis
2481 2019 2559 2074 ὗσε

2320 2021 2374 2077 .is
2481 2019 2707 2092 ὕστερον
2743 2021 3006 2091 διαφορᾶς
3029 2024 3157 2093 περὶ
3185 2021 3477 2093 προεδρίας
3510 2019 3812 2090 γενομένης
3836 2017 4081 2089 Μαρξνῳ

798 2105 925 2161 aliis
973 2106 1258 2169 ecclesiis,
1298 2107 1595 2178 separatim
1633 2117 1944 2165 conventus
1976 2121 2229 2182 egerunt.
2264 2112 2376 2170 Vo-
2481 2130 2559 2184 πρ

2320 2129 2376 2170 0-
2481 2112 2618 2184 πρὸς
2657 2113 2938 2182 Ἀγάπιον,
2966 2114 3026 2168 δν
3064 2114 3360 2167 ἐπίσκοπον
3397 2112 3508 2166 τῶν
3546 2113 3605 2165 ἐν
3647 2111 3859 2180 Ἐφέσῳ
3880 2107 4081 2180 ὁμοδό-

799 2195 1076 2251 eabantur
1103 2206 1291 2253 autem
1333 2198 1426 2255 isti
1470 2199 1860 2272 Psathyriani,
1913 2203 2000 2258 vel
2047 2201 2371 2262 Gothorum.
2481 2205 2560 2272 ξω

2322 2221 2371 2262 η.
2481 2205 2587 2272 ξων
2619 2207 2993 2277 ἐχειροτόνησε
3017 2246 3031 2270 ,
3064 2205 3437 2277 διακριθέντες
3482 2204 3751 2275 ἀλλήλων,
3787 2202 4083 2274 μονονουχὶ

795 2286 1142 2360 Psathyriani
1176 2289 1436 2359 quidem,
1484 2301 1783 2364 propterea
1827 2295 1976 2365 quod
2021 2294 2374 2355 Theoctistus
2481 2315 2556 2365 πρ

2318 2313 2374 2355 us
2481 2297 2615 2365 πρὸς
2665 2300 2804 2366 σφᾶς
2856 2298 3176 2368 ἐπολέμουν,
3210 2297 3602 2368 ἐπαμυνόντων
3655 2295 3901 2365 Ἀγαπέῳ
3961 2295 4079 2347 τῶν

794 2379 1022 2450 quidam
1054 2379 1482 2454 Psathyropola,
1530 2391 1614 2440 est
1648 2385 1751 2440 hoe
1780 2385 1985 2456 Pepani
2035 2402 2238 2459 genus,
2275 2405 2375 2460 pro
2480 2389 2555 2441 Γόι

2317 2405 2375 2447 r0
2480 2388 2712 2443 Γότθων.
2749 2391 2842 2443 Ἐκ
2866 2390 3073 2460 ταύτης
3101 2389 3158 2442 δέ
3190 2389 3289 2460 τῆς
3329 2388 3526 2453 αἰτίας,
3560 2387 3782 2456 λέγεται
3839 2385 4078 2448 πολλοὺς

797 2473 901 2530 hac
943 2473 1203 2543 opinione
1247 2476 1448 2530 acriter
1477 2476 1818 2545 decertaret;
1859 2479 2162 2537 Gothorum
2205 2499 2371 2552 vero,
2478 2478 2556 2532 τῶ

2314 2500 2371 2552 ο,
2478 2478 2587 2532 τῶν
2609 2478 2794 2532 ἐνθάδε
2823 2479 3121 2552 κληρικῶν,
3153 2478 3532 2550 μεμφομένους
3557 2478 3656 2548 τὴν
3683 2477 3793 2532 τῶν
3828 2476 4075 2546 ἡγουμέ-

794 2577 862 2616 eo
889 2561 1036 2632 quod
1080 2560 1268 2617 Selina
1317 2562 1623 2620 Gothorum
1672 2568 2000 2639 episcopus,
2053 2570 2197 2626 idem
2248 2588 2373 2628 cum
2479 2587 2555 2624 νω

2310 2589 2373 2628 Im
2479 2587 2586 2624 νων
2643 2569 2980 2641 φιλοτιμίαν,
3033 2573 3098 2640 τῇ
3160 2569 3387 2623 καθόλου
3459 2568 3759 2638 Ἐκκλησία
3800 2569 4071 2636 κοινωνῆ-

795 2653 930 2721 ipsis
964 2655 1215 2710 sentiret.
1249 2654 1454 2712 Omnes
1504 2659 1648 2714 enim
1701 2663 2097 2730 propemodum
2150 2665 2374 2722 barbari
2481 2677 2556 2713 σα

2312 2668 2374 2722 ιιιὶ
2481 2677 2590 2713 σαι.
2621 2653 2750 2713 ’Ὧδε
2783 2661 2880 2730 μὲν
2914 2659 3182 2731 Ἀρειανοὶ⁵
3208 2659 3306 2730 τὴν
3335 2659 3509 2731 ἀρχὴν
3542 2658 3942 2729 ἐχωρίσθησαν,
3972 2659 4073 2711 καὶ

795 2744 944 2799 hunc
976 2757 1304 2815 sequentes,
1337 2763 1460 2802 cum
1507 2749 1630 2805 istis
1680 2752 1945 2809 collectas
1989 2755 2368 2814 celebrabant.
2479 2755 2556 2808 sic

2303 2766 2368 2814 iit.
2479 2755 2646 2808 εἰσέτι
2669 2752 2764 2807 νῦν
2791 2754 2848 2806 ἐν
2877 2747 2967 2816 αἷς
3006 2754 3111 2805 εἰσι
3153 2751 3374 2805 πόλεσιν
3397 2791 3412 2816 ,
3453 2751 3559 2821 ἰδίᾳ
3598 2749 4028 2819 ἐκκλησιάζουσι
4051 2766 4064 2778 ·

797 2837 996 2893 Selium
1024 2840 1229 2910 quippe
1271 2843 1542 2911 parebant
1592 2843 1988 2909 libentissime,
2033 2856 2228 2919 utpote
2273 2851 2369 2921 qui
2477 2849 2558 2901 τοὶ

2315 2851 2369 2906 ui
2477 2849 2605 2911 τοὺς
2656 2846 2713 2900 δέ
2757 2846 2815 2899 ἐν
2862 2845 3458 2907 Κωνσταντινουπόλει,
3485 2844 3580 2896 ἐπὶ
3628 2843 3923 2912 τριάκοντα
3970 2842 4071 2894 καὶ

793 2934 1150 2992 amanuensis
1197 2948 1251 2991 et
1307 2948 1603 2993 successor
1634 2935 1828 2990 fuisset
1858 2934 2090 3010 Ulphilze
2127 2940 2370 3012 ipsorum
2479 2937 2554 2990 πέ⁴

2319 2958 2370 2998 m
2479 2937 2639 2990 πέντε
2685 2936 2827 2989 ἔτεσι
2859 2935 3230 3006 διενεχθέντας
3276 2935 3413 3006 πρὸς
3468 2937 3640 3004 σφᾶς,
3684 2937 3765 2999 είς
3811 2936 4072 3005 ὁμόνοιαν

792 3029 1069 3100 quondam
1105 3030 1386 3100 episcopi,
1427 3040 1482 3086 et
1516 3030 1747 3087 idoneus
1785 3041 1934 3088 esset
1965 3033 2031 3087 ad
2064 3034 2369 3090 docendum
2479 3026 2553 3081 ὖσ

2309 3051 2369 3089 im
2479 3026 2706 3098 ὕστερον
2742 3027 2978 3097 συνῆψεν
3028 3027 3286 3096 όμόδοξος
3330 3026 3407 3081 ὣν
3449 3028 3636 3090 αὐτοῖς
3661 3027 3896 3090 Πλινθᾶς
3925 3026 4070 3094 (55),

795 3121 1055 3189 populum
1089 3120 1144 3174 in
1196 3115 1472 3188 ecclesia,
1524 3137 1634 3176 non
1683 3122 1863 3178 solum
1909 3124 2086 3194 patria
2126 3126 2368 3196 ipsorum
2480 3121 2556 3173 (ivi

2308 3142 2368 3181 1m
2480 3120 2619 3192 ἀνὴρ
2651 3119 2914 3182 ὑπατικὸς
2933 3119 3099 3172 ἵππου
3125 3136 3185 3172 τε
3215 3119 3309 3173 καὶ
3343 3119 3511 3190 πεζῆς
3542 3120 3800 3189 στρατιᾶς
3820 3117 4069 3190 ἡγεμὼν,

794 3213 977 3282 lingua
1001 3250 1015 3275 ,
1048 3227 1239 3266 verum
1267 3212 1432 3268 etiam
1460 3213 1672 3269 Graeca.
1700 3214 1973 3270 Caeterum
2013 3216 2158 3272 haud
2200 3220 2370 3275 multo
2407 3271 2440 3282 ,,
2478 3213 2555 3266 δυη

2315 3227 2370 3275 ιο
2407 3271 2440 3282 Α
2478 3213 2849 3275 δυνατώτατος
2887 3210 3007 3264 τότε
3047 3211 3105 3263 ἐν
3152 3212 3266 3274 τοῖς
3319 3210 3612 3281 βασιλείοις
3650 3210 3910 3279 γεγονώς.
3953 3212 4073 3264 Καὶ

794 3271 919 3372 post
948 3311 1071 3358 orta
1102 3303 1170 3358 de
1200 3303 1436 3373 primatu
1473 3305 1853 3361 controversia
1905 3306 2051 3362 inter
2097 3307 2370 3364 Marinum
2399 3271 2441 3329 ε
2476 3309 2555 3370 εἰς

2318 3271 2370 3364 in
2399 3271 2441 3329 ε
2476 3309 2556 3370 εἰς
2587 3306 2783 3360 ταύτὸν
2819 3271 3180 3367 συνελθόντες,
3222 3271 3558 3374 ἐψηφίσαντο
3586 3271 3674 3374 μή,
3700 3271 3830 3356 ποτε
3860 3271 4071 3373 ταύτην

793 3403 849 3449 et
882 3393 1148 3464 Agapium
1171 3433 1187 3457 ,
1217 3409 1380 3464 quem
1413 3395 1660 3452 Marinus
1689 3406 1851 3457 sectae
1881 3413 1996 3453 sua:
2020 3399 2162 3467 apud
2198 3398 2376 3471 Ephe-
2476 3399 2554 3469 τὴ·

2317 3415 2376 3456 e-
2476 3399 2577 3469 τὴν
2609 3398 2835 3467 ζήτησιν
2868 3395 2948 3459 είς
2979 3394 3209 3458 διάλεξιν
3237 3395 3411 3464 ἄγειν.
3446 3396 3557 3449 Καὶ
3588 3394 3658 3448 τὰ
3688 3395 3809 3465 μὲν,
3839 3393 4072 3465 ὕστερον

794 3501 918 3540 sum
948 3501 1016 3556 ep
1040 3501 1267 3556 scopum
1303 3487 1698 3555 ordinaverat;
1743 3504 1774 3542 a
1819 3505 1879 3545 se
1909 3489 2142 3545 invicem
2189 3507 2378 3562 segre-
2483 3484 2555 3544 ὧδ

1745 3504 1774 3542 a
1819 3505 1879 3545 se
1909 3489 2142 3545 invicem
2189 3507 2378 3562 segre-
2483 3484 2583 3544 ὧδε
2611 3487 2816 3557 ἀπέϐη.

793 3578 940 3647 gati,
973 3579 1176 3634 bellum
1234 3580 1645 3650 quodammodo
1714 3582 1859 3638 inter
1909 3598 1967 3638 se
2010 3595 2341 3654 gesserunt,
2403 3584 2596 3640 Gothis
2649 3579 2854 3650 Agapio
2897 3578 3163 3632 auxilium
3219 3576 3551 3633 ferentibus.
3605 3577 3724 3644 Qua
3781 3577 3850 3634 de
3895 3590 4073 3631 causa

795 3673 1001 3728 multos
1029 3675 1123 3743 qui
1170 3673 1284 3729 illic
1321 3683 1482 3731 erant
1537 3677 1790 3744 clericos,
1847 3681 2145 3748 praesulum
2211 3696 2438 3736 suorum
2480 3677 2839 3733 ambiionem
2892 3674 3250 3729 damnantes.
3327 3673 3395 3727 ad
3449 3673 3715 3730 Ecclesire
3781 3673 4075 3729 catholica

794 3766 1232 3821 communionem
1277 3769 1566 3824 transiisse
1618 3768 1822 3826 lerunt.
1887 3771 2044 3828 Hunc
2099 3773 2154 3827 in
2207 3773 2428 3828 modum
2454 3770 2643 3826 Ariani
2705 3771 2850 3823 inter
2885 3782 2944 3823 se
3000 3769 3239 3838 primum
3290 3765 3455 3823 divisi
3496 3775 3660 3834 sunt,
3709 3776 3766 3822 et
3803 3768 3871 3822 ad
3920 3767 4074 3820 hunc

797 3869 968 3926 usque
997 3858 1143 3912 diem
1214 3859 1268 3914 in
1311 3860 1380 3914 iis
1410 3877 1549 3930 quas
1598 3862 1849 3918 incolunt
1890 3863 2206 3921 civitatibus
2244 3864 2535 3936 separatim
2567 3861 2924 3929 colliguntur.
2959 3859 3066 3914 Eos
3100 3873 3229 3914 vero
3255 3859 3350 3929 qui
3394 3866 3525 3915 sunt
3556 3857 4072 3929 Constantinopoli,

795 3964 921 4004 cum
978 3951 1221 4021 quinque
1267 3967 1331 4007 ac
1400 3954 1624 4024 triginta
1678 3969 1949 4011 annorum
2004 3959 2183 4029 spatio
2258 3959 2400 4013 inter
2457 3970 2516 4011 se
2579 3954 3009 4016 dissensissent,
3065 3951 3120 4006 in
3179 3950 3529 4006 concordiam
3595 3961 3786 4022 postea
3850 3950 4075 4006 reduxit

797 4038 1035 4105 Plintlia,
1083 4057 1150 4097 ex
1215 4043 1480 4110 consule,
1536 4045 1798 4115 magister
1865 4049 2153 4118 utriusque
2217 4047 2445 4112 militiae,
2483 4045 2576 4118 qui
2623 4054 2738 4100 tum
2789 4041 3053 4112 temporis
3105 4043 3160 4097 in
3221 4042 3427 4113 palatio
3476 4043 3772 4112 plurimum
3825 4052 4069 4117 poterat.

796 4135 973 4204 Atque
1032 4136 1110 4191 illi
1177 4153 1301 4192 mox
1357 4139 1411 4192 in
1464 4155 1636 4194 unum
1688 4142 2036 4211 congregati,
2089 4142 2452 4198 decreverunt
2530 4139 2814 4196 communi
2881 4137 3176 4209 suffragio,
3238 4151 3308 4192 ne
3373 4138 3500 4208 quis
3541 4153 3782 4209 unquam
3848 4139 3915 4194 de
3963 4139 4072 4192 hac

796 4231 1094 4304 quaestione
1141 4231 1468 4304 disputaret.
1524 4234 1591 4289 Et
1638 4235 1753 4290 haec
1791 4237 2014 4308 quidem
2065 4246 2255 4309 postea
2285 4238 2431 4294 hunc
2469 4235 2677 4293 exitum
2719 4233 3054 4288 habuerunt.

1308 4346 1472 4421 304
1507 4348 1663 4405 CAP.
1691 4348 1870 4409 xvii.
3062 4344 3069 4398 1

1709 4348 1870 4409 KV“.
3062 4344 3311 4401 ΚΕΦΔΛ.
3362 4345 3470 4399 1Η’.

801 4459 1075 4528 Quomodo
1109 4458 1403 4514 Nouatiani
1424 4462 1589 4515 aliam
1615 4461 1892 4527 haeresim,
1920 4462 2372 4518 Sabbatianorum
2479 4463 2562 4518 ’0:

2308 4477 2372 4518 im
2479 4463 2604 4518 Ὅτι
2643 4462 2742 4516 καὶ
2786 4461 3146 4516 Ναυατιανοι
3175 4460 3384 4528 ἑτέραν
3427 4462 3662 4528 αἵρεσιν
3693 4457 3812 4514 τῶν
3844 4463 4069 4518 Σαϐϐα-

867 4532 1103 4597 scilicet,
1129 4532 1457 4606 c_onﬂ_arunt_._
1495 4531 1626 4606 Item
1651 4533 1714 4606 de
1742 4532 1943 4606 synodo
1972 4534 2122 4606 Διη)ιηί
2164 4532 2377 4606 Sanga-
2550 4551 2628 4606 tto

2307 4550 2377 4588 να·
2550 4531 2771 4606 agr-ch
2819 4531 3315 4606 συγεστήσᾳντοζ
3348 4531 3444 4606 καὶ
3490 4529 4068 4606 ςτερὶῌτῆςῌέῂγξαγ-

868 4617 1012 4669 rum,
1044 4613 1094 4656 et
1129 4602 1194 4656 de
1230 4599 1377 4672 festo
1401 4602 1486 4656 die
1514 4602 1740 4658 Pascha:
1762 4599 1918 4675 [onga
1947 4599 2228 4676 digressio.
2280 4599 2301 4606 ⁷
2502 4613 2505 4615 ’
2549 4602 2629 4676 τά

2502 4613 2505 4615 ’
2549 4602 2709 4676 γάρῳ
2728 4601 3006 4676 Δοὐγόδου
3026 4619 3040 4632 ·
3064 4603 3172 4676 καὶ.
3189 4601 3320 4669 περὶ
3342 4600 3452 4670 τῆς
3480 4599 3691 4670 ἑορτῆς
3710 4601 3817 4656 τοῦ
3847 4599 4066 4674 Πάσχα

2405 4681 2453 4738 D
2549 4669 3035 4740 διεξοδικώτερον
3077 4669 3378 4741 διήγησις.

912 4797 1170 4868 Ejusdem
1239 4797 1592 4868 imperatoris
1665 4802 2006 4873 temporibus
2077 4802 2369 4862 Novatiani
2564 4810 2673 4863 'Eirl

2314 4805 2369 4862 ni
2564 4810 2687 4863 Ἐπὶ
2723 4809 2779 4862 δὲ
2811 4809 2912 4880 τῆς
2953 4807 3236 4879 παρούσης
3256 4808 3572 4879 ἡγεμονίας,
3601 4809 3698 4862 καὶ
3729 4809 4067 4866 Ναυατιανοὶ

795 4906 1016 4961 quoque.
1041 4891 1110 4945 de
1141 4889 1391 4945 Paschali
1438 4889 1581 4946 festo
1626 4890 1771 4946 inter
1817 4908 1878 4948 se
1915 4893 2250 4950 dissidentes
2274 4895 2357 4949 al-
2480 4917 2556 4973 πρ

2302 4895 2357 4948 ,ι-
2480 4900 2618 4973 πρὸς
2642 4903 2782 4970 σφᾶς
2808 4899 3172 4971 διενεχθέντες
3212 4902 3339 4972 περὶ
3371 4901 3470 4973 τῆς
3508 4901 3822 4972 Πασχαλίας
3847 4903 4063 4972 ἑορτῆς,

794 4993 968 5041 teram
1006 4993 1235 5050 sectam,
1289 4999 1482 5040 eorum
1541 4985 1637 5056 qui
1710 4984 2034 5043 Sabbatiani
2086 4988 2370 5057 dicuntur,
2478 4993 2555 5046 ἑτέ

2306 5004 2370 5057 Ir,
2478 4993 2672 5064 ἑτέραν
2718 4992 2930 5064 αἵρεσιν
2977 4992 3085 5047 τῶν
3131 4992 3486 5065 καλουμένων
3525 4993 3911 5047 Σαϐϐατιανῶν
3939 5011 4067 5048 συν-

1985 5170 2255 5228 VALESII
2293 5169 2843 5229 ANNOTATIONES.

871 5343 992 5415 (35)
1035 5349 1318 5414 Πλινθας.
1365 5347 1465 5404 Hic
1495 5357 1578 5404 est
1616 5347 1708 5418 qui
1737 5361 1860 5402 cum
1894 5346 2155 5418 Monaxio
2177 5348 2375 5404 consul
2483 5368 2602 5408 sum
2657 5367 2782 5408 esse
2837 5367 2867 5406 a
2922 5351 3145 5406 Plintha
3195 5347 3426 5404 consule
3471 5351 3637 5418 :__aut
3678 5341 4060 5418 Marcellinum

800 5414 903 5492 f3!“
936 5414 1648 5492 ahnOANatalis‘Dominici
1676 5419 1800 5492 ιιρ.
1857 5417 2057 5492 Nescio
2102 5434 2182 5492 _a_n
2231 5419 2372 5492 idem
2484 5423 2854 5478 defectionem
2905 5424 3029 5488 eius
3062 5434 3347 5492 perperam
3394 5415 3827 5492 retulisse_anno
3854 5414 4062 5492 Christi

799 5487 889 5541 ille
931 5492 1038 5550 sit,
1083 5490 1148 5544 de
1192 5506 1300 5558 quo
1343 5489 1692 5545 Marcellinus
1735 5487 1936 5543 Comes
1987 5491 2041 5543 in
2089 5488 2373 5555 Chronico,
2483 5493 2608 5550 418.
2649 5494 2766 5546 Nisi
2801 5484 2950 5548 forte
2972 5484 3222 5548 dicamus
3267 5489 3540 5558 Plintliani
3603 5484 3902 5558 rebellasse
3936 5487 4067 5553 qui-

799 5573 944 5613 anno
973 5559 1177 5614 Christi
1211 5555 1338 5623 “8,
1365 5563 1436 5614 ita
1466 5561 1657 5614 scribit
1694 5577 1709 5614 :
1755 5559 1974 5613 Plintha
2005 5576 2178 5615 comes
2209 5561 2376 5613 idem-
2485 5562 2606 5619 dem
2633 5565 2686 5618 in
2722 5562 3012 5617 Palaestina
3037 5577 3181 5615 anno
3202 5559 3411 5614 Chriin
3443 5555 3570 5615 418,
3599 5556 3910 5622 victumque
3939 5571 4066 5609 esse

799 5645 896 5696 que
928 5629 1174 5692 rebellio,
1219 5634 1356 5698 apud
1394 5631 1740 5685 Pala’stinam
1791 5633 2116 5696 provinciam
2179 5631 2376 5684 deletus
2486 5649 2513 5687 a
2550 5634 2785 5689 ducibus
2817 5634 3148 5697 Theodosii;
3183 5630 3278 5686 sed
3323 5644 3447 5683 eum
3489 5626 3632 5679 vires
3665 5626 4063 5698 iterum_colle-

799 5695 904 5775 εει.
950 5695 1260 5775 Quomodo
1284 5703 1428 5775 enim
1466 5702 1665 5775 consul
1704 5717 1824 5755 esse
1853 5703 2029 5771 potuit
2073 5716 2220 5755 anno
2251 5701 2373 5775 419,
2486 5705 2676 5768 uisset,
2710 5720 2897 5775 pacem
2932 5720 3055 5758 cum
3089 5695 3154 5758 eo
3182 5701 3406 5775 iactam,
3453 5706 3507 5752 et
3534 5698 3853 5775 consulatus
3882 5695 4054 5748 hono-

801 5771 849 5843 si
895 5764 1182 5843 superiore
1211 5785 1356 5825 anno
1395 5771 1609 5828 deletus
1642 5769 1814 5843 [uerat
1852 5764 2013 5843 atque
2043 5771 2375 5843 oppressus?
2485 5764 2597 5829 rem
2635 5764 2683 5830 ei
2711 5764 2971 5830 'delatum
3007 5788 3130 5830 esse
3159 5788 3189 5826 a
3222 5770 3490 5842 principe.
3531 5766 3712 5838 Atque
3747 5764 3891 5822 hanc
3925 5783 4063 5822 sen-

803 5839 912 5916 ᾼιιι
947 5840 1118 5916 igitur
1160 5843 1452 5897 dicendum
1495 5851 1578 5916 est
1636 5839 1941 5897 Plintham'
1967 5839 2127 5916 illuni
2170 5843 2262 5916 qui
2314 5841 2370 5896 in
2483 5846 2710 5901 tentiam
2742 5846 3013 5903 veriorem
3050 5853 3208 5916 puto.

805 5907 1097 5967 Palzcstina
1133 5927 1222 5969 res
1250 5928 1418 5970 novas
1447 5913 1668 5970 molitus
1709 5921 1792 5971 est
1841 5928 1985 5970 anno
2023 5912 2149 5982 418,
2189 5907 2369 5970 diver-
