4460 6634
416 468 551 526 H69

1332 461 1663 520 HISTORIA
1700 457 2260 517 ECCLESIASTICA.
2304 492 2373 504 -—-
2412 462 2542 518 LIB.
2587 465 2701 521 Vl].

3522 465 3664 527 M70

404 590 720 658 εστήσαντο.
748 584 1044 649 Σαϐϐάτιος
1058 583 1166 656 γάρ
1207 585 1578 657 πρεσϐύτερος
1602 584 1706 637 ὑπὸ
1730 584 1984 652 Μαρκια-
2012 585 2060 643 Α
2087 595 2165 638 c0I

1905 599 1984 634 ια·
2012 585 2060 643 Α
2087 581 2446 639 condiderunt
2472 587 2511 640 ί.
2531 584 2666 641 Nam
2703 585 2999 643 Sabbatius
3017 586 3111 659 qui
3138 602 3165 641 a
3189 585 3472 642 Marciano
3504 566 3663 661 pres?

403 680 497 733 νοῦ
526 677 945 748 χειροτονηθεὶς,
977 676 1095 747 ἅμα
1121 677 1425 745 Θεοκτίστῳ
1455 677 1549 730 καὶ
1574 673 1847 745 Μακαρίῳ
1872 675 1985 737 τοῖς

405 768 911 840 συμπρεσϐυτέροις
950 768 1214 835 ἑπόμενος
1252 769 1364 832 τοῖς
1400 771 1456 822 ἑν
1490 767 1837 837 Παζουκώμῃ
1866 782 1991 819 συν·

404 862 722 931 εληλυθόσιν
753 863 845 913 ἑπὶ
877 860 979 927 τῆς
1004 859 1302 924 Οὐάλεντος
1344 859 1639 930 βασιλείας,
1657 858 1842 928 ἠξίουν
1873 858 1988 927 ἅμα

401 957 516 1016 τοῖς
550 952 823 1016 Ἰουδαίοις
846 952 957 1021 (56)
992 953 1090 1020 τὴν
1119 951 1209 1004 τοῦ
1251 953 1441 1021 Πάσχα
1482 952 1673 1023 ἑορτὴν
1697 951 1983 1004 ἑπιτελεῖν.

415 1044 684 1108 Ἀποστάς
721 1045 778 1096 δὲ
817 1044 916 1112 τῆς
954 1043 1300 1113 Ἐκκλησίας,
1325 1044 1391 1096 τά
1427 1044 1523 1114 μὲν
1554 1043 1764 1115 πρῶτα,
1788 1044 1863 1113 πῆ
1891 1043 1987 1113 μὲν

401 1135 686 1204 ἀσκήσεως
710 1133 894 1195 ἑνεκα,
926 1134 1123 1203 ἄριστα
1156 1134 1261 1203 γάρ
1287 1134 1457 1197 ὲϐίου,
1482 1133 1559 1203 πῆ
1589 1132 1646 1185 δέ
1669 1150 1822 1195 τινας
1851 1133 1989 1185 ὑπο-

403 1228 544 1277 νοεῖν
576 1222 828 1288 ἀναξίους
862 1223 1144 1286 κοινωνίας
1187 1223 1521 1294 μυστηρίων,
1556 1222 1989 1293 ἑσκήπτετο.⁹Ως

402 1317 459 1370 δὲ
493 1317 734 1384 ἐγεγόνει
783 1315 942 1385 δῆλος
974 1314 1311 1385 νεωτερίζων
1335 1356 1349 1381 ,
1378 1313 1657 1384 ἐμέμφετο
1690 1313 1787 1383 μὲν
1827 1315 1993 1382 Μαρ-

405 1410 587 1470 κιανὸς
622 1408 720 1479 τὴν
756 1408 838 1460 ἐπ’
868 1406 1015 1476 αὐτῷ
1048 1406 1407 1476 χειροτονίανο
1440 1406 1663 1474 ἄμεινόν
1700 1422 1758 1457 τε
1801 1400 1869 1475 ἦν
1898 1405 1990 1458 ἑπὶ

405 1499 647 1562 ἀκάνθας
676 1498 992 1567 ἐπιτεθῆναι
1035 1497 1135 1560 τὰς
1163 1500 1350 1567 χεῖρας
1371 1496 1437 1566 ,ἢ
1475 1497 1560 1550 ἐπ’
1591 1496 1770 1560 αὑτὸν,
1790 1495 1989 1550 πολλά-

406 1608 515 1653 κις,
538 1589 721 1658 φησὶν,
740 1587 954 1641 ἀνεϐόα.
973 1587 1404 1657 Διατεμνομένην
1432 1587 1487 1639 δὲ
1504 1585 1652 1655 αὐτῷ
1681 1588 1780 1657 τὴν
1795 1586 1991 1657 ἐκκλη-

408 1678 527 1731 σίαν
568 1678 646 1739 είς
672 1675 856 1745 ἕτερον
886 1674 1085 1745 πλῆθος
1129 1674 1288 1746 ὁρῶν,
1314 1674 1666 1727 συνεκάλεσεν
1704 1674 1990 1745 ὁμοδόξους

406 1766 739 1828 ἐπισκόπους
764 1769 840 1828 είς
875 1767 1176 1835 Σάγγαρον.
1210 1766 1421 1836 Χωρίον
1443 1766 1498 1818 δὲ
1532 1764 1687 1818 τοῦτο
1716 1766 1986 1830 Βιθυνίας,

406 1860 507 1911 οὐκ
541 1857 652 1911 ἀπὸ
706 1857 900 1911 πολλοῦ
962 1859 1382 1920 Ἐλενουπόλεως
1430 1858 1521 1910 ἐπὶ
1568 1859 1668 1927 τῆς
1715 1857 1989 1929 θαλάσσης

407 1950 679 2020 κείμενον.
723 1950 888 2002 Ἔνθα
920 1949 985 2037 δὴ
1018 1948 1378 2013 συνελθόντες,
1404 1950 1827 2021 μετεκαλέσαντο
1849 1951 1989 2003 Σαϐ-

411 2040 614 2093 ϐάτιον.
673 2038 824 2091 Ἐπεὶ
867 2039 923 2091 δὲ
964 2039 1062 2107 τῆς
1102 2039 1275 2109 λύπης
1319 2040 1416 2110 τὴν
1456 2041 1633 2093 αἰτίαν
1669 2040 1990 2109 ἁπαιτηθεὶς

410 2130 612 2199 λέγειν,
642 2133 902 2202 ἑπῃτιᾶτο
934 2131 1029 2199 τῆς
1050 2131 1237 2201 ἑορτῆς
1276 2132 1337 2183 τὸ
1359 2132 1629 2201 διάφορον,
1660 2132 1991 2201 ὑπονοήσαν-

411 2240 503 2285 τες
548 2223 714 2294 ἔρωτι
758 2221 1051 2294 προεδρίας
1084 2223 1208 2275 τάδε
1244 2222 1404 2275 αὑτὸν
1441 2221 1793 2291 σκήπτεσθαι,
1830 2222 1989 2292 ὅρκον

412 2316 700 2387 ἀπῄτησαν
751 2316 826 2377 ὡς
881 2314 1186 2384 ἐπισκοπὴν
1231 2313 1329 2366 οὐκ
1370 2312 1434 2366 ἂν
1479 2312 1648 2366 ἓλοιτό
1700 2330 1847 2367 ποτε.
1882 2314 1988 2384 Τοῦ

410 2406 468 2459 δὲ
512 2406 635 2459 τάδε
684 2406 973 2475 ἐνωμότως
1029 2404 1486 2475 ὁμολογήσαντος,
1518 2403 1863 2474 λογισάμενοι
1915 2404 1990 2476 μὴ

410 2497 710 2567 ἀξιόχρεων
741 2493 881 2549 εἶναι
916 2496 1120 2565 ταύτην
1149 2495 1246 2563 τὴν
1266 2494 1443 2547 αἰτίαν
1474 2496 1552 2556 είς
1580 2493 1992 2564 χωρισμὸνικοι-

411 2589 627 2652 νωνίας,
650 2589 896 2651 ἅπαντας
938 2588 1035 2657 μὲν
1066 2588 1311 2657 ὁμονοεῖν
1338 2586 1430 2638 καί¹
1464 2587 1578 2653 ἆμα
1610 2584 1993 2655 ἐκκλησιάζειν

415 2682 780 2752 ἐψηφίσαντο·
817 2680 1048 2734 ἕκαστον
1096 2679 1153 2732 δὲ
1278 2678 1342 2732 ἂν
1398 2676 1547 2749 αὑτῷ
1596 2678 1759 2748 δοκῇ,
1789 2678 1991 2747 ταύτην

412 2777 512 2840 τὴν
542 2776 733 2845 ἑορτὴν
756 2774 1041 2827 ἐπιτελεῖν.
1060 2773 1167 2824 Καὶ
1198 2773 1395 2826 κανόνα
1424 2772 1550 2840 περὶ
1579 2772 1764 2824 τούτου
1789 2770 1986 2835 ἔθεντο,

410 2868 472 2920 δν
492 2866 779 2933 ἀδιάφορον
810 2864 1187 2934 ἐπωνόμασαν.
1219 2864 1328 2914 Καὶ
1352 2863 1419 2914 τὰ
1444 2862 1543 2931 μὲν
1572 2856 1670 2915 ὧδε
1705 2862 1848 2926 ἔδοξε
1880 2864 1993 2925 τοῖς

412 2960 473 3012 ἐν
520 2960 786 3027 Σαγγάρῳ
833 2955 1195 3010 συνελθοῦσιν.
1241 2953 1330 3018 ἘΞ
1374 2954 1579 3006 ἐκείνου
1606 2954 1662 3007 δὲ
1696 2953 1991 3017 Σαϐϐάτιος

414 3054 524 3113 τοῖς
560 3050 831 3112 Ἰουδαίοις
848 3049 1128 3116 ἑπόμενος,
1148 3049 1196 3100 εί
1222 3047 1294 3115 μὴ
1314 3045 1451 3098 κατὰ
1474 3046 1665 3099 ταύτὸν
1693 3045 1990 3116 συνηνέχθη

413 3144 622 3205 πάντας
653 3142 803 3209 ἄγειν
839 3141 936 3211 τὴν
967 3140 1179 3210 ἑορτὴν,
1212 3139 1427 3207 φθάνων
1449 3139 1523 3201 ὡς
1554 3137 1671 3200 ἔθος
1700 3138 1954 3206 ὲνήστευε
1974 3176 1988 3199 ,

2092 678 2245 749 byter
2287 681 2572 737 ordinatus
2628 682 2825 747 fuerat,
2878 698 2983 737 una
3040 697 3164 737 cum
3223 683 3542 739 Theoctisto
3607 690 3664 739 et

2091 768 2331 826 Macario
2365 773 2829 844 compresbyteris
2852 816 2865 837 ,
2898 790 3136 844 sequens
3167 775 3445 829 decretum
3472 789 3663 829 eorum

2090 863 2181 931 qui
2217 861 2461 918 Valentis
2499 866 2807 934 principatu
2857 866 2910 919 in
2940 865 3242 921 Pazucome
3271 872 3662 929 convenerant,

2092 953 2290 1009 festum
2306 952 2533 1009 Pascha:
2562 956 2704 1010 diem
2730 971 2854 1009 cum
2884 955 3085 1013 Judazis
3121 956 3512 1012 celebrandum
3541 972 3667 1012 esse

2090 1044 2480 1102 contendebat.
2520 1044 2765 1116 Cumque
2788 1047 2856 1101 ab
2908 1046 3149 1101 Ecclesia
3182 1058 3530 1110 recesmsset,
3559 1049 3667 1101 ini-

2091 1134 2169 1190 tio
2208 1137 2428 1206 quidem
2502 1138 2852 1193 abstinentia
2917 1146 2973 1193 et
3038 1139 3297 1193 arctioris
3359 1139 3668 1206 disciplinae

2090 1244 2299 1293 causa,
2344 1229 2559 1284 vivebat
2611 1235 2759 1286 enim
2816 1232 3213 1296 sanctissime,
3263 1239 3318 1284 et
3377 1244 3665 1300 propterea

2091 1321 2239 1391 quod
2265 1322 2644 1391 suspicaretur
2679 1322 2947 1392 quosdam
2988 1322 3383 1377 communione
3410 1323 3667 1391 indignus

2090 1426 2235 1473 esse,
2267 1426 2326 1466 se
2342 1411 2677 1467 abscessisse
2711 1411 3029 1466 simulabat.
3072 1410 3175 1465 Ubi
3206 1427 3338 1467 vero
3358 1412 3669 1482 deprehen-

2092 1516 2214 1557 sutn
2241 1508 2329 1555 est
2355 1516 2476 1555 eum
2514 1517 2603 1556 res
2629 1517 2797 1557 novas
2822 1502 3055 1573 agitare,
3088 1502 3404 1559 Marcianus
3442 1504 3665 1572 quidem

2091 1594 2161 1648 de
2181 1592 2528 1647 ordinatione
2558 1593 2708 1647 illius
2743 1594 3106 1662 querebatur.
3158 1594 3238 1650 Ac
3264 1608 3664 1664 saepenumero,

2092 1690 2153 1736 ut
2176 1682 2363 1745 aiunt,
2400 1682 2713 1737 exclamare
2750 1683 2948 1737 solitus
2988 1693 3141 1748 erat,
3185 1686 3365 1739 satius
3400 1683 3573 1738 fuisse
3606 1692 3667 1736 ut

2092 1786 2259 1840 super
2289 1771 2501 1840 spinas,
2532 1784 2698 1839 quam
2751 1780 2809 1824 ut
2839 1785 3003 1840 super
3050 1780 3214 1841 caput
3242 1772 3391 1827 illius
3424 1811 3440 1836 ,
3470 1787 3667 1826 manus

2091 1862 2417 1932 imponeret.
2475 1859 2612 1914 Cum
2660 1869 2843 1915 autem
2872 1860 3134 1917 Ecclesiae
3184 1879 3296 1918 sua:
3325 1864 3583 1935 populum
3609 1863 3666 1917 in

2090 1953 2227 2008 duas
2249 1962 2433 2022 partes
2457 1952 2703 2005 divisum
2732 1952 2936 2007 videret
2963 1991 2979 2014 ,
3032 1962 3196 2008 secta:
3226 1969 3339 2008 sua:
3370 1956 3666 2023 episcopos

2092 2042 2395 2113 Saugarum
2418 2043 2765 2098 convocavit.
2801 2043 2899 2098 Est
2949 2043 3041 2097 hic
3092 2044 3249 2099 locus
3283 2045 3338 2098 in
3388 2043 3663 2115 Bithynia,

2091 2136 2159 2189 ad
2190 2148 2336 2189 mare
2369 2136 2510 2189 situs
2545 2133 2690 2187 haud
2719 2134 2911 2203 procul
2961 2132 3300 2203 llelcnopoli.
3346 2135 3465 2188 Illic
3496 2136 3669 2205 igitur

2091 2225 2433 2294 congregati,
2471 2223 2791 2277 Sabbatium
2828 2229 3147 2276 accersunt.
3182 2222 3287 2287 Qui
3310 2222 3505 2287 jussus
3530 2237 3667 2275 cau-

2091 2329 2205 2370 sam
2247 2314 2453 2369 doloris
2504 2315 2587 2370 sui
2633 2314 2843 2376 dicere,
2883 2328 3012 2366 cum
3052 2311 3489 2381 discrepantiam
3540 2311 3666 2366 festi

2092 2407 2373 2475 allegaret,
2401 2405 2667 2475 suspicati
2724 2404 2970 2475 episcopi
3003 2393 3129 2458 eum
3177 2403 3534 2475 episc0patus
3565 2419 3668 2457 cu-

2093 2499 2321 2569 piditate
2356 2498 2586 2554 ductum
2636 2498 2743 2554 ista
2793 2505 3115 2568 praetexere,
3152 2495 3543 2566 jusjurandum
3599 2495 3669 2549 ab

2092 2588 2186 2644 illo
2212 2595 2528 2658 exegerunt,
2553 2588 2701 2657 quod
2730 2587 3112 2656 episcopatum
3164 2598 3446 2654 nunquam
3479 2598 3671 2638 susce-

2091 2690 2285 2752 pturus
2320 2688 2489 2735 esset.
2538 2679 2595 2733 ld
2647 2695 2773 2733 cum
2827 2679 2918 2732 ille
2965 2677 3289 2747 interposita
3338 2675 3670 2731 sacramenti

2093 2771 2199 2826 ﬁde
2230 2769 2592 2840 promisisset,
2629 2769 2709 2823 illi
2760 2782 2983 2823 causam
3024 2768 3168 2821 hanc
3217 2781 3326 2820 non
3374 2766 3511 2821 satis
3558 2763 3675 2820 ido-

2091 2875 2249 2914 ueam
2286 2874 2409 2913 esse
2432 2858 2685 2912 arbitrati
2727 2858 2797 2911 ob
2828 2871 2990 2927 quam
3024 2857 3345 2909 communio
3380 2856 3673 2910 divellere-

2093 2960 2203 3015 tur,
2251 2951 2612 3006 decreverunt
2655 2956 2716 3003 ut
2756 2964 2949 3003 omnes
2993 2948 3212 3018 quidem
3257 2948 3398 3001 inter
3430 2962 3491 3002 se
3539 2960 3673 3001 con-

2092 3044 2377 3108 sentirent,
2403 3050 2456 3097 et
2486 3042 2749 3096 collectas
2783 3055 2889 3095 una
2936 3040 3320 3105 celebrarent,
3350 3037 3655 3107 unusquis-

2092 3150 2199 3205 que
2221 3149 2350 3189 vero
2379 3148 2480 3203 pro
2512 3147 2613 3187 suo
2644 3132 2916 3185 arbitratu
2952 3129 3152 3184 festum
3182 3130 3326 3184 diem
3363 3132 3669 3197 perageret.

414 3236 509 3290 καὶ
542 3232 661 3286 καθ’
699 3233 887 3285 ἑαυτὸν
935 3231 1024 3284 διὰ
1051 3230 1161 3282 τῶν
1203 3229 1600 3300 νενομισμένων
1654 3228 1894 3281 ἐπετέλει
1930 3227 1990 3281 τὸ
2017 3250 2058 3306 c
2092 3230 2175 3281 Eat

1930 3227 1990 3281 τὸ
2017 3250 2058 3306 ο
2092 3230 2275 3298 anue
2311 3226 2377 3282 de
2411 3242 2469 3281 re
2501 3240 2769 3281 canonem
2806 3223 3174 3293 scripserunt,
3203 3236 3369 3292 quem
3411 3219 3672 3288 adiapbo-

414 3325 627 3392 Πάσχα.
659 3322 747 3391 Τῷ
790 3322 845 3374 δὲ
881 3321 1145 3390 Σαϐϐάτῳ
1179 3320 1269 3388 ἀφ’
1304 3318 1538 3389 ἑσπέρας
1565 3320 1656 3371 ἑπὶ
1687 3319 1777 3372 τὸν
1807 3318 1990 3371 δέοντα

415 3414 604 3484 καιρὸν
646 3416 703 3466 ὲν
756 3413 1030 3483 ἀγρυπνίᾳ
1080 3412 1173 3465 καὶ
1206 3415 1323 3475 ταῖς
1367 3411 1765 3481 προσηκούσαις
1808 3413 1989 3481 εὐχαῖς

415 3505 806 3574 διαγινόμενος,
831 3507 895 3573 τῇ
928 3504 1056 3573 ἑξῆς
1085 3504 1266 3574 ἡμέρα
1294 3507 1445 3571 κοινῇ
1469 3503 1988 3571 πᾶσινὲκκλησίαζε,

417 3596 510 3647 καὶ
542 3596 649 3647 τῶν
684 3596 997 3663 μυστηρίων
1045 3597 1281 3663 μετεῖχε.
1318 3594 1426 3646 Καὶ
1463 3595 1531 3646 τὰ
1569 3595 1663 3663 μὲν
1697 3594 1908 3664 πρῶτα,
1931 3595 1993 3646 τὸ

418 3685 619 3755 πλῆθος
653 3685 937 3737 ἐλάνθανεν
969 3701 980 3713 ’
1021 3684 1096 3746 ὼς
1126 3683 1183 3735 δὲ
1212 3684 1287 3753 τῷ
1323 3686 1497 3753 χρόνῳ
1535 3684 1777 3735 ἐντεῦθεν
1809 3685 1995 3752 ἐπίση-

422 3794 519 3847 μος
577 3776 828 3843 ἐγένετο,
892 3776 1117 3839 πολλοὺς
1166 3778 1288 3839 τοὺς
1347 3776 1638 3845 ζηλοῦντας
1694 3776 1848 3845 ἔσχε,
1901 3776 1995 3828 καὶ

423 3866 657 3935 μάλιστα
716 3864 933 3935 Φρύγας
996 3867 1091 3918 καὶ
1146 3866 1429 3928 Γαλάτας,
1468 3861 1547 3928 οἷς
1617 3866 1841 3935 πάτριον
1894 3860 1993 3917 ὧδε

418 3955 513 4026 τὴν
570 3957 759 4029 ἑορτὴν
814 3957 1015 4027 ταύτην
1071 3958 1355 4010 ἐπιτελεῖν.
1391 3958 1652 4027 ’Ύστερον
1700 3958 1756 4009 δὲ
1812 3959 1889 4019 εἰς
1936 3956 1995 4008 τὸ

421 4047 693 4116 προφανὲς
733 4048 994 4111 ἀποστὰς,
1029 4048 1135 4101 τῶν
1184 4048 1332 4119 αὐτῷ
1364 4049 1698 4118 πειθομένων
1742 4050 1838 4118 τὴν
1874 4051 1995 4101 ἐπι-

424 4140 633 4211 σκοπὴν
688 4141 1002 4208 ἀνεδέξατο,
1038 4142 1113 4205 ὡς
1156 4143 1214 4196 ἐν
1273 4142 1449 4213 καιρῷ
1503 4142 1789 4207 λελέξεται.
1842 4143 1997 4211 Ἐμοὶ

421 4232 475 4287 δὲ
535 4231 832 4301 θαυμάζειν
886 4232 1061 4285 ἔπεισι
1112 4233 1266 4287 τοῦδε
1322 4233 1416 4286 τοῦ
1474 4233 1700 4304 ἀνδρὸς,
1738 4234 1830 4288 καὶ
1892 4234 1998 4286 τῶν

423 4323 702 4392 ἑπομένων
758 4322 940 4391 αὐτῷ,
981 4323 1061 4375 ὅτι
1110 4325 1235 4377 τάδε
1282 4326 1639 4395 ἐνεωτέρισαν
1669 4344 1681 4356 ·
1736 4327 1998 4396 Ἐϐραίων

422 4414 529 4469 τῶν
558 4412 761 4476 πάλαι,
800 4413 874 4475 ὡς
907 4415 1108 4485 ἱστορεῖ
1134 4415 1390 4478 Εὐσέϐιος
1422 4417 1533 4485 (57)
1558 4459 1572 4480 ,
1609 4418 1714 4471 ὑπὸ
1764 4418 1997 4487 μάρτυσὶ

420 4520 479 4554 τε
506 4504 697 4555 Φίλωνι
729 4504 821 4556 καὶ
856 4503 1104 4573 Ἰωσήπῳ
1131 4544 1145 4566 ,
1182 4506 1275 4557 καὶ
1317 4505 1728 4575 ’Δριστοϐούλῳ,
1761 4506 1851 4558 καὶ
1882 4505 1997 4557 ἑτέ-

2093 3336 2192 3373 ron
2232 3319 2595 3389 appellarunt.
2639 3317 2703 3371 Et
2735 3316 2852 3371 haec
2897 3316 3121 3385 quidem
3154 3314 3378 3368 decreta
3428 3319 3559 3364 sunt
3604 3310 3673 3362 ab

2093 3412 2203 3466 illis
2229 3413 2319 3481 qui
2371 3421 2483 3464 tum
2539 3408 2769 3478 Sangari
2828 3413 3223 3462 convenerant.
3281 3401 3494 3456 Exinde
3540 3414 3675 3454 vero

2096 3503 2391 3558 Sabbatius
2433 3501 2652 3556 Judteos
2695 3508 2938 3563 secutus,
2990 3498 3098 3553 nisi
3150 3496 3295 3551 forte
3351 3493 3677 3562 contigisset

2094 3605 2153 3650 ut
2182 3611 2371 3649 omnes
2414 3595 2605 3648 eodem
2650 3601 2896 3662 tempore
2941 3591 3104 3646 simul
3160 3587 3371 3644 Pascha
3422 3585 3677 3640 celebra-

2096 3697 2237 3749 rent,
2283 3688 2399 3757 ipse
2430 3686 2793 3757 praeveniens,
2826 3692 2885 3738 ut
2920 3684 3091 3739 moris
3136 3688 3243 3745 est,
3274 3676 3583 3749 jejunabat,
3621 3682 3678 3730 et

2095 3781 2347 3851 privatim
2399 3779 2666 3834 solemnia
2721 3777 2975 3833 Mosaicae
3020 3775 3157 3845 legis
3192 3774 3519 3835 observans,
3574 3766 3677 3822 Pa-

2096 3874 2225 3927 scha
2276 3871 2587 3941 peragebat.
2649 3868 2748 3923 Die
2797 3883 2927 3923 vero
2983 3865 3229 3927 Sabbati,
3270 3879 3301 3917 a
3348 3875 3575 3931 vespere
3609 3857 3678 3913 ad

2096 3971 2361 4018 statutum
2405 3975 2581 4030 usque
2612 3967 2850 4028 tempus,
2887 3954 3091 4026 vigiliis
3122 3962 3177 4010 et
3203 3951 3385 4007 solitis
3413 3948 3679 4005 orationi-

2098 4054 2199 4108 bus
2228 4066 2450 4110 vacans,
2493 4049 2743 4120 sequenti
2791 4048 2881 4102 die
2921 4046 3086 4102 simul
3118 4059 3246 4099 cum
3284 4041 3513 4110 reliquis
3557 4054 3679 4094 om-

2099 4143 2262 4197 nibus
2297 4142 2351 4195 in
2388 4140 2677 4196 ecclesiam
2710 4137 3101 4200 conveniebat,
3130 4141 3185 4189 et
3214 4146 3371 4188 sacra
3412 4128 3673 4201 mysteria

2100 4234 2456 4304 percipiebat.
2508 4231 2572 4284 Et
2624 4230 2781 4284 initio
2844 4226 3089 4299 quidem,
3139 4222 3545 4278 multitudinem
3600 4222 3677 4274 Ia-

2101 4328 2205 4382 tttit
2244 4344 2257 4380 :
2298 4338 2591 4395 progressu
2636 4336 2771 4378 vero
2815 4317 3103 4389 temporis,
3139 4331 3261 4371 cum
3305 4330 3371 4369 ea
3412 4314 3482 4368 de
3510 4327 3678 4367 causa

2107 4419 2342 4489 insignis
2370 4425 2536 4483 esset,
2586 4416 2790 4470 multos
2834 4413 3147 4467 imitatores
3185 4408 3400 4471 habuit,
3437 4420 3500 4460 ac
3542 4420 3679 4475 pra:-

2104 4513 2291 4569 sertim
2324 4510 2570 4581 Phrygas
2603 4515 2656 4562 et
2684 4507 2929 4563 Galatas,
2960 4504 3161 4574 quibus
3194 4499 3409 4570 patrius
3445 4511 3564 4551 mos
3595 4506 3680 4551 est

427 4614 537 4665 ροις
574 4597 843 4660 πλείστοις
869 4639 882 4660 ,
918 4598 1058 4668 μετά
1089 4598 1307 4666 ἐαρινὴν
1344 4598 1628 4668 ἰσημερίαν
1654 4599 1721 4651 τὰ
1748 4598 1998 4669 διαϐατή-
2028 4581 2073 4636 D
2106 4604 2184 4659 [es

1915 4599 1998 4669 τή-
2028 4581 2073 4636 D
2106 4604 2303 4659 festum
2341 4601 2569 4657 Pascha:
2605 4603 2677 4654 ita
2708 4599 3011 4653 celebrare.
3060 4591 3301 4648 Tandem
3341 4605 3475 4645 vero
3499 4590 3676 4659 palam

428 4709 516 4759 ρια
546 4690 799 4751 θυόντων,
816 4691 964 4761 ἡλίου
986 4690 1048 4742 τὸ
1074 4690 1289 4759 πρῶτον
1315 4690 1785 4761 δωδεκατημόριον
1804 4692 1999 4761 τμῆμα

425 4781 716 4843 ὀδεύοντος,
732 4782 760 4833 ὃ
784 4782 936 4852 κριὸν
953 4782 1209 4851 ’Έλληνες
1236 4782 1586 4851 ὀνομάζουσιν
1606 4798 1619 4811 ·
1643 4784 1699 4836 ἑν
1726 4780 1999 4854 διαμέτρῳ

426 4873 479 4926 δὲ
520 4874 613 4942 τῆς
674 4874 899 4941 σελήνης
932 4874 1587 4943 τεσσαρεσκαιδεκαταίας
1635 4874 1734 4943 τὴν
1774 4875 2000 4945 πορείαν

431 4964 774 5033 ποιουμένης.
795 4965 945 5016 Ἐπεὶ
972 4965 1066 5017 καὶ
1093 4966 1245 5016 αὐτοὶ
1265 4966 1591 5017 Ναυατιανοὶ
1617 4960 1696 5027 οἷς
1718 4966 1999 5035 ἀκριϐείας

434 5055 603 5123 μέλει,
632 5056 1014 5125 ἰσχυρίζονται,
1043 5056 1118 5118 ὡς
1145 5056 1265 5108 οὔτε
1295 5058 1495 5119 αὐτοῖς.
1521 5055 1641 5109 οὗτε
1669 5057 1744 5127 τῷ
1775 5058 2001 5129 ἀρχηγῷ

428 5146 523 5211 τῆς
559 5148 854 5215 αἱρέσεως,
904 5148 1061 5200 τοῦτο
1114 5149 1375 5218 πρότερον
1428 5145 1493 5219 ἦν
1537 5149 1691 5212 ἕθος’
1742 5150 1856 5203 ἀλλ’
1899 5152 2002 5207 ὑπὸ

608 5240 662 5288 ἐν
716 5239 1057 5310 Παζουκώμῃ
1117 5241 1545 5309 συνεληλυθότων
1603 5244 1999 5313 ἐνεωτερίσθη·

434 5329 597 5381 εἰσέτι
625 5347 680 5380 τε
715 5332 807 5381 καὶ
852 5330 945 5381 νῦν
989 5334 1045 5382 ἐν
1081 5336 1147 5401 τῇ
1182 5333 1526 5405 πρεσϐυτέρα
1561 5334 1747 5406 Ῥώμῃ
1769 5376 1782 5398 ,
1816 5337 2003 5406 ὁμοδόφ

551 5444 707 5499 Socr.
733 5445 827 5499 lib.
872 5464 924 5511 ν,
955 5462 1004 5502 c.
1040 5446 1128 5513 2|,
1153 5444 1243 5503 2‘2.

430 5255 456 5287 τ
462 5238 504 5287 ὦ
510 5256 537 5286 ν

2099 4695 2384 4759 deﬁciens,
2430 4708 2618 4748 eorum
2653 4691 2747 4761 qui
2791 4686 3124 4743 sententiam
3173 4684 3349 4752 ipsius
3383 4681 3683 4750 sequeban-

2099 4796 2213 4853 tur,
2245 4785 2626 4856 cpiscopatum
2661 4779 2922 4848 suscepit,
2952 4778 3097 4831 sicut
3118 4789 3221 4829 suo
3252 4773 3376 4826 loco
3409 4772 3677 4825 dicemus.

2102 4879 2228 4935 Mihi
2270 4891 2400 4931 vero
2430 4875 2616 4929 mirari
2657 4871 2802 4926 subit
2846 4878 2957 4923 tum
3014 4866 3287 4920 hominem
3334 4864 3516 4926 istum,
3569 4871 3681 4912 tum

2104 4986 2198 5027 eos
2222 4970 2314 5040 qui
2354 4969 2500 5022 illum
2561 4964 2752 5022 sectati
2787 4969 2933 5024 sunt,
2970 4974 3068 5012 cur
3106 4958 3248 5010 hanc
3275 4954 3567 5008 novitatem
3596 4952 3683 5004 in-

2107 5064 2395 5121 duxerint:
2427 5076 2550 5115 cum
2589 5068 2801 5112 veteres
2836 5052 3067 5113 Hebrazi,
3102 5047 3261 5118 305
3289 5053 3349 5099 ut
3388 5042 3557 5098 refert
3585 5041 3692 5095 Ett-

2109 5159 2309 5220 sebius,
2367 5154 2629 5214 Philonis,
2683 5146 2926 5217 Josephi,
2980 5139 3296 5204 Aristobuli,
3345 5136 3683 5201 aliorumque

2108 5246 2469 5315 complurium
2519 5241 2797 5295 adducens
2849 5232 3243 5294 testimonium,
3288 5237 3411 5297 post
3457 5238 3683 5277 vernum

2110 5314 2495 5409 aequinoctium
2563 5331 2773 5386 Pascha
2832 5324 3259 5386 immolaverint,
3318 5315 3540 5387 quando
3604 5314 3684 5369 sol

1567 5603 1937 5660 VARIORUM
1971 5604 2527 5662 AN‘SOTATiONES.

513 5745 621 5813 (Titii
670 5742 915 5807 ’HE/utrr
955 5744 1075 5813 ἅμα
1109 5742 1231 5809 τοῖς
1274 5741 1596 5805 Ἰουδαίοις.
1636 5739 2001 5795 Scribentlum

442 5832 522 5876 est
554 5815 723 5879 ἠξίου.
759 5824 815 5868 ιιι
851 5827 1089 5883 apparet.

552 5878 663 5955 (37)
698 5888 792 5952 Ὠς
814 5878 1032 5956 ἰστὸρεὶ
1061 5886 1364 5951 Εὐσέϐιος.
1389 5882 1498 5937 imo
1534 5881 1817 5937 Anatolius
1844 5878 1986 5949 apud

2118 5741 2411 5795 Eusebium
2454 5742 2508 5796 in
2542 5739 2679 5793 libro
2708 5737 2945 5808 septimo
2976 5730 3233 5789 Historiae
3263 5724 3673 5787 ecclesiastica,

2109 5829 2229 5885 cap.
2260 5814 2349 5869 52.
