4460 6634
865 445 998 501 1471

2324 442 2669 502 8οΖΟΜΕΝ1

3977 456 4123 512 ηπ

857 563 1096 632 primum
1163 563 1377 633 signum
1437 560 1658 617 Zodiaci
1732 561 2021 631 percurrit,
2073 561 2217 631 quod
2262 562 2433 616 Graeci
2464 565 2504 622 Α
2539 561 2618 628 ﬁat

2356 562 2433 616 eci
2464 565 2504 622 Α
2539 561 2663 628 ξους
2703 564 2888 628 αὐτοῖς
2942 566 3040 619 σὺν
3096 567 3207 630 τοῖς
3249 566 3428 631 ἄλλοις
3463 569 3755 640 Ῥωμαίοις
3809 570 4117 641 ἑορτάζειν.

861 655 1101 708 Arictem
1135 665 1354 718 vocant,
1387 655 1512 708 luna
1543 669 1672 710 vero
1704 653 2134 724 quartadecima,
2167 669 2232 708 ex
2269 669 2437 724 oppo-

861 747 968 800 sito
999 762 1222 801 cursum
1262 761 1422 801 suum
1473 746 1703 816 peragit.
1747 744 1851 800 Sed
1898 752 1952 800 et
1981 745 2080 815 ipsi
2121 743 2434 807 Novatiani,

859 839 952 906 qui
991 848 1119 894 sunt
1152 839 1352 909 alioqui
1403 839 1766 893 exactissima;
1799 837 2115 912 diligentiae,
2164 837 2436 892 affirmant

860 945 961 984 nec
989 930 1093 984 sibi
1123 929 1278 1000 ipsis.
1321 945 1421 984 nec
1446 931 1657 984 auctori
1684 939 1849 985 secta:
1885 917 2018 992 suae,
2048 929 2195 984 hunc
2229 945 2434 985 morem

861 1025 930 1075 ab
977 1023 1133 1076 initio
1179 1021 1386 1078 fuisse:
1421 1037 1611 1078 verum
1659 1024 1730 1080 ab
1783 1023 1852 1080 iis
1886 1024 1980 1094 qui
2029 1023 2086 1078 in
2133 1024 2436 1082 Pazucome

858 1122 1269 1180 convenerunt,
1318 1114 1372 1169 id
1408 1115 1660 1184 primitus
1704 1115 2020 1171 innovatum
2043 1157 2059 1182 ,
2097 1127 2151 1172 et
2185 1117 2241 1170 in
2287 1116 2436 1175 hunc

860 1223 1036 1276 usque
1083 1207 1257 1274 diem,
1309 1217 1594 1264 consortes
1644 1210 1883 1280 ipsorum
1917 1209 2012 1280 qui
2048 1218 2176 1265 sunt
2214 1211 2269 1266 in
2300 1213 2435 1268 urbe

858 1295 1032 1353 Roma
1054 1338 1072 1364 ,
1102 1299 1266 1354 simul
1293 1315 1421 1354 cum
1461 1302 1686 1372 reliquis
1718 1300 1981 1356 Romanis
2029 1302 2080 1358 id
2116 1301 2314 1360 festum
2344 1318 2434 1360 ce-

861 1392 1091 1447 lebrare.
1124 1392 1228 1458 Qui
1262 1393 1480 1463 quidem
1516 1409 1796 1464 nunquam
1826 1393 1983 1449 aliter
2009 1394 2318 1452 celebrasse
2342 1411 2435 1452 su-

861 1483 1065 1552 periori
1117 1494 1358 1553 tempore
1384 1485 1708 1554 deprehensi
1733 1491 1882 1550 sunt,
1905 1499 2033 1541 cum
2065 1486 2432 1555 apostolorum

859 1571 1008 1628 Petri
1064 1587 1129 1628 ac
1166 1572 1319 1628 Pauli
1375 1574 1762 1630 traditionibus
1810 1583 2116 1632 uterentur.
2166 1577 2435 1634 Praeterea

859 1664 1212 1731 Samaritani,
1264 1666 1361 1735 qui
1392 1663 1643 1721 Mosaica:
1697 1665 1835 1738 legis
1875 1667 2255 1724 observatores
2305 1675 2435 1726 sunt

857 1754 1274 1821 studiosissimi,
1305 1755 1410 1810 hoc
1432 1754 1632 1810 festum
1664 1772 1948 1828 nunquam
1973 1759 2127 1830 prius
2157 1759 2435 1817 celebrare

858 1848 1152 1914 sustinent,
1182 1862 1348 1916 quam
1390 1864 1543 1904 nova:
1580 1849 1767 1921 fruges
1803 1851 1870 1906 ad
1896 1855 2267 1910 maturitatem
2302 1871 2430 1926 per-

858 1939 1127 1994 venerint.
1182 1937 1310 1995 Haec
1360 1942 1508 1994 enim
1562 1941 1829 1998 festivitas
1885 1941 2161 2000 Novorum
2215 1946 2272 2001 in
2311 1947 2429 2018 lege

856 2029 1078 2096 dicitur,
1114 2046 1286 2100 quare
1316 2032 1473 2088 novis
1503 2031 1774 2091 fructibus
1803 2036 2045 2092 nondum
2075 2037 2233 2104 visis,
2275 2039 2432 2096 nefas

855 2128 942 2175 est
974 2121 1171 2177 festum
1219 2137 1498 2194 peragere.
1538 2122 1692 2181 Unde
1733 2141 1963 2197 prorsus
1991 2143 2220 2186 necesse
2258 2138 2434 2187 estut

854 2211 1246 2280 aequinoctium
1275 2227 1502 2268 vernum
1557 2218 1918 2285 praecesserit.
1975 2219 2040 2275 Et
2085 2235 2181 2278 eos
2211 2224 2431 2293 quidem

856 2304 949 2372 qui
981 2302 1082 2359 hac
1115 2303 1171 2358 in
1203 2319 1264 2360 re
1291 2302 1509 2362 Judaeos
1554 2309 1860 2376 imitantur,
1893 2325 2226 2383 magnopere
2257 2315 2434 2371 admi-

855 2410 970 2456 rar.
995 2395 1139 2465 quod
1185 2413 1295 2452 non
1345 2399 1528 2468 potius
1555 2409 1833 2457 vetustum
1867 2405 2010 2473 apud
2061 2405 2183 2461 illos
2223 2423 2430 2466 morem

856 2489 1215 2557 praetulerint.
1252 2489 1424 2546 Porro
1473 2500 1672 2562 praeter
1705 2495 1846 2551 istos
1879 2507 1933 2551 et
1961 2512 2058 2555 eos
2089 2500 2184 2570 qui
2208 2500 2263 2556 in
2302 2502 2432 2559 Asia

853 2582 1329 2647 Quartodecimani
1351 2585 1634 2654 dicuntur,
1655 2589 1883 2660 reliqua
1900 2605 2111 2658 omnes,
2129 2601 2190 2647 ut
2207 2595 2430 2664 opinor,

858 2675 1096 2731 haereses
1121 2675 1270 2732 hunc
1299 2677 1444 2734 diem
1470 2678 1672 2736 festum
1709 2691 1881 2754 agunt
1903 2686 2093 2741 eodem
2123 2688 2291 2742 modo
2323 2705 2433 2760 quo

856 2763 1092 2822 Romani
1112 2776 1278 2839 atque
1298 2768 1560 2842 Egyptii.
1591 2771 1791 2829 Verum
1811 2775 2291 2842 Quartodecimani
2310 2784 2434 2852 qui-

852 2855 1003 2923 dem,
1028 2860 1436 2928 quartadecima
1466 2863 1554 2918 die
1577 2864 1740 2918 simul
1774 2881 1899 2920 cum
1928 2866 2133 2925 Iudaeis
2171 2871 2434 2930 festivita-

855 2957 964 3003 tem
1019 2949 1300 3007 celebrant
1341 2970 1356 3007 :
1402 2953 1550 3010 unde
1603 2956 1769 3011 etiam
1822 2956 1966 3014 hanc
2015 2962 2431 3030 appellationem

853 3041 1036 3096 sortiti
1079 3051 1228 3098 sunt.
1273 3043 1560 3102 Novatiani
1614 3063 1766 3114 vero,
1816 3054 2234 3112 resurrectionis
2289 3058 2430 3114 diem

852 3133 1148 3189 celebrant.
1184 3134 1404 3195 Judaeos
1442 3147 1622 3196 tamen
1648 3142 1750 3212 ipsi
1785 3159 2003 3214 quoque
2031 3159 2354 3217 sequuntur,
2379 3161 2432 3207 et

2535 653 2643 716 Οὓς
2709 652 2905 708 οὔποτε
2964 656 3140 720 ἄλλως
3192 658 3448 728 ἑορτάσαι
3506 661 3536 712 ό
3588 660 3873 731 παρελθὼν
3922 661 4124 730 χρόνος

2534 745 2748 816 ἤλεγξε,
2777 746 2982 819 Πέτρου
3011 749 3108 802 καὶ
3127 749 3339 802 Παύλου
3364 749 3472 802 τῶν
3496 749 3810 804 ἀποστόλων
3832 754 3900 822 τῇ
3930 767 4122 821 παραυ

2530 837 2677 891 δόσει
2704 839 3040 909 χρωμένους.
3071 839 3304 911 Προσέτι
3328 839 3385 894 δὲ
3411 841 3507 894 καὶ
3534 840 3888 912 Σαμαρεῖται,
3927 843 3978 895 οἶ
4018 840 4121 893 τοῦ

2533 929 2779 994 Μωσέως
2803 930 2966 1001 νόμου
2992 932 3062 986 τὰ
3086 932 3319 1002 μάλιστα
3347 931 3584 1002 ζηλωταὶ
3609 933 3961 1005 τυγχάνουσι,
3979 933 4120 1004 πρὶν

2533 1020 2624 1074 τὸν
2649 1021 2769 1075 νέον
2787 1022 3228 1095 τελεσφορείσθαι
3256 1024 3466 1096 καρπὸν
3487 1065 3505 1092 ,
3529 1025 3633 1079 οὐκ
3666 1026 3950 1096 ἀνέχονται
3979 1024 4120 1079 ταύο

2533 1129 2634 1183 την
2661 1114 2928 1170 ἐπιτελεῖν
2963 1114 3062 1186 τὴν
3092 1117 3304 1186 ἑορτήν.
3337 1116 3493 1171 Νέων
3519 1118 3631 1190 γάρ
3651 1157 3668 1182 ,
3699 1119 3862 1187 φασιν
3880 1158 3897 1182 ,
3938 1118 4120 1185 αὐτὴν

2536 1202 2729 1275 ἑορτὴν
2746 1205 2774 1257 ό
2797 1204 2963 1272 νόμος
2987 1204 3160 1260 καλεῖ.
3178 1206 3268 1277 Μή
3300 1222 3432 1258 ποτε
3450 1205 3658 1259 τούτων
3679 1207 3956 1276 φανέντων
3969 1206 4116 1274 (38),

2536 1295 2815 1364 ἑορτάζειν
2861 1295 2924 1349 ού
2955 1295 3144 1367 θέμις’
3175 1296 3252 1360 ὡς
3283 1297 3343 1362 ἐξ
3370 1297 3620 1368 ἀνάγκης
3655 1296 3879 1366 φθάνειν
3914 1298 4013 1366 τὴν
4053 1299 4114 1350 ἐν

2534 1386 2612 1458 τῷ
2634 1383 2730 1459 ἦρι
2766 1388 3056 1458 ἰσημερίαν
3084 1399 3132 1442 ιι.
3166 1388 3307 1452 Τοὺς
3338 1388 3436 1460 μὲν
3479 1389 3767 1452 Ἰουδαίους
3797 1390 3926 1459 περὶ
3951 1389 4117 1442 τοῦτο

2538 1477 2944 1549 μιμουμένους,
2987 1477 3298 1548 Θαυμαστὸν
3344 1479 3427 1532 ὅτι
3477 1479 3552 1550 μὴ
3603 1479 3705 1549 τὴν
3741 1481 3873 1549 παρ’
3921 1479 4116 1541 ain-oi;

2535 1571 2871 1643 ἀρχαιότητα
2920 1570 3120 1641 μᾶλλον
3171 1569 3461 1642 ἐπῄνεσαν.
3522 1572 3610 1635 Ὠς
3661 1571 3804 1625 ἔοικε
3859 1571 3917 1624 δὲ
3969 1569 4116 1640 πλὴν

2533 1662 2738 1717 τούτων
2769 1662 2863 1716 καὶ
2899 1661 3009 1716 τῶν
3044 1663 3136 1716 ἐπὶ
3163 1663 3265 1733 τῆς
3307 1662 3493 1726 Ἀσίας
3523 1663 3871 1733 καλουμένων
3903 1679 4112 1716 τεσσα-

2539 1753 3048 1825 ρεσκαιδεκατιτῶν,
3079 1753 3279 1823 ὁμοίως
3313 1753 3603 1824 Ῥωμαίοις
3638 1755 3734 1808 καὶ
3766 1755 4112 1823 Αἰγυπτίας,

2535 1847 2633 1900 καὶ
2667 1847 2718 1898 οἰ
2749 1845 2859 1899 ἀπὺ
2886 1845 2997 1898 τῶν
3033 1845 3209 1899 ἄλλων
3247 1845 3512 1916 αἱρέσεων
3553 1845 3759 1916 ταύτην
3784 1845 3884 1916 τὴν
3915 1846 4119 1916 ἑορτὴν

2532 1939 2755 2008 ἄγουσιν
2777 1955 2790 1967 ·
2831 1937 2945 1991 ἀλλ’
2967 1938 3019 1990 οἰ
3063 1937 3162 2007 μὲν
3186 1979 3202 2003 ,
3233 1939 3290 1991 ὲν
3319 1939 3457 2008 αὐτῇ
3481 1940 3548 2008 τῇ
3582 1938 4117 2008 τεσσαρεσκαιδεκα⁹

2530 2031 2664 2101 ταίᾳ.
2693 2031 2790 2084 σὺν
2822 2032 2936 2093 τοῖς
2974 2029 3249 2092 Ἰουδαίοις
3285 2030 3666 2100 ἑορτάζουσιν·
3700 2031 3821 2083 ὅθεν
3856 2025 3958 2084 ὦδε
3995 2033 4120 2084 ὀνο-

2536 2121 2815 2193 μάξονται.
2847 2123 2910 2176 Ol
2932 2121 2989 2174 δὲ
3021 2121 3371 2185 Ναυατιανοὶ,
3387 2121 3484 2194 τὴν
3505 2121 3873 2192 ἀναστάσιμον
3895 2123 4118 2194 ἡμέραν

2532 2214 2890 2269 ἐπιτελοῦσιν.
2928 2214 3203 2277 Ἰουδαίοις
3227 2213 3285 2267 δὲ
3332 2209 3428 2267 καὶ
3453 2208 3596 2268 οὗτοι
3625 2214 3848 2268 ἕπονται
3869 2256 3881 2278 ,
3913 2217 4006 2268 καὶ
4031 2217 4118 2277 εἰς

2530 2309 2696 2363 ταύτὸ
2754 2311 2866 2372 τοῖς
2911 2307 3598 2378 Τεσσαρεσκαιδεκατίταις
3651 2307 4112 2377 καταστρέφουσι,

2534 2401 2673 2472 πλὴν
2695 2403 2743 2455 εί
2776 2401 2850 2472 μὴ
2881 2400 3035 2470 τύχοι
3057 2402 3122 2470 τῇ
3149 2399 3713 2470 τεσσαρεσκαιδεκάτη
3743 2400 3844 2468 τῆς
3880 2401 4116 2470 σελήνης

2532 2499 2566 2565 ἡ
2593 2492 2783 2565 πρώτη
2819 2492 2916 2546 τοῦ
2952 2492 3230 2546 Σαῦϐάτου
3257 2493 3437 2566 ἡμέρα
3462 2493 3837 2562 συμπεσοῦσα,
3880 2492 4117 2546 κατόπιν

2532 2589 2772 2659 γίνονται
2804 2587 2912 2640 τῶν
2955 2587 3243 2653 Ἰουδαίων,
3272 2588 3424 2651 ὅσαις
3472 2585 3540 2640 ἂν
3581 2586 3816 2658 ἡμέραις
3867 2586 4114 2658 συμϐαίη

2531 2683 2629 2756 τὴν
2659 2683 2956 2754 ἐρχομένην
2983 2680 3096 2752 (59)
3141 2679 3426 2753 Κυριακὴν
3462 2678 3766 2751 ὑστερίζειν
3812 2695 4119 2751 τεσσαρεσο

2533 2775 2918 2841 καιδεκαταίας
2987 2776 3088 2845 τῆς
3159 2774 3408 2846 σελήνης.
3461 2773 3828 2827 Μοντανισταὶ
3874 2773 3969 2838 δὲ,
4017 2773 4115 2837 οὓς

2533 2864 2873 2931 Πεπουζίτας
2901 2867 2996 2919 καὶ
3022 2863 3240 2936 Φρύγας
3264 2863 3613 2934 ὀνομάζουσι,
3648 2863 3805 2934 ξένην
3823 2865 3944 2917 τινὰ
3979 2865 4115 2934 μέΘ·

2531 2960 2650 3013 οδον
2677 2958 3064 3028 εἰσαγαγόντες
3090 2998 3106 3023 ,
3153 2957 3296 3012 κατὰ
3342 2957 3550 3029 ταύτην
3586 2955 3648 3010 τδ
3676 2955 3866 3026 Πάσχα
3894 2958 4112 3025 ἄγουσι.

2532 3051 2661 3115 Τοῖς
2685 3051 2784 3122 μὲν
2814 3050 2924 3121 γὰρ
2950 3051 3043 3104 ἐπὶ
3071 3049 3248 3122 τούτῳ
3285 3049 3377 3103 τὸν
3406 3049 3507 3118 τῆς
3529 3048 3760 3120 σελήνης
3791 3048 3987 3120 δρόμον
4016 3067 4116 3102 πο-

2530 3142 2978 3216 λυπραγμονοῦσι
3015 3142 3488 3213 καταμέμφονται.
3519 3140 3658 3195 Φασὶ
3699 3140 3758 3194 δὲ
3791 3141 3986 3212 χρῆναι
4018 3142 4116 3209 μό-

854 3225 910 3279 in
952 3226 1094 3280 idem
1125 3227 1377 3283 recidunt
1405 3245 1530 3287 cum
1569 3232 2101 3298 Quartodecimanis.
2134 3238 2248 3297 Nisi
2289 3248 2433 3314 quod
2463 3251 2505 3310 C
2537 3257 2615 3293 νοι

2353 3248 2433 3302 ιοει
2463 3251 2505 3310 c
2537 3257 2650 3302 νοις
2679 3239 2793 3300 τοῖς
2818 3236 3065 3308 ἡλιακοῖς
3089 3235 3314 3290 ἔπεσθαι
3340 3235 3562 3300 κύκλοις
3583 3238 3710 3302 τοὺς
3737 3237 3914 3309 ὀρθῶς
3936 3237 4114 3292 ταῦτα

851 3319 1068 3388 quoties
1109 3321 1522 3390 quartadecima
1569 3325 1695 3379 luna
1721 3342 1831 3382 non
1864 3327 2053 3402 incidit
2104 3332 2159 3386 in
2205 3335 2434 3404 primam

854 3411 1100 3480 Sabbati,
1138 3412 1342 3470 Judaais
1373 3417 1708 3486 posteriores
1748 3419 1884 3475 ﬁunt
1927 3431 2011 3478 tot
2064 3424 2280 3492 diebus,
2307 3440 2440 3498 quot

853 3505 1190 3562 Dominicam
1247 3509 1391 3565 diem
1453 3511 1862 3578 quartadecima
1908 3515 2036 3568 luna
2079 3520 2436 3586 posteriorem

853 3614 978 3654 esse
1007 3600 1318 3668 contigerit.
1352 3602 1423 3655 At
1462 3599 1826 3666 Montanistae,
1867 3601 2352 3679 quos°Pepuzitas.
2387 3620 2442 3668 et

853 3690 1098 3764 Phrygas
1139 3691 1302 3763 vulgo
1355 3693 1677 3758 nominant,
1736 3697 2077 3766 peregrinam
2141 3703 2436 3770 quamdam

855 3785 1171 3840 methodum
1203 3786 1520 3849 commenti,
1541 3785 1873 3855 juxta'illam
1903 3787 2114 3845 Pascha
2140 3793 2438 3850 celebrant.

854 3878 966 3935 Eos
986 3877 1131 3934 enim
1160 3877 1584 3948 reprehendunt,
1619 3878 1713 3948 qui
1741 3879 1794 3934 in
1824 3879 1927 3934 hac
1949 3895 2010 3937 re
2039 3882 2182 3939 lunae
2216 3900 2439 3942 cursum

855 3973 1130 4026 curiosius
1173 3972 1510 4027 observant:
1557 3973 1707 4028 solos
1751 3987 1883 4029 vero
1931 3975 2065 4031 solis
2107 3976 2347 4033 circulos
2374 3978 2441 4035 iis

857 4067 951 4136 qui
982 4066 1085 4121 ista
1111 4075 1256 4120 recte
1282 4065 1520 4135 dirigere
1555 4069 1766 4131 volunt,
1801 4067 2113 4137 sequendos
2145 4083 2268 4124 esse
2299 4067 2442 4123 afﬁr-

857 4166 1031 4211 mant.
1071 4159 1148 4211 Ac
1175 4157 1422 4228 singulos
1463 4154 1683 4226 quidem
1709 4171 1928 4212 menses
1958 4157 2182 4228 triginta
2226 4157 2439 4212 dierum

857 4265 978 4305 esse
1005 4250 1293 4304 definiunt.
1347 4247 1594 4304 Primum
1647 4258 1829 4304 autem
1881 4250 2024 4305 diem
2080 4250 2315 4320 cmpisse
2373 4251 2442 4305 ab

857 4342 1186 4411 :equinoctio
1220 4357 1412 4400 verno.
1443 4341 1536 4412 qui
1570 4341 1687 4398 dies
1717 4342 1873 4410 juxta
1911 4341 2189 4397 Romanos
2226 4342 2438 4398 dicere-

855 4440 952 4485 tur
993 4441 1117 4486 ante
1141 4449 1342 4486 nonum
1371 4430 1644 4486 Kalendas
1675 4433 1900 4498 Aprilis.
1949 4432 2028 4488 Eo
2061 4435 2206 4488 enim
2229 4433 2338 4499 die,
2380 4442 2438 4487 ut

857 4526 1034 4591 aiunt,
1085 4525 1230 4580 facta
1273 4533 1406 4580 sunt
1438 4524 1549 4580 duo
1583 4525 1900 4592 luminaria,
1936 4525 2141 4596 quibus
2195 4533 2440 4596 tempora

2536 3327 2916 3392 κανονίζοντας
2939 3341 2954 3356 ·
2994 3325 3091 3379 καὶ
3140 3325 3285 3396 μῆνα
3319 3326 3416 3396 μὲν
3447 3324 3678 3380 ἕκαστον
3719 3327 3857 3381 εῖναι
3890 3328 4117 3398 ἡμερῶν

2536 3420 2831 3491 τριάκοντα
2861 3417 2975 3486 (40)
3007 3416 3301 3490 ὁρίζουσιν.
3329 3417 3629 3488 ’Δρχεσθαι
3667 3418 3726 3472 δὲ
3759 3420 3858 3491 τὴν
3891 3419 4120 3491 πρώτην

2537 3512 2648 3566 ἀπὸ
2673 3513 2775 3582 τῆς
2801 3510 3024 3581 ἐαρινῆς
3054 3510 3343 3582 ἰσημερίας
3363 3551 3378 3575 ,
3407 3510 3443 3582 ἡ
3477 3511 3669 3583 ῥηθείη
3700 3511 3768 3567 ἂν
3803 3515 3946 3568 κατὰ
3978 3514 4117 3567 Ῥω.

2538 3603 2755 3676 μαίους,
2770 3602 2877 3673 πρὸ
2897 3600 3055 3655 ἐννέα
3069 3601 3349 3655 καλανδῶν
3374 3603 3702 3673 Ἀπριλλίων
3721 3603 3838 3676 (41)
3855 3623 3869 3637 ο
3897 3606 4112 3678 ἔπετδὴ,

2541 3695 2727 3766 φασὶν,
2755 3695 2805 3749 οἰ
2833 3693 2925 3748 δύο
2963 3693 3253 3764 φωστῆρες
3279 3696 3400 3748 τότε
3434 3696 3707 3762 ἐγένοντο,
3735 3691 3818 3762 οἷς
3843 3699 3893 3752 οἰ
3932 3700 4117 3768 χρόνοι

2540 3790 2636 3843 κα)⁸
2662 3790 2712 3841 οἰ
2755 3787 2990 3841 ιένιαυτολ⁵
3021 3783 3325 3856 δηλοῦνται.
3379 3787 3492 3841 Καὶ
3534 3787 3694 3842 τοῦτο
3739 3789 4014 3844 δείκνυται
4055 3793 4121 3845 τὸ

2540 3881 2640 3951 τὴν
2674 3878 2906 3949 σελήνην
2937 3877 3025 3931 διὰ
3053 3877 3433 3948 ὀκταετηρίδος
3459 3878 3538 3950 τῷ
3564 3879 3703 3952 ἡλίῳ
3726 3882 3986 3945 συνιέναι,
4021 3886 4121 3937 καὶ

2541 3973 2744 4044 ἀμφοῖν
2772 3969 2917 4024 κατά
2949 3969 3146 4024 ταύτὸν
3183 3972 3478 4043 νουμηνίαν
3529 3973 3870 4044 συμϐαίνειν.
3909 3975 4120 4030 Καθότι

2539 4065 2572 4134 ἡ
2632 4060 2958 4133 ὀκταετηρὶς
3013 4059 3107 4115 τοῦ
3169 4060 3489 4130 σεληνιακοῦ
3544 4063 3747 4137 δρόμου
3813 4065 4119 4138 πληροῦται

2541 4152 2698 4207 ὲννέα
2725 4149 2821 4204 καὶ
2847 4150 3172 4220 ἐνενήκοντα
3209 4151 3373 4222 μησὶν
3395 4193 3412 4218 ,
3442 4152 3678 4224 ἡμέραις
3725 4153 3784 4208 δὲ
3826 4156 4118 4227 δισχιλίαις

2539 4241 2878 4306 ὲννακοσίαις
2929 4242 3103 4296 εἴκοσι
3149 4241 3273 4296 δύο·
3307 4245 3368 4297 ὲν
3413 4237 3504 4309 αἷς
3549 4246 3580 4299 ό
3605 4245 3758 4316 ἡλιος
3794 4248 3920 4312 τοὺς
3969 4249 4118 4302 ὀκτὼ

2539 4335 2770 4407 δρόμους
2797 4332 2970 4401 ἀνύει,
3003 4333 3370 4406 λογιζομένων
3404 4336 3620 4408 ἑκάστῳ
3647 4337 3757 4393 ἔτει
3787 4342 4119 4411 τριακοσίων

2541 4428 2804 4498 ἑξήκοντα
2828 4423 2938 4494 (42)
2968 4424 3216 4496 ἡμερῶν,
3233 4426 3327 4480 καὶ
3359 4427 3584 4498 προσέτι
3607 4429 3869 4502 τετάρτου
3896 4432 4119 4504 ἡμέρας

2544 4521 2696 4593 μιᾶς.
2725 4517 2857 4572 Ἀπὸ
2889 4517 2998 4590 γὰρ
3029 4517 3130 4588 τῆς
3158 4518 3265 4590 πρὸ
3293 4519 3447 4574 ἐννέα
3468 4521 3744 4577 καλανδῶν
3773 4525 4117 4597 Ἀπριλλίων,

2054 4639 2323 4697 VALESII
2363 4633 2919 4695 ANNOTATIONES.

932 4717 1043 4799 (38)
1074 4733 1178 4812 Mti
1219 4750 1391 4812 fore
1416 4736 1644 4790 τούτων
1688 4735 2018 4812 φανέντων.
2064 4735 2432 4812 Scribendum
2469 4738 2510 4793 D
2583 4732 2693 4812 _(M

2354 4752 2432 4812 MP
2469 4738 2510 4793 υ
2583 4731 2754 4812 ,(Μ).
2768 4731 2888 4812 ιῖρρ
2911 4731 3093 4812 ἐννέα
3124 4733 3447 4812 ’ξαλρνδῶῆ
3471 4736 3841 4812 $3pr-
3872 4740 4115 4812 Epipha-

863 4815 994 4864 puto
1021 4811 1184 4874 μήπω
1215 4805 1273 4857 δὲ
1301 4806 1527 4873 τούτων,
1569 4805 1701 4861 εἰσί
1735 4807 1794 4861 Id
1838 4816 1958 4872 est,
2013 4807 2247 4861 nondum
2284 4806 2433 4860 novis

864 4875 1104 4948 frugibus
1163 4877 1330 4948 uisis,
1384 4887 1492 4932 etc.
1543 4879 1612 4931 At
1661 4879 1872 4948 μήποτε
1923 4878 2175 4934 eumdem
2208 4891 2436 4932 sensum

863 4962 971 5001 non
1001 4945 1192 5017 habet,
1238 4946 1334 5000 sed
1363 4948 1638 5016 significat
1665 4945 1958 5017 nunquam.

935 5016 1047 5084 (39)
1088 5018 1354 5086 Συμϐαιη
1393 5017 1508 5084 τὴν
1546 5016 1895 5087 ἐρχομένην.
1943 5017 2129 5073 Codex
2183 5016 2439 5073 Fuketia-

866 5103 971 5160 nns
1006 5091 1296 5160 scriptum
1362 5088 1528 5143 habet
1583 5088 1871 5160 συμϐαίνει
1927 5087 2438 5160 ΙθνίΑᾱίεοτὶωἱιιθ.

868 5155 1428 5231 Apml’Nicephorum
1479 5155 1668 5231 autem
1696 5159 1899 5231 legitur
1927 5157 2228 5231 συμϐαίνῃ.

937 5228 1049 5295 (40)
1102 5227 1357 5298 Ἡμερῶν
1399 5227 2029 5296 τριάκοντα.“.1;ιοοὶ›υε
2083 5227 2342 5286 Usserius
2382 5229 2440 5284 in

868 5293 1271 5355 Dissertation'e
1305 5301 1375 5354 de
1407 5293 1554 5354 anno
1590 5300 1760 5356 solari
1797 5299 2158 5356 Macedonum
2190 5305 2244 5356 et
2281 5300 2442 5354 Asia-

867 5384 1085 5433 norum,
1119 5384 1242 5439 cap.
1277 5370 1334 5436 2,
1382 5368 1752 5426 Sozomenum
1805 5370 1921 5425 falli
1957 5371 2175 5426 scribit.
2225 5369 2442 5424 Monta-

868 5440 1046 5495 nistas
1122 5443 1270 5495 enim
1350 5441 1682 5496 Asianorum
1761 5441 2046 5496 mensibus
2112 5456 2245 5496 usos
2317 5456 2445 5495 esse

865 5511 1171 5574 contendit,
1215 5525 1449 5583 quorum
1479 5511 1571 5566 alii
1598 5511 1826 5583 triginta
1858 5511 1977 5567 dies
2008 5511 2306 5576 habebant,
2343 5510 2440 5566 alii

868 5595 1040 5635 unum
1070 5583 1309 5653 amplius
1337 5582 1504 5637 diem.

2541 4803 2671 4882 nius
2709 4802 3100 4882 'Scholasticus
3124 4805 3351 4882 _legisse
3395 4802 3618 4882 videtur
3652 4810 3760 4882 πρῇ
3805 4802 3992 4866 ὀκτῶ.’
4021 4813 4119 4870 Sic

2542 4873 2953 4949 enim__vet:tit_:
3000 4872 3067 4927 Et
3117 4872 3367 4949 inchoare
3390 4879 3635 4949 primum
3689 4872 3753 4933 αὖ
3800 4886 4118 4949 ωᾳαίηοειίο

2542 4943 2772 5007 vernali,
2799 4942 2938 5012 quod
2961 4954 3038 4998 est
3065 4948 3351 5000 secundum
3385 4946 3645 5006 Romanos
3677 4942 3870 5006 octavo
3884 4955 4116 5009 Kalend.

2543 5015 2768 5085 Aprilis.
2800 5014 3142 5082 Nicephorus
3169 5025 3349 5070 tamen
3394 5019 3526 5072 nihil
3571 5030 3766 5075 mutat.

2618 5085 2732 5154 (4'2)
2777 5087 3144 5153 Τριακοσίων
3186 5087 3508 5152 ἐξήκοντα.
3559 5087 3801 5148 Iacobus
3853 5093 4120 5150 Usserius

2542 5156 2597 5211 in
2633 5157 2756 5210 loco
2793 5170 2960 5224 supra
2999 5157 3168 5210 citato
3198 5157 3526 5226 jampridem
3555 5162 3769 5217 monuit
3801 5163 4116 5218 addendum

2541 5242 2668 5283 esse
2699 5226 3028 5281 vocabulum
3058 5227 3220 5281 πέντε
3249 5245 3262 5281 :
3293 5237 3347 5284 et
3372 5229 3520 5284 hunc
3547 5246 3790 5287 errorem
3813 5249 3920 5288 non
3947 5236 4121 5289 δοιο-

2542 5298 2688 5370 meni
2720 5312 2870 5370 esse,
2902 5296 3003 5370 _s_ed
3032 5297 3382 5370 librariorum
3413 5305 3505 5370 qui
3532 5317 3652 5356 eam
3693 5319 3882 5359 vocem
3911 5307 4121 5361 omise-

2543 5369 2679 5422 rint.
2707 5367 2868 5422 Certe
2900 5365 3245 5437 Nicephorus
3277 5369 3331 5424 in
3371 5365 3512 5425 iibro
3536 5389 3610 5426 xu
3645 5374 3790 5428 hunc
3823 5374 4116 5430 Sozomeni

2543 5438 2726 5515 locum
2752 5437 3320 5515 despribenskvocem
3348 5440 3516 5515 πέντε
3545 5443 3732 5499 habet.
3769 5445 3877 5500 Sed
3907 5456 3961 5501 et
4001 5448 4116 5515 epi-

2545 5508 2814 5574 logismus
2837 5509 3050 5564 dierum
3087 5507 3455 5566 Octaeteridis
3490 5515 3630 5569 satis
3665 5516 3890 5570 mdical.
3927 5507 4117 5572 vocem

2545 5579 2705 5632 πέντε
2746 5579 2835 5633 hic
2863 5581 3184 5636 necessario
3220 5581 3523 5637 addendam
3554 5600 3695 5639 es-e.

2301 5689 2684 5747 VABIORUM.

946 5794 972 5821 ιι
1017 5783 1112 5849 Ὠς
1139 5783 1207 5847 ἐξ
1246 5783 1518 5854 ἀνάγκης
1549 5783 1799 5854 φθάνειν
1827 5783 1942 5854 τὴν
1967 5782 2037 5836 ἐν
2072 5781 2152 5847 τῷ
2173 5777 2271 5854 ἦρι
2307 5784 2440 5854 Iom-

869 5855 1104 5926 μερίαν.
1151 5854 1312 5911 Forte
1342 5852 1629 5934 legendum
1677 5855 1754 5917 ὡς
1797 5853 1857 5934 εξ
1893 5852 2147 5934 ἀνάγκης
2185 5852 2258 5922 μὴ
2306 5852 2442 5934 φθάτ

874 5924 1011 5991 νειν,
1043 5934 1174 5995 etc.,
1225 5942 1348 5998 qua:
1395 5924 1557 5984 lectio
1591 5927 1846 5983 convenit
1879 5941 2004 5982 cum
2049 5924 2278 5979 Socrate
2299 5962 2315 5991 ,
2347 5924 2442 5993 qui

2546 5782 2840 5861 de_eade_m_
2878 5798 2938 5839 re
2973 5799 3138 5861 agens
3169 5789 3278 5861 ait,
3303 5788 3506 5861 rlib.‘v,
3539 5803 3659 5861 cap.
3703 5789 3809 5845 22:
3846 5791 4122 5861 Σαμαρεῖς

2547 5853 2636 5977 ξιξ).
2671 5851 3117 5978 ἐζημερἱν
3162 5851 3501 5932 τὴνὲορτήν
3525 5851 3728 5932 ταύτην
3757 5851 4122 5920 ἐπιτελοῦσι-ιζ
