4460 6634
414 462 546 517 N73

1285 460 1606 517 HISTORIA
1648 461 2203 519 ECCLESIASTICA.
2233 459 2445 519 —LlB.
2485 461 2594 517 VII.

3519 473 3656 531 1474

406 586 483 645 ὡς
522 583 696 654 ἀρχῆς
720 580 887 653 οὔσης
941 581 1168 647 κτίσεως
1217 583 1367 654 ἡλίου
1404 587 1496 638 καὶ
1525 586 1741 657 πρώτου
1776 586 1977 656 μηνὸς,
2008 595 2051 646 Α
2080 594 2133 640 et

1890 586 1977 652 ὸς,
2008 595 2051 646 Α
2080 594 2133 640 et
2169 584 2297 639 anni
2332 585 2495 655 306
2526 584 2904 655 designantur.
2954 586 3121 658 quue
3148 603 3213 643 ex
3243 603 3309 644 eo
3339 593 3651 647 ostenditur

411 675 817 743 ἀναλογίζονται
841 675 937 746 τὴν
957 677 1076 747 είρη
1087 677 1373 745 μένηνταῖς
1391 680 1558 749 ἱεραῖς
1578 679 1821 749 Γραφαῖς
1853 694 1977 730 τεσ-

410 768 979 838 σαρεσκαιδεκαταίαν.
1029 770 1137 821 Καὶ
1180 767 1385 839 ταύτην
1416 766 1556 823 εἶναι
1599 770 1844 839 λέγουσι,
1878 772 1976 840 τὴν

409 858 513 926 πρὸ
565 857 707 911 ὀκτὼ
752 859 871 911 ίδῶν
915 859 1234 929 Ἀπριλλίων
1271 860 1380 931 (45)
1418 878 1433 893 ·
1485 861 1608 914 καθ’
1663 863 1730 933 ῆν
1780 861 1867 913 ἀεὶ
1915 861 1977 913 τὸ

408 948 597 1015 Πάσχα
649 947 891 1016 ἄγουσιν,
924 951 972 1002 εί
1022 950 1258 1020 συμϐαίη
1319 950 1413 1004 καὶ
1458 952 1556 1021 τὴν
1611 951 1975 1021 ἁναστάσιμον

405 1038 542 1109 αὐτῇ
578 1039 901 1109 συνδραμεῖν
936 1041 1145 1110 ἡμέραν
1180 1040 1290 1110 (44)
1316 1083 1331 1108 ,
1360 1042 1450 1094 ἐπὶ
1495 1045 1559 1113 τῇ
1596 1043 1828 1114 ἐχομένῃ
1863 1045 1974 1095 Κυ-

406 1133 569 1201 ριακῇ
603 1132 939 1201 ἑορτάζουσι.
975 1133 1287 1204 Γέγραπται
1321 1134 1430 1204 γὰρ
1456 1174 1468 1196 ,
1502 1136 1687 1205 φησιν,
1720 1136 1826 1187 ἀπὸ
1848 1151 1974 1187 τεσ-

406 1221 903 1293 σαρεσκαιδεκάτης
938 1222 1099 1293 μέχρι
1125 1225 1376 1293 είκοστῆς
1405 1221 1653 1295 πρώτηςξ

2081 675 2226 747 quod
2275 678 2402 730 luna
2458 684 2655 730 octavo
2706 692 2924 747 quoque
2987 693 3132 733 anno
3186 683 3465 736 concurrit
3524 698 3655 739 cum

2082 770 2217 833 sole,
2246 775 2300 823 et
2327 768 2573 838 utrisque
2600 769 2723 821 novi
2759 771 2964 825 mensis
3001 770 3216 825 initium
3248 773 3413 828 simul
3439 777 3656 830 contin-

2083 860 2179 931 git.
2222 858 2435 929 Quippe
2483 859 2773 913 octaeteris
2816 860 3026 917 lunaris
3053 897 3059 903 -
3088 864 3395 934 completur
3448 866 3653 921 mensi-

2084 953 2186 1007 bus
2238 952 2457 1021 quidem
2516 952 2816 1021 nonaginta
2874 968 3102 1029 novem,
3161 955 3357 1009 diebus
3406 948 3537 1009 vero
3570 956 3656 1011 bis

2083 1047 2231 1102 mille
2257 1045 2551 1117 nongentis
2576 1061 2639 1100 ac
2666 1047 2854 1117 viginti
2882 1046 3273 1112 duobushQuo
3299 1046 3511 1102 dierum
3531 1064 3656 1117 spav

2083 1138 2160 1193 tio
2195 1137 2277 1193 sol
2312 1144 2436 1191 octo
2466 1151 2733 1189 annorum
2767 1137 3042 1190 curricula
3066 1136 3331 1205 absolvit;
3369 1142 3653 1207 computa-

2084 1228 2155 1281 tis
2190 1227 2243 1282 in
2273 1227 2521 1296 singulos
2553 1241 2727 1280 annos
2779 1228 3039 1281 trecentis
3072 1220 3354 1298 sexaginta
3408 1229 3655 1304 quinque

404 1318 616 1382 diebus.
670 1334 732 1373 ac
772 1332 1032 1389 prieterea
1065 1323 1370 1389 quadrante
1415 1323 1581 1377 unius
1611 1322 1742 1376 diei.
1791 1320 1926 1376 Nam
1958 1337 1987 1375 a
2028 1323 2115 1377 die
2143 1338 2289 1376 nono
2338 1321 2612 1377 Kalendas
2658 1321 2885 1391 Aprilis,
2954 1325 3287 1390 tanquamia
3314 1314 3653 1392 'icj'éatiouis

405 1412 539 1465 solis
588 1425 650 1465 ac
697 1412 854 1480 primi
912 1414 1117 1467 mensis
1162 1414 1408 1479 exerdio,
1461 1422 1781 1482 computant
1820 1416 2352 1484 quartumdecimum
2386 1414 2529 1468 diem
2605 1414 2769 1483 cujus
2841 1414 2895 1467 in
2947 1409 3121 1469 sa’cris
3156 1408 3355 1468 Libris'
3398 1414 3456 1468 ﬁt
3500 1429 3640 1467 men-

404 1506 481 1555 tio
517 1520 530 1555 :
582 1512 634 1556 et
662 1503 811 1557 hunc
848 1518 974 1558 esse
1021 1504 1213 1558 dicunt
1267 1514 1521 1559 octavum
1571 1507 1700 1562 ldus
1732 1508 1965 1577 Apriles.
2011 1508 2131 1574 Quo
2160 1509 2378 1579 quidem
2422 1510 2509 1563 die
2542 1508 2753 1562 Pascha
2801 1516 3060 1577 perpetuo
3102 1507 3405 1571 celebrant,
3479 1505 3525 1560 si
3597 1506 3648 1559 in

402 1595 653 1650 eumdem
707 1595 878 1667 diem.
908 1597 1164 1653 inciderit
1221 1600 1647 1655 resurrectionis
1696 1600 1832 1655 dies.
1888 1599 1982 1655 Sin
2022 1584 2512 1671 minusasequenti
2582 1601 2672 1654 die
2740 1597 3025 1654 Dominico
3075 1599 3422 1654 festivitatem
3462 1606 3648 1668 agunt-

404 1687 683 1760 Scriptum
728 1696 813 1745 est
848 1690 1017 1757 enim,
1056 1699 1116 1745 ut
1148 1692 1326 1756 aiunt,
1376 1708 1406 1746 a
1438 1693 1851 1762 quartodecimo
1892 1693 1982 1751 die
2019 1696 2086 1750 ad
2114 1694 2432 1750 vicesimum
2471 1694 2727 1765 primum.

988 1783 1239 1837 ΚΕΦΑΛ.
1273 1782 1371 1838 ΙΘ’.
1850 1825 1860 1836 .

400 1846 744 1943 Καιίᾴλογος
774 1871 911 1943 τοῦ
972 1873 1361 1943 συγγραφέως
1418 1876 1705 1943 είδήσεως
1768 1876 1964 1942 ἄξιος,

468 1941 591 2066 ἕξις
635 1942 797 2011 παρὰ
844 1941 1148 2012 διαφόροις
1180 1945 1385 1999 ἔθνεσι
1431 1941 1541 1999 καί
1588 1941 1967 2017 Ἐκὸιλησίαις

2689 1786 2841 1842 CAP.
2884 1784 3030 1841 XIX.

2079 1878 2150 1934 De
2192 1882 2353 1935 rariis
2399 1878 2541 1947 apud
2573 1881 2752 1934 varias
2791 1880 3087 1947 provincias
3123 1885 3173 1930 et
3221 1874 3488 1947 Ecclesias
3531 1874 3652 1927 riti-

2177 1952 2272 2005 bus
2315 1946 2553 2003 narratio
2578 1951 2733 2013 huius
2782 1946 3016 2003 auctoris
3044 1950 3179 2001 scitu
3208 1946 3543 2016 dignissima.

629 2063 744 2175 *μὲν
798 2103 925 2175 περὶ
973 2103 1179 2193 ταύτης
1227 2105 1326 2176 τῆς
1369 2106 1561 2176 ἑορτῆς
1603 2107 1660 2162 ai
1696 2107 2044 2193 Scarpopai.‘B
2083 2063 2091 2070 .
2142 2103 2209 2157 Et

1891 2108 2044 2193 αίηΒ
2083 2063 2091 2070 ¹
2142 2103 2209 2157 Ει
2250 2102 2332 2158 hae
2366 2102 2584 2173 quidem
2621 2085 2849 2159 fuerunt
2903 2104 2958 2158 iu
3004 2101 3172 2171 hujus
3218 2099 3343 2155 festi
3390 2099 3650 2154 observa-

401 2192 695 2262 Σοφώτατα
733 2194 791 2248 δέ
834 2212 953 2258 πως
980 2192 1132 2265 οῐμαι
1187 2194 1486 2250 καταλῦσαι
1531 2197 1630 2267 τὴν
1684 2198 1970 2267 συμϐᾶσαν

400 2288 568 2341 πάλαι
597 2286 726 2358 περὶ
757 2286 961 2357 ταύτης
988 2287 1315 2357 φιλονεικίαν
1339 2328 1353 2353 ,
1390 2289 1517 2350 τοὺς
1542 2290 1685 2361 ἀμφὶ
1718 2290 1970 2363 Βίκτωρα

400 2379 492 2434 τὸν
524 2380 645 2433 τότε
691 2380 790 2449 τῆς
824 2380 1041 2450 Ῥώμης
1085 2380 1421 2443 ἐπίσκοπον,
1475 2381 1569 2434 καὶ
1616 2381 1969 2455 Πολύκαρπον

399 2471 490 2525 τὸν
522 2454 823 2544 Σμυρναῖον
842 2480 886 2526 ο.
933 2473 1085 2526 Ἐπεὶ
1113 2472 1221 2543 γὰρ
1250 2474 1300 2527 oi
1326 2473 1461 2542 πρὸς
1484 2473 1636 2526 δύσιν
1675 2454 1843 2545 ἱερεῖςν
1868 2476 1969 2530 οὐκ

400 2561 566 2631 ὤοντο
594 2564 702 2617 δεῖν
726 2565 936 2619 Παύλου
970 2566 1062 2618 καὶ
1089 2564 1294 2634 Πέτρου
1320 2564 1419 2633 τὴν
1452 2564 1749 2634 παράδοσιν
1771 2565 1968 2634 ἀτιμά-

402 2656 517 2719 ζειν
538 2671 552 2684 ·
586 2657 637 2708 oi
664 2656 721 2709 δὲ
763 2657 827 2710 ὲκ
852 2658 951 2726 τῆς
995 2656 1211 2722 Ἀσίας,
1254 2655 1474 2725 Ἰωάννῃ
1499 2654 1584 2726 ,τῷ
1611 2655 1964 2727 εὐαγγελιστῆ

474 2835 493 2867 ⁸
530 2832 689 2891 Socr.
720 2833 820 2889 lib.
850 2850 906 2902 v,
937 2848 989 2890 c.
1020 2833 1112 2891 22.

2067 2195 2215 2249 tione
2248 2196 2647 2263 discrepantia.
2691 2194 2863 2264 Porro
2888 2202 3133 2249 exortam
3164 2193 3294 2247 olim
3343 2191 3447 2245 hac
3484 2191 3552 2244 de
3590 2203 3651 2243 re

2066 2288 2500 2355 controversiam
2546 2287 2963 2356 sapientissime
3016 2286 3336 2341 dissolvisse
3382 2283 3515 2337 mihi
3568 2282 3651 2336 vi-

2066 2378 2228 2433 detur
2264 2377 2470 2441 Victor,
2515 2386 2649 2431 tunc
2697 2377 2962 2446 temporis
3014 2375 3389 2430 Romanorum
3428 2375 3649 2444 episco-

2067 2486 2189 2539 pus,
2249 2476 2304 2524 et
2353 2468 2691 2541 Polycarpus
2751 2466 3070 2539 Smyrnaeus
3108 2471 3145 2521 ‘.
3203 2455 3645 2538 Nam'quoniam

2064 2561 2439 2619 Occidentales
2509 2564 2753 2633 episcopi
2801 2564 3149 2617 traditionem
3200 2562 3350 2617 Pault
3394 2576 3457 2616 ac
3500 2559 3646 2615 Petri

2064 2656 2435 2729 abrogandam
2520 2672 2629 2711 non
2689 2671 2813 2713 esse
2862 2656 3205 2729 censebant;
3268 2654 3457 2711 Asiani
3515 2668 3649 2710 vero

1574 2986 1854 3071 yALESII
1900 2986 2451 3045 ANNOTATIONES.

472 3083 586 3155 (45)
652 3083 770 3152 Τὴν·
824 3082 937 3152 πρὸ
967 3075 1143 3155 ¹όκτὼ
1237 3080 1379 3135 ιδῶν
1438 3082 1823 3155 Ἀπριλλίουνξ
1865 3081 1970 3155 ilic

399 3149 623 3225 quoque
703 3149 922 3225 errasse
987 3154 1351 3225 Sozomenutu
1414 3154 1651 3225 _alh_r_mat
1725 3149 1968 3225 .lacobus

403 3221 695 3287 lflsserius,
747 3224 893 3303 quod
948 3224 1207 3304 {indiem
1254 3223 1457 3304 mensis
1506 3221 2040 3304 blontanistartimc

399 3291 802 3365 comparaverit
849 3309 974 3348 cum
1012 3293 1105 3365 die
1133 3302 1328 3365 octavo
1363 3294 1485 3346 ldus
1509 3291 1965 3365 Apriles.ASepti-

400 3362 546 3419 mani
587 3367 733 3419 enim
786 3366 911 3420 ldus
962 3364 1175 3433 Apriles
1232 3362 1415 3417 dicere
1462 3366 1646 3433 potius
1682 3363 1963 3417 debuerat.

400 3434 536 3489 Nam
588 3437 655 3489 14
692 3435 810 3490 dies
868 3432 1075 3488 mensis
1138 3432 1422 3488 Paschalis
1480 3432 1963 3495 Montanistarum,

398 3513 520 3559 erat
550 3506 615 3558 14
640 3508 843 3559 mensis
873 3504 1085 3573 septimi
1114 3502 1465 3564 Asianorum,
1504 3511 1561 3573 ut
1583 3503 1969 3573 docet_auctor

401 3576 687 3630 Paschalis
752 3569 1007 3628 Humilia:
1071 3575 1255 3628 editus
1315 3574 1457 3625 inter
1502 3572 1678 3640 Opera
1736 3569 1967 3626 Joannis

400 3646 805 3715 Chrysostomi,
846 3659 1006 3715 quem
1039 3643 1236 3715 ibidem
1273 3644 1405 3715 citat
1440 3642 1718 3715 Usserius.
1762 3642 1969 3715 Tacea-

405 3712 828 3786 ρεσιιαιδεκὰτην
862 3712 1026 3786 μηνος
1050 3713 1155 3786 τοῦ
1181 3712 1397 3786 πρῲτου
1425 3712 1701 3786 φυλάττει,
1724 3713 1967 3786 τουτέστι

405 3782 571 3855 μηνὸς
605 3782 833 3855 ἑϐδόμου
864 3782 999 3837 ἥδιστ’
1019 3782 1327 3855 -Ἂσιανοίές
1348 3819 1361 3841 ,
1410 3783 1484 3855 0".r_
1516 3782 1968 3855 τεσσαρεσκαιδετ

402 3851 573 3923 νεάτην
616 3856 673 3907 δὲ
727 3851 973 3925 σελήνης.
1019 3853 1191 3925 Porro
1247 3851 1593 3925 Montanista:
1656 3866 1779 3925 sero
1834 3852 1968 3904 mihi

402 3926 654 3979 videntur
698 3922 850 3978 hanc
878 3923 1160 3977 Paschalis
1209 3923 1415 3975 mensis
1449 3922 1765 3975 methodum
1805 3938 1971 3974 usur-

404 4011 583 4063 passe.
622 3994 781 4049 Initio
804 3998 945 4047 enim
973 3992 1183 4047 Pascha
1209 3992 1401 4063 eodem
1437 3994 1596 4043 modo
1634 4006 1743 4059 quo
1771 3991 1967 4063 reliqui

402 4061 660 4118 catholici
697 4065 1082 4127 celebrabant,
1134 4061 1594 4130 quemadmodum
1635 4065 1792 4117 docet
1834 4062 1969 4130 'l‘cr-g

404 4136 668 4189 tullianus
704 4134 757 4191 iu
800 4136 941 4188 libro
974 4132 1047 4186 De
1068 4128 1311 4201 jejuniis,
1353 4146 1475 4199 cap.
1512 4131 1597 4192 Η,
1632 4135 1715 4185 his
1743 4132 1925 4185 verbis
1950 4128 1969 4183 ι’

405 4207 515 4257 (ἰαι-
536 4204 741 4257 Pascha
762 4205 1084 4258 celebramus
1107 4218 1282 4254 annuo
1306 4202 1527 4263 circulo,
1562 4218 1734 4255 mense
1756 4204 1924 4267 primo
1944 4203 1969 4255 2’

405 4276 514 4330 Cur
539 4276 919 4345 quinquaginta
947 4273 1133 4327 exinde
1163 4272 1343 4345 diebus
1370 4274 1422 4325 in
1452 4274 1594 4325 omni
1616 4272 1969 4326 exsultatione

404 4344 787 4400 decurrimus?
826 4344 935 4399 Cur
988 4344 1306 4397 stationibus
1358 4352 1608 4410 ’quartam
1662 4354 1712 4394 et
1767 4352 1970 4394 sextam

407 4415 628 4471 Subbati
689 4414 972 4475 dicamus,
1024 4424 1072 4466 et
1114 4412 1353 4481 jejuniis
1381 4414 1745 4480 parasceven?
1786 4413 1969 4477 Quan-

404 4502 563 4556 quam
589 4495 637 4539 et
670 4502 755 4539 vos
780 4484 1068 4556 Subbalum
1093 4484 1445 4556 continuatis:
1488 4484 1533 4535 si
1562 4484 1793 4556 quando,
1831 4497 1967 4556 nun-

441 4573 562 4608 uam
599 4557 701 4609 nisi
752 4558 809 4609 in
852 4554 1063 4609 Pascha
1110 4551 1482 4621 jejunandum,
1516 4562 1626 4607 etc.
1686 4552 1784 4606 Ubi
1819 4553 1969 4604 vides

454 4626 807 4680 ertullianum
843 4625 1048 4680 diserte
1077 4625 1298 4684 testari,
1350 4622 1711 4676 Montanistas
1748 4622 1974 4689 perinde

375 4712 471 4751 .ac
515 4696 830 4750 Catholicos
865 4696 1076 4749 Pascha
1112 4692 1419 4746 celebrasse
1451 4710 1636 4747 mense
1683 4697 1886 4761 primo;
1920 4699 1973 4744 et

408 4765 773 4830 Parasceven,
811 4767 862 4819 id
892 4773 976 4819 est
1012 4769 1220 4832 sextam
1259 4762 1447 4815 feriam
1502 4779 1712 4832 magum
1755 4761 1972 4832 llcbdof

408 4836 604 4899 madis,
644 4836 806 4888 sintul
843 4851 966 4889 cum
1005 4835 1113 4887 illis
1148 4831 1467 4904 jejunasse;
1502 4830 1620 4904 et_a
1668 4832 1873 4904 Pascha
1906 4830 1972 4883 ad

410 4906 764 4960 Pentecosten
798 4907 945 4959 nulla
984 4898 1243 4957 habuisse.
1278 4903 1512 4970 jejunia.
1543 4898 1705 4957 Certe
1744 4902 1788 4954 si
1821 4898 1973 4953 Mon-

410 4977 620 5029 lanistae
650 4975 761 5044 jam
796 4986 909 5029 tum
949 4975 1003 5027 in
1034 4973 1281 5044 Paschali
1332 4976 1471 5044 l'est_o
1505 4988 1622 5025 eam
1655 4972 1972 5044 methodum

414 5038 772 5111 usurpassent
824 5061 987 5114 quam
1045 5044 1132 5095 hic
1196 5043 1366 5096 refert
1417 5040 1832 5114 Sozomenus,;
1863 5038 1972 5114 bon

416 5110 630 5184 semper
668 5110 877 5169 Pascha
909 5114 1286 5169 celebrassent
1316 5128 1503 5167 mense
1557 5115 1752 5181 primo.
1795 5110 1975 5184 Septi-

417 5181 567 5241 mus.
598 5187 739 5240 enim
792 5187 911 5239 dies
965 5184 1171 5253 Aprilis
1216 5197 1332 5248 non
1387 5196 1605 5252 semper
1628 5182 1852 5236 xiucidit
1918 5181 1974 5233 in

417 5270 657 5308 mensem
698 5256 951 5323 primum.

481 5324 592 5395 (44)
654 5320 1023 5394 Σὺνδραμεῖν
1088 5322 1337 5391 ἡμέραν.
1399 5323 1689 5379 Assentior
1767 5320 1974 5376 Jacobo

2078 3081 2326 3145 Usserio,
2362 3081 2458 3150 qui
2486 3088 2611 3149 post
2645 3080 2761 3135 hate
2784 3082 2950 3136 verba
2985 3081 3393 3139 distinctionem
3425 3085 3646 3140 hnaiem

2075 3163 2348 3225 apponit:
2383 3152 2683 3225 statimque
2714 3153 2931 3225 supplet
2963 3153 3063 3208 has
3104 3156 3401 3225 voces,_et
3448 3155 3505 3207 δὲ
3545 3159 3637 3225 μὴ,

2074 3220 2166 3294 ἐπὶ
2204 3224 2268 3294 τῇ
2304 3220 2715 3294 ἐχομένῃ,ειε.
2761 3221 2917 3287 Quod
2968 3224 3260 3280 conlirmat
3303 3220 3644 3294 Epiphanius

2077 3289 2690 3363 Scholasticusgi'utc}
2736 3294 3187 3363 interpretatione
3233 3289 3363 3363 ejus
3397 3289 3621 3363 apparet

2074 3359 2167 3415 Sic
2205 3361 2349 3431 enim
2372 3362 2555 3431 avertit
2585 3379 2598 3415 :
2638 3359 2937 3415 Secundum
2966 3377 3125 3431 quam
3151 3359 3353 3430 umber
3386 3359 3648 3431 celebrant

2075 3430 2312 3492 Pascha,
2332 3430 2378 3501 si
2402 3432 2670 3501 contingat
2694 3433 2853 3485 etiam
2887 3430 3197 3487 concurrere
3223 3430 3644 3501 resurrectionis,

2075 3501 2130 3553 id
2168 3510 2278 3573 est,
2316 3499 2640 3573 dominicum
2689 3502 2857 3573 diem;
2909 3505 3109 3572 alioqui
3143 3503 3421 3557 Dominica
3466 3499 3650 3573 super;

2075 3572 2311 3643 ueniente
2361 3570 2646 3643 celebrant.
2684 3575 2752 3623 At
2786 3570 3128 3641 Nicephorus
3151 3615 3165 3635 ,
3202 3590 3437 3643 eumque
3467 3570 3647 3628 secuti

2077 3640 2362 3712 Musculus
2399 3648 2465 3712 et
2508 3640 3072 3710 ChristOphorsoims,
3112 3652 3236 3712 post
3281 3640 3443 3698 voces
3495 3646 3644 3709 illas,

2074 3711 2135 3783 τὸ
2161 3712 2347 3780 πάσχα
2372 3711 2600 3783 ᾁγουσιν
2621 3751 2649 3783 ,_
2684 3721 2947 3780 punctum
2981 3716 3291 3768 ascribunt.
3335 3714 3645 3783 Statimque

2077 3781 2265 3854 legunt
2292 3782 2345 3832 εί
2365 3780 2684 3854 δὲ-συμὸαίῃ
2716 3790 2769 3835 ει
2797 3784 3008 3854 reliqua
3036 3821 3067 3844 ,ι
3090 3794 3147 3835 ιιι
3179 3784 3379 3836 habent
3414 3780 3647 3854 vulgata:

2073 3853 2366 3905 editiones.
2414 3851 2613 3904 Verum
2652 3852 2763 3904 hac
2804 3852 2966 3906 lectio
2998 3865 3160 3922 atque
3186 3854 3476 3909 distinctio
3513 3851 3647 3908 i‘erri

2074 3922 2302 3993 omnino
2338 3936 2447 3993 non
2482 3930 2679 3987 potest.
2712 3924 2823 3974 Cur
2855 3925 3000 3976 enim
3036 3925 3394 3986 Montanistm,
3433 3928 3647 3993 quoties

2076 3992 2196 4044 dies
2235 3990 2517 4044 Dominica
2573 3994 2942 4046 concurrebat
2991 4010 3114 4047 cum
3157 3994 3245 4048 die
3282 3990 3475 4046 octavo
3520 3994 3646 4048 ldus

2074 4061 2321 4129 Aprilis.
2392 4068 2713 4129 sequentem
2794 4060 3137 4117 Dominiram
3204 4070 3644 4129 exspectassent,

2077 4128 2349 4201 siquidem
2410 4128 2483 4184 eo
2533 4131 2619 4201 die
2684 4128 2893 4185 Pascha
2958 4128 3335 4186 deﬁniebant?
3404 4128 3647 4201 Apparet

2077 4201 2248 4269 igitur
2304 4199 2670 4271 Montanistas
2746 4215 3028 4271 nunquam
3085 4202 3297 4257 Pascha
3363 4199 3648 4257 celebrare

2076 4266 2355 4333 voluisse;
2434 4272 2539 4323 nisi
2600 4272 2689 4325 die
2750 4266 3056 4326 Dominico.
3131 4273 3367 4327 Proinde
3448 4273 3646 4325 falsum

2077 4343 2182 4395 erit
2208 4341 2350 4407 quod
2388 4341 2461 4393 ait
2489 4342 2848 4404 Sozomeuus,
2882 4358 2980 4397 eos
3012 4342 3472 4411 semperrPascha
3502 4344 3648 4397 cele-

2079 4411 2266 4464 brasse
2306 4419 2503 4481 octavo
2547 4411 2670 4464 ldus
2699 4411 2925 4479 Aprilis.
2963 4413 3038 4465 Ex
3081 4414 3284 4481 quibus
3334 4415 3647 4467 necessario

2078 4482 2369 4534 coniicitur
2403 4480 2599 4533 falsam
2652 4497 2773 4535 esse
2825 4480 3154 4551 scripturam
3208 4483 3541 4550 Nicephori;
3592 4490 3647 4537 et

2082 4552 2224 4604 hunc
2248 4552 2425 4603 locum
2456 4551 2528 4602 ita
2567 4551 2733 4605 scribi
2769 4552 2967 4606 debere
2995 4561 3052 4604 ut
3094 4554 3159 4605 ab
3201 4551 3425 4606 Usserio
3459 4568 3647 4606 emen-

2008 4602 2051 4656 Ι)
2076 4602 2253 4675 δάιος
2280 4602 2403 4675 est.
2418 4602 2422 4603 ί
2439 4602 2637 4673 pars."
2664 4602 2729 4673 ut
2774 4602 3538 4687 5restagnantis;uagus"
3555 4602 3645 4677 Vis

2077 4692 2280 4744 clarius
2305 4692 2536 4752 eluceat,
2569 4691 2642 4743 ita
2669 4693 2879 4759 concipi
2910 4693 3091 4746 debet.
3120 4693 3228 4746 Aut
3255 4694 3341 4745 die
3364 4693 3645 4745 Dominim

2036 4761 2040 4772 '
2076 4759 2286 4815 Pascha
2347 4761 2696 4814 celebrarunt
2746 4761 3125 4820 Montanistae‘.
3163 4772 3255 4815 aut
3295 4779 3422 4816 non.
3467 4762 3521 4816 Si
3556 4763 3645 4816 die

2080 4829 2387 4891 Dominieo,
2451 4832 2587 4884 l'alsa
2639 4833 2909 4899 scriptura
2955 4831 3249 4901 Nicophori
3290 4842 3343 4887 et
3392 4833 3643 4885 Christo-

2080 4902 2360 4971 phorsoni,
2390 4915 2511 4969 quae
2536 4900 2668 4953 dicit
2689 4901 3048 4957 Montanistas
3076 4900 3273 4957 eetavo
3297 4903 3419 4956 Idus
3442 4903 3642 4971 Aprilis

2041 4974 2048 4985 '
2079 4985 2290 5038 semper
2306 4970 2512 5023 Pascha
2537 4973 2866 5024 celebrasse.
2910 4971 2966 5025 Si
3001 4988 3129 5026 vero
3158 4989 3265 5027 non
3296 4975 3644 5026 celebrarunt

2078 5041 2165 5093 die
2202 5041 2504 5111 Dominico,
2532 5056 2641 5111 cur,
2664 5043 2883 5108 quoties
2911 5044 3030 5095 dies
3063 5054 3291 5097 octavus
3326 5044 3452 5098 ldus
3479 5042 3640 5111 Apria

2079 5112 2160 5164 les
2193 5112 2246 5163 in
2281 5111 2421 5182 diem
2439 5110 2775 5182 Doniinieum
2812 5113 3092 5172 inciderat,
3122 5124 3434 5182 sequentem
3461 5110 3643 5164 Dolui-

2078 5183 2260 5233 nicum
2287 5174 2716 5249 exspectabant?
2742 5181 2794 5232 Si
2826 5183 2968 5233 enim
3000 5174 3323 5237 nullam'diei
3350 5183 3643 5236 Dominira:

2078 5252 2346 5374 ἒιιῗυιιειιι
2374 5252 2664 5313 habebant,
2697 5252 2844 5303 illam
2876 5256 3055 5307 denuo
3082 5261 3401 5324 exspectare
3422 5254 3644 5305 minime

2116 5339 2143 5374 ε
2186 5328 2403 5373 uerunt.

2116 5328 2403 5375 cbuerunt.

1855 5499 2237 5583 VAntonuu.

485 5630 511 5659 ο
559 5618 955 5685 Πολύκαρπον
1001 5616 1108 5671 τὸν
1145 5617 1495 5688 Σμυρναῖον.
1553 5618 1605 5672 ls
1648 5618 1806 5687 longe
1850 5626 1977 5672 ante

422 5691 654 5746 Victoris
724 5690 1097 5759 pontiﬁcatum
1180 5692 1441 5759 martyrio
1507 5700 1804 5742 coronatus
1868 5696 1973 5741 est.

421 5765 600 5829 Quare
626 5760 819 5813 Petrus
842 5759 909 5814 de
939 5760 1117 5829 Marsa
1146 5760 1238 5812 lib.
1266 5776 1321 5812 ιιι
1342 5759 1417 5812 De
1436 5760 1739 5818 concordia.
1773 5773 1892 5826 cap.
1918 5760 1971 5821 5,

423 5828 705 5904 legendum
775 5832 997 5904 conjicit
1060 5828 1447 5904 Polycratem;
1514 5839 1810 5904 ct__v0ccs
1880 5830 1971 5881 τὸν

421 5898 722 5975 Σμυρναῖον
771 5901 1139 5957 exturbandas
1180 5898 1311 5956 esse
1353 5912 1556 5957 censet.
1596 5898 1794 5955 Verum
1844 5914 1967 5954 cum

2086 5590 2361 5679 Socrates,
2407 5615 2499 5670 lib.
2538 5631 2590 5680 γ,
2636 5632 2757 5687 cap.
2808 5616 2898 5681 22,
2945 5617 3311 5687 Polycarputn
3356 5617 3457 5671 sub
3505 5616 3644 5671 Gor-

2082 5688 2246 5741 diano
2282 5702 2502 5755 passum
2552 5685 2750 5746 tradat.
2787 5704 2894 5741 non
2927 5685 3123 5741 mirum
3166 5685 3249 5741 est
3284 5685 3643 5742 Sozomenum

2081 5759 2248 5811 vitam
2291 5758 2411 5823 ejus
2462 5756 2529 5810 ad
2582 5757 2816 5814 Victoris
2851 5768 3097 5827 tempora
3133 5757 3466 5813 extendisse.
3512 5758 3645 5812 Vide

2082 5827 2367 5899 Pearsonu
2405 5828 2480 5881 De
2500 5845 2728 5886 success.
2761 5829 2908 5883 Rom.
2941 5829 3158 5897 pontif.,
3192 5828 3283 5883 lib.
3310 5846 3370 5895 ιι,
3404 5843 3527 5899 cap.
3557 5829 3641 5883 i9.

2080 5897 2167 5952 W.
2208 5897 2426 5953 Lowrn.
