4460 6634
818 411 960 468 M75

2268 397 2612 458 SOZOMENI

3949 394 3978 447 1
3995 391 4100 447 εἰτὸ

815 527 1087 584 Joannem
1132 521 1528 595 evangelistam
1569 520 1727 592 sequi
1765 534 1826 578 se
1853 518 1994 575 velle
2040 517 2406 581 allirmabant,
2436 525 2481 582 Α
2513 518 2576 570 aut

2344 527 2406 581 tt,
2436 525 2481 582 Α
2513 512 2827 570 ἀκολουθεῖν
2858 511 3196 582 ἰσχυρίζοντο
3215 525 3230 541 ·
3264 503 3425 563 τοῦτο
3460 511 3610 580 κοινῇ
3638 508 3796 574 δόξαν
3822 548 3838 568 ,
3868 508 4105 562 ἔκαστοι

815 635 885 675 cx
926 616 1204 673 communi
1257 615 1496 670 consilio
1552 613 1786 684 placuit,
1841 619 1902 665 ut
1942 609 2143 680 singuli
2205 607 2401 662 festum

816 719 982 782 prcut
1021 714 1417 763 consueverant
1447 704 1814 766 celebrantes,
1853 716 1882 754 a
1933 707 2121 754 mutua
2168 699 2312 752 inter
2346 713 2405 751 se

815 797 1558 862 communionenequaquam
1585 791 1954 846 discederent.
1973 786 2211 842 Stultum
2235 786 2402 847 enim,

816 902 918 940 nec
958 886 1252 948 immerito,
1282 882 1442 952 307
1485 882 1896 941 existimabant,
1944 877 2403 932 consuetudinum

815 993 984 1034 causa
1020 977 1089 1030 ab
1124 991 1182 1030 se
1211 975 1448 1029 invicem
1483 973 1731 1044 separari
1759 987 1879 1035 eos,
1904 971 1995 1040 qui
2029 970 2082 1023 in
2112 967 2405 1040 praecipuis

817 1069 1106 1140 religionis
1155 1067 1428 1140 capitibus
1475 1065 1873 1120 consentirent.
1925 1062 2114 1131 Neque
2153 1063 2301 1117 enim
2349 1061 2406 1115 in

816 1160 1077 1216 omnibus
1117 1159 1403 1224 Ecclesiis,
1445 1157 1698 1228 quamvis
1744 1155 1993 1210 eamdem
2028 1152 2154 1208 ﬁdei
2203 1151 2408 1206 doctri-

817 1267 946 1308 nam
980 1251 1360 1323 proﬁteantur,
1391 1249 1610 1305 easdem
1641 1247 1967 1304 traditiones
1994 1260 2088 1316 per
2111 1245 2295 1299 omnia
2327 1244 2407 1298 si-

818 1342 982 1397 milcs
1020 1343 1262 1411 reperire
1291 1340 1440 1394 licet.
1491 1339 1652 1394 Certe
1705 1339 1761 1391 in
1829 1336 2108 1408 provincia
2162 1333 2405 1406 Scythia,

819 1433 1072 1503 quamvis
1116 1425 1301 1487 inulta:
1342 1431 1507 1485 urbes
1541 1431 1676 1494 sint,
1714 1443 1858 1482 unus
1902 1435 1986 1482 est
2015 1427 2260 1479 omnium
2292 1426 2410 1494 cpi-

821 1540 1049 1596 scopus.
1092 1525 1148 1578 In
1187 1525 1309 1578 aliis
1352 1531 1534 1576 autem
1571 1520 1892 1591 provinciis,
1940 1517 2212 1572 interdum
2244 1518 2408 1570 etiam

819 1617 931 1670 vici
959 1625 1316 1669 consecratos
1349 1612 1551 1666 habent
1575 1611 1891 1680 episcopos,
1926 1610 2074 1664 sicut
2101 1609 2154 1663 in
2189 1607 2407 1668 Arabia,

820 1717 875 1762 et
908 1707 962 1760 in
995 1705 1174 1759 insula
1199 1703 1378 1774 Cypro
1409 1703 1791 1763 animadverti,
1825 1709 1879 1754 et
1905 1700 2044 1770 apud
2077 1699 2412 1753 Novati-anes

821 1812 889 1853 ac
923 1797 1286 1851 MontaniStas
1327 1796 1418 1864 qui
1459 1801 1587 1848 sunt
1629 1796 1686 1846 in
1718 1791 1972 1863 Phrygia.
2022 1791 2176 1860 Apud
2214 1791 2413 1844 [toma-

2502 607 2579 670 ὠς
2607 604 2869 659 εἰώθεσαν
2900 603 3250 672 ἑορτάζοντες
3274 640 3290 665 ,
3325 600 3426 670 τῆς
3459 600 3595 671 πρὸς
3635 601 3776 669 σφᾶς
3799 599 4105 658 κοινωνίας

2502 699 2603 751 οὐκ
2650 696 3050 767 ἐχωρίσθησαν.
3100 692 3308 763 Εῠηθες
3357 691 3468 762 γάρ
3518 691 3613 744 καὶ
3668 692 3814 760 μάλα
3863 691 4104 750 δικαίως

2504 787 2810 850 ὑπέλαϐον,
2860 785 2998 839 ἐθῶν
3036 784 3222 836 ἕνεκεν
3271 782 3514 852 ἀλλήλων
3555 783 3922 851 χωρίζεσθαι.
3963 777 4106 847 περὶ

2503 876 2572 929 τά
2603 875 2790 946 καίρια
2829 874 2929 944 τῆς
2967 871 3261 942 θρησκείας
3292 869 3729 940 συμφωνοῦντες.
3773 871 3847 921 Οὐ
3878 869 3994 938 γὰρ
4024 869 4101 936 δὴ

2503 967 2603 1031 τὰς
2636 964 2808 1030 αὑτὰς
2838 963 3167 1036 παραδόσεις
3197 963 3325 1032 περὶ
3359 962 3536 1015 πάντα
3575 961 3802 1030 ὁμοίας,
3824 960 3929 1013 κᾶν
3968 959 4101 1027 ὁμέν

2504 1057 2645 1123 δοξοι
2695 1051 2830 1120 εἶεν,
2857 1058 2916 1109 ὲν
2944 1056 3145 1118 πάσαις
3187 1057 3307 1118 ταῖς
3335 1051 3686 1120 Ἐκκλησίαις
3706 1051 3887 1122 εὑρεῖν
3919 1050 4100 1104 ἐστιν.

2517 1149 2733 1222 ’Δμὲλει
2778 1147 2983 1203 Σκῦθαι
3041 1146 3234 1201 πολλαὶ
3283 1145 3467 1208 πόλεις
3517 1147 3702 1211 ὅντες,
3745 1146 3846 1200 ἕνα
3885 1146 4104 1205 πάντες

2505 1241 2801 1294 ἐπίσκοπον
2830 1239 3064 1310 ἔχουσιν.
3105 1234 3192 1290 Ἐν
3235 1237 3416 1300 ἄλλοις
3463 1233 3519 1290 δὲ
3544 1235 3755 1288 ἔθνεσιν
3783 1237 3934 1288 ἐστιν
3981 1237 4105 1304 ὅπη

2506 1334 2602 1387 κα)⁵
2638 1334 2695 1386 ἰν
2723 1331 2939 1402 κώμαις
2969 1331 3262 1384 ἐπίσκοποι
3291 1327 3596 1399 ίεροῦνται,
3625 1326 3703 1390 ὡς
3750 1328 3905 1398 παρὰ
3941 1330 4108 1397 Ἁρα-

2509 1425 2646 1488 6ίοις
2667 1425 2758 1477 καὶ
2781 1423 3050 1495 Κυπρίοις
3075 1419 3271 1489 ἔγνων,
3302 1423 3395 1474 καὶ
3595 1423 3707 1482 τοῖς
3738 1422 3798 1472 ὲν
3825 1421 4104 1487 Φρυγίαις

2509 1497 2903 1579 Ναυατιανοῖς,
2951 1515 3048 1567 καὶ
3086 1513 3504 1575 Μοντανισταῖς.
3545 1512 3795 1564 Διάκονοι
3844 1504 3902 1564 δὲ
3942 1510 4104 1578 παρὰ

2520 1609 2813 1679 Ῥωμαίοις
2852 1605 3023 1659 είσέτι
3057 1603 3152 1658 νῦν
3199 1601 3261 1656 οὐ
3308 1604 3528 1667 πλείους
3571 1605 3708 1656 είσὶν
3749 1604 3888 1657 ἑπτά
3913 1621 3927 1634 ⁸
3969 1603 4103 1655 καέ*

2511 1701 2802 1772 ὁμοιότητα
2835 1699 2944 1752 τῶν
2971 1697 3076 1751 ὑπὸ
3099 1696 3208 1750 τῶν
3237 1693 3550 1750 ἀποστόλων
3578 1695 4099 1766 χειροτονηθέντων,

2511 1787 2585 1846 ὧν
2637 1788 2705 1864 ἦν
2748 1791 3020 1862 Στέφανος
3063 1791 3092 1843 ὁ
3149 1789 3364 1861 πρῶτος
3413 1790 3794 1860 μαρτυρήσας.
3831 1788 3990 1856 Παρὰ
4037 1786 4103 1838 δὲ

823 1907 926 1946 nos
953 1891 1167 1944 diaconi
1191 1904 1298 1943 non
1326 1889 1512 1958 plures
1535 1894 1663 1941 sunt
1685 1885 1950 1940 hactenus
1974 1899 2135 1952 quam
2163 1891 2366 1953 septem
2393 1922 2408 1947 ,
2445 1877 2488 1936 Β
2516 1889 2584 1940 eo]

2344 1900 2366 1935 ιὶ
2393 1922 2408 1947 ,
2445 1877 2488 1936 Β
2516 1889 2624 1950 τοῖς
2674 1885 2854 1948 ἄλλοις
2895 1883 3188 1953 ἀδιάφορος
3239 1883 3269 1935 6
3311 1881 3517 1934 τούτων
3564 1881 3796 1951 ἀριθμός
3829 1891 3873 1934 ρ.
3924 1880 4105 1932 Πάλιν

825 1985 1003 2038 instar
1055 1997 1244 2037 eorum
1325 1979 1419 2050 qui
1475 1980 1542 2032 ab
1579 1978 1844 2048 apostolis
1890 1977 2125 2046 primum
2173 1973 2411 2028 ordinati

825 2083 978 2138 sunt,
1008 2090 1074 2128 ex
1117 2088 1352 2142 quorttm
1405 2087 1632 2126 numero
1673 2070 1774 2124 fuit
1810 2067 2126 2137 Stephanus
2168 2066 2264 2135 qui
2297 2064 2414 2135 pri-

824 2179 951 2220 mus
995 2165 1317 2235 martyrium
1365 2162 1608 2232 pertulit.
1663 2159 1819 2230 Apud
1867 2159 2004 2213 alios
2048 2172 2179 2212 vero
2237 2155 2413 2211 haud-

827 2271 1100 2328 quaquam
1134 2255 1394 2309 dcﬁnitus
1437 2262 1521 2309 est
1572 2267 1834 2308 numerus
1865 2251 2240 2305 diaconorum.
2275 2247 2415 2303 Prae-

829 2357 980 2401 terea
1039 2343 1224 2398 Romae
1279 2344 1576 2413 quotannis
1647 2343 1815 2398 semel
1861 2342 2080 2396 canitur
2135 2339 2410 2404 Alleluia,

829 2440 1004 2510 primo
1044 2439 1132 2492 die
1163 2437 1448 2492 Paschalis
1481 2435 1822 2502 festivitatis;
1856 2434 1994 2488 adeo
2033 2440 2093 2486 ut
2119 2433 2274 2485 multi
2307 2430 2416 2486 Ro-

828 2542 1117 2583 manorum
1169 2527 1273 2580 hoc
1313 2525 1669 2597 jurejurando
1728 2526 1804 2579 uti
1858 2524 2105 2585 soleant,
2157 2531 2217 2576 ut
2270 2521 2416 2576 hunc

829 2619 1092 2692 hymnum
1117 2619 1306 2674 audire
1338 2627 1394 2675 et
1423 2634 1620 2674 canere
1652 2617 1786 2689 ipsis
1819 2618 2117 2686 contingat.
2144 2613 2201 2669 ln
2225 2614 2414 2669 eadem

2515 1976 2582 2033 αὖ
2623 1977 2854 2031 ἑκάστου
2906 1975 3059 2038 ἔτους
3098 1973 3249 2039 ἅπαξ
3303 1975 3361 2026 ὲν
3403 1972 3590 2044 Ῥώμῃ
3629 1973 3743 2043 (45)
3793 1972 3856 2026 τὸ
3900 1972 4102 2044 Ἄλλη-

2515 2071 2667 2124 λούῖα
2699 2067 2812 2138 (46)
2842 2065 3102 2137 ψάλλουσι
3124 2105 3139 2130 ,
3178 2064 3321 2120 κατὰ
3357 2063 3456 2134 τὴν
3485 2064 3709 2135 πρώτην
3747 2063 3962 2134 ἡμέραν
3991 2064 4105 2134 τῆς

2514 2159 2820 2230 Πασχαλίου
2882 2158 3074 2230 ἑορτῆς
3098 2196 3114 2220 ,
3171 2157 3248 2220 ὡς
3315 2156 3528 2220 πολλοῖς
3595 2156 3881 2226 Ῥωμαίων
3930 2157 4105 2226 ὅρκον

2512 2248 2652 2305 εἷναι
2693 2251 2804 2321 (47)
2825 2291 2841 2316 ,
2873 2248 3062 2303 τοῦτον
3101 2249 3192 2302 τὸν
3221 2247 3391 2317 ὕμνον
3421 2246 3719 2316 ἀξιωθῆναι
3753 2247 3986 2300 ἀκοῦσαί
4031 2263 4102 2300 res

2512 2345 2606 2398 καὶ
2638 2342 2826 2411 ψᾶλαι.
2876 2339 3014 2394 Οὔτε
3059 2339 3116 2392 δὲ
3164 2342 3193 2392 ὁ
3240 2340 3540 2403 ἐπίσκοπος
3582 2340 3693 2408 (48)
3720 2379 3736 2403 ,
3770 2338 3896 2392 οὔτε
3933 2339 4102 2402 ἄλλος

2512 2453 2596 2498 τις
2625 2433 2811 2488 ἐνθάδε
2832 2433 2919 2485 ἐπ’
2940 2430 3234 2502 ἐκκλησίας
3260 2431 3500 2484 διδάσκει
3533 2441 3584 2485 ιι.
3633 2431 3784 2502 παρᾶ
3819 2431 3876 2484 δὲ
3908 2432 4103 2496 Ἀλεξ-

2515 2525 2768 2596 ανδρεῦσι
2832 2522 2990 2586 μόνος
3032 2523 3061 2573 ὁ
3107 2522 3207 2592 τῆς
3251 2522 3460 2586 πόλεως
3511 2523 3825 2586 ἐπίσκοπος.
3870 2523 4009 2576 Φασὶ
4035 2523 4101 2576 δὲ

2516 2616 2678 2670 τοῦτο
2701 2616 2762 2668 οὺ
2788 2613 3051 2685 πρότερον
3076 2612 3266 2675 εἰωθὸς
3291 2614 3658 2682 ἐπιγενέσθαι,
3682 2615 3776 2684 ἀφ’
3793 2608 3855 2667 οὗ
3876 2617 4102 2687 ’Λρειος

2026 2798 2298 2855 VALESII
2332 2797 2902 2856 ANNOTATIONES.

918 2893 1030 2961 (l5)
1069 2893 1259 2958 Ἀπαξ
1297 2895 1369 2948 ἐν
1407 2892 1617 2964 Ῥώμῃ.
1661 2890 2045 2964 Reprehendit
2079 2892 2182 2946 hoc
2235 2891 2407 2946 Baro-

832 2962 960 3019 nius
1004 2963 1069 3017 ad
1105 2979 1307 3019 annum
1338 2965 1469 3018 Chr.
1509 2961 1636 3027 384,
1685 2979 1835 3015 num.
1880 2963 1970 3015 28.
2009 2961 2207 3016 Verum
2242 2977 2407 3030 argu-

833 3043 1013 3088 menta
1037 3036 1237 3105 quibus
1275 3037 1326 3091 id
1354 3035 1588 3104 probare
1613 3033 1839 3105 nititur,_
1863 3047 2051 3101 parum
2084 3033 2240 3105 ﬁrma
2278 3031 2409 3105 mihi

833 3101 1110 3158 videntur.
1137 3101 1369 3159 Proinde.
1393 3105 1777 3158 auctoritatem
1809 3101 2097 3155 Sorom'eni
2133 3101 2220 3155 hic
2253 3103 2408 3170 sequi

835 3175 1044 3235 malim,
1085 3177 1321 3229 maxime
1353 3189 1478 3228 cum
1509 3174 1874 3228 Cassiodorus
1913 3174 2033 3239 ejus
2063 3173 2225 3226 verba
2261 3181 2412 3224 retu-

836 3215 1050 3314 16νὶιίιῖ
1085 3241 1321 3300 Historia
1364 3245 1657 3314 tripertita.
1697 3242 1800 3308 Qui
1853 3215 2097 3312 prodit-clo
2132 3256 2408 3314 nunquam
2438 3215 2482 3275 ο

835 3313 892 3367 id
951 3313 1222 3377 fecisset,
1285 3316 1387 3369 nisi
1439 3312 1583 3368 hunc
1649 3329 1854 3367 morem
1909 3320 2181 3364 vetustum
2244 3312 2416 3365 fuisse

835 3383 1037 3437 scisset
1088 3385 1346 3439 Ecclesiae
1395 3383 1684 3447 Romamn,
1727 3391 1785 3436 ut
1828 3384 1880 3434 in
1911 3396 1972 3434 ea
2000 3383 2167 3436 semel
2200 3389 2414 3435 tantum

833 3453 1067 3510 Alleluia
1101 3464 1414 3519 caneretur,
1445 3455 1534 3508 die
1573 3454 1786 3507 scilicet
1820 3451 2062 3505 Pascha.

907 3523 1020 3596 (46)
1069 3524 1848 3596 72111131061211Augustinus
1897 3519 1987 3596 In“
2012 3519 2279 3596 psalmum
2326 3533 2413 3596 cvi

835 3589 1191 3665 de'Alleluya
1241 3589 1314 3648 ita
1345 3594 1539 3649 scribit
1569 3589 1709 3647 z'Est
1757 3593 1896 3665 enim
1942 3589 2230 3665 llalleluya
2277 3589 2414 3658 quod

838 3667 987 3718 nobis
1022 3661 1240 3718 cantare
1296 3674 1436 3718 certo
1491 3672 1718 3732 tempore
1749 3663 2052 3717 solemniter
2098 3661 2286 3732 moris_
2314 3671 2414 3724 est,

837 3735 1125 3788 secundum
1176 3733 1431 3789 Ecclesia:
1476 3728 1750 3802 antiquam
1812 3733 2175 3784 traditionem.
2236 3728 2418 3798 Neque

837 3807 975 3858 enim
1005 3814 1055 3858 et
1085 3806 1182 3858 hoc
1206 3806 1319 3858 sine
1353 3814 1690 3858 sacramento
1723 3805 1880 3856 certis
1926 3802 2106 3854 diebus
2136 3810 2416 3853 cantamus

842 3873 1154 3944 llalleluya.
1181 3873 1351 3928 Certis
1372 3875 1580 3944 quidem
1600 3873 2083 3944 diebusgcantamus
2105 3870 2416 3944 Halleluya,

839 3948 930 3998 sed
985 3942 1128 3998 omni
1185 3946 1270 3998 die
1311 3942 1630 4014 cogitamus.
1676 3942 1733 3996 In
1780 3942 2143 4014 Eiiarratione
2182 3955 2312 3994 vero
2360 3943 2418 3994 in

841 4016 1114 4083 psalmum
1160 4028 1227 4067 cx
1256 4055 1271 4078 ,
1309 4012 1513 4070 diserte
1563 4022 1797 4066 testatur
1852 4012 2100 4083 Alleluya
2134 4018 2417 4083 cantatum

841 4080 1018 4154 luisse
1054 4093 1176 4154 post
1197 4085 1315 4140 dies
1338 4085 1802 4154 Quadragesimaa,
1835 4098 1864 4136 a
1897 4080 2103 4154 Pascha
2143 4096 2321 4154 usque
2350 4080 2418 4134 ad

839 4151 1228 4209 Pentecosten.
1268 4155 1362 4208 Sic
1393 4165 1448 4210 et
1483 4158 1538 4208 in
1571 4151 1928 4207 Enarratione
1958 4151 2153 4220 psalmi
2193 4166 2416 4214 chvnt,

842 4226 936 4278 ubi
988 4233 1249 4294 practerea
1301 4227 1508 4279 indicat
1553 4225 1901 4279 Christianos
1932 4238 1998 4294 eo
2035 4233 2280 4294 tempore
2311 4222 2418 4276 sibi

846 4293 1082 4350 invicem
1133 4295 1342 4349 dixisse
1397 4295 1682 4363 Alleluya,
1731 4297 1875 4348 inter
1917 4293 2315 4363 salutandum,
2360 4299 2420 4346 ut

840 4365 1059 4434 Opinor.
1100 4363 1432 4434 Nunciergo,
1468 4361 1685 4434 fratres,
1717 4365 2062 4418 exhortamur
2093 4371 2272 4434 vosut
2299 4362 2422 4414 lau-

843 4432 980 4490 detis
1027 4435 1213 4488 Deum.
1253 4433 1322 4488 Et
1349 4432 1569 4489 'lioc'est
1605 4435 1743 4504 quod
1774 4435 1920 4488 vobis
1942 4449 2134 4504 omnes
2169 4432 2417 4494 dicimus,

840 4507 1053 4576 quando
1077 4506 1304 4576 dicimus
1344 4506 1623 4576 Alleluya.‘
1657 4505 1899 4558 Laudato
1939 4503 2250 4576 Dominum,
2283 4504 2416 4555 dicis

843 4557 900 4628 ἷιι
923 4557 1081 4630 alteri
1105 4591 1124 4638 ,'
1148 4557 1723 4644 dicitiipsetibi'sCum
1752 4557 1801 4629 te
1829 4557 2005 4629 omnes
2041 4557 2416 4639 exhortantur,
2449 4557 2494 4614 υ

844 4661 1022 4700 omnes
1053 4646 1256 4714 faciunt
1297 4645 1435 4714 quod
1462 4645 1766 4698 hortantur.

915 4716 1028 4784 (47)
1053 4707 1171 4779 ’Ὦς
1202 4707 1452 4782 πολλοῖς
1493 4714 1794 4784 Ῥωμαίων
1830 4713 2012 4781 ὅρκον
2050 4707 2423 4784 elrattAnti-

842 4780 938 4855 qui
973 4780 1068 4856 per
1093 4795 1217 4838 vota
1244 4800 1346 4840 sua
1371 4780 1561 4854 jurare
1597 4780 2016 4856 consueverant.
2066 4780 2424 4856 lt_a_Julian_tt_s

844 4850 1301 4910 (Eum-exercitum
1345 4850 1750 4924 alloqueretnr,
1795 4855 1984 4924 jurare
2037 4853 2294 4906 solebat:
2329 4850 2420 4905 Sic

844 4925 940 4978 sub
963 4925 1151 4994 jugum
1185 4925 1413 4979 mitteret
1442 4925 1630 4978 Persas
1659 4940 1677 4978 :
1709 4925 1786 4977 ita
1825 4932 2134 4994 quassatum
2161 4931 2422 4976 recrearet

845 4993 1364 5060 orbem’llomanum,
1392 5004 1451 5049 ut
1481 4997 1674 5049 scribit
1705 4995 2031 5048 Ammianus
2064 4993 2420 5048 Marcellinus

845 5065 905 5120 in
933 5065 1031 5121 lib.
1071 5080 1176 5120 xxv
1200 5105 1226 5136 ,ι
1264 5079 1388 5138 pag.
1426 5065 1551 5120 270.
1587 5065 1672 5120 Ad
1713 5078 1878 5136 quem
1935 5065 2116 5120 locum
2156 5062 2327 5133 lvide,
2375 5063 2422 5118 si

2516 2895 2715 2964 placct,
2757 2910 2879 2964 quae
2917 2893 3197 2949 adnotavi.
3239 2894 3316 2948 Ex
3361 2891 3452 2947 his
3495 2905 3657 2964 porro
3702 2891 4094 2964 intelligendus

2514 2963 2600 3020 est
2644 2963 3075 3037 locnsJoannis
3108 2964 3484 3037 Chrysostgmi
3534 2963 3588 3037 in
3637 2963 3856 3037 homilia
3893 2963 3962 3015 20
4008 2965 4094 3016 λά

2514 3035 2764 3102 populum
2795 3031 3341 3097 Antiochenumfubi
3385 3031 3751 3102 Theodosium
3795 3034 4096 3102 imperato-

2518 3101 2630 3158 rem
2655 3107 2741 3174 sic
2761 3106 3069 3174 loquentem
3099 3106 3308 3158 inducit
3334 3120 3348 3155 :
3376 3104 3484 3174 Καὶ
3505 3101 3667 3171 εὐχῆς
3692 3120 3780 3174 μοι
3807 3101 4092 3171 διήνεκοίς

2519 3175 2676 3244 ἔργον
2714 3171 2803 3243 ἦν,
2831 3171 2931 3244 τὴν
2950 3175 3101 3227 πόλιν
3131 3175 3344 3244 ἐκείνην
3360 3173 3512 3244 ίᾷεῖν,
3548 3177 3641 3225 κα)⁵
3668 3171 3853 3225 τοῦτον
3871 3175 4093 3227 ἑποιοὺ-

2515 3241 2622 3314 pay.
2664 3241 2825 3315 ὅρκον
2868 3241 3006 3315 προς
3070 3241 3316 3315 πάντας(
3349 3241 3467 3315 ΑΝιεο
3525 3245 3687 3315 aliter
3734 3245 4090 3314 interpretari

2515 3312 2666 3368 soleo
2697 3312 2922 3368 'Iocum‘
2946 3313 3168 3369 Senecae
3215 3316 3266 3368 in
3308 3313 3402 3367 lib.
3442 3327 3478 3365 ll
3528 3312 3602 3366 De
3645 3312 3920 3374 clementia
3946 3354 3960 3375 ,
3994 3317 4090 3370 ubi

2514 3399 2703 3438 vocem
2740 3385 2888 3437 illam
2909 3384 3161 3447 Neronis,
3191 3383 3383 3438 Vellem
3417 3385 3616 3436 nescire
3650 3385 3874 3445 litteras,
3911 3395 4095 3438 tanto-

2516 3469 2646 3524 pere
2697 3454 2902 3508 laudat.
2960 3454 3004 3510 0
3056 3471 3250 3515 vocem,
3299 3454 3498 3523 inquit,
3554 3455 3609 3506 in
3639 3456 3938 3508 concionem
3975 3473 4095 3508 om-

2515 3526 2660 3577 nium
2697 3526 3010 3577 mortalium
3047 3525 3356 3579 mittendam
3384 3563 3400 3586 ,
3438 3524 3493 3576 in
3535 3524 3687 3591 cujus
3718 3524 3868 3578 rerba
3913 3541 4093 3578 omnes

2515 3595 2778 3663 principes
2803 3610 3046 3663 regesque
3075 3595 3441 3662 juramentum
3482 3593 3710 3662 faciant.
3770 3593 3926 3659 Quod
3969 3597 4098 3663 qul-

2517 3665 2642 3734 dem
2675 3679 2776 3718 nec
2805 3663 3050 3719 Muretus
3082 3679 3183 3734 nec
3229 3663 3463 3734 Lipsius
3485 3665 3890 3717 intellexerunt.
3927 3664 4098 3734 Optat

2520 3732 2728 3804 Seneca
2758 3743 2819 3789 ut
2845 3750 2910 3788 ex
2949 3736 3016 3789 iis
3060 3732 3501 3804 Neronis—verbis
3527 3733 3902 3801 juramentum
3935 3732 4095 3804 pri..-

2517 3806 2667 3870 cipes
2701 3803 2904 3859 faciant
2946 3807 3048 3860 hoc
3079 3804 3280 3858 modo:
3317 3802 3403 3857 Ita
3443 3805 3596 3857 velint
3632 3805 3830 3858 nescire
3861 3802 4094 3868 litteras,

2517 3875 2596 3928 sic
2633 3874 2814 3929 vellem
2849 3891 2964 3929 mea
3000 3891 3161 3928 manu
3190 3875 3500 3927 damnatum
3532 3875 3808 3928 neminem.

2588 3945 2700 4013 (48‘,
2743 3946 2892 3998 Οὔτε
2923 3945 2992 3998 δὲ
3017 3948 3049 3999 d
3083 3945 3439 4009 ἐπίσκοπος.
3479 3944 3673 3998 Mirum
3705 3954 3789 3999 est
3827 3945 3972 4004 quod
4002 3946 4100 4000 hic

2519 4015 2597 4068 ait
2633 4014 3006 4081 Sozomenus,
3052 4014 3236 4068 Romae.
3267 4029 3367 4068 nec
3393 4016 3747 4085 episcopum,
3794 4031 3893 4069 nec
3923 4017 4096 4068 alium

2518 4100 2888 4154 quemquam,
2951 4087 3004 4138 in
3050 4086 3280 4140 ecclesia
3336 4101 3645 4140 sermonem
3710 4085 3967 4141 habuisse
4025 4088 4097 4139 ad

2520 4156 2802 4224 populum.
2855 4154 2966 4209 Nec
2994 4157 3250 4225 estquod
3284 4159 3409 4224 quis
3438 4155 3777 4224 suspicetur,
3811 4157 3898 4208 hic
3933 4156 4101 4210 Soxn.

2519 4240 2739 4280 menum
2777 4225 2914 4278 falli.
2951 4225 3084 4279 Nam
3125 4226 3491 4280 Cassiodorus
3519 4228 3614 4295 qui
3647 4225 3827 4279 Roma:
3861 4230 4094 4288 vixerat,

2518 4302 2572 4349 et
2603 4295 2904 4366 Romanam
2943 4295 3244 4352 Ecclesiam
3279 4296 3758 4366 frequentaverat,
3796 4297 3941 4351 hunc
3977 4313 4095 4349 mo-

2519 4380 2634 4419 rem
2673 4365 2932 4420 Ecclesia:
2979 4367 3237 4420 ltomanze
3280 4365 3467 4420 retulit
3502 4367 3556 4420 in
3600 4365 3834 4421 Historia
3862 4383 3958 4421 sua
4000 4369 4098 4419 tri-

2520 4437 2744 4504 pertita.
2773 4436 2928 4502 Quod
2973 4437 3161 4505 procul
3195 4436 3363 4489 dnhio
3421 4435 3668 4490 facturus
3715 4453 3821 4490 non
3861 4445 4001 4499 erat,
4043 4439 4093 4491 si

2524 4506 2572 4557 id
2609 4505 2805 4576 falsum
2831 4521 2954 4560 esse
2976 4507 3356 4576 comperisset.
3381 4506 3612 4560 Exstant
3637 4507 3857 4576 quidem
3881 4522 4097 4562 sermo-

2522 4589 2620 4648 nes
2659 4574 2859 4648 Leonis
2903 4590 3061 4648 papae
3081 4574 3222 4646 quos
3257 4575 3444 4648 Rpmae
3482 4574 3769 4648 habuit__ad
3806 4579 4093 4648 populum.

2521 4641 2724 4699 Verum
2763 4647 2818 4700 id
2862 4641 3141 4700 recentius
3180 4654 3263 4700 est
3293 4645 3622 4700 Sozomeno.
3657 4644 3767 4702 Nec
3799 4641 3924 4701 ant'e
3958 4647 4096 4702 Leo-

2521 4729 2646 4768 nem
2679 4730 2872 4785 papam
2892 4729 3192 4787 sermones
3230 4716 3398 4770 ullius
3433 4715 3665 4770 Romani
3711 4718 3986 4787 pontiﬁcis
4024 4718 4094 4770 ad

2523 4784 2784 4854 populum
2819 4785 3039 4839 habitos
3071 4784 3300 4856 proferri
3348 4801 3511 4854 posse
3536 4784 3815 4841 existimo.
3853 4789 4095 4854 Uhjiciet

2521 4855 2757 4926 fortasse
2777 4856 2975 4924 aliquis
2999 4855 3303 4926 sermonem
3324 4856 3526 4912 Liberii
3551 4872 3702 4926 papa:
3724 4872 3882 4925 quem
3902 4858 4096 4910 habuit

2521 4921 2780 4979 Romaein
2801 4921 3034 4980 ecclesia
3067 4927 3209 4980 beati
3231 4925 3402 4990 Petri,
3427 4927 3516 4982 die
3549 4921 3759 4981 Natalis
3797 4927 4093 4988 Dominici,

2523 5005 2792 5064 praesente
2839 4995 3168 5068 Bononiensi
3227 5000 3529 5068 episcopo,
3601 4997 3669 5050 ad
3723 4997 4095 5051 Mareellinam

2526 5080 2773 5121 sororem
2797 5067 3072 5122 Ambrosii
3102 5076 3156 5122 et
3185 5068 3322 5123 alias
3349 5067 3589 5139 virgines
3615 5083 3738 5138 quae
3765 5075 3896 5122 tunc
3922 5069 4092 5138 virgi-

2289 5239 2593 5300 VARIORU
2605 5243 2676 5298 Μ.

919 5364 948 5405 v
997 5350 1269 5422 "apalis
1317 5349 1441 5417 τοῖς
1481 5352 1694 5418 ἄλλοις
1749 5351 2072 5421 ἀδιάφορος
2114 5355 2146 5407 ὀ
2190 5354 2414 5407 τούτων

847 5421 1109 5494 ἀριθμός.
1158 5421 1216 5477 Si
1253 5437 1364 5494 qua
1403 5431 1585 5476 tamen
1625 5423 1760 5479 fides
1801 5425 2112 5478 Abrahamo
2177 5422 2408 5478 Ecchel-

851 5493 1010 5554 lensi,
1053 5494 1284 5546 Severus
1305 5493 1732 5552 Alexandrinus,
1764 5495 1857 5562 qui
1897 5497 2043 5547 Vitas
2075 5495 2414 5563 patriarcha-

849 5581 970 5623 rum
1011 5563 1502 5634 Alexandrinorum
1554 5565 1791 5634 collegit,
1847 5576 2052 5632 septem
2094 5565 2242 5618 solos
2289 5564 2414 5616 dia-

849 5651 1020 5691 conos
1097 5633 1442 5687 Alexandriae
1515 5650 1545 5687 a
1609 5636 1737 5688 divo
1803 5634 1986 5688 Marco
2072 5634 2410 5689 constitutos

849 5706 1069 5775 asserit,
1111 5711 1170 5756 ut
1201 5705 1406 5757 notavit
1439 5704 1762 5775 Beveregins
1792 5705 1859 5758 ad
1890 5721 1957 5759 xv
1976 5719 2242 5760 canonem
2276 5719 2413 5758 con-

849 5776 962 5831 cilii
993 5774 1244 5828 Neocaesa
1256 5775 1470 5829 riensis.

920 5854 950 5896 ιι
998 5845 1092 5898 Ἐν
1132 5843 1321 5915 Ῥώμη
1348 5875 1415 5885 -
1437 5845 1573 5900 οὔτε
1601 5849 1633 5900 ό
1661 5844 2021 5912 ἐπίσκοπος,
2056 5845 2193 5904 οὔτε
2222 5843 2413 5913 ἄλλος

2519 5375 2615 5428 τις
2640 5357 2734 5410 ἐπ’
2771 5357 3109 5428 ἐκκλησίας
3149 5354 3440 5428 διδάσκει.
3483 5355 3839 5428 Contrarium
3881 5357 4094 5428 colligit

2518 5443 2549 5498 e
2587 5427 2834 5498 Gregorii
2879 5426 2959 5484 Μ,
2987 5428 3240 5482 Homiliis
3270 5429 3321 5480 in
3359 5427 3548 5482 Escelt.
3581 5437 3630 5482 et
3671 5426 3953 5498 Evangelia
4004 5426 4090 5485 Ci.

2522 5497 2961 5569 Stillingileetus,
3013 5498 3252 5555 Casuum
3282 5499 3579 5569 ecclesiast.
3622 5508 3763 5568 part.
3797 5497 3835 5561 ι,

2520 5567 2731 5623 Verum
2756 5571 2861 5625 illa;
2907 5581 3036 5626 sunt
3073 5573 3408 5624 recentiores
3459 5567 3785 5624 Sozomeno.
3821 5567 3884 5622 lt.
3921 5568 3980 5622 P.
4024 5569 4090 5624 ι).

2521 5638 2807 5709 llooperus
2849 5641 2904 5695 in
2943 5641 3229 5697 Dissertat.
3275 5640 3339 5693 de
3371 5639 3813 5709 Quadragesima,
3859 5648 3999 5708 pars.
4050 5659 4090 5704 ι,

2519 5725 2641 5779 cap.
2673 5711 2728 5771 9,
2764 5711 3020 5766 emendat
3047 5728 3111 5766 ex
3145 5711 3464 5779 conjectura
3493 5711 3601 5765 εἴτε
3625 5711 3680 5763 δὲ
3710 5711 3739 5763 ὁ
3768 5710 4090 5776 ἐπίσκοπος,

2520 5782 2629 5834 εἴτε
2671 5781 2827 5847 ἄλλος
2855 5799 2957 5847 τις.
2993 5781 3078 5837 W.
3110 5780 3357 5855 Lowrn.‘

3870 5500 3936 5568 p.’
3958 5498 4089 5552 Ξίὶὸ.
