4460 6634
422 435 559 492 1477

1344 434 1670 487 HISTORIA
1716 428 2289 489 ECCLESIASTICA.
2310 429 2516 485 —-LIB.
2544 428 2655 485 ΥΠ.

3554 425 3575 479 1
3587 421 3694 481 ηε

421 551 793 623 πρεσϐύτερος
843 550 918 603 ὢν
947 590 961 612 ,
998 552 1127 622 περ).
1166 550 1259 603 τοῦ
1306 552 1578 623 δόγματος
1631 552 2012 623 διαλεγόμενος
2044 564 2085 616 Α
2120 566 2182 604 ur

1931 570 2012 615 νος
2044 564 2085 616 Α
2120 550 2202 604 url
2222 564 2277 611 e.
2298 565 2396 604 nec
2417 551 2728 618 episcopus.
2763 560 2863 601 nec
2886 546 3024 600 alius
3053 546 3346 615 quisquam
3379 544 3432 600 in
3460 546 3692 600 ecclesia

420 644 762 715 ενεωτὲρισε.
814 644 975 696 Ξένον
1018 645 1074 697 δὲ
1133 646 1350 697 κάκεῖνο
1384 648 1535 714 παρὰ
1598 644 2003 713 Ἀλεξανδρεῦσι

421 735 651 796 τούτοις.
710 735 1261 803 Ἀναγινωσκομένων
1316 736 1425 805 γὰρ
1469 737 1576 788 τῶν
1634 736 2003 803 Εὑαγγελιων,

419 826 524 879 οὐκ
570 824 926 878 ἐπανίσταται
963 826 992 877 6
1029 826 1329 889 ἑπίσκοπος
1354 845 1367 857 ·
1424 827 1453 879 ὃ
1503 828 1633 895 παρ’
1671 826 1848 885 ἄλλοις
1891 823 2004 877 οὔτ’

424 915 617 982 ἔγνων,
643 915 753 967 οὖς’
772 919 1005 984 ἀκήκοα.
1035 918 1250 984 Ταύτην
1276 919 1332 969 δὲ
1359 920 1456 985 τὴν
1489 918 1639 987 ἱεράν
1665 916 1845 985 βίϐλον
1871 917 2002 968 ἀνα-

425 1009 681 1074 γινώσκει
727 1009 911 1060 ἐνθάδε
959 1008 1116 1077 μόνος
1163 1011 1191 1060 6
1235 1010 1607 1078 ἀρχιδιάκονος
1641 1019 1660 1046 π
1702 1026 1714 1039 ·
1764 1009 1917 1078 παρὰ
1948 1008 2004 1061 δὲ

425 1100 646 1161 ἄλλοις,
697 1101 973 1152 διάκονοι·
1028 1102 1085 1152 ἑν
1136 1100 1355 1163 πολλαῖς
1409 1102 1465 1154 δὲ
1528 1101 1912 1171 Ἑκκλησίαις,
1953 1101 2002 1154 οἱ

428 1194 591 1262 ἱερεῖς
624 1193 785 1261 μόνοι.
844 1194 931 1243 Ἐν
962 1192 1018 1245 δὲ
1052 1194 1347 1261 ἐπισήμοις
1384 1194 1617 1263 ἡμέραις
1641 1233 1655 1254 ,
1692 1194 2000 1257 ἐπίσκοποι,

424 1284 499 1345 ὼς
535 1286 591 1335 ἐν
624 1286 1190 1337 Κωνσταντινουπόλει
1230 1285 1367 1335 κατά
1399 1288 1497 1351 τήν
1537 1285 1759 1353 πρώτην
1789 1285 2003 1353 ἡμέραν

422 1376 523 1446 τῆς
558 1378 928 1445 αναστασίμου
970 1378 1080 1441 (49)
1117 1377 1329 1445 ἑορτῆς.
1362 1378 1472 1429 Καὶ
1519 1377 1617 1446 τὴν
1660 1376 1769 1447 πρὸ
1802 1377 2004 1443 ταύτης

423 1467 481 1519 δὲ
533 1468 873 1536 καλουμένην
932 1468 1416 1538 τεσσαρακοστὴν,
1449 1470 1506 1521 ἑν
1642 1468 1891 1536 νηστεύει
1943 1467 2004 1519 τὸ

428 1557 629 1625 πλῆθος
649 1598 663 1621 ,
691 1560 738 1608 οἱ
774 1558 871 1625 μὲν
900 1557 977 1619 εἰς
1020 1556 1077 1622 ἒξ
1111 1556 1409 1624 ἑϐδομάδας
1434 1558 1653 1626 ἡμερῶν
1679 1557 2000 1623 λογίζονται,

424 1646 498 1709 ὼς
548 1648 793 1715 Ἰλλυριοὶ
829 1650 920 1699 καὶ
954 1650 1000 1698 οἱ
1040 1648 1176 1714 πρὸς
1204 1648 1357 1699 δύσιν
1380 1689 1393 1707 ,
1426 1648 1598 1717 Λιϐύη
1634 1665 1691 1699 τε
1724 1652 1874 1701 πᾶσα
1908 1649 2003 1699 καὶ

426 1736 699 1801 Αἴγυπτος
729 1738 824 1789 σὺν
844 1740 954 1797 τοῖς
983 1737 1379 1799 Παλαιστινοῖς.
1411 1738 1472 1789 Ol
1511 1738 1588 1801 δὲ,
1629 1739 1802 1802 ἑπτά,
1826 1738 1901 1800 ὼς
1944 1740 2001 1789 ἑν

424 1830 1020 1891 Κωνσταντινουπόλει,
1063 1831 1156 1882 καὶ
1202 1833 1313 1893 τοῖς
1365 1829 1526 1899 πέριξ
1578 1829 1791 1892 ἔθνεσι,
1836 1829 1999 1899 μέχρι

421 1920 703 1973 Φοινίκων.
742 1920 924 1972 Ἀλλοι
954 1920 1049 1984 δὲ,
1103 1924 1252 1991 τρεῖς
1292 1922 1567 1993 σποράδην
1618 1924 1677 1974 ἑν
1724 1923 1842 1983 ταῖς
1868 1921 1928 1984 ἓξ
1962 1922 1994 1990 ἢ

2114 640 2374 708 pupulum
2403 639 2579 692 docet.
2628 637 2732 690 Sed
2772 638 2912 706 apud
2944 637 3343 690 Alexandrinos
3374 637 3527 690 solus
3556 639 3693 689 civi.

2110 730 2241 782 tatis
2287 728 2669 782 Alexandrina:
2727 729 3023 797 episcopus
3082 729 3459 781 concionatnr.
3519 728 3689 792 Quam

2105 821 2581 881 consuetudinem.
2606 835 2730 873 cum
2755 827 2914 873 antea
2939 836 3047 872 non
3073 819 3287 879 fuisset.
3324 819 3688 871 introductam

2104 925 2230 965 esse
2277 912 2481 975 ferunt,
2531 926 2594 965 ex
2636 924 2745 979 quo
2794 910 2960 963 Arms
3011 910 3293 979 presbyter
3334 908 3401 962 dc
3439 908 3691 961 doctrina

2105 1001 2228 1056 ﬁdei
2259 1001 2561 1065 disserens,
2617 1016 2759 1055 nova
2810 1001 3065 1070 dogmata
3100 1001 3325 1054 invexit.
3380 1001 3478 1054 Est
3524 1002 3690 1052 etiam

2104 1095 2248 1163 apud
2296 1095 2700 1148 Alexandrinos
2758 1094 2861 1147 hoc
2930 1108 3133 1146 novum
3190 1103 3357 1162 atque
3423 1094 3687 1146 insolens.

2104 1181 2242 1235 Dum
2276 1185 2422 1237 enim
2460 1186 2713 1251 leguntur
2759 1184 3074 1253 Evangelia,
3127 1199 3237 1237 non
3294 1186 3537 1254 assurgit
3577 1184 3693 1252 epi-

2106 1289 2352 1343 scopus:
2416 1275 2583 1345 308
2635 1275 2780 1344 quod
2831 1284 3010 1329 tamen
3076 1277 3209 1329 alibi
3251 1292 3479 1345 usquam
3548 1276 3689 1338 ﬁeri,

2104 1381 2281 1434 neque
2332 1368 2461 1431 vidi,
2522 1382 2699 1435 neqne
2737 1368 2938 1421 audivi.
2986 1366 3050 1420 Et
3103 1369 3216 1421 illic
3266 1370 3486 1437 quidem
3540 1369 3692 1421 solus

2102 1460 2523 1513 archidiaconus
2576 1473 2795 1513 sacrum
2846 1460 2997 1511 illum
3055 1458 3300 1513 codicem
3352 1460 3519 1528 legit:
3562 1460 3693 1513 alilii

2104 1567 2253 1612 vero.
2285 1551 2543 1615 diaconi;
2578 1551 2631 1603 in
2667 1551 2855 1605 multis
2886 1562 3065 1604 autem
3108 1551 3386 1611 Ecclesiis,
3419 1553 3518 1605 soli
3548 1550 3690 1604 dun-

2105 1652 2251 1695 taxat
2286 1641 2614 1711 presbyteri.
2652 1642 2863 1694 Alicubi
2900 1644 2951 1693 in
2982 1644 3271 1709 pra-cipuis
3302 1642 3692 1695 festivitatibus

2103 1731 2348 1801 episc0pi
2391 1732 2619 1799 legunt;
2676 1740 2733 1784 ut
2764 1731 3237 1799 Constantinopoli
3273 1735 3447 1801 primo
3472 1734 3558 1787 die
3594 1734 3694 1786 l‘a-

2103 1823 2305 1876 schalis
2339 1820 2677 1876 festivitatis.
2730 1822 3218 1891 Quadragesimam
3264 1840 3391 1876 vero
3435 1840 3555 1892 quae
3592 1824 3693 1876 hoc

2105 1913 2304 1968 festum
2328 1913 2575 1982 proxime
2602 1915 2897 1977 antecedit,
2941 1917 2994 1967 in
3038 1930 3143 1983 qua
3177 1917 3410 1984 populus
3443 1917 3694 1984 jejnnare

423 2012 563 2063 ἑπτά
587 2010 955 2081 νηστεύουσιν.
997 1978 1058 2064 Oti
1088 1978 1166 2074 δὲ’,
1202 1978 1317 2083 ἆ-μα
1359 1978 1507 2084 τρεῖς
1520 1978 1642 2084 ’πρὸ
1677 2014 1774 2082 τῆς
1802 1978 1996 2082 ἑορτῆς
2028 1978 2074 2037 Β
2103 2007 2184 2060 sol

1929 1978 1996 2081 ἦέ
2028 1978 2074 2037 Β
2103 2007 2264 2071 solet,
2307 1978 2399 2057 alii
2432 2004 2654 2073 quidem
2712 2022 2804 2061 sex
2841 2006 3055 2059 dierum
3102 2008 3425 2076 septimanis
3460 2024 3690 2077 compu-

424 2104 785 2156 συνάπτουσιν
809 2120 819 2130 ·
851 2106 899 2156 οἱ
920 2105 997 2165 δὲ,
1028 2105 1140 2168 δύο,
1172 2105 1246 2167 ὡς
1266 2107 1315 2157 οἱ
1344 2105 1411 2157 τὰ
1436 2104 1715 2158 Μοντανοῦ
1738 2103 1999 2173 φρονοῦν-

421 2211 534 2256 τες.
564 2195 636 2245 Ού
676 2196 781 2263 μὴν
802 2196 937 2247 άλλά
969 2197 1064 2248 καὶ
1101 2196 1198 2248 τοῦ
1233 2196 1616 2265 ἐκκλησιάζειν
1653 2197 1751 2265 οὐχ
1777 2197 1805 2248 ό
1836 2194 1999 2257 αὐτὸς

423 2284 573 2354 παρὰ
603 2288 739 2338 πᾶσι
782 2288 970 2356 καιρὸς
1002 2288 1033 2356 ἦ
1067 2291 1285 2357 τρόπος.
1332 2288 1547 2357 Ἀμέλει
1584 2290 1632 2340 οἱ
1668 2288 1767 2357 μὲν
1799 2289 1893 2340 καῖ⁹
1921 2288 1999 2358 τῷ

423 2377 706 2447 Σαὸὁάτῳ,
738 2379 938 2446 ὁμοίως
971 2382 1036 2448 τῇ
1074 2381 1172 2448 μιᾷ
1212 2378 1492 2433 Σαϐϐάτου
1522 2379 1996 2449 ἐκκλησιάζουσιν,

418 2468 495 2531 ὡς
529 2472 584 2521 ἑν
615 2470 1212 2536 Κωνσταντινούπόλει,
1238 2473 1332 2523 καί
1365 2473 1549 2541 σχεδὸν
1578 2471 1852 2541 πανταχοῦ
1879 2490 1891 2502 ο
1941 2475 1998 2524 ἑν

432 2561 621 2633 Ῥώμῃ
660 2563 712 2613 δὲ
748 2564 840 2613 καὶ
890 2563 1265 2633 Ἀλεξανδρείᾳ
1287 2604 1300 2624 ,
1332 2564 1514 2616 οὐκέτι
1538 2582 1550 2593 ’
1577 2565 1725 2633 παρὰ
1752 2564 1805 2615 δὲ
1837 2566 1997 2631 Αἰγυ-

423 2651 599 2713 πτίοις
624 2655 679 2703 ἐν
715 2654 932 2713 πολλαῖς
960 2656 1147 2706 πόλεσι
1177 2656 1267 2707 καὶ
1295 2655 1540 2724 κώμαις,
1570 2655 1721 2725 παρὰ
1748 2656 1810 2707 τὸ
1845 2658 1997 2724 κοινῆ

423 2744 557 2793 πᾶσι
596 2745 1001 2812 νενομισμένον,
1033 2746 1168 2814 πρὸς
1199 2746 1440 2815 ἑσπέραν
1471 2747 1547 2816 τῷ
1575 2746 1839 2815 Σαϐϐάτῳ
1876 2763 2000 2797 συν-

424 2831 633 2891 ιόντες,
686 2834 1040 2901 ἠριστηκότες
1099 2835 1235 2904 ἠδη,
1319 2835 1634 2905 μυστηρίων
1692 2835 1997 2906 μετέχουσι.

422 2923 533 2975 Καὶ
574 2926 761 2993 εύχαῖς
794 2926 849 2978 δὲ
900 2928 994 2979 καὶ
1050 2927 1389 2997 ψαλμῳδίαις
1432 2931 1549 2990 ταῖς
1578 2928 1827 2998 αύταῖςῆ
1870 2930 2002 2981 άνα-

422 3014 711 3085 γνώσμασι
738 3060 752 3081 ,
792 3019 933 3070 κατὰ
964 3019 1054 3071 τὸν
1104 3019 1263 3071 αὐτὸν
1306 3020 1495 3090 καιρὸν
1527 3020 1639 3087 (50)
1666 3059 1680 3081 ,
1710 3019 1769 3072 ού
1797 3020 2004 3083 πάντας

423 3106 799 3175 κεχρημένους
825 3110 1005 3177 εὑρεῖν
1051 3108 1220 3161 ἑστιν.
1260 3110 1415 3162 Οὖτω
1460 3109 1589 3178 γοῦν
1612 3110 1711 3179 τὴν
1740 3109 2005 3179 καλουμέ-

422 3214 521 3266 νην
565 3197 931 3267 Ἀποκάλυψιν
958 3198 1190 3271 Πέτρου,
1233 3199 1308 3263 ὡς
1352 3200 1502 3253 νόθον
1542 3198 1819 3263 παντελῶς
1864 3200 2001 3271 πρὸς

2100 2109 2241 2164 tant,
2281 2110 2340 2154 ut
2388 2101 2559 2171 Illyrii
2598 2109 2654 2154 et
2693 2097 3097 2165 Occidentales,
3154 2108 3378 2168 totaque
3413 2101 3596 2153 Africa
3638 2108 3692 2154 et

2101 2190 2370 2261 IEgyptus
2404 2206 2468 2245 ac
2522 2190 2828 2245 Palmstina.
2884 2191 2991 2244 Atii
3042 2208 3169 2245 vero
3226 2205 3429 2261 septem
3490 2193 3693 2246 hebdi.-

2101 2284 2290 2339 madas
2321 2291 2676 2354 computant,
2721 2291 2777 2336 ut
2807 2284 3284 2353 Constantinopoli
3328 2295 3382 2339 et
3416 2302 3511 2355 per
3554 2301 3689 2339 cun-

2100 2385 2219 2431 etas
2249 2376 2303 2430 in
2335 2376 2573 2430 circuitu
2643 2374 2955 2444 provincias
3019 2392 3191 2444 usque
3244 2376 3311 2429 ad
3373 2375 3689 2432 Phasnicen.

2102 2467 2366 2520 [Nonnulli
2411 2483 2441 2521 e
2475 2482 2571 2521 sex
2611 2474 2705 2518 aut
2749 2474 2957 2535 septem
2997 2466 3107 2519 illis
3150 2468 3540 2530 hebdomadis,
3579 2477 3691 2520 tres

2108 2575 2201 2625 per
2227 2559 2514 2612 intervalla
2545 2557 2829 2626 jejunant;
2860 2558 2955 2610 alii
2984 2567 3099 2613 tres
3123 2561 3285 2612 simul
3313 2560 3688 2613 hebdomadas

2108 2649 2381 2703 I’aschale
2444 2650 2645 2703 festum
2722 2649 2972 2717 proxime
3038 2652 3431 2704 antecedentes
3506 2653 3689 2703 conti-

2108 2750 2331 2805 nuant;
2368 2740 2592 2810 quidam
2626 2738 2767 2792 duas
2800 2747 3040 2801 tantum,
3078 2749 3134 2792 ut
3177 2738 3541 2792 Montantstw.
3587 2740 3691 2792 Sed

2104 2848 2283 2902 neque
2323 2847 2516 2886 omnes
2542 2832 2734 2885 eodem
2768 2838 3039 2900 tempore,
3063 2842 3157 2886 aut
3186 2835 3376 2887 eodem
3420 2834 3604 2897 modo,
3637 2838 3689 2887 in

2106 2926 2408 2981 ecclesiam
2450 2925 2814 2978 conveniunt.
2848 2924 2955 2978 Alii
2991 2926 3137 2979 enim
3165 2927 3430 2989 Sabbato,
3468 2927 3694 2997 perinde

2106 3030 2170 3068 ac
2204 3015 2496 3069 Dominico
2532 3014 2640 3074 die,
2676 3023 2986 3069 conventus
3032 3024 3234 3085 agunt;
3286 3027 3344 3069 ut
3382 3017 3697 3073 Constanti-

2106 3106 2315 3175 nopoli,
2354 3121 2418 3159 ac
2447 3104 2561 3160 fere
2587 3106 2815 3175 ubique.
2853 3105 3040 3160 Romae
3072 3123 3203 3161 vero
3237 3117 3292 3162 et
3318 3109 3693 3176 Alexandria-,

2109 3213 2215 3250 non
2256 3198 2412 3251 item.
2443 3195 2501 3250 In
2532 3198 2721 3252 multis
2750 3205 2935 3251 autem
2971 3200 3203 3253 urbibus
3236 3215 3301 3253 ac
3349 3202 3483 3256 vicis
3526 3202 3694 3272 Aigy-

420 3289 532 3342 τῶν
577 3291 818 3360 ἀρχαιων
865 3291 1318 3361 δοκιμασθεῖσαν,
1369 3292 1425 3344 ἕν
1464 3309 1605 3345 τισιν
1658 3292 2004 3362 Ἑκκλησίαις
2031 3319 2073 3377 C
2110 3292 2181 3359 pti

1933 3310 2004 3356 ιις
2031 3319 2073 3377 C
2110 3292 2211 3359 pti,
2242 3298 2437 3343 contra
2470 3300 2748 3359 receptam
2795 3292 3037 3344 omnium
3074 3294 3557 3356 consuetudinem,
3604 3296 3694 3348 die

421 3382 522 3449 τῆς
547 3384 912 3453 Παλαιστίνης
941 3386 1107 3438 εἰσέτι
1139 3385 1232 3437 νῦν
1257 3384 1403 3449 ama
1430 3386 1658 3437 ἑκάστου
1690 3384 1840 3448 ἔτους
1868 3386 1999 3438 ἀνα·

424 3474 836 3544 γινωσκομένην
872 3475 1119 3545 ἔγνωμεν
1147 3515 1163 3537 ,
1197 3478 1253 3527 ἑν
1284 3478 1348 3544 τῇ
1393 3474 1576 3545 ἡμέρᾳ
1615 3476 2000 3545 Παρασκευῆς,

422 3564 493 3635 ἢν
530 3564 771 3627 εύλαὸὦς
806 3565 943 3632 ἄγαν
972 3566 1000 3617 6
1030 3564 1155 3627 λαὸς
1184 3563 1430 3633 νηστεύει
1462 3564 1553 3614 ἐπὶ
1580 3565 1880 3633 ἀναμνήσει
1908 3563 2001 3614 τοῦ

424 3658 700 3725 Σωτηρίού
732 3658 938 3721 πάθους
965 3675 976 3687 ·
1021 3656 1119 3728 τὴν
1163 3657 1217 3709 δὲ
1249 3656 1342 3708 νῦν
1371 3656 1445 3719 ὠς
1487 3654 1851 3720 Ἀποκάλυψιν
1890 3654 2003 3723 (51)

424 3748 639 3800 Παύλου
690 3749 784 3801 τοῦ
819 3748 1118 3802 ἀποστόλου
1165 3747 1505 3818 φερομένην,
1563 3747 1630 3817 ἢν
1686 3746 1861 3807 οὐδεὶς
1910 3748 2009 3817 ἁρ-

424 3839 595 3908 χαιων
614 3836 742 3905 εἶδε,
762 3839 1002 3893 πλεῖστοι
1024 3837 1274 3910 μοναχῶν
1304 3838 1639 3892 ἐπαινοῦσιν.
1671 3838 1790 3890 Ἐπὶ
1805 3836 2007 3907 ταύτης

2112 3381 2343 3435 Sabbati
2379 3382 2486 3435 sub
2534 3397 2827 3451 vesperam
2874 3385 3289 3452 convenientes,
3322 3385 3434 3456 jam
3480 3390 3691 3456 pransi,

2109 3487 2267 3524 sacra
2330 3471 2592 3540 mysteria
2651 3471 2988 3541 percipiunt.
3049 3471 3311 3529 Precibus
3369 3492 3591 3546 quoque
3639 3488 3694 3531 et

2110 3559 2340 3627 psalmis
2391 3572 2456 3611 ac
2510 3559 2868 3625 lectionibus,
2926 3579 3029 3617 nec
3082 3565 3276 3619 iisdem
3327 3582 3543 3631 omnes,
3591 3586 3727 3623 nec

2108 3649 2298 3703 eodem
2340 3657 2586 3719 tempore
2621 3652 2699 3703 uti
2732 3652 2999 3721 reperies.
3029 3656 3120 3709 Sic
3151 3658 3559 3715 Revelationem
3594 3661 3695 3714 Ριιο

2109 3740 2205 3804 tri,
2239 3755 2363 3811 qua:
2408 3748 2466 3792 ut
2514 3739 2827 3795 adulterina
2874 3758 2903 3794 a
2938 3745 3223 3801 veteribus
3260 3750 3544 3817 repudiata
3572 3764 3679 3815 est,

2110 3840 2165 3894 in
2196 3833 2530 3906 quibusdam
2558 3833 2824 3890 Ecclesiis
2853 3836 3159 3893 Palaastina:
3193 3846 3361 3896 semel
3384 3850 3689 3913 quotannis

1619 4012 1892 4068 YALESII
1928 4014 2482 4077 ANNOTATIONES.

427 4098 657 4153 nitatem
692 4101 746 4153 in
799 4101 1030 4157 ecclesia
1055 4101 1473 4171 proﬁtebantur.
1507 4103 1677 4171 Quem
1705 4114 2001 4160 tractatum

426 4171 751 4225 Ambrosius
804 4180 978 4242 totum
1015 4172 1311 4242 descripsit
1345 4174 1397 4226 in
1436 4176 1525 4227 lib.
1554 4191 1609 4229 Ill
1644 4175 1723 4230 De
1757 4177 1990 4230 velandis

429 4242 743 4308 virginibus.
804 4241 905 4297 Sed
948 4241 1281 4313 responderi
1348 4253 1530 4313 potest
1598 4246 1744 4301 hunc
1794 4245 2003 4301 Liberii

428 4326 741 4383 sermonem
791 4328 897 4367 non
939 4312 1110 4367 fuisse
1145 4313 1211 4366 ad
1262 4312 1525 4383 populum
1554 4356 1567 4377 .
1605 4317 1699 4370 sed
1747 4317 2005 4371 exhorta-

429 4380 632 4432 tionem
670 4382 970 4443 duntaxat,
1022 4390 1076 4436 et
1114 4380 1503 4439 allocutionem
1532 4386 1598 4439 ad
1631 4385 2005 4441 Mareellinam

428 4451 718 4519 virginem.
762 4454 925 4510 Διαιιί
963 4451 1301 4508 Sozomenus
1334 4455 1435 4508 hoc
1466 4457 1586 4509 loco
1629 4456 1696 4511 de
1728 4458 2004 4510 sermoni-

2106 4110 2273 4181 Addit
2303 4123 2564 4181 praeterea
2590 4156 2605 4179 ,
2659 4130 2767 4169 non
2812 4114 3109 4181 solumdie
3143 4113 3385 4172 Paschm.
3406 4114 3497 4168 sed
3524 4115 3689 4169 etiam

2108 4179 2491 4253 in‘principio
2546 4184 2715 4249 anni,
2748 4184 2801 4239 id
2854 4192 2940 4239 est
2992 4180 3253 4238 Kalendis
3301 4183 3589 4247 Januarii,
3633 4197 3691 4239 ut

2108 4251 2306 4325 opinor
2325 4292 2369 4325 ,ί
2398 4251 2770 4324 patriarcham
2805 4253 3478 4325 Constantinopolitanum
3508 4256 3691 4311 Evan-

2108 4322 2309 4394 gelium
2356 4322 2414 4377 in
2475 4327 2711 4380 ecclesia
2763 4325 2944 4392 legere
2999 4322 3222 4379 solitum
3274 4342 3287 4377 :
3349 4334 3513 4394 atque
3547 4328 3689 4382 hanc

2112 4393 2398 4465 lectionem
2435 4394 2731 4465 dupliciter
2762 4396 2881 4449 tieri
2922 4403 3240 4465 {quantum
3296 4393 3441 4449 enim
3496 4400 3691 4451 reeitat

2111 4464 2431 4533 episc0pus.
2474 4464 2816 4519 tantumdem
2846 4464 3079 4519 subinde
3108 4466 3325 4521 recitari
3360 4481 3389 4518 a
3429 4467 3688 4524 diacono.

429 4520 529 4573 bus
569 4521 831 4604 loqpitur,
868 4524 959 4593 qui
1000 4526 1195 4604 ﬁebant
1232 4524 1300 4604 ad
1336 4526 1596 4604 populum
1643 4528 1782 4581 inter
1807 4525 2005 4604 Missa-
2039 4524 2082 4580 D
2114 4520 2503 4599 ll'ujus'autem
2549 4538 2625 4591 rei
2662 4537 2845 4604 plures
2872 4550 3070 4590 causas
3100 4520 3300 4591 ibidem
3341 4536 3499 4590 aﬂert
3528 4520 3691 4592 Nice;

430 4605 553 4665 rum
599 4592 904 4665 solemnia,
938 4608 1075 4663 quas
1108 4592 1281 4648 Graeci
1316 4592 1549 4665 ,ὁμιλίας
1594 4604 1812 4651 vocant.
1846 4600 2007 4652 tLerte

428 4660 656 4732 verbum
684 4660 1199 4732 διδάσκεινριορτίο
1223 4664 1291 4719 de
1312 4660 1380 4719 iis
1406 4668 1755 4722 sermonibus
1775 4667 2003 4723 dicitur.

429 4728 700 4783 Praeterea
750 4736 853 4786 etsi
900 4728 1271 4788 concedamus
1322 4750 1632 4789 sermonem
1690 4747 1819 4789 tunc
1854 4752 1881 4789 a
1917 4736 2007 4790 Li-

430 4799 585 4853 berio
648 4801 892 4856 habitum
957 4820 1121 4867 esse,
1184 4804 1322 4858 nihil
1390 4806 1493 4859 hoc
1558 4807 1688 4860 facit
1743 4807 2006 4862 adversus

432 4868 819 4925 Sozomenum.
853 4874 905 4925 Id
942 4875 1085 4925 enim
1117 4885 1273 4926 extra
1324 4875 1573 4929 ordinem
1622 4877 1827 4932 factum
1859 4886 1941 4931 est
1974 4894 2004 4932 a

431 4936 653 5012 Liberio
704 4942 757 4993 in
806 4951 1035 5012 gratiam
1090 4943 1438 4998 Marcellinae.
1490 4944 1829 5001 Sozomenus
1879 4963 2006 5001 vero

431 5011 673 5132 {ponitur
706 5014 774 5066 de
806 5011 957 5067 inore
989 5024 1211 5085 rcCepto
1249 5025 1417 5085 atque
1449 5017 1653 5071 usitato
1681 5020 1735 5071 in
1762 5016 2006 5071 Ecclesia

482 5098 701 5132 Oillilna.

482 5098 701 5133 Oillilna.

502 5150 610 5215 (l9)
648 5152 805 5204 Κατὰ
858 5152 973 5221 τὴν
1016 5152 1257 5221 πρώτην
1308 5154 1537 5223 ἡμέραν
1574 5154 1684 5223 τῆς
1729 5159 2009 5212 ἀναστα-

430 5221 637 5298 ᾳίμου.
693 5223 1030 5293 Nicephorus
1064 5225 1327 5280 Callistus
1375 5221 1430 5280 in
1480 5227 1573 5281 lib.
1620 5221 1719 5293 xu,
1760 5246 1881 5298 cap.
1914 5232 2006 5295 36,

436 5291 583 5344 hunc
628 5291 838 5350 morem
881 5300 1057 5352 adhuc
1115 5316 1212 5353 sua
1264 5309 1427 5358 astate
1471 5291 1743 5355 mansisse
1781 5291 1995 5355 scribit.

2113 4604 2341 4672 phorus,
2376 4622 2515 4673 quas
2543 4606 2828 4660 studiosus
2866 4606 3038 4659 lector
3068 4606 3175 4660 illic
3207 4607 3466 4660 inveniet.

2186 4674 2299 4746 (50)
2334 4678 2497 4730 Κατὰ
2540 4677 2646 4729 τὸν
2695 4677 2884 4729 αὑτὸν
2921 4679 3148 4743 καιρόν.
3204 4678 3518 4746 Supplenda
3554 4680 3687 4733 mihi

2111 4743 2329 4798 videtnr
2380 4748 2641 4806 particula
2686 4748 2786 4799 hoc
2831 4746 3028 4806 modo.
3077 4748 3170 4799 καὶ
3213 4743 3355 4800 κατὰ
3399 4749 3491 4800 τὸν
3528 4750 3690 4801 αὑτὸν

2114 4816 2324 4881 καιρόν.
2378 4816 2655 4886 Duplicem
2698 4818 2844 4870 enim
2890 4825 3042 4869 notat
3091 4818 3492 4876 dilferentiam,
3540 4822 3685 4886 quod

2112 4899 2291 4952 neque
2339 4888 2541 4941 eaedem
2584 4899 2771 4941 essent
2814 4886 3016 4954 ubique
3052 4903 3244 4955 preces
3285 4899 3338 4941 et
3390 4890 3687 4955 lectiones;

2113 4970 2289 5021 neque
2335 4959 2523 5009 eodem
2558 4967 2801 5023 tempore
2843 4957 3035 5011 tierent
3069 4958 3213 5026 apud
3258 4975 3471 5013 omnes.

2182 5026 2293 5092 (51)
2341 5028 2459 5092 Τὴν
2502 5028 2570 5079 δὲ
2620 5028 2733 5081 νῦν
2775 5028 2854 5091 ὼς
2923 5027 3354 5096 Ἀποκάλυψιν,
3410 5030 3466 5081 In
3501 5032 3691 5086 codice

2110 5092 2416 5169 Fultetiano
2470 5101 2737 5166 scriptum
2771 5108 2855 5152 est
2892 5100 2991 5167 τὴν
3042 5097 3098 5150 δὲ
3148 5092 3274 5169 μήν.
3329 5095 3590 5163 Rectius,
3631 5115 3687 5155 ut

2111 5169 2330 5235 opinor.
2364 5167 2709 5238 Nicephorns
2740 5183 2872 5223 vero
2912 5184 3032 5223 eam
3088 5167 3275 5224 vocem
3313 5175 3688 5238 pratermisit,

2114 5248 2171 5289 ut
2203 5242 2558 5307 superﬂuam.

1882 5478 2273 5537 VARIORUM.

507 5573 543 5643 ε.
576 5568 802 5643 Ταύτην
826 5570 893 5622 δὲ
922 5569 1031 5643 τὴν
1057 5571 1221 5643 ζερ-ὰν
1241 5572 1463 5634 ,Βίϐλον
1497 5572 1889 5643 ἀναγινώσκει
1910 5574 2007 5626 ἐν-

435 5632 575 5686 θάδε
612 5632 798 5704 μόνος
837 5644 869 5693 ό
916 5632 1354 5714 ἀρχιὸἷὰκοῇὊς.
1418 5672 1488 5683 ——
1546 5632 1665 5714 Syri
1705 5643 2003 5712 Maronitae,

435 5716 729 5783 qaantum_
765 5726 829 5763 ex
879 5726 1087 5783 eorum
1141 5712 1486 5783 ordinatione
1550 5712 1737 5783 colligi
1800 5722 2000 5782 potest,

438 5775 1079 5853 Alexandrinosimitari
1114 5783 1389 5836 videntur.
1443 5778 1576 5835 Nam
1611 5775 1848 5837 dia'con'o
1882 5775 2003 5853 post

438 5858 601 5921 tinam
630 5846 1034 5921 ordinationem
1084 5855 1319 5906 traditur
1362 5856 1679 5921 Apostolus,
1724 5870 1820 5908 seu
1865 5846 2004 5908 liber

438 5915 834 5989 Epistolarum;
888 5922 1275 5980 archidiacouo
1327 5915 1448 5980 vero
1490 5924 1627 5982 liber
1672 5923 2002 5996 Evangelia-

2115 5572 2498 5645 rum,g_cujus
2556 5574 2846 5645 perieopen
2896 5580 3043 5631 Inter
3080 5577 3369 5632 missarum
3418 5576 3683 5632 solemnia

2113 5644 2263 5716 legit.
2293 5642 2603 5698 Nestoriaui
2632 5642 2761 5701 vero
2787 5647 3058 5702 secundos
3088 5648 3213 5703 illos
3241 5649 3523 5701 imitantur
3546 5664 3686 5716 quos

2114 5710 2455 5769 sozomeuus
2495 5726 2907 5771 commemorat.
2944 5717 3104 5772 Juxta
3141 5720 3286 5773 enim
3326 5710 3683 5772 Nestoriauo—

2112 5784 2439 5857 rumuritum
2465 5785 2699 5839 diacono
2732 5802 2839 5841 non
2871 5788 3033 5842 datur
3069 5788 3205 5843 liber
3236 5788 3682 5857 Evangeliorum,

2112 5854 2207 5908 sed
2239 5855 2644 5923 Epistolarum,
2686 5858 2877 5911 lectori
2920 5874 3047 5912 vero
3082 5854 3533 5923 Testamentum;
3586 5862 3681 5911 sed

2112 5926 2431 5997 presbytch
2482 5930 2618 5993 soli,
2667 5946 2791 5985 cum
2828 5930 3145 5997 ordinatur,
3194 5930 3332 5986 liber
3361 5929 3681 6001 Evangelio-
