4460 6634
860 421 882 467 ι
901 418 997 474 £79

2325 415 2664 474 SOZOMEN!

3985 423 4132 479 “80

860 542 964 606 Iegl
1001 531 1496 589 animadvertimus
1525 548 1540 588 :
1574 531 1664 588 die
1704 531 1916 588 scilicet
1943 530 2298 598 Parasceves,
2329 550 2440 606 quo
2467 543 2513 600 Α
2540 535 2598 588 δὲ

2372 550 2440 592 uo
2467 543 2513 600 Α
2540 535 2598 588 δὲ
2624 535 2721 606 τῆς
2757 535 3030 606 βασιλείας
3058 535 3420 609 ἰσχυρίζονται
3448 552 3593 602 τινες
3616 537 3817 608 ταύτην
3843 540 4128 612 ηὑρῆσὺαι

863 625 1095 697 populus
1126 625 1423 679 admodum
1468 625 1730 695 religiose
1762 625 1976 695 jejunat
2018 626 2076 679 in
2115 626 2441 680 memoriam

859 715 1155 772 Dominicae
1202 716 1529 784 passionis._
1559 715 1689 770 Eam
1722 731 1854 772 vero
1898 731 2023 786 quae
2077 731 2227 771 nunc
2278 717 2441 786 quasi

859 806 1014 861 Pauli
1045 808 1281 876 apostoli
1309 808 1594 864 Revelatio
1616 808 2031 874 circumfertur,
2061 823 2225 877 quam
2254 809 2444 866 nullus

857 906 1102 953 veterum
1137 901 1387 969 agnovit,
1415 900 1640 970 plurimi
1673 915 1738 956 ex
1780 900 2068 954 monachis
2103 899 2262 955 valde
2284 914 2441 955 com-

854 989 1141 1044 mendant.
1183 989 1424 1056 Quidam
1457 1000 1640 1048 autem
1686 990 1982 1058 affirmant,
2033 990 2198 1060 hujus
2234 991 2301 1046 de
2330 1006 2441 1061 quo

853 1080 1073 1149 agimus
1135 1081 1492 1152 imperatoris
1562 1083 1906 1152 temporibus
1974 1089 2248 1151 repertum
2317 1095 2442 1138 esse

855 1171 1004 1227 hunc
1045 1171 1266 1228 librum.
1314 1173 1483 1228 Aiunt
1514 1175 1666 1230 enim
1702 1175 1846 1244 apud
1881 1172 2112 1228 Tarsum
2144 1172 2351 1229 Ciliciae
2384 1174 2440 1228 iu

850 1263 1067 1320 adibus
1111 1263 1294 1330 Pauli,
1342 1280 1528 1321 arcam
1574 1281 1963 1332 marmoream,
1997 1265 2111 1322 Deo
2139 1266 2436 1332 revelante,

851 1353 960 1410 sub
992 1365 1137 1410 terra
1182 1355 1463 1410 inventam
1500 1355 1694 1423 fuisse,
1744 1357 1798 1411 in
1834 1371 1944 1426 qua
1997 1356 2088 1410 hic
2119 1356 2259 1410 liber
2287 1363 2440 1412 esset

849 1445 1190 1500 reconditus.
1229 1443 1364 1500 Mihi
1405 1461 1535 1500 vero
1565 1445 1668 1500 hac
1713 1445 1781 1500 de
1809 1460 1870 1500 re
1918 1445 2298 1516 percontanti,
2337 1446 2438 1500 tal-

852 1551 975 1592 sum
1011 1536 1065 1591 id
1095 1552 1220 1593 esse
1244 1537 1386 1590 dixit
1415 1537 1557 1593 Cilix
1586 1538 1836 1608 quidam,
1860 1539 2153 1608 presbyter
2177 1539 2436 1605 ecclesia;

851 1626 1192 1683 Tarsensis:
1249 1643 1414 1698 quem
1465 1629 1689 1699 quidem
1734 1628 1848 1698 jam
1910 1628 2261 1698 grandaevum
2311 1645 2436 1685 esse

847 1715 972 1786 ipsa
1035 1716 1272 1774 canities
1338 1718 1643 1774 indicabat.
1700 1719 1897 1774 Aiebat
1946 1727 2129 1773 autem
2189 1734 2251 1776 se
2294 1720 2436 1775 nihil

844 1807 1122 1877 ejusmodi
1177 1809 1322 1878 apud
1372 1810 1524 1878 ipsos
1571 1815 1787 1879 gestum
1843 1810 2230 1879 comperisse:
2270 1812 2434 1883 309

2544 628 2642 699 τὴν
2702 629 2901 698 βίϐλον.
2949 633 3181 700 Λέγουσι
3230 633 3337 702 γὰρ
3387 634 3452 684 ἐκ
3501 632 3650 696 Θείας
3685 634 4016 700 ἐπιφανείας
4071 638 4129 685 εν

2545 719 2743 790 Ταρσῷ
2773 720 2874 786 τῆς
2909 723 3161 785 Κιλικίας
3186 723 3330 776 κατὰ
3367 722 3466 793 τὴν
3490 723 3663 777 οίκίαν
3695 724 3909 778 Παύλου
3933 763 3948 788 ,
3984 741 4130 793 μαρ-

2546 812 2781 884 μαρίνην
2815 813 3061 883 λάρνακα
3107 815 3212 868 ὑπὸ
3252 816 3353 886 γῆν
3398 814 3852 886 εὑρεθῆναι,νκαὶ
3891 817 3951 869 ὲν
3978 816 4125 882 αὐτῇ

2541 902 2642 973 τὴν
2697 903 2875 973 βίἥλον
2939 901 3101 959 εἶναι.
3148 907 3420 977 Ἐρομένῳ
3465 906 3526 959 δέ
3579 923 3672 976 μοι
3720 907 3846 976 περὶ
3897 905 4123 965 τούτου,

2539 994 2731 1063 ψεῦδος
2751 996 2952 1068 ἔφησεν
2979 994 3117 1051 εἷναι
3143 998 3301 1064 Κίλιξ
3329 997 3696 1069 πρεσϐύτερος
3714 999 3812 1067 τῆς
3830 1000 3889 1050 ὲν
3914 995 4127 1066 Ταρσῷ

2543 1087 2838 1158 ἐκκλησίας
2861 1106 2872 1117 ·
2909 1089 3188 1158 γεγονέναι
3233 1093 3331 1160 μὲν
3364 1092 3470 1160 γὰρ
3517 1090 3726 1144 πολλῶν
3768 1090 3908 1142 ἐτῶν
3951 1092 4054 1142 καὶ
4089 1090 4124 1158 ἡ

2540 1179 2702 1232 πολιὰ
2746 1179 2838 1233 τὸν
2884 1181 3052 1252 ἄνδρα
3103 1183 3372 1236 ἐδείκνυεν
3413 1183 3546 1252 (52).
3583 1182 3774 1250 Ἔλεγε
3826 1180 3883 1233 δὲ
3947 1181 4124 1250 μηδὲν

2537 1270 2777 1324 τοιοῦτον
2803 1273 3127 1328 ἐπίστασθαι
3153 1274 3281 1343 παρ’
3315 1275 3498 1338 αὐτοῖς
3531 1271 3775 1344 συμϐάνο
3806 1272 4124 1341 θαυμάζειν

2537 1377 2618 1429 τε,
2643 1365 2690 1416 εί
2721 1365 2792 1434 μὴ
2825 1365 2949 1418 τάδε
2978 1366 3114 1437 πρὸς
3152 1367 3443 1438 αίρετικῶν
3476 1367 3908 1420 ἀναπέπλασται.
3954 1365 4128 1417 Ἀλλὰ

2538 1453 2669 1523 περὶ
2722 1455 2821 1524 μὲν
2860 1457 3051 1509 τούτου
3103 1459 3250 1512 τάδε.
3301 1458 3476 1512 Πολλὰ
3504 1458 3552 1511 δ⁴
3585 1459 3650 1511 ἂν
3683 1457 3833 1527 εὖροι
3880 1473 3967 1518 τις
4017 1456 4122 1525 ἑθη

2537 1544 2679 1598 κατά
2717 1547 2898 1610 πόλεις
2953 1548 3046 1602 καὶ
3093 1549 3316 1620 κώμας,
3361 1549 3507 1621 ἅπερ
3536 1549 3674 1602 αἰδοί
3701 1549 3810 1602 ’τῶν
3843 1548 3901 1612 ἐξ
3933 1547 4125 1618 ἀρχῆς

2537 1637 3000 1706 παραδεδωκότων
3021 1678 3036 1703 ,
3071 1641 3104 1710 ἢ
3135 1640 3243 1694 τῶν
3285 1641 3507 1704 τούτους
3533 1641 3931 1710 διαδεξαμένων
3955 1679 3971 1702 ,
4013 1642 4124 1708 οὐχ

2534 1726 2700 1795 ὅσιον,
2729 1729 2849 1783 οὐδὲ
2875 1730 3102 1784 ἀνεκτὸν
3129 1732 3389 1804 ἡγοῦνται
3422 1732 3782 1804 παραϐαίνειν
3823 1733 3872 1785 οἱ
3897 1731 4121 1790 τούτοις

2535 1820 2915 1890 ἐντραφέντες.
2955 1824 3161 1876 Ταυτὸν
3187 1824 3244 1877 δὲ
3270 1825 3429 1878 τοῦτο
3463 1823 3789 1878 πεπονθέναι
3820 1821 4120 1891 νομιστέον

845 1911 916 1951 ac
945 1897 1211 1968 suspicari
1265 1912 1334 1952 ne
1378 1898 1434 1952 id
1467 1898 1536 1952 ab
1580 1897 1858 1953 haereticis
1907 1899 2206 1953 contictum
2246 1911 2420 1958 esset.
2464 1885 2504 1940 Β
2537 1912 2606 1963 τοέ

2357 1911 2420 1958 at.
2464 1885 2504 1940 Β
2537 1885 2662 1974 τοὺς
2692 1885 3012 1984 ἀνθρώπους
3036 1954 3052 1978 ,
3083 1917 3177 1970 καὶ
3215 1915 3343 1987 περὶ
3388 1917 3592 1986 ταύτην
3635 1915 3735 1986 τὴν
3775 1885 3970 1984 ἑορτὴν
3996 1953 4010 1976 ν
4040 1905 4118 1981 ἧς

847 1982 1050 2041 Verum
1101 1988 1169 2042 de
1223 1987 1322 2041 hac
1388 2001 1448 2042 re
1503 1986 1612 2041 ista
1666 1986 1878 2041 dixisse
1927 1984 2180 2042 suﬂiciat.
2231 1987 2431 2048 Nullos

2537 2001 2720 2055 ἕνεκεν
2739 2005 2819 2067 είς
2844 2009 2968 2070 τοὺς
2996 2009 3125 2078 περὶ
3159 2009 3363 2064 τούτων
3394 2009 3627 2080 ἐξήχθην
3657 2008 3870 2077 λόγους.

846 2085 1112 2172 praterea
1141 2078 1286 2132 ritus
1311 2077 1515 2147 passim
1548 2078 1606 2132 in
1644 2077 1882 2134 urbibus
1907 2085 1963 2132 et
1989 2078 2147 2149 pagis
2180 2082 2424 2149 reperire
2460 2098 2566 2155 est,
2608 2109 2746 2163 quos
2779 2097 2852 2151 ob
2885 2077 3242 2156 reverentiam
3275 2077 3599 2172 eorum-qui
3663 2103 3922 2171 primitus
3981 2097 4116 2150 illos

845 2171 1198 2236 invexeruat,
1245 2181 1340 2228 aut
1367 2189 1557 2228 eorum
1596 2173 1693 2244 qui
1737 2174 1848 2232 illis
1902 2184 2098 2247 postea
2135 2191 2553 2251 successerunt,
2587 2203 2606 2240 r

2354 2193 2553 2251 serunt,
2587 2189 2741 2248 nefas
2780 2194 2981 2252 habent
3021 2199 3334 2268 transgredi
3371 2198 3404 2251 ii
3440 2198 3532 2268 qui
3603 2205 3736 2253 sunt
3798 2197 3905 2251 illis
3983 2200 4115 2251 riti-

845 2265 951 2320 bus
1001 2265 1278 2320 lnnutriti.
1335 2263 1479 2321 Idem
1515 2281 1739 2336 quoque
1785 2265 2110 2322 hominibus
2158 2269 2429 2328 accidisse
2463 2276 2896 2340 existimandum
2967 2297 3057 2346 est
3097 2289 3152 2344 in
3181 2263 3299 2344 'hac
3358 2263 3670 2354 festivitate,
3745 2289 3902 2358 cujus
3937 2300 4114 2344 causa

846 2359 904 2414 in
936 2359 1086 2414 hunc
1116 2359 1185 2416 de
1216 2359 1341 2415 istis
1384 2361 1549 2416 rebus
1577 2375 1886 2416 sermonem
1925 2377 2046 2418 sum
2078 2362 2358 2434 delapsus.

1464 2451 1618 2508 CAP.
1661 2450 1806 2506 XVI.

848 2532 1273 2616 Der-incremento
1308 2545 1577 2616 religionis
1613 2545 1895 2616 eatltolicg
1926 2554 1975 2598 et
2000 2543 2065 2600 de
2096 2547 2302 2613 templis
2327 2547 2437 2601 ido-

912 2615 1092 2698 lorum
1135 2617 1344 2698 penitus
1385 2614 1643 2698 sublatis,
1673 2616 1814 2670 etde
1846 2614 1961 2670 Nili
2006 2617 2157 2685 ﬂuvii
2195 2620 2437 2673 exunda-

914 2695 1062 2740 tione
1085 2702 1204 2756 qua:
1235 2695 1345 2739 tum
1371 2695 1615 2754 contigit.

917 2774 1162 2831 Divulsis
1190 2775 1335 2830 inter
1364 2789 1425 2856 se
1456 2788 1520 2829 ac
1551 2774 1861 2839 distractis,
1902 2774 2066 2830 sicuti
2097 2774 2304 2830 dictum
2333 2785 2438 2856 est,

843 2865 1083 2941 aliarum
1110 2865 1438 2935 opinionum
1463 2865 1860 2926 sectatoribus,
1885 2863 2131 2920 Ecclesia
2164 2866 2432 2923 catholica
2471 2883 2474 2886 '

843 2959 1025 3029 magis
1072 2958 1368 3028 magisque
1416 2957 1471 3012 in
1506 2959 1627 3015 dies
1670 2959 1992 3025 crescebat;
2027 2974 2153 3013 cum
2199 2958 2268 3013 ad
2309 2974 2430 3015 eam

846 3049 1073 3121 plurimi
1105 3048 1459 3112 accederent,
1490 3055 1607 3102 tum
1651 3064 1718 3104 ex
1758 3048 2158 3104 dissidentibus
2191 3049 2336 3106 inter
2371 3065 2432 3105 se

846 3139 1144 3205 luereticis,
1189 3147 1303 3192 tum
1354 3139 1630 3209 praecipue
1677 3154 1743 3193 ex
1792 3138 2146 3193 multitudine
2193 3154 2434 3209 pagano-

847 3245 994 3285 rum.
1023 3227 1158 3283 Nam
1189 3242 1312 3283 cum
1344 3207 1646 3298 imperator
1689 3225 2174 3287 animadverteret,
2196 3207 2433 3296 iprieter-
2457 3207 2501 3266 (ἶ

848 3321 912 3377 iti
996 3320 1266 3390 temporis
1322 3316 1786 3373 consuetudinem
1837 3316 1908 3370 ad
1955 3315 2224 3384 majorum
2268 3329 2465 3373 caere-~

847 3412 1063 3468 monias
1106 3421 1163 3466 et
1213 3411 1281 3464 ad
1330 3411 1450 3465 loca
1505 3410 1574 3462 ab
1629 3407 1738 3464 illis
1791 3409 1940 3462 culta
1998 3407 2252 3462 subditos
2300 3421 2433 3462 suos

849 3503 1208 3576 pertrahere,
1243 3503 1349 3558 sub
1383 3503 1502 3572 ipsa
1537 3499 1756 3570 imperii
1796 3501 1882 3554 sui
1907 3497 2235 3569 primordia,
2261 3500 2433 3552 vetuit

847 3612 919 3652 ne
951 3597 1243 3666 quisquam
1290 3595 1357 3650 ad
1391 3609 1455 3650 ea
1507 3594 1627 3649 loca
1670 3591 1977 3648 accederet.
2013 3589 2258 3644 Tandem
2302 3605 2433 3644 vero

805 3751 810 3756 _
850 3690 1022 3744 multa
1073 3704 1140 3744 ex
1187 3687 1256 3743 iis
1302 3686 1592 3742 subvertit.
1626 3684 1707 3739 lta
1760 3683 1957 3754 pagani
2009 3683 2186 3737 sacris
2221 3683 2432 3738 aedibus

847 3779 1120 3842 destituti,
1142 3792 1437 3850 progressu
1465 3776 1730 3847 temporis
1763 3775 2032 3830 ecclesias
2058 3772 2210 3829 adire
2239 3788 2433 3829 assue-

849 3869 979 3924 facti
1024 3877 1174 3925 sunt.
1210 3867 1396 3938 Neque
1432 3866 1578 3921 enim
1617 3865 1760 3920 clam
1809 3863 2094 3934 gentilium
2133 3878 2286 3918 more
2337 3877 2430 3916 sa-

848 3959 1129 4024 criﬁcare,
1177 3959 1385 4028 absque
1435 3955 1682 4027 periculo
1731 3954 1956 4008 licebat.
2005 3950 2110 4007 Sed
2163 3953 2430 4008 adversus

847 4066 946 4107 eos
973 4051 1065 4122 qui
1096 4051 1213 4106 haec
1249 4050 1539 4104 admittere
1572 4047 1694 4103 ausi
1726 4053 1932 4110 essent,
1960 4046 2043 4101 lex
2081 4053 2199 4101 erat
2228 4061 2429 4116 propo-

846 4145 975 4208 sita,
1008 4159 1131 4213 qua:
1165 4157 1382 4213 plenam
1429 4141 1627 4213 capitis
1661 4149 1718 4197 et
1763 4141 2034 4196 bonorum
2067 4139 2432 4209 proscriptio-

847 4249 972 4290 nem
1021 4235 1089 4288 iis
1143 4233 1473 4288 intentabat.
1525 4231 1650 4298 Quo
1697 4232 1916 4302 quidem
1971 4240 2233 4300 tempore,
2279 4232 2432 4284 aiunt

845 4323 1070 4397 (Egypti
1121 4323 1353 4380 ﬂuvium
1395 4324 1609 4381 tardius
1641 4325 1806 4380 solito
1854 4322 2136 4379 exundare
2172 4311 2429 4392 coepisse.

3127 2469 3375 2524 ΚΕΦΑΛ.
3417 2470 3502 2526 κ’.

2535 2556 2675 2624 Περὶ
2719 2557 2832 2625 τῆς
2877 2559 3201 2628 ἐπιδόσεως
3250 2561 3358 2615 τοῦ
3403 2561 3533 2615 καθ’
3577 2559 3735 2629 ἡμᾶς
3785 2560 4108 2628 δόγματος.

2605 2629 2703 2680 καὶ
2767 2633 3153 2697 καταλύσεως
3218 2635 3303 2697 εἰς
3366 2633 3539 2698 τέλος
3598 2631 3722 2698 ,τῶν
3778 2629 4111 2683 sidunt/2rd»-

2605 2700 2758 2780 νεῶν
2780 2740 2796 2762 ,
2844 2701 2943 2753 καὶ
2988 2699 3100 2781 τῆς
3147 2697 3525 2770 πλημμύρας-ί
3549 2697 3660 2770 τῆς
3701 2702 3831 2754 τότε
3882 2698 4107 2753 Νείλου

2607 2785 2714 2822 του
2750 2785 3037 2838 ποταμου.

2606 2862 3008 2933 Διασπωμένων
3030 2863 3086 2916 δὲ
3107 2905 3121 2926 ,
3147 2863 3223 2928 ὡς
3248 2865 3482 2936 εἴρηται,
3513 2863 3621 2916 τῶν
3648 2862 3756 2917 ἀπὸ
3788 2861 3896 2914 τῶν
3925 2859 4108 2914 ἄλλων

2535 2953 2821 3024 αίρέσεων,
2851 2953 2930 3008 ἔτι
2960 2954 3158 3026 μᾶλλον
3187 2956 3482 3028 ὲπεδίδουή
3516 2952 3739 3008 καθόλου
3781 2952 4104 3023 Ἐκκλησία.

2534 3045 2974 3116 προστιθεμένων
2999 3047 3134 3117 αὐτῇ
3166 3047 3436 3100 πλείστων
3467 3046 3542 3128 ’ἐκ
3570 3063 3630 3098 τε
3657 3045 3752 3115 τῆς
3793 3045 3928 3114 πρὸς
3959 3046 4105 3110 σφᾶς

2532 3135 2640 3187 τῶν
2677 3135 2996 3206 ἑτεροδόξων
3021 3137 3307 3207 διχονοίας,
3337 3138 3432 3191 καὶ
3480 3137 3714 3207 μάλιστα
3736 3135 3830 3188 τοῦ
3867 3132 4107 3204 Ἐλληνιι

2537 3227 2634 3280 κοῦ
2659 3227 2929 3298 πλήθους.
2975 3229 3126 3282 Ἐπεὶ
3164 3229 3273 3299 γὰρ
3313 3225 3451 3282 εἶδεν
3483 3230 3513 3280 ό
3552 3227 3800 3298 βασιλεὺς
3827 3227 3926 3297 τὴν
3973 3244 4104 3279 συν-

2533 3316 2720 3388 ήθειαν
2747 3317 2840 3371 τοῦ
2867 3319 3225 3390 παρελθόντος
3255 3319 3470 3390 χρόνου,
3501 3318 3580 3371 ἔτι
3603 3320 3736 3390 πρὸς
3755 3318 3815 3370 τὺ
3849 3317 4105 3387 πατρῷον

2533 3409 2696 3474 σέϐας
2718 3451 2732 3472 ,
2765 3413 2860 3464 καὶ
2888 3414 3011 3475 τοὺς
3041 3411 3508 3483 θρησκευομένους
3534 3413 3664 3482 παρ’
3697 3409 3875 3463 αὐτῶν
3900 3412 4106 3472 τόπους

2531 3497 2796 3552 ἕλκουσαν
2837 3499 2899 3552 τὸ
2931 3500 3200 3571 ὑπήκοον,
3233 3501 3536 3572 ἀρξάμενος
3577 3499 3881 3570 βασιλεύειν
3908 3540 3925 3563 ,
3958 3500 4103 3551 ἐκώ-
4138 3492 4149 3498 ’

2531 3583 2658 3638 λυσε
2689 3586 2892 3639 τούτων
2914 3587 3210 3642 ἐπιὸαίνειν
3243 3601 3289 3644 ³.
3322 3589 3598 3642 Τελευτῶν
3627 3590 3705 3654 δὲ,
3745 3591 3837 3642 καὶ
3870 3588 4104 3649 πολλοὺς

2531 3676 2798 3732 καθεῖλεν.
2833 3681 2895 3732 Ol
2922 3679 2997 3746 δὲ,
3029 3681 3232 3752 ἀπορίᾳ
3252 3681 3555 3751 εὖκτηρίων
3593 3682 3777 3746 οἴκων,
3806 3679 3882 3749 τῷ
3921 3681 4104 3748 χρόνῳ

2533 3768 2989 3839 προσειθίσθησαν
3033 3772 3156 3834 ταῖς
3200 3771 3516 3842 ἐκκλησίαις
3566 3773 3785 3840 φοιτᾷν’
3834 3769 3954 3822 οὐδὲ
3989 3770 4100 3838 γὰρ

2530 3860 2705 3932 λάθρα
2733 3861 2882 3915 θύειν
2909 3862 3251 3933 Ἑλληνικῶς,
3284 3863 3562 3917 ἀκίνδυνον
3591 3859 3678 3934 ἦν’
3698 3863 3811 3915 ἀλλ’
3838 3863 3894 3913 ἐν
3927 3864 4099 3930 ἀςπι-

2531 3955 2680 4027 ρέσει
2730 3955 2968 4026 κεφαλῆς
3013 3957 3107 4010 καὶ
3137 3957 3356 4019 οὐσίας,
3389 3957 3551 4025 νόμος
3585 3956 3762 4008 ἔκειτο
3802 3955 3913 4024 (55)
3953 3956 4101 4007 κατὰ

2495 4049 2636 4104 ’τῶν
2667 4046 2842 4102 ταῦτα
2886 4048 3207 4118 τολμώντων
3239 4049 3335 4119 τὴν
3365 4049 3635 4120 τιμωρίαν
3688 4049 3886 4120 κυρῶν.
3923 4047 4099 4117 Tr,“-

2531 4138 2706 4194 καῦτα
2734 4139 2790 4193 δέ
2826 4157 2958 4208 φασι
2991 4140 3082 4194 τὸν
3108 4141 3383 4208 Αἰγύπτου
3428 4141 3699 4210 ποταμὸν,
3729 4141 3955 4192 κατόπιν
4004 4140 4096 4192 τοῦ

2535 4232 2728 4304 καιροῦ
2767 4232 3035 4302 ,γενέσθαι
3075 4237 3204 4302 περὶ
3252 4233 3350 4304 τὴν
3402 4232 3624 4304 πρώτην
3677 4231 3938 4286 ἀνάϐασιν
3985 4231 4097 4282 τῶν

2537 4320 2774 4374 ὑδάτων·
2797 4321 2846 4372 cl
2866 4319 2922 4373 δὲ
2949 4319 3235 4390 Αἰγύπτιοι
3255 4321 3625 4391 ἐχαλέπαινον,
3655 4322 3737 4375 ὅτι
3768 4321 3840 4392 μὴ
3875 4338 4094 4390 συγχω-

1992 4501 2262 4557 VALESII
2299 4495 2860 4564 ANNOTATIONES.

920 4615 1032 4683 (52)
1081 4613 1441 4669 ‘Edet'xruer.
1482 4613 1542 4668 ln
1587 4614 1776 4670 codice
1809 4612 2110 4670 Fuketiano
2155 4616 2420 4685 scriptum

850 4687 1031 4741 inveni
1081 4685 1323 4756 ἐδείκνυ,
1373 4687 1516 4755 quod
1578 4687 1751 4756 magis
1782 4687 2007 4756 placet.
2068 4685 2238 4739 Porro
2290 4693 2414 4755 post

853 4771 1036 4812 vocem
1065 4754 1224 4821 ἑτῶν,
1249 4754 1590 4834 idemeodex
1620 4754 1884 4826 virgulam
1911 4757 2069 4810 habet
2087 4754 2417 4827 appositam.

2528 4614 2640 4684 Ego
2671 4617 2932 4684 punctum
2960 4609 3513 4684 Amallem‘ascrlbere.

2598 4673 2710 4755 (53)
2731 4685 2926 4755 Νόμος
2949 4682 3161 4755 ἔκειτο.
3190 4679 3570 4755 VicleAtitulum
3597 4679 3651 4733 in
3676 4677 3875 4755 (lodice
3905 4673 4087 4731 Theo-

2524 4750 2752 4810 dosiano
2789 4750 2862 4808 De
2890 4753 3139 4830 paganis,
3179 4750 3467 4807 sacriﬁciis
3493 4759 3547 4804 et
3577 4750 3812 4819 templis.

2290 4927 2677 4985 VARIOBUM.

849 5039 1227 5114 rum._ltaque
1261 5039 1367 5094 hac
1400 5041 1455 5114 in
1483 5015 1550 5095 ire
1586 5039 1736 5094 nulla
1775 5053 1900 5114 cum
1935 5039 2264 5095 necessitate
2290 5054 2417 5114 ege-
2450 5044 2494 5099 D
2525 5039 2800 5114 Zosimus,
2837 5053 2958 5109 pag.
2983 5038 3108 5100 758,
3146 5047 3316 5114 utque
3347 5045 3670 5114 constantes
3691 5037 3807 5114 lege
3833 5037 4085 5114 ΤΙιςριΙρτ

851 5122 981 5170 runt
1009 5110 1301 5176 Ecclesia,
1347 5110 1444 5165 sed
1477 5125 1818 5180 unaquaeque
1849 5112 1903 5162 in
1951 5126 2052 5165 suo
2097 5126 2260 5180 sensu
2298 5113 2419 5165 sine

851 5183 1082 5239 alterius
1109 5182 1538 5252 reprehensione
1570 5195 1786 5251 semper
1801 5181 2125 5252 abundavit.
2153 5179 2416 5244 Morinos,

851 5255 930 5308 De
967 5250 1412 5316 ordinationibus,
1447 5261 1592 5321 part.
1623 5250 1708 5314 tn,
1737 5265 1861 5320 pag.
1900 5250 2023 5321 156.

923 5334 947 5361 ⁸
1012 5322 1358 5392 Ἅρξάμεζος
1407 5320 1781 5392 pangentur,
1837 5320 2109 5374 ἐκώλυσε
2191 5321 2418 5374 τούτων

849 5385 1197 5448 turmali-scr.
1247 5385 1506 5445 Testatur
1554 5385 1831 5453 Zosimns,
1875 5393 1967 5446 lib.
2007 5407 2080 5453 tv,
2127 5407 2251 5461 pag.
2289 5392 2414 5458 755,

852 5462 1225 5518 Theodosium
1282 5462 1432 5516 circa
1482 5474 1658 5516 annos
1721 5462 1823 5516 379
1875 5470 1930 5515 et
1971 5462 2075 5515 580
2120 5463 2415 5531 gentilibus

851 5534 1054 5602 templa
1081 5531 1334 5602 adeundi,
1364 5532 1666 5602 patriisque
1692 5531 2147 5602 ritibus-numina
2164 5533 2412 5601 placandi

853 5597 1176 5674 potestatem
1221 5597 1441 5674 iecisse.
1496 5597 1617 5674 Ἔτι
1667 5602 2070 5674 γὰρηίηςιιι-ἰι,
2119 5597 2188 5672 ἦν
2233 5604 2416 5666 αὐτοῖς

851 5670 1002 5726 ἄδεια
1027 5674 1122 5726 τοῦ
1146 5673 1344 5744 Ῠφοιτᾲν
1373 5673 1450 5744 είς
1483 5670 1563 5744 τὰ⁸
1583 5670 1857 5744 ίερὰ,ξκαὶ
1880 5670 1952 5744 3a
1983 5671 2100 5744 θεῖα
2127 5670 2268 5726 κατὰ
2291 5674 2417 5736 τοὺς

852 5744 1112 5814 πατρίους
1137 5741 1370 5814 θεσμοὺς
1393 5741 1845 5814 ἐκμειλίττεσθαι.
1880 5741 2090 5796 Etenim
2110 5758 2240 5796 mox
2269 5757 2416 5814 anno

850 5811 977 5867 38f
1010 5811 1476 5885 tem'plis'bellum
1532 5811 1828 5880 indictum,
1883 5821 1941 5867 ut
1997 5820 2228 5869 testatur
2271 5813 2414 5868 idem

2523 5111 2706 5166 siana‘
2729 5106 2990 5164 adversus
3043 5106 3337 5170 sacriﬁcia,
3371 5124 3494 5178 quae
3546 5109 3626 5163 sic
3659 5106 3821 5162 habet
3851 5126 3864 5160 :
3897 5106 3957 5162 Si
3991 5110 4083 5176 qui

2519 5182 2691 5236 uetitis
2711 5181 2992 5248 sacriﬁciis
3018 5179 3221 5233 diurnis
3261 5180 3650 5247 nocturnisque,
3683 5179 3815 5231 velut
3864 5194 4083 5230 vesanus

2519 5269 2582 5304 ac
2634 5253 2930 5323 sacrilegus
2965 5253 3282 5304 incertorum
3353 5249 3707 5323 consultorum
3781 5249 4082 5323 imntiserit.

2521 5324 2804 5390 fatrumque
2825 5319 2934 5374 sibi
2973 5331 3063 5373 aut
3105 5323 3351 5387 templum
3381 5321 3448 5372 nd
3479 5320 3838 5386 hujuscemodi
3869 5319 4084 5372 sceleris

2519 5394 2913 5446 excusationem
2950 5393 3323 5445 assumendum
3371 5390 3673 5449 crediderit,
3723 5392 3797 5442 vel
3820 5393 4083 5456 putarent

2520 5462 2854 5524 adeundum,
2899 5464 3267 5531 proscriptioni
3317 5478 3369 5514 se
3411 5461 3608 5514 nouerit
3642 5460 4027 5530 subjugandum
4065 5475 4084 5509 .-

2521 5551 2640 5587 cum
2666 5551 2758 5586 nos
2788 5534 2943 5601 justa
2981 5534 3310 5588 institutione
3337 5547 3637 5585 maneamus
3669 5547 3685 5584 :
3709 5532 3886 5584 Castis
3912 5531 4082 5582 [lenm

2523 5605 2777 5674 precibus
2821 5603 3227 5674 excolendum,
3259 5619 3372 5674 non
3416 5602 3912 5674 dit'is_carttiittilitts
3943 5615 4083 5674 pro-

2524 5671 2840 5728 i'anandum.
2882 5673 3006 5727 Dat.
3041 5689 3140 5728 xm
3181 5673 3308 5729 Kal.
3339 5671 3463 5728 Jan.
3495 5671 3685 5727 CPoli.
3728 5671 3987 5726 Eucherio
4027 5679 4079 5723 et

2521 5744 2745 5816 Syagrio
2785 5761 2922 5800 coss.
2957 5745 3119 5815 (581.
