4460 6634
405 452 537 511 “Si

1388 444 1711 500 HISTORIA
1748 440 2296 499 ECCLESIASTICA.
2339 474 2409 487 -—
2444 446 2573 502 LIB.
2613 445 2725 502 VII.

3512 460 3650 524 1482

403 578 582 644 ροῖντο
630 571 769 625 κατά
798 569 889 622 τὸν
925 565 1151 638 πάτριον
1200 565 1364 635 νόμον
1400 562 1478 634 τῷ
1520 563 1750 634 ποταμῷ
1798 563 1967 616 θύειν.
2000 567 2045 622 Α
2075 559 2164 615 Ind

1889 577 1967 614 ,w.
2000 567 2045 622 Α
2075 559 2513 633 lndiguahantur
2550 580 2686 635 ergo
2706 563 2976 637 Aigyptii.
3020 567 3165 637 quod
3194 567 3364 625 ﬂuvio
3398 586 3466 627 ex
3497 590 3650 630 more

411 664 749 736 ’Υπονοήσας
778 662 837 716 δὲ
884 662 913 714 ὁ
958 660 1053 714 τοῦ
1081 658 1268 722 ἔθνους
1301 656 1601 729 ἡγούμενος
1651 658 1729 719 είς
1784 654 1973 708 στάσιν

400 748 599 820 ἅύτόὺς
620 749 1190 825 παρασκευάζεσθαι,
1222 749 1347 803 τάδε
1385 749 1642 819 ἐμήνυσε.
1672 744 1874 799 Μαθὼν
1914 743 1971 796 δὲ

391 841 428 904 δ
491 847 741 919 βασιλεὺς
789 846 1008 916 ἄμεινον
1046 842 1151 913 ἔφη
1201 842 1338 913 πρὸς
1380 839 1442 894 τὸ
1504 840 1660 893 Θεῖον
1689 838 1968 908 διαμεῖναι

398 937 610 999 πιστὸν,
645 936 679 1006 ἦ
710 934 781 987 τά
807 933 1002 986 Νείλου
1029 932 1249 1003 νάματα
1272 931 1365 986 καὶ
1384 929 1484 1001 τὴν
1511 926 1761 981 ἐντεῦθεν
1780 927 1971 995 εὐετη-

400 1030 525 1101 ρίαν
558 1026 893 1103 προτιμῆσαι
922 1025 1023 1095 τῆς
1046 1023 1349 1087 εὐσεϐείας.
1370 1020 1525 1093 Μηδέ
1548 1036 1677 1074 ποτε
1706 1019 1817 1090 γὰρ
1845 1016 1971 1091 ῥεύ-

398 1138 543 1174 σειεν
568 1122 772 1183 ἐκεῖνος
801 1118 830 1171 ὁ
858 1115 1100 1187 ποταμὸς
1118 1158 1134 1183 ,
1171 1115 1327 1185 εἴπερ
1354 1113 1571 1185 άληθῶς
1612 1108 1724 1177 οἷός
1750 1112 1813 1168 τέ
1853 1114 1970 1167 ἐστι

396 1211 672 1283 γοητείαις
705 1209 1033 1277 ὑπάγεσθαι,
1059 1209 1153 1262 καὶ
1183 1207 1397 1271 θυσίαις
1420 1207 1652 1279 χαίρειν,
1684 1206 1778 1260 καὶ
1802 1204 1971 1276 αἱμά-

394 1321 504 1359 των
554 1302 734 1372 ρεύσει
768 1302 1003 1371 μιαίνειν
1043 1317 1139 1363 τας
1193 1301 1257 1353 ἐκ
1289 1298 1383 1353 τοῦ
1440 1299 1585 1352 θείου
1638 1297 1967 1368 παραδείσου

395 1398 678 1468 ὲπιρῤοάς.
719 1395 834 1448 Ούκ
862 1396 940 1456 είς
973 1392 1191 1463 μακρὰν
1222 1393 1279 1447 δὲ
1312 1395 1341 1446 ὁ
1371 1392 1564 1454 Νεῖλος
1602 1392 1769 1454 πολὺς
1802 1392 1967 1461 ἐκχυ-

395 1487 551 1552 θεὶς,
599 1487 693 1539 καὶ
735 1487 847 1549 τοῖς
899 1484 1251 1555 ὑψηλοτέροις
1304 1485 1557 1553 ἐπαφῆκε
1585 1484 1657 1538 τὰ
1698 1482 1964 1555 ῥεύματα.

406 1580 563 1633 Ἐπεὶ
594 1580 651 1633 δὲ
679 1580 814 1652 πρὸς
850 1576 910 1631 τὸ
942 1577 1277 1630 τελειότατον
1321 1573 1417 1630 καὶ
1451 1576 1693 1638 σπανίως
1731 1575 1968 1647 πληρού-

396 1688 558 1741 μενον
605 1672 801 1741 μέτρον
843 1667 1107 1739 ἔφθασεν,
1147 1668 1299 1723 ούδὲν
1334 1667 1395 1721 δὲ
1439 1661 1603 1741 ἦττον
1635 1668 1969 1740 ὲκορυφοῦτο

391 1762 454 1816 τὸ
483 1762 661 1831 ὕδωρ,
708 1763 786 1825 είς
829 1760 1071 1814 ἐναντίον
1111 1759 1278 1827 φόϐον
1318 1760 1684 1832 περιέστησαν
1718 1759 1767 1812 οί
1807 1758 1969 1826 Αίγύο

393 1872 558 1910 πτιοι.
589 1855 700 1908 Καὶ
733 1855 851 1917 δέος
875 1849 963 1925 ἦν.
1009 1854 1083 1924 μὴ
1123 1854 1216 1906 καὶ
1252 1853 1351 1923 τὴν
1403 1851 1755 1921 Ἀλεξάνδρου
1787 1840 1962 1914 πόλιν,

390 1950 485 2001 και
512 1947 717 2017 Λιϐύης
745 1911 913 2017 μέροξ
954 1911 1123 1999 ούσάν
1155 1946 1269 2016 (54)
1302 1911 1635 2017 κατακλύσῃ.
1665 1911 1872 1999 ὀιινίκα
1899 1911 1964 2017 δή
1998 1911 2043 1968 Β

393 2038 627 2106 Λέγεται,
650 2036 1134 2106 τοὺςἚλληνιστὰς
1171 2036 1563 2107 Ἀλεξανδρέων
1604 2037 1968 2104 ἀγανακτοῦν⁹

389 2146 488 2192 τας
517 2130 651 2201 πρὸς
680 2129 744 2182 τὸ
783 2128 997 2198 συμϐὰν
1026 2126 1175 2199 παρὰ
1204 2128 1429 2199 γνώμην
1452 2169 1468 2191 ,
1504 2128 1842 2182 ἐπιτωθάσαι
1872 2131 1966 2182 καὶ

390 2225 449 2276 ὲν
478 2225 591 2287 τοῖς
621 2222 869 2291 θεάτροις
897 2220 1223 2293 ἀναϐοῆσαι,
1251 2220 1327 2284 ὡς
1347 2218 1435 2273 οἶα
1466 2222 1647 2292 γέρων
1675 2223 1768 2275 καὶ
1800 2220 1965 2291 λῆρος

390 2320 684 2392 ὲξούρησεν
715 2320 827 2389 (55)
859 2320 888 2372 ὁ
934 2320 1197 2388 ποταμός.
1240 2317 1336 2369 Ἐκ
1373 2316 1565 2369 τούτου
1614 2316 1670 2368 δὲ
1725 2314 1965 2366 πλεῖστοι

387 2412 702 2481 Αἰγυπτίων
744 2412 841 2483 τῆς
870 2413 1127 2483 πατρῴας
1150 2409 1567 2479 δεισιδαιμονίας
1588 2406 1960 2475 κατέγνωσαν,

388 2505 485 2557 καὶ
516 2506 596 2567 είς
627 2503 1052 2575 Χριστιανισμδν
1084 2500 1458 2573 μετεϐάλοντο.
1490 2498 1601 2553 Καὶ
1622 2498 1689 2551 τὰ
1721 2498 1820 2567 μὲν
1840 2538 1854 2559 ,
1887 2494 1963 2560 ὡς

388 2596 688 2669 ἐπυθόμην.

971 2779 1221 2832 ΚΕΦΑΛ.
1264 2776 1393 2833 KA'.

389 2870 530 2939 Περὶ
552 2868 657 2959 "is
685 2869 977 2959 εὑρέσεως
1004 2870 1116 2959 si?
1143 2868 1786 2959 ξιμέιξς.κεεςαέἤςῖρῦ
1810 2871 1961 2937 προ·

599 2941 840 3011 δρόμου,
873 2941 973 2994 καί
994 2941 1110 2993 ὅσα
1133 2940 1207 2992 δι’
1230 2940 1426 3008 αὐτὴν
1449 2940 1749 3009 ἐγένοντο.

472 3032 609 3085 ’Υπδ
640 3032 697 3085 δὲ
742 3030 930 3085 τοῦτον
961 3031 1052 3085 τὸν
1100 3031 1289 3101 χρόνον
1330 3030 1649 3101 διεκομίσθη
1682 3031 1762 3094 είς
1813 3031 1964 3083 Κωνο

388 3123 827 3179 σταντινούπολιν
885 3126 919 3194 ἠ
980 3123 1227 3177 Ἰωάννου
1279 3122 1374 3176 τοῦ
1432 3122 1736 3175 Βαπτιστοῦ
1792 3140 1958 3192 κειρα-

2072 651 2436 724 institutoque
2496 656 2768 726 majorum
2840 659 3160 716 sacriﬁcare
3224 662 3648 736 haudquaquam

2073 743 2543 811 permitterentur.
2566 745 2724 802 Unde
2754 747 3045 816 praefectus
3074 748 3299 821 Egypti
3329 753 3647 823 suspicatus

2071 850 2168 891 eos
2201 834 2526 891 seditionem
2554 837 2758 903 moliri,
2787 853 2901 893 rem
2932 839 3253 911 imperatori
3289 842 3642 913 signiﬁcavit.

2071 928 2376 999 Imperator
2420 936 2626 997 autem,
2674 946 2734 986 re
2782 933 3032 1003 cognita,
3080 936 3259 991 satius
3331 952 3456 994 esse
3506 924 3649 995 dixit

2071 1020 2281 1078 ﬁdelem
2326 1036 2455 1093 erga
2495 1021 2663 1077 Deum
2701 1039 3044 1096 permanere,
3076 1042 3238 1097 quam
3286 1027 3493 1086 ﬂuenta
3536 1029 3646 1086 Nili

2068 1124 2125 1169 et
2157 1113 2376 1186 frugum
2417 1131 2482 1170 ex
2511 1130 2576 1170 ea
2615 1131 2677 1172 re
2711 1117 3015 1173 ubertatem
3054 1119 3247 1189 pietati
3287 1129 3642 1193 anteponere.

2068 1205 2360 1277 Nunquam
2390 1207 2545 1271 ﬂuat,
2576 1206 2772 1277 inquit,
2798 1207 2999 1265 ﬂuvius
3023 1210 3148 1277 iste,
3185 1212 3233 1267 si
3264 1213 3638 1272 incantamen-

2069 1297 2143 1353 tis
2190 1298 2342 1365 elici,
2381 1305 2443 1353 et
2489 1299 2779 1355 sacriﬁciis
2816 1301 3078 1357 obiectari
3126 1312 3183 1358 et
3223 1306 3442 1363 cruoris
3497 1307 3643 1364 ﬂuxu

2069 1388 2247 1445 undas
2277 1405 2344 1444 ex
2368 1390 2556 1446 divino
2602 1392 2862 1462 paradiso
2891 1393 3190 1452 deﬂuentes
3234 1398 3526 1469 inquinare
3560 1418 3648 1457 re-

2066 1498 2197 1539 vera
2226 1491 2428 1553 potest.
2451 1482 2655 1540 Verum
2692 1485 2851 1542 Nilus
2882 1486 3029 1543 haud
3063 1492 3235 1546 multo
3262 1500 3387 1562 post
3410 1494 3641 1558 eﬂ‘usus.

2068 1575 2357 1644 superiora
2387 1592 2611 1647 quoque
2649 1580 2766 1634 loca
2796 1581 2955 1650 aquis
2984 1581 3104 1636 suis
3135 1584 3385 1652 Operuit;
3409 1600 3645 1655 cumque

2066 1668 2135 1722 ad
2168 1682 2463 1735 summam,
2494 1677 2551 1724 et
2578 1685 2701 1741 quas
2729 1686 2856 1726 raro
2885 1671 3101 1744 impleri
3136 1676 3299 1739 solet,
3330 1692 3642 1732 mensuram

2068 1760 2434 1830 pervenisset,
2482 1769 2537 1816 et
2582 1761 2763 1817 adhuc
2807 1773 2989 1818 tamen
3038 1779 3179 1832 aqua
3236 1768 3644 1832 intumesccrct,

2069 1851 2125 1907 in
2161 1854 2502 1908 contrarium
2543 1862 2746 1910 metum
2797 1857 3113 1914 inciderunt
3159 1859 3425 1933 Egyptii,
3488 1872 3637 1918 time-

2068 1944 2308 2015 bantque
2340 1960 2407 1998 ne
2438 1946 2571 2001 urbs
2605 1945 2978 2002 Alexandrina
3011 1957 3065 2004 et
3106 1949 3289 2021 Lybiae
3317 1966 3447 2021 pars
3482 1969 3643 2024 aquis

2065 2039 2454 2096 obruerentur.
2490 2040 2654 2112 310
2693 2040 2832 2096 Tum
2877 2059 3008 2099 vero
3056 2046 3211 2099 aiunt
3252 2060 3502 2116 paganos
3547 2050 3639 2117 qui

2064 2140 2223 2188 erant
2252 2134 2619 2196 Alexandriae,
2665 2136 2897 2191 moleste
2933 2136 3169 2192 ferentes
3210 2138 3264 2193 id
3303 2138 3450 2209 quod
3491 2140 3644 2194 acci-

2064 2225 2248 2289 derat,
2284 2240 2383 2295 per
2410 2226 2600 2296 jocum
2629 2226 2682 2281 in
2713 2228 2945 2283 theatris
2975 2231 3340 2294 exclamasse,
3372 2232 3519 2300 quod
3552 2231 3644 2285 Ni—

2066 2314 2153 2368 lus
2188 2325 2452 2385 tanquam
2487 2332 2653 2372 senex
2686 2331 2749 2373 ac
2779 2318 2987 2373 delirus
3016 2320 3364 2376 eminxissct.
3391 2320 3545 2375 Hanc
3572 2325 3642 2377 oh

2063 2423 2290 2465 causam
2345 2410 2567 2481 plurimi
2618 2411 3031 2483 Egyptiorum,
3078 2414 3313 2484 patriam
3365 2418 3640 2486 supersti-

2062 2499 2271 2555 tionem
2310 2501 2663 2565 damnantes,
2705 2502 2771 2555 ad
2805 2502 3178 2557 Christianam
3223 2504 3547 2573 religionem
3584 2521 3643 2561 se

2062 2593 2492 2650 transtulerunt.
2526 2594 2705 2664 Atque
2756 2593 2873 2648 haec
2920 2594 3143 2664 quidem
3193 2596 3269 2651 ita
3314 2604 3467 2667 gesta
3520 2613 3643 2656 esse

2061 2685 2270 2755 accepL

2689 2774 2839 2831 CAP.
2880 2774 3028 2830 XXI.

2063 2862 2141 2918 De
2175 2866 2467 2921 inventione
2512 2868 2703 2934 capitis
2747 2866 2972 2922 Joannis
3015 2868 3275 2937 Baptista:
3309 2879 3358 2923 et
3393 2870 3640 2926 Prazcur-

2217 2938 2377 2993 saris.
2408 2948 2457 2991 et
2487 2940 2656 2991 dehis
2688 2955 2804 3009 quae
2834 2941 2977 2992 circa
3003 2939 3137 2992 illud
3167 2940 3313 3008 facta
3345 2952 3487 2995 sunt.

2134 3028 2250 3084 Sub
2285 3030 2427 3084 idem
2465 3033 2703 3101 tempu‘s,
2741 3032 3068 3088 translatum
3101 3033 3204 3086 luit
3247 3033 3640 3089 Constantino-

2062 3122 2227 3192 polim
2260 3120 2493 3177 Joannis
2530 3122 2785 3193 Baptistae
2832 3132 3020 3194 caput,
3055 3126 3203 3195 quod
3257 3125 3523 3182 Herodias
3571 3129 3639 3183 ab

386 3218 455 3289 λὴ
493 3216 648 3287 (56),
680 3216 747 3286 ἣν
790 3214 1056 3285 Ἡρωδιὰς
1102 3214 1345 3285 ᾐτήσατο
1392 3212 1544 3283 παρά
1587 3212 1827 3283 Ἡρώδου
1867 3213 1959 3266 τοῦ
1984 3252 2028 3311 C
2067 3212 2145 3311 Ile

1873 3213 1959 3266 τοῦ
1984 3252 2028 3311 C
2067 3210 2282 3266 Herode
2323 3212 2601 3266 tetrarcha
2654 3213 2783 3266 olim
2828 3214 3082 3284 petierat.
3118 3214 3403 3271 Inventum
3454 3226 3634 3274 autem

386 3311 719 3381 Τετράρχου.
752 3307 981 3376 Λέγεται
1011 3307 1067 3360 δὲ
1091 3307 1378 3378 εὑρεθῆναι
1424 3306 1572 3377 παρὰ
1598 3306 1825 3377 ἀνδράσι
1862 3325 1958 3377 μο-

387 3403 570 3471 ναχοίς
599 3400 698 3469 τῆς
729 3398 1064 3453 Μακεδονίω
1098 3398 1395 3467 αἱρέσεως·
1433 3397 1482 3449 οἳ
1530 3397 1596 3452 τὰ
1629 3398 1727 3467 μὲν
1769 3398 1959 3461 πρῶτα

386 3494 446 3547 ὲν
479 3490 871 3563 Ἱεροσολύμοις
898 3490 1184 3561 διέτριϐον,
1228 3488 1453 3562 ὕστερον
1480 3490 1538 3542 δὲ
1568 3494 1648 3551 εἰς
1703 3491 1959 3543 Κιλικίαν

390 3584 827 3656 μετῳκίσθησαν.
872 3584 996 3635 Ἐπὶ
1022 3583 1077 3634 δὲ
1122 3584 1220 3655 τῆς
1256 3582 1363 3654 πρὸ
1402 3582 1606 3653 ταύτης
1636 3584 1956 3653 ἡγεμονίας,

386 3675 695 3746 Μαρδονίου
753 3674 1131 3743 μηνύσαντος,
1189 3674 1249 3733 ὃς
1285 3674 1386 3743 τῆς
1444 3672 1730 3742 βασιλικῆς
1783 3674 1961 3737 οίκίας

390 3768 591 3838 μείζων
636 3763 704 3839 ἦν
734 3765 986 3836 εὐνοῦχος
1006 3807 1020 3829 ,
1054 3764 1387 3835 προσέταξεν
1437 3765 1652 3834 Οὐάλης
1703 3766 1784 3829 είς
1812 3767 1960 3818 Κωνο

387 3859 826 3915 σταντινούπολιν
872 3860 1042 3929 αὐτὴν
1083 3858 1427 3929 κομισθῆναι.
1459 3858 1569 3911 Καὶ
1612 3858 1662 3912 oi
1718 3858 1817 3926 μὶν
1866 3858 1958 3910 ἐπὶ

385 3949 545 4004 τοῦτο
595 3950 993 4013 ἀποσταλέντες
1020 3989 1036 4015 ,
1086 3949 1363 4013 ἐπιθέντες
1424 3949 1663 4020 ὀχήματι
1714 3949 1958 4019 δημοσίῳ

2065 3302 2118 3356 id
2143 3317 2267 3357 esse
2314 3303 2519 3357 dicitur
2563 3304 2708 3373 apud
2754 3305 3056 3361 monachos
3099 3309 3365 3377 quosdam
3395 3324 3460 3364 ex
3489 3321 3637 3365 secta

2063 3392 2603 3459 llacedonianorum,
2648 3397 2741 3465 qui
2786 3397 2939 3466 prius
2979 3398 3199 3468 quidem
3242 3398 3638 3472 Hierosolymis

2063 3487 2259 3542 morati
2296 3486 2534 3553 fuerant,
2572 3496 2760 3557 postea
2798 3504 2923 3543 vero
2954 3489 3009 3544 in
3060 3490 3315 3545 Ciliciam
3361 3494 3629 3563 migrave'

2060 3587 2204 3633 rant.
2241 3577 2611 3635 Praeeedentis
2650 3588 2832 3635 autem
2872 3582 3221 3652 imperatoris
3272 3586 3631 3655 temporibus.

2061 3682 2187 3722 cum
2240 3668 2555 3727 Mardonius
2601 3672 2919 3735 eunuchus,
2957 3675 3287 3744 praepositus
3334 3678 3633 3747 imperialis

2061 3760 2272 3828 palatii,
2307 3777 2420 3815 rem
2460 3762 2770 3826 detulisset,
2790 3773 3037 3831 iusserat
3064 3764 3264 3821 Valens
3296 3777 3355 3821 ut
3385 3769 3438 3823 id
3468 3781 3634 3839 caput

2060 3850 2595 3925 Constantinopolim
2646 3856 3051 3925 deportaretur.
3105 3856 3173 3911 Et
3205 3859 3241 3912 ii
3281 3860 3503 3930 quidem
3537 3864 3628 3932 qui

2065 3942 2133 3997 ad
2166 3943 2270 3998 hoc
2303 3947 2453 4001 missi
2493 3948 2731 4015 fuerant,
2759 3956 2924 4019 caput
2953 3949 3085 4004 illud
3118 3951 3337 4021 publico
3378 3955 3632 4013 vehiculo

1585 4123 1851 4182 VALESII
1888 4124 2440 4183 ANNOTATIONES.

459 4221 572 4292 (54)
610 4222 721 4277 Καί
753 4223 975 4288 Λιϐύης
1022 4219 1204 4292 μέρος
1251 4214 1469 4274 οὖσαν.
1517 4218 1799 4292 POstrema
1850 4237 1953 4275 vox

383 4288 612 4348 delenda
647 4300 751 4354 est,
784 4307 946 4362 quam
980 4288 1080 4345 nec
1115 4290 1456 4362 Nicephorus
1482 4304 1584 4343 nec
1615 4288 1953 4359 Epiphanius

385 4364 673 4432 agnoscit,
728 4361 826 4415 nec
864 4361 1144 4432 Musculus
1178 4361 1233 4414 in
1271 4362 1526 4432 versione
1560 4374 1657 4412 sua
1680 4362 1948 4432 Arctinuit.

383 4429 451 4488 Αἰ
481 4432 751 4487 Suﬂ‘ridus
781 4433 872 4500 qui
910 4434 1056 4485 hunc
1092 4429 1379 4485 Sozomeui
1427 4430 1625 4500 librum
1678 4429 1949 4499 interpre-

384 4511 532 4557 tatus
572 4511 676 4564 est,
718 4499 954 4572 pessime
998 4502 1144 4554 hunc
1186 4502 1365 4572 locum
1405 4499 1568 4552 vertit
1598 4499 1703 4553 hoc
1740 4501 1899 4572 modo
1935 4519 1947 4554 :

385 4573 540 4626 Nunc
569 4582 617 4625 et
637 4569 1105 4640 Alexandropolim
1133 4587 1248 4641 qua:
1275 4569 1453 4640 Libya:
1474 4577 1589 4623 erat
1616 4572 1812 4637 portio,
1841 4571 1948 4639 ﬂu-

381 4645 495 4697 vius
529 4643 831 4695 inundaret.

2058 4221 2317 4295 Marciani
2347 4224 2615 4295 Augusti,
2655 4224 3060 4295 Vincomaloet
3093 4224 3345 4295 Opilione
3374 4242 3521 4283 coss.
3555 4228 3628 4283 ita

2058 4293 2294 4365 scrihitr:
2340 4292 2640 4365 Hisfcossw
2686 4306 2935 4365 regnante
2992 4292 3366 4351 Valentiniano
3397 4307 3448 4351 et
3476 4298 3627 4353 Mar-

2055 4363 2210 4415 ci.mo
2240 4364 2493 4434 Augustis
2515 4405 2530 4428 ,
2573 4363 2757 4418 mense
2803 4366 3037 4429 l’eritio,
3087 4382 3163 4420 xu
3215 4366 3342 4422 lt'al.
3372 4367 3624 4434 Martias,

2057 4433 2606 4507 ritedil_i__liebdomade
2649 4435 3006 4507 jejuniorum,
3056 4453 3194 4490 anno
3240 4433 3628 4507 Syromacedo4

2055 4519 2179 4577 itum
2201 4503 2324 4577 765,
2354 4506 2793 4577 Aittiochenorum
2815 4506 2939 4567 501,
2970 4516 3019 4559 et
3049 4507 3153 4560 425
3180 4524 3245 4561 ex
3266 4503 3367 4577 quo
3386 4507 3625 4563 Joannes

2058 4572 2303 4647 Baptista
2322 4575 2489 4640 capite
2517 4585 2793 4647 truncatus
2822 4577 3019 4643 fuerat.
3050 4580 3066 4597 '
3090 4572 3305 4630 sacrant
3326 4579 3442 4646 ejus
3467 4591 3626 4647 caput

2057 4643 2124 4716 in;
2155 4642 2408 4716 Emesena
2446 4645 2575 4698 urbe
2606 4656 2865 4714 repertum
2918 4656 3016 4699 est.
3054 4647 3189 4712 Quis
3234 4657 3320 4702 est
3348 4642 3455 4716 'qui
3514 4642 3622 4703 non

452 4714 562 4781 (55)
621 4713 1001 4786 Ἐξούρηοξεν.
1049 4710 1386 4786 Epiphanius
1418 4708 1797 4786 Scholasﬁnus
1830 4727 1949 4764 νοιδ-
1982 4706 2026 4760 1)
2056 4714 2213 4786 iniret

1862 4727 1949 4764 (δι’-
1982 4706 2026 4760 1)
2056 4714 2284 4786 iniretur
2314 4715 2455 4786 hanc
2494 4706 2823 4783 scriptorum
2847 4706 3313 4786 discrepantiam?
3340 4706 3621 4773 Postrema

380 4779 495 4836 tit':
532 4779 866 4836 Evanuisset.
906 4779 1075 4835 Verba
1100 4779 1227 4848 ejus
1262 4789 1389 4835 sunt
1424 4796 1436 4806 ·
1474 4780 1607 4832 Ίίινι
1631 4796 1746 4832 vero
1770 4782 1947 4848 [erunt

2051 4784 2270 4849 quidem
2321 4784 2435 4837 hanc
2481 4788 2724 4838 narratio
2764 4787 2960 4841 nititur
3001 4784 3329 4841 auctoritate
3378 4789 3621 4842 Marcelli

380 4870 613 4924 paganos
655 4851 1038 4924 Alexandrinos
1096 4854 1147 4903 in
1193 4852 1398 4924 theatro
1453 4852 1746 4924 clamasse,
1811 4853 1948 4921 quod
2050 4853 2337 4920 cujusdam
2394 4854 2877 4915 archimandritaa.
2930 4859 3023 4924 qui
3071 4858 3392 4911 relationem
3434 4856 3624 4911 Grazce

384 4919 520 4977 uelut
568 4938 727 4975 senex
784 4932 834 4975 et
886 4923 1094 4991 ﬁdelirus
1150 4922 1441 4974 evanuisset
1496 4919 1676 4972 Nilus.
1730 4919 1947 4991 Langus

378 5009 510 5047 vero
559 4992 831 5062 interpres
884 4990 1175 5061 Nicephori
1228 4994 1389 5045 vertit
1421 5000 1741 5059 postremum
1778 4990 1948 5046 emin-

376 5073 563 5201 nigri).
611 5132 673 5187 Ἠ
715 5131 996 5201 Ἰωάννου
1037 5132 1143 5185 τοῦ
1178 5130 1512 5201 Βαπτιστοῦ
1542 5130 1797 5200 κεφαλή.
1837 5130 1944 5185 Va-

2051 4924 2275 4992 scripsit
2319 4924 2385 4996 de
2436 4926 3004 4996 inventionecapitis
3058 4924 3285 4981 Joannis
3343 4926 3620 4996 Baptistae.

2050 5009 2213 5056 quam
2247 5010 2310 5047 ex
2342 4994 2534 5048 Graeco
2584 4996 2635 5048 in
2671 4995 2923 5047 Latinum
2978 5011 3286 5051 sermonem
3339 4994 3623 5052 transtulit

2052 5062 2345 5133 Dionysius
2376 5062 2636 5133 Exiguus.
2682 5064 2817 5118 Huic
2848 5066 3137 5132 posteriori
3176 5065 3479 5121 inventioni
3520 5069 3618 5121 ad-

2050 5132 2346 5203 stipulatur
2388 5132 2577 5203 gravis
2612 5142 2806 5187 auctor
2852 5150 2913 5187 ac
2961 5134 3213 5203 diligens,
3269 5134 3620 5191 Marcellinus

376 5200 680 5274 Ientiniauo
720 5211 861 5274 rvet
904 5200 1155 5274 Neoterio
1181 5218 1327 5255 coss.
1374 5203 1423 5255 IlI
1477 5200 1683 5274 factum
1712 5217 1835 5274 esse
1865 5204 1941 5274 ait
2047 5200 2245 5257 Coines
2276 5205 2337 5274 in
2371 5200 2650 5261 Chronico,
2697 5205 2790 5272 qui
2843 5200 3178 5274 supradiCtis
3227 5220 3373 5261 coss.
3409 5205 3616 5261 Vinco-

376 5272 610 5341 Prosper
642 5273 697 5326 in
738 5272 1017 5328 Chronico.
1067 5272 1266 5325 Verum
1307 5280 1501 5326 auctor
1531 5269 1777 5325 Chronici
1812 5273 1937 5325 Ale-

2047 5273 2191 5326 malo
2218 5281 2271 5326 et
2304 5270 2578 5346 Opilione.
2623 5274 2695 5327 ita
2715 5270 2957 5328 scribit:
2997 5275 3109 5329 Hoc
3140 5277 3303 5346 igitur
3326 5278 3619 5331 venerabile

374 5344 629 5395 :raudrini
691 5343 741 5395 id
799 5341 965 5397 refert
1032 5357 1175 5416 anno
1232 5353 1532 5416 sequente,
1570 5341 1847 5416 __'I‘atiano_
1882 5349 1937 5416 et
2043 5352 2200 5416 caput
2230 5344 2325 5395 sub
2360 5341 2900 5416 Qraniqgmemoratte
2944 5341 3183 5414 episcopo
3237 5348 3489 5411 civitatis,
3527 5363 3619 5416 per

378 5413 708 5482 Symmacho
748 5427 892 5467 coss.
931 5428 1115 5465 mense
1148 5412 1373 5474 Petilio,
1403 5424 1528 5465 ante
1552 5412 1693 5465 diem
1723 5411 1786 5463 12
1811 5410 1927 5463 Kal.

376 5484 621 5537 Martias.
654 5482 799 5538 Idem
834 5492 1013 5537 tamen
1049 5492 1239 5537 auctor
1268 5485 1360 5537 diu
1386 5492 1595 5553 postea,
1620 5482 1929 5550 principatu

2040 5414 2325 5485 prefaturn
2355 5411 2669 5485 Marcellum
2693 5411 3051 5485 presbyterum
3087 5411 3294 5471 constat
3328 5411 3614 5483 inventum,

2053 5483 2355 5538 Vincomalo
2387 5494 2437 5538 et
2472 5482 2714 5551 Opilione
2745 5482 2907 5551 coss.,
2942 5504 3116 5542 mense
3150 5486 3468 5556 Februario,
3502 5498 3612 5544 etc.

1816 5662 2191 5718 VARIORUM.

446 5759 463 5777 ‘
500 5755 810 5824 Ducangius
861 5754 915 5807 in
974 5753 1119 5807 notis
1165 5753 1227 5807 ad
1283 5753 1429 5807 hunc
1481 5752 1729 5824 Chronici
1773 5752 1930 5824 Alex.

377 5832 553 5881 locum
588 5821 861 5887 ostendit,
903 5824 1180 5878 inventum
1210 5838 1331 5877 esse
1359 5833 1521 5893 caput
1553 5822 1727 5877 sancti
1760 5821 1934 5893 Joan-

376 5903 459 5955 nis
494 5898 747 5969 Baptistae
796 5910 940 5950 anno
967 5894 1172 5949 Christi
1223 5893 1362 5959 452,
1412 5904 1467 5948 ut
1524 5902 1755 5950 testatur
1804 5892 1934 5950 Ant.

687 5992 962 6052 PATROL.
992 5990 1108 6052 Gn.
1159 5989 1385 6050 LXVII.

2040 5756 2192 5831 Bagi.
2223 5755 2287 5806 ad
2320 5770 2709 5831 eutn_a_nnum.
2740 5773 2795 5831 ιι.
2834 5757 2917 5812 l0.
2953 5758 3026 5813 De
3062 5762 3184 5829 ejus
3212 5758 3461 5831 reliquiis
3489 5759 3612 5817 vide

2043 5823 2409 5891 Tuaoooair.,
2449 5825 2592 5881 Hist.
2641 5830 2853 5893 eccles.,
2890 5831 2982 5885 lib.
3020 5823 3108 5896 in,
3135 5847 3259 5903 cap.
3291 5832 3322 5885 7

3132 5995 3203 6058 47
