4460 6634
793 446 935 504 14Ἱό

2243 434 2587 494 SOZOMENI

3915 429 4066 487 £4276

790 563 1062 619 Joannem
1107 557 1503 631 evangelistam
1544 556 1702 628 sequi
1740 571 1802 614 se
1827 555 1969 612 velle
2015 553 2381 617 afﬁrmabant,
2411 561 2456 619 Α
2487 555 2551 606 diu

2307 563 2381 617 nt,
2411 561 2456 619 Α
2487 548 2802 606 ἀκολουθεῖν
2833 547 3204 620 ίσχυρίζονττν
3238 541 3398 600 τοῦτο
3432 548 3583 618 κοινῇ
3611 545 3767 612 δόξαν
3793 585 3808 607 ,
3836 547 4068 600 ἔκαστοι

790 670 860 711 ex
901 652 1180 709 communi
1231 651 1470 706 consilio
1527 649 1760 720 placuit,
1816 655 1878 701 ut
1917 645 2118 716 singuli
2181 643 2376 699 festum

791 755 958 818 preat
996 751 1392 798 consueverant
1421 740 1789 801 celebrantes,
1828 752 1858 790 a
1908 744 2096 790 mutua
2143 735 2286 788 inter
2321 748 2379 787 se

791 833 1533 899 communionenequaquam
1559 827 1929 882 discederent.
1948 822 2185 878 Stultum
2209 821 2376 883 enim,

791 937 893 976 nec
934 921 1228 984 immerito,
1257 917 1416 988 307
1460 918 1870 977 existimabant,
1919 913 2378 968 consuetudinum

790 1029 958 1070 causa
994 1013 1064 1066 ab
1099 1027 1157 1066 se
1186 1011 1422 1064 invicem
1458 1009 1705 1079 separari
1733 1023 1853 1072 eos,
1879 1007 1970 1076 qui
2003 1006 2056 1060 in
2087 1004 2379 1076 praacipuis

792 1105 1081 1176 religionis
1130 1103 1403 1175 capitibus
1449 1101 1848 1156 consentirent.
1900 1098 2088 1167 Neque
2127 1099 2275 1153 enim
2323 1098 2381 1151 in

791 1196 1052 1251 omnibus
1092 1195 1378 1260 Ecclesiis,
1420 1193 1672 1263 quamvis
1718 1191 1968 1247 eamdem
2003 1189 2128 1244 ﬁdei
2178 1187 2383 1242 doctri-

792 1303 920 1344 nam
954 1286 1335 1359 proﬁteantur,
1365 1285 1585 1340 easdem
1616 1284 1941 1339 traditiones
1968 1297 2062 1352 per
2085 1281 2270 1336 omnia
2301 1281 2382 1334 si-

793 1378 956 1433 miles
994 1377 1236 1447 reperire
1265 1375 1414 1430 licet.
1465 1375 1627 1429 Certe
1680 1375 1735 1427 in
1803 1373 2082 1444 provincia
2137 1369 2380 1442 Scythia,

794 1469 1046 1538 quamvis
1091 1460 1276 1522 multa:
1317 1467 1481 1521 urbes
1516 1467 1651 1530 sint,
1689 1479 1833 1518 unus
1876 1472 1960 1518 est
1989 1463 2234 1516 omnium
2266 1463 2385 1530 cpi-

796 1575 1023 1632 scOpus.
1066 1561 1123 1614 ln
1162 1560 1284 1614 aliis
1326 1567 1509 1612 autem
1546 1555 1867 1626 provinciis,
1915 1553 2186 1608 interdum
2218 1555 2382 1607 etiam

794 1653 905 1706 vici
934 1661 1291 1705 consecratos
1324 1648 1525 1702 habent
1549 1647 1865 1716 episcopos,
1901 1645 2048 1700 sicut
2075 1645 2129 1699 in
2163 1644 2381 1706 Arabia.

795 1753 849 1797 et
882 1742 936 1795 in
970 1740 1148 1794 insula
1173 1739 1352 1810 Cypro
1383 1738 1765 1798 animadverti,
1799 1745 1853 1790 et
1879 1736 2018 1806 apud
2051 1735 2386 1790 Novati-unos

796 1847 863 1888 ac
897 1832 1260 1886 MontaniStas
1301 1831 1392 1900 qui
1434 1837 1562 1884 sunt
1604 1831 1660 1882 in
1692 1827 1946 1899 Phrygia.
1996 1827 2150 1897 Apud
2189 1827 2387 1881 Roma-

2476 644 2554 707 ὡς
2581 641 2844 696 εἰώθεσαν
2874 639 3224 709 ἑορτάζοντες
3248 677 3264 702 ,
3298 637 3399 707 τῆς
3432 638 3568 709 πρὸς
3608 639 3748 707 σφᾶς
3771 638 4069 698 κοινωνίας

2476 735 2578 786 οὐκ
2625 732 3024 804 ἐχωρίσθησαν.
3073 729 3282 800 Εὖηθες
3331 729 3441 800 γὰρ
3491 729 3586 782 καὶ
3641 729 3786 798 μάλα
3832 729 4069 790 δικαεως

2479 823 2746 876 ὑπέλαϐον
2771 863 2785 886 ,
2835 822 2972 876 ἐθῶν
3010 821 3195 873 ἕνεκεν
3244 820 3487 889 ἀλλήλων
3528 820 3889 888 χωρίζεσθαι.
3930 815 4070 888 περὶ

2477 912 2546 965 τὰ
2577 911 2765 982 καίρια
2803 910 2903 980 τῆς
2941 909 3235 978 θρησκείας
3265 907 3700 978 συμφωνοῦντες.
3745 909 3818 958 Οὐ
3847 907 3958 976 γάρ
3985 907 4064 975 δὴ

2477 1003 2578 1067 τὰς
2611 1001 2782 1066 αὑτὰς
2812 1000 3141 1073 παραδόσεις
3170 999 3298 1068 περὶ
3332 999 3510 1052 πάντα
3547 997 3774 1067 ὁμοίας,
3795 997 3897 1050 κᾶν
3937 999 4067 1066 6pc;-

2479 1093 2620 1160 δοξοι
2670 1088 2804 1157 εἷεν,
2832 1094 2890 1146 ἐν
2919 1092 3118 1154 πάσαις
3160 1093 3280 1154 ταῖς
3309 1088 3658 1157 Ἐκκλησίαις
3678 1089 3857 1160 εὑρεῖν
3887 1087 4063 1141 ἐστιν.

2491 1186 2707 1258 Ἀμέλει
2753 1184 2956 1240 Σκῦθαι
3015 1182 3208 1238 πολλαὶ
3256 1181 3440 1246 πόλεις
3489 1183 3674 1248 ὄντες,
3717 1183 3818 1237 ἐνα
3855 1183 4066 1244 πάντες

2480 1278 2775 1330 ἐπίσκοπον
2804 1276 3037 1347 ἔχουσιν.
3078 1270 3166 1327 Ἐν
3209 1273 3388 1337 ἄλλοις
3435 1270 3492 1327 δέ
3517 1271 3727 1326 ἔθνεσιν
3754 1273 3902 1326 ἐστιν
3949 1274 4066 1342 ὅπη

2481 1370 2576 1423 καὶ
2613 1371 2670 1422 ἐν
2699 1368 2913 1438 κώμαις
2943 1368 3236 1420 ἐπίσκοποι
3265 1364 3568 1436 ίεροῦνται,
3597 1363 3674 1427 ὡς
3721 1364 3874 1434 παρὰ
3908 1366 4070 1435 Ἀραο

2484 1461 2621 1524 ϐίοις
2641 1462 2734 1513 καὶ
2755 1459 3023 1532 Κυπρίοις
3049 1457 3244 1526 ἔγνων,
3276 1459 3368 1511 καὶ
3390 1457 3540 1528 παρὰ
3567 1460 3678 1519 τοῖς
3709 1459 3768 1509 ἐν
3796 1457 4065 1525 Φρυγίαις

2483 1533 2877 1616 Ναυατιανοϊς,
2925 1551 3022 1604 καὶ
3060 1551 3477 1612 Μοντανισταῖς.
3517 1549 3766 1601 Διάκονοι
3815 1540 3872 1601 δέ
3911 1548 4066 1616 παρὰ

2494 1633 2788 1716 Ῥωμαίοις
2827 1643 2996 1696 είσέτι
3031 1641 3126 1695 νῦν
3173 1637 3234 1694 οὗ
3282 1641 3500 1704 πλείους
3542 1642 3679 1693 εἰσὶν
3720 1641 3897 1694 ἐπτά’
3940 1641 4066 1693 καθ’

2485 1738 2776 1808 ὁμοιότητα
2810 1736 2918 1788 τῶν
2945 1733 3050 1788 ὑπὸ
3073 1733 3182 1786 τῶν
3211 1729 3522 1787 ἀποστόλων
3550 1733 4061 1804 χειροτονηθέντων,

2485 1823 2559 1883 ὧν
2611 1825 2680 1900 ἦν
2723 1829 2994 1898 Στέφανος
3037 1828 3066 1880 6
3123 1827 3337 1898 πρῶτος
3385 1827 3765 1898 μαρτυρήσας.
3801 1826 3962 1893 Παρὰ
4007 1823 4065 1876 δέ

797 1942 902 1982 nos
928 1926 1141 1980 diaconi
1165 1939 1272 1978 non
1300 1925 1486 1993 plures
1509 1930 1637 1976 sunt
1659 1921 1925 1976 hactenus
1949 1935 2110 1988 quam
2137 1927 2340 1990 septem
2367 1958 2382 1984 ,
2419 1913 2462 1973 Β
2490 1925 2558 1976 rei

2308 1936 2340 1971 n
2367 1958 2382 1984 ,
2419 1913 2462 1973 Β
2490 1925 2599 1986 τοῖς
2648 1921 2828 1986 ἄλλοις
2869 1919 3162 1989 ἀδιάφορος
3213 1920 3243 1972 6
3285 1918 3489 1971 τούτων
3535 1918 3766 1988 ἀριθμός
3799 1929 3843 1972 Ρ.
3892 1916 4066 1970 Πάλιν

799 2021 978 2073 instar
1029 2032 1218 2073 eorum
1299 2015 1393 2085 qui
1448 2016 1516 2068 ab
1553 2014 1818 2084 apostolis
1865 2012 2100 2082 primum
2147 2010 2385 2064 ordinati

800 2118 952 2174 sunt,
983 2125 1048 2164 ex
1091 2124 1326 2178 quorttm
1379 2122 1607 2162 numero
1647 2105 1748 2160 fuit
1785 2103 2100 2173 Stephanus
2143 2102 2238 2171 qui
2272 2101 2388 2171 pri-

798 2215 925 2256 mus
970 2200 1292 2272 martyrium
1341 2199 1583 2268 pertulit.
1637 2195 1794 2266 Apud
1842 2195 1978 2249 alios
2021 2207 2154 2248 vero
2211 2192 2387 2247 baud-

801 2307 1073 2364 quaquam
1108 2291 1368 2346 deﬁuitus
1411 2299 1496 2345 est
1546 2302 1808 2343 numerus
1839 2287 2214 2341 diaconorum.
2249 2283 2390 2339 Prae-

803 2394 954 2438 terea
1013 2380 1198 2435 Roma:
1253 2380 1550 2450 quotannis
1620 2379 1789 2434 semel
1836 2377 2054 2431 canitur
2109 2374 2384 2440 Alleluia,

803 2476 978 2546 primo
1019 2475 1106 2529 die.
1137 2473 1422 2528 Paschalis
1455 2471 1797 2538 festivitatis;
1830 2469 1969 2524 adeo
2007 2476 2067 2522 ut
2093 2469 2248 2521 multi
2281 2465 2390 2521 Ro-

802 2578 1091 2619 manorum
1143 2563 1246 2616 hoc
1287 2561 1643 2633 jurejurando
1701 2562 1778 2615 uti
1832 2560 2080 2622 soleant,
2132 2568 2192 2612 ut
2245 2558 2391 2613 hunc

803 2656 1065 2728 hymnum
1091 2655 1280 2711 audire
1312 2663 1368 2711 et
1397 2669 1594 2710 canere
1625 2653 1760 2724 ipsis
1793 2654 2091 2722 contingat.
2118 2649 2176 2706 ln
2199 2651 2388 2706 eadem

2489 2012 2557 2069 αὖ
2597 2014 2828 2068 ἑκάστου
2880 2012 3032 2074 ἔτους
3072 2009 3222 2075 ἅπαξ
3277 2011 3334 2062 ἐν
3376 2009 3563 2080 Ῥώμῃ
3600 2010 3714 2080 (45)
3764 2009 3826 2063 τὸ
3870 2009 4065 2081 Ἀλλη-

2489 2107 2641 2161 λούῖα
2673 2103 2786 2175 (46)
2816 2102 3113 2174 ψάλλουσι,
3152 2101 3295 2156 κατὰ
3331 2100 3429 2172 τὴν
3458 2101 3680 2172 πρώτην
3718 2101 3931 2172 ἡμέραν
3961 2101 4068 2172 τῆς

2489 2196 2794 2268 Πασχαλίου
2855 2194 3088 2266 ἑορτῆς,
3145 2193 3222 2257 ὼς
3289 2193 3500 2256 πολλοῖς
3567 2193 3851 2262 Ῥωμαίων
3900 2194 4069 2263 ὅρκον

2487 2284 2625 2342 εἶναι
2667 2287 2778 2358 (47)
2799 2328 2814 2352 ,
2847 2285 3035 2340 τοῦτον
3075 2285 3166 2338 τὸν
3194 2284 3364 2355 ὕμνον
3393 2283 3691 2353 ἀξιωθῆναι
3724 2284 3955 2338 ἀκοῦσαί
4004 2300 4068 2338 ἰε

2487 2381 2580 2434 καὶ
2613 2379 2800 2448 ψᾶλαι.
2849 2376 2988 2430 Οΰτε
3033 2376 3090 2430 δέ
3138 2378 3167 2429 6
3214 2377 3513 2440 ἐπίσκοπος
3554 2377 3665 2446 (48)
3693 2417 3707 2440 ,
3741 2375 3866 2429 οὔτε
3903 2376 4069 2440 ἄλλος

2487 2489 2571 2534 τις
2599 2469 2784 2524 ἐνθάδε
2806 2469 2893 2521 ἐπ’
2913 2467 3208 2538 ἐκκλησίας
3233 2468 3472 2521 διδάσκει
3505 2478 3556 2522 (ι.
3605 2468 3755 2539 παρὰ
3789 2468 3845 2521 δέ
3879 2469 4069 2532 Ἀλεξ-

2489 2561 2742 2632 ανδρεῦσι
2805 2557 2964 2622 μόνος
3006 2559 3035 2610 6
3081 2559 3180 2628 τῆς
3225 2558 3433 2622 πόλεως
3483 2559 3796 2622 ἐπίσκοπος.
3839 2561 3976 2612 Φασὶ
4005 2559 4068 2612 δέ

2491 2652 2652 2707 τοῦτο
2675 2653 2736 2705 οὐ
2761 2649 3025 2721 πρότερον
3050 2649 3240 2712 εἰωθὸς
3264 2651 3630 2719 ἐπιγενέσθαι,
3653 2652 3746 2721 ἀφ’
3764 2645 3826 2704 οὗ
3845 2653 4070 2725 Ἄρειος

2000 2835 2272 2892 VALESII
2307 2833 2872 2893 ANNOTATIONES.

892 2929 1004 2998 (45)
1042 2929 1232 2995 ’Ἀπαξ
1271 2931 1342 2985 ἐν
1381 2928 1591 3000 Ῥώμῃ.
1635 2927 2019 3000 ι’ίοιιιτιιιοῐιίίἰιΔ
2053 2929 2156 2982 hoc
2208 2927 2380 2983 Baro-

807 2998 933 3055 nius
977 2999 1042 3053 ad
1079 3016 1280 3055 annum
1312 3001 1442 3054 Chr.
1483 2997 1610 3063 384,
1659 2997 1809 3052 num.
1854 3000 1944 3052 28.
1984 2997 2181 3052 Verum
2215 3013 2380 3067 argu-

807 3078 987 3124 menta
1011 3072 1211 3141 quibus
1249 3073 1300 3129 id
1328 3071 1562 3140 probare
1587 3070 1813 3141 nititur,
1837 3084 2026 3138 parum
2059 3070 2214 3141 ﬁrma
2252 3068 2382 3141 mihi

807 3137 1084 3194 videntur.
1110 3137 1343 3196 Proinde
1367 3141 1751 3194 auctoritatem
1783 3137 2072 3191 Stirom‘eni
2107 3137 2194 3191 hic
2227 3139 2381 3207 sequi

809 3211 1018 3272 malim,
1059 3213 1294 3271 maxime
1327 3226 1452 3264 cum
1483 3211 1847 3264 Cassiodorus
1887 3210 2007 3275 ejus
2036 3209 2199 3262 verba
2235 3217 2384 3260 retu-

810 3251 1024 3334 iel‘l-lull’l
1328 3251 1774 3350 νριιῖ
1821 3251 2382 3350 ’ρτυδίίῖξιονιιυῖιιίίξθῖῐι
2411 3251 2455 3312 c

808 3349 865 3403 id
924 3349 1196 3413 fecisset,
1259 3351 1361 3405 nisi
1412 3348 1557 3404 hunc
1623 3365 1828 3403 morem
1883 3356 2155 3400 vetustum
2218 3348 2389 3401 fuisse

809 3419 1011 3473 scisset
1061 3421 1320 3475 Ecclesiae
1369 3419 1658 3483 Romamn,
1700 3427 1759 3471 ut
1802 3420 1854 3470 in
1885 3432 1946 3471 ea
1974 3419 2141 3472 semel
2174 3425 2388 3471 tantum

807 3489 1041 3545 Alleluia
1073 3499 1387 3554 caneretur,
1419 3491 1507 3544 die
1547 3489 1760 3542 scilicet
1793 3487 2036 3540 Pascbac.

881 3559 993 3631 (46)
1057 3561 1433 3628 nunquam.
1477 3559 1822 3631 Augustinus
1871 3555 1962 3631 In_
1986 3555 2252 3631 psalmum
2299 3569 2387 3631 cvi

808 3626 1165 3701 de'Alleluya
1214 3626 1288 3684 ita
1319 3630 1513 3685 scribit
1543 3626 1682 3682 :Est
1731 3629 1871 3701 enim
1916 3626 2204 3701 llalleluya
2250 3626 2388 3694 quod

811 3702 960 3754 nobis
995 3698 1214 3754 cantare
1270 3710 1410 3754 certo
1465 3708 1692 3768 tempore
1722 3699 2026 3752 solemniter
2072 3698 2260 3768 moris_
2287 3709 2387 3761 est,

810 3770 1099 3824 secundum
1150 3769 1404 3824 Ecclesia:
1450 3764 1724 3838 antiquam
1786 3769 2148 3820 traditionem.
2209 3764 2392 3834 Neque

809 3843 948 3894 enim
979 3849 1029 3894 et
1058 3841 1156 3894 hoc
1179 3842 1292 3894 sine
1327 3850 1664 3894 sacramento
1697 3841 1854 3892 certis
1900 3838 2080 3890 diebus
2110 3846 2390 3889 cantamus

815 3909 1128 3980 Halleluya.
1155 3908 1324 3964 Certis
1345 3911 1553 3980 quidem
1574 3909 2056 3980 die_busfaiitainus
2078 3906 2389 3980 Halleluya,

811 3983 902 4033 sed
958 3978 1102 4034 omni
1158 3982 1244 4035 die
1284 3978 1604 4050 cogitamus.
1649 3978 1706 4032 ln
1753 3978 2117 4050 Enarratione
2157 3991 2285 4030 vero
2333 3979 2391 4030 in

813 4052 1088 4119 psalmum
1133 4064 1200 4102 cx
1229 4091 1244 4114 ,
1283 4048 1486 4106 diserte
1537 4058 1770 4102 testatur
1825 4048 2074 4119 Alleluya
2107 4054 2390 4119 cantatum

813 4116 991 4190 inisse
1027 4129 1149 4190 post
1171 4121 1288 4176 dies
1311 4121 1776 4190 Quadragcsimaa,
1809 4133 1837 4171 a
1870 4116 2077 4190 Pascha
2117 4132 2294 4190 usque
2324 4116 2392 4169 ad

812 4187 1201 4246 Pentecosten.
1241 4191 1335 4244 Sic
1366 4200 1420 4245 et
1456 4194 1512 4244 in
1545 4187 1902 4243 Enarratione
1932 4187 2127 4256 psalmi
2167 4202 2390 4250 omni,

814 4262 909 4315 ubi
961 4269 1222 4330 praeterea
1275 4262 1481 4315 indicat
1527 4261 1875 4315 Christianos
1905 4274 1972 4330 eo
2009 4269 2253 4330 tempore
2284 4258 2392 4312 sibi

818 4329 1056 4386 invicem
1106 4331 1314 4385 dixisse
1370 4331 1656 4399 Alleluya,
1704 4333 1848 4384 inter
1890 4329 2288 4399 salutandum,
2334 4335 2393 4381 ut

812 4401 1032 4471 Opinor.
1072 4399 1405 4471 Nunc_ergo,
1441 4397 1658 4470 fratres,
1690 4401 2036 4453 exhortamur
2066 4406 2246 4471 vosut
2273 4398 2394 4451 lau-

815 4469 952 4526 detis
1001 4471 1186 4524 Deum.
1227 4469 1296 4523 Et
1322 4469 1542 4525 ’hoc’est
1578 4471 1716 4539 quod
1748 4471 1894 4524 vobis
1931 4484 2108 4522 omnes
2143 4469 2390 4530 dicimus,

813 4543 1026 4612 quando
1051 4541 1276 4612 dicimus
1316 4542 1597 4612 Alleluya,
1630 4540 1872 4594 Laudate
1912 4539 2223 4612 Dominum,
2257 4539 2389 4591 dicis

815 4594 873 4664 ἷκ
897 4594 1054 4665 alteri
1078 4626 1097 4674 ;
1121 4594 1393 4680 dicitiipse
1414 4594 1530 4664 tibi.
1564 4610 1696 4666 Cum
1726 4619 1774 4665 te
1802 4625 1978 4665 omnes
2015 4594 2388 4676 exhortantur,
2423 4594 2467 4650 υ

817 4697 996 4736 omnes
1026 4683 1229 4749 faciunt
1270 4681 1408 4751 quod
1435 4681 1739 4751 hortantur.

887 4751 1001 4820 (47)
1026 4743 1144 4815 ⁷Ὧς
1175 4743 1425 4817 πολλοῖς
1467 4750 1768 4820 Ῥωμαίων
1803 4749 1985 4817 ὅρκον
2024 4743 2395 4820 εἶναιμΑηιί-

815 4816 910 4891 qui
946 4816 1041 4892 per
1066 4831 1190 4874 vota
1217 4836 1319 4876 sua
1343 4816 1534 4890 jurare
1571 4816 1990 4875 consueverant.
2039 4816 2397 4892 Ita_.lu|ian_u_s

817 4885 1273 4946 dum-exercitum
1317 4885 1724 4960 alloqueretur,
1769 4892 1958 4960 jurare
2010 4889 2267 4943 solebat:
2303 4885 2392 4941 Sic

816 4961 913 5015 sub
935 4961 1124 5030 jngum
1158 4962 1385 5015 mitteret
1415 4961 1604 5014 Persas
1632 4975 1650 5013 :
1683 4961 1760 5013 ita
1798 4968 2106 5030 quassatum
2134 4967 2395 5012 recrearet

817 5029 1337 5096 orbem’Romanum,
1365 5039 1424 5085 ut
1453 5033 1647 5086 scribit
1678 5030 2004 5084 Ammianus
2037 5029 2393 5084 Marcellinus

817 5101 877 5156 in
905 5101 1004 5157 lib.
1043 5117 1149 5156 ην
1173 5141 1199 5172 ,_
1237 5116 1360 5174 pag.
1398 5101 1524 5156 270.
1559 5101 1645 5156 Ad
1687 5114 1851 5172 quem
1908 5101 2088 5156 locum
2129 5099 2300 5170 lvide,
2347 5099 2395 5154 si

2489 2931 2689 3000 placet,
2731 2946 2852 3000 quae
2890 2929 3170 2986 adnotavi.
3213 2930 3290 2984 Ex
3334 2927 3424 2984 his
3467 2942 3630 3000 porro
3672 2927 4065 2999 intelligendus

2487 2999 2574 3055 est
2618 2999 3048 3073 locueroanuis
3082 3000 3455 3073 Chrysosto_mi
3505 3000 3559 3073 in
3609 2999 3829 3073 bomilia
3864 3000 3934 3052 20
3975 3001 4064 3053 Ad

2488 3071 2738 3138 populum
2768 3067 3314 3133 Antiochenumfubi
3359 3067 3723 3139 Theodosium
3767 3070 4067 3139 imperato—

2491 3134 2604 3194 rein
2629 3143 2714 3210 sic
2734 3142 3042 3210 loquentem
3072 3143 3282 3194 inducit
3308 3157 3321 3191 :
3350 3140 3457 3210 Καὶ
3476 3134 3640 3208 εὐχῆς
3664 3157 3752 3210 μοι
3778 3134 4065 3209 διήνεκοῦς

2492 3211 2650 3280 ἔργον
2688 3207 2776 3280 ἦν,
2805 3207 2904 3280 τὴν
2923 3211 3074 3264 πόλιν
3103 3211 3317 3281 ἐκείνην
3333 3209 3484 3281 ίᾷεῖν,
3519 3207 3613 3262 καὶ
3639 3207 3825 3262 τοῦτον
3842 3207 4066 3264 ἐποιοὺ-

2488 3277 2595 3351 μήν
2637 3277 2799 3352 ὅρκον
2841 3277 2978 3352 προς
3043 3277 3440 3352 πάνταςίν-Νυο
3497 3281 3658 3352 aliter
3705 3281 4063 3350 interpretari

2488 3349 2640 3404 soleo
2671 3349 3142 3405 'loculn'Senecae
3188 3353 3239 3404 in
3281 3350 3374 3404 lib.
3415 3363 3450 3402 Il
3500 3349 3574 3403 De
3617 3349 3891 3411 clementia
3917 3391 3932 3412 ,
3964 3353 4063 3406 tibi

2487 3435 2676 3475 vocem
2713 3423 2862 3474 illam
2882 3421 3134 3484 Neronis,
3164 3420 3356 3474 Vellem
3390 3422 3587 3473 nescire
3621 3422 3846 3481 litteras,
3882 3431 4068 3475 tanto-

2490 3505 2620 3560 pere
2671 3491 2876 3544 laudat.
2933 3491 2978 3546 0
3029 3507 3223 3552 vocem,
3271 3491 3470 3560 inquit,
3525 3492 3581 3542 in
3610 3493 3909 3544 concionem
3948 3509 4067 3545 om-

2489 3562 2635 3613 nium
2671 3561 2983 3613 mortalium
3021 3561 3329 3615 mittendam
3357 3599 3372 3622 ,
3412 3560 3465 3612 in
3507 3561 3658 3628 cujus
3688 3561 3841 3614 verba
3883 3579 4065 3615 omnes

2488 3631 2752 3699 principes
2776 3646 3020 3700 regesque
3048 3631 3414 3698 juramentum
3455 3630 3681 3698 faciant.
3741 3630 3896 3696 Quod
3941 3634 4070 3700 qui-

2491 3701 2615 3771 dem
2648 3715 2750 3754 nec
2778 3700 3157 3771 Mur-eiusinec
3201 3700 3862 3771 Lipsiusintellexerunt.
3898 3701 4069 3771 Optat

2493 3768 2702 3841 Seneca
2731 3779 2792 3825 ut
2819 3787 2882 3824 ex
2922 3772 2989 3826 iis
3033 3768 3474 3841 Neronis—verbis
3499 3770 3874 3837 juramentum
3905 3768 4066 3841 prin-

2490 3842 2640 3906 cipes
2673 3840 2878 3895 faciant
2920 3843 3021 3896 hoc
3051 3840 3212 3894 modo
3239 3859 3254 3894 :
3289 3839 3376 3893 Ita
3415 3842 3568 3894 velim
3604 3842 3802 3895 nescire
3833 3839 4064 3906 litieras,

2490 3911 2569 3964 sic
2606 3911 2788 3965 vellem
2823 3927 2937 3965 mea
2974 3927 3134 3965 manu
3163 3911 3474 3964 damnatum
3505 3913 3780 3964 neminem.

2561 3981 2674 4049 (48;
2716 3982 2865 4035 Οὔτε
2896 3981 2964 4034 δὲ
2991 3984 3022 4036 d
3057 3981 3412 4046 ἐπίσκοπος.
3451 3980 3644 4034 Mirum
3676 3990 3762 4035 est
3799 3983 3944 4049 quod
3975 3983 4069 4036 hic

2492 4051 2570 4104 ait
2606 4050 2979 4117 Sozomenus,
3025 4050 3210 4105 Romae
3240 4065 3340 4104 nec
3365 4052 3682 4121 episc0pum
3704 4091 3718 4113 ,
3767 4068 3865 4106 nec
3895 4053 4064 4104 alium

2491 4136 2861 4190 quemquam,
2924 4123 2977 4176 in
3024 4123 3253 4176 ecclesia
3309 4137 3617 4176 sermonem
3681 4121 3938 4178 habuisse
3998 4124 4066 4176 ad

2493 4192 2775 4260 populum.
2828 4190 2939 4246 Nec
2967 4202 3052 4246 est
3078 4192 3223 4261 quod
3257 4195 3382 4260 quis
3411 4192 3748 4260 suspicetur,
3783 4193 3871 4245 hic
3906 4192 4069 4246 Saxo.

2492 4277 2711 4316 menum
2750 4262 2886 4315 I'alli.
2924 4261 3057 4315 Nam
3097 4263 3464 4317 Cassiodorus
3493 4264 3586 4331 qui
3619 4261 3799 4316 Roma
3832 4266 4063 4324 vixerat,

2491 4339 2546 4386 et
2575 4331 2877 4402 Romanam
2916 4332 3217 4388 Ecclesiam
3252 4333 3730 4402 frequentaverat,
3767 4333 3913 4388 hunc
3948 4350 4064 4386 mo-

2493 4416 2606 4455 rem
2645 4401 2905 4458 Ecclesiaa
2951 4403 3212 4456 Romana:
3253 4401 3440 4457 retulit
3475 4404 3530 4457 in
3573 4401 3807 4457 Historia
3833 4420 3929 4457 sua
3973 4406 4066 4456 tri-

2493 4473 2716 4542 pertita.
2747 4472 2901 4538 Quod
2946 4473 3134 4542 procul
3168 4473 3336 4526 dubio
3393 4472 3640 4527 facturus
3687 4489 3793 4526 non
3833 4483 3973 4535 erat,
4016 4475 4062 4528 si

2497 4543 2546 4593 id
2582 4541 2779 4612 falsum
2805 4558 2927 4597 esse
2949 4544 3329 4612 comperisset.
3354 4542 3585 4597 Exstant
3610 4543 3829 4612 quidem
3853 4559 4066 4598 sermo-

2495 4625 2593 4685 nes
2633 4611 2832 4685 Leonis
2876 4627 3034 4685 papae
3053 4611 3195 4682 quos
3231 4612 3416 4685 Roma:
3455 4611 3740 4685 habuit__ad
3777 4615 4062 4685 populum.

2494 4678 2696 4735 Verum
2736 4683 2791 4737 id
2835 4678 3114 4738 recentius
3153 4691 3237 4737 est
3266 4682 3594 4736 Sozomeno.
3629 4681 3739 4738 Nec
3771 4678 3898 4737 anie
3931 4683 4065 4738 Leo-

2494 4765 2618 4804 nem
2651 4766 2845 4824 papam
2865 4766 3165 4824 sermones
3203 4753 3370 4824 ullius
3405 4752 3637 4807 Romani
3682 4755 3958 4824 pontiﬁcis
3997 4755 4064 4806 ad

2496 4824 2757 4894 populum
2791 4822 3012 4894 habitos
3043 4821 3273 4892 proferri
3302 4837 3483 4894 posse
3509 4821 3786 4877 existimo.
3825 4825 4066 4891 Objiciet

2494 4893 2730 4962 [ortasse
2750 4893 2948 4961 aliquis
2971 4907 3276 4962 sermonem
3297 4893 3498 4948 Liberii
3523 4908 3674 4962 papa:
3696 4909 3855 4962 quem
3875 4895 4067 4948 habuit

2494 4957 2753 5016 Romaein
2775 4957 3007 5016 ecclesia
3039 4963 3181 5016 beati
3204 4961 3374 5027 Petri,
3399 4964 3488 5018 die
3521 4957 3732 5017 Natalis
3769 4963 4065 5024 Dominici.

2496 5041 2765 5100 praesente
2811 5031 3140 5104 Bononiensi
3201 5036 3501 5104 episcopo,
3574 5033 3641 5087 ad
3694 5033 4068 5087 Mareellinam

2499 5116 2746 5157 sororem
2770 5103 3045 5158 Ambrosii
3074 5113 3128 5159 et
3157 5104 3294 5159 alias
3321 5103 3562 5176 virgines
3588 5120 3711 5174 quae
3738 5112 3868 5158 tunc
3895 5106 4066 5174 virgi-

2262 5275 2566 5336 VARIORU
2577 5279 2648 5334 id.

892 5401 921 5442 ι’
970 5387 1242 5458 napum
1289 5385 1414 5453 τοῖς
1454 5388 1666 5454 ἄλλοις
1722 5387 2044 5457 ἀδιάφορος
2087 5391 2120 5443 ό
2156 5390 2387 5458 τούτων

819 5457 1082 5531 ἀριθμός.
1131 5457 1188 5512 Si
1225 5472 1338 5531 qua
1376 5467 1558 5531 tamen
1598 5459 1732 5515 ﬁdes
1773 5461 2086 5514 Abrahamo
2150 5457 2380 5531 Eccbel-

824 5529 982 5590 lensi.
1025 5530 1257 5600 Severus
1278 5529 1704 5588 Alexandrinus.
1737 5531 1829 5598 qui
1869 5533 2016 5584 Vitas
2048 5530 2387 5600 patriarcha-

822 5617 942 5659 rutn
984 5599 1475 5670 Alexandrinorum
1527 5601 1764 5670 collegit,
1812 5612 2024 5670 septem
2067 5601 2215 5654 solos
2262 5599 2386 5652 dia-

822 5686 993 5727 conos
1069 5669 1415 5723 Alexandriae
1487 5686 1518 5723 a
1582 5669 1709 5724 divo
1775 5669 1958 5724 Marco
2044 5670 2383 5724 constitutos

822 5741 1042 5811 asserit,
1083 5747 1142 5792 ut
1173 5741 1379 5792 notavit
1412 5739 1734 5811 Beveregius
1765 5741 1832 5794 ad
1862 5757 1928 5795 sv
1948 5755 2215 5796 canoncm
2249 5755 2386 5795 con-

822 5811 934 5866 cilii
965 5810 1442 5864 Neocatsarieusis.

893 5890 922 5932 ιι
971 5881 1065 5934 ἐῖν
1104 5879 1294 5950 Ῥώμη
1321 5910 1388 5920 -
1409 5881 1545 5936 οὔτε
1574 5885 1606 5936 ό
1633 5880 1993 5948 ἐπίσκοπος,
2028 5882 2166 5939 οὔτε
2195 5879 2385 5949 ἄλλος

2492 5411 2591 5464 fici
2613 5393 2706 5446 ἐπ’
2745 5394 3080 5464 ἐκκλησίας
3121 5391 3412 5464 διδάσκει.
3455 5391 3811 5464 Contrarium
3855 5394 4070 5464 colligit

2491 5479 2522 5535 ς
2560 5463 2806 5535 Gregorii
2852 5463 2931 5520 M.’
2960 5464 3212 5535 Homiliis
3242 5465 3293 5516 in
3330 5463 3520 5518 Escclt.
3552 5473 3602 5517 et
3645 5463 3926 5534 Evangelia
3976 5463 4066 5522 Cl.

2495 5532 2934 5605 Stillinglleetus,
2986 5534 3224 5590 Casuum
3254 5535 3550 5605 ecclesiast.
3595 5544 3736 5604 part.
3770 5532 3808 5598 ιζ
3844 5551 3897 5604 p.
3931 5535 4065 5590 205.

2494 5603 2704 5658 Verani
2729 5606 2834 5661 illa:
2879 5617 3008 5662 sunt
3045 5609 3381 5660 recentiores
3431 5603 3758 5660 Sozoriieno.
3794 5603 3858 5658 lt.
3894 5605 3954 5659 P.
3996 5606 4065 5660 D.

2494 5673 2780 5744 l‘looperus
2822 5677 2876 5731 in
2915 5677 3202 5733 Dissertat.
3247 5676 3311 5729 de
3343 5675 3786 5745 Quadragesima.
3832 5684 3973 5744 para.
4022 5694 4066 5741 ι,

2492 5760 2614 5815 cap.
2646 5746 2700 5807 9.
2737 5747 2992 5802 emendat
3020 5763 3083 5802 ex
3117 5747 3436 5814 conjectura
3465 5747 3573 5801 εἴτε
3597 5747 3653 5800 δὲ
3683 5747 3712 5799 6
3741 5746 4066 5814 ἐπίσκοπος,

2493 5817 2602 5870 εἴτε
2644 5816 2800 5883 ἄλλος
2827 5835 2929 5883 τις.
2965 5817 3050 5872 W.
3083 5815 3329 5892 Lowrn.‘
