4460 6634
397 411 535 468 1477

1320 410 1646 465 HISTORIA
1692 403 2264 467 ECCLESIASTICA.
2286 405 2491 461 --LlB.
2518 404 2631 461 Vll.

3531 397 3670 457 H78

396 528 769 599 πρεσϐύτερος
820 526 894 580 ὢν
923 567 937 589 .
974 529 1103 599 περὶ
1142 527 1236 580 τοῦ
1282 529 1554 600 δόγματος
1608 529 1987 599 διαλεγόμενος
2020 541 2060 592 Α
2095 542 2157 580 ur

1907 546 1987 591 νος
2020 541 2060 592 Α
2095 526 2177 580 url
2198 540 2253 587 e,
2274 540 2372 579 nec
2392 528 2704 594 episcopus,
2739 536 2838 577 nec
2862 522 2999 576 alius
3028 522 3322 591 quisquam
3355 520 3408 575 in
3435 522 3668 576 ecclesia

396 621 738 691 ενεωτέρισε.
790 620 952 673 Ξένον
994 622 1050 674 δὲ
1109 623 1327 674 κάκεῖνο
1360 624 1512 690 παρὰ
1573 620 1978 689 Ἀλεξανδρεῦσι

396 712 627 773 τούτοις.
686 712 1238 780 Ἀναγινωσκομένων
1292 713 1401 781 γὰρ
1445 713 1552 764 τῶν
1611 712 1978 779 Εὑαγγελιων,

395 802 500 856 οὐκ
546 802 903 855 ἐπανίσταται
939 803 968 854 ὁ
1005 803 1305 865 ἐπίσκοπος
1330 821 1343 833 ·
1400 804 1429 855 ὃ
1479 804 1609 871 παρ’
1647 802 1823 861 ἄλλοις
1867 799 1979 853 οὔτ’

399 892 593 959 ἔγνων,
619 891 729 943 οὔτ’
748 896 981 961 ἀκήκοα.
1012 894 1226 961 Ταύτην
1252 895 1308 946 δὲ
1336 895 1432 961 τὴν
1465 894 1615 963 ἱεράν
1640 892 1820 961 βίϐλον
1846 894 1977 944 άνα-

401 986 657 1051 γινώσκει
703 986 888 1037 ἐνθάδε
935 986 1092 1054 μόνος
1139 987 1168 1037 ὁ
1211 987 1583 1054 άρχιδιάκονος
1617 995 1636 1022 τ
1677 1002 1690 1015 ’
1740 986 1893 1055 παρὰ
1924 984 1980 1037 δὲ

400 1076 621 1138 ἄλλοις.
673 1078 951 1129 διάκονοι·
1004 1079 1061 1128 ἐν
1112 1077 1330 1139 πολλαῖς
1385 1079 1441 1130 δὲ
1503 1077 1888 1147 Ἐκκλησίαις,
1929 1078 1979 1130 οἱ

404 1170 567 1239 ἱερεῖς
601 1170 763 1237 μόνοις
820 1170 907 1220 Ἐν
938 1168 995 1221 δὲ
1029 1170 1323 1239 ἐπισήμοις
1360 1170 1593 1239 ἡμέραις
1617 1210 1631 1230 ,
1668 1171 1976 1233 ἐπίσκοποι,

400 1261 475 1322 ὡς
512 1262 567 1311 ὲν
600 1263 1166 1313 Κωνσταντινουπόλει
1207 1261 1343 1312 κατὰ
1375 1264 1473 1327 τὴν
1513 1262 1735 1330 πρώτην
1765 1262 1979 1330 ἡμέραν

397 1352 500 1422 τῆς
534 1355 904 1422 αναστασίμου
947 1354 1057 1418 (49)
1093 1353 1305 1422 ἑορτῆς.
1338 1355 1448 1406 Καὶ
1495 1354 1593 1423 τὴν
1636 1354 1745 1423 πρὸ
1778 1353 1980 1419 ταύτης

399 1443 456 1496 δὲ
509 1445 849 1513 καλουμένην
909 1444 1391 1514 τεσσαρακοστὴν,
1425 1447 1483 1498 ὲν
1618 1444 1867 1513 νηστεύει
1919 1443 1981 1495 τὸ

404 1534 605 1602 πλῆθος
626 1575 640 1598 ,
668 1537 715 1585 οἱ
750 1534 847 1603 μὲν
876 1534 953 1597 εἰς
996 1533 1053 1598 ἒξ
1087 1533 1386 1601 ἑϐδομάδας
1409 1534 1630 1603 ἡμερῶν
1655 1534 1976 1600 λογίζονται,

400 1623 475 1686 ὡς
524 1626 769 1692 Ἰλλυριοὶ
805 1626 897 1676 καὶ
929 1627 976 1674 οἱ
1016 1624 1152 1691 πρὸς
1180 1625 1332 1676 δύσιν
1356 1665 1369 1684 ,
1402 1624 1574 1693 Λιὸύη
1609 1640 1667 1675 τε
1699 1628 1850 1677 πᾶσα
1885 1626 1978 1676 καὶ

402 1713 675 1778 Αἴγυπτος
705 1716 801 1765 σὺν
820 1717 930 1774 τοῖς
959 1713 1355 1776 Παλαιστινοίς.
1387 1714 1448 1766 Oi
1488 1714 1564 1777 δὲ,
1605 1715 1744 1766 ἑπτὰ
1764 1754 1778 1778 ,
1803 1714 1877 1777 ὡς
1920 1716 1977 1766 ὲν

400 1806 995 1867 Κωνσταντινουπόλει,
1038 1808 1133 1859 καὶ
1178 1809 1288 1870 τοῖς
1340 1805 1502 1875 πέριξ
1554 1805 1766 1868 ἔθνεσι,
1812 1805 1975 1875 μέχρι

397 1897 679 1950 Φοινίκων.
719 1897 900 1949 Ἀλλοι
931 1896 1024 1961 δὲ,
1079 1901 1228 1968 τρεῖς
1269 1898 1543 1969 σποράδην
1595 1900 1653 1951 ὲν
1699 1900 1818 1959 ταῖς
1844 1896 1904 1960 ἐξ
1938 1898 1970 1967 ἢ

2089 616 2349 683 populum
2380 615 2555 668 docet.
2604 613 2707 666 Sed
2748 614 2887 682 apud
2918 614 3318 666 Alexandrinos
3350 613 3503 666 solus
3532 615 3669 665 civi-

2086 706 2217 758 tatis
2264 704 2645 758 Alexandrina:
2703 705 2997 773 episcopus
3058 704 3435 757 cuncionatur.
3495 704 3665 768 Quam

2081 797 2557 857 consuetudinem,
2582 811 2705 849 cum
2731 803 2890 849 antea
2915 811 3022 848 non
3049 795 3263 855 luisset,
3300 796 3664 847 introductam

2079 902 2205 941 esse
2253 888 2457 951 ferunt,
2507 902 2569 941 ex
2612 900 2720 955 quo
2770 887 2935 939 Arms
2987 886 3269 956 presbyter
3310 884 3377 938 de
3415 884 3667 937 doctrina

2080 977 2203 1032 ﬁdei
2235 978 2537 1040 disserens,
2593 992 2734 1030 nova
2786 977 3041 1046 dogmata
3075 977 3300 1030 invexit.
3357 977 3454 1030 Est
3500 978 3666 1029 etiam

2080 1071 2224 1140 apud
2271 1070 2675 1125 Alexandrinos
2733 1070 2837 1123 hoc
2906 1084 3109 1122 novqu
3167 1080 3333 1138 atque
3400 1070 3662 1122 inSoIens.

2080 1158 2217 1211 Dum
2251 1161 2397 1213 enim
2435 1161 2689 1227 leguntur
2734 1160 3049 1229 Evangelia,
3103 1175 3213 1213 non
3269 1163 3512 1229 assurgit
3552 1160 3669 1228 epi-

2082 1266 2327 1319 sropus:
2391 1251 2558 1321 308
2610 1251 2755 1320 quod
2806 1260 2986 1305 tamen
3052 1254 3185 1305 alibi
3228 1268 3455 1320 usquam
3524 1251 3664 1313 ﬁeri,

2081 1358 2256 1411 neque
2307 1344 2435 1406 vidi,
2497 1358 2674 1411 m-que
2713 1344 2914 1396 audivi.
2962 1341 3026 1396 Et
3079 1345 3192 1397 illic
3242 1346 3462 1413 quidem
3515 1345 3668 1397 solus

2078 1436 2499 1489 archidiaconus
2551 1450 2770 1489 sacrum
2822 1435 2973 1487 illum
3031 1434 3276 1489 codicem
3328 1436 3495 1503 legit:
3538 1436 3668 1489 alihi

2080 1542 2229 1587 vero.
2261 1527 2519 1591 diaconi;
2554 1528 2607 1579 in
2643 1527 2830 1581 multis
2861 1537 3041 1580 autem
3084 1527 3361 1586 Ecclesiis.
3395 1529 3494 1580 soli
3524 1526 3666 1579 dun-

2081 1628 2226 1671 taxat
2262 1617 2590 1687 presbyteri.
2627 1618 2839 1670 Alicubi
2876 1620 2927 1669 in
2958 1620 3247 1685 pra’cipuis
3278 1618 3668 1671 festivitatibus

2079 1708 2323 1776 episc0pi
2367 1708 2595 1775 legunt;
2652 1716 2709 1760 ut
2739 1707 3213 1776 Constantinopoli
3250 1711 3422 1777 primo
3447 1710 3534 1763 die
3570 1709 3670 1762 l‘a-

2078 1798 2280 1853 schalis
2315 1796 2652 1851 festivitatis.
2706 1798 3194 1867 Quadragesimam
3240 1817 3367 1852 vero
3410 1816 3530 1869 quae
3568 1801 3670 1852 hoc

2080 1888 2280 1943 festum
2304 1889 2550 1958 proxime
2578 1891 2873 1953 antecedit,
2917 1893 2970 1943 in
3014 1907 3119 1959 qua
3154 1894 3386 1961 populus
3419 1893 3670 1961 jejunare

399 1988 539 2040 ἑπτά
563 1988 931 2058 νηστεύουσιν.
973 1954 1034 2041 Oi
1064 1954 1142 2051 5%.,
1178 1954 1294 2059 a'pa
1335 1954 1618 2061 t'psi;.7tpb
1653 1990 1750 2059 τῆς
1778 1954 1972 2059 ἑορτῆς
2004 1954 2050 2013 Β
2079 1982 2160 2037 sol

1904 1954 1972 2057 ἧς
2004 1954 2050 2013 Β
2079 1982 2240 2048 solet,
2283 1981 2374 2033 alii
2407 1980 2630 2049 quidem
2688 1998 2779 2036 sex
2817 1982 3031 2036 dierum
3079 1985 3401 2052 septimanis
3436 2000 3665 2053 compu-

399 2080 761 2133 συνάπτουσιν
786 2097 796 2107 ·
828 2083 875 2132 οἱ
896 2082 973 2143 δὲ,
1004 2082 1116 2145 δύο,
1148 2082 1222 2144 ὠς
1242 2084 1291 2134 οἱ
1320 2082 1387 2134 τὰ
1412 2080 1691 2135 Μοντανοῦ
1714 2079 1975 2150 φρονοῦν-

397 2188 510 2233 τες.
540 2172 612 2223 Οὐ
653 2173 757 2240 μὴν
779 2172 913 2225 ἀλλά
945 2174 1040 2225 καὶ
1077 2173 1174 2225 τοῦ
1208 2173 1592 2242 ἐκκλησιάζειν
1629 2173 1726 2242 οὐχ
1752 2173 1780 2225 ὁ
1812 2170 1975 2232 αὐτὸς

399 2262 549 2331 παρὰ
578 2266 715 2315 πᾶσι
758 2265 946 2333 καιρὸς
978 2265 1009 2333 ἢ
1044 2268 1261 2334 τρόπος.
1308 2264 1523 2334 Ἀμέλει
1560 2266 1608 2317 οἱ
1644 2264 1742 2333 μὲν
1775 2264 1975 2335 καὶτῷ

398 2354 681 2423 Σαϐϐάτῳ,
714 2356 914 2424 ὁμοίως
947 2359 1012 2425 τῇ
1050 2358 1148 2425 μιᾷ
1188 2355 1468 2409 Σαὸϐάτου
1498 2356 1971 2425 ἐκκλησιάζουσιν,

395 2446 471 2507 ὡς
505 2449 560 2497 ὲν
591 2448 1189 2513 Κωνσταντινουπόλει,
1214 2449 1308 2501 καὶ
1340 2449 1525 2517 σχεδὸν
1554 2448 1828 2518 πανταχοῦ
1855 2467 1867 2479 ’
1917 2451 1973 2501 έν

408 2538 597 2609 Ῥώμῃ
636 2540 688 2591 δὲ
724 2542 817 2590 καὶ
867 2540 1241 2610 Ἀλεξανδρείᾳ
1263 2581 1276 2601 ,
1308 2540 1490 2592 οὐκέτι
1514 2559 1525 2569 ·
1552 2541 1700 2609 παρὰ
1727 2541 1781 2591 δὲ
1812 2542 1973 2607 Αἰγυ-

400 2629 575 2691 πτίοις
601 2633 655 2680 ἐν
692 2631 909 2691 πολλαῖς
936 2633 1122 2683 πόλεσι
1153 2632 1243 2685 καὶ
1271 2632 1517 2701 κώμαις,
1546 2632 1697 2701 παρὰ
1724 2633 1785 2684 τὸ
1821 2635 1972 2701 κοινῆ

399 2721 534 2771 πᾶσι
573 2722 977 2789 νενομισμένον,
1009 2723 1144 2791 πρὸς
1174 2723 1416 2792 ἑσπέραν
1447 2724 1522 2792 τῷ
1551 2723 1815 2791 Σαϐϐάτῳ
1852 2740 1975 2774 συν-

400 2808 608 2869 ιόντες,
662 2812 1016 2879 ἠριστηκότες
1074 2812 1210 2881 ἥδη,
1294 2812 1609 2883 μυστηρίων
1668 2812 1973 2882 μετέχουσι.

398 2900 510 2952 Καὶ
550 2903 738 2971 εὐχαῖς
770 2904 825 2954 δὲ
876 2905 969 2956 καὶ
1026 2905 1364 2974 ψαλμῳδίαις
1407 2908 1525 2967 ταῖς
1554 2905 1802 2975 αὐταίςῆ
1845 2907 1977 2958 ἀνα-

398 2991 687 3063 γνώσμασι
714 3037 729 3059 ,
768 2996 909 3047 κατά
940 2996 1030 3048 τὸν
1079 2997 1238 3049 αὐτὸν
1282 2997 1470 3067 καιρὸν
1503 2997 1614 3065 (50)
1642 3036 1656 3058 ,
1686 2996 1745 3049 οὐ
1773 2997 1979 3061 πάντας

399 3084 776 3153 κεχρημένους
801 3087 980 3153 εὑρεῖν
1027 3086 1196 3139 ἔστιν.
1236 3087 1391 3139 Οὕτω
1435 3087 1565 3155 γοῦν
1588 3087 1687 3157 τὴν
1715 3087 1981 3157 καλουμέ-

399 3191 497 3243 νην
542 3174 907 3245 Ἀποκάλυψιν
934 3175 1166 3248 Πέτρου,
1208 3176 1283 3241 ὡς
1327 3177 1478 3231 νόθον
1517 3176 1794 3240 παντελῶς
1840 3177 1977 3248 πρὸς

2076 2085 2216 2140 tant,
2257 2086 2316 2131 ut
2364 2076 2534 2147 Illyrii
2574 2084 2629 2130 et
2669 2073 3074 2141 Occidentales,
3131 2085 3354 2145 totaque
3389 2078 3571 2131 Africa
3614 2084 3668 2130 et

2076 2166 2347 2237 Egyptus
2380 2182 2444 2221 ac
2498 2166 2805 2222 Palmstina.
2860 2168 2968 2221 Alii
3018 2184 3145 2221 vero
3202 2182 3405 2237 septem
3467 2170 3669 2223 hebdi.-

2076 2260 2266 2315 madas
2296 2267 2652 2331 computant,
2697 2268 2753 2312 ut
2783 2260 3260 2329 Constantinopoli
3305 2271 3358 2315 et
3392 2278 3486 2331 per
3530 2278 3666 2316 cun-

2076 2361 2195 2407 etas
2224 2352 2278 2406 in
2310 2352 2549 2407 circuitu
2619 2351 2931 2421 provincias
2995 2368 3168 2421 usque
3220 2352 3287 2406 ad
3348 2351 3665 2409 thnieeu.

2079 2443 2342 2497 Nonnulli
2388 2460 2417 2498 c
2451 2458 2547 2497 sex
2587 2450 2680 2495 aut
2726 2450 2934 2511 septem
2974 2443 3083 2496 illis
3128 2444 3515 2506 hebdomadis,
3554 2453 3667 2497 [res

2083 2551 2177 2603 per
2203 2535 2490 2589 intervalla
2521 2534 2806 2603 jejunant;
2837 2536 2931 2587 alii
2960 2544 3075 2589 tres
3099 2537 3261 2589 simul
3289 2536 3664 2589 hebdomadas

2084 2625 2357 2680 Paschale
2421 2626 2622 2680 festum
2699 2626 2949 2693 proxime
3015 2628 3407 2680 allleCt'tit’nlt‘S
3482 2630 3665 2679 conti-

2084 2727 2307 2782 nuant;
2345 2716 2568 2786 quidam
2602 2715 2743 2769 duas
2777 2724 3016 2777 tantum,
3054 2725 3111 2769 ut
3154 2714 3517 2769 Montantstzc.
3563 2718 3667 2768 διιιι

2080 2825 2259 2879 neque
2298 2824 2492 2863 omnes
2518 2808 2711 2863 eodem
2744 2815 3017 2877 tempore,
3040 2819 3134 2862 aut
3162 2811 3352 2864 eodem
3397 2811 3581 2873 modo,
3613 2814 3665 2863 in

2082 2903 2384 2959 ecclesiam
2426 2902 2790 2955 conveniunt.
2824 2902 2932 2954 Alii
2968 2903 3114 2955 enim
3141 2904 3406 2966 Sabbato,
3443 2904 3669 2974 perinde

2082 3007 2147 3045 ac
2182 2992 2473 3046 Dominico
2508 2990 2616 3050 die.
2653 3000 2962 3046 conventus
3009 3001 3210 3061 agunt;
3262 3004 3320 3046 ut
3358 2994 3673 3050 Constanti-

2082 3083 2290 3153 nopoli,
2330 3098 2394 3137 ac
2423 3081 2537 3137 fere
2563 3083 2791 3151 ubique.
2830 3082 3017 3137 Romae
3048 3100 3179 3137 vero
3213 3094 3269 3139 et
3294 3086 3669 3153 Alexandria',

2084 3190 2191 3227 nou
2232 3176 2387 3228 item.
2418 3172 2477 3227 In
2509 3174 2697 3229 multis
2727 3182 2912 3229 autem
2947 3176 3179 3229 urbibus
3212 3192 3277 3229 ac
3324 3179 3459 3232 vicis
3501 3178 3670 3249 Αἰτεῖ-

397 3266 508 3319 τῶν
552 3268 794 3337 ἀρχαίων
841 3268 1293 3338 δοκιμασθεῖσαν,
1345 3270 1401 3322 ἕν
1440 3287 1581 3323 τισιν
1635 3270 1979 3339 Ἐκκλησίαις
2007 3297 2049 3355 C
2085 3269 2158 3337 pti

1909 3288 1979 3333 ιις
2007 3297 2049 3355 C
2085 3269 2186 3337 pti,
2217 3276 2412 3320 contra
2446 3277 2725 3336 receptam
2772 3269 3014 3321 omnium
3050 3270 3533 3333 consuetudinem,
3579 3273 3670 3325 die

396 3359 498 3427 τῆς
523 3361 888 3431 Παλαιστίνης
917 3363 1082 3415 εἰσέτι
1115 3363 1207 3415 νῦν
1232 3362 1379 3426 ἅπαξ
1406 3363 1634 3415 ἑκάστου
1666 3361 1815 3426 ἔτους
1844 3363 1974 3415 ἀνα-

400 3452 813 3521 γινωσκομένην
848 3452 1095 3522 ἔγνωμεν
1124 3492 1139 3514 ,
1173 3456 1229 3504 ὲν
1259 3456 1324 3522 τῇ
1368 3452 1551 3522 ἡμέρα
1591 3453 1976 3522 Παρασκευῆς,

399 3541 469 3612 ἠν
505 3541 747 3604 εὐλαϐῶς
782 3542 919 3609 ἄγαν
949 3543 976 3594 ὁ
1006 3542 1131 3605 λαὸς
1160 3540 1405 3611 νηστεύει
1438 3542 1529 3592 ὲπί
1555 3542 1856 3610 ἀναμνήσει
1884 3540 1976 3592 τοῦ

400 3634 677 3702 Σωτηρίου
708 3635 915 3698 πάθους
942 3652 953 3664 ⁸
998 3634 1095 3705 τὴν
1139 3634 1194 3687 δὲ
1224 3633 1318 3685 νῦν
1347 3634 1421 3696 ὼς
1462 3632 1827 3697 Ἀποκάλυψιν
1866 3632 1979 3701 (5i)

400 3724 615 3777 Παύλου
667 3726 761 3779 τοῦ
796 3726 1094 3779 ἀποστόλου
1142 3724 1481 3795 φερομένην,
1538 3724 1606 3794 ἣν
1662 3724 1836 3785 οὐδεὶς
1886 3725 1985 3794 ἀρ·

401 3817 571 3885 χαίων
590 3812 719 3881 εἶδε,
738 3816 979 3869 πλεῖστοι
1000 3814 1250 3886 μοναχῶν
1280 3815 1614 3869 ἐπαινοῦσιν.
1646 3815 1766 3868 Ἐπὶ
1781 3814 1983 3885 ταύτης

2088 3359 2319 3413 Sabbati
2355 3359 2462 3412 sub
2510 3374 2803 3428 vesperam
2850 3362 3265 3429 convenientes,
3298 3362 3410 3432 jam
3456 3366 3667 3433 pransi,

2085 3464 2243 3501 sacra
2306 3448 2568 3518 mysteria
2627 3448 2965 3517 percipiunt.
3026 3448 3287 3505 Precibus
3345 3468 3567 3523 quoque
3614 3465 3670 3508 et

2086 3537 2315 3605 psalmis
2367 3550 2431 3589 ac
2486 3536 2845 3602 lectionibus,
2902 3556 3005 3593 nec
3059 3542 3252 3596 iisdem
3303 3559 3519 3609 omnes,
3567 3563 3703 3599 nec‘

2083 3627 2274 3680 eodem
2316 3635 2561 3696 tempore
2597 3629 2675 3680 uti
2708 3630 2976 3698 reperies.
3006 3633 3096 3685 Sic
3127 3635 3535 3691 Revelatiouem
3570 3638 3671 3691 Pr-

2085 3718 2181 3782 tri,
2214 3732 2339 3787 quae
2384 3725 2443 3770 ut
2490 3716 2803 3772 adulterina
2852 3734 2880 3771 a
2915 3722 3200 3778 veteribus
3236 3728 3520 3794 repudiata
3548 3741 3655 3791 est,

2086 3818 2141 3872 in
2172 3811 2505 3884 quibusdam
2533 3810 2800 3867 Ecclesiis
2830 3813 3135 3870 Palaestinae
3169 3823 3338 3872 semel
3361 3827 3665 3890 quotannis

1595 3989 1868 4045 VALESII
1904 3991 2458 4054 ANNOTATIONES.

403 4075 633 4129 nitatem
668 4078 723 4130 in
775 4077 1007 4133 ecclesia
1032 4078 1449 4147 proﬁtebantur.
1483 4080 1653 4147 Quem
1681 4091 1977 4137 tractatum

402 4148 728 4202 Ambrosius
780 4157 956 4203 totum
992 4148 1288 4218 descripsit
1321 4150 1374 4203 in
1412 4152 1501 4204 lib.
1530 4168 1585 4205 ιιι
1621 4152 1699 4206 De
1733 4154 1966 4207 uelandis

405 4218 719 4285 virginibus.
780 4217 882 4273 Sed
928 4217 1257 4289 responderi
1325 4230 1506 4289 potest
1574 4222 1720 4277 hunc
1770 4222 1979 4277 Liberii

405 4303 717 4360 sermonem
768 4305 874 4343 non
916 4288 1087 4343 fuisse
1122 4289 1188 4342 ad
1239 4288 1543 4360 populum,
1582 4294 1675 4347 sed
1724 4294 1982 4347 exhorta-

406 4358 608 4409 tionem
646 4360 947 4420 duntaxat,
998 4367 1052 4413 et
1091 4358 1479 4415 allocutionem
1507 4363 1575 4415 ad
1608 4362 1981 4417 Mareellinam

405 4428 694 4495 virginem.
739 4430 903 4487 Διαιιί
939 4428 1278 4485 Sozomenus
1311 4432 1411 4484 hoc
1442 4433 1562 4487 loco
1605 4432 1672 4487 de
1703 4434 1980 4487 sermoni-

2083 4087 2249 4158 Addit
2278 4100 2540 4158 prmterea
2566 4132 2581 4156 ,
2634 4107 2744 4147 non
2788 4091 3085 4158 solumdie
3120 4089 3473 4148 Paschze.sed
3500 4090 3665 4144 etiam

2084 4156 2468 4230 ingprihcipio
2522 4162 2691 4227 anni,
2724 4161 2777 4215 id
2831 4169 2917 4215 est
2968 4157 3229 4215 Kalendis
3276 4159 3564 4223 Januarii,
3609 4173 3666 4215 ut

2084 4228 2317 4301 opinor,
2375 4228 2747 4301 patriarcham
2782 4230 3454 4301 Constantinopolitanum
3483 4232 3667 4287 Evan-

2084 4299 2285 4366 gelium
2333 4299 2390 4354 in
2451 4303 2686 4357 ecclesia
2739 4302 2920 4369 legere
2975 4299 3199 4355 solitum
3250 4318 3263 4354 :
3325 4309 3489 4370 atque
3523 4303 3665 4357 haue

2088 4370 2375 4442 lectionem
2411 4371 2707 4442 dupliciter
2738 4372 2857 4425 lieri
2898 4379 3215 4442 :Aquantum
3272 4374 3417 4426 enim
3473 4375 3667 4427 recitat

2087 4440 2407 4509 episcopus,
2450 4440 2792 4496 tantumdem
2822 4440 3054 4496 subinde
3084 4443 3300 4497 recitari
3336 4456 3365 4494 a
3405 4443 3664 4500 diacono.

406 4497 505 4551 bus
545 4498 808 4581 loquitur,
845 4502 936 4569 qui
977 4502 1171 4581 hebant
1209 4500 1276 4581 ad
1312 4503 1573 4581 populum
1619 4504 1758 4557 inter
1784 4502 1981 4581 Missa-
2016 4501 2058 4555 D
2090 4497 2478 4575 llujus'autem
2525 4514 2601 4568 rei
2639 4513 2821 4581 plures
2848 4526 3046 4567 causas
3076 4514 3275 4566 ibidem
3317 4512 3475 4567 allert
3504 4497 3667 4569 Nice;

407 4581 529 4642 rutn
576 4568 881 4642 solemnia,
915 4584 1052 4639 quas
1085 4568 1257 4642 Graeci
1291 4568 1525 4642 ίόμιλίας
1571 4581 1789 4627 vocant.
1822 4577 1983 4629 (Lerte

405 4637 633 4709 verbum
661 4637 1175 4709 διδάσκεινβιόρτὶε
1199 4641 1267 4695 de
1289 4637 1357 4696 iis
1382 4644 1731 4698 sermonibus
1751 4643 1979 4699 dicitur.

406 4705 676 4760 Przeterea
726 4713 829 4763 etsi
877 4705 1247 4764 concedamus
1298 4726 1609 4766 sermonem
1666 4724 1795 4766 tunc
1830 4729 1857 4766 a
1893 4712 1983 4766 Li-

407 4776 561 4829 berio
624 4777 868 4833 habitum
934 4796 1099 4842 esse,
1161 4781 1299 4833 nihil
1366 4782 1469 4835 hoc
1534 4783 1664 4837 facit
1720 4784 1983 4839 adversus

409 4845 795 4902 Sozomenum.
830 4850 882 4901 Id
918 4852 1061 4902 enim
1093 4861 1250 4902 extra
1300 4852 1549 4905 ordinem
1598 4854 1803 4908 factum
1836 4862 1917 4907 est
1951 4871 1980 4908 a

407 4913 629 4989 Liberio
680 4919 733 4970 in
782 4928 1012 4989 gratiam
1067 4918 1415 4974 Marcelliute.
1466 4921 1805 4977 Sozomenus
1856 4940 1983 4977 vero

407 4987 650 5108 {pquitur
682 4990 750 5043 de
783 4987 933 5043 inore
966 5000 1188 5061 recepto
1225 5002 1394 5061 atque
1426 4993 1630 5047 usitato
1658 4996 1712 5047 in
1739 4992 1982 5048 Ecclesia

459 5074 678 5108 o.nana.

459 5074 678 5109 o.nana.

478 5126 587 5191 (l9)
624 5128 782 5180 Κατὰ
834 5128 949 5197 τὴν
993 5128 1234 5197 πρώτην
1285 5130 1513 5199 ἡμέραν
1551 5130 1661 5198 τῆς
1706 5135 1985 5189 ἀναστα-

408 5197 615 5274 ᾳίμου.
669 5199 1007 5269 Nicephorius
1040 5202 1304 5256 Callistus
1350 5197 1406 5256 in
1456 5203 1550 5258 lib.
1596 5197 1695 5269 xit,
1737 5222 1858 5274 cap.
1891 5208 1983 5271 54,

413 5267 560 5321 hunc
604 5267 815 5326 uioreni
858 5276 1034 5328 adhuc
1091 5292 1189 5329 sua
1241 5285 1403 5335 aatate
1448 5267 1720 5331 mansisse
1757 5267 1971 5331 scribit.

2088 4580 2318 4648 phorus,
2352 4598 2492 4649 quas
2519 4580 2804 4636 studiosus
2842 4582 3013 4636 lector
3044 4583 3151 4636 illic
3183 4583 3442 4636 inveniet.

2162 4651 2275 4722 (50)
2311 4654 2473 4707 Κατὰ
2516 4654 2622 4705 τὸν
2672 4654 2860 4706 αὑτὸν
2898 4656 3123 4719 καιρόν.
3180 4654 3494 4722 Supplenda
3532 4656 3663 4709 mihi

2088 4720 2306 4775 videtur
2357 4725 2618 4782 particula
2662 4725 2763 4776 hoc
2807 4722 3004 4782 modo,
3053 4724 3146 4775 καὶ
3189 4720 3331 4776 κατὰ
3375 4725 3467 4776 τὸν
3504 4726 3666 4777 αὐτὸν

2090 4793 2301 4859 καιρόν.
2355 4793 2632 4862 Dupliccm
2675 4794 2820 4846 enim
2866 4802 3018 4845 notat
3067 4795 3427 4848 dill‘ereutiam
3455 4835 3468 4853 ,
3516 4798 3662 4862 ιιιιυιΙ

2089 4876 2268 4929 neque
2316 4865 2517 4917 ezedem
2560 4875 2747 4917 essent
2790 4862 2992 4930 ubique
3028 4879 3220 4932 preces
3261 4875 3313 4918 et
3366 4866 3663 4931 lectiones;

2089 4946 2266 4997 neque
2312 4935 2500 4986 eodem
2534 4944 2777 4999 tempore
2820 4933 3011 4986 tierent
3044 4935 3188 5003 apud
3234 4951 3447 4990 omnes.

2158 5003 2270 5069 (5i)
2318 5005 2435 5069 Thr
2479 5004 2547 5055 δὲ
2596 5004 2709 5057 νῦν
2751 5004 2831 5068 ὡς
2900 5004 3330 5072 Ἀποκάλυψιν.
3386 5006 3442 5058 In
3477 5008 3667 5062 codice

2087 5068 2393 5145 Fultetiauo
2447 5077 2714 5142 scriptum
2747 5084 2831 5128 est
2868 5076 2968 5143 τὴν
3018 5074 3074 5127 δὲ
3124 5068 3250 5145 μήν.
3305 5072 3567 5140 Rectius,
3607 5092 3663 5132 ut

2088 5145 2307 5211 opinor.
2341 5144 2685 5214 Nicephorus
2716 5160 2849 5200 vero
2889 5160 3009 5199 eam
3064 5144 3251 5200 vocem
3290 5151 3665 5215 praetermisit,

2090 5224 2148 5265 ut
2180 5218 2535 5283 superﬂuam.

1859 5454 2249 5513 VARIORUM.

484 5549 518 5619 ’Δ
553 5544 779 5619 Ταάτιιν
803 5546 870 5599 δὲ
898 5546 1007 5619 τὴν
1034 5548 1198 5619 is“ng
1218 5548 1440 5611 ,βίϐλον
1473 5548 1866 5619 ἀναγινώσκει
1887 5550 1984 5602 ἐν·

412 5609 551 5663 θάδε
589 5614 775 5681 μόνος
814 5620 845 5669 ό
892 5609 1331 5690 ἀρχιδὶάκοίιός.
1394 5649 1465 5659 -
1522 5609 1642 5690 Syri
1682 5620 1980 5689 Maronitae,

412 5692 706 5759 quantula
742 5702 806 5739 ex
856 5702 1063 5759 eorum
1117 5689 1462 5759 ordinatione
1527 5689 1713 5759 colligi
1776 5698 1977 5759 potest,

415 5751 1056 5829 Alexandrinosgimitari
1091 5759 1366 5812 videntur.
1420 5754 1553 5813 Nam
1588 5751 1825 5813 dia'cono
1858 5751 1981 5829 post

415 5834 579 5897 unam
607 5823 1011 5897 ordinationem
1061 5831 1296 5883 traditur
1338 5833 1656 5897 Apostolus,
1701 5847 1797 5885 seu
1842 5823 1981 5885 liber

415 5891 811 5966 Epistularum;
865 5899 1252 5956 archidiacono
1304 5891 1425 5957 vero
1466 5902 1604 5959 libcr
1649 5900 1978 5972 Evangelia-

2092 5548 2475 5621 rum,__cujus
2533 5551 2822 5621 pericopen
2873 5556 3019 5607 inter
3057 5553 3346 5609 missarum
3395 5554 3659 5609 solemnia

2090 5621 2240 5693 legit.
2269 5618 2579 5675 Nestoriaui
2608 5618 2738 5677 vero
2764 5624 3035 5679 secundos
3064 5625 3189 5679 illos
3218 5626 3499 5678 imitantur
3522 5640 3663 5693 quos

2091 5686 2432 5746 Sdzomenus
2472 5702 2884 5748 commemorat.
2920 5693 3080 5749 Juxta
3118 5697 3263 5749 enim
3303 5686 3661 5748 Nestoriano-

2088 5761 2416 5834 rum__ri_tum
2442 5762 2676 5816 diacono
2709 5778 2816 5817 non
2847 5763 3009 5818 datur
3046 5765 3182 5834 liber
3213 5764 3658 5834 Evangeliorum,

2088 5830 2183 5884 sed
2215 5831 2620 5899 Epistolarum,
2663 5835 2854 5887 lectori
2897 5850 3024 5889 vero
3058 5830 3509 5899 Testamentum;
3562 5838 3657 5887 sed

2088 5903 2408 5973 presbytch
2459 5906 2595 5969 soli,
2644 5922 2767 5960 cum
2804 5907 3123 5973 ordinatur,
3171 5907 3308 5962 liber
3338 5906 3658 5977 Erangclio—
