4460 6634
418 464 549 523 ηει

1401 456 1724 513 HISTORIA
1761 453 2310 512 ECCLESIASTICA.
2352 487 2423 499 —
2458 458 2586 514 LIB.
2627 457 2738 515 VII.

3526 470 3663 533 1482

416 591 594 658 ροῖντο
643 584 783 637 κατὰ
812 582 902 635 τὸν
938 578 1163 651 πάτριον
1214 577 1377 648 νόμον
1414 575 1491 647 τῷ
1533 575 1763 646 ποταμῷ
1811 575 1980 628 θύειν.
2013 580 2059 634 Α
2088 571 2177 627 Ind

1902 589 1980 627 ιν.
2013 580 2059 634 Α
2088 571 2527 645 lndignabantur
2563 592 2699 646 ergo
2720 575 2989 648 Agyptii.
3034 578 3178 648 quod
3208 578 3378 636 ﬂuvio
3412 597 3479 638 ex
3511 601 3663 641 more

425 677 762 749 ’Υπονοήσας
792 675 851 729 δὲ
898 676 927 727 ὁ
971 672 1067 726 τοῦ
1094 670 1281 734 ἒθνους
1314 668 1615 741 ἡγούμενος
1664 670 1743 731 είς
1798 667 1987 719 στάσιν

414 761 612 833 ἅύτὸὺς
648 761 1203 838 παρασκευάζεσθαι,
1234 761 1361 815 τάδε
1398 761 1655 831 ἐμήνυσε.
1685 755 1888 812 Μαθὼν
1928 754 1985 808 δὲ

408 854 441 917 ὁ
504 860 755 931 βασιλεὺς
803 859 1022 929 ἄμεινον
1060 854 1164 925 ἔφη
1215 855 1351 926 πρὸς
1394 852 1455 906 τὸ
1517 852 1673 905 Θεῖον
1702 850 1982 920 διαμεῖναι

412 950 624 1012 πιστὸν,
658 949 692 1019 ἢ
724 948 795 1001 τά
821 946 1016 999 Νείλου
1043 944 1263 1015 νάματα
1285 943 1379 997 καὶ
1398 942 1497 1013 τὴν
1524 938 1775 994 ἐντεῦθεν
1793 939 1985 1007 εὐετη-

413 1044 539 1115 ρίαν
571 1040 906 1115 προτιμῆσαι
936 1037 1036 1107 τῆς
1060 1035 1363 1099 εὐσεϐείας.
1384 1033 1538 1105 Μηδέ
1561 1048 1690 1086 ποτε
1720 1031 1831 1102 γάρ
1858 1028 1984 1103 ῥεύ-

411 1151 555 1187 σειεν
582 1135 785 1196 ἐκεῖνος
814 1132 843 1183 ὁ
872 1128 1113 1199 ποταμὸς
1132 1171 1147 1195 ,
1185 1127 1341 1197 εῐπερ
1368 1125 1584 1196 άληθῶς
1626 1120 1737 1189 οἷός
1762 1124 1826 1181 τέ
1866 1126 1982 1178 ἐστι

410 1224 685 1296 γοητείαις
718 1222 1046 1290 ὑπάγεσθαι,
1074 1222 1166 1274 καὶ
1196 1220 1411 1283 θυσίαις
1433 1219 1665 1290 χαίρειν,
1698 1218 1792 1271 καὶ
1816 1216 1984 1288 αίμά-

408 1334 517 1371 των
567 1315 747 1385 ρεύσει
782 1315 1016 1383 μιαίνειν
1056 1329 1154 1375 τας
1206 1314 1271 1365 ἐκ
1302 1310 1397 1365 τοῦ
1453 1311 1599 1364 θείου
1652 1308 1980 1380 παραδείσου

409 1410 691 1481 ἐπιρῤοάς.
732 1408 847 1461 Οὐκ
875 1408 954 1469 είς
987 1405 1204 1476 μακράν
1236 1405 1292 1459 δὲ
1325 1407 1355 1458 ὀ
1384 1404 1578 1466 Νεῖλος
1616 1404 1783 1465 πολὺς
1816 1404 1981 1473 ἐκχυ-

409 1500 525 1563 θεὶς
550 1542 563 1564 ,
612 1500 706 1552 καὶ
748 1499 861 1561 τοῖς
912 1497 1265 1567 ὑψηλοτέροις
1318 1497 1571 1565 ἐπαφῆκε
1598 1496 1670 1549 τὰ
1712 1494 1977 1567 ῥεύματα.

420 1593 576 1645 Ἐπεὶ
608 1592 663 1645 δὲ
692 1592 827 1664 πρὸς
863 1589 924 1644 τὸ
955 1590 1290 1642 τελειότατον
1335 1586 1431 1642 καὶ
1464 1588 1705 1650 σπανίως
1744 1587 1981 1659 πληρού-

410 1700 571 1754 μενον
618 1684 814 1753 μέτρον
857 1680 1120 1751 ἔφθασεν,
1160 1681 1312 1736 ούδέν
1348 1679 1408 1733 δέ
1453 1673 1617 1753 ἦττον
1648 1680 1982 1752 ἐκορυφοῦτο

406 1775 468 1829 τὸ
496 1775 675 1844 ὕδωρ,
721 1775 800 1838 είς
843 1773 1085 1827 ἐναντίον
1126 1772 1291 1840 φόϐον
1332 1772 1697 1844 περιέστησαν
1732 1771 1781 1825 οί
1820 1770 1982 1838 Αίγύο

406 1885 572 1923 πτιοι.
602 1868 713 1921 Καὶ
747 1868 865 1930 δέος
888 1862 977 1937 ἦν,
1023 1866 1096 1936 μὴ
1137 1866 1230 1918 καὶ⁸
1266 1865 1365 1935 τὴν
1417 1863 1769 1933 Ἀλεξάνδρου
1801 1852 1976 1926 πόλιν,

404 1963 499 2013 καὶ
526 1960 731 2030 Λιϐύης
758 1923 926 2029 μέροὲ
968 1923 1137 2012 oti-trav
1169 1958 1283 2028 (54)
1316 1923 1649 2029 κατακλύσει.
1679 1923 1885 2011 ”Ηνίκα
1912 1923 1978 2029 δή
2012 1923 2056 1981 Β

408 2051 641 2119 Λέγεται,
664 2048 1148 2118 τοὺςἘλληνιστάς
1185 2049 1576 2119 Ἀλεξανδρέων
1618 2048 1982 2117 ἀγανακτοῦν-

403 2159 501 2205 τας
531 2144 665 2213 πρδς
694 2142 758 2195 τὸ
796 2140 1011 2211 συμϐὰν
1040 2139 1188 2211 παρὰ
1218 2140 1443 2211 γνώμην
1466 2181 1481 2203 ,
1518 2140 1855 2194 ἐπιτωθάσαι
1885 2142 1980 2194 καὶ

404 2238 463 2289 ἐν
492 2238 605 2300 τοῖς
634 2235 883 2304 θεάτροις
910 2233 1236 2305 ἀναϐοῆσαι,
1265 2233 1340 2296 ὡς
1361 2230 1449 2285 οἷα
1480 2234 1661 2304 γέρων
1688 2234 1782 2287 καὶ
1813 2232 1979 2303 λῆρος

404 2333 698 2404 ἐξούρησεν
729 2332 841 2401 (55)
872 2333 902 2385 ὁ
947 2332 1211 2400 ποταμός.
1254 2329 1349 2381 Ἐκ
1386 2328 1579 2381 τούτου
1628 2328 1684 2380 δὲ
1738 2326 1978 2378 πλεῖστοι

402 2426 716 2494 Αἰγυπτίων
758 2425 855 2495 τῆς
883 2426 1141 2495 πατρῴας
1164 2421 1581 2491 δεισιδαιμονίας
1602 2418 1975 2486 κατέγνωσαν,

402 2518 499 2570 καὶ
530 2518 610 2580 είς
641 2516 1066 2587 Χριστιανισμδν
1098 2512 1471 2586 μετεϐάλοντο.
1503 2510 1615 2565 Καὶ
1636 2510 1702 2563 τὰ
1736 2510 1834 2579 μὲν
1854 2550 1868 2571 ,
1900 2507 1977 2572 ὡς

402 2609 701 2681 ἐπυθόμην.

985 2792 1235 2845 ΚΕΦΑΛ.
1278 2789 1407 2845 KA'.

404 2882 544 2952 περι
566 2880 672 2971 "is
700 2882 991 2971 εὑρέσεως
1018 2882 1129 2971 siis
1158 2883 1352 2971 ξιμιιξς
1370 2880 1800 2971 saeuitiae"
1824 2883 1976 2949 ηρο·

613 2954 854 3023 δρόμου,
888 2954 986 3007 καὶ
1007 2954 1124 3006 ὅσα
1147 2952 1221 3005 δι’
1245 2952 1439 3021 αὐτὴν
1463 2952 1763 3021 ἐγένοντο.

486 3044 623 3098 Ὑπὸ
654 3044 711 3097 δὲ
756 3043 944 3097 τοῦτον
975 3044 1066 3098 τὸν
1114 3043 1303 3113 χρόνον
1344 3042 1663 3113 διεκομίσθη
1696 3044 1776 3106 είς
1828 3043 1977 3095 Κων-

403 3136 842 3192 σταντινούπολιν
900 3138 933 3207 ἡ
993 3136 1241 3190 Ἰωάννου
1293 3135 1388 3189 τοῦ
1446 3135 1750 3188 Βαπτιστοῦ
1805 3152 1973 3204 κεφα-

2086 664 2449 736 institutoque
2509 668 2781 738 majorum
2854 670 3173 727 sacriﬁcare
3238 673 3662 747 haudquaquam

2086 755 2557 823 permitterentur.
2580 757 2737 813 Unde
2767 759 3058 827 praefectus
3088 759 3312 832 Egypti
3342 763 3661 834 suspicatus

2084 862 2181 901 eos
2214 847 2540 903 seditionem
2568 848 2771 914 moliri,
2800 865 2915 905 rem
2945 850 3267 922 imperatori
3302 854 3655 925 signiﬁcavit.

2085 940 2389 1011 Imperator
2434 948 2639 1008 autem,
2688 958 2748 997 re
2795 944 3046 1014 cognita,
3093 948 3273 1002 satius
3344 964 3470 1005 esse
3521 936 3663 1005 dixit

2084 1032 2295 1090 ﬁdelem
2339 1048 2468 1104 erga
2508 1032 2677 1089 Deum
2716 1050 3057 1107 permanere,
3090 1054 3251 1109 quam
3300 1039 3507 1097 ﬂuenta
3550 1040 3660 1097 Nili

2082 1135 2138 1181 et
2170 1124 2390 1198 irugum
2431 1142 2496 1181 ex
2526 1141 2589 1182 ea
2629 1142 2690 1183 re
2724 1128 3028 1184 ubertatem
3067 1130 3261 1200 pietati
3301 1140 3656 1203 anteponere.

2082 1217 2374 1289 Nunquam
2404 1218 2559 1282 ﬂuat,
2589 1218 2786 1289 inquit,
2812 1219 3013 1277 ﬂuvius
3036 1222 3161 1289 iste,
3198 1224 3247 1278 si
3277 1224 3652 1283 incantamen-

2083 1309 2157 1365 tis
2202 1309 2355 1376 elici,
2400 1316 2456 1365 et
2502 1310 2792 1367 sacriﬁciis
2830 1312 3092 1368 oblectari
3140 1323 3197 1370 et
3236 1318 3456 1375 cruoris
3511 1318 3657 1377 ﬂuxu

2082 1399 2261 1456 undas
2290 1417 2357 1456 ex
2382 1401 2569 1457 divino
2616 1404 2875 1474 paradiso
2904 1405 3203 1463 deﬂuentes
3247 1409 3541 1480 inquinare
3575 1429 3662 1468 re-

2080 1509 2210 1550 vera
2240 1502 2441 1565 potest.
2464 1493 2669 1552 Verum
2706 1496 2865 1553 Nilus
2895 1498 3042 1554 haud
3076 1502 3249 1558 multo
3276 1511 3402 1574 post
3424 1505 3656 1569 effusus.

2081 1587 2370 1656 superiora
2402 1603 2625 1658 quoque
2663 1591 2780 1645 loca
2810 1592 2969 1661 aquis
2998 1592 3118 1648 suis
3149 1596 3399 1663 operuit;
3424 1612 3660 1667 cumque

2080 1680 2149 1733 ad
2181 1694 2478 1746 summam,
2509 1689 2564 1736 et
2591 1697 2715 1752 qua).
2743 1698 2871 1737 raro
2900 1683 3115 1755 impleri
3150 1688 3313 1751 solet,
3344 1704 3656 1744 mensuram

2082 1772 2448 1842 pervenisset,
2497 1781 2551 1827 et
2597 1773 2777 1829 adhuc
2821 1784 3003 1830 tamen
3053 1791 3194 1844 aqua
3251 1780 3658 1844 intumescerct,

2082 1864 2139 1918 in
2175 1866 2516 1919 contrarium
2558 1874 2760 1922 metum
2811 1869 3127 1925 inciderunt
3173 1870 3439 1944 Egyptii,
3502 1884 3651 1929 time-

2082 1955 2321 2026 bantque
2354 1972 2421 2009 ne
2452 1957 2585 2013 urbs
2619 1957 2991 2013 Alexandrina
3025 1969 3080 2016 et
3120 1961 3303 2033 Lybiae
3331 1978 3461 2033 pars
3496 1980 3657 2035 aquis

2078 2050 2467 2108 obruerentur.
2505 2052 2669 2124 310
2708 2052 2845 2107 Tum
2890 2070 3023 2110 vero
3070 2058 3225 2111 aiunt
3267 2073 3516 2128 paganos
3562 2062 3653 2129 qui

2077 2152 2237 2199 erant
2266 2146 2633 2208 Alexandria.
2679 2148 2911 2203 moleste
2947 2147 3184 2204 ferentes
3225 2149 3278 2203 Id
3318 2150 3465 2221 quod
3506 2152 3658 2205 acci-

2078 2236 2262 2301 derat,
2298 2252 2397 2307 per
2425 2237 2614 2307 jocum
2643 2238 2696 2292 in
2728 2240 2959 2295 theatris
2989 2242 3355 2305 exclamasse,
3386 2244 3533 2312 quod
3566 2242 3659 2297 Ni—

2080 2326 2167 2380 lus
2201 2337 2466 2397 tanquam
2502 2344 2668 2383 senex
2700 2343 2763 2384 ac
2794 2329 3002 2384 delirus
3031 2330 3379 2387 eminxisset.
3406 2331 3559 2386 Hanc
3586 2336 3656 2387 oh

2077 2435 2304 2476 causam
2358 2422 2581 2492 plurimi
2633 2422 3046 2495 Egyptiorum,
3094 2426 3328 2495 patriam
3380 2429 3654 2497 supersti-

2076 2511 2284 2567 tionem
2324 2513 2678 2576 damnantes,
2720 2514 2785 2567 ad
2819 2513 3193 2569 Christianam
3238 2515 3562 2585 religionem
3598 2532 3657 2573 se

2076 2605 2506 2661 transtulerunt.
2540 2605 2719 2676 Atque
2770 2605 2887 2659 haec
2934 2606 3158 2676 quidem
3208 2606 3284 2661 ita
3329 2615 3481 2677 gesta
3534 2624 3657 2667 esse

2075 2697 2284 2766 accepi.

2704 2786 2853 2842 CAP.
2896 2785 3041 2841 XXI.

2078 2874 2155 2930 De
2189 2877 2482 2933 inventione
2526 2880 2717 2946 capitis
2762 2877 2987 2934 Joannis
3029 2880 3290 2948 Baptista:
3324 2891 3373 2935 et
3408 2881 3654 2937 Prwcur-

2231 2950 2391 3004 saris.
2422 2960 2472 3002 et
2502 2951 2671 3003 dehis
2703 2966 2819 3020 qua:
2849 2954 2992 3004 circa
3018 2951 3152 3003 illud
3182 2952 3328 3019 facta
3360 2964 3501 3006 sunt.

2149 3039 2265 3095 Sub
2300 3041 2441 3096 idem
2480 3045 2718 3113 templis,
2756 3044 3083 3099 translatum
3116 3044 3219 3097 luit
3261 3044 3655 3100 Constantino-

2076 3134 2242 3204 polim
2275 3131 2508 3189 Joannis
2544 3134 2801 3205 Baptista:
2846 3143 3036 3205 caput,
3070 3137 3218 3206 quod
3272 3136 3537 3193 Herodias
3585 3139 3653 3193 ab

400 3232 469 3302 λὴ
507 3230 663 3299 (56),
694 3228 761 3299 ἣν
804 3227 1070 3298 Ἡρωδιὰς
1116 3227 1359 3297 ᾐτήσατο
1405 3224 1558 3295 παρὰ
1601 3224 1841 3324 Ἡρώδου
1881 3224 1973 3278 τοῦ
1998 3264 2043 3324 C
2081 3223 2159 3324 Ille

1887 3224 1973 3278 τοῦ
1998 3264 2043 3324 C
2081 3222 2297 3279 Herode
2338 3223 2616 3277 tetrarcha
2670 3225 2799 3278 olim
2843 3226 3097 3295 petierat.
3132 3225 3417 3283 Inventum
3469 3237 3648 3285 autem

401 3324 734 3393 Τετράρχου.
767 3319 995 3389 Λέγεται
1025 3320 1080 3372 δὲ
1105 3320 1392 3390 εὑρεθῆναι
1437 3319 1585 3389 παρὰ
1612 3318 1839 3390 ἀνδράσι
1876 3337 1972 3389 μο-

401 3416 585 3484 ναχοίς
613 3412 713 3481 τῆς
743 3410 1079 3465 Μακεδονίω
1112 3410 1373 3480 αἱρέσεως
1399 3426 1410 3437 ⁸
1447 3410 1497 3462 οἳ
1543 3410 1610 3464 τὰ
1642 3410 1741 3480 μὲν
1783 3410 1973 3474 πρῶτα

401 3507 461 3561 ἐν
494 3503 885 3576 Ἱεροσολύμοις
912 3502 1198 3573 διέτριϐον,
1242 3501 1467 3574 ὕστερον
1494 3502 1552 3555 δὲ
1582 3508 1661 3564 εις
1717 3503 1973 3555 Κιλικίαν

404 3597 841 3669 μετῳκίσθησαν.
886 3597 1010 3648 Ἐπὶ
1037 3596 1091 3647 δὲ
1137 3596 1235 3667 τῆς
1270 3595 1377 3667 πρὸ
1417 3595 1620 3666 ταύτης
1650 3597 1970 3665 ἡγεμονίας,

400 3688 709 3759 Μαρδονίου
767 3686 1145 3757 μηνύσαντος,
1204 3686 1263 3746 ὃς
1299 3686 1400 3755 τῆς
1458 3684 1743 3755 βασιλικῆς
1797 3686 1975 3749 οίκίας

404 3782 606 3851 μείζων
650 3776 718 3851 ἦν
748 3778 1000 3849 εὐνοῦχος
1020 3820 1034 3841 ,
1068 3777 1402 3847 προσέταξεν
1452 3777 1665 3847 Οὐάλης
1717 3778 1798 3840 είς
1826 3779 1974 3830 Κωνο

401 3872 840 3927 σταντινούπολιν
886 3872 1057 3941 αὐτὴν
1097 3871 1441 3942 κομισθῆναι.
1473 3870 1584 3924 Καὶ
1626 3871 1676 3925 οἱ
1732 3870 1831 3939 μέν
1880 3870 1973 3922 ἐπὶ

399 3962 559 4017 τοῦτο
610 3963 1007 4026 ἀποσταλέντες
1035 4001 1051 4027 ,
1100 3962 1377 4027 ἐπιθέντες
1438 3962 1677 4032 ὀχήματι
1728 3961 1973 4032 δημοσίῳ

2080 3314 2132 3367 id
2157 3328 2282 3369 esse
2328 3315 2534 3369 dicitur
2578 3316 2722 3385 apud
2769 3316 3071 3373 monachos
3114 3320 3381 3389 quosdam
3410 3335 3474 3375 ex
3504 3332 3652 3377 secta

2077 3405 2619 3470 llacedonianorum,
2663 3409 2757 3477 qui
2802 3409 2954 3477 prius
2993 3409 3213 3480 quidem
3257 3409 3653 3483 Hierosolymis

2077 3500 2273 3555 morati
2311 3499 2549 3565 fuerant,
2587 3508 2775 3569 postea
2812 3516 2938 3555 vero
2969 3501 3025 3555 in
3076 3502 3331 3557 Ciliciam
3376 3504 3644 3574 migravc'

2074 3600 2218 3645 rant.
2255 3589 2625 3646 Prmeedentis
2665 3600 2847 3646 autem
2887 3593 3237 3663 imperatoris
3287 3597 3646 3666 temporibus,

2075 3694 2202 3733 cum
2255 3680 2570 3738 Mardonius
2616 3683 2935 3747 eunuchus,
2973 3686 3302 3755 praepositus
3350 3689 3649 3758 Imperialis

2075 3772 2286 3840 palatii.
2322 3789 2435 3826 rem
2475 3773 2785 3837 detulisset,
2806 3784 3051 3843 jusserat
3079 3775 3280 3833 Valens
3311 3788 3370 3833 ut
3400 3780 3453 3835 id
3483 3792 3649 3850 caput

2074 3862 2609 3937 Constantinopolim
2661 3868 3066 3936 deportaretur.
3120 3867 3188 3923 Et
3220 3871 3256 3923 ii
3296 3872 3518 3941 quidem
3552 3876 3643 3943 qui

2080 3954 2147 4009 ad
2180 3956 2285 4011 hoc
2317 3959 2469 4013 missi
2508 3960 2747 4027 fuerant,
2774 3968 2938 4031 caput
2968 3961 3100 4016 illud
3133 3962 3352 4033 publico
3393 3966 3647 4025 vehiculo

1600 4136 1865 4194 VALESII
1902 4137 2455 4195 ANNOTATIONES.

474 4235 587 4305 (54)
624 4234 735 4290 Kal
768 4236 990 4301 Λιϐύης
1036 4232 1219 4305 μέρος
1266 4227 1484 4305 οὖσαν.
1532 4230 1814 4305 Postrema
1864 4250 1967 4305 vox

398 4300 627 4361 delenda
662 4313 766 4367 est,
799 4300 961 4375 quam
995 4300 1094 4375 nec
1130 4302 1471 4375 Nicephorus
1497 4317 1598 4356 nec
1630 4300 1967 4371 Epiphanius

400 4378 687 4445 agnoscit,
742 4374 841 4429 nec
879 4374 1158 4445 Musonius
1193 4374 1247 4426 in
1286 4374 1541 4445 versione
1575 4374 1962 4445 sua_rctinuit.

398 4442 466 4501 At
495 4445 765 4500 Suﬁ'ridus
796 4446 887 4513 qui
924 4447 1071 4498 hunc
1107 4442 1395 4498 Sozomeni
1442 4444 1639 4513 librum
1693 4442 1964 4511 interpre-

400 4525 547 4570 tatus
587 4525 691 4577 est,
733 4512 969 4585 pessime
1013 4515 1159 4567 hunc
1201 4515 1380 4585 locum
1420 4512 1582 4565 vertit
1613 4512 1717 4565 hoc
1754 4514 1914 4585 modo
1950 4532 1962 4567 :

401 4586 451 4639 Ν
458 4603 555 4639 unc
584 4596 632 4638 et
652 4582 1120 4653 Aléxandropolim
1148 4600 1263 4654 qua:
1290 4582 1469 4653 Libym
1488 4590 1603 4636 erat
1631 4584 1827 4649 portio,
1856 4583 1963 4651 ﬂu-

396 4658 509 4710 vius
544 4656 845 4708 inundaret.

2072 4234 2332 4307 Marciani
2362 4237 2630 4307 _Augusti,
2670 4235 2993 4290 Vincaman
3018 4244 3075 4307 et
3109 4236 3360 4307 Opilione
3389 4253 3536 4295 coss.
3570 4240 3643 4294 ita

2073 4306 2264 4359 scribit
2295 4322 2309 4356 :
2355 4305 2451 4359 llis
2475 4305 2655 4369 ίεοεε..
2702 4317 2951 4376 regnante
3008 4305 3380 4362 Valentiniano
3412 4318 3463 4362 et
3490 4309 3643 4363 Mar-

2070 4376 2225 4428 ci.mo
2256 4376 2545 4445 Augustis,
2588 4392 2760 4430 mense
2818 4377 3053 4439 Peritio,
3102 4394 3179 4431 xu
3230 4377 3357 4432 Kal.
3388 4378 3639 4445 Martias,

2072 4444 2621 4518 medigdjzebdomade
2664 4446 3021 4512 iejuniomm.
3072 4464 3209 4501 anno
3255 4444 3643 4518 Syromacedo;

2070 4531 2194 4588 num
2215 4515 2339 4588 765,
2369 4519 2808 4588 Antiochenorum
2830 4518 2923 4571 ὅθι
2941 4557 2955 4578 ,
2985 4527 3035 4571 et
3064 4518 3168 4571 425
3195 4534 3261 4572 ex
3281 4515 3383 4588 quo
3402 4518 3640 4575 Joannes

2074 4584 2318 4658 Baptista
2337 4587 2504 4653 capite
2532 4596 2807 4658 truncatus
2837 4588 3035 4654 fuerat,
3065 4592 3081 4608 '
3105 4584 3321 4641 sacrum
3342 4589 3457 4657 ejus
3482 4602 3642 4658 caput

2073 4656 2137 4727 in,
2170 4654 2422 4708 Emesena
2462 4656 2590 4710 urbe
2621 4667 2880 4725 repertum
2932 4668 3031 4711 est.
3069 4658 3204 4723 Quis
3249 4669 3335 4713 est
3365 4654 3471 4727 'qui
3530 4654 3638 4714 non

636 4726 1016 4797 ‘Eﬁor‘rpnqer.
1064 4723 1401 4797 Epiphanius
1433 4720 1811 4797 scholasticus
1845 4740 1964 4776 vcr-
1997 4718 2041 4772 D
2072 4726 2299 4797 miretur
2330 4727 2469 4797 hanc
2508 4718 2837 4794 scriptorum
2862 4718 3329 4797 discrepantiam?
3355 4718 3637 4784 Postrema

495 4727 520 4753 Η
530 4727 556 4753 l‘.’

468 4730 588 4848 (552’
636 4730 1016 4793 Ἐξούρησεν.
1066 4730 1401 4793 Epiphanius
1433 4730 1811 4777 Scholasticus
1845 4740 1961 4776 vcr-

395 4798 462 4849 tit
500 4813 511 4846 :
574 4795 881 4848 ‘vanuissct.
921 4792 1091 4847 Verba
1123 4796 1241 4861 ejus
1277 4802 1404 4848 sunt
1439 4808 1451 4819 '
1489 4792 1621 4845 Tu°n
1646 4809 1761 4845 vero
1785 4795 1961 4861 ferunt

396 4883 629 4935 paganos
669 4864 1053 4918 Alexandrinos
1111 4866 1161 4916 in
1208 4865 1413 4935 theatro
1468 4864 1760 4935 clamasse,
1826 4865 1963 4933 quod

399 4931 535 4989 uelut
584 4951 742 4989 senex
800 4945 850 4988 et
914 4936 1109 4989 delirus
1165 4934 1457 4987 evanuisset
1512 4931 1691 4984 Nilus.
1745 4931 1962 5003 Langus

393 5022 525 5059 vero
574 5006 847 5075 interpres
900 5003 1190 5075 Nicephori
1244 5006 1404 5057 vertit
1436 5012 1756 5071 postremum
1793 5009 1963 5058 emin-

392 5086 578 5213 x’I‘SelI).
626 5145 689 5200 Ἡ
731 5144 1012 5199 Ἰωάννου
1052 5145 1157 5198 τοῦ
1193 5142 1527 5213 Βαπτιστοῦ
1557 5142 1812 5212 κεφαλή.
1851 5142 1959 5198 Va-

392 5215 695 5269 lentiniano
736 5231 786 5266 Iv
822 5224 876 5268 et
920 5214 961 5268 N

392 5285 625 5355 Pruspel’
658 5286 714 5339 in
753 5285 1032 5340 Chronico.
1082 5285 1281 5338 Verum
1322 5293 1517 5339 auctor
1546 5282 1793 5355 Chronici
1828 5286 1951 5337 Ale-

2066 4796 2285 4861 quidem
2336 4796 2450 4849 hanc
2496 4800 2738 4849 narratio
2780 4798 2975 4852 nititur
3016 4796 3345 4853 auctoritate
3396 4800 3636 4853 Marcelli

2066 4865 2352 4932 cujusdam
2408 4866 2891 4927 archimandritaa,
2945 4870 3039 4935 qui
3086 4870 3408 4922 relationem
3450 4867 3639 4922 Graece

2066 4936 2290 5004 scripsit
2334 4936 2401 5007 de
2452 4939 3019 5007 inventionercapitis
3073 4935 3301 4991 Joannis
3359 4938 3635 5007 Baptistae.

2065 5022 2228 5069 quam
2262 5022 2325 5059 ex
2358 5006 2549 5061 Crmco
2598 5008 2650 5060 in
2687 5006 2938 5059 Latinum
2993 5022 3302 5061 sermonem
3354 5006 3638 5063 transtulit

2068 5075 2361 5145 Dionysius
2391 5075 2651 5145 Exiguus.
2697 5075 2831 5129 Huic
2862 5077 3153 5144 posteriori
3192 5076 3495 5132 inventioni
3536 5080 3633 5131 ad-

2066 5144 2362 5214 stipulatur
2407 5144 2592 5214 gravis
2627 5153 2821 5198 auctor
2866 5162 2928 5199 ac
2976 5146 3229 5214 diligens.
3284 5145 3635 5202 Marcvllinus

968 5216 1170 5286 eolerio
1196 5231 1341 5268 coss.
1390 5216 1437 5267 IlI
1492 5212 1850 5286 factumesse
1880 5216 1957 5268 ait
2062 5212 2261 5286 Comes
2292 5217 2352 5286 in_
2387 5212 2665 5274 Chronico,
2712 5217 2805 5284 qui
2858 5212 3193 5286 supradictis
3243 5231 3389 5272 coss.
3425 5216 3632 5272 Vini-o-

2062 5285 2207 5338 malo
2233 5293 2287 5339 et
2320 5283 2593 5358 Opilione.
2638 5286 2711 5339 ita
2734 5283 2972 5340 scribit:
3011 5287 3124 5341 Hoc
3156 5289 3319 5358 igitur
3342 5289 3635 5342 venerabile

390 5353 644 5409 xand'rini
707 5356 757 5408 id
814 5355 979 5411 refert
1048 5370 1190 5427 anno
1248 5366 1547 5427 sequente,
1585 5353 1863 5427 “Taliane
1898 5362 1951 5427 et
2058 5364 2216 5427 caput
2246 5356 2340 5408 sub
2376 5353 2915 5427 graniomemorata:
2959 5353 3198 5426 episcopo
3253 5359 3505 5423 civitatis,
3543 5375 3635 5427 per

394 5426 724 5503 §ymniacho
763 5441 908 5481 coss.
946 5442 1130 5479 mense
1163 5424 1388 5503 Peritio,
1418 5437 1543 5478 ante
1567 5424 1713 5503 diem
1738 5423 1803 5503 12
1826 5423 1942 5475 Kai.

392 5497 637 5550 Martias.
670 5495 814 5551 Idem
849 5505 1028 5550 tamen
1064 5504 1253 5550 auctor
1283 5498 1375 5549 «liu
1402 5505 1610 5565 postea,
1635 5495 1944 5563 principatu

2056 5426 2340 5497 prfwfatumg
2371 5424 2685 5497 Marcellum
2708 5424 3067 5497 presbyterum
3102 5424 3309 5483 constat
3344 5424 3631 5493 inventum,

2069 5495 2371 5550 Vincomalo
2403 5506 2453 5550 et
2488 5494 2729 5563 Opilione
2760 5494 2923 5563 cassi,
2958 5516 3131 5555 mense
3166 5497 3484 5567 Februario,
3518 5508 3629 5555 etc.

1832 5674 2208 5730 VARIOBUM.

463 5773 479 5791 ‘
516 5769 826 5837 Ducangius
877 5767 931 5821 in
990 5766 1134 5819 notis
1180 5766 1243 5819 ad
1298 5765 1443 5819 hunc
1496 5764 1745 5837 Chronici
1788 5764 1946 5837 ﬁlex.

394 5845 569 5894 locum
604 5833 842 5894 ostendit
863 5880 877 5900 ,
918 5838 1195 5891 inventum
1225 5851 1345 5889 esse
1374 5845 1536 5905 caput
1568 5835 1742 5889 sancti
1775 5833 1951 5889 Joan-

392 5916 475 5969 nis
510 5912 763 5983 Baptista:
812 5924 955 5963 anno
982 5906 1186 5962 Christi
1238 5906 1377 5971 452,
1427 5917 1482 5961 ut
1540 5914 1770 5962 testatur
1820 5905 1949 5962 Ant.

704 6005 977 6065 PATROL.
1008 6003 1123 6064 Gn.
1174 6002 1399 6062 LXVII.

2056 5768 2208 5843 Επεὶ.
2239 5767 2303 5818 εισι
2337 5782 2725 5843 eum_a_nnum,
2756 5784 2811 5843 ῃ.
2850 5768 3041 5843 IO.De
3078 5774 3199 5840 ejus
3228 5770 3478 5843 reliquiis
3506 5770 3629 5828 vide

2059 5835 2426 5904 THEODOBIT.,
2466 5837 2607 5893 Hist.
2657 5841 2868 5904 eccles.,
2906 5841 2998 5895 lib.
3036 5835 3122 5907 In,
3150 5858 3274 5913 cap.
3306 5843 3338 5896 7

3148 6006 3219 6069 47
