  <div class='ocr_page' id='page_1' title='image "/cluster/home/n/w/nwhite01/storage/ocr_20150623/67/pst.000009865921/809.png"; bbox 0 0 4460 6634; ppageno 0'>
   <div class='ocr_carea' id='block_1_1' title="bbox 851 424 4151 488">
    <p class='ocr_par' dir='ltr' id='par_1_1' title="bbox 851 424 4151 488">
     <span class='ocr_line' id='line_1_1' title="bbox 851 424 4151 488; baseline -0.001 0"><span class='ocrx_word' id='word_1_1' title='bbox 851 434 881 488; x_wconf 71' lang='grc'><strong>’1</strong></span> <span class='ocrx_word' id='word_1_2' title='bbox 895 432 1000 488; x_wconf 65' lang='grc'><strong>483</strong></span> <span class='ocrx_word' id='word_1_3' title='bbox 1533 463 1536 467; x_wconf 80' lang='lat'><strong><em>~</em></strong></span> <span class='ocrx_word' id='word_1_4' title='bbox 2342 424 2684 482; x_wconf 70' lang='lat' dir='ltr'><strong>SOZOMENI</strong></span> <span class='ocrx_word' id='word_1_5' title='bbox 4003 431 4151 488; x_wconf 61' lang='grc' dir='ltr'><strong>ωδε</strong></span> 
     </span>
    </p>
   </div>
   <div class='ocr_carea' id='block_1_2' title="bbox 858 543 2619 623">
    <p class='ocr_par' dir='ltr' id='par_1_2' title="bbox 858 545 2619 623">
     <span class='ocr_line' id='line_1_2' title="bbox 858 545 2619 623; baseline -0.003 -17"><span class='ocrx_word' id='word_1_6' title='bbox 858 553 1173 623; x_wconf 85' lang='lat' dir='ltr'><strong>impositum</strong></span> <span class='ocrx_word' id='word_1_7' title='bbox 1225 551 1528 607; x_wconf 75' lang='lat' dir='ltr'><strong>transferre</strong></span> <span class='ocrx_word' id='word_1_8' title='bbox 1577 557 1885 620; x_wconf 73' lang='lat' dir='ltr'><strong>cmperunt.</strong></span> <span class='ocrx_word' id='word_1_9' title='bbox 1932 547 2038 605; x_wconf 89' lang='lat' dir='ltr'><strong>Sed</strong></span> <span class='ocrx_word' id='word_1_10' title='bbox 2082 561 2208 603; x_wconf 90' lang='lat' dir='ltr'><strong>cum</strong></span> <span class='ocrx_word' id='word_1_11' title='bbox 2253 545 2442 604; x_wconf 89' lang='lat' dir='ltr'><strong>venis-</strong></span> <span class='ocrx_word' id='word_1_12' title='bbox 2477 560 2516 614; x_wconf 77' lang='grc' dir='ltr'><strong>Α</strong></span> <span class='ocrx_word' id='word_1_13' title='bbox 2549 547 2619 618; x_wconf 66' lang='grc' dir='ltr'>ἠγ</span> 
     </span>
    </p>
   </div>
   <div class='ocr_carea' id='block_1_3' title="bbox 2391 543 4152 623">
    <p class='ocr_par' dir='ltr' id='par_1_3' title="bbox 2391 543 4152 623">
     <span class='ocr_line' id='line_1_3' title="bbox 2391 543 4152 623; baseline -0.001 -21"><span class='ocrx_word' id='word_1_14' title='bbox 2391 561 2442 602; x_wconf 76' lang='lat'><strong>3-</strong></span> <span class='ocrx_word' id='word_1_15' title='bbox 2477 560 2516 614; x_wconf 77' lang='grc' dir='ltr'><strong>Α</strong></span> <span class='ocrx_word' id='word_1_16' title='bbox 2549 547 2704 618; x_wconf 72' lang='grc' dir='ltr'>ῆγον.</span> <span class='ocrx_word' id='word_1_17' title='bbox 2725 548 2811 611; x_wconf 83' lang='grc' dir='ltr'>Ὠς</span> <span class='ocrx_word' id='word_1_18' title='bbox 2839 548 2898 602; x_wconf 87' lang='grc' dir='ltr'>δὲ</span> <span class='ocrx_word' id='word_1_19' title='bbox 2936 550 3015 612; x_wconf 78' lang='grc' dir='ltr'>εἰς</span> <span class='ocrx_word' id='word_1_20' title='bbox 3039 549 3101 602; x_wconf 81' lang='grc' dir='ltr'>τὸ</span> <span class='ocrx_word' id='word_1_21' title='bbox 3131 549 3450 622; x_wconf 81' lang='grc' dir='ltr'>Ιίαντείχιον</span> <span class='ocrx_word' id='word_1_22' title='bbox 3477 543 3634 623; x_wconf 81' lang='grc' dir='ltr'>ἧκον,</span> <span class='ocrx_word' id='word_1_23' title='bbox 3661 551 3859 622; x_wconf 78' lang='grc' dir='ltr'><strong>χωρίον</strong></span> <span class='ocrx_word' id='word_1_24' title='bbox 3885 551 3945 606; x_wconf 78' lang='grc' dir='ltr'>δὲ</span> <span class='ocrx_word' id='word_1_25' title='bbox 3980 550 4152 605; x_wconf 68' lang='grc' dir='ltr'>τοῦτο</span> 
     </span>
    </p>
   </div>
   <div class='ocr_carea' id='block_1_4' title="bbox 857 638 2618 714">
    <p class='ocr_par' dir='ltr' id='par_1_4' title="bbox 857 638 2618 713">
     <span class='ocr_line' id='line_1_4' title="bbox 857 638 2618 713; baseline -0.003 -15"><span class='ocrx_word' id='word_1_26' title='bbox 857 653 979 698; x_wconf 90' lang='lat' dir='ltr'><strong>sent</strong></span> <span class='ocrx_word' id='word_1_27' title='bbox 1025 643 1399 710; x_wconf 87' lang='lat' dir='ltr'><strong>Pantichinm,</strong></span> <span class='ocrx_word' id='word_1_28' title='bbox 1436 643 1532 713; x_wconf 88' lang='lat' dir='ltr'><strong>qui</strong></span> <span class='ocrx_word' id='word_1_29' title='bbox 1586 644 1742 698; x_wconf 90' lang='lat' dir='ltr'><strong>locus</strong></span> <span class='ocrx_word' id='word_1_30' title='bbox 1773 650 1859 699; x_wconf 88' lang='lat' dir='ltr'><strong>est</strong></span> <span class='ocrx_word' id='word_1_31' title='bbox 1889 643 1944 696; x_wconf 93' lang='lat' dir='ltr'><strong>in</strong></span> <span class='ocrx_word' id='word_1_32' title='bbox 1978 655 2111 711; x_wconf 88' lang='lat' dir='ltr'><strong>agro</strong></span> <span class='ocrx_word' id='word_1_33' title='bbox 2145 638 2452 696; x_wconf 89' lang='lat' dir='ltr'><strong>Cbalcedo-</strong></span> <span class='ocrx_word' id='word_1_34' title='bbox 2557 642 2618 692; x_wconf 84' lang='grc' dir='ltr'>Χι</span> 
     </span>
    </p>
   </div>
   <div class='ocr_carea' id='block_1_5' title="bbox 2393 638 4154 714">
    <p class='ocr_par' dir='ltr' id='par_1_5' title="bbox 2393 639 4154 714">
     <span class='ocr_line' id='line_1_5' title="bbox 2393 639 4154 714; baseline 0 -20"><span class='ocrx_word' id='word_1_35' title='bbox 2393 654 2452 694; x_wconf 86' lang='lat' dir='ltr'><strong>o-</strong></span> <span class='ocrx_word' id='word_1_36' title='bbox 2557 639 2928 710; x_wconf 82' lang='grc' dir='ltr'><strong>Χαλκηδόνος,</strong></span> <span class='ocrx_word' id='word_1_37' title='bbox 2960 641 3144 696; x_wconf 81' lang='grc' dir='ltr'>οὐκέτι</span> <span class='ocrx_word' id='word_1_38' title='bbox 3197 642 3529 714; x_wconf 82' lang='grc' dir='ltr'><strong>προσωτέρω</strong></span> <span class='ocrx_word' id='word_1_39' title='bbox 3587 642 3819 714; x_wconf 78' lang='grc' dir='ltr'><strong>βαδίζειν</strong></span> <span class='ocrx_word' id='word_1_40' title='bbox 3853 645 4154 714; x_wconf 66' lang='grc' dir='ltr'>ἠνείχοντο</span> 
     </span>
    </p>
   </div>
   <div class='ocr_carea' id='block_1_6' title="bbox 855 729 2616 809">
    <p class='ocr_par' dir='ltr' id='par_1_6' title="bbox 855 732 2611 806">
     <span class='ocr_line' id='line_1_6' title="bbox 855 732 2611 806; baseline -0.005 -15"><span class='ocrx_word' id='word_1_41' title='bbox 855 737 1138 802; x_wconf 88' lang='lat' dir='ltr'><strong>nensium,</strong></span> <span class='ocrx_word' id='word_1_42' title='bbox 1174 736 1339 792; x_wconf 64' lang='lat' dir='ltr'><strong>mulae</strong></span> <span class='ocrx_word' id='word_1_43' title='bbox 1373 751 1496 806; x_wconf 64' lang='lat' dir='ltr'><strong>quae</strong></span> <span class='ocrx_word' id='word_1_44' title='bbox 1529 735 1840 790; x_wconf 85' lang='lat' dir='ltr'><strong>vehiculum</strong></span> <span class='ocrx_word' id='word_1_45' title='bbox 1877 734 2192 798; x_wconf 88' lang='lat' dir='ltr'><strong>trahebant,</strong></span> <span class='ocrx_word' id='word_1_46' title='bbox 2216 732 2454 789; x_wconf 89' lang='lat' dir='ltr'><strong>ulterius</strong></span> <span class='ocrx_word' id='word_1_47' title='bbox 2556 732 2611 784; x_wconf 80' lang='lat' dir='ltr'><strong>at</strong></span> 
     </span>
    </p>
   </div>
   <div class='ocr_carea' id='block_1_7' title="bbox 2389 729 4150 809">
    <p class='ocr_par' dir='ltr' id='par_1_7' title="bbox 2391 729 4150 809">
     <span class='ocr_line' id='line_1_7' title="bbox 2391 729 4150 809; baseline -0.001 -23"><span class='ocrx_word' id='word_1_48' title='bbox 2391 749 2454 789; x_wconf 91' lang='lat' dir='ltr'><strong>us</strong></span> <span class='ocrx_word' id='word_1_49' title='bbox 2556 732 2611 784; x_wconf 86' lang='grc' dir='ltr'><strong>αί</strong></span> <span class='ocrx_word' id='word_1_50' title='bbox 2642 729 2713 809; x_wconf 41' lang='grc' dir='ltr'>τὸ.</span> <span class='ocrx_word' id='word_1_51' title='bbox 2744 729 2927 802; x_wconf 77' lang='grc' dir='ltr'>ὄχημα</span> <span class='ocrx_word' id='word_1_52' title='bbox 2959 731 3320 787; x_wconf 85' lang='grc' dir='ltr'>καθέλκουσαι</span> <span class='ocrx_word' id='word_1_53' title='bbox 3371 733 3590 803; x_wconf 79' lang='grc' dir='ltr'>ἡμίονοι</span> <span class='ocrx_word' id='word_1_54' title='bbox 3614 774 3630 800; x_wconf 83' lang='grc'><em>,</em></span> <span class='ocrx_word' id='word_1_55' title='bbox 3669 737 3764 789; x_wconf 77' lang='grc' dir='ltr'><strong>καὶ</strong></span> <span class='ocrx_word' id='word_1_56' title='bbox 3807 734 3982 790; x_wconf 75' lang='grc' dir='ltr'>ταῦτα</span> <span class='ocrx_word' id='word_1_57' title='bbox 4030 734 4150 787; x_wconf 79' lang='grc' dir='ltr'><strong>τῶν</strong></span> 
     </span>
    </p>
   </div>
   <div class='ocr_carea' id='block_1_8' title="bbox 854 824 2615 910">
    <p class='ocr_par' dir='ltr' id='par_1_8' title="bbox 854 824 2615 910">
     <span class='ocr_line' id='line_1_8' title="bbox 854 824 2615 910; baseline -0.003 -29"><span class='ocrx_word' id='word_1_58' title='bbox 854 830 1115 900; x_wconf 82' lang='lat' dir='ltr'><strong>progredi</strong></span> <span class='ocrx_word' id='word_1_59' title='bbox 1147 830 1558 894; x_wconf 83' lang='lat' dir='ltr'><strong>detrectarunt;</strong></span> <span class='ocrx_word' id='word_1_60' title='bbox 1596 827 1760 898; x_wconf 89' lang='lat' dir='ltr'><strong>idque</strong></span> <span class='ocrx_word' id='word_1_61' title='bbox 1791 827 1919 882; x_wconf 88' lang='lat' dir='ltr'><strong>licet</strong></span> <span class='ocrx_word' id='word_1_62' title='bbox 1943 826 2241 896; x_wconf 79' lang='lat' dir='ltr'><strong>equisones</strong></span> <span class='ocrx_word' id='word_1_63' title='bbox 2268 824 2451 881; x_wconf 88' lang='lat' dir='ltr'><strong>minas</strong></span> <span class='ocrx_word' id='word_1_64' title='bbox 2484 899 2492 910; x_wconf 36' lang='lat'><strong><em>‘</em></strong></span> <span class='ocrx_word' id='word_1_65' title='bbox 2557 825 2615 876; x_wconf 85' lang='grc' dir='ltr'><strong>ίπ</strong></span> 
     </span>
    </p>
   </div>
   <div class='ocr_carea' id='block_1_9' title="bbox 2387 824 4148 910">
    <p class='ocr_par' dir='ltr' id='par_1_9' title="bbox 2389 825 4148 910">
     <span class='ocr_line' id='line_1_9' title="bbox 2389 825 4148 910; baseline -0.002 -29"><span class='ocrx_word' id='word_1_66' title='bbox 2389 839 2451 881; x_wconf 86' lang='lat' dir='ltr'><strong>as</strong></span> <span class='ocrx_word' id='word_1_67' title='bbox 2484 899 2492 910; x_wconf 40' lang='lat'><strong><em>‘</em></strong></span> <span class='ocrx_word' id='word_1_68' title='bbox 2557 825 2880 897; x_wconf 73' lang='grc' dir='ltr'><strong>ἱπποκόμων</strong></span> <span class='ocrx_word' id='word_1_69' title='bbox 2905 825 3364 891; x_wconf 78' lang='grc' dir='ltr'>ὲπαπειλούντων,</span> <span class='ocrx_word' id='word_1_70' title='bbox 3393 829 3486 881; x_wconf 75' lang='grc' dir='ltr'><strong>καὶ</strong></span> <span class='ocrx_word' id='word_1_71' title='bbox 3511 827 3604 880; x_wconf 85' lang='grc' dir='ltr'><strong>τοῦ</strong></span> <span class='ocrx_word' id='word_1_72' title='bbox 3634 827 3850 898; x_wconf 79' lang='grc' dir='ltr'><strong>ἡνιόχου</strong></span> <span class='ocrx_word' id='word_1_73' title='bbox 3880 827 4148 898; x_wconf 73' lang='grc' dir='ltr'>χαλεπῶς</span> 
     </span>
    </p>
   </div>
   <div class='ocr_carea' id='block_1_10' title="bbox 857 915 2450 993">
    <p class='ocr_par' dir='ltr' id='par_1_10' title="bbox 857 915 2450 993">
     <span class='ocr_line' id='line_1_10' title="bbox 857 915 2450 993; baseline -0.001 -17"><span class='ocrx_word' id='word_1_74' title='bbox 857 923 993 993; x_wconf 89' lang='lat' dir='ltr'><strong>ipsis</strong></span> <span class='ocrx_word' id='word_1_75' title='bbox 1031 921 1394 987; x_wconf 87' lang='lat' dir='ltr'><strong>intentarent,</strong></span> <span class='ocrx_word' id='word_1_76' title='bbox 1444 929 1498 975; x_wconf 93' lang='lat' dir='ltr'><strong>et</strong></span> <span class='ocrx_word' id='word_1_77' title='bbox 1551 920 1742 990; x_wconf 81' lang='lat' dir='ltr'><strong>auriga</strong></span> <span class='ocrx_word' id='word_1_78' title='bbox 1800 918 2014 990; x_wconf 80' lang='lat' dir='ltr'><strong>ﬂagello</strong></span> <span class='ocrx_word' id='word_1_79' title='bbox 2065 919 2312 988; x_wconf 77' lang='lat' dir='ltr'><strong>graviter</strong></span> <span class='ocrx_word' id='word_1_80' title='bbox 2357 915 2450 974; x_wconf 79' lang='lat' dir='ltr'><strong>eas</strong></span> 
     </span>
    </p>
   </div>
   <div class='ocr_carea' id='block_1_11' title="bbox 854 1011 2451 1083">
    <p class='ocr_par' dir='ltr' id='par_1_11' title="bbox 854 1011 2451 1083">
     <span class='ocr_line' id='line_1_11' title="bbox 854 1011 2451 1083; baseline -0.001 -15"><span class='ocrx_word' id='word_1_81' title='bbox 854 1013 1113 1070; x_wconf 68' lang='lat' dir='ltr'><strong>caederet.</strong></span> <span class='ocrx_word' id='word_1_82' title='bbox 1143 1013 1249 1081; x_wconf 84' lang='lat' dir='ltr'><strong>Qui</strong></span> <span class='ocrx_word' id='word_1_83' title='bbox 1285 1028 1410 1069; x_wconf 92' lang='lat' dir='ltr'><strong>cum</strong></span> <span class='ocrx_word' id='word_1_84' title='bbox 1440 1012 1579 1066; x_wconf 87' lang='lat' dir='ltr'><strong>nihil</strong></span> <span class='ocrx_word' id='word_1_85' title='bbox 1613 1011 1970 1083; x_wconf 82' lang='lat' dir='ltr'><strong>proﬁcerent,</strong></span> <span class='ocrx_word' id='word_1_86' title='bbox 1998 1022 2052 1066; x_wconf 91' lang='lat' dir='ltr'><strong>et</strong></span> <span class='ocrx_word' id='word_1_87' title='bbox 2072 1012 2292 1066; x_wconf 84' lang='lat' dir='ltr'><strong>cunctis</strong></span> <span class='ocrx_word' id='word_1_88' title='bbox 2321 1011 2451 1082; x_wconf 87' lang='lat' dir='ltr'><strong>ipsi-</strong></span> 
     </span>
    </p>
   </div>
   <div class='ocr_carea' id='block_1_12' title="bbox 855 1104 2446 1176">
    <p class='ocr_par' dir='ltr' id='par_1_12' title="bbox 855 1104 2446 1176">
     <span class='ocr_line' id='line_1_12' title="bbox 855 1104 2446 1176; baseline 0.001 -16"><span class='ocrx_word' id='word_1_89' title='bbox 855 1122 962 1175; x_wconf 91' lang='lat' dir='ltr'><strong>que</strong></span> <span class='ocrx_word' id='word_1_90' title='bbox 1008 1107 1150 1162; x_wconf 82' lang='lat' dir='ltr'><strong>adeo</strong></span> <span class='ocrx_word' id='word_1_91' title='bbox 1197 1105 1515 1176; x_wconf 85' lang='lat' dir='ltr'><strong>imperatori</strong></span> <span class='ocrx_word' id='word_1_92' title='bbox 1549 1119 1614 1160; x_wconf 88' lang='lat' dir='ltr'><strong>ea</strong></span> <span class='ocrx_word' id='word_1_93' title='bbox 1651 1119 1740 1159; x_wconf 90' lang='lat' dir='ltr'><strong>res</strong></span> <span class='ocrx_word' id='word_1_94' title='bbox 1781 1104 2056 1175; x_wconf 90' lang='lat' dir='ltr'><strong>stupenda</strong></span> <span class='ocrx_word' id='word_1_95' title='bbox 2102 1118 2166 1159; x_wconf 91' lang='lat' dir='ltr'><strong>ac</strong></span> <span class='ocrx_word' id='word_1_96' title='bbox 2211 1118 2446 1175; x_wconf 78' lang='lat' dir='ltr'><strong>prorsus</strong></span> 
     </span>
    </p>
   </div>
   <div class='ocr_carea' id='block_1_13' title="bbox 854 1195 2449 1262">
    <p class='ocr_par' dir='ltr' id='par_1_13' title="bbox 854 1195 2449 1262">
     <span class='ocr_line' id='line_1_13' title="bbox 854 1195 2449 1262; baseline 0 -10"><span class='ocrx_word' id='word_1_97' title='bbox 854 1199 1042 1255; x_wconf 91' lang='lat' dir='ltr'><strong>divina</strong></span> <span class='ocrx_word' id='word_1_98' title='bbox 1079 1199 1382 1262; x_wconf 77' lang='lat' dir='ltr'><strong>videretur,</strong></span> <span class='ocrx_word' id='word_1_99' title='bbox 1422 1197 1478 1252; x_wconf 92' lang='lat' dir='ltr'><strong>in</strong></span> <span class='ocrx_word' id='word_1_100' title='bbox 1508 1195 1631 1251; x_wconf 91' lang='lat' dir='ltr'><strong>vico</strong></span> <span class='ocrx_word' id='word_1_101' title='bbox 1679 1196 1888 1252; x_wconf 84' lang='lat' dir='ltr'><strong>Cosilai</strong></span> <span class='ocrx_word' id='word_1_102' title='bbox 1929 1210 2156 1251; x_wconf 89' lang='lat' dir='ltr'><strong>sacrum</strong></span> <span class='ocrx_word' id='word_1_103' title='bbox 2188 1196 2322 1251; x_wconf 92' lang='lat' dir='ltr'><strong>illud</strong></span> <span class='ocrx_word' id='word_1_104' title='bbox 2353 1211 2449 1252; x_wconf 87' lang='lat' dir='ltr'><strong>ca-</strong></span> 
     </span>
    </p>
   </div>
   <div class='ocr_carea' id='block_1_14' title="bbox 851 1286 2445 1360">
    <p class='ocr_par' dir='ltr' id='par_1_14' title="bbox 851 1286 2445 1360">
     <span class='ocr_line' id='line_1_14' title="bbox 851 1286 2445 1360; baseline -0.001 -17"><span class='ocrx_word' id='word_1_105' title='bbox 851 1300 952 1360; x_wconf 87' lang='lat' dir='ltr'><strong>put</strong></span> <span class='ocrx_word' id='word_1_106' title='bbox 980 1291 1378 1360; x_wconf 80' lang='lat' dir='ltr'><strong>depoSucrunt.</strong></span> <span class='ocrx_word' id='word_1_107' title='bbox 1409 1287 1540 1342; x_wconf 84' lang='lat' dir='ltr'><strong>Erat</strong></span> <span class='ocrx_word' id='word_1_108' title='bbox 1571 1288 1720 1343; x_wconf 90' lang='lat' dir='ltr'><strong>enim</strong></span> <span class='ocrx_word' id='word_1_109' title='bbox 1755 1286 1846 1341; x_wconf 88' lang='lat' dir='ltr'><strong>hic</strong></span> <span class='ocrx_word' id='word_1_110' title='bbox 1886 1286 2044 1342; x_wconf 89' lang='lat' dir='ltr'><strong>vicus</strong></span> <span class='ocrx_word' id='word_1_111' title='bbox 2081 1289 2138 1341; x_wconf 91' lang='lat' dir='ltr'><strong>in</strong></span> <span class='ocrx_word' id='word_1_112' title='bbox 2170 1287 2445 1358; x_wconf 80' lang='lat' dir='ltr'><strong>proximo,</strong></span> 
     </span>
    </p>
   </div>
   <div class='ocr_carea' id='block_1_15' title="bbox 849 1377 2448 1454">
    <p class='ocr_par' dir='ltr' id='par_1_15' title="bbox 849 1377 2448 1454">
     <span class='ocr_line' id='line_1_15' title="bbox 849 1377 2448 1454; baseline -0.002 -15"><span class='ocrx_word' id='word_1_113' title='bbox 849 1393 906 1439; x_wconf 91' lang='lat' dir='ltr'><strong>et</strong></span> <span class='ocrx_word' id='word_1_114' title='bbox 953 1385 1021 1439; x_wconf 89' lang='lat' dir='ltr'><strong>ad</strong></span> <span class='ocrx_word' id='word_1_115' title='bbox 1071 1382 1455 1454; x_wconf 83' lang='lat' dir='ltr'><strong>supradictum</strong></span> <span class='ocrx_word' id='word_1_116' title='bbox 1498 1379 1846 1436; x_wconf 86' lang='lat' dir='ltr'><strong>Mardonium</strong></span> <span class='ocrx_word' id='word_1_117' title='bbox 1900 1380 2236 1452; x_wconf 84' lang='lat' dir='ltr'><strong>pertinebat.</strong></span> <span class='ocrx_word' id='word_1_118' title='bbox 2272 1377 2448 1436; x_wconf 89' lang='lat' dir='ltr'><strong>Porro</strong></span> 
     </span>
    </p>
   </div>
   <div class='ocr_carea' id='block_1_16' title="bbox 850 1471 2447 1546">
    <p class='ocr_par' dir='ltr' id='par_1_16' title="bbox 850 1471 2447 1546">
     <span class='ocr_line' id='line_1_16' title="bbox 850 1471 2447 1546; baseline -0.003 -13"><span class='ocrx_word' id='word_1_119' title='bbox 850 1479 998 1533; x_wconf 84' lang='lat' dir='ltr'><strong>circa</strong></span> <span class='ocrx_word' id='word_1_120' title='bbox 1042 1477 1146 1532; x_wconf 92' lang='lat' dir='ltr'><strong>hoc</strong></span> <span class='ocrx_word' id='word_1_121' title='bbox 1182 1484 1420 1546; x_wconf 82' lang='lat' dir='ltr'><strong>tempus,</strong></span> <span class='ocrx_word' id='word_1_122' title='bbox 1445 1471 1577 1530; x_wconf 84' lang='lat' dir='ltr'><strong>sive&#39;</strong></span> <span class='ocrx_word' id='word_1_123' title='bbox 1615 1472 1733 1538; x_wconf 88' lang='lat' dir='ltr'><strong>Dei,</strong></span> <span class='ocrx_word' id='word_1_124' title='bbox 1779 1472 1898 1528; x_wconf 87' lang='lat' dir='ltr'><strong>sive</strong></span> <span class='ocrx_word' id='word_1_125' title='bbox 1944 1471 2228 1542; x_wconf 72' lang='lat' dir='ltr'><strong>prephetae</strong></span> <span class='ocrx_word' id='word_1_126' title='bbox 2270 1471 2447 1543; x_wconf 85' lang='lat' dir='ltr'><strong>ipsius</strong></span> 
     </span>
    </p>
   </div>
   <div class='ocr_carea' id='block_1_17' title="bbox 849 1563 2444 1641">
    <p class='ocr_par' dir='ltr' id='par_1_17' title="bbox 849 1563 2444 1641">
     <span class='ocr_line' id='line_1_17' title="bbox 849 1563 2444 1641; baseline -0.006 -13"><span class='ocrx_word' id='word_1_127' title='bbox 849 1569 1119 1641; x_wconf 86' lang='lat' dir='ltr'><strong>impulsu,</strong></span> <span class='ocrx_word' id='word_1_128' title='bbox 1150 1568 1450 1638; x_wconf 85' lang='lat' dir='ltr'><strong>imperator</strong></span> <span class='ocrx_word' id='word_1_129' title='bbox 1479 1563 1831 1621; x_wconf 89' lang='lat' dir='ltr'><strong>Theodosius</strong></span> <span class='ocrx_word' id='word_1_130' title='bbox 1853 1563 1931 1619; x_wconf 87' lang='lat' dir='ltr'><strong>&#39;ad</strong></span> <span class='ocrx_word' id='word_1_131' title='bbox 1959 1572 2085 1619; x_wconf 87' lang='lat' dir='ltr'><strong>eum</strong></span> <span class='ocrx_word' id='word_1_132' title='bbox 2110 1563 2291 1620; x_wconf 90' lang='lat' dir='ltr'><strong>locum</strong></span> <span class='ocrx_word' id='word_1_133' title='bbox 2318 1577 2444 1633; x_wconf 89' lang='lat' dir='ltr'><strong>per-</strong></span> 
     </span>
    </p>
   </div>
   <div class='ocr_carea' id='block_1_18' title="bbox 847 1653 2445 1733">
    <p class='ocr_par' dir='ltr' id='par_1_18' title="bbox 847 1653 2445 1733">
     <span class='ocr_line' id='line_1_18' title="bbox 847 1653 2445 1733; baseline -0.005 -15"><span class='ocrx_word' id='word_1_134' title='bbox 847 1663 1013 1733; x_wconf 76' lang='lat' dir='ltr'><strong>rcxjt.</strong></span> <span class='ocrx_word' id='word_1_135' title='bbox 1071 1660 1324 1729; x_wconf 88' lang='lat' dir='ltr'><strong>Cumque</strong></span> <span class='ocrx_word' id='word_1_136' title='bbox 1377 1656 1640 1727; x_wconf 74' lang='lat' dir='ltr'><strong>Baptista:</strong></span> <span class='ocrx_word' id='word_1_137' title='bbox 1701 1655 1971 1726; x_wconf 88' lang='lat' dir='ltr'><strong>rellquias</strong></span> <span class='ocrx_word' id='word_1_138' title='bbox 2035 1653 2166 1710; x_wconf 92' lang='lat' dir='ltr'><strong>inde</strong></span> <span class='ocrx_word' id='word_1_139' title='bbox 2223 1653 2445 1710; x_wconf 75' lang='lat' dir='ltr'><strong>auferre</strong></span> 
     </span>
    </p>
   </div>
   <div class='ocr_carea' id='block_1_19' title="bbox 845 1746 2440 1823">
    <p class='ocr_par' dir='ltr' id='par_1_19' title="bbox 845 1746 2440 1823">
     <span class='ocr_line' id='line_1_19' title="bbox 845 1746 2440 1823; baseline -0.006 -13"><span class='ocrx_word' id='word_1_140' title='bbox 845 1755 1033 1823; x_wconf 77' lang='lat' dir='ltr'><strong>vellet,</strong></span> <span class='ocrx_word' id='word_1_141' title='bbox 1065 1752 1207 1816; x_wconf 88' lang='lat' dir='ltr'><strong>sola,</strong></span> <span class='ocrx_word' id='word_1_142' title='bbox 1239 1758 1303 1806; x_wconf 91' lang='lat' dir='ltr'><strong>ut</strong></span> <span class='ocrx_word' id='word_1_143' title='bbox 1335 1750 1517 1814; x_wconf 90' lang='lat' dir='ltr'><strong>aiunt,</strong></span> <span class='ocrx_word' id='word_1_144' title='bbox 1545 1748 1605 1804; x_wconf 80' lang='lat' dir='ltr'><strong>ei</strong></span> <span class='ocrx_word' id='word_1_145' title='bbox 1648 1748 1857 1803; x_wconf 78' lang='lat' dir='ltr'><strong>restitit</strong></span> <span class='ocrx_word' id='word_1_146' title='bbox 1893 1746 2162 1811; x_wconf 74' lang='lat' dir='ltr'><strong>Matrona,</strong></span> <span class='ocrx_word' id='word_1_147' title='bbox 2198 1761 2323 1815; x_wconf 74' lang='lat' dir='ltr'><strong>qua:</strong></span> <span class='ocrx_word' id='word_1_148' title='bbox 2350 1757 2440 1803; x_wconf 52' lang='lat' dir='ltr'><strong>sa;</strong></span> 
     </span>
    </p>
   </div>
   <div class='ocr_carea' id='block_1_20' title="bbox 847 1841 2440 1919">
    <p class='ocr_par' dir='ltr' id='par_1_20' title="bbox 847 1841 2440 1919">
     <span class='ocr_line' id='line_1_20' title="bbox 847 1841 2440 1919; baseline -0.006 -14"><span class='ocrx_word' id='word_1_149' title='bbox 847 1858 1001 1904; x_wconf 91' lang='lat' dir='ltr'><strong>crata</strong></span> <span class='ocrx_word' id='word_1_150' title='bbox 1025 1847 1254 1919; x_wconf 78' lang='lat' dir='ltr'><strong>quidem</strong></span> <span class='ocrx_word' id='word_1_151' title='bbox 1293 1845 1448 1915; x_wconf 88' lang='lat' dir='ltr'><strong>virgo</strong></span> <span class='ocrx_word' id='word_1_152' title='bbox 1471 1851 1630 1910; x_wconf 85' lang='lat' dir='ltr'><strong>erat;</strong></span> <span class='ocrx_word' id='word_1_153' title='bbox 1655 1850 1916 1899; x_wconf 69' lang='lat' dir='ltr'><strong>caeterum</strong></span> <span class='ocrx_word' id='word_1_154' title='bbox 1956 1849 2124 1912; x_wconf 85' lang='lat' dir='ltr'><strong>caput</strong></span> <span class='ocrx_word' id='word_1_155' title='bbox 2152 1841 2290 1896; x_wconf 92' lang='lat' dir='ltr'><strong>illud</strong></span> <span class='ocrx_word' id='word_1_156' title='bbox 2319 1850 2440 1896; x_wconf 85' lang='lat' dir='ltr'><strong>tan-</strong></span> 
     </span>
    </p>
   </div>
   <div class='ocr_carea' id='block_1_21' title="bbox 2553 917 4146 991">
    <p class='ocr_par' dir='ltr' id='par_1_21' title="bbox 2553 917 4146 991">
     <span class='ocr_line' id='line_1_21' title="bbox 2553 917 4146 991; baseline 0.001 -21"><span class='ocrx_word' id='word_1_157' title='bbox 2553 919 2617 988; x_wconf 79' lang='grc' dir='ltr'>τῇ</span> <span class='ocrx_word' id='word_1_158' title='bbox 2656 917 2886 988; x_wconf 79' lang='grc' dir='ltr'><strong>μάστιγι</strong></span> <span class='ocrx_word' id='word_1_159' title='bbox 2909 918 3246 986; x_wconf 81' lang='grc' dir='ltr'>κεντοῦντος.</span> <span class='ocrx_word' id='word_1_160' title='bbox 3295 922 3384 986; x_wconf 88' lang='grc' dir='ltr'>Ὡς</span> <span class='ocrx_word' id='word_1_161' title='bbox 3429 921 3486 974; x_wconf 84' lang='grc' dir='ltr'>δὲ</span> <span class='ocrx_word' id='word_1_162' title='bbox 3525 922 3678 976; x_wconf 78' lang='grc' dir='ltr'>οὐδὲν</span> <span class='ocrx_word' id='word_1_163' title='bbox 3729 922 3890 991; x_wconf 70' lang='grc' dir='ltr'>ἤνυον</span> <span class='ocrx_word' id='word_1_164' title='bbox 3913 963 3926 983; x_wconf 88' lang='grc'>,</span> <span class='ocrx_word' id='word_1_165' title='bbox 3960 921 4146 973; x_wconf 79' lang='grc' dir='ltr'>ἐδόκει</span> 
     </span>
    </p>
   </div>
   <div class='ocr_carea' id='block_1_22' title="bbox 2551 1009 4148 1084">
    <p class='ocr_par' dir='ltr' id='par_1_22' title="bbox 2551 1009 4148 1084">
     <span class='ocr_line' id='line_1_22' title="bbox 2551 1009 4148 1084; baseline 0.001 -22"><span class='ocrx_word' id='word_1_166' title='bbox 2551 1009 2608 1062; x_wconf 83' lang='grc' dir='ltr'>δὲ</span> <span class='ocrx_word' id='word_1_167' title='bbox 2643 1011 2774 1063; x_wconf 78' lang='grc' dir='ltr'>πᾶσι</span> <span class='ocrx_word' id='word_1_168' title='bbox 2823 1013 2918 1064; x_wconf 74' lang='grc' dir='ltr'>καὶ</span> <span class='ocrx_word' id='word_1_169' title='bbox 2957 1010 3107 1081; x_wconf 85' lang='grc' dir='ltr'><strong>αὑτῷ</strong></span> <span class='ocrx_word' id='word_1_170' title='bbox 3135 1011 3213 1082; x_wconf 84' lang='grc' dir='ltr'>τῷ</span> <span class='ocrx_word' id='word_1_171' title='bbox 3264 1011 3476 1083; x_wconf 87' lang='grc' dir='ltr'>βασιλεῖ</span> <span class='ocrx_word' id='word_1_172' title='bbox 3520 1013 3823 1084; x_wconf 81' lang='grc' dir='ltr'>παράδοξον</span> <span class='ocrx_word' id='word_1_173' title='bbox 3865 1009 4007 1067; x_wconf 83' lang='grc' dir='ltr'>εἶναι</span> <span class='ocrx_word' id='word_1_174' title='bbox 4043 1010 4148 1065; x_wconf 70' lang='grc' dir='ltr'>ὶιαὶ</span> 
     </span>
    </p>
   </div>
   <div class='ocr_carea' id='block_1_23' title="bbox 2552 1099 4147 1175">
    <p class='ocr_par' dir='ltr' id='par_1_23' title="bbox 2552 1099 4147 1175">
     <span class='ocr_line' id='line_1_23' title="bbox 2552 1099 4147 1175; baseline 0.001 -21"><span class='ocrx_word' id='word_1_175' title='bbox 2552 1099 2694 1154; x_wconf 83' lang='grc' dir='ltr'>θεῖον</span> <span class='ocrx_word' id='word_1_176' title='bbox 2723 1099 2786 1153; x_wconf 84' lang='grc' dir='ltr'><strong>τὸ</strong></span> <span class='ocrx_word' id='word_1_177' title='bbox 2827 1102 3102 1173; x_wconf 58' lang='grc' dir='ltr'>πρᾶγμαη</span> <span class='ocrx_word' id='word_1_178' title='bbox 3125 1102 3389 1157; x_wconf 68' lang='grc' dir='ltr'>ἀπέθεντο</span> <span class='ocrx_word' id='word_1_179' title='bbox 3415 1103 3623 1173; x_wconf 69' lang='grc' dir='ltr'>ταύτην</span> <span class='ocrx_word' id='word_1_180' title='bbox 3651 1104 3750 1173; x_wconf 78' lang='grc' dir='ltr'>τὴν</span> <span class='ocrx_word' id='word_1_181' title='bbox 3777 1105 3926 1175; x_wconf 68' lang='grc' dir='ltr'>ίερὰν</span> <span class='ocrx_word' id='word_1_182' title='bbox 3963 1122 4147 1174; x_wconf 52' lang='lat' dir='ltr'><strong>xigu-</strong></span> 
     </span>
    </p>
   </div>
   <div class='ocr_carea' id='block_1_24' title="bbox 2550 1193 4145 1280">
    <p class='ocr_par' dir='ltr' id='par_1_24' title="bbox 2550 1193 4145 1280">
     <span class='ocr_line' id='line_1_24' title="bbox 2550 1193 4145 1280; baseline 0.002 -35"><span class='ocrx_word' id='word_1_183' title='bbox 2550 1193 2648 1263; x_wconf 80' lang='grc' dir='ltr'>λὴν</span> <span class='ocrx_word' id='word_1_184' title='bbox 2685 1194 2747 1246; x_wconf 80' lang='grc' dir='ltr'><strong>ἐν</strong></span> <span class='ocrx_word' id='word_1_185' title='bbox 2781 1196 2849 1264; x_wconf 82' lang='grc' dir='ltr'>τῇ</span> <span class='ocrx_word' id='word_1_186' title='bbox 2876 1195 3147 1268; x_wconf 68' lang='grc' dir='ltr'>Κοσιλάου</span> <span class='ocrx_word' id='word_1_187' title='bbox 3177 1195 3360 1280; x_wconf 78' lang='grc' dir='ltr'>κώμῃ.</span> <span class='ocrx_word' id='word_1_188' title='bbox 3403 1197 3601 1266; x_wconf 83' lang='grc' dir='ltr'><strong>Ἔτυχε</strong></span> <span class='ocrx_word' id='word_1_189' title='bbox 3624 1197 3733 1267; x_wconf 88' lang='grc' dir='ltr'>γὰρ</span> <span class='ocrx_word' id='word_1_190' title='bbox 3781 1199 4145 1269; x_wconf 49' lang='lat' dir='ltr'><strong>summa»,</strong></span> 
     </span>
    </p>
   </div>
   <div class='ocr_carea' id='block_1_25' title="bbox 2547 1280 4142 1359">
    <p class='ocr_par' dir='ltr' id='par_1_25' title="bbox 2547 1280 4142 1359">
     <span class='ocr_line' id='line_1_25' title="bbox 2547 1280 4142 1359; baseline 0.001 -21"><span class='ocrx_word' id='word_1_191' title='bbox 2547 1281 2705 1350; x_wconf 78' lang='grc' dir='ltr'>οὖσα,</span> <span class='ocrx_word' id='word_1_192' title='bbox 2733 1287 2828 1341; x_wconf 74' lang='grc' dir='ltr'><strong>καὶ</strong></span> <span class='ocrx_word' id='word_1_193' title='bbox 2864 1288 3170 1358; x_wconf 80' lang='grc' dir='ltr'>Μαρδονίου</span> <span class='ocrx_word' id='word_1_194' title='bbox 3203 1280 3397 1347; x_wconf 71' lang='grc' dir='ltr'>τούτου</span> <span class='ocrx_word' id='word_1_195' title='bbox 3427 1290 3633 1359; x_wconf 84' lang='grc' dir='ltr'>κτῆμα.</span> <span class='ocrx_word' id='word_1_196' title='bbox 3665 1289 3804 1359; x_wconf 73' lang='grc' dir='ltr'>Περὶ</span> <span class='ocrx_word' id='word_1_197' title='bbox 3843 1288 3899 1342; x_wconf 78' lang='grc' dir='ltr'>δὲ</span> <span class='ocrx_word' id='word_1_198' title='bbox 3942 1288 4142 1342; x_wconf 69' lang='grc' dir='ltr'>τοῦτον</span> 
     </span>
    </p>
   </div>
   <div class='ocr_carea' id='block_1_26' title="bbox 2546 1379 4141 1456">
    <p class='ocr_par' dir='ltr' id='par_1_26' title="bbox 2546 1379 4141 1456">
     <span class='ocr_line' id='line_1_26' title="bbox 2546 1379 4141 1456; baseline 0.001 -25"><span class='ocrx_word' id='word_1_199' title='bbox 2546 1379 2637 1432; x_wconf 77' lang='grc' dir='ltr'>τὸν</span> <span class='ocrx_word' id='word_1_200' title='bbox 2694 1380 2923 1451; x_wconf 90' lang='grc' dir='ltr'>χρόνον,</span> <span class='ocrx_word' id='word_1_201' title='bbox 2973 1380 3008 1451; x_wconf 83' lang='grc' dir='ltr'>ἢ</span> <span class='ocrx_word' id='word_1_202' title='bbox 3057 1381 3152 1454; x_wconf 79' lang='grc' dir='ltr'><strong>τοῦ</strong></span> <span class='ocrx_word' id='word_1_203' title='bbox 3198 1380 3367 1447; x_wconf 55' lang='grc' dir='ltr'>Θεοῦ..</span> <span class='ocrx_word' id='word_1_204' title='bbox 3423 1382 3458 1451; x_wconf 79' lang='grc' dir='ltr'>ἢ</span> <span class='ocrx_word' id='word_1_205' title='bbox 3498 1380 3663 1435; x_wconf 81' lang='grc' dir='ltr'>αὑτοῦ</span> <span class='ocrx_word' id='word_1_206' title='bbox 3704 1381 3801 1434; x_wconf 84' lang='grc' dir='ltr'><strong>τοῦ</strong></span> <span class='ocrx_word' id='word_1_207' title='bbox 3854 1384 4141 1456; x_wconf 65' lang='grc' dir='ltr'>προφήτου</span> 
     </span>
    </p>
   </div>
   <div class='ocr_carea' id='block_1_27' title="bbox 2547 1467 4140 1546">
    <p class='ocr_par' dir='ltr' id='par_1_27' title="bbox 2547 1467 4140 1546">
     <span class='ocr_line' id='line_1_27' title="bbox 2547 1467 4140 1546; baseline 0.001 -20"><span class='ocrx_word' id='word_1_208' title='bbox 2547 1467 2993 1545; x_wconf 50' lang='grc' dir='ltr'>κινοῦντοςκῆκέν</span> <span class='ocrx_word' id='word_1_209' title='bbox 3021 1474 3101 1537; x_wconf 75' lang='grc' dir='ltr'><strong>είς</strong></span> <span class='ocrx_word' id='word_1_210' title='bbox 3133 1473 3291 1546; x_wconf 83' lang='grc' dir='ltr'><strong>τήνδε</strong></span> <span class='ocrx_word' id='word_1_211' title='bbox 3321 1473 3422 1544; x_wconf 77' lang='grc' dir='ltr'>τὴν</span> <span class='ocrx_word' id='word_1_212' title='bbox 3442 1471 3638 1544; x_wconf 83' lang='grc' dir='ltr'><strong>κώμην</strong></span> <span class='ocrx_word' id='word_1_213' title='bbox 3669 1473 3944 1538; x_wconf 82' lang='grc' dir='ltr'><strong>Θεοδόσιος</strong></span> <span class='ocrx_word' id='word_1_214' title='bbox 3979 1475 4010 1526; x_wconf 82' lang='grc' dir='ltr'>ὁ</span> <span class='ocrx_word' id='word_1_215' title='bbox 4035 1474 4140 1543; x_wconf 67' lang='grc' dir='ltr'><strong>βαι</strong></span> 
     </span>
    </p>
   </div>
   <div class='ocr_carea' id='block_1_28' title="bbox 2547 1565 4138 1638">
    <p class='ocr_par' dir='ltr' id='par_1_28' title="bbox 2547 1565 4138 1638">
     <span class='ocr_line' id='line_1_28' title="bbox 2547 1565 4138 1638; baseline -0.002 -17"><span class='ocrx_word' id='word_1_216' title='bbox 2547 1568 2748 1632; x_wconf 85' lang='grc' dir='ltr'>σιλεύς.</span> <span class='ocrx_word' id='word_1_217' title='bbox 2781 1567 3115 1638; x_wconf 82' lang='grc' dir='ltr'>Βουλομένῳ-</span> <span class='ocrx_word' id='word_1_218' title='bbox 3162 1584 3223 1620; x_wconf 91' lang='grc' dir='ltr'><strong>τε</strong></span> <span class='ocrx_word' id='word_1_219' title='bbox 3270 1565 3366 1620; x_wconf 81' lang='grc' dir='ltr'><strong>τοῦ</strong></span> <span class='ocrx_word' id='word_1_220' title='bbox 3410 1566 3720 1620; x_wconf 82' lang='grc' dir='ltr'>Βαπτιστοῦ</span> <span class='ocrx_word' id='word_1_221' title='bbox 3769 1567 3829 1621; x_wconf 75' lang='grc' dir='ltr'>τὸ</span> <span class='ocrx_word' id='word_1_222' title='bbox 3877 1566 4138 1636; x_wconf 75' lang='grc' dir='ltr'>λείψανον</span> 
     </span>
    </p>
   </div>
   <div class='ocr_carea' id='block_1_29' title="bbox 2544 1656 4137 1728">
    <p class='ocr_par' dir='ltr' id='par_1_29' title="bbox 2544 1656 4137 1728">
     <span class='ocr_line' id='line_1_29' title="bbox 2544 1656 4137 1728; baseline 0.001 -19"><span class='ocrx_word' id='word_1_223' title='bbox 2544 1657 2748 1720; x_wconf 74' lang='grc' dir='ltr'>λαϐεῖν,</span> <span class='ocrx_word' id='word_1_224' title='bbox 2771 1658 2938 1728; x_wconf 80' lang='grc' dir='ltr'>μόνην</span> <span class='ocrx_word' id='word_1_225' title='bbox 2959 1656 3123 1726; x_wconf 79' lang='grc' dir='ltr'>φασὶν</span> <span class='ocrx_word' id='word_1_226' title='bbox 3146 1656 3420 1710; x_wconf 72' lang='grc' dir='ltr'>ἀντειπεῖν</span> <span class='ocrx_word' id='word_1_227' title='bbox 3437 1656 3767 1727; x_wconf 80' lang='grc' dir='ltr'>Ματρώναν,</span> <span class='ocrx_word' id='word_1_228' title='bbox 3795 1658 3828 1725; x_wconf 85' lang='grc' dir='ltr'>ἢ</span> <span class='ocrx_word' id='word_1_229' title='bbox 3858 1658 4137 1727; x_wconf 75' lang='grc' dir='ltr'><strong>παρθένος</strong></span> 
     </span>
    </p>
   </div>
   <div class='ocr_carea' id='block_1_30' title="bbox 2547 1743 4137 1821">
    <p class='ocr_par' dir='ltr' id='par_1_30' title="bbox 2547 1743 4137 1821">
     <span class='ocr_line' id='line_1_30' title="bbox 2547 1743 4137 1821; baseline -0.001 -20"><span class='ocrx_word' id='word_1_230' title='bbox 2547 1750 2646 1820; x_wconf 82' lang='grc' dir='ltr'>μὲν</span> <span class='ocrx_word' id='word_1_231' title='bbox 2672 1743 2741 1820; x_wconf 79' lang='grc' dir='ltr'><strong>ἦν</strong></span> <span class='ocrx_word' id='word_1_232' title='bbox 2777 1747 2896 1821; x_wconf 77' lang='grc' dir='ltr'>ἱερὰ</span> <span class='ocrx_word' id='word_1_233' title='bbox 2921 1788 2937 1813; x_wconf 84' lang='grc'><strong><em>,</em></strong></span> <span class='ocrx_word' id='word_1_234' title='bbox 2985 1748 3172 1806; x_wconf 74' lang='grc' dir='ltr'>εἵπετο</span> <span class='ocrx_word' id='word_1_235' title='bbox 3202 1747 3259 1801; x_wconf 84' lang='grc' dir='ltr'>δὲ</span> <span class='ocrx_word' id='word_1_236' title='bbox 3303 1748 3441 1818; x_wconf 78' lang='grc' dir='ltr'>αὐτῇ</span> <span class='ocrx_word' id='word_1_237' title='bbox 3489 1747 3734 1813; x_wconf 74' lang='grc' dir='ltr'>διάκονος</span> <span class='ocrx_word' id='word_1_238' title='bbox 3765 1747 3877 1817; x_wconf 83' lang='grc'><strong>(57)</strong></span> <span class='ocrx_word' id='word_1_239' title='bbox 3904 1749 3996 1800; x_wconf 82' lang='grc' dir='ltr'><strong>καὶ</strong></span> <span class='ocrx_word' id='word_1_240' title='bbox 4029 1749 4137 1816; x_wconf 75' lang='grc' dir='ltr'><strong>φύ-</strong></span> 
     </span>
    </p>
   </div>
   <div class='ocr_carea' id='block_1_31' title="bbox 2544 1838 4134 1912">
    <p class='ocr_par' dir='ltr' id='par_1_31' title="bbox 2544 1838 4134 1912">
     <span class='ocr_line' id='line_1_31' title="bbox 2544 1838 4134 1912; baseline -0.002 -18"><span class='ocrx_word' id='word_1_241' title='bbox 2544 1839 2664 1908; x_wconf 84' lang='grc' dir='ltr'>λαξ.</span> <span class='ocrx_word' id='word_1_242' title='bbox 2707 1838 3098 1912; x_wconf 83' lang='grc' dir='ltr'>Ἀνθισταμένη</span> <span class='ocrx_word' id='word_1_243' title='bbox 3154 1840 3211 1893; x_wconf 85' lang='grc' dir='ltr'>δὲ</span> <span class='ocrx_word' id='word_1_244' title='bbox 3266 1840 3429 1892; x_wconf 80' lang='grc' dir='ltr'>παντὶ</span> <span class='ocrx_word' id='word_1_245' title='bbox 3459 1838 3656 1902; x_wconf 85' lang='grc' dir='ltr'>σθένει,</span> <span class='ocrx_word' id='word_1_246' title='bbox 3693 1838 3986 1908; x_wconf 82' lang='grc' dir='ltr'>βιάσασθαι</span> <span class='ocrx_word' id='word_1_247' title='bbox 4029 1839 4134 1908; x_wconf 79' lang='grc' dir='ltr'><strong>οὐχ</strong></span> 
     </span>
    </p>
   </div>
   <div class='ocr_carea' id='block_1_32' title="bbox 846 1911 2607 2014">
    <p class='ocr_par' dir='ltr' id='par_1_32' title="bbox 846 1911 2607 2014">
     <span class='ocr_line' id='line_1_32' title="bbox 846 1911 2607 2014; baseline -0.006 -17"><span class='ocrx_word' id='word_1_248' title='bbox 846 1923 1014 2014; x_wconf 84' lang='lat' dir='ltr'><strong>quam</strong></span> <span class='ocrx_word' id='word_1_249' title='bbox 1038 1911 1292 1996; x_wconf 78' lang='lat' dir='ltr'><strong>ministra</strong></span> <span class='ocrx_word' id='word_1_250' title='bbox 1306 1911 1569 2012; x_wconf 77' lang='lat' dir='ltr'><strong>etcustps</strong></span> <span class='ocrx_word' id='word_1_251' title='bbox 1583 1936 1976 1992; x_wconf 85' lang='lat' dir='ltr'><strong>comitabatur.</strong></span> <span class='ocrx_word' id='word_1_252' title='bbox 1995 1911 2132 1990; x_wconf 85' lang='lat' dir='ltr'><strong>Cum</strong></span> <span class='ocrx_word' id='word_1_253' title='bbox 2156 1934 2326 2006; x_wconf 83' lang='lat' dir='ltr'><strong>igitur</strong></span> <span class='ocrx_word' id='word_1_254' title='bbox 2349 1935 2440 1988; x_wconf 90' lang='lat' dir='ltr'><strong>illa</strong></span> <span class='ocrx_word' id='word_1_255' title='bbox 2476 1911 2514 1966; x_wconf 72' lang='grc' dir='ltr'><strong>Β</strong></span> <span class='ocrx_word' id='word_1_256' title='bbox 2545 1935 2607 2004; x_wconf 77' lang='grc' dir='ltr'>ἠγ</span> 
     </span>
    </p>
   </div>
   <div class='ocr_carea' id='block_1_33' title="bbox 2369 1911 4130 2014">
    <p class='ocr_par' dir='ltr' id='par_1_33' title="bbox 2369 1911 4130 2007">
     <span class='ocr_line' id='line_1_33' title="bbox 2369 1911 4130 2007; baseline -0.002 -19"><span class='ocrx_word' id='word_1_257' title='bbox 2369 1935 2440 1988; x_wconf 85' lang='lat' dir='ltr'><strong>lia</strong></span> <span class='ocrx_word' id='word_1_258' title='bbox 2476 1911 2514 1966; x_wconf 73' lang='grc' dir='ltr'><strong>Β</strong></span> <span class='ocrx_word' id='word_1_259' title='bbox 2545 1935 2823 2005; x_wconf 78' lang='grc' dir='ltr'><strong>ἡγήσαντο</strong></span> <span class='ocrx_word' id='word_1_260' title='bbox 2846 1934 2956 1988; x_wconf 81' lang='grc' dir='ltr'>δεῖν</span> <span class='ocrx_word' id='word_1_261' title='bbox 2988 1932 3098 2003; x_wconf 84' lang='grc'><strong>(58)</strong></span> <span class='ocrx_word' id='word_1_262' title='bbox 3124 1947 3137 1962; x_wconf 82' lang='grc'><strong><em>⁸</em></strong></span> <span class='ocrx_word' id='word_1_263' title='bbox 3171 1931 3466 2007; x_wconf 67' lang='grc' dir='ltr'>ἁντιᾷολῶν</span> <span class='ocrx_word' id='word_1_264' title='bbox 3489 1931 3566 1996; x_wconf 85' lang='grc' dir='ltr'><strong>δὲ,</strong></span> <span class='ocrx_word' id='word_1_265' title='bbox 3598 1932 3771 1985; x_wconf 74' lang='grc' dir='ltr'>ἐδεῖτο</span> <span class='ocrx_word' id='word_1_266' title='bbox 3797 1935 4130 2002; x_wconf 86' lang='grc' dir='ltr'>συγχωρεῖν.</span> 
     </span>
    </p>
   </div>
   <div class='ocr_carea' id='block_1_34' title="bbox 844 2030 2438 2101">
    <p class='ocr_par' dir='ltr' id='par_1_34' title="bbox 844 2030 2438 2101">
     <span class='ocr_line' id='line_1_34' title="bbox 844 2030 2438 2101; baseline -0.005 -9"><span class='ocrx_word' id='word_1_267' title='bbox 844 2037 999 2094; x_wconf 89' lang='lat' dir='ltr'><strong>omni</strong></span> <span class='ocrx_word' id='word_1_268' title='bbox 1033 2035 1235 2090; x_wconf 86' lang='lat' dir='ltr'><strong>virium</strong></span> <span class='ocrx_word' id='word_1_269' title='bbox 1271 2033 1399 2088; x_wconf 91' lang='lat' dir='ltr'><strong>nisu</strong></span> <span class='ocrx_word' id='word_1_270' title='bbox 1443 2033 1715 2097; x_wconf 85' lang='lat' dir='ltr'><strong>obstaret,</strong></span> <span class='ocrx_word' id='word_1_271' title='bbox 1749 2030 2053 2101; x_wconf 88' lang='lat' dir='ltr'><strong>imperator</strong></span> <span class='ocrx_word' id='word_1_272' title='bbox 2092 2043 2438 2100; x_wconf 76' lang='lat' dir='ltr'><strong>nequaquam</strong></span> 
     </span>
    </p>
   </div>
   <div class='ocr_carea' id='block_1_35' title="bbox 845 2113 2442 2192">
    <p class='ocr_par' dir='ltr' id='par_1_35' title="bbox 845 2113 2442 2192">
     <span class='ocr_line' id='line_1_35' title="bbox 845 2113 2442 2192; baseline -0.006 -14"><span class='ocrx_word' id='word_1_273' title='bbox 845 2137 967 2178; x_wconf 87' lang='lat' dir='ltr'><strong>eam</strong></span> <span class='ocrx_word' id='word_1_274' title='bbox 987 2118 1289 2192; x_wconf 82' lang='lat' dir='ltr'><strong>cogendam</strong></span> <span class='ocrx_word' id='word_1_275' title='bbox 1311 2132 1436 2174; x_wconf 89' lang='lat' dir='ltr'><strong>esse</strong></span> <span class='ocrx_word' id='word_1_276' title='bbox 1455 2116 1697 2186; x_wconf 67' lang='lat' dir='ltr'><strong>censuit,</strong></span> <span class='ocrx_word' id='word_1_277' title='bbox 1739 2115 1835 2171; x_wconf 90' lang='lat' dir='ltr'><strong>sed</strong></span> <span class='ocrx_word' id='word_1_278' title='bbox 1857 2114 2117 2186; x_wconf 83' lang='lat' dir='ltr'><strong>precibus</strong></span> <span class='ocrx_word' id='word_1_279' title='bbox 2138 2113 2442 2170; x_wconf 80' lang='lat' dir='ltr'><strong>contende-</strong></span> 
     </span>
    </p>
   </div>
   <div class='ocr_carea' id='block_1_36' title="bbox 2555 2019 4133 2097">
    <p class='ocr_par' dir='ltr' id='par_1_36' title="bbox 2555 2019 4133 2097">
     <span class='ocr_line' id='line_1_36' title="bbox 2555 2019 4133 2097; baseline -0.001 -18"><span class='ocrx_word' id='word_1_280' title='bbox 2555 2025 2710 2079; x_wconf 73' lang='grc' dir='ltr'>Ἐπεὶ</span> <span class='ocrx_word' id='word_1_281' title='bbox 2743 2026 2801 2079; x_wconf 69' lang='grc' dir='ltr'>δὲ</span> <span class='ocrx_word' id='word_1_282' title='bbox 2831 2025 2986 2096; x_wconf 73' lang='grc' dir='ltr'>μόλις</span> <span class='ocrx_word' id='word_1_283' title='bbox 3023 2021 3196 2091; x_wconf 80' lang='grc' dir='ltr'>εἶξεν,</span> <span class='ocrx_word' id='word_1_284' title='bbox 3230 2025 3510 2096; x_wconf 81' lang='grc' dir='ltr'><strong>’ἀνήνυτον</strong></span> <span class='ocrx_word' id='word_1_285' title='bbox 3541 2019 3679 2079; x_wconf 78' lang='grc' dir='ltr'>εἶναι</span> <span class='ocrx_word' id='word_1_286' title='bbox 3719 2025 3995 2097; x_wconf 76' lang='grc' dir='ltr'><strong>νομίσασα</strong></span> <span class='ocrx_word' id='word_1_287' title='bbox 4047 2023 4133 2095; x_wconf 77' lang='grc' dir='ltr'>τῷ</span> 
     </span>
    </p>
   </div>
   <div class='ocr_carea' id='block_1_37' title="bbox 2543 2116 4136 2193">
    <p class='ocr_par' dir='ltr' id='par_1_37' title="bbox 2543 2116 4136 2193">
     <span class='ocr_line' id='line_1_37' title="bbox 2543 2116 4136 2193; baseline -0.001 -23"><span class='ocrx_word' id='word_1_288' title='bbox 2543 2116 2832 2189; x_wconf 81' lang='grc' dir='ltr'><strong>κρατοῦντι</strong></span> <span class='ocrx_word' id='word_1_289' title='bbox 2857 2117 2955 2188; x_wconf 84' lang='grc' dir='ltr'><strong>τὴν</strong></span> <span class='ocrx_word' id='word_1_290' title='bbox 3003 2117 3346 2188; x_wconf 78' lang='grc' dir='ltr'>ἐπιχείρησιν</span> <span class='ocrx_word' id='word_1_291' title='bbox 3373 2116 3518 2193; x_wconf 73' lang='grc' dir='ltr'>κατὰ</span> <span class='ocrx_word' id='word_1_292' title='bbox 3544 2117 3607 2170; x_wconf 79' lang='grc' dir='ltr'><strong>τὸ</strong></span> <span class='ocrx_word' id='word_1_293' title='bbox 3643 2117 3857 2187; x_wconf 69' lang='grc' dir='ltr'>πμὸὰν</span> <span class='ocrx_word' id='word_1_294' title='bbox 3897 2118 3993 2171; x_wconf 66' lang='grc' dir='ltr'><strong>ἐπὶ</strong></span> <span class='ocrx_word' id='word_1_295' title='bbox 4016 2117 4136 2170; x_wconf 75' lang='grc' dir='ltr'>τῶν</span> 
     </span>
    </p>
   </div>
   <div class='ocr_carea' id='block_1_38' title="bbox 844 2205 2605 2282">
    <p class='ocr_par' dir='ltr' id='par_1_38' title="bbox 844 2205 2605 2282">
     <span class='ocr_line' id='line_1_38' title="bbox 844 2205 2605 2282; baseline -0.004 -11"><span class='ocrx_word' id='word_1_296' title='bbox 844 2217 974 2279; x_wconf 86' lang='lat' dir='ltr'><strong>bat,</strong></span> <span class='ocrx_word' id='word_1_297' title='bbox 1023 2223 1084 2269; x_wconf 92' lang='lat' dir='ltr'><strong>ut</strong></span> <span class='ocrx_word' id='word_1_298' title='bbox 1113 2211 1382 2282; x_wconf 87' lang='lat' dir='ltr'><strong>reliquias</strong></span> <span class='ocrx_word' id='word_1_299' title='bbox 1423 2209 1543 2265; x_wconf 93' lang='lat' dir='ltr'><strong>tolli</strong></span> <span class='ocrx_word' id='word_1_300' title='bbox 1581 2207 1951 2279; x_wconf 83' lang='lat' dir='ltr'><strong>permitteret.</strong></span> <span class='ocrx_word' id='word_1_301' title='bbox 1990 2206 2149 2274; x_wconf 82' lang='lat' dir='ltr'><strong>Quod</strong></span> <span class='ocrx_word' id='word_1_302' title='bbox 2187 2221 2312 2262; x_wconf 85' lang='lat' dir='ltr'><strong>cum</strong></span> <span class='ocrx_word' id='word_1_303' title='bbox 2347 2205 2438 2261; x_wconf 88' lang='lat' dir='ltr'><strong>illa</strong></span> <span class='ocrx_word' id='word_1_304' title='bbox 2540 2211 2605 2264; x_wconf 73' lang='lat' dir='ltr'><strong>Ut:</strong></span> 
     </span>
    </p>
   </div>
   <div class='ocr_carea' id='block_1_39' title="bbox 2370 2205 4131 2282">
    <p class='ocr_par' dir='ltr' id='par_1_39' title="bbox 2370 2206 4131 2281">
     <span class='ocr_line' id='line_1_39' title="bbox 2370 2206 4131 2281; baseline 0.002 -22"><span class='ocrx_word' id='word_1_305' title='bbox 2370 2206 2438 2261; x_wconf 85' lang='lat' dir='ltr'><strong>Ila</strong></span> <span class='ocrx_word' id='word_1_306' title='bbox 2540 2210 2840 2273; x_wconf 76' lang='grc' dir='ltr'><strong>Οὐάλεντος</strong></span> <span class='ocrx_word' id='word_1_307' title='bbox 2870 2209 3101 2280; x_wconf 81' lang='grc' dir='ltr'>χρόνων,</span> <span class='ocrx_word' id='word_1_308' title='bbox 3140 2208 3452 2281; x_wconf 76' lang='grc' dir='ltr'>περιλαϐὼν</span> <span class='ocrx_word' id='word_1_309' title='bbox 3481 2211 3549 2280; x_wconf 82' lang='grc' dir='ltr'>τῇ</span> <span class='ocrx_word' id='word_1_310' title='bbox 3580 2209 3858 2280; x_wconf 76' lang='grc' dir='ltr'>ἁλουργίδι</span> <span class='ocrx_word' id='word_1_311' title='bbox 3898 2209 4000 2279; x_wconf 79' lang='grc' dir='ltr'><strong>τὴν</strong></span> <span class='ocrx_word' id='word_1_312' title='bbox 4030 2207 4131 2278; x_wconf 81' lang='grc' dir='ltr'><strong>θή-</strong></span> 
     </span>
    </p>
   </div>
   <div class='ocr_carea' id='block_1_40' title="bbox 784 2295 2545 2384">
    <p class='ocr_par' dir='ltr' id='par_1_40' title="bbox 784 2296 2545 2384">
     <span class='ocr_line' id='line_1_40' title="bbox 784 2296 2545 2384; baseline -0.007 -17"><span class='ocrx_word' id='word_1_313' title='bbox 784 2323 786 2325; x_wconf 72' lang='lat'><strong><em>&#39;</em></strong></span> <span class='ocrx_word' id='word_1_314' title='bbox 845 2311 1004 2384; x_wconf 77' lang='lat'><strong>311</strong></span> <span class='ocrx_word' id='word_1_315' title='bbox 1039 2311 1130 2365; x_wconf 81' lang='lat' dir='ltr'><strong>vix</strong></span> <span class='ocrx_word' id='word_1_316' title='bbox 1166 2309 1389 2362; x_wconf 87' lang='lat' dir='ltr'><strong>tandem</strong></span> <span class='ocrx_word' id='word_1_317' title='bbox 1424 2296 1830 2368; x_wconf 83' lang='lat' dir='ltr'><strong>concessisset,</strong></span> <span class='ocrx_word' id='word_1_318' title='bbox 1865 2304 2083 2384; x_wconf 81' lang='lat' dir='ltr'><strong>irritum</strong></span> <span class='ocrx_word' id='word_1_319' title='bbox 2114 2302 2232 2358; x_wconf 78' lang='lat' dir='ltr'><strong>fore</strong></span> <span class='ocrx_word' id='word_1_320' title='bbox 2264 2301 2438 2372; x_wconf 88' lang='lat' dir='ltr'><strong>impe—</strong></span> <span class='ocrx_word' id='word_1_321' title='bbox 2537 2320 2545 2355; x_wconf 68' lang='grc' dir='ltr'><strong><em>τ</em></strong></span> 
     </span>
    </p>
   </div>
   <div class='ocr_carea' id='block_1_41' title="bbox 2370 2295 4131 2384">
    <p class='ocr_par' dir='ltr' id='par_1_41' title="bbox 2370 2295 4131 2375">
     <span class='ocr_line' id='line_1_41' title="bbox 2370 2295 4131 2375; baseline -0.001 -21"><span class='ocrx_word' id='word_1_322' title='bbox 2370 2316 2438 2357; x_wconf 74' lang='lat' dir='ltr'><strong>ie-</strong></span> <span class='ocrx_word' id='word_1_323' title='bbox 2537 2319 2643 2374; x_wconf 86' lang='grc' dir='ltr'><strong>κην</strong></span> <span class='ocrx_word' id='word_1_324' title='bbox 2670 2303 2729 2356; x_wconf 85' lang='grc' dir='ltr'><strong>ὲν</strong></span> <span class='ocrx_word' id='word_1_325' title='bbox 2813 2300 3015 2368; x_wconf 82' lang='grc' dir='ltr'>ἔκειτο,</span> <span class='ocrx_word' id='word_1_326' title='bbox 3041 2299 3181 2371; x_wconf 74' lang='grc' dir='ltr'>ἔχων</span> <span class='ocrx_word' id='word_1_327' title='bbox 3208 2300 3501 2371; x_wconf 74' lang='grc' dir='ltr'><strong>ἐπανῆλθε.</strong></span> <span class='ocrx_word' id='word_1_328' title='bbox 3519 2301 3630 2354; x_wconf 80' lang='grc' dir='ltr'>Καὶ</span> <span class='ocrx_word' id='word_1_329' title='bbox 3655 2301 3763 2374; x_wconf 83' lang='grc' dir='ltr'><strong>πρὸ</strong></span> <span class='ocrx_word' id='word_1_330' title='bbox 3787 2299 3883 2354; x_wconf 87' lang='grc' dir='ltr'><strong>τοῦ</strong></span> <span class='ocrx_word' id='word_1_331' title='bbox 3910 2301 4131 2364; x_wconf 72' lang='grc' dir='ltr'>ἄστεως</span> 
     </span>
    </p>
   </div>
   <div class='ocr_carea' id='block_1_42' title="bbox 847 2377 2608 2465">
    <p class='ocr_par' dir='ltr' id='par_1_42' title="bbox 847 2377 2608 2463">
     <span class='ocr_line' id='line_1_42' title="bbox 847 2377 2608 2463; baseline -0.005 -7"><span class='ocrx_word' id='word_1_332' title='bbox 847 2377 1049 2455; x_wconf 60' lang='lat' dir='ltr'><strong>FanFis</strong></span> <span class='ocrx_word' id='word_1_333' title='bbox 1097 2405 1356 2454; x_wconf 86' lang='lat' dir='ltr'><strong>conatum</strong></span> <span class='ocrx_word' id='word_1_334' title='bbox 1408 2395 1716 2460; x_wconf 85' lang='lat' dir='ltr'><strong>arbitrata,</strong></span> <span class='ocrx_word' id='word_1_335' title='bbox 1760 2409 1828 2448; x_wconf 79' lang='lat' dir='ltr'><strong>ex</strong></span> <span class='ocrx_word' id='word_1_336' title='bbox 1877 2407 1945 2448; x_wconf 90' lang='lat' dir='ltr'><strong>eo</strong></span> <span class='ocrx_word' id='word_1_337' title='bbox 1988 2377 2138 2463; x_wconf 70' lang='lat' dir='ltr'><strong>quod</strong></span> <span class='ocrx_word' id='word_1_338' title='bbox 2188 2387 2437 2447; x_wconf 72' lang='lat' dir='ltr'><strong>Valentis</strong></span> <span class='ocrx_word' id='word_1_339' title='bbox 2534 2395 2608 2447; x_wconf 78' lang='grc' dir='ltr'>Κι</span> 
     </span>
    </p>
   </div>
   <div class='ocr_carea' id='block_1_43' title="bbox 2368 2377 4129 2465">
    <p class='ocr_par' dir='ltr' id='par_1_43' title="bbox 2368 2387 4129 2465">
     <span class='ocr_line' id='line_1_43' title="bbox 2368 2387 4129 2465; baseline 0 -19"><span class='ocrx_word' id='word_1_340' title='bbox 2368 2387 2437 2447; x_wconf 70' lang='lat' dir='ltr'><strong>tis</strong></span> <span class='ocrx_word' id='word_1_341' title='bbox 2534 2392 3167 2457; x_wconf 77' lang='grc' dir='ltr'>Κωνσταντινουπόλεως</span> <span class='ocrx_word' id='word_1_342' title='bbox 3214 2391 3369 2446; x_wconf 70' lang='grc' dir='ltr'>ἔθετο</span> <span class='ocrx_word' id='word_1_343' title='bbox 3402 2395 3460 2448; x_wconf 80' lang='grc' dir='ltr'><strong>ἐν</strong></span> <span class='ocrx_word' id='word_1_344' title='bbox 3491 2392 3571 2464; x_wconf 78' lang='grc' dir='ltr'>τῷ</span> <span class='ocrx_word' id='word_1_345' title='bbox 3607 2392 3931 2465; x_wconf 81' lang='grc' dir='ltr'>καλουμένῳ</span> <span class='ocrx_word' id='word_1_346' title='bbox 3973 2393 4129 2446; x_wconf 74' lang='grc' dir='ltr'>ἑϐδό-</span> 
     </span>
    </p>
   </div>
   <div class='ocr_carea' id='block_1_44' title="bbox 846 2471 2607 2570">
    <p class='ocr_par' dir='ltr' id='par_1_44' title="bbox 846 2483 2607 2570">
     <span class='ocr_line' id='line_1_44' title="bbox 846 2483 2607 2570; baseline -0.004 -26"><span class='ocrx_word' id='word_1_347' title='bbox 846 2487 1190 2560; x_wconf 87' lang='lat' dir='ltr'><strong>temporibus</strong></span> <span class='ocrx_word' id='word_1_348' title='bbox 1234 2485 1550 2552; x_wconf 89' lang='lat' dir='ltr'><strong>acciderat,</strong></span> <span class='ocrx_word' id='word_1_349' title='bbox 1625 2485 1926 2570; x_wconf 77' lang='lat' dir='ltr'><strong>jmperator</strong></span> <span class='ocrx_word' id='word_1_350' title='bbox 1967 2483 2210 2539; x_wconf 77' lang='lat' dir='ltr'><strong>loculum</strong></span> <span class='ocrx_word' id='word_1_351' title='bbox 2243 2485 2298 2538; x_wconf 92' lang='lat' dir='ltr'><strong>in</strong></span> <span class='ocrx_word' id='word_1_352' title='bbox 2329 2497 2438 2552; x_wconf 87' lang='lat' dir='ltr'><strong>quo</strong></span> <span class='ocrx_word' id='word_1_353' title='bbox 2539 2504 2607 2558; x_wconf 64' lang='grc' dir='ltr'>μιε</span> 
     </span>
    </p>
   </div>
   <div class='ocr_carea' id='block_1_45' title="bbox 2369 2471 4130 2570">
    <p class='ocr_par' dir='ltr' id='par_1_45' title="bbox 2369 2471 4124 2558">
     <span class='ocr_line' id='line_1_45' title="bbox 2369 2471 4124 2558; baseline 0.002 -21"><span class='ocrx_word' id='word_1_354' title='bbox 2369 2497 2438 2538; x_wconf 91' lang='lat' dir='ltr'><strong>uo</strong></span> <span class='ocrx_word' id='word_1_355' title='bbox 2539 2503 2657 2558; x_wconf 84' lang='grc' dir='ltr'><strong>μῳ·</strong></span> <span class='ocrx_word' id='word_1_356' title='bbox 2697 2486 2953 2558; x_wconf 85' lang='grc' dir='ltr'>μέγιστον</span> <span class='ocrx_word' id='word_1_357' title='bbox 2986 2481 3081 2539; x_wconf 73' lang='grc' dir='ltr'><strong>καὶ</strong></span> <span class='ocrx_word' id='word_1_358' title='bbox 3116 2471 3612 2558; x_wconf 81' lang='grc' dir='ltr'>περικαλλέστατον</span> <span class='ocrx_word' id='word_1_359' title='bbox 3655 2486 3734 2558; x_wconf 83' lang='grc' dir='ltr'>τῷ</span> <span class='ocrx_word' id='word_1_360' title='bbox 3774 2486 3894 2558; x_wconf 86' lang='grc' dir='ltr'>Θεῷ</span> <span class='ocrx_word' id='word_1_361' title='bbox 3925 2488 4124 2542; x_wconf 73' lang='grc' dir='ltr'>ἐνθάδε</span> 
     </span>
    </p>
   </div>
   <div class='ocr_carea' id='block_1_46' title="bbox 848 2573 2609 2651">
    <p class='ocr_par' dir='ltr' id='par_1_46' title="bbox 848 2573 2609 2647">
     <span class='ocr_line' id='line_1_46' title="bbox 848 2573 2609 2647; baseline -0.006 -11"><span class='ocrx_word' id='word_1_362' title='bbox 848 2580 1084 2636; x_wconf 63' lang='lat' dir='ltr'><strong>conditae</strong></span> <span class='ocrx_word' id='word_1_363' title='bbox 1118 2589 1278 2636; x_wconf 88' lang='lat' dir='ltr'><strong>erant</strong></span> <span class='ocrx_word' id='word_1_364' title='bbox 1311 2577 1591 2647; x_wconf 65' lang='lat' dir='ltr'><strong>reliquiae,</strong></span> <span class='ocrx_word' id='word_1_365' title='bbox 1627 2591 1904 2647; x_wconf 82' lang='lat' dir='ltr'><strong>purpurea</strong></span> <span class='ocrx_word' id='word_1_366' title='bbox 1938 2583 2096 2631; x_wconf 86' lang='lat' dir='ltr'><strong>veste</strong></span> <span class='ocrx_word' id='word_1_367' title='bbox 2127 2590 2237 2646; x_wconf 87' lang='lat' dir='ltr'><strong>qua</strong></span> <span class='ocrx_word' id='word_1_368' title='bbox 2273 2575 2434 2630; x_wconf 90' lang='lat' dir='ltr'><strong>indu-</strong></span> <span class='ocrx_word' id='word_1_369' title='bbox 2473 2573 2484 2584; x_wconf 85' lang='grc'><strong>’</strong></span> <span class='ocrx_word' id='word_1_370' title='bbox 2537 2579 2609 2632; x_wconf 65' lang='grc' dir='ltr'><strong>ναὶ</strong></span> 
     </span>
    </p>
   </div>
   <div class='ocr_carea' id='block_1_47' title="bbox 2367 2573 4128 2651">
    <p class='ocr_par' dir='ltr' id='par_1_47' title="bbox 2371 2573 4128 2651">
     <span class='ocr_line' id='line_1_47' title="bbox 2371 2573 4128 2651; baseline 0.002 -21"><span class='ocrx_word' id='word_1_371' title='bbox 2371 2591 2434 2630; x_wconf 89' lang='lat' dir='ltr'><strong>u-</strong></span> <span class='ocrx_word' id='word_1_372' title='bbox 2473 2573 2484 2584; x_wconf 81' lang='grc'><strong>’</strong></span> <span class='ocrx_word' id='word_1_373' title='bbox 2537 2579 2662 2632; x_wconf 87' lang='grc' dir='ltr'>ναὸν</span> <span class='ocrx_word' id='word_1_374' title='bbox 2713 2578 2977 2649; x_wconf 77' lang='grc' dir='ltr'>ἐγείραςο</span> <span class='ocrx_word' id='word_1_375' title='bbox 3026 2577 3198 2631; x_wconf 75' lang='grc' dir='ltr'>πολλὰ</span> <span class='ocrx_word' id='word_1_376' title='bbox 3247 2578 3303 2630; x_wconf 80' lang='grc' dir='ltr'>δὲ</span> <span class='ocrx_word' id='word_1_377' title='bbox 3353 2577 3619 2642; x_wconf 84' lang='grc' dir='ltr'>πολλάκις</span> <span class='ocrx_word' id='word_1_378' title='bbox 3643 2578 3953 2651; x_wconf 78' lang='grc' dir='ltr'>λιπαρήσας</span> <span class='ocrx_word' id='word_1_379' title='bbox 4001 2581 4128 2634; x_wconf 82' lang='grc' dir='ltr'><strong>Μα-</strong></span> 
     </span>
    </p>
   </div>
   <div class='ocr_carea' id='block_1_48' title="bbox 847 2668 2431 2738">
    <p class='ocr_par' dir='ltr' id='par_1_48' title="bbox 847 2668 2431 2738">
     <span class='ocr_line' id='line_1_48' title="bbox 847 2668 2431 2738; baseline -0.003 -10"><span class='ocrx_word' id='word_1_380' title='bbox 847 2685 938 2730; x_wconf 91' lang='lat' dir='ltr'><strong>tus</strong></span> <span class='ocrx_word' id='word_1_381' title='bbox 977 2681 1099 2729; x_wconf 89' lang='lat' dir='ltr'><strong>erat</strong></span> <span class='ocrx_word' id='word_1_382' title='bbox 1147 2672 1470 2735; x_wconf 81' lang='lat' dir='ltr'><strong>involvens,</strong></span> <span class='ocrx_word' id='word_1_383' title='bbox 1512 2685 1702 2726; x_wconf 81' lang='lat' dir='ltr'><strong>secum</strong></span> <span class='ocrx_word' id='word_1_384' title='bbox 1741 2668 1981 2732; x_wconf 82' lang='lat' dir='ltr'><strong>detulit;</strong></span> <span class='ocrx_word' id='word_1_385' title='bbox 2026 2683 2431 2738; x_wconf 89' lang='lat' dir='ltr'><strong>reversusque,</strong></span> 
     </span>
    </p>
   </div>
   <div class='ocr_carea' id='block_1_49' title="bbox 847 2759 2432 2831">
    <p class='ocr_par' dir='ltr' id='par_1_49' title="bbox 847 2759 2432 2831">
     <span class='ocr_line' id='line_1_49' title="bbox 847 2759 2432 2831; baseline -0.003 -12"><span class='ocrx_word' id='word_1_386' title='bbox 847 2767 901 2820; x_wconf 91' lang='lat' dir='ltr'><strong>in</strong></span> <span class='ocrx_word' id='word_1_387' title='bbox 954 2765 1280 2822; x_wconf 85' lang='lat' dir='ltr'><strong>suburbano</strong></span> <span class='ocrx_word' id='word_1_388' title='bbox 1336 2763 1492 2819; x_wconf 88' lang='lat' dir='ltr'><strong>urbis</strong></span> <span class='ocrx_word' id='word_1_389' title='bbox 1551 2759 2230 2831; x_wconf 64' lang='lat' dir='ltr'><strong>Constantinopolitanae,</strong></span> <span class='ocrx_word' id='word_1_390' title='bbox 2286 2759 2432 2830; x_wconf 90' lang='lat' dir='ltr'><strong>quod</strong></span> 
     </span>
    </p>
   </div>
   <div class='ocr_carea' id='block_1_50' title="bbox 846 2850 2436 2927">
    <p class='ocr_par' dir='ltr' id='par_1_50' title="bbox 846 2850 2436 2927">
     <span class='ocr_line' id='line_1_50' title="bbox 846 2850 2436 2927; baseline -0.005 -15"><span class='ocrx_word' id='word_1_391' title='bbox 846 2858 1139 2927; x_wconf 88' lang='lat' dir='ltr'><strong>septimum</strong></span> <span class='ocrx_word' id='word_1_392' title='bbox 1188 2855 1417 2918; x_wconf 90' lang='lat' dir='ltr'><strong>dicitur,</strong></span> <span class='ocrx_word' id='word_1_393' title='bbox 1467 2852 1768 2924; x_wconf 84' lang='lat' dir='ltr'><strong>deposuit;</strong></span> <span class='ocrx_word' id='word_1_394' title='bbox 1816 2851 2159 2922; x_wconf 89' lang='lat' dir='ltr'><strong>amplissima</strong></span> <span class='ocrx_word' id='word_1_395' title='bbox 2215 2850 2328 2904; x_wconf 92' lang='lat' dir='ltr'><strong>illic</strong></span> <span class='ocrx_word' id='word_1_396' title='bbox 2379 2856 2436 2906; x_wconf 87' lang='lat' dir='ltr'><strong>et</strong></span> 
     </span>
    </p>
   </div>
   <div class='ocr_carea' id='block_1_51' title="bbox 848 2943 2430 3020">
    <p class='ocr_par' dir='ltr' id='par_1_51' title="bbox 848 2943 2430 3020">
     <span class='ocr_line' id='line_1_51' title="bbox 848 2943 2430 3020; baseline -0.004 -17"><span class='ocrx_word' id='word_1_397' title='bbox 848 2948 1222 3020; x_wconf 79' lang='lat' dir='ltr'><strong>pulcherrima</strong></span> <span class='ocrx_word' id='word_1_398' title='bbox 1263 2947 1493 3002; x_wconf 89' lang='lat' dir='ltr'><strong>basilica</strong></span> <span class='ocrx_word' id='word_1_399' title='bbox 1551 2947 1606 3000; x_wconf 91' lang='lat' dir='ltr'><strong>in</strong></span> <span class='ocrx_word' id='word_1_400' title='bbox 1649 2945 1914 3006; x_wconf 75' lang='lat' dir='ltr'><strong>honorem</strong></span> <span class='ocrx_word' id='word_1_401' title='bbox 1943 2943 2046 2999; x_wconf 82' lang='lat' dir='ltr'><strong>Dei</strong></span> <span class='ocrx_word' id='word_1_402' title='bbox 2089 2950 2430 3015; x_wconf 86' lang='lat' dir='ltr'><strong>constructa.</strong></span> 
     </span>
    </p>
   </div>
   <div class='ocr_carea' id='block_1_52' title="bbox 848 3023 2428 3111">
    <p class='ocr_par' dir='ltr' id='par_1_52' title="bbox 848 3023 2428 3111">
     <span class='ocr_line' id='line_1_52' title="bbox 848 3023 2428 3111; baseline -0.004 -14"><span class='ocrx_word' id='word_1_403' title='bbox 848 3043 1151 3098; x_wconf 83' lang='lat' dir='ltr'><strong>Matronam</strong></span> <span class='ocrx_word' id='word_1_404' title='bbox 1186 3057 1316 3096; x_wconf 89' lang='lat' dir='ltr'><strong>vero</strong></span> <span class='ocrx_word' id='word_1_405' title='bbox 1351 3023 1608 3111; x_wconf 81' lang='lat' dir='ltr'><strong>quamvis</strong></span> <span class='ocrx_word' id='word_1_406' title='bbox 1637 3039 1730 3093; x_wconf 90' lang='lat' dir='ltr'><strong>diu</strong></span> <span class='ocrx_word' id='word_1_407' title='bbox 1767 3038 2112 3107; x_wconf 89' lang='lat' dir='ltr'><strong>multumque</strong></span> <span class='ocrx_word' id='word_1_408' title='bbox 2143 3029 2428 3109; x_wconf 74' lang='lat' dir='ltr'><strong>precatus,</strong></span> 
     </span>
    </p>
   </div>
   <div class='ocr_carea' id='block_1_53' title="bbox 2535 2671 4124 2744">
    <p class='ocr_par' dir='ltr' id='par_1_53' title="bbox 2535 2671 4124 2744">
     <span class='ocr_line' id='line_1_53' title="bbox 2535 2671 4124 2744; baseline 0 -20"><span class='ocrx_word' id='word_1_409' title='bbox 2535 2673 2746 2744; x_wconf 82' lang='grc' dir='ltr'>τρώναν</span> <span class='ocrx_word' id='word_1_410' title='bbox 2794 2671 2888 2725; x_wconf 81' lang='grc' dir='ltr'>καὶ</span> <span class='ocrx_word' id='word_1_411' title='bbox 2918 2671 3289 2743; x_wconf 78' lang='grc' dir='ltr'>κεχαρισμένα</span> <span class='ocrx_word' id='word_1_412' title='bbox 3324 2671 3731 2743; x_wconf 84' lang='grc' dir='ltr'>ὑποσχόμενος,</span> <span class='ocrx_word' id='word_1_413' title='bbox 3777 2673 3876 2724; x_wconf 85' lang='grc' dir='ltr'><strong>οὐκ</strong></span> <span class='ocrx_word' id='word_1_414' title='bbox 3932 2672 4124 2725; x_wconf 81' lang='grc' dir='ltr'>ἔπεισε</span> 
     </span>
    </p>
   </div>
   <div class='ocr_carea' id='block_1_54' title="bbox 2537 2760 4122 2837">
    <p class='ocr_par' dir='ltr' id='par_1_54' title="bbox 2537 2760 4122 2837">
     <span class='ocr_line' id='line_1_54' title="bbox 2537 2760 4122 2837; baseline -0.002 -19"><span class='ocrx_word' id='word_1_415' title='bbox 2537 2764 2868 2837; x_wconf 78' lang='grc' dir='ltr'>μεταθέσθαι</span> <span class='ocrx_word' id='word_1_416' title='bbox 2894 2763 2997 2835; x_wconf 86' lang='grc' dir='ltr'><strong>τῆς</strong></span> <span class='ocrx_word' id='word_1_417' title='bbox 3019 2763 3195 2834; x_wconf 80' lang='grc' dir='ltr'>δόξης.</span> <span class='ocrx_word' id='word_1_418' title='bbox 3229 2760 3336 2817; x_wconf 79' lang='grc' dir='ltr'><strong>ἾΙν</strong></span> <span class='ocrx_word' id='word_1_419' title='bbox 3368 2764 3477 2834; x_wconf 83' lang='grc' dir='ltr'>γὰρ</span> <span class='ocrx_word' id='word_1_420' title='bbox 3517 2763 3619 2832; x_wconf 88' lang='grc' dir='ltr'><strong>τῆς</strong></span> <span class='ocrx_word' id='word_1_421' title='bbox 3655 2764 3986 2836; x_wconf 58' lang='grc' dir='ltr'>Μακεδονίου</span> <span class='ocrx_word' id='word_1_422' title='bbox 4032 2766 4122 2816; x_wconf 79' lang='lat' dir='ltr'><strong>al-</strong></span> 
     </span>
    </p>
   </div>
   <div class='ocr_carea' id='block_1_55' title="bbox 2538 2839 4123 2927">
    <p class='ocr_par' dir='ltr' id='par_1_55' title="bbox 2538 2839 4123 2927">
     <span class='ocr_line' id='line_1_55' title="bbox 2538 2839 4123 2927; baseline 0 -18"><span class='ocrx_word' id='word_1_423' title='bbox 2538 2857 2756 2927; x_wconf 84' lang='grc' dir='ltr'>ρέσεως.</span> <span class='ocrx_word' id='word_1_424' title='bbox 2788 2855 3046 2925; x_wconf 81' lang='grc' dir='ltr'>Καίτοιγε</span> <span class='ocrx_word' id='word_1_425' title='bbox 3098 2855 3372 2918; x_wconf 85' lang='grc' dir='ltr'>Βικέντιος</span> <span class='ocrx_word' id='word_1_426' title='bbox 3416 2855 3826 2927; x_wconf 74' lang='grc' dir='ltr'>πρεσϐύτερος,</span> <span class='ocrx_word' id='word_1_427' title='bbox 3865 2839 4123 2926; x_wconf 74' lang='grc' dir='ltr'>όμόδοξος</span> 
     </span>
    </p>
   </div>
   <div class='ocr_carea' id='block_1_56' title="bbox 2533 2947 4120 3025">
    <p class='ocr_par' dir='ltr' id='par_1_56' title="bbox 2533 2947 4120 3025">
     <span class='ocr_line' id='line_1_56' title="bbox 2533 2947 4120 3025; baseline 0.002 -25"><span class='ocrx_word' id='word_1_428' title='bbox 2533 2948 2608 3002; x_wconf 82' lang='grc' dir='ltr'><strong>ὣν</strong></span> <span class='ocrx_word' id='word_1_429' title='bbox 2626 2949 2768 3021; x_wconf 80' lang='grc' dir='ltr'>αὐτῇ</span> <span class='ocrx_word' id='word_1_430' title='bbox 2795 2988 2808 3012; x_wconf 86' lang='grc'><strong>,</strong></span> <span class='ocrx_word' id='word_1_431' title='bbox 2841 2948 2939 3025; x_wconf 41' lang='grc' dir='ltr'>καὶ</span> <span class='ocrx_word' id='word_1_432' title='bbox 2965 2948 3063 3019; x_wconf 79' lang='grc' dir='ltr'><strong>τὴν</strong></span> <span class='ocrx_word' id='word_1_433' title='bbox 3097 2948 3255 3018; x_wconf 79' lang='grc' dir='ltr'>σορδν</span> <span class='ocrx_word' id='word_1_434' title='bbox 3284 2947 3376 3002; x_wconf 83' lang='grc' dir='ltr'><strong>τοῦ</strong></span> <span class='ocrx_word' id='word_1_435' title='bbox 3401 2949 3695 3019; x_wconf 77' lang='grc' dir='ltr'>προφήτου</span> <span class='ocrx_word' id='word_1_436' title='bbox 3721 2949 3916 3020; x_wconf 74' lang='grc' dir='ltr'>ἐπίσης</span> <span class='ocrx_word' id='word_1_437' title='bbox 3953 2949 4120 3018; x_wconf 80' lang='grc' dir='ltr'>θερα·</span> 
     </span>
    </p>
   </div>
   <div class='ocr_carea' id='block_1_57' title="bbox 2483 3039 4118 3119">
    <p class='ocr_par' dir='ltr' id='par_1_57' title="bbox 2483 3039 4118 3119">
     <span class='ocr_line' id='line_1_57' title="bbox 2483 3039 4118 3119; baseline 0 -26"><span class='ocrx_word' id='word_1_438' title='bbox 2483 3085 2487 3093; x_wconf 91' lang='grc'>.</span> <span class='ocrx_word' id='word_1_439' title='bbox 2535 3041 2747 3119; x_wconf 74' lang='grc' dir='ltr'><strong>πεύωνἰ</strong></span> <span class='ocrx_word' id='word_1_440' title='bbox 2769 3042 2863 3095; x_wconf 68' lang='grc' dir='ltr'>καὶ</span> <span class='ocrx_word' id='word_1_441' title='bbox 2894 3041 3019 3112; x_wconf 78' lang='grc' dir='ltr'>περὶ</span> <span class='ocrx_word' id='word_1_442' title='bbox 3057 3041 3263 3111; x_wconf 79' lang='grc' dir='ltr'>ταύτην</span> <span class='ocrx_word' id='word_1_443' title='bbox 3309 3039 3602 3111; x_wconf 80' lang='grc' dir='ltr'>ίερὼμενος</span> <span class='ocrx_word' id='word_1_444' title='bbox 3634 3039 3746 3111; x_wconf 81' lang='lat'><strong>(59&#39;)</strong></span> <span class='ocrx_word' id='word_1_445' title='bbox 3768 3082 3782 3106; x_wconf 95' lang='lat'><strong>,</strong></span> <span class='ocrx_word' id='word_1_446' title='bbox 3811 3041 4118 3112; x_wconf 70' lang='grc' dir='ltr'>ἠκολούθη-</span> 
     </span>
    </p>
   </div>
   <div class='ocr_carea' id='block_1_58' title="bbox 848 3129 2609 3214">
    <p class='ocr_par' dir='ltr' id='par_1_58' title="bbox 848 3129 2609 3206">
     <span class='ocr_line' id='line_1_58' title="bbox 848 3129 2609 3206; baseline -0.006 -18"><span class='ocrx_word' id='word_1_447' title='bbox 848 3149 1155 3206; x_wconf 87' lang='lat' dir='ltr'><strong>magnaque</strong></span> <span class='ocrx_word' id='word_1_448' title='bbox 1201 3133 1249 3188; x_wconf 95' lang='lat' dir='ltr'><strong>ci</strong></span> <span class='ocrx_word' id='word_1_449' title='bbox 1301 3144 1532 3186; x_wconf 89' lang='lat' dir='ltr'><strong>munera</strong></span> <span class='ocrx_word' id='word_1_450' title='bbox 1581 3129 1865 3200; x_wconf 86' lang='lat' dir='ltr'><strong>pollicitus</strong></span> <span class='ocrx_word' id='word_1_451' title='bbox 1916 3135 2098 3191; x_wconf 85' lang='lat' dir='ltr'><strong>esset,</strong></span> <span class='ocrx_word' id='word_1_452' title='bbox 2149 3132 2458 3197; x_wconf 81' lang='lat' dir='ltr'><strong>nunquam’</strong></span> <span class='ocrx_word' id='word_1_453' title='bbox 2535 3152 2609 3188; x_wconf 62' lang='grc' dir='ltr'><strong>σεγ</strong></span> 
     </span>
    </p>
   </div>
   <div class='ocr_carea' id='block_1_59' title="bbox 2360 3129 4121 3214">
    <p class='ocr_par' dir='ltr' id='par_1_59' title="bbox 2360 3129 4121 3214">
     <span class='ocr_line' id='line_1_59' title="bbox 2360 3129 4121 3214; baseline 0.005 -35"><span class='ocrx_word' id='word_1_454' title='bbox 2360 3132 2458 3180; x_wconf 87' lang='grc' dir='ltr'>ιιη¹</span> <span class='ocrx_word' id='word_1_455' title='bbox 2535 3152 2624 3188; x_wconf 89' lang='grc' dir='ltr'><strong>σεν</strong></span> <span class='ocrx_word' id='word_1_456' title='bbox 2666 3129 2865 3214; x_wconf 60' lang='grc' dir='ltr'>αὐτίκα</span> <span class='ocrx_word' id='word_1_457' title='bbox 2890 3174 2904 3198; x_wconf 87' lang='grc'>,</span> <span class='ocrx_word' id='word_1_458' title='bbox 2954 3133 3048 3187; x_wconf 74' lang='grc' dir='ltr'><strong>καὶ</strong></span> <span class='ocrx_word' id='word_1_459' title='bbox 3091 3135 3204 3196; x_wconf 82' lang='grc' dir='ltr'>τοῖς</span> <span class='ocrx_word' id='word_1_460' title='bbox 3242 3132 3348 3185; x_wconf 84' lang='grc' dir='ltr'><strong>ἀπὸ</strong></span> <span class='ocrx_word' id='word_1_461' title='bbox 3378 3133 3476 3203; x_wconf 85' lang='grc' dir='ltr'><strong>τῆς</strong></span> <span class='ocrx_word' id='word_1_462' title='bbox 3527 3133 3756 3202; x_wconf 69' lang='grc' dir='ltr'>καθόλου</span> <span class='ocrx_word' id='word_1_463' title='bbox 3789 3133 4121 3206; x_wconf 78' lang='grc' dir='ltr'>Ἐκκλησίας</span> 
     </span>
    </p>
   </div>
   <div class='ocr_carea' id='block_1_60' title="bbox 845 3209 2606 3317">
    <p class='ocr_par' dir='ltr' id='par_1_60' title="bbox 845 3209 2606 3317">
     <span class='ocr_line' id='line_1_60' title="bbox 845 3209 2606 3317; baseline -0.005 -35"><span class='ocrx_word' id='word_1_464' title='bbox 845 3242 911 3282; x_wconf 93' lang='lat' dir='ltr'><strong>eo</strong></span> <span class='ocrx_word' id='word_1_465' title='bbox 954 3226 1231 3281; x_wconf 90' lang='lat' dir='ltr'><strong>adducere</strong></span> <span class='ocrx_word' id='word_1_466' title='bbox 1270 3224 1484 3295; x_wconf 91' lang='lat' dir='ltr'><strong>potuit,</strong></span> <span class='ocrx_word' id='word_1_467' title='bbox 1525 3231 1582 3277; x_wconf 91' lang='lat' dir='ltr'><strong>ut</strong></span> <span class='ocrx_word' id='word_1_468' title='bbox 1623 3221 1957 3278; x_wconf 78' lang='lat' dir='ltr'><strong>sententiam</strong></span> <span class='ocrx_word' id='word_1_469' title='bbox 1999 3209 2257 3274; x_wconf 70' lang='lat' dir='ltr'><strong>mutaret.</strong></span> <span class='ocrx_word' id='word_1_470' title='bbox 2300 3221 2430 3273; x_wconf 86' lang='lat' dir='ltr'><strong>Erat</strong></span> <span class='ocrx_word' id='word_1_471' title='bbox 2457 3258 2499 3317; x_wconf 63' lang='grc' dir='ltr'><strong>ϐ</strong></span> <span class='ocrx_word' id='word_1_472' title='bbox 2533 3227 2606 3279; x_wconf 69' lang='grc' dir='ltr'><strong>ἐκ.</strong></span> 
     </span>
    </p>
   </div>
   <div class='ocr_carea' id='block_1_61' title="bbox 2358 3209 4119 3317">
    <p class='ocr_par' dir='ltr' id='par_1_61' title="bbox 2358 3209 4119 3317">
     <span class='ocr_line' id='line_1_61' title="bbox 2358 3209 4119 3317; baseline 0.005 -46"><span class='ocrx_word' id='word_1_473' title='bbox 2358 3226 2430 3273; x_wconf 76' lang='lat' dir='ltr'><strong>rat</strong></span> <span class='ocrx_word' id='word_1_474' title='bbox 2457 3258 2499 3317; x_wconf 63' lang='grc' dir='ltr'><strong>ϐ</strong></span> <span class='ocrx_word' id='word_1_475' title='bbox 2533 3209 2913 3294; x_wconf 70' lang='grc' dir='ltr'>ἐκοινώνησεν.</span> <span class='ocrx_word' id='word_1_476' title='bbox 2971 3225 3288 3294; x_wconf 73' lang='grc' dir='ltr'>Ἀπώμοτον</span> <span class='ocrx_word' id='word_1_477' title='bbox 3343 3225 3474 3295; x_wconf 85' lang='grc' dir='ltr'>μὲν,</span> <span class='ocrx_word' id='word_1_478' title='bbox 3525 3224 3601 3288; x_wconf 80' lang='grc' dir='ltr'>ὡς</span> <span class='ocrx_word' id='word_1_479' title='bbox 3633 3210 3891 3296; x_wconf 79' lang='grc' dir='ltr'>λέγουσιν</span> <span class='ocrx_word' id='word_1_480' title='bbox 3943 3225 3992 3278; x_wconf 75' lang='lat' dir='ltr'><strong>oi</strong></span> <span class='ocrx_word' id='word_1_481' title='bbox 4045 3232 4119 3284; x_wconf 70' lang='grc' dir='ltr'><strong>τά</strong></span> 
     </span>
    </p>
   </div>
   <div class='ocr_carea' id='block_1_62' title="bbox 845 3311 2427 3374">
    <p class='ocr_par' dir='ltr' id='par_1_62' title="bbox 845 3311 2427 3374">
     <span class='ocr_line' id='line_1_62' title="bbox 845 3311 2427 3374; baseline -0.004 -1"><span class='ocrx_word' id='word_1_482' title='bbox 845 3319 990 3373; x_wconf 88' lang='lat' dir='ltr'><strong>enim</strong></span> <span class='ocrx_word' id='word_1_483' title='bbox 1022 3334 1090 3374; x_wconf 83' lang='lat' dir='ltr'><strong>ex</strong></span> <span class='ocrx_word' id='word_1_484' title='bbox 1125 3315 1852 3374; x_wconf 82' lang='lat' dir='ltr'><strong>secta.Macedonianorum.</strong></span> <span class='ocrx_word' id='word_1_485' title='bbox 1885 3311 2211 3369; x_wconf 85' lang='lat' dir='ltr'><strong>Vincentius</strong></span> <span class='ocrx_word' id='word_1_486' title='bbox 2245 3319 2427 3367; x_wconf 87' lang='lat' dir='ltr'><strong>tamen</strong></span> 
     </span>
    </p>
   </div>
   <div class='ocr_carea' id='block_1_63' title="bbox 847 3405 2425 3483">
    <p class='ocr_par' dir='ltr' id='par_1_63' title="bbox 847 3405 2425 3483">
     <span class='ocr_line' id='line_1_63' title="bbox 847 3405 2425 3483; baseline -0.004 -18"><span class='ocrx_word' id='word_1_487' title='bbox 847 3411 1156 3483; x_wconf 88' lang='lat' dir='ltr'><strong>presbyter,</strong></span> <span class='ocrx_word' id='word_1_488' title='bbox 1194 3409 1288 3480; x_wconf 90' lang='lat' dir='ltr'><strong>qui</strong></span> <span class='ocrx_word' id='word_1_489' title='bbox 1331 3407 1583 3478; x_wconf 86' lang='lat' dir='ltr'><strong>ejusdem</strong></span> <span class='ocrx_word' id='word_1_490' title='bbox 1620 3417 1787 3463; x_wconf 84' lang='lat' dir='ltr'><strong>sectae</strong></span> <span class='ocrx_word' id='word_1_491' title='bbox 1819 3421 1943 3462; x_wconf 88' lang='lat' dir='ltr'><strong>cum</strong></span> <span class='ocrx_word' id='word_1_492' title='bbox 1984 3405 2233 3461; x_wconf 83' lang='lat' dir='ltr'><strong>Matrona</strong></span> <span class='ocrx_word' id='word_1_493' title='bbox 2267 3415 2425 3472; x_wconf 89' lang='lat' dir='ltr'><strong>erat,</strong></span> 
     </span>
    </p>
   </div>
   <div class='ocr_carea' id='block_1_64' title="bbox 846 3499 2426 3576">
    <p class='ocr_par' dir='ltr' id='par_1_64' title="bbox 846 3499 2426 3576">
     <span class='ocr_line' id='line_1_64' title="bbox 846 3499 2426 3576; baseline -0.006 -17"><span class='ocrx_word' id='word_1_494' title='bbox 846 3512 900 3559; x_wconf 90' lang='lat' dir='ltr'><strong>et</strong></span> <span class='ocrx_word' id='word_1_495' title='bbox 937 3502 1057 3574; x_wconf 88' lang='lat' dir='ltr'><strong>pari</strong></span> <span class='ocrx_word' id='word_1_496' title='bbox 1099 3517 1223 3558; x_wconf 90' lang='lat' dir='ltr'><strong>cum</strong></span> <span class='ocrx_word' id='word_1_497' title='bbox 1267 3501 1357 3554; x_wconf 89' lang='lat' dir='ltr'><strong>illa</strong></span> <span class='ocrx_word' id='word_1_498' title='bbox 1397 3500 1666 3570; x_wconf 85' lang='lat' dir='ltr'><strong>obsequio</strong></span> <span class='ocrx_word' id='word_1_499' title='bbox 1707 3514 1892 3576; x_wconf 71' lang='lat' dir='ltr'><strong>arcam</strong></span> <span class='ocrx_word' id='word_1_500' title='bbox 1926 3499 2206 3570; x_wconf 82' lang='lat' dir='ltr'><strong>propheta:</strong></span> <span class='ocrx_word' id='word_1_501' title='bbox 2238 3514 2426 3576; x_wconf 81' lang='lat' dir='ltr'><strong>serva—</strong></span> 
     </span>
    </p>
   </div>
   <div class='ocr_carea' id='block_1_65' title="bbox 847 3570 2416 3666">
    <p class='ocr_par' dir='ltr' id='par_1_65' title="bbox 847 3570 2416 3666">
     <span class='ocr_line' id='line_1_65' title="bbox 847 3570 2416 3666; baseline -0.005 -13"><span class='ocrx_word' id='word_1_502' title='bbox 847 3598 963 3662; x_wconf 84' lang='lat' dir='ltr'><strong>hat,</strong></span> <span class='ocrx_word' id='word_1_503' title='bbox 989 3604 1043 3652; x_wconf 88' lang='lat' dir='ltr'><strong>et</strong></span> <span class='ocrx_word' id='word_1_504' title='bbox 1079 3594 1238 3666; x_wconf 79' lang='lat' dir='ltr'><strong>juxta</strong></span> <span class='ocrx_word' id='word_1_505' title='bbox 1263 3595 1414 3648; x_wconf 89' lang='lat' dir='ltr'><strong>illam</strong></span> <span class='ocrx_word' id='word_1_506' title='bbox 1445 3594 1741 3650; x_wconf 90' lang='lat' dir='ltr'><strong>missarum</strong></span> <span class='ocrx_word' id='word_1_507' title='bbox 1782 3572 2048 3649; x_wconf 85' lang='lat' dir='ltr'><strong>solemnia</strong></span> <span class='ocrx_word' id='word_1_508' title='bbox 2079 3570 2416 3656; x_wconf 67' lang='lat' dir='ltr'><strong>celebrabat,</strong></span> 
     </span>
    </p>
   </div>
   <div class='ocr_carea' id='block_1_66' title="bbox 848 3677 2427 3756">
    <p class='ocr_par' dir='ltr' id='par_1_66' title="bbox 848 3677 2427 3756">
     <span class='ocr_line' id='line_1_66' title="bbox 848 3677 2427 3756; baseline -0.003 -14"><span class='ocrx_word' id='word_1_509' title='bbox 848 3687 997 3742; x_wconf 88' lang='lat' dir='ltr'><strong>illico</strong></span> <span class='ocrx_word' id='word_1_510' title='bbox 1024 3691 1356 3743; x_wconf 89' lang='lat' dir='ltr'><strong>subsecutus</strong></span> <span class='ocrx_word' id='word_1_511' title='bbox 1387 3695 1506 3752; x_wconf 90' lang='lat' dir='ltr'><strong>est;</strong></span> <span class='ocrx_word' id='word_1_512' title='bbox 1544 3693 1597 3740; x_wconf 89' lang='lat' dir='ltr'><strong>et</strong></span> <span class='ocrx_word' id='word_1_513' title='bbox 1628 3701 1750 3749; x_wconf 80' lang='lat' dir='ltr'><strong>cum</strong></span> <span class='ocrx_word' id='word_1_514' title='bbox 1778 3685 1845 3742; x_wconf 91' lang='lat' dir='ltr'><strong>iis</strong></span> <span class='ocrx_word' id='word_1_515' title='bbox 1867 3727 1881 3752; x_wconf 92' lang='lat'><strong>,</strong></span> <span class='ocrx_word' id='word_1_516' title='bbox 1913 3685 2006 3756; x_wconf 92' lang='lat' dir='ltr'><strong>qui</strong></span> <span class='ocrx_word' id='word_1_517' title='bbox 2038 3693 2195 3740; x_wconf 88' lang='lat' dir='ltr'><strong>erant</strong></span> <span class='ocrx_word' id='word_1_518' title='bbox 2229 3701 2293 3740; x_wconf 83' lang='lat' dir='ltr'><strong>ex</strong></span> <span class='ocrx_word' id='word_1_519' title='bbox 2325 3677 2427 3739; x_wconf 83' lang='lat' dir='ltr'><strong>Ec-</strong></span> 
     </span>
    </p>
   </div>
   <div class='ocr_carea' id='block_1_67' title="bbox 846 3771 2428 3846">
    <p class='ocr_par' dir='ltr' id='par_1_67' title="bbox 846 3771 2428 3846">
     <span class='ocr_line' id='line_1_67' title="bbox 846 3771 2428 3846; baseline -0.002 -11"><span class='ocrx_word' id='word_1_520' title='bbox 846 3780 1017 3835; x_wconf 86' lang='lat' dir='ltr'><strong>clesia</strong></span> <span class='ocrx_word' id='word_1_521' title='bbox 1086 3771 1408 3846; x_wconf 72' lang='lat' dir='ltr'><strong>catholica,</strong></span> <span class='ocrx_word' id='word_1_522' title='bbox 1475 3778 1929 3844; x_wconf 85' lang='lat' dir='ltr'><strong>communicavit,</strong></span> <span class='ocrx_word' id='word_1_523' title='bbox 1979 3779 2236 3842; x_wconf 89' lang='lat' dir='ltr'><strong>tametsi,</strong></span> <span class='ocrx_word' id='word_1_524' title='bbox 2285 3777 2428 3832; x_wconf 90' lang='lat' dir='ltr'><strong>sicut</strong></span> 
     </span>
    </p>
   </div>
   <div class='ocr_carea' id='block_1_68' title="bbox 848 3868 2427 3940">
    <p class='ocr_par' dir='ltr' id='par_1_68' title="bbox 848 3868 2427 3940">
     <span class='ocr_line' id='line_1_68' title="bbox 848 3868 2427 3940; baseline -0.002 -14"><span class='ocrx_word' id='word_1_525' title='bbox 848 3871 1230 3926; x_wconf 84' lang='lat' dir='ltr'><strong>Maccdoniani</strong></span> <span class='ocrx_word' id='word_1_526' title='bbox 1263 3877 1554 3936; x_wconf 84' lang='lat' dir='ltr'><strong>asserunt,</strong></span> <span class='ocrx_word' id='word_1_527' title='bbox 1585 3868 1949 3940; x_wconf 87' lang='lat' dir='ltr'><strong>jurejurando</strong></span> <span class='ocrx_word' id='word_1_528' title='bbox 1974 3868 2302 3940; x_wconf 86' lang='lat' dir='ltr'><strong>interposito</strong></span> <span class='ocrx_word' id='word_1_529' title='bbox 2329 3885 2427 3924; x_wconf 86' lang='lat' dir='ltr'><strong>an-</strong></span> 
     </span>
    </p>
   </div>
   <div class='ocr_carea' id='block_1_69' title="bbox 847 3961 2427 4033">
    <p class='ocr_par' dir='ltr' id='par_1_69' title="bbox 847 3961 2427 4033">
     <span class='ocr_line' id='line_1_69' title="bbox 847 3961 2427 4033; baseline -0.003 -12"><span class='ocrx_word' id='word_1_530' title='bbox 847 3977 936 4021; x_wconf 86' lang='lat' dir='ltr'><strong>tea</strong></span> <span class='ocrx_word' id='word_1_531' title='bbox 968 3965 1326 4029; x_wconf 84' lang='lat' dir='ltr'><strong>allirmasset,</strong></span> <span class='ocrx_word' id='word_1_532' title='bbox 1364 3979 1646 4033; x_wconf 88' lang='lat' dir='ltr'><strong>nunquam</strong></span> <span class='ocrx_word' id='word_1_533' title='bbox 1690 3977 1750 4018; x_wconf 92' lang='lat' dir='ltr'><strong>se</strong></span> <span class='ocrx_word' id='word_1_534' title='bbox 1790 3961 1861 4016; x_wconf 87' lang='lat' dir='ltr'><strong>ab</strong></span> <span class='ocrx_word' id='word_1_535' title='bbox 1903 3961 2124 4017; x_wconf 90' lang='lat' dir='ltr'><strong>illorum</strong></span> <span class='ocrx_word' id='word_1_536' title='bbox 2165 3961 2427 4033; x_wconf 82' lang='lat' dir='ltr'><strong>Opinione</strong></span> 
     </span>
    </p>
   </div>
   <div class='ocr_carea' id='block_1_70' title="bbox 849 4051 2429 4126">
    <p class='ocr_par' dir='ltr' id='par_1_70' title="bbox 849 4051 2429 4126">
     <span class='ocr_line' id='line_1_70' title="bbox 849 4051 2429 4126; baseline -0.003 -11"><span class='ocrx_word' id='word_1_537' title='bbox 849 4074 1222 4122; x_wconf 83' lang='lat' dir='ltr'><strong>recessurum,</strong></span> <span class='ocrx_word' id='word_1_538' title='bbox 1277 4058 1343 4112; x_wconf 89' lang='lat' dir='ltr'><strong>ad</strong></span> <span class='ocrx_word' id='word_1_539' title='bbox 1375 4051 1684 4113; x_wconf 79' lang='lat' dir='ltr'><strong>extremu’m</strong></span> <span class='ocrx_word' id='word_1_540' title='bbox 1725 4071 1851 4112; x_wconf 90' lang='lat' dir='ltr'><strong>vero</strong></span> <span class='ocrx_word' id='word_1_541' title='bbox 1883 4055 2058 4126; x_wconf 84' lang='lat' dir='ltr'><strong>palam</strong></span> <span class='ocrx_word' id='word_1_542' title='bbox 2089 4055 2429 4112; x_wconf 88' lang='lat' dir='ltr'><strong>decrevisset</strong></span> 
     </span>
    </p>
   </div>
   <div class='ocr_carea' id='block_1_71' title="bbox 850 4138 2466 4223">
    <p class='ocr_par' dir='ltr' id='par_1_71' title="bbox 850 4138 2466 4223">
     <span class='ocr_line' id='line_1_71' title="bbox 850 4138 2466 4223; baseline -0.002 -14"><span class='ocrx_word' id='word_1_543' title='bbox 850 4165 931 4222; x_wconf 91' lang='lat' dir='ltr'><strong>ut,</strong></span> <span class='ocrx_word' id='word_1_544' title='bbox 967 4154 1011 4208; x_wconf 94' lang='lat' dir='ltr'><strong>si</strong></span> <span class='ocrx_word' id='word_1_545' title='bbox 1046 4152 1288 4223; x_wconf 82' lang='lat' dir='ltr'><strong>Baptista</strong></span> <span class='ocrx_word' id='word_1_546' title='bbox 1324 4151 1709 4221; x_wconf 89' lang='lat' dir='ltr'><strong>imperatorem</strong></span> <span class='ocrx_word' id='word_1_547' title='bbox 1745 4151 1901 4222; x_wconf 89' lang='lat' dir='ltr'><strong>sequi</strong></span> <span class='ocrx_word' id='word_1_548' title='bbox 1929 4150 2112 4214; x_wconf 88' lang='lat' dir='ltr'><strong>vellet,</strong></span> <span class='ocrx_word' id='word_1_549' title='bbox 2149 4150 2265 4221; x_wconf 91' lang='lat' dir='ltr'><strong>ipse</strong></span> <span class='ocrx_word' id='word_1_550' title='bbox 2291 4138 2466 4221; x_wconf 35' lang='lat' dir='ltr'><strong>quo?</strong></span> 
     </span>
    </p>
   </div>
   <div class='ocr_carea' id='block_1_72' title="bbox 848 4243 2424 4317">
    <p class='ocr_par' dir='ltr' id='par_1_72' title="bbox 848 4243 2424 4317">
     <span class='ocr_line' id='line_1_72' title="bbox 848 4243 2424 4317; baseline -0.003 -15"><span class='ocrx_word' id='word_1_551' title='bbox 848 4263 956 4317; x_wconf 87' lang='lat' dir='ltr'><strong>que</strong></span> <span class='ocrx_word' id='word_1_552' title='bbox 991 4246 1201 4316; x_wconf 85' lang='lat' dir='ltr'><strong>absque</strong></span> <span class='ocrx_word' id='word_1_553' title='bbox 1232 4245 1344 4298; x_wconf 87' lang='lat' dir='ltr'><strong>ulla</strong></span> <span class='ocrx_word' id='word_1_554' title='bbox 1378 4244 1642 4299; x_wconf 83' lang='lat' dir='ltr'><strong>dilatione</strong></span> <span class='ocrx_word' id='word_1_555' title='bbox 1673 4257 1799 4298; x_wconf 91' lang='lat' dir='ltr'><strong>cum</strong></span> <span class='ocrx_word' id='word_1_556' title='bbox 1840 4243 1936 4298; x_wconf 92' lang='lat' dir='ltr'><strong>illo</strong></span> <span class='ocrx_word' id='word_1_557' title='bbox 1968 4245 2424 4300; x_wconf 86' lang='lat' dir='ltr'><strong>communicaret.</strong></span> 
     </span>
    </p>
   </div>
   <div class='ocr_carea' id='block_1_73' title="bbox 849 4331 2425 4405">
    <p class='ocr_par' dir='ltr' id='par_1_73' title="bbox 849 4331 2425 4405">
     <span class='ocr_line' id='line_1_73' title="bbox 849 4331 2425 4405; baseline 0 -14"><span class='ocrx_word' id='word_1_558' title='bbox 849 4337 982 4391; x_wconf 82' lang='lat' dir='ltr'><strong>Erat</strong></span> <span class='ocrx_word' id='word_1_559' title='bbox 1007 4336 1098 4390; x_wconf 91' lang='lat' dir='ltr'><strong>hic</strong></span> <span class='ocrx_word' id='word_1_560' title='bbox 1127 4335 1349 4405; x_wconf 86' lang='lat' dir='ltr'><strong>origine</strong></span> <span class='ocrx_word' id='word_1_561' title='bbox 1376 4331 1568 4401; x_wconf 83' lang='lat' dir='ltr'><strong>Persa,</strong></span> <span class='ocrx_word' id='word_1_562' title='bbox 1595 4334 1689 4404; x_wconf 91' lang='lat' dir='ltr'><strong>qui</strong></span> <span class='ocrx_word' id='word_1_563' title='bbox 1722 4335 2031 4391; x_wconf 83' lang='lat' dir='ltr'><strong>Constantii</strong></span> <span class='ocrx_word' id='word_1_564' title='bbox 2063 4335 2425 4405; x_wconf 85' lang='lat' dir='ltr'><strong>temporibus,</strong></span> 
     </span>
    </p>
   </div>
   <div class='ocr_carea' id='block_1_74' title="bbox 848 4422 2428 4497">
    <p class='ocr_par' dir='ltr' id='par_1_74' title="bbox 848 4422 2428 4497">
     <span class='ocr_line' id='line_1_74' title="bbox 848 4422 2428 4497; baseline -0.003 -14"><span class='ocrx_word' id='word_1_565' title='bbox 848 4443 974 4483; x_wconf 88' lang='lat' dir='ltr'><strong>cum</strong></span> <span class='ocrx_word' id='word_1_566' title='bbox 1008 4425 1320 4497; x_wconf 84' lang='lat' dir='ltr'><strong>persecutio</strong></span> <span class='ocrx_word' id='word_1_567' title='bbox 1357 4423 1633 4480; x_wconf 85' lang='lat' dir='ltr'><strong>adversus</strong></span> <span class='ocrx_word' id='word_1_568' title='bbox 1683 4422 2049 4483; x_wconf 70' lang='lat' dir='ltr'><strong>Christianos</strong></span> <span class='ocrx_word' id='word_1_569' title='bbox 2088 4424 2143 4478; x_wconf 93' lang='lat' dir='ltr'><strong>in</strong></span> <span class='ocrx_word' id='word_1_570' title='bbox 2197 4423 2428 4480; x_wconf 85' lang='lat' dir='ltr'><strong>Perside</strong></span> 
     </span>
    </p>
   </div>
   <div class='ocr_carea' id='block_1_75' title="bbox 850 4515 2428 4587">
    <p class='ocr_par' dir='ltr' id='par_1_75' title="bbox 850 4515 2428 4587">
     <span class='ocr_line' id='line_1_75' title="bbox 850 4515 2428 4587; baseline 0 -15"><span class='ocrx_word' id='word_1_571' title='bbox 850 4524 1218 4587; x_wconf 68' lang='lat' dir='ltr'><strong>grassaretur,</strong></span> <span class='ocrx_word' id='word_1_572' title='bbox 1261 4525 1481 4585; x_wconf 87' lang='lat' dir='ltr'><strong>arrepta</strong></span> <span class='ocrx_word' id='word_1_573' title='bbox 1523 4515 1647 4586; x_wconf 82' lang='lat' dir='ltr'><strong>fuga</strong></span> <span class='ocrx_word' id='word_1_574' title='bbox 1677 4558 1691 4581; x_wconf 92' lang='lat'><strong>,</strong></span> <span class='ocrx_word' id='word_1_575' title='bbox 1733 4516 1898 4571; x_wconf 90' lang='lat' dir='ltr'><strong>simul</strong></span> <span class='ocrx_word' id='word_1_576' title='bbox 1928 4531 2052 4572; x_wconf 90' lang='lat' dir='ltr'><strong>cum</strong></span> <span class='ocrx_word' id='word_1_577' title='bbox 2098 4517 2251 4572; x_wconf 85' lang='lat' dir='ltr'><strong>Adda</strong></span> <span class='ocrx_word' id='word_1_578' title='bbox 2295 4532 2428 4572; x_wconf 89' lang='lat' dir='ltr'><strong>eon-</strong></span> 
     </span>
    </p>
   </div>
   <div class='ocr_carea' id='block_1_76' title="bbox 849 4607 2428 4679">
    <p class='ocr_par' dir='ltr' id='par_1_76' title="bbox 849 4607 2428 4679">
     <span class='ocr_line' id='line_1_76' title="bbox 849 4607 2428 4679; baseline 0.001 -15"><span class='ocrx_word' id='word_1_579' title='bbox 849 4611 1077 4665; x_wconf 76' lang='lat' dir='ltr'><strong>sohrino</strong></span> <span class='ocrx_word' id='word_1_580' title='bbox 1098 4649 1112 4675; x_wconf 92' lang='lat'><strong>,</strong></span> <span class='ocrx_word' id='word_1_581' title='bbox 1143 4610 1196 4664; x_wconf 91' lang='lat' dir='ltr'><strong>in</strong></span> <span class='ocrx_word' id='word_1_582' title='bbox 1231 4608 1604 4665; x_wconf 82' lang='lat' dir='ltr'><strong>Romanorum</strong></span> <span class='ocrx_word' id='word_1_583' title='bbox 1638 4610 1903 4666; x_wconf 87' lang='lat' dir='ltr'><strong>ditionem</strong></span> <span class='ocrx_word' id='word_1_584' title='bbox 1935 4616 2182 4665; x_wconf 85' lang='lat' dir='ltr'><strong>venerat.</strong></span> <span class='ocrx_word' id='word_1_585' title='bbox 2217 4607 2280 4662; x_wconf 85' lang='lat' dir='ltr'><strong>Et</strong></span> <span class='ocrx_word' id='word_1_586' title='bbox 2314 4610 2428 4679; x_wconf 92' lang='lat' dir='ltr'><strong>ipse</strong></span> 
     </span>
    </p>
   </div>
   <div class='ocr_carea' id='block_1_77' title="bbox 851 4699 2422 4774">
    <p class='ocr_par' dir='ltr' id='par_1_77' title="bbox 851 4699 2422 4774">
     <span class='ocr_line' id='line_1_77' title="bbox 851 4699 2422 4774; baseline -0.003 -17"><span class='ocrx_word' id='word_1_587' title='bbox 851 4702 1072 4774; x_wconf 86' lang='lat' dir='ltr'><strong>quidem</strong></span> <span class='ocrx_word' id='word_1_588' title='bbox 1114 4701 1266 4757; x_wconf 90' lang='lat' dir='ltr'><strong>clero</strong></span> <span class='ocrx_word' id='word_1_589' title='bbox 1333 4701 1614 4772; x_wconf 88' lang='lat' dir='ltr'><strong>ascriptus</strong></span> <span class='ocrx_word' id='word_1_590' title='bbox 1640 4742 1654 4766; x_wconf 93' lang='lat'><strong>,</strong></span> <span class='ocrx_word' id='word_1_591' title='bbox 1696 4701 1763 4756; x_wconf 91' lang='lat' dir='ltr'><strong>ad</strong></span> <span class='ocrx_word' id='word_1_592' title='bbox 1819 4699 2146 4771; x_wconf 79' lang='lat' dir='ltr'><strong>presbyterii</strong></span> <span class='ocrx_word' id='word_1_593' title='bbox 2194 4700 2422 4769; x_wconf 85' lang='lat' dir='ltr'><strong>gradum</strong></span> 
     </span>
    </p>
   </div>
   <div class='ocr_carea' id='block_1_78' title="bbox 2537 3313 4119 3389">
    <p class='ocr_par' dir='ltr' id='par_1_78' title="bbox 2537 3313 4119 3389">
     <span class='ocr_line' id='line_1_78' title="bbox 2537 3313 4119 3389; baseline 0.002 -21"><span class='ocrx_word' id='word_1_594' title='bbox 2537 3313 2873 3368; x_wconf 84' lang='grc' dir='ltr'>Μακεδονίου</span> <span class='ocrx_word' id='word_1_595' title='bbox 2900 3313 3225 3385; x_wconf 83' lang='grc' dir='ltr'>φρονοῦντες</span> <span class='ocrx_word' id='word_1_596' title='bbox 3247 3355 3260 3382; x_wconf 87' lang='grc'>,</span> <span class='ocrx_word' id='word_1_597' title='bbox 3288 3315 3658 3387; x_wconf 75' lang='grc' dir='ltr'>ποιησάμενος</span> <span class='ocrx_word' id='word_1_598' title='bbox 3680 3355 3695 3379; x_wconf 88' lang='lat'><strong>,</strong></span> <span class='ocrx_word' id='word_1_599' title='bbox 3739 3317 3814 3389; x_wconf 82' lang='grc' dir='ltr'>μή</span> <span class='ocrx_word' id='word_1_600' title='bbox 3850 3333 3978 3370; x_wconf 79' lang='grc' dir='ltr'>ποτε</span> <span class='ocrx_word' id='word_1_601' title='bbox 4014 3335 4119 3387; x_wconf 80' lang='grc' dir='ltr'>με-</span> 
     </span>
    </p>
   </div>
   <div class='ocr_carea' id='block_1_79' title="bbox 2536 3405 4120 3478">
    <p class='ocr_par' dir='ltr' id='par_1_79' title="bbox 2536 3405 4120 3478">
     <span class='ocr_line' id='line_1_79' title="bbox 2536 3405 4120 3478; baseline 0.003 -19"><span class='ocrx_word' id='word_1_602' title='bbox 2536 3405 2868 3477; x_wconf 79' lang='grc' dir='ltr'>ταθήσεσθαι</span> <span class='ocrx_word' id='word_1_603' title='bbox 2912 3406 3012 3476; x_wconf 88' lang='grc' dir='ltr'><strong>τῆς</strong></span> <span class='ocrx_word' id='word_1_604' title='bbox 3057 3406 3238 3461; x_wconf 74' lang='grc' dir='ltr'>αὐτῶν</span> <span class='ocrx_word' id='word_1_605' title='bbox 3285 3407 3476 3478; x_wconf 74' lang='grc' dir='ltr'>δόξηςο</span> <span class='ocrx_word' id='word_1_606' title='bbox 3525 3408 3585 3462; x_wconf 83' lang='grc' dir='ltr'><strong>τὸ</strong></span> <span class='ocrx_word' id='word_1_607' title='bbox 3611 3408 3667 3462; x_wconf 85' lang='grc' dir='ltr'>δὲ</span> <span class='ocrx_word' id='word_1_608' title='bbox 3698 3410 4003 3465; x_wconf 81' lang='grc' dir='ltr'>τελευταῖον</span> <span class='ocrx_word' id='word_1_609' title='bbox 4035 3414 4120 3474; x_wconf 82' lang='grc' dir='ltr'><strong>είς</strong></span> 
     </span>
    </p>
   </div>
   <div class='ocr_carea' id='block_1_80' title="bbox 2531 3479 4117 3587">
    <p class='ocr_par' dir='ltr' id='par_1_80' title="bbox 2531 3479 4117 3587">
     <span class='ocr_line' id='line_1_80' title="bbox 2531 3479 4117 3587; baseline 0.004 -37"><span class='ocrx_word' id='word_1_610' title='bbox 2531 3497 2592 3550; x_wconf 73' lang='grc' dir='ltr'>τὸ</span> <span class='ocrx_word' id='word_1_611' title='bbox 2616 3479 2891 3569; x_wconf 77' lang='grc' dir='ltr'>προφανὲς</span> <span class='ocrx_word' id='word_1_612' title='bbox 2920 3481 3108 3570; x_wconf 74' lang='grc' dir='ltr'>ὁρίσας</span> <span class='ocrx_word' id='word_1_613' title='bbox 3127 3541 3141 3565; x_wconf 90' lang='grc'>,</span> <span class='ocrx_word' id='word_1_614' title='bbox 3170 3501 3246 3563; x_wconf 84' lang='grc' dir='ltr'><strong>ὡς</strong></span> <span class='ocrx_word' id='word_1_615' title='bbox 3277 3501 3324 3553; x_wconf 87' lang='grc' dir='ltr'>εἰ</span> <span class='ocrx_word' id='word_1_616' title='bbox 3359 3501 3533 3555; x_wconf 76' lang='grc' dir='ltr'>ἕλοιτο</span> <span class='ocrx_word' id='word_1_617' title='bbox 3561 3502 3590 3554; x_wconf 85' lang='grc' dir='ltr'><strong>ό</strong></span> <span class='ocrx_word' id='word_1_618' title='bbox 3633 3503 3945 3587; x_wconf 61' lang='grc' dir='ltr'>Βαπτιστης</span> <span class='ocrx_word' id='word_1_619' title='bbox 3992 3506 4117 3558; x_wconf 87' lang='grc' dir='ltr'>ἀκο-</span> 
     </span>
    </p>
   </div>
   <div class='ocr_carea' id='block_1_81' title="bbox 2531 3589 4113 3670">
    <p class='ocr_par' dir='ltr' id='par_1_81' title="bbox 2531 3589 4113 3670">
     <span class='ocr_line' id='line_1_81' title="bbox 2531 3589 4113 3670; baseline 0.004 -28"><span class='ocrx_word' id='word_1_620' title='bbox 2531 3589 2792 3662; x_wconf 83' lang='grc' dir='ltr'>λουθῆσαι</span> <span class='ocrx_word' id='word_1_621' title='bbox 2831 3591 2910 3662; x_wconf 83' lang='grc' dir='ltr'><strong>τῷ</strong></span> <span class='ocrx_word' id='word_1_622' title='bbox 2951 3591 3180 3662; x_wconf 80' lang='grc' dir='ltr'>βασιλεῖ,</span> <span class='ocrx_word' id='word_1_623' title='bbox 3229 3594 3322 3648; x_wconf 74' lang='grc' dir='ltr'><strong>καὶ</strong></span> <span class='ocrx_word' id='word_1_624' title='bbox 3353 3595 3517 3649; x_wconf 78' lang='grc' dir='ltr'>αὑτὸν</span> <span class='ocrx_word' id='word_1_625' title='bbox 3557 3598 3908 3668; x_wconf 78' lang='grc' dir='ltr'>κοινωνήσειν</span> <span class='ocrx_word' id='word_1_626' title='bbox 3939 3598 4113 3670; x_wconf 80' lang='grc' dir='ltr'>αὐτῷ,</span> 
     </span>
    </p>
   </div>
   <div class='ocr_carea' id='block_1_82' title="bbox 2533 3681 4116 3764">
    <p class='ocr_par' dir='ltr' id='par_1_82' title="bbox 2533 3681 4116 3764">
     <span class='ocr_line' id='line_1_82' title="bbox 2533 3681 4116 3764; baseline 0.008 -31"><span class='ocrx_word' id='word_1_627' title='bbox 2533 3681 2697 3752; x_wconf 82' lang='grc' dir='ltr'>μηδὲν</span> <span class='ocrx_word' id='word_1_628' title='bbox 2727 3683 3134 3764; x_wconf 83' lang='grc' dir='ltr'>διαφερόμενον.</span> <span class='ocrx_word' id='word_1_629' title='bbox 3184 3685 3431 3753; x_wconf 83' lang='grc' dir='ltr'>Ἐγένετο</span> <span class='ocrx_word' id='word_1_630' title='bbox 3473 3687 3529 3740; x_wconf 77' lang='grc' dir='ltr'>δὲ</span> <span class='ocrx_word' id='word_1_631' title='bbox 3584 3681 3739 3753; x_wconf 68' lang='grc' dir='ltr'>οὗτος</span> <span class='ocrx_word' id='word_1_632' title='bbox 3789 3691 4006 3761; x_wconf 79' lang='grc' dir='ltr'>Πέρσης</span> <span class='ocrx_word' id='word_1_633' title='bbox 4048 3691 4116 3744; x_wconf 80' lang='grc' dir='ltr'><strong>τὸ</strong></span> 
     </span>
    </p>
   </div>
   <div class='ocr_carea' id='block_1_83' title="bbox 2529 3775 4113 3853">
    <p class='ocr_par' dir='ltr' id='par_1_83' title="bbox 2529 3775 4113 3853">
     <span class='ocr_line' id='line_1_83' title="bbox 2529 3775 4113 3853; baseline 0.005 -25"><span class='ocrx_word' id='word_1_634' title='bbox 2529 3775 2713 3844; x_wconf 81' lang='grc' dir='ltr'>γένος’</span> <span class='ocrx_word' id='word_1_635' title='bbox 2758 3777 2850 3829; x_wconf 70' lang='grc' dir='ltr'>ἐπὶ</span> <span class='ocrx_word' id='word_1_636' title='bbox 2887 3777 2942 3830; x_wconf 80' lang='grc' dir='ltr'>δὲ</span> <span class='ocrx_word' id='word_1_637' title='bbox 2978 3777 3079 3847; x_wconf 80' lang='grc' dir='ltr'><strong>τῆς</strong></span> <span class='ocrx_word' id='word_1_638' title='bbox 3116 3778 3500 3832; x_wconf 81' lang='grc' dir='ltr'>Κωνσταντίου</span> <span class='ocrx_word' id='word_1_639' title='bbox 3557 3779 3832 3850; x_wconf 83' lang='grc' dir='ltr'>βασιλείας</span> <span class='ocrx_word' id='word_1_640' title='bbox 3866 3782 4113 3853; x_wconf 87' lang='grc' dir='ltr'>διωγμοῦ</span> 
     </span>
    </p>
   </div>
   <div class='ocr_carea' id='block_1_84' title="bbox 2531 3866 4114 3944">
    <p class='ocr_par' dir='ltr' id='par_1_84' title="bbox 2531 3866 4114 3944">
     <span class='ocr_line' id='line_1_84' title="bbox 2531 3866 4114 3944; baseline 0.006 -25"><span class='ocrx_word' id='word_1_641' title='bbox 2531 3866 2932 3944; x_wconf 76' lang='grc' dir='ltr'>καταλαϐόντος</span> <span class='ocrx_word' id='word_1_642' title='bbox 2963 3867 3089 3932; x_wconf 78' lang='grc' dir='ltr'>τοὺς</span> <span class='ocrx_word' id='word_1_643' title='bbox 3119 3870 3177 3923; x_wconf 82' lang='grc' dir='ltr'>ὲν</span> <span class='ocrx_word' id='word_1_644' title='bbox 3204 3869 3427 3941; x_wconf 85' lang='grc' dir='ltr'>Περσίδι</span> <span class='ocrx_word' id='word_1_645' title='bbox 3456 3872 3821 3943; x_wconf 79' lang='grc' dir='ltr'>Χριστιανοὺς</span> <span class='ocrx_word' id='word_1_646' title='bbox 3847 3915 3862 3938; x_wconf 84' lang='grc'><em>,</em></span> <span class='ocrx_word' id='word_1_647' title='bbox 3889 3874 4114 3944; x_wconf 84' lang='grc' dir='ltr'>φεύγων</span> 
     </span>
    </p>
   </div>
   <div class='ocr_carea' id='block_1_85' title="bbox 2532 3943 4110 4039">
    <p class='ocr_par' dir='ltr' id='par_1_85' title="bbox 2532 3943 4110 4039">
     <span class='ocr_line' id='line_1_85' title="bbox 2532 3943 4110 4039; baseline 0.004 -24"><span class='ocrx_word' id='word_1_648' title='bbox 2532 3943 2842 4033; x_wconf 36' lang='grc' dir='ltr'>ἆμαδἊδδᾷ</span> <span class='ocrx_word' id='word_1_649' title='bbox 2869 3961 2948 4034; x_wconf 82' lang='grc' dir='ltr'>τῷ</span> <span class='ocrx_word' id='word_1_650' title='bbox 2978 3961 3141 4017; x_wconf 86' lang='grc' dir='ltr'>αὑτοῦ</span> <span class='ocrx_word' id='word_1_651' title='bbox 3174 3963 3379 4035; x_wconf 76' lang='grc' dir='ltr'>ἀνεψιῷ</span> <span class='ocrx_word' id='word_1_652' title='bbox 3404 4007 3419 4031; x_wconf 82' lang='grc'>,</span> <span class='ocrx_word' id='word_1_653' title='bbox 3464 3967 3543 4031; x_wconf 83' lang='grc' dir='ltr'>εἰς</span> <span class='ocrx_word' id='word_1_654' title='bbox 3585 3967 3886 4038; x_wconf 82' lang='grc' dir='ltr'>Ῥωμαίους</span> <span class='ocrx_word' id='word_1_655' title='bbox 3922 3964 4110 4039; x_wconf 77' lang='grc' dir='ltr'>ἦλθεν.</span> 
     </span>
    </p>
   </div>
   <div class='ocr_carea' id='block_1_86' title="bbox 2542 4054 4110 4131">
    <p class='ocr_par' dir='ltr' id='par_1_86' title="bbox 2542 4054 4110 4131">
     <span class='ocr_line' id='line_1_86' title="bbox 2542 4054 4110 4131; baseline 0.004 -23"><span class='ocrx_word' id='word_1_656' title='bbox 2542 4054 2678 4108; x_wconf 84' lang='grc' dir='ltr'>Ἀλλ’</span> <span class='ocrx_word' id='word_1_657' title='bbox 2709 4057 2737 4108; x_wconf 91' lang='grc' dir='ltr'>ὁ</span> <span class='ocrx_word' id='word_1_658' title='bbox 2768 4055 2866 4126; x_wconf 82' lang='grc' dir='ltr'>μὲν</span> <span class='ocrx_word' id='word_1_659' title='bbox 2901 4054 3090 4127; x_wconf 78' lang='grc' dir='ltr'>κλήρῳ</span> <span class='ocrx_word' id='word_1_660' title='bbox 3119 4056 3475 4128; x_wconf 85' lang='grc' dir='ltr'>ὲγκατελέγη,</span> <span class='ocrx_word' id='word_1_661' title='bbox 3510 4058 3604 4111; x_wconf 76' lang='grc' dir='ltr'><strong>καὶ</strong></span> <span class='ocrx_word' id='word_1_662' title='bbox 3628 4061 3706 4123; x_wconf 89' lang='grc' dir='ltr'><strong>είς</strong></span> <span class='ocrx_word' id='word_1_663' title='bbox 3733 4060 4110 4131; x_wconf 76' lang='grc' dir='ltr'>πρεσϐυτέρου</span> 
     </span>
    </p>
   </div>
   <div class='ocr_carea' id='block_1_87' title="bbox 2527 4146 4111 4224">
    <p class='ocr_par' dir='ltr' id='par_1_87' title="bbox 2527 4146 4111 4224">
     <span class='ocr_line' id='line_1_87' title="bbox 2527 4146 4111 4224; baseline 0.004 -25"><span class='ocrx_word' id='word_1_664' title='bbox 2527 4146 2797 4217; x_wconf 77' lang='grc' dir='ltr'>προῆλθεν</span> <span class='ocrx_word' id='word_1_665' title='bbox 2842 4147 3018 4212; x_wconf 81' lang='grc' dir='ltr'>ἀξίαν.</span> <span class='ocrx_word' id='word_1_666' title='bbox 3083 4147 3270 4214; x_wconf 76' lang='grc' dir='ltr'>Ἀδδᾶς</span> <span class='ocrx_word' id='word_1_667' title='bbox 3341 4150 3423 4218; x_wconf 63' lang='grc' dir='ltr'><strong>δὲ,</strong></span> <span class='ocrx_word' id='word_1_668' title='bbox 3453 4152 3672 4221; x_wconf 82' lang='grc' dir='ltr'>γήμας,</span> <span class='ocrx_word' id='word_1_669' title='bbox 3723 4151 3956 4221; x_wconf 83' lang='grc' dir='ltr'>μέγιστα</span> <span class='ocrx_word' id='word_1_670' title='bbox 4007 4155 4111 4224; x_wconf 74' lang='grc' dir='ltr'>τὴν</span> 
     </span>
    </p>
   </div>
   <div class='ocr_carea' id='block_1_88' title="bbox 2539 4236 4108 4320">
    <p class='ocr_par' dir='ltr' id='par_1_88' title="bbox 2539 4236 4108 4320">
     <span class='ocr_line' id='line_1_88' title="bbox 2539 4236 4108 4320; baseline 0.004 -29"><span class='ocrx_word' id='word_1_671' title='bbox 2539 4238 2864 4310; x_wconf 82' lang='grc' dir='ltr'>Ἐκκλησίαν</span> <span class='ocrx_word' id='word_1_672' title='bbox 2889 4236 3137 4320; x_wconf 72' lang='grc' dir='ltr'>ὠφέλησε</span> <span class='ocrx_word' id='word_1_673' title='bbox 3163 4279 3178 4304; x_wconf 83' lang='grc'><strong><em>,</em></strong></span> <span class='ocrx_word' id='word_1_674' title='bbox 3225 4240 3318 4294; x_wconf 77' lang='grc' dir='ltr'><strong>καὶ</strong></span> <span class='ocrx_word' id='word_1_675' title='bbox 3347 4242 3514 4295; x_wconf 82' lang='grc' dir='ltr'>παῖδα</span> <span class='ocrx_word' id='word_1_676' title='bbox 3564 4241 3877 4296; x_wconf 83' lang='grc' dir='ltr'>καταλιπὼν</span> <span class='ocrx_word' id='word_1_677' title='bbox 3906 4244 4108 4308; x_wconf 78' lang='grc' dir='ltr'><strong>Δὺξέν-</strong></span> 
     </span>
    </p>
   </div>
   <div class='ocr_carea' id='block_1_89' title="bbox 2526 4329 4110 4407">
    <p class='ocr_par' dir='ltr' id='par_1_89' title="bbox 2526 4329 4110 4407">
     <span class='ocr_line' id='line_1_89' title="bbox 2526 4329 4110 4407; baseline 0.006 -27"><span class='ocrx_word' id='word_1_678' title='bbox 2526 4345 2661 4407; x_wconf 84' lang='grc' dir='ltr'>τιον,</span> <span class='ocrx_word' id='word_1_679' title='bbox 2688 4329 2859 4402; x_wconf 83' lang='grc' dir='ltr'>ἀνδρα</span> <span class='ocrx_word' id='word_1_680' title='bbox 2879 4331 3009 4402; x_wconf 77' lang='grc' dir='ltr'>περὶ</span> <span class='ocrx_word' id='word_1_681' title='bbox 3029 4329 3091 4383; x_wconf 84' lang='grc' dir='ltr'>τὺ</span> <span class='ocrx_word' id='word_1_682' title='bbox 3110 4330 3263 4385; x_wconf 82' lang='grc' dir='ltr'>Θεῖον</span> <span class='ocrx_word' id='word_1_683' title='bbox 3284 4331 3628 4398; x_wconf 84' lang='grc' dir='ltr'>πιστότατον,</span> <span class='ocrx_word' id='word_1_684' title='bbox 3649 4333 3742 4388; x_wconf 78' lang='grc' dir='ltr'><strong>καὶ</strong></span> <span class='ocrx_word' id='word_1_685' title='bbox 3768 4334 3898 4406; x_wconf 77' lang='grc' dir='ltr'>περὶ</span> <span class='ocrx_word' id='word_1_686' title='bbox 3920 4334 4110 4405; x_wconf 70' lang='grc' dir='ltr'>φΰιους</span> 
     </span>
    </p>
   </div>
   <div class='ocr_carea' id='block_1_90' title="bbox 2527 4421 4110 4500">
    <p class='ocr_par' dir='ltr' id='par_1_90' title="bbox 2527 4421 4110 4500">
     <span class='ocr_line' id='line_1_90' title="bbox 2527 4421 4110 4500; baseline 0.005 -26"><span class='ocrx_word' id='word_1_687' title='bbox 2527 4421 2842 4490; x_wconf 69' lang='grc' dir='ltr'>σπουδαῖον·</span> <span class='ocrx_word' id='word_1_688' title='bbox 2888 4423 3102 4494; x_wconf 73' lang='grc' dir='ltr'>ἐμμελῆ</span> <span class='ocrx_word' id='word_1_689' title='bbox 3155 4424 3213 4477; x_wconf 90' lang='grc' dir='ltr'>δὲ</span> <span class='ocrx_word' id='word_1_690' title='bbox 3240 4424 3332 4500; x_wconf 76' lang='grc' dir='ltr'><strong>τὸν</strong></span> <span class='ocrx_word' id='word_1_691' title='bbox 3363 4423 3496 4495; x_wconf 86' lang='grc' dir='ltr'>βίον,</span> <span class='ocrx_word' id='word_1_692' title='bbox 3531 4426 3625 4479; x_wconf 72' lang='grc' dir='ltr'><strong>καὶ</strong></span> <span class='ocrx_word' id='word_1_693' title='bbox 3657 4425 3936 4496; x_wconf 85' lang='grc' dir='ltr'>φιλολόγον</span> <span class='ocrx_word' id='word_1_694' title='bbox 3961 4469 3976 4493; x_wconf 85' lang='grc'><em>,</em></span> <span class='ocrx_word' id='word_1_695' title='bbox 4014 4432 4110 4482; x_wconf 70' lang='grc' dir='ltr'>καὶ</span> 
     </span>
    </p>
   </div>
   <div class='ocr_carea' id='block_1_91' title="bbox 2535 4504 4109 4588">
    <p class='ocr_par' dir='ltr' id='par_1_91' title="bbox 2535 4504 4109 4588">
     <span class='ocr_line' id='line_1_91' title="bbox 2535 4504 4109 4588; baseline 0.006 -24"><span class='ocrx_word' id='word_1_696' title='bbox 2535 4504 2822 4584; x_wconf 80' lang='grc' dir='ltr'>πολυμαθῆ</span> <span class='ocrx_word' id='word_1_697' title='bbox 2883 4514 2992 4567; x_wconf 84' lang='grc' dir='ltr'><strong>τῶν</strong></span> <span class='ocrx_word' id='word_1_698' title='bbox 3044 4514 3269 4586; x_wconf 84' lang='grc' dir='ltr'>Ἕλλησι</span> <span class='ocrx_word' id='word_1_699' title='bbox 3325 4516 3419 4570; x_wconf 78' lang='grc' dir='ltr'>καὶ</span> <span class='ocrx_word' id='word_1_700' title='bbox 3469 4518 3581 4581; x_wconf 83' lang='grc' dir='ltr'>τοῖς</span> <span class='ocrx_word' id='word_1_701' title='bbox 3634 4518 4109 4588; x_wconf 82' lang='grc' dir='ltr'>ὲκκλησιαστικοίς</span> 
     </span>
    </p>
   </div>
   <div class='ocr_carea' id='block_1_92' title="bbox 2536 4605 4106 4683">
    <p class='ocr_par' dir='ltr' id='par_1_92' title="bbox 2536 4605 4106 4683">
     <span class='ocr_line' id='line_1_92' title="bbox 2536 4605 4106 4683; baseline 0.006 -26"><span class='ocrx_word' id='word_1_702' title='bbox 2536 4605 2945 4676; x_wconf 74' lang='grc' dir='ltr'>συγγραφεῦσιν</span> <span class='ocrx_word' id='word_1_703' title='bbox 2998 4607 3387 4679; x_wconf 86' lang='grc' dir='ltr'>ἱστορημένων.</span> <span class='ocrx_word' id='word_1_704' title='bbox 3445 4609 3678 4680; x_wconf 85' lang='grc' dir='ltr'>Μέτριον</span> <span class='ocrx_word' id='word_1_705' title='bbox 3725 4611 3782 4664; x_wconf 85' lang='grc' dir='ltr'>δὲ</span> <span class='ocrx_word' id='word_1_706' title='bbox 3829 4613 3890 4665; x_wconf 84' lang='grc' dir='ltr'>τὸ</span> <span class='ocrx_word' id='word_1_707' title='bbox 3942 4609 4106 4683; x_wconf 77' lang='grc' dir='ltr'>ἦθος.</span> 
     </span>
    </p>
   </div>
   <div class='ocr_carea' id='block_1_93' title="bbox 2535 4695 4110 4770">
    <p class='ocr_par' dir='ltr' id='par_1_93' title="bbox 2535 4695 4110 4770">
     <span class='ocr_line' id='line_1_93' title="bbox 2535 4695 4110 4770; baseline 0.003 -22"><span class='ocrx_word' id='word_1_708' title='bbox 2535 4696 2738 4767; x_wconf 75' lang='grc' dir='ltr'>καίπερ</span> <span class='ocrx_word' id='word_1_709' title='bbox 2763 4695 2975 4766; x_wconf 86' lang='grc' dir='ltr'>βασιλεῖ</span> <span class='ocrx_word' id='word_1_710' title='bbox 3006 4698 3100 4751; x_wconf 76' lang='grc' dir='ltr'><strong>καὶ</strong></span> <span class='ocrx_word' id='word_1_711' title='bbox 3131 4700 3243 4760; x_wconf 76' lang='grc' dir='ltr'>τοῖς</span> <span class='ocrx_word' id='word_1_712' title='bbox 3269 4697 3405 4768; x_wconf 84' lang='grc' dir='ltr'>ἀμφ’</span> <span class='ocrx_word' id='word_1_713' title='bbox 3430 4697 3595 4752; x_wconf 86' lang='grc' dir='ltr'>αὑτὸν</span> <span class='ocrx_word' id='word_1_714' title='bbox 3640 4700 3945 4770; x_wconf 76' lang='grc' dir='ltr'>ἐπιτήδειον</span> <span class='ocrx_word' id='word_1_715' title='bbox 3967 4743 3978 4765; x_wconf 85' lang='grc'><em>,</em></span> <span class='ocrx_word' id='word_1_716' title='bbox 4013 4705 4110 4754; x_wconf 79' lang='grc' dir='ltr'><strong>καὶ</strong></span> 
     </span>
    </p>
   </div>
   <div class='ocr_carea' id='block_1_94' title="bbox 848 4760 2609 4862">
    <p class='ocr_par' dir='ltr' id='par_1_94' title="bbox 848 4760 2609 4862">
     <span class='ocr_line' id='line_1_94' title="bbox 848 4760 2609 4862; baseline -0.005 -12"><span class='ocrx_word' id='word_1_717' title='bbox 848 4794 1193 4850; x_wconf 83' lang='lat' dir='ltr'><strong>conscendit.</strong></span> <span class='ocrx_word' id='word_1_718' title='bbox 1229 4792 1414 4848; x_wconf 84' lang='lat' dir='ltr'><strong>Addas</strong></span> <span class='ocrx_word' id='word_1_719' title='bbox 1446 4808 1579 4849; x_wconf 86' lang='lat' dir='ltr'><strong>vero</strong></span> <span class='ocrx_word' id='word_1_720' title='bbox 1601 4835 1615 4858; x_wconf 90' lang='lat'><strong>,</strong></span> <span class='ocrx_word' id='word_1_721' title='bbox 1670 4792 1836 4846; x_wconf 77' lang='lat' dir='ltr'><strong>ducta</strong></span> <span class='ocrx_word' id='word_1_722' title='bbox 1880 4807 2081 4856; x_wconf 80' lang='lat' dir='ltr'><strong>uxore,</strong></span> <span class='ocrx_word' id='word_1_723' title='bbox 2127 4792 2421 4862; x_wconf 86' lang='lat' dir='ltr'><strong>plurimum</strong></span> <span class='ocrx_word' id='word_1_724' title='bbox 2461 4760 2503 4815; x_wconf 72' lang='grc' dir='ltr'>θ</span> <span class='ocrx_word' id='word_1_725' title='bbox 2532 4787 2609 4858; x_wconf 76' lang='grc' dir='ltr'>λα;</span> 
     </span>
    </p>
   </div>
   <div class='ocr_carea' id='block_1_95' title="bbox 2346 4760 4107 4862">
    <p class='ocr_par' dir='ltr' id='par_1_95' title="bbox 2349 4760 4107 4862">
     <span class='ocr_line' id='line_1_95' title="bbox 2349 4760 4107 4862; baseline -0.002 -16"><span class='ocrx_word' id='word_1_726' title='bbox 2349 4807 2421 4846; x_wconf 87' lang='lat' dir='ltr'><strong>tm</strong></span> <span class='ocrx_word' id='word_1_727' title='bbox 2461 4760 2503 4815; x_wconf 71' lang='grc' dir='ltr'>θ</span> <span class='ocrx_word' id='word_1_728' title='bbox 2532 4760 2792 4858; x_wconf 72' lang='grc' dir='ltr'>λαμπρᾶς</span> <span class='ocrx_word' id='word_1_729' title='bbox 2825 4788 3224 4859; x_wconf 77' lang='grc' dir='ltr'>ἐπειλημμένον</span> <span class='ocrx_word' id='word_1_730' title='bbox 3249 4760 3578 4862; x_wconf 72' lang='grc' dir='ltr'>στρατείας.</span> <span class='ocrx_word' id='word_1_731' title='bbox 3624 4760 3976 4844; x_wconf 41' lang='lat' dir='ltr'><strong>animos;</strong></span> <span class='ocrx_word' id='word_1_732' title='bbox 4008 4794 4107 4862; x_wconf 65' lang='grc' dir='ltr'>μὲν</span> 
     </span>
    </p>
   </div>
   <div class='ocr_carea' id='block_1_96' title="bbox 850 4881 2418 4955">
    <p class='ocr_par' dir='ltr' id='par_1_96' title="bbox 850 4881 2418 4955">
     <span class='ocr_line' id='line_1_96' title="bbox 850 4881 2418 4955; baseline -0.001 -17"><span class='ocrx_word' id='word_1_733' title='bbox 850 4883 1058 4955; x_wconf 80' lang='lat' dir='ltr'><strong>profuit</strong></span> <span class='ocrx_word' id='word_1_734' title='bbox 1099 4881 1396 4949; x_wconf 74' lang='lat' dir='ltr'><strong>Ecclesiae,</strong></span> <span class='ocrx_word' id='word_1_735' title='bbox 1441 4883 1632 4937; x_wconf 89' lang='lat' dir='ltr'><strong>relicto</strong></span> <span class='ocrx_word' id='word_1_736' title='bbox 1679 4892 1805 4952; x_wconf 91' lang='lat' dir='ltr'><strong>post</strong></span> <span class='ocrx_word' id='word_1_737' title='bbox 1859 4899 1917 4938; x_wconf 88' lang='lat' dir='ltr'><strong>se</strong></span> <span class='ocrx_word' id='word_1_738' title='bbox 1959 4882 2070 4935; x_wconf 82' lang='lat' dir='ltr'><strong>ﬁlio</strong></span> <span class='ocrx_word' id='word_1_739' title='bbox 2109 4882 2418 4949; x_wconf 82' lang='lat' dir='ltr'><strong>Auxentio,</strong></span> 
     </span>
    </p>
   </div>
   <div class='ocr_carea' id='block_1_97' title="bbox 846 4972 2420 5045">
    <p class='ocr_par' dir='ltr' id='par_1_97' title="bbox 846 4972 2420 5045">
     <span class='ocr_line' id='line_1_97' title="bbox 846 4972 2420 5045; baseline 0 -18"><span class='ocrx_word' id='word_1_740' title='bbox 846 4977 968 5030; x_wconf 89' lang='lat' dir='ltr'><strong>viro</strong></span> <span class='ocrx_word' id='word_1_741' title='bbox 1001 4988 1130 5045; x_wconf 88' lang='lat' dir='ltr'><strong>erga</strong></span> <span class='ocrx_word' id='word_1_742' title='bbox 1164 4973 1333 5027; x_wconf 90' lang='lat' dir='ltr'><strong>Deum</strong></span> <span class='ocrx_word' id='word_1_743' title='bbox 1367 4972 1687 5028; x_wconf 81' lang='lat' dir='ltr'><strong>ﬁdelissimo</strong></span> <span class='ocrx_word' id='word_1_744' title='bbox 1708 5012 1722 5035; x_wconf 96' lang='lat'><strong>,</strong></span> <span class='ocrx_word' id='word_1_745' title='bbox 1757 4980 1810 5027; x_wconf 91' lang='lat' dir='ltr'><strong>et</strong></span> <span class='ocrx_word' id='word_1_746' title='bbox 1843 4987 1973 5042; x_wconf 82' lang='lat' dir='ltr'><strong>erga</strong></span> <span class='ocrx_word' id='word_1_747' title='bbox 2009 4972 2218 5028; x_wconf 88' lang='lat' dir='ltr'><strong>amicos</strong></span> <span class='ocrx_word' id='word_1_748' title='bbox 2248 4991 2420 5044; x_wconf 87' lang='lat' dir='ltr'><strong>prom-</strong></span> 
     </span>
    </p>
   </div>
   <div class='ocr_carea' id='block_1_98' title="bbox 848 5064 2420 5138">
    <p class='ocr_par' dir='ltr' id='par_1_98' title="bbox 848 5064 2420 5138">
     <span class='ocr_line' id='line_1_98' title="bbox 848 5064 2420 5138; baseline 0.001 -18"><span class='ocrx_word' id='word_1_749' title='bbox 848 5064 1248 5138; x_wconf 85' lang='lat' dir='ltr'><strong>ptissimo.Qui</strong></span> <span class='ocrx_word' id='word_1_750' title='bbox 1279 5065 1650 5136; x_wconf 75' lang='lat' dir='ltr'><strong>vitainteger,</strong></span> <span class='ocrx_word' id='word_1_751' title='bbox 1675 5073 1726 5119; x_wconf 93' lang='lat' dir='ltr'><strong>ct</strong></span> <span class='ocrx_word' id='word_1_752' title='bbox 1778 5065 2084 5119; x_wconf 78' lang='lat' dir='ltr'><strong>litterarum</strong></span> <span class='ocrx_word' id='word_1_753' title='bbox 2136 5067 2420 5122; x_wconf 86' lang='lat' dir='ltr'><strong>studiosus</strong></span> 
     </span>
    </p>
   </div>
   <div class='ocr_carea' id='block_1_99' title="bbox 2535 4859 4110 4955">
    <p class='ocr_par' dir='ltr' id='par_1_99' title="bbox 2535 4859 4110 4955">
     <span class='ocr_line' id='line_1_99' title="bbox 2535 4859 4110 4955; baseline 0.003 -23"><span class='ocrx_word' id='word_1_754' title='bbox 2535 4867 2697 4944; x_wconf 71' lang='grc' dir='ltr'>πολῦς</span> <span class='ocrx_word' id='word_1_755' title='bbox 2739 4883 2853 4933; x_wconf 80' lang='grc' dir='ltr'>ἐστι</span> <span class='ocrx_word' id='word_1_756' title='bbox 2895 4880 3050 4948; x_wconf 87' lang='grc' dir='ltr'>λόγος</span> <span class='ocrx_word' id='word_1_757' title='bbox 3083 4859 3332 4951; x_wconf 43' lang='grc' dir='ltr'>παρόδτε</span> <span class='ocrx_word' id='word_1_758' title='bbox 3366 4882 3821 4952; x_wconf 65' lang='grc' dir='ltr'>εὐδοκιμωτάτοις</span> <span class='ocrx_word' id='word_1_759' title='bbox 3855 4889 4110 4955; x_wconf 76' lang='grc' dir='ltr'>μοναχοῖς</span> 
     </span>
    </p>
   </div>
   <div class='ocr_carea' id='block_1_100' title="bbox 2534 4960 4102 5047">
    <p class='ocr_par' dir='ltr' id='par_1_100' title="bbox 2534 4960 4102 5047">
     <span class='ocr_line' id='line_1_100' title="bbox 2534 4960 4102 5047; baseline 0.004 -23"><span class='ocrx_word' id='word_1_760' title='bbox 2534 4960 2630 5026; x_wconf 64' lang='grc' dir='ltr'><strong>καί</strong></span> <span class='ocrx_word' id='word_1_761' title='bbox 2653 4973 2962 5037; x_wconf 83' lang='grc' dir='ltr'>σπουδαίοις</span> <span class='ocrx_word' id='word_1_762' title='bbox 2997 4973 3288 5044; x_wconf 84' lang='grc' dir='ltr'>ἀνδράσιν,</span> <span class='ocrx_word' id='word_1_763' title='bbox 3317 4974 3475 5043; x_wconf 81' lang='grc' dir='ltr'>οἵπερ</span> <span class='ocrx_word' id='word_1_764' title='bbox 3517 4975 3680 5027; x_wconf 77' lang='grc' dir='ltr'>αὑτοῦ</span> <span class='ocrx_word' id='word_1_765' title='bbox 3713 4977 4102 5047; x_wconf 76' lang='grc' dir='ltr'>ἐπειράθησαν.</span> 
     </span>
    </p>
   </div>
   <div class='ocr_carea' id='block_1_101' title="bbox 2544 5065 4104 5142">
    <p class='ocr_par' dir='ltr' id='par_1_101' title="bbox 2544 5065 4104 5142">
     <span class='ocr_line' id='line_1_101' title="bbox 2544 5065 4104 5142; baseline 0.003 -24"><span class='ocrx_word' id='word_1_766' title='bbox 2544 5065 2605 5118; x_wconf 85' lang='grc' dir='ltr'>Ἣ</span> <span class='ocrx_word' id='word_1_767' title='bbox 2636 5065 2986 5136; x_wconf 77' lang='grc' dir='ltr'>δὲΜατρὼνα</span> <span class='ocrx_word' id='word_1_768' title='bbox 3014 5065 3171 5140; x_wconf 84' lang='grc' dir='ltr'>μέχρι</span> <span class='ocrx_word' id='word_1_769' title='bbox 3194 5067 3449 5136; x_wconf 81' lang='grc' dir='ltr'>τελευτῆς</span> <span class='ocrx_word' id='word_1_770' title='bbox 3469 5067 3524 5119; x_wconf 81' lang='grc' dir='ltr'><strong>ὲν</strong></span> <span class='ocrx_word' id='word_1_771' title='bbox 3553 5071 3618 5139; x_wconf 79' lang='grc' dir='ltr'>τῇ</span> <span class='ocrx_word' id='word_1_772' title='bbox 3647 5068 3911 5122; x_wconf 74' lang='grc' dir='ltr'>Κοσιλάου</span> <span class='ocrx_word' id='word_1_773' title='bbox 3941 5070 4104 5142; x_wconf 75' lang='grc' dir='ltr'>κώμῃ</span> 
     </span>
    </p>
   </div>
   <div class='ocr_carea' id='block_1_102' title="bbox 2057 5177 2911 5235">
    <p class='ocr_par' dir='ltr' id='par_1_102' title="bbox 2057 5177 2911 5235">
     <span class='ocr_line' id='line_1_102' title="bbox 2057 5177 2911 5235; baseline 0.002 -3"><span class='ocrx_word' id='word_1_774' title='bbox 2057 5177 2324 5233; x_wconf 76' lang='lat' dir='ltr'><strong>VALESH</strong></span> <span class='ocrx_word' id='word_1_775' title='bbox 2362 5178 2911 5235; x_wconf 75' lang='lat' dir='ltr'><strong>ANNOTATIONES.</strong></span> 
     </span>
    </p>
   </div>
   <div class='ocr_carea' id='block_1_103' title="bbox 920 5269 2422 5340">
    <p class='ocr_par' dir='ltr' id='par_1_103' title="bbox 920 5269 2422 5340">
     <span class='ocr_line' id='line_1_103' title="bbox 920 5269 2422 5340; baseline -0.001 -11"><span class='ocrx_word' id='word_1_776' title='bbox 920 5274 1030 5340; x_wconf 77' lang='lat'><strong>(57)</strong></span> <span class='ocrx_word' id='word_1_777' title='bbox 1073 5273 1288 5327; x_wconf 83' lang='grc' dir='ltr'>Εἵπετο</span> <span class='ocrx_word' id='word_1_778' title='bbox 1329 5272 1396 5325; x_wconf 81' lang='grc' dir='ltr'>δὲ</span> <span class='ocrx_word' id='word_1_779' title='bbox 1433 5269 1586 5340; x_wconf 74' lang='grc' dir='ltr'>αὐτῇ</span> <span class='ocrx_word' id='word_1_780' title='bbox 1633 5270 1927 5337; x_wconf 73' lang='grc' dir='ltr'>διάκονος.</span> <span class='ocrx_word' id='word_1_781' title='bbox 1983 5271 2228 5327; x_wconf 84' lang='lat' dir='ltr'><strong>Pessime</strong></span> <span class='ocrx_word' id='word_1_782' title='bbox 2278 5273 2422 5328; x_wconf 87' lang='lat' dir='ltr'><strong>hunc</strong></span> 
     </span>
    </p>
   </div>
   <div class='ocr_carea' id='block_1_104' title="bbox 849 5345 2417 5415">
    <p class='ocr_par' dir='ltr' id='par_1_104' title="bbox 849 5345 2417 5415">
     <span class='ocr_line' id='line_1_104' title="bbox 849 5345 2417 5415; baseline -0.001 -17"><span class='ocrx_word' id='word_1_783' title='bbox 849 5345 1026 5398; x_wconf 85' lang='lat' dir='ltr'><strong>locum</strong></span> <span class='ocrx_word' id='word_1_784' title='bbox 1072 5352 1352 5398; x_wconf 87' lang='lat' dir='ltr'><strong>verterunt</strong></span> <span class='ocrx_word' id='word_1_785' title='bbox 1402 5345 1752 5415; x_wconf 82' lang='lat' dir='ltr'><strong>interpretes,</strong></span> <span class='ocrx_word' id='word_1_786' title='bbox 1790 5345 2235 5415; x_wconf 84' lang='lat' dir='ltr'><strong>quivocabulnm</strong></span> <span class='ocrx_word' id='word_1_787' title='bbox 2282 5346 2417 5415; x_wconf 83' lang='grc' dir='ltr'><strong>αὑτῇ</strong></span> 
     </span>
    </p>
   </div>
   <div class='ocr_carea' id='block_1_105' title="bbox 848 5414 2418 5482">
    <p class='ocr_par' dir='ltr' id='par_1_105' title="bbox 848 5414 2418 5482">
     <span class='ocr_line' id='line_1_105' title="bbox 848 5414 2418 5482; baseline 0.001 -14"><span class='ocrx_word' id='word_1_788' title='bbox 848 5416 1038 5470; x_wconf 82' lang='lat' dir='ltr'><strong>referri</strong></span> <span class='ocrx_word' id='word_1_789' title='bbox 1087 5424 1353 5482; x_wconf 85' lang='lat' dir='ltr'><strong>putarunt</strong></span> <span class='ocrx_word' id='word_1_790' title='bbox 1410 5415 1475 5465; x_wconf 90' lang='lat' dir='ltr'><strong>ad</strong></span> <span class='ocrx_word' id='word_1_791' title='bbox 1526 5414 1791 5482; x_wconf 81' lang='lat' dir='ltr'><strong>virginem</strong></span> <span class='ocrx_word' id='word_1_792' title='bbox 1851 5414 1996 5466; x_wconf 86' lang='lat' dir='ltr'><strong>illam</strong></span> <span class='ocrx_word' id='word_1_793' title='bbox 2027 5455 2041 5477; x_wconf 90' lang='lat'><strong>,</strong></span> <span class='ocrx_word' id='word_1_794' title='bbox 2078 5429 2199 5468; x_wconf 91' lang='lat' dir='ltr'><strong>cum</strong></span> <span class='ocrx_word' id='word_1_795' title='bbox 2237 5414 2418 5469; x_wconf 87' lang='lat' dir='ltr'><strong>tamen</strong></span> 
     </span>
    </p>
   </div>
   <div class='ocr_carea' id='block_1_106' title="bbox 848 5482 2421 5554">
    <p class='ocr_par' dir='ltr' id='par_1_106' title="bbox 848 5482 2421 5554">
     <span class='ocr_line' id='line_1_106' title="bbox 848 5482 2421 5554; baseline 0 -14"><span class='ocrx_word' id='word_1_796' title='bbox 848 5486 1122 5540; x_wconf 80' lang='lat' dir='ltr'><strong>referatur</strong></span> <span class='ocrx_word' id='word_1_797' title='bbox 1152 5485 1214 5536; x_wconf 91' lang='lat' dir='ltr'><strong>ad</strong></span> <span class='ocrx_word' id='word_1_798' title='bbox 1241 5482 1502 5552; x_wconf 72' lang='grc' dir='ltr'>κεφαλήν,</span> <span class='ocrx_word' id='word_1_799' title='bbox 1539 5483 1591 5536; x_wconf 89' lang='lat' dir='ltr'><strong>id</strong></span> <span class='ocrx_word' id='word_1_800' title='bbox 1625 5495 1707 5537; x_wconf 87' lang='lat' dir='ltr'><strong>est</strong></span> <span class='ocrx_word' id='word_1_801' title='bbox 1732 5482 2143 5552; x_wconf 78' lang='lat' dir='ltr'><strong>caputJoannis</strong></span> <span class='ocrx_word' id='word_1_802' title='bbox 2168 5483 2421 5554; x_wconf 72' lang='lat' dir='ltr'><strong>Baptistae</strong></span> 
     </span>
    </p>
   </div>
   <div class='ocr_carea' id='block_1_107' title="bbox 849 5553 2418 5626">
    <p class='ocr_par' dir='ltr' id='par_1_107' title="bbox 849 5553 2418 5626">
     <span class='ocr_line' id='line_1_107' title="bbox 849 5553 2418 5626; baseline 0.001 -17"><span class='ocrx_word' id='word_1_803' title='bbox 849 5554 996 5626; x_wconf 87' lang='lat' dir='ltr'><strong>quod</strong></span> <span class='ocrx_word' id='word_1_804' title='bbox 1027 5555 1483 5626; x_wconf 79' lang='lat' dir='ltr'><strong>servabat__virgo</strong></span> <span class='ocrx_word' id='word_1_805' title='bbox 1535 5553 1654 5617; x_wconf 81' lang='lat' dir='ltr'><strong>illa,</strong></span> <span class='ocrx_word' id='word_1_806' title='bbox 1699 5563 1751 5607; x_wconf 89' lang='lat' dir='ltr'><strong>ct</strong></span> <span class='ocrx_word' id='word_1_807' title='bbox 1794 5556 1881 5608; x_wconf 94' lang='lat' dir='ltr'><strong>cui</strong></span> <span class='ocrx_word' id='word_1_808' title='bbox 1913 5565 2171 5626; x_wconf 76' lang='lat' dir='ltr'><strong>tanquam</strong></span> <span class='ocrx_word' id='word_1_809' title='bbox 2215 5553 2418 5610; x_wconf 73' lang='lat' dir='ltr'><strong>l&#39;ainula</strong></span> 
     </span>
    </p>
   </div>
   <div class='ocr_carea' id='block_1_108' title="bbox 851 5623 2415 5696">
    <p class='ocr_par' dir='ltr' id='par_1_108' title="bbox 851 5623 2415 5696">
     <span class='ocr_line' id='line_1_108' title="bbox 851 5623 2415 5696; baseline 0.001 -18"><span class='ocrx_word' id='word_1_810' title='bbox 851 5623 1216 5696; x_wconf 76' lang='lat' dir='ltr'><strong>ministrabat.</strong></span> <span class='ocrx_word' id='word_1_811' title='bbox 1284 5623 1379 5677; x_wconf 88' lang='lat' dir='ltr'><strong>llic</strong></span> <span class='ocrx_word' id='word_1_812' title='bbox 1440 5634 1524 5679; x_wconf 78' lang='lat' dir='ltr'><strong>est</strong></span> <span class='ocrx_word' id='word_1_813' title='bbox 1586 5640 1791 5696; x_wconf 73' lang='lat' dir='ltr'><strong>sensus</strong></span> <span class='ocrx_word' id='word_1_814' title='bbox 1830 5625 1995 5693; x_wconf 87' lang='lat' dir='ltr'><strong>hujus</strong></span> <span class='ocrx_word' id='word_1_815' title='bbox 2032 5623 2200 5690; x_wconf 62' lang='lat' dir='ltr'><strong>&#39;loci,</strong></span> <span class='ocrx_word' id='word_1_816' title='bbox 2254 5643 2415 5696; x_wconf 90' lang='lat' dir='ltr'><strong>quem</strong></span> 
     </span>
    </p>
   </div>
   <div class='ocr_carea' id='block_1_109' title="bbox 848 5695 2415 5765">
    <p class='ocr_par' dir='ltr' id='par_1_109' title="bbox 848 5695 2415 5765">
     <span class='ocr_line' id='line_1_109' title="bbox 848 5695 2415 5765; baseline -0.001 -15"><span class='ocrx_word' id='word_1_817' title='bbox 848 5695 1187 5764; x_wconf 80' lang='lat' dir='ltr'><strong>Nicephorns</strong></span> <span class='ocrx_word' id='word_1_818' title='bbox 1221 5697 1424 5762; x_wconf 87' lang='lat' dir='ltr'><strong>optime</strong></span> <span class='ocrx_word' id='word_1_819' title='bbox 1462 5696 1731 5765; x_wconf 71' lang='lat' dir='ltr'><strong>expressit</strong></span> <span class='ocrx_word' id='word_1_820' title='bbox 1778 5695 1836 5765; x_wconf 84' lang='lat' dir='ltr'><strong>in</strong></span> <span class='ocrx_word' id='word_1_821' title='bbox 1877 5711 1996 5764; x_wconf 88' lang='lat' dir='ltr'><strong>cap.</strong></span> <span class='ocrx_word' id='word_1_822' title='bbox 2047 5697 2136 5760; x_wconf 69' lang='lat'><strong>49,</strong></span> <span class='ocrx_word' id='word_1_823' title='bbox 2186 5695 2284 5753; x_wconf 65' lang='lat' dir='ltr'><strong>lib.</strong></span> <span class='ocrx_word' id='word_1_824' title='bbox 2317 5713 2415 5750; x_wconf 80' lang='lat' dir='ltr'><strong>xu.</strong></span> 
     </span>
    </p>
   </div>
   <div class='ocr_carea' id='block_1_110' title="bbox 919 5763 2417 5837">
    <p class='ocr_par' dir='ltr' id='par_1_110' title="bbox 919 5763 2417 5837">
     <span class='ocr_line' id='line_1_110' title="bbox 919 5763 2417 5837; baseline 0 -17"><span class='ocrx_word' id='word_1_825' title='bbox 919 5763 1030 5836; x_wconf 74' lang='lat'><strong>(58)</strong></span> <span class='ocrx_word' id='word_1_826' title='bbox 1075 5767 1199 5834; x_wconf 77' lang='grc' dir='ltr'><strong>Οὐχ</strong></span> <span class='ocrx_word' id='word_1_827' title='bbox 1233 5763 1547 5832; x_wconf 70' lang='grc' dir='ltr'>ἡγήσαντο</span> <span class='ocrx_word' id='word_1_828' title='bbox 1571 5763 1738 5837; x_wconf 27' lang='grc' dir='ltr'>δεῖνι-</span> <span class='ocrx_word' id='word_1_829' title='bbox 1771 5763 2132 5820; x_wconf 81' lang='lat' dir='ltr'><strong>Scribendttm</strong></span> <span class='ocrx_word' id='word_1_830' title='bbox 2169 5778 2250 5823; x_wconf 84' lang='lat' dir='ltr'><strong>est</strong></span> <span class='ocrx_word' id='word_1_831' title='bbox 2281 5769 2417 5837; x_wconf 74' lang='grc' dir='ltr'><strong>ἡγή-</strong></span> 
     </span>
    </p>
   </div>
   <div class='ocr_carea' id='block_1_111' title="bbox 849 5835 2053 5905">
    <p class='ocr_par' dir='ltr' id='par_1_111' title="bbox 849 5835 2053 5905">
     <span class='ocr_line' id='line_1_111' title="bbox 849 5835 2053 5905; baseline 0 -17"><span class='ocrx_word' id='word_1_832' title='bbox 849 5835 1493 5905; x_wconf 55' lang='grc' dir='ltr'>σατο,⁷(ιιιιιιιιιιιιιιιυιίιιιιι</span> <span class='ocrx_word' id='word_1_833' title='bbox 1531 5837 1658 5904; x_wconf 80' lang='lat' dir='ltr'><strong>legit</strong></span> <span class='ocrx_word' id='word_1_834' title='bbox 1698 5835 2053 5904; x_wconf 65' lang='lat' dir='ltr'><strong>Nicephorum.</strong></span> 
     </span>
    </p>
   </div>
   <div class='ocr_carea' id='block_1_112' title="bbox 921 5906 2412 5976">
    <p class='ocr_par' dir='ltr' id='par_1_112' title="bbox 921 5906 2412 5976">
     <span class='ocr_line' id='line_1_112' title="bbox 921 5906 2412 5976; baseline 0 -16"><span class='ocrx_word' id='word_1_835' title='bbox 921 5910 1031 5975; x_wconf 52' lang='lat' dir='ltr'><strong>(hil)</strong></span> <span class='ocrx_word' id='word_1_836' title='bbox 1069 5908 1198 5975; x_wconf 73' lang='grc' dir='ltr'>Περὶ</span> <span class='ocrx_word' id='word_1_837' title='bbox 1234 5907 1416 5960; x_wconf 77' lang='grc' dir='ltr'>ταῦτα</span> <span class='ocrx_word' id='word_1_838' title='bbox 1442 5906 1766 5976; x_wconf 50' lang='grc' dir='ltr'>Ιερωγθέγος.</span> <span class='ocrx_word' id='word_1_839' title='bbox 1811 5907 1960 5962; x_wconf 73' lang='grc' dir='ltr'>ΙἸυιις</span> <span class='ocrx_word' id='word_1_840' title='bbox 1994 5909 2168 5962; x_wconf 74' lang='lat' dir='ltr'><strong>locum</strong></span> <span class='ocrx_word' id='word_1_841' title='bbox 2203 5911 2412 5964; x_wconf 72' lang='lat' dir='ltr'><strong>correxi</strong></span> 
     </span>
    </p>
   </div>
   <div class='ocr_carea' id='block_1_113' title="bbox 2529 5273 4099 5348">
    <p class='ocr_par' dir='ltr' id='par_1_113' title="bbox 2529 5273 4099 5348">
     <span class='ocr_line' id='line_1_113' title="bbox 2529 5273 4099 5348; baseline 0.004 -22"><span class='ocrx_word' id='word_1_842' title='bbox 2529 5289 2624 5348; x_wconf 58' lang='grc' dir='ltr'><strong>(ἐκΔ</strong></span> <span class='ocrx_word' id='word_1_843' title='bbox 2653 5274 2844 5348; x_wconf 87' lang='lat' dir='ltr'><strong>codice</strong></span> <span class='ocrx_word' id='word_1_844' title='bbox 2873 5273 3224 5348; x_wconf 33' lang='lat' dir='ltr'><strong>_.I“ultetiano,</strong></span> <span class='ocrx_word' id='word_1_845' title='bbox 3268 5277 3320 5330; x_wconf 91' lang='lat' dir='ltr'><strong>in</strong></span> <span class='ocrx_word' id='word_1_846' title='bbox 3365 5293 3474 5347; x_wconf 91' lang='lat' dir='ltr'><strong>quo</strong></span> <span class='ocrx_word' id='word_1_847' title='bbox 3523 5280 3785 5348; x_wconf 89' lang='lat' dir='ltr'><strong>scriptum</strong></span> <span class='ocrx_word' id='word_1_848' title='bbox 3847 5289 3926 5333; x_wconf 89' lang='lat' dir='ltr'><strong>est</strong></span> <span class='ocrx_word' id='word_1_849' title='bbox 3972 5284 4099 5348; x_wconf 72' lang='grc' dir='ltr'>περὶ</span> 
     </span>
    </p>
   </div>
   <div class='ocr_carea' id='block_1_114' title="bbox 2528 5344 4098 5418">
    <p class='ocr_par' dir='ltr' id='par_1_114' title="bbox 2528 5344 4098 5418">
     <span class='ocr_line' id='line_1_114' title="bbox 2528 5344 4098 5418; baseline 0.006 -22"><span class='ocrx_word' id='word_1_850' title='bbox 2528 5344 2736 5418; x_wconf 77' lang='grc' dir='ltr'>ταύτην</span> <span class='ocrx_word' id='word_1_851' title='bbox 2767 5345 3060 5416; x_wconf 76' lang='grc' dir='ltr'>ἱερώμενος</span> <span class='ocrx_word' id='word_1_852' title='bbox 3097 5358 3320 5402; x_wconf 85' lang='lat' dir='ltr'><strong>accentu</strong></span> <span class='ocrx_word' id='word_1_853' title='bbox 3345 5344 3396 5401; x_wconf 79' lang='lat' dir='ltr'><strong>in</strong></span> <span class='ocrx_word' id='word_1_854' title='bbox 3430 5344 3873 5418; x_wconf 78' lang='lat' dir='ltr'><strong>antepenttltima.</strong></span> <span class='ocrx_word' id='word_1_855' title='bbox 3908 5349 3958 5402; x_wconf 92' lang='lat' dir='ltr'><strong>Id</strong></span> <span class='ocrx_word' id='word_1_856' title='bbox 3993 5344 4098 5406; x_wconf 60' lang='lat' dir='ltr'><strong>est.</strong></span> 
     </span>
    </p>
   </div>
   <div class='ocr_carea' id='block_1_115' title="bbox 2529 5415 4104 5489">
    <p class='ocr_par' dir='ltr' id='par_1_115' title="bbox 2529 5415 4104 5489">
     <span class='ocr_line' id='line_1_115' title="bbox 2529 5415 4104 5489; baseline 0.004 -22"><span class='ocrx_word' id='word_1_857' title='bbox 2529 5431 2684 5489; x_wconf 70' lang='lat' dir='ltr'><strong>sacra</strong></span> <span class='ocrx_word' id='word_1_858' title='bbox 2711 5415 2911 5489; x_wconf 56' lang='lat' dir='ltr'><strong>faciens</strong></span> <span class='ocrx_word' id='word_1_859' title='bbox 2945 5418 3114 5489; x_wconf 72' lang='lat' dir='ltr'><strong>juxta</strong></span> <span class='ocrx_word' id='word_1_860' title='bbox 3150 5435 3330 5472; x_wconf 87' lang='lat' dir='ltr'><strong>arcam</strong></span> <span class='ocrx_word' id='word_1_861' title='bbox 3363 5421 3533 5472; x_wconf 77' lang='lat' dir='ltr'><strong>illam.</strong></span> <span class='ocrx_word' id='word_1_862' title='bbox 3560 5415 3676 5474; x_wconf 83' lang='lat' dir='ltr'><strong>Mos</strong></span> <span class='ocrx_word' id='word_1_863' title='bbox 3706 5420 3851 5474; x_wconf 87' lang='lat' dir='ltr'><strong>enim</strong></span> <span class='ocrx_word' id='word_1_864' title='bbox 3886 5436 4104 5489; x_wconf 80' lang='lat' dir='ltr'><strong>semper</strong></span> 
     </span>
    </p>
   </div>
   <div class='ocr_carea' id='block_1_116' title="bbox 2530 5486 4102 5559">
    <p class='ocr_par' dir='ltr' id='par_1_116' title="bbox 2530 5486 4102 5559">
     <span class='ocr_line' id='line_1_116' title="bbox 2530 5486 4102 5559; baseline 0.003 -22"><span class='ocrx_word' id='word_1_865' title='bbox 2530 5486 2631 5559; x_wconf 80' lang='lat' dir='ltr'><strong>fuit</strong></span> <span class='ocrx_word' id='word_1_866' title='bbox 2659 5488 2799 5559; x_wconf 88' lang='lat' dir='ltr'><strong>apttd</strong></span> <span class='ocrx_word' id='word_1_867' title='bbox 2827 5487 3193 5550; x_wconf 88' lang='lat' dir='ltr'><strong>Christianos,</strong></span> <span class='ocrx_word' id='word_1_868' title='bbox 3232 5497 3290 5542; x_wconf 92' lang='lat' dir='ltr'><strong>ut</strong></span> <span class='ocrx_word' id='word_1_869' title='bbox 3325 5499 3640 5544; x_wconf 85' lang='lat' dir='ltr'><strong>sanctorum</strong></span> <span class='ocrx_word' id='word_1_870' title='bbox 3667 5491 3924 5557; x_wconf 86' lang='lat' dir='ltr'><strong>reliquias</strong></span> <span class='ocrx_word' id='word_1_871' title='bbox 3945 5486 4102 5559; x_wconf 73' lang='lat' dir='ltr'><strong>repo-</strong></span> 
     </span>
    </p>
   </div>
   <div class='ocr_carea' id='block_1_117' title="bbox 2527 5557 4105 5628">
    <p class='ocr_par' dir='ltr' id='par_1_117' title="bbox 2527 5557 4105 5628">
     <span class='ocr_line' id='line_1_117' title="bbox 2527 5557 4105 5628; baseline 0.003 -18"><span class='ocrx_word' id='word_1_872' title='bbox 2527 5558 2662 5610; x_wconf 90' lang='lat' dir='ltr'><strong>sitas</strong></span> <span class='ocrx_word' id='word_1_873' title='bbox 2697 5557 2965 5628; x_wconf 80' lang='lat' dir='ltr'><strong>haberent</strong></span> <span class='ocrx_word' id='word_1_874' title='bbox 2989 5561 3091 5612; x_wconf 85' lang='lat' dir='ltr'><strong>sub</strong></span> <span class='ocrx_word' id='word_1_875' title='bbox 3140 5562 3297 5614; x_wconf 84' lang='lat' dir='ltr'><strong>altari</strong></span> <span class='ocrx_word' id='word_1_876' title='bbox 3331 5565 3382 5614; x_wconf 90' lang='lat' dir='ltr'><strong>in</strong></span> <span class='ocrx_word' id='word_1_877' title='bbox 3411 5577 3518 5628; x_wconf 89' lang='lat' dir='ltr'><strong>quo</strong></span> <span class='ocrx_word' id='word_1_878' title='bbox 3559 5561 3886 5616; x_wconf 83' lang='lat' dir='ltr'><strong>sacriﬁcium</strong></span> <span class='ocrx_word' id='word_1_879' title='bbox 3922 5557 4105 5615; x_wconf 71' lang='lat' dir='ltr'><strong>mis-sa.-</strong></span> 
     </span>
    </p>
   </div>
   <div class='ocr_carea' id='block_1_118' title="bbox 2526 5626 4099 5710">
    <p class='ocr_par' dir='ltr' id='par_1_118' title="bbox 2526 5626 4099 5710">
     <span class='ocr_line' id='line_1_118' title="bbox 2526 5626 4099 5710; baseline 0.004 -29"><span class='ocrx_word' id='word_1_880' title='bbox 2526 5627 2903 5710; x_wconf 64' lang='lat' dir='ltr'><strong>peragebatur.</strong></span> <span class='ocrx_word' id='word_1_881' title='bbox 2952 5626 3136 5696; x_wconf 88' lang='lat' dir='ltr'><strong>Itaque</strong></span> <span class='ocrx_word' id='word_1_882' title='bbox 3179 5647 3275 5700; x_wconf 87' lang='lat' dir='ltr'><strong>pro</strong></span> <span class='ocrx_word' id='word_1_883' title='bbox 3305 5626 3894 5710; x_wconf 36' lang='lat' dir='ltr'><strong>_rr:p_£,_posset-5crib_i</strong></span> <span class='ocrx_word' id='word_1_884' title='bbox 3937 5633 4099 5701; x_wconf 77' lang='grc' dir='ltr'>ὑπὲρ.</span> 
     </span>
    </p>
   </div>
   <div class='ocr_carea' id='block_1_119' title="bbox 2527 5696 4096 5772">
    <p class='ocr_par' dir='ltr' id='par_1_119' title="bbox 2527 5696 4096 5772">
     <span class='ocr_line' id='line_1_119' title="bbox 2527 5696 4096 5772; baseline 0.006 -24"><span class='ocrx_word' id='word_1_885' title='bbox 2527 5699 2594 5749; x_wconf 89' lang='lat' dir='ltr'><strong>At</strong></span> <span class='ocrx_word' id='word_1_886' title='bbox 2629 5696 2983 5772; x_wconf 27' lang='lat' dir='ltr'><strong>Nicephorus‘</strong></span> <span class='ocrx_word' id='word_1_887' title='bbox 3011 5696 3274 5770; x_wconf 79' lang='lat' dir='ltr'><strong>scriptum</strong></span> <span class='ocrx_word' id='word_1_888' title='bbox 3304 5696 3462 5755; x_wconf 71' lang='lat' dir='ltr'><strong>habet</strong></span> <span class='ocrx_word' id='word_1_889' title='bbox 3491 5696 3578 5755; x_wconf 68' lang='grc' dir='ltr'>δὶά</span> <span class='ocrx_word' id='word_1_890' title='bbox 3622 5701 3825 5772; x_wconf 75' lang='grc' dir='ltr'>ταύτην</span> <span class='ocrx_word' id='word_1_891' title='bbox 3867 5696 4096 5770; x_wconf 67' lang='grc' dir='ltr'>ἱερωμέ-</span> 
     </span>
    </p>
   </div>
   <div class='ocr_carea' id='block_1_120' title="bbox 2523 5768 4102 5842">
    <p class='ocr_par' dir='ltr' id='par_1_120' title="bbox 2523 5768 4102 5842">
     <span class='ocr_line' id='line_1_120' title="bbox 2523 5768 4102 5842; baseline 0.003 -22"><span class='ocrx_word' id='word_1_892' title='bbox 2523 5785 2630 5842; x_wconf 66' lang='lat' dir='ltr'><strong>veg,</strong></span> <span class='ocrx_word' id='word_1_893' title='bbox 2673 5771 2923 5842; x_wconf 82' lang='lat' dir='ltr'><strong>pessime.</strong></span> <span class='ocrx_word' id='word_1_894' title='bbox 2958 5768 3267 5840; x_wconf 77' lang='lat' dir='ltr'><strong>Paulopost</strong></span> <span class='ocrx_word' id='word_1_895' title='bbox 3299 5772 3387 5825; x_wconf 90' lang='lat' dir='ltr'><strong>tthi</strong></span> <span class='ocrx_word' id='word_1_896' title='bbox 3423 5774 3640 5842; x_wconf 88' lang='lat' dir='ltr'><strong>legitur,</strong></span> <span class='ocrx_word' id='word_1_897' title='bbox 3674 5768 3961 5842; x_wconf 46' lang='lat' dir='ltr'><strong>magis.</strong></span> <span class='ocrx_word' id='word_1_898' title='bbox 4003 5768 4102 5824; x_wconf 77' lang='grc' dir='ltr'>κα-</span> 
     </span>
    </p>
   </div>
   <div class='ocr_carea' id='block_1_121' title="bbox 2523 5839 4099 5915">
    <p class='ocr_par' dir='ltr' id='par_1_121' title="bbox 2523 5839 4099 5915">
     <span class='ocr_line' id='line_1_121' title="bbox 2523 5839 4099 5915; baseline 0.006 -27"><span class='ocrx_word' id='word_1_899' title='bbox 2523 5839 2784 5900; x_wconf 79' lang='grc' dir='ltr'>ταλιπών,</span> <span class='ocrx_word' id='word_1_900' title='bbox 2806 5841 3030 5895; x_wconf 71' lang='lat' dir='ltr'><strong>delenda</strong></span> <span class='ocrx_word' id='word_1_901' title='bbox 3057 5839 3498 5912; x_wconf 64' lang='lat' dir='ltr'><strong>estconjunclio,</strong></span> <span class='ocrx_word' id='word_1_902' title='bbox 3529 5860 3690 5915; x_wconf 86' lang='lat' dir='ltr'><strong>quam</strong></span> <span class='ocrx_word' id='word_1_903' title='bbox 3713 5858 3810 5898; x_wconf 82' lang='lat' dir='ltr'><strong>nec</strong></span> <span class='ocrx_word' id='word_1_904' title='bbox 3833 5841 4099 5908; x_wconf 69' lang='lat' dir='ltr'><strong>Nicepho-</strong></span> 
     </span>
    </p>
   </div>
   <div class='ocr_carea' id='block_1_122' title="bbox 2528 5915 2922 5982">
    <p class='ocr_par' dir='ltr' id='par_1_122' title="bbox 2528 5915 2922 5982">
     <span class='ocr_line' id='line_1_122' title="bbox 2528 5915 2922 5982; baseline 0.005 -20"><span class='ocrx_word' id='word_1_905' title='bbox 2528 5925 2619 5965; x_wconf 85' lang='lat' dir='ltr'><strong>rus</strong></span> <span class='ocrx_word' id='word_1_906' title='bbox 2657 5915 2922 5982; x_wconf 70' lang='lat' dir='ltr'><strong>agnoscit.</strong></span> 
     </span>
    </p>
   </div>
  </div>
