  <div class='ocr_page' id='page_1' title='image "/cluster/home/n/w/nwhite01/storage/ocr_20150623/67/pst.000009865921/810.png"; bbox 0 0 4460 6634; ppageno 0'>
   <div class='ocr_carea' id='block_1_1' title="bbox 380 468 518 525">
    <p class='ocr_par' dir='ltr' id='par_1_1' title="bbox 380 468 518 525">
     <span class='ocr_line' id='line_1_1' title="bbox 380 468 518 525; baseline 0 -2"><span class='ocrx_word' id='word_1_1' title='bbox 380 468 518 525; x_wconf 76' lang='lat' dir='ltr'><strong>H85</strong></span> 
     </span>
    </p>
   </div>
   <div class='ocr_carea' id='block_1_2' title="bbox 1374 462 2720 523">
    <p class='ocr_par' dir='ltr' id='par_1_2' title="bbox 1374 462 2720 523">
     <span class='ocr_line' id='line_1_2' title="bbox 1374 462 2720 523; baseline -0.004 0"><span class='ocrx_word' id='word_1_2' title='bbox 1374 468 1695 523; x_wconf 78' lang='lat' dir='ltr'><strong>HISTORIA</strong></span> <span class='ocrx_word' id='word_1_3' title='bbox 1736 464 2289 523; x_wconf 76' lang='lat' dir='ltr'><strong>ECCLESIASTICA.</strong></span> <span class='ocrx_word' id='word_1_4' title='bbox 2330 495 2399 506; x_wconf 80' lang='lat'><strong>--</strong></span> <span class='ocrx_word' id='word_1_5' title='bbox 2438 463 2566 520; x_wconf 85' lang='lat' dir='ltr'><strong>LIB.</strong></span> <span class='ocrx_word' id='word_1_6' title='bbox 2610 462 2720 519; x_wconf 80' lang='lat' dir='ltr'><strong>VII.</strong></span> 
     </span>
    </p>
   </div>
   <div class='ocr_carea' id='block_1_3' title="bbox 3523 463 3662 521">
    <p class='ocr_par' dir='ltr' id='par_1_3' title="bbox 3523 463 3662 521">
     <span class='ocr_line' id='line_1_3' title="bbox 3523 463 3662 521; baseline 0.007 -3"><span class='ocrx_word' id='word_1_7' title='bbox 3523 463 3662 521; x_wconf 71' lang='lat' dir='ltr'><strong>H86</strong></span> 
     </span>
    </p>
   </div>
   <div class='ocr_carea' id='block_1_4' title="bbox 373 580 2134 658">
    <p class='ocr_par' dir='ltr' id='par_1_4' title="bbox 373 585 2125 658">
     <span class='ocr_line' id='line_1_4' title="bbox 373 585 2125 658; baseline 0.001 -19"><span class='ocrx_word' id='word_1_8' title='bbox 373 588 611 657; x_wconf 72' lang='grc' dir='ltr'>διέτριϐε</span> <span class='ocrx_word' id='word_1_9' title='bbox 637 603 648 616; x_wconf 94' lang='grc'><strong>·</strong></span> <span class='ocrx_word' id='word_1_10' title='bbox 677 585 864 639; x_wconf 81' lang='grc' dir='ltr'>διεόίω</span> <span class='ocrx_word' id='word_1_11' title='bbox 887 585 941 640; x_wconf 82' lang='grc' dir='ltr'>δὲ</span> <span class='ocrx_word' id='word_1_12' title='bbox 970 585 1309 658; x_wconf 76' lang='grc' dir='ltr'>ἱεροπρεπῶς</span> <span class='ocrx_word' id='word_1_13' title='bbox 1343 586 1486 656; x_wconf 83' lang='grc' dir='ltr'>μάλα</span> <span class='ocrx_word' id='word_1_14' title='bbox 1517 585 1612 639; x_wconf 79' lang='grc' dir='ltr'><strong>καὶ</strong></span> <span class='ocrx_word' id='word_1_15' title='bbox 1647 586 1963 655; x_wconf 78' lang='grc' dir='ltr'><strong>σωφρόνως,</strong></span> <span class='ocrx_word' id='word_1_16' title='bbox 1996 590 2042 646; x_wconf 86' lang='grc' dir='ltr'>Λ</span> <span class='ocrx_word' id='word_1_17' title='bbox 2071 594 2125 640; x_wconf 90' lang='lat' dir='ltr'><strong>et</strong></span> 
     </span>
    </p>
   </div>
   <div class='ocr_carea' id='block_1_5' title="bbox 1894 580 3655 658">
    <p class='ocr_par' dir='ltr' id='par_1_5' title="bbox 1894 580 3655 655">
     <span class='ocr_line' id='line_1_5' title="bbox 1894 580 3655 655; baseline -0.001 -18"><span class='ocrx_word' id='word_1_18' title='bbox 1894 603 1963 651; x_wconf 69' lang='grc' dir='ltr'><strong>ις,</strong></span> <span class='ocrx_word' id='word_1_19' title='bbox 1996 590 2042 646; x_wconf 84' lang='grc' dir='ltr'>Λ</span> <span class='ocrx_word' id='word_1_20' title='bbox 2071 594 2125 640; x_wconf 92' lang='lat' dir='ltr'><strong>et</strong></span> <span class='ocrx_word' id='word_1_21' title='bbox 2159 583 2453 655; x_wconf 89' lang='lat' dir='ltr'><strong>multiplici</strong></span> <span class='ocrx_word' id='word_1_22' title='bbox 2487 593 2602 637; x_wconf 91' lang='lat' dir='ltr'><strong>tum</strong></span> <span class='ocrx_word' id='word_1_23' title='bbox 2637 580 2960 655; x_wconf 76' lang='lat' dir='ltr'><strong>gentilium,</strong></span> <span class='ocrx_word' id='word_1_24' title='bbox 2996 586 3112 636; x_wconf 93' lang='lat' dir='ltr'><strong>tum</strong></span> <span class='ocrx_word' id='word_1_25' title='bbox 3140 580 3655 641; x_wconf 72' lang='lat' dir='ltr'><strong>ecclesiasticarum</strong></span> 
     </span>
    </p>
   </div>
   <div class='ocr_carea' id='block_1_6' title="bbox 377 671 1962 749">
    <p class='ocr_par' dir='ltr' id='par_1_6' title="bbox 377 671 1962 749">
     <span class='ocr_line' id='line_1_6' title="bbox 377 671 1962 749; baseline 0 -20"><span class='ocrx_word' id='word_1_26' title='bbox 377 677 536 749; x_wconf 81' lang='grc' dir='ltr'>ἱερῶν</span> <span class='ocrx_word' id='word_1_27' title='bbox 589 676 875 749; x_wconf 86' lang='grc' dir='ltr'>παρθένων</span> <span class='ocrx_word' id='word_1_28' title='bbox 921 678 1233 749; x_wconf 80' lang='grc' dir='ltr'><strong>ἡγουμένη·</strong></span> <span class='ocrx_word' id='word_1_29' title='bbox 1281 671 1357 729; x_wconf 82' lang='grc' dir='ltr'><strong>ὧν</strong></span> <span class='ocrx_word' id='word_1_30' title='bbox 1397 677 1567 731; x_wconf 83' lang='grc' dir='ltr'>είσέτι</span> <span class='ocrx_word' id='word_1_31' title='bbox 1614 675 1711 730; x_wconf 77' lang='grc' dir='ltr'><strong>νῦν</strong></span> <span class='ocrx_word' id='word_1_32' title='bbox 1760 677 1962 740; x_wconf 77' lang='grc' dir='ltr'>πολλὰς</span> 
     </span>
    </p>
   </div>
   <div class='ocr_carea' id='block_1_7' title="bbox 372 769 1963 843">
    <p class='ocr_par' dir='ltr' id='par_1_7' title="bbox 372 769 1963 843">
     <span class='ocr_line' id='line_1_7' title="bbox 372 769 1963 843; baseline 0.001 -21"><span class='ocrx_word' id='word_1_33' title='bbox 372 773 644 841; x_wconf 86' lang='grc' dir='ltr'>περιεῖναι</span> <span class='ocrx_word' id='word_1_34' title='bbox 672 769 954 842; x_wconf 77' lang='grc' dir='ltr'><strong>ἐπυθόμην</strong></span> <span class='ocrx_word' id='word_1_35' title='bbox 974 812 987 833; x_wconf 90' lang='grc'><strong>,</strong></span> <span class='ocrx_word' id='word_1_36' title='bbox 1024 773 1124 840; x_wconf 83' lang='grc' dir='ltr'>τῆς</span> <span class='ocrx_word' id='word_1_37' title='bbox 1165 771 1269 823; x_wconf 82' lang='grc' dir='ltr'>ὑπὸ</span> <span class='ocrx_word' id='word_1_38' title='bbox 1289 771 1598 843; x_wconf 77' lang='grc' dir='ltr'>Ματρώναν</span> <span class='ocrx_word' id='word_1_39' title='bbox 1628 770 1963 834; x_wconf 81' lang='grc' dir='ltr'><strong>παιδεύσεως</strong></span> 
     </span>
    </p>
   </div>
   <div class='ocr_carea' id='block_1_8' title="bbox 371 856 1016 933">
    <p class='ocr_par' dir='ltr' id='par_1_8' title="bbox 371 856 1016 933">
     <span class='ocr_line' id='line_1_8' title="bbox 371 856 1016 933; baseline -0.002 -19"><span class='ocrx_word' id='word_1_40' title='bbox 371 861 522 926; x_wconf 78' lang='grc' dir='ltr'>ἄξιον</span> <span class='ocrx_word' id='word_1_41' title='bbox 562 860 835 931; x_wconf 82' lang='grc' dir='ltr'><strong>φερούσας</strong></span> <span class='ocrx_word' id='word_1_42' title='bbox 863 856 1016 933; x_wconf 82' lang='grc' dir='ltr'>ἦθος.</span> 
     </span>
    </p>
   </div>
   <div class='ocr_carea' id='block_1_9' title="bbox 2072 674 3659 750">
    <p class='ocr_par' dir='ltr' id='par_1_9' title="bbox 2072 674 3659 750">
     <span class='ocr_line' id='line_1_9' title="bbox 2072 674 3659 750; baseline -0.004 -15"><span class='ocrx_word' id='word_1_43' title='bbox 2072 680 2409 750; x_wconf 90' lang='lat' dir='ltr'><strong>scriptorum</strong></span> <span class='ocrx_word' id='word_1_44' title='bbox 2442 678 2753 747; x_wconf 89' lang='lat' dir='ltr'><strong>cognitione</strong></span> <span class='ocrx_word' id='word_1_45' title='bbox 2789 676 2891 730; x_wconf 87' lang='lat' dir='ltr'><strong>fuit</strong></span> <span class='ocrx_word' id='word_1_46' title='bbox 2931 676 3260 731; x_wconf 91' lang='lat' dir='ltr'><strong>instructus.</strong></span> <span class='ocrx_word' id='word_1_47' title='bbox 3302 674 3447 730; x_wconf 89' lang='lat' dir='ltr'><strong>Idem</strong></span> <span class='ocrx_word' id='word_1_48' title='bbox 3487 674 3659 729; x_wconf 86' lang='lat' dir='ltr'><strong>mori-</strong></span> 
     </span>
    </p>
   </div>
   <div class='ocr_carea' id='block_1_10' title="bbox 2072 764 3660 838">
    <p class='ocr_par' dir='ltr' id='par_1_10' title="bbox 2072 764 3660 838">
     <span class='ocr_line' id='line_1_10' title="bbox 2072 764 3660 838; baseline -0.003 -15"><span class='ocrx_word' id='word_1_49' title='bbox 2072 768 2175 825; x_wconf 88' lang='lat' dir='ltr'><strong>bus</strong></span> <span class='ocrx_word' id='word_1_50' title='bbox 2204 768 2387 823; x_wconf 83' lang='lat' dir='ltr'><strong>civilis</strong></span> <span class='ocrx_word' id='word_1_51' title='bbox 2420 781 2484 821; x_wconf 90' lang='lat' dir='ltr'><strong>ac</strong></span> <span class='ocrx_word' id='word_1_52' title='bbox 2514 766 2868 829; x_wconf 87' lang='lat' dir='ltr'><strong>moderatus,</strong></span> <span class='ocrx_word' id='word_1_53' title='bbox 2911 766 3039 822; x_wconf 89' lang='lat' dir='ltr'><strong>licet</strong></span> <span class='ocrx_word' id='word_1_54' title='bbox 3074 764 3391 838; x_wconf 88' lang='lat' dir='ltr'><strong>imperatori</strong></span> <span class='ocrx_word' id='word_1_55' title='bbox 3428 774 3481 820; x_wconf 91' lang='lat' dir='ltr'><strong>et</strong></span> <span class='ocrx_word' id='word_1_56' title='bbox 3520 766 3660 819; x_wconf 85' lang='lat' dir='ltr'><strong>auli-</strong></span> 
     </span>
    </p>
   </div>
   <div class='ocr_carea' id='block_1_11' title="bbox 2070 857 3654 929">
    <p class='ocr_par' dir='ltr' id='par_1_11' title="bbox 2070 857 3654 929">
     <span class='ocr_line' id='line_1_11' title="bbox 2070 857 3654 929; baseline -0.002 -14"><span class='ocrx_word' id='word_1_57' title='bbox 2070 861 2151 917; x_wconf 89' lang='lat' dir='ltr'><strong>cis</strong></span> <span class='ocrx_word' id='word_1_58' title='bbox 2185 860 2479 916; x_wconf 81' lang='lat' dir='ltr'><strong>familiaris</strong></span> <span class='ocrx_word' id='word_1_59' title='bbox 2509 868 2688 925; x_wconf 84' lang='lat' dir='ltr'><strong>esset,</strong></span> <span class='ocrx_word' id='word_1_60' title='bbox 2718 864 2773 914; x_wconf 89' lang='lat' dir='ltr'><strong>et</strong></span> <span class='ocrx_word' id='word_1_61' title='bbox 2806 859 3164 928; x_wconf 89' lang='lat' dir='ltr'><strong>splendidum</strong></span> <span class='ocrx_word' id='word_1_62' title='bbox 3206 859 3261 913; x_wconf 91' lang='lat' dir='ltr'><strong>in</strong></span> <span class='ocrx_word' id='word_1_63' title='bbox 3295 858 3503 929; x_wconf 90' lang='lat' dir='ltr'><strong>palatio</strong></span> <span class='ocrx_word' id='word_1_64' title='bbox 3538 857 3654 912; x_wconf 73' lang='lat' dir='ltr'><strong>oili-</strong></span> 
     </span>
    </p>
   </div>
   <div class='ocr_carea' id='block_1_12' title="bbox 372 954 3662 1028">
    <p class='ocr_par' dir='ltr' id='par_1_12' title="bbox 372 954 3662 1028">
     <span class='ocr_line' id='line_1_12' title="bbox 372 954 3662 1028; baseline 0 -20"><span class='ocrx_word' id='word_1_65' title='bbox 372 955 520 1009; x_wconf 90' lang='lat' dir='ltr'><strong>cium</strong></span> <span class='ocrx_word' id='word_1_66' title='bbox 549 966 787 1025; x_wconf 83' lang='lat' dir='ltr'><strong>gereret.</strong></span> <span class='ocrx_word' id='word_1_67' title='bbox 814 955 880 1010; x_wconf 87' lang='lat' dir='ltr'><strong>Et</strong></span> <span class='ocrx_word' id='word_1_68' title='bbox 906 956 1073 1027; x_wconf 86' lang='lat' dir='ltr'><strong>hujus</strong></span> <span class='ocrx_word' id='word_1_69' title='bbox 1091 958 1315 1028; x_wconf 89' lang='lat' dir='ltr'><strong>quidem</strong></span> <span class='ocrx_word' id='word_1_70' title='bbox 1344 958 1445 1013; x_wconf 89' lang='lat' dir='ltr'><strong>viri</strong></span> <span class='ocrx_word' id='word_1_71' title='bbox 1477 958 1720 1014; x_wconf 83' lang='lat' dir='ltr'><strong>celebris</strong></span> <span class='ocrx_word' id='word_1_72' title='bbox 1752 956 1900 1013; x_wconf 83' lang='lat' dir='ltr'><strong>fama</strong></span> <span class='ocrx_word' id='word_1_73' title='bbox 1921 966 2027 1020; x_wconf 88' lang='lat' dir='ltr'><strong>est,</strong></span> <span class='ocrx_word' id='word_1_74' title='bbox 2054 967 2169 1011; x_wconf 89' lang='lat' dir='ltr'><strong>tum</strong></span> <span class='ocrx_word' id='word_1_75' title='bbox 2198 960 2342 1028; x_wconf 91' lang='lat' dir='ltr'><strong>apud</strong></span> <span class='ocrx_word' id='word_1_76' title='bbox 2369 957 2863 1026; x_wconf 72' lang='lat' dir='ltr'><strong>pra&#39;stantissimos</strong></span> <span class='ocrx_word' id='word_1_77' title='bbox 2886 956 3208 1023; x_wconf 86' lang='lat' dir='ltr'><strong>monachos,</strong></span> <span class='ocrx_word' id='word_1_78' title='bbox 3232 963 3347 1010; x_wconf 89' lang='lat' dir='ltr'><strong>tum</strong></span> <span class='ocrx_word' id='word_1_79' title='bbox 3375 954 3517 1025; x_wconf 89' lang='lat' dir='ltr'><strong>apud</strong></span> <span class='ocrx_word' id='word_1_80' title='bbox 3541 955 3662 1025; x_wconf 89' lang='lat' dir='ltr'><strong>pios</strong></span> 
     </span>
    </p>
   </div>
   <div class='ocr_carea' id='block_1_13' title="bbox 373 1048 3663 1121">
    <p class='ocr_par' dir='ltr' id='par_1_13' title="bbox 373 1048 3663 1121">
     <span class='ocr_line' id='line_1_13' title="bbox 373 1048 3663 1121; baseline 0.001 -21"><span class='ocrx_word' id='word_1_81' title='bbox 373 1062 437 1101; x_wconf 86' lang='lat' dir='ltr'><strong>ac</strong></span> <span class='ocrx_word' id='word_1_82' title='bbox 466 1048 757 1118; x_wconf 84' lang='lat' dir='ltr'><strong>religiosos</strong></span> <span class='ocrx_word' id='word_1_83' title='bbox 785 1048 1038 1105; x_wconf 82' lang='lat' dir='ltr'><strong>homines</strong></span> <span class='ocrx_word' id='word_1_84' title='bbox 1060 1091 1075 1117; x_wconf 88' lang='lat'><strong>,</strong></span> <span class='ocrx_word' id='word_1_85' title='bbox 1104 1051 1197 1121; x_wconf 91' lang='lat' dir='ltr'><strong>qui</strong></span> <span class='ocrx_word' id='word_1_86' title='bbox 1234 1052 1485 1105; x_wconf 88' lang='lat' dir='ltr'><strong>notitiam</strong></span> <span class='ocrx_word' id='word_1_87' title='bbox 1523 1052 1644 1119; x_wconf 88' lang='lat' dir='ltr'><strong>ejus</strong></span> <span class='ocrx_word' id='word_1_88' title='bbox 1671 1050 2005 1106; x_wconf 89' lang='lat' dir='ltr'><strong>habuerunt.</strong></span> <span class='ocrx_word' id='word_1_89' title='bbox 2047 1050 2299 1106; x_wconf 83' lang='lat' dir='ltr'><strong>Matrona</strong></span> <span class='ocrx_word' id='word_1_90' title='bbox 2339 1065 2469 1105; x_wconf 87' lang='lat' dir='ltr'><strong>vero</strong></span> <span class='ocrx_word' id='word_1_91' title='bbox 2497 1066 2669 1121; x_wconf 90' lang='lat' dir='ltr'><strong>usque</strong></span> <span class='ocrx_word' id='word_1_92' title='bbox 2702 1048 2771 1104; x_wconf 89' lang='lat' dir='ltr'><strong>ad</strong></span> <span class='ocrx_word' id='word_1_93' title='bbox 2806 1050 3014 1104; x_wconf 80' lang='lat' dir='ltr'><strong>exitum</strong></span> <span class='ocrx_word' id='word_1_94' title='bbox 3058 1052 3182 1104; x_wconf 68' lang='lat' dir='ltr'><strong>vitae</strong></span> <span class='ocrx_word' id='word_1_95' title='bbox 3206 1051 3410 1104; x_wconf 85' lang='lat' dir='ltr'><strong>mansit</strong></span> <span class='ocrx_word' id='word_1_96' title='bbox 3447 1049 3502 1104; x_wconf 91' lang='lat' dir='ltr'><strong>in</strong></span> <span class='ocrx_word' id='word_1_97' title='bbox 3542 1050 3663 1104; x_wconf 84' lang='lat' dir='ltr'><strong>vico</strong></span> 
     </span>
    </p>
   </div>
   <div class='ocr_carea' id='block_1_14' title="bbox 370 1138 3663 1213">
    <p class='ocr_par' dir='ltr' id='par_1_14' title="bbox 370 1138 3663 1213">
     <span class='ocr_line' id='line_1_14' title="bbox 370 1138 3663 1213; baseline 0.001 -21"><span class='ocrx_word' id='word_1_98' title='bbox 370 1138 599 1203; x_wconf 88' lang='lat' dir='ltr'><strong>Cosilai,</strong></span> <span class='ocrx_word' id='word_1_99' title='bbox 635 1140 882 1211; x_wconf 75' lang='lat' dir='ltr'><strong>vixitque</strong></span> <span class='ocrx_word' id='word_1_100' title='bbox 914 1152 1104 1197; x_wconf 87' lang='lat' dir='ltr'><strong>sancte</strong></span> <span class='ocrx_word' id='word_1_101' title='bbox 1135 1142 1431 1197; x_wconf 87' lang='lat' dir='ltr'><strong>admodum</strong></span> <span class='ocrx_word' id='word_1_102' title='bbox 1465 1157 1528 1197; x_wconf 91' lang='lat' dir='ltr'><strong>ac</strong></span> <span class='ocrx_word' id='word_1_103' title='bbox 1564 1142 1858 1213; x_wconf 85' lang='lat' dir='ltr'><strong>religiose,</strong></span> <span class='ocrx_word' id='word_1_104' title='bbox 1888 1156 2173 1198; x_wconf 86' lang='lat' dir='ltr'><strong>sacrarum</strong></span> <span class='ocrx_word' id='word_1_105' title='bbox 2206 1140 2482 1212; x_wconf 76' lang='lat' dir='ltr'><strong>virginum</strong></span> <span class='ocrx_word' id='word_1_106' title='bbox 2521 1142 2786 1212; x_wconf 81' lang='lat' dir='ltr'><strong>magistra</strong></span> <span class='ocrx_word' id='word_1_107' title='bbox 2816 1160 2827 1195; x_wconf 93' lang='lat'>:</span> <span class='ocrx_word' id='word_1_108' title='bbox 2862 1154 3098 1211; x_wconf 86' lang='lat' dir='ltr'><strong>quarum</strong></span> <span class='ocrx_word' id='word_1_109' title='bbox 3142 1140 3438 1211; x_wconf 88' lang='lat' dir='ltr'><strong>plerasque</strong></span> <span class='ocrx_word' id='word_1_110' title='bbox 3476 1139 3663 1195; x_wconf 89' lang='lat' dir='ltr'><strong>adhuc</strong></span> 
     </span>
    </p>
   </div>
   <div class='ocr_carea' id='block_1_15' title="bbox 374 1236 3265 1311">
    <p class='ocr_par' dir='ltr' id='par_1_15' title="bbox 374 1236 3265 1311">
     <span class='ocr_line' id='line_1_15' title="bbox 374 1236 3265 1311; baseline -0 -20"><span class='ocrx_word' id='word_1_111' title='bbox 374 1236 698 1306; x_wconf 81' lang='lat' dir='ltr'><strong>superstites</strong></span> <span class='ocrx_word' id='word_1_112' title='bbox 727 1252 850 1293; x_wconf 89' lang='lat' dir='ltr'><strong>esse</strong></span> <span class='ocrx_word' id='word_1_113' title='bbox 878 1237 1102 1309; x_wconf 89' lang='lat' dir='ltr'><strong>accepi,</strong></span> <span class='ocrx_word' id='word_1_114' title='bbox 1136 1240 1385 1297; x_wconf 89' lang='lat' dir='ltr'><strong>moribus</strong></span> <span class='ocrx_word' id='word_1_115' title='bbox 1420 1238 1681 1295; x_wconf 79' lang='lat' dir='ltr'><strong>Matrona:</strong></span> <span class='ocrx_word' id='word_1_116' title='bbox 1717 1239 2034 1311; x_wconf 82' lang='lat' dir='ltr'><strong>magisterio</strong></span> <span class='ocrx_word' id='word_1_117' title='bbox 2070 1239 2216 1295; x_wconf 88' lang='lat' dir='ltr'><strong>haud</strong></span> <span class='ocrx_word' id='word_1_118' title='bbox 2256 1253 2531 1310; x_wconf 90' lang='lat' dir='ltr'><strong>quaquam</strong></span> <span class='ocrx_word' id='word_1_119' title='bbox 2572 1238 2816 1308; x_wconf 79' lang='lat' dir='ltr'><strong>indignis</strong></span> <span class='ocrx_word' id='word_1_120' title='bbox 2848 1244 3265 1293; x_wconf 85' lang='lat' dir='ltr'><strong>conversantes.</strong></span> 
     </span>
    </p>
   </div>
   <div class='ocr_carea' id='block_1_16' title="bbox 964 1334 1374 1390">
    <p class='ocr_par' dir='ltr' id='par_1_16' title="bbox 964 1334 1374 1390">
     <span class='ocr_line' id='line_1_16' title="bbox 964 1334 1374 1390; baseline 0.007 -4"><span class='ocrx_word' id='word_1_121' title='bbox 964 1334 1214 1390; x_wconf 76' lang='grc' dir='ltr'>ΚΕΦΑΛ.</span> <span class='ocrx_word' id='word_1_122' title='bbox 1244 1336 1374 1389; x_wconf 85' lang='grc' dir='ltr'>ΚΒ’.</span> 
     </span>
    </p>
   </div>
   <div class='ocr_carea' id='block_1_17' title="bbox 371 1424 1960 1495">
    <p class='ocr_par' dir='ltr' id='par_1_17' title="bbox 371 1424 1960 1495">
     <span class='ocr_line' id='line_1_17' title="bbox 371 1424 1960 1495; baseline 0.003 -17"><span class='ocrx_word' id='word_1_123' title='bbox 371 1427 513 1494; x_wconf 71' lang='grc' dir='ltr'>Περὶ</span> <span class='ocrx_word' id='word_1_124' title='bbox 550 1424 662 1493; x_wconf 81' lang='grc' dir='ltr'>τῆς</span> <span class='ocrx_word' id='word_1_125' title='bbox 696 1425 770 1479; x_wconf 76' lang='grc' dir='ltr'>δι’</span> <span class='ocrx_word' id='word_1_126' title='bbox 802 1426 1069 1494; x_wconf 83' lang='grc' dir='ltr'><strong>ἀγχόνης</strong></span> <span class='ocrx_word' id='word_1_127' title='bbox 1122 1427 1413 1495; x_wconf 79' lang='grc' dir='ltr'><strong>τελευτῆς</strong></span> <span class='ocrx_word' id='word_1_128' title='bbox 1454 1429 1960 1484; x_wconf 78' lang='grc' dir='ltr'>Οὑαλεντινιανοῦ</span> 
     </span>
    </p>
   </div>
   <div class='ocr_carea' id='block_1_18' title="bbox 439 1496 1962 1568">
    <p class='ocr_par' dir='ltr' id='par_1_18' title="bbox 439 1496 1962 1568">
     <span class='ocr_line' id='line_1_18' title="bbox 439 1496 1962 1568; baseline 0.001 -19"><span class='ocrx_word' id='word_1_129' title='bbox 439 1497 546 1550; x_wconf 85' lang='grc' dir='ltr'><strong>τοῦ</strong></span> <span class='ocrx_word' id='word_1_130' title='bbox 594 1496 737 1549; x_wconf 89' lang='grc' dir='ltr'>νέου</span> <span class='ocrx_word' id='word_1_131' title='bbox 766 1497 1075 1562; x_wconf 78' lang='grc' dir='ltr'>βασιλέως</span> <span class='ocrx_word' id='word_1_132' title='bbox 1106 1498 1176 1551; x_wconf 73' lang='grc' dir='ltr'>ἐν</span> <span class='ocrx_word' id='word_1_133' title='bbox 1243 1498 1464 1567; x_wconf 84' lang='grc' dir='ltr'>Ῥώμῃ,</span> <span class='ocrx_word' id='word_1_134' title='bbox 1522 1500 1618 1553; x_wconf 77' lang='grc' dir='ltr'>καὶ</span> <span class='ocrx_word' id='word_1_135' title='bbox 1674 1502 1806 1567; x_wconf 80' lang='grc' dir='ltr'>περὶ</span> <span class='ocrx_word' id='word_1_136' title='bbox 1850 1499 1962 1568; x_wconf 84' lang='grc' dir='ltr'>τῆς</span> 
     </span>
    </p>
   </div>
   <div class='ocr_carea' id='block_1_19' title="bbox 440 1568 1962 1640">
    <p class='ocr_par' dir='ltr' id='par_1_19' title="bbox 440 1568 1962 1640">
     <span class='ocr_line' id='line_1_19' title="bbox 440 1568 1962 1640; baseline 0.002 -20"><span class='ocrx_word' id='word_1_137' title='bbox 440 1568 800 1640; x_wconf 68' lang='grc' dir='ltr'><strong>τυραννίδος</strong></span> <span class='ocrx_word' id='word_1_138' title='bbox 818 1570 1115 1640; x_wconf 14' lang='grc' dir='ltr'>Ενὺγενίου</span> <span class='ocrx_word' id='word_1_139' title='bbox 1137 1586 1150 1600; x_wconf 89' lang='grc'><strong>·</strong></span> <span class='ocrx_word' id='word_1_140' title='bbox 1177 1569 1275 1622; x_wconf 79' lang='grc' dir='ltr'>καὶ</span> <span class='ocrx_word' id='word_1_141' title='bbox 1300 1571 1432 1637; x_wconf 80' lang='grc' dir='ltr'>περὶ</span> <span class='ocrx_word' id='word_1_142' title='bbox 1466 1569 1577 1637; x_wconf 76' lang='grc' dir='ltr'>τῆς</span> <span class='ocrx_word' id='word_1_143' title='bbox 1597 1571 1962 1640; x_wconf 66' lang='grc' dir='ltr'>προφητείας</span> 
     </span>
    </p>
   </div>
   <div class='ocr_carea' id='block_1_20' title="bbox 442 1638 1584 1711">
    <p class='ocr_par' dir='ltr' id='par_1_20' title="bbox 442 1638 1584 1711">
     <span class='ocr_line' id='line_1_20' title="bbox 442 1638 1584 1711; baseline 0.001 -18"><span class='ocrx_word' id='word_1_144' title='bbox 442 1638 726 1693; x_wconf 84' lang='grc' dir='ltr'><em>Ἰωάννου</em></span> <span class='ocrx_word' id='word_1_145' title='bbox 769 1638 875 1692; x_wconf 87' lang='grc' dir='ltr'><strong>τοῦ</strong></span> <span class='ocrx_word' id='word_1_146' title='bbox 902 1639 978 1692; x_wconf 78' lang='grc' dir='ltr'>ἐν</span> <span class='ocrx_word' id='word_1_147' title='bbox 1005 1640 1264 1707; x_wconf 60' lang='grc' dir='ltr'>Θηϐαΐδι(</span> <span class='ocrx_word' id='word_1_148' title='bbox 1286 1642 1584 1711; x_wconf 83' lang='grc' dir='ltr'>μοναχοῦ.</span> 
     </span>
    </p>
   </div>
   <div class='ocr_carea' id='block_1_21' title="bbox 442 1729 1957 1806">
    <p class='ocr_par' dir='ltr' id='par_1_21' title="bbox 442 1729 1957 1806">
     <span class='ocr_line' id='line_1_21' title="bbox 442 1729 1957 1806; baseline 0.003 -23"><span class='ocrx_word' id='word_1_149' title='bbox 442 1731 551 1783; x_wconf 68' lang='lat' dir='ltr'><strong>Kal.</strong></span> <span class='ocrx_word' id='word_1_150' title='bbox 575 1732 603 1783; x_wconf 87' lang='grc' dir='ltr'>ὁ</span> <span class='ocrx_word' id='word_1_151' title='bbox 629 1729 728 1799; x_wconf 78' lang='grc' dir='ltr'>μὲν</span> <span class='ocrx_word' id='word_1_152' title='bbox 752 1729 1065 1797; x_wconf 81' lang='grc' dir='ltr'><strong>Θεοδόσιος,</strong></span> <span class='ocrx_word' id='word_1_153' title='bbox 1100 1732 1159 1786; x_wconf 90' lang='grc' dir='ltr'><strong>ἐν</strong></span> <span class='ocrx_word' id='word_1_154' title='bbox 1189 1733 1381 1805; x_wconf 75' lang='grc' dir='ltr'>εἰρήνῃ</span> <span class='ocrx_word' id='word_1_155' title='bbox 1407 1733 1506 1804; x_wconf 83' lang='grc' dir='ltr'>τὴν</span> <span class='ocrx_word' id='word_1_156' title='bbox 1541 1734 1679 1804; x_wconf 74' lang='grc' dir='ltr'>πρὸς</span> <span class='ocrx_word' id='word_1_157' title='bbox 1717 1735 1831 1787; x_wconf 88' lang='grc' dir='ltr'><strong>Ἕω</strong></span> <span class='ocrx_word' id='word_1_158' title='bbox 1856 1734 1957 1806; x_wconf 79' lang='grc' dir='ltr'><strong>ἀρο</strong></span> 
     </span>
    </p>
   </div>
   <div class='ocr_carea' id='block_1_22' title="bbox 2677 1332 3037 1389">
    <p class='ocr_par' dir='ltr' id='par_1_22' title="bbox 2677 1332 3037 1389">
     <span class='ocr_line' id='line_1_22' title="bbox 2677 1332 3037 1389; baseline 0.003 -1"><span class='ocrx_word' id='word_1_159' title='bbox 2677 1332 2830 1388; x_wconf 81' lang='lat' dir='ltr'><strong>CAP.</strong></span> <span class='ocrx_word' id='word_1_160' title='bbox 2868 1332 3037 1389; x_wconf 73' lang='lat' dir='ltr'><strong>XXII.</strong></span> 
     </span>
    </p>
   </div>
   <div class='ocr_carea' id='block_1_23' title="bbox 2064 1427 3659 1501">
    <p class='ocr_par' dir='ltr' id='par_1_23' title="bbox 2064 1427 3659 1501">
     <span class='ocr_line' id='line_1_23' title="bbox 2064 1427 3659 1501; baseline -0.006 -13"><span class='ocrx_word' id='word_1_161' title='bbox 2064 1433 2142 1488; x_wconf 88' lang='lat' dir='ltr'><strong>De</strong></span> <span class='ocrx_word' id='word_1_162' title='bbox 2181 1449 2304 1486; x_wconf 88' lang='lat' dir='ltr'><strong>nece</strong></span> <span class='ocrx_word' id='word_1_163' title='bbox 2342 1433 2679 1501; x_wconf 76' lang='lat' dir='ltr'><strong>imperatoris</strong></span> <span class='ocrx_word' id='word_1_164' title='bbox 2733 1429 3097 1501; x_wconf 68' lang='lat' dir='ltr'><strong>Valentiniani</strong></span> <span class='ocrx_word' id='word_1_165' title='bbox 3139 1427 3521 1501; x_wconf 80' lang='lat' dir='ltr'><strong>Junioris,_et</strong></span> <span class='ocrx_word' id='word_1_166' title='bbox 3572 1436 3659 1501; x_wconf 63' lang='lat' dir='ltr'><strong>ty-</strong></span> 
     </span>
    </p>
   </div>
   <div class='ocr_carea' id='block_1_24' title="bbox 2137 1496 3658 1572">
    <p class='ocr_par' dir='ltr' id='par_1_24' title="bbox 2137 1496 3658 1572">
     <span class='ocr_line' id='line_1_24' title="bbox 2137 1496 3658 1572; baseline -0.005 -15"><span class='ocrx_word' id='word_1_167' title='bbox 2137 1504 2360 1557; x_wconf 86' lang='lat' dir='ltr'><strong>rannide</strong></span> <span class='ocrx_word' id='word_1_168' title='bbox 2415 1496 2663 1572; x_wconf 79' lang='lat' dir='ltr'><strong>Eugenii.</strong></span> <span class='ocrx_word' id='word_1_169' title='bbox 2723 1500 2863 1557; x_wconf 83' lang='lat' dir='ltr'><strong>Item</strong></span> <span class='ocrx_word' id='word_1_170' title='bbox 2914 1500 2978 1555; x_wconf 88' lang='lat' dir='ltr'><strong>de</strong></span> <span class='ocrx_word' id='word_1_171' title='bbox 3023 1500 3373 1569; x_wconf 76' lang='lat' dir='ltr'><strong>prwdictione</strong></span> <span class='ocrx_word' id='word_1_172' title='bbox 3426 1496 3658 1551; x_wconf 76' lang='lat' dir='ltr'><strong>Joannis</strong></span> 
     </span>
    </p>
   </div>
   <div class='ocr_carea' id='block_1_25' title="bbox 2142 1572 2795 1629">
    <p class='ocr_par' dir='ltr' id='par_1_25' title="bbox 2142 1572 2795 1629">
     <span class='ocr_line' id='line_1_25' title="bbox 2142 1572 2795 1629; baseline 0 0"><span class='ocrx_word' id='word_1_173' title='bbox 2142 1574 2381 1629; x_wconf 79' lang='lat' dir='ltr'><strong>monachi</strong></span> <span class='ocrx_word' id='word_1_174' title='bbox 2417 1574 2471 1628; x_wconf 87' lang='lat' dir='ltr'><strong>in</strong></span> <span class='ocrx_word' id='word_1_175' title='bbox 2508 1572 2795 1629; x_wconf 79' lang='lat' dir='ltr'><strong>Thebaide.</strong></span> 
     </span>
    </p>
   </div>
   <div class='ocr_carea' id='block_1_26' title="bbox 2138 1725 3657 1799">
    <p class='ocr_par' dir='ltr' id='par_1_26' title="bbox 2138 1725 3657 1799">
     <span class='ocr_line' id='line_1_26' title="bbox 2138 1725 3657 1799; baseline -0.003 -17"><span class='ocrx_word' id='word_1_176' title='bbox 2138 1728 2215 1784; x_wconf 83' lang='lat' dir='ltr'><strong>Ac</strong></span> <span class='ocrx_word' id='word_1_177' title='bbox 2247 1728 2597 1785; x_wconf 87' lang='lat' dir='ltr'><strong>Theodosius</strong></span> <span class='ocrx_word' id='word_1_178' title='bbox 2628 1727 2888 1799; x_wconf 90' lang='lat' dir='ltr'><strong>quidem,</strong></span> <span class='ocrx_word' id='word_1_179' title='bbox 2918 1742 3045 1782; x_wconf 90' lang='lat' dir='ltr'><strong>cum</strong></span> <span class='ocrx_word' id='word_1_180' title='bbox 3079 1726 3324 1783; x_wconf 89' lang='lat' dir='ltr'><strong>Orientis</strong></span> <span class='ocrx_word' id='word_1_181' title='bbox 3361 1725 3657 1796; x_wconf 90' lang='lat' dir='ltr'><strong>imperium</strong></span> 
     </span>
    </p>
   </div>
   <div class='ocr_carea' id='block_1_27' title="bbox 370 1816 2131 1898">
    <p class='ocr_par' dir='ltr' id='par_1_27' title="bbox 370 1819 2130 1898">
     <span class='ocr_line' id='line_1_27' title="bbox 370 1819 2130 1898; baseline 0.002 -22"><span class='ocrx_word' id='word_1_182' title='bbox 370 1824 608 1894; x_wconf 85' lang='grc' dir='ltr'>χομένην</span> <span class='ocrx_word' id='word_1_183' title='bbox 642 1822 856 1889; x_wconf 87' lang='grc' dir='ltr'>ίθύνων,</span> <span class='ocrx_word' id='word_1_184' title='bbox 886 1824 946 1878; x_wconf 92' lang='grc' dir='ltr'><strong>ἐν</strong></span> <span class='ocrx_word' id='word_1_185' title='bbox 965 1824 1177 1888; x_wconf 81' lang='grc' dir='ltr'><strong>τούτοις</strong></span> <span class='ocrx_word' id='word_1_186' title='bbox 1201 1826 1527 1891; x_wconf 75' lang='grc' dir='ltr'>ἐσπούδαζε,</span> <span class='ocrx_word' id='word_1_187' title='bbox 1563 1828 1654 1880; x_wconf 74' lang='grc' dir='ltr'><strong>καὶ</strong></span> <span class='ocrx_word' id='word_1_188' title='bbox 1687 1826 1961 1898; x_wconf 79' lang='grc' dir='ltr'><strong>ἐπιμελῶς</strong></span> <span class='ocrx_word' id='word_1_189' title='bbox 1995 1819 2034 1873; x_wconf 83' lang='grc' dir='ltr'><strong>Β</strong></span> <span class='ocrx_word' id='word_1_190' title='bbox 2064 1835 2130 1892; x_wconf 75' lang='lat' dir='ltr'><strong>p3</strong></span> 
     </span>
    </p>
   </div>
   <div class='ocr_carea' id='block_1_28' title="bbox 1894 1816 3655 1898">
    <p class='ocr_par' dir='ltr' id='par_1_28' title="bbox 1894 1816 3655 1892">
     <span class='ocr_line' id='line_1_28' title="bbox 1894 1816 3655 1892; baseline -0.006 -13"><span class='ocrx_word' id='word_1_191' title='bbox 1894 1826 1961 1891; x_wconf 89' lang='grc' dir='ltr'><strong>ῶς</strong></span> <span class='ocrx_word' id='word_1_192' title='bbox 1995 1819 2034 1873; x_wconf 86' lang='grc' dir='ltr'><strong>Β</strong></span> <span class='ocrx_word' id='word_1_193' title='bbox 2064 1829 2260 1892; x_wconf 86' lang='lat' dir='ltr'><strong>pacate</strong></span> <span class='ocrx_word' id='word_1_194' title='bbox 2289 1822 2667 1892; x_wconf 85' lang='lat' dir='ltr'><strong>gubernaret,</strong></span> <span class='ocrx_word' id='word_1_195' title='bbox 2704 1822 2791 1876; x_wconf 88' lang='lat' dir='ltr'><strong>his</strong></span> <span class='ocrx_word' id='word_1_196' title='bbox 2826 1820 2997 1876; x_wconf 86' lang='lat' dir='ltr'><strong>rebus</strong></span> <span class='ocrx_word' id='word_1_197' title='bbox 3023 1820 3266 1874; x_wconf 89' lang='lat' dir='ltr'><strong>intentus</strong></span> <span class='ocrx_word' id='word_1_198' title='bbox 3300 1826 3456 1883; x_wconf 91' lang='lat' dir='ltr'><strong>erat,</strong></span> <span class='ocrx_word' id='word_1_199' title='bbox 3487 1825 3542 1872; x_wconf 89' lang='lat' dir='ltr'><strong>et</strong></span> <span class='ocrx_word' id='word_1_200' title='bbox 3567 1816 3655 1872; x_wconf 90' lang='lat' dir='ltr'><strong>di-</strong></span> 
     </span>
    </p>
   </div>
   <div class='ocr_carea' id='block_1_29' title="bbox 373 1916 1960 1990">
    <p class='ocr_par' dir='ltr' id='par_1_29' title="bbox 373 1916 1960 1990">
     <span class='ocr_line' id='line_1_29' title="bbox 373 1916 1960 1990; baseline 0.001 -19"><span class='ocrx_word' id='word_1_201' title='bbox 373 1918 519 1990; x_wconf 87' lang='grc' dir='ltr'>μάλα</span> <span class='ocrx_word' id='word_1_202' title='bbox 556 1917 618 1971; x_wconf 87' lang='grc' dir='ltr'>τὸ</span> <span class='ocrx_word' id='word_1_203' title='bbox 649 1916 807 1971; x_wconf 85' lang='grc' dir='ltr'>Θεῖον</span> <span class='ocrx_word' id='word_1_204' title='bbox 835 1916 1189 1989; x_wconf 86' lang='grc' dir='ltr'>ἐθεράπευεν.</span> <span class='ocrx_word' id='word_1_205' title='bbox 1232 1918 1320 1971; x_wconf 85' lang='grc' dir='ltr'><strong>Ἐν</strong></span> <span class='ocrx_word' id='word_1_206' title='bbox 1350 1918 1524 1988; x_wconf 88' lang='grc' dir='ltr'>τούτῳ</span> <span class='ocrx_word' id='word_1_207' title='bbox 1553 1918 1609 1972; x_wconf 84' lang='grc' dir='ltr'><strong>δὲ</strong></span> <span class='ocrx_word' id='word_1_208' title='bbox 1640 1919 1960 1988; x_wconf 83' lang='grc' dir='ltr'>ἀγγέλλεται</span> 
     </span>
    </p>
   </div>
   <div class='ocr_carea' id='block_1_30' title="bbox 369 2008 1956 2083">
    <p class='ocr_par' dir='ltr' id='par_1_30' title="bbox 369 2008 1956 2083">
     <span class='ocr_line' id='line_1_30' title="bbox 369 2008 1956 2083; baseline 0.001 -20"><span class='ocrx_word' id='word_1_209' title='bbox 369 2009 812 2074; x_wconf 84' lang='grc' dir='ltr'>Οὑαλεντινιανὸς</span> <span class='ocrx_word' id='word_1_210' title='bbox 869 2011 898 2063; x_wconf 88' lang='grc' dir='ltr'><strong>ό</strong></span> <span class='ocrx_word' id='word_1_211' title='bbox 951 2008 1204 2079; x_wconf 79' lang='grc' dir='ltr'>βασιλεὺς</span> <span class='ocrx_word' id='word_1_212' title='bbox 1266 2010 1474 2083; x_wconf 84' lang='grc' dir='ltr'><strong>ἀγχόνῃ</strong></span> <span class='ocrx_word' id='word_1_213' title='bbox 1525 2009 1867 2065; x_wconf 85' lang='grc' dir='ltr'><strong>ἀπολωλέναι</strong></span> <span class='ocrx_word' id='word_1_214' title='bbox 1914 2012 1956 2065; x_wconf 71' lang='grc' dir='ltr'><strong>ί.</strong></span> 
     </span>
    </p>
   </div>
   <div class='ocr_carea' id='block_1_31' title="bbox 380 2095 1959 2173">
    <p class='ocr_par' dir='ltr' id='par_1_31' title="bbox 380 2095 1959 2173">
     <span class='ocr_line' id='line_1_31' title="bbox 380 2095 1959 2173; baseline 0.002 -20"><span class='ocrx_word' id='word_1_215' title='bbox 380 2100 630 2169; x_wconf 84' lang='grc' dir='ltr'>Ἐλέγετο</span> <span class='ocrx_word' id='word_1_216' title='bbox 660 2100 717 2155; x_wconf 84' lang='grc' dir='ltr'>δὲ</span> <span class='ocrx_word' id='word_1_217' title='bbox 746 2099 948 2171; x_wconf 88' lang='grc' dir='ltr'>ταύτην</span> <span class='ocrx_word' id='word_1_218' title='bbox 969 2098 1117 2171; x_wconf 73' lang='grc' dir='ltr'>αὐτῷ</span> <span class='ocrx_word' id='word_1_219' title='bbox 1155 2100 1422 2154; x_wconf 87' lang='grc' dir='ltr'>καττύσαι</span> <span class='ocrx_word' id='word_1_220' title='bbox 1458 2101 1557 2173; x_wconf 82' lang='grc' dir='ltr'>τὴν</span> <span class='ocrx_word' id='word_1_221' title='bbox 1586 2095 1847 2173; x_wconf 84' lang='grc' dir='ltr'>τελευτὴν</span> <span class='ocrx_word' id='word_1_222' title='bbox 1871 2102 1959 2157; x_wconf 82' lang='grc' dir='ltr'>διὰ</span> 
     </span>
    </p>
   </div>
   <div class='ocr_carea' id='block_1_32' title="bbox 365 2192 1959 2265">
    <p class='ocr_par' dir='ltr' id='par_1_32' title="bbox 365 2192 1959 2265">
     <span class='ocr_line' id='line_1_32' title="bbox 365 2192 1959 2265; baseline 0.001 -19"><span class='ocrx_word' id='word_1_223' title='bbox 365 2194 474 2246; x_wconf 89' lang='grc' dir='ltr'><strong>τῶν</strong></span> <span class='ocrx_word' id='word_1_224' title='bbox 501 2194 905 2265; x_wconf 73' lang='grc' dir='ltr'>θαλαμηπόλων</span> <span class='ocrx_word' id='word_1_225' title='bbox 958 2192 1228 2264; x_wconf 79' lang='grc' dir='ltr'>εὐνούχων</span> <span class='ocrx_word' id='word_1_226' title='bbox 1254 2193 1445 2258; x_wconf 78' lang='grc' dir='ltr'>ἄλλους</span> <span class='ocrx_word' id='word_1_227' title='bbox 1472 2195 1530 2247; x_wconf 91' lang='grc' dir='ltr'><strong>τέ</strong></span> <span class='ocrx_word' id='word_1_228' title='bbox 1558 2212 1708 2258; x_wconf 88' lang='grc' dir='ltr'>τινας</span> <span class='ocrx_word' id='word_1_229' title='bbox 1744 2195 1853 2249; x_wconf 87' lang='grc' dir='ltr'><strong>τῶν</strong></span> <span class='ocrx_word' id='word_1_230' title='bbox 1878 2197 1959 2259; x_wconf 85' lang='grc' dir='ltr'><strong>είς</strong></span> 
     </span>
    </p>
   </div>
   <div class='ocr_carea' id='block_1_33' title="bbox 366 2285 1955 2358">
    <p class='ocr_par' dir='ltr' id='par_1_33' title="bbox 366 2285 1955 2358">
     <span class='ocr_line' id='line_1_33' title="bbox 366 2285 1955 2358; baseline 0.004 -22"><span class='ocrx_word' id='word_1_231' title='bbox 366 2285 435 2337; x_wconf 67' lang='grc' dir='ltr'>τὰ</span> <span class='ocrx_word' id='word_1_232' title='bbox 475 2285 725 2355; x_wconf 76' lang='grc' dir='ltr'>βασίλεια</span> <span class='ocrx_word' id='word_1_233' title='bbox 752 2327 766 2349; x_wconf 92' lang='grc'><strong>,</strong></span> <span class='ocrx_word' id='word_1_234' title='bbox 821 2288 910 2340; x_wconf 79' lang='grc' dir='ltr'><strong>καὶ</strong></span> <span class='ocrx_word' id='word_1_235' title='bbox 969 2286 1479 2358; x_wconf 55' lang='grc' dir='ltr'>Ἀρδογάστηνρτδν</span> <span class='ocrx_word' id='word_1_236' title='bbox 1511 2287 1736 2341; x_wconf 74' lang='grc' dir='ltr'>ἐπὶτῶν</span> <span class='ocrx_word' id='word_1_237' title='bbox 1790 2288 1955 2342; x_wconf 78' lang='grc' dir='ltr'>αὑτοῦ</span> 
     </span>
    </p>
   </div>
   <div class='ocr_carea' id='block_1_34' title="bbox 369 2367 1957 2451">
    <p class='ocr_par' dir='ltr' id='par_1_34' title="bbox 369 2367 1957 2451">
     <span class='ocr_line' id='line_1_34' title="bbox 369 2367 1957 2451; baseline 0.003 -21"><span class='ocrx_word' id='word_1_238' title='bbox 369 2367 795 2449; x_wconf 72' lang='grc' dir='ltr'>στρατευμάτων</span> <span class='ocrx_word' id='word_1_239' title='bbox 824 2380 1158 2450; x_wconf 76' lang='grc' dir='ltr'>τεταγμένον</span> <span class='ocrx_word' id='word_1_240' title='bbox 1183 2397 1196 2410; x_wconf 93' lang='grc'><strong>·</strong></span> <span class='ocrx_word' id='word_1_241' title='bbox 1245 2379 1457 2444; x_wconf 50' lang='grc' dir='ltr'>καθότι,</span> <span class='ocrx_word' id='word_1_242' title='bbox 1481 2378 1835 2451; x_wconf 77' lang='grc' dir='ltr'>πατρὼζοντα</span> <span class='ocrx_word' id='word_1_243' title='bbox 1867 2382 1957 2434; x_wconf 86' lang='grc' dir='ltr'>τὸν</span> 
     </span>
    </p>
   </div>
   <div class='ocr_carea' id='block_1_35' title="bbox 366 2452 1958 2546">
    <p class='ocr_par' dir='ltr' id='par_1_35' title="bbox 366 2452 1958 2546">
     <span class='ocr_line' id='line_1_35' title="bbox 366 2452 1958 2546; baseline 0.002 -21"><span class='ocrx_word' id='word_1_244' title='bbox 366 2473 485 2526; x_wconf 84' lang='grc' dir='ltr'>νέον</span> <span class='ocrx_word' id='word_1_245' title='bbox 517 2472 697 2544; x_wconf 38' lang='grc' dir='ltr'>εὑρὼν,</span> <span class='ocrx_word' id='word_1_246' title='bbox 732 2473 863 2546; x_wconf 71' lang='grc' dir='ltr'>περὶ</span> <span class='ocrx_word' id='word_1_247' title='bbox 890 2472 989 2545; x_wconf 83' lang='grc' dir='ltr'><strong>τὴν</strong></span> <span class='ocrx_word' id='word_1_248' title='bbox 1037 2474 1213 2546; x_wconf 84' lang='grc' dir='ltr'>ἀρχὴν</span> <span class='ocrx_word' id='word_1_249' title='bbox 1241 2514 1255 2539; x_wconf 95' lang='grc'><strong>,</strong></span> <span class='ocrx_word' id='word_1_250' title='bbox 1314 2474 1410 2529; x_wconf 72' lang='grc' dir='ltr'>καὶ</span> <span class='ocrx_word' id='word_1_251' title='bbox 1460 2475 1598 2545; x_wconf 79' lang='grc' dir='ltr'>πρὸς</span> <span class='ocrx_word' id='word_1_252' title='bbox 1633 2452 1803 2530; x_wconf 80' lang='grc' dir='ltr'>πολλὰ</span> <span class='ocrx_word' id='word_1_253' title='bbox 1848 2475 1958 2529; x_wconf 81' lang='grc' dir='ltr'>τῶν</span> 
     </span>
    </p>
   </div>
   <div class='ocr_carea' id='block_1_36' title="bbox 368 2562 1959 2641">
    <p class='ocr_par' dir='ltr' id='par_1_36' title="bbox 368 2562 1959 2641">
     <span class='ocr_line' id='line_1_36' title="bbox 368 2562 1959 2641; baseline 0.005 -27"><span class='ocrx_word' id='word_1_254' title='bbox 368 2562 596 2626; x_wconf 86' lang='grc' dir='ltr'>ἐκείνοις</span> <span class='ocrx_word' id='word_1_255' title='bbox 620 2563 922 2617; x_wconf 78' lang='grc' dir='ltr'>δοκούντων</span> <span class='ocrx_word' id='word_1_256' title='bbox 946 2565 1364 2635; x_wconf 83' lang='grc' dir='ltr'>χαλεπαίνοντα.</span> <span class='ocrx_word' id='word_1_257' title='bbox 1402 2566 1464 2619; x_wconf 81' lang='lat' dir='ltr'><strong>Oi.</strong></span> <span class='ocrx_word' id='word_1_258' title='bbox 1493 2566 1551 2619; x_wconf 84' lang='grc' dir='ltr'>δὲ</span> <span class='ocrx_word' id='word_1_259' title='bbox 1580 2567 1738 2621; x_wconf 79' lang='grc' dir='ltr'>αὑτὸν</span> <span class='ocrx_word' id='word_1_260' title='bbox 1763 2568 1959 2641; x_wconf 82' lang='grc' dir='ltr'>ἡγοῦν-</span> 
     </span>
    </p>
   </div>
   <div class='ocr_carea' id='block_1_37' title="bbox 366 2655 1957 2732">
    <p class='ocr_par' dir='ltr' id='par_1_37' title="bbox 366 2655 1957 2732">
     <span class='ocr_line' id='line_1_37' title="bbox 366 2655 1957 2732; baseline 0.006 -26"><span class='ocrx_word' id='word_1_261' title='bbox 366 2671 455 2707; x_wconf 82' lang='grc' dir='ltr'><strong>ται</strong></span> <span class='ocrx_word' id='word_1_262' title='bbox 486 2655 777 2727; x_wconf 77' lang='grc' dir='ltr'>αὐτόχειρα</span> <span class='ocrx_word' id='word_1_263' title='bbox 802 2656 994 2710; x_wconf 81' lang='grc' dir='ltr'>ἑαυτοῦ</span> <span class='ocrx_word' id='word_1_264' title='bbox 1018 2658 1291 2725; x_wconf 62' lang='grc' dir='ltr'>γενέσθαι,</span> <span class='ocrx_word' id='word_1_265' title='bbox 1309 2658 1384 2722; x_wconf 82' lang='grc' dir='ltr'>ὡς</span> <span class='ocrx_word' id='word_1_266' title='bbox 1410 2660 1793 2732; x_wconf 76' lang='grc' dir='ltr'>ἐπιχειροῦντά</span> <span class='ocrx_word' id='word_1_267' title='bbox 1814 2680 1957 2716; x_wconf 85' lang='grc' dir='ltr'>τισιν</span> 
     </span>
    </p>
   </div>
   <div class='ocr_carea' id='block_1_38' title="bbox 367 2747 1957 2821">
    <p class='ocr_par' dir='ltr' id='par_1_38' title="bbox 367 2747 1957 2821">
     <span class='ocr_line' id='line_1_38' title="bbox 367 2747 1957 2821; baseline 0.006 -23"><span class='ocrx_word' id='word_1_268' title='bbox 367 2748 429 2798; x_wconf 81' lang='grc' dir='ltr'><strong>οὑ</strong></span> <span class='ocrx_word' id='word_1_269' title='bbox 460 2747 577 2799; x_wconf 84' lang='grc' dir='ltr'>δέον</span> <span class='ocrx_word' id='word_1_270' title='bbox 610 2748 722 2819; x_wconf 83' lang='lat'><strong>(60)</strong></span> <span class='ocrx_word' id='word_1_271' title='bbox 758 2750 814 2801; x_wconf 88' lang='grc' dir='ltr'><strong>ἐν</strong></span> <span class='ocrx_word' id='word_1_272' title='bbox 849 2748 927 2820; x_wconf 79' lang='grc' dir='ltr'>τῷ</span> <span class='ocrx_word' id='word_1_273' title='bbox 976 2748 1150 2814; x_wconf 79' lang='grc' dir='ltr'>ζέοντι</span> <span class='ocrx_word' id='word_1_274' title='bbox 1181 2748 1281 2821; x_wconf 80' lang='grc' dir='ltr'>τῆς</span> <span class='ocrx_word' id='word_1_275' title='bbox 1334 2750 1585 2821; x_wconf 80' lang='grc' dir='ltr'>ἡλικίας,</span> <span class='ocrx_word' id='word_1_276' title='bbox 1626 2755 1720 2807; x_wconf 76' lang='grc' dir='ltr'><strong>καὶ</strong></span> <span class='ocrx_word' id='word_1_277' title='bbox 1756 2754 1957 2808; x_wconf 90' lang='grc' dir='ltr'>κωλυό-</span> 
     </span>
    </p>
   </div>
   <div class='ocr_carea' id='block_1_39' title="bbox 373 2840 1956 2917">
    <p class='ocr_par' dir='ltr' id='par_1_39' title="bbox 373 2840 1956 2917">
     <span class='ocr_line' id='line_1_39' title="bbox 373 2840 1956 2917; baseline 0.006 -27"><span class='ocrx_word' id='word_1_278' title='bbox 373 2855 531 2908; x_wconf 84' lang='grc' dir='ltr'>μενον</span> <span class='ocrx_word' id='word_1_279' title='bbox 556 2857 570 2869; x_wconf 89' lang='grc'><strong>·</strong></span> <span class='ocrx_word' id='word_1_280' title='bbox 603 2840 697 2892; x_wconf 77' lang='grc' dir='ltr'>καὶ</span> <span class='ocrx_word' id='word_1_281' title='bbox 752 2840 939 2893; x_wconf 87' lang='grc' dir='ltr'>τούτου</span> <span class='ocrx_word' id='word_1_282' title='bbox 976 2842 1137 2913; x_wconf 80' lang='grc' dir='ltr'>χάριν</span> <span class='ocrx_word' id='word_1_283' title='bbox 1172 2842 1233 2896; x_wconf 89' lang='grc' dir='ltr'><strong>οὑ</strong></span> <span class='ocrx_word' id='word_1_284' title='bbox 1259 2842 1673 2911; x_wconf 78' lang='grc' dir='ltr'>καταξιώσαντα</span> <span class='ocrx_word' id='word_1_285' title='bbox 1701 2847 1799 2917; x_wconf 82' lang='grc' dir='ltr'><strong>ζῇν</strong></span> <span class='ocrx_word' id='word_1_286' title='bbox 1824 2887 1839 2911; x_wconf 90' lang='grc'><strong>,</strong></span> <span class='ocrx_word' id='word_1_287' title='bbox 1876 2849 1956 2901; x_wconf 74' lang='grc' dir='ltr'>ὅτι</span> 
     </span>
    </p>
   </div>
   <div class='ocr_carea' id='block_1_40' title="bbox 372 2928 1956 3002">
    <p class='ocr_par' dir='ltr' id='par_1_40' title="bbox 372 2928 1956 3002">
     <span class='ocr_line' id='line_1_40' title="bbox 372 2928 1956 3002; baseline 0.004 -21"><span class='ocrx_word' id='word_1_288' title='bbox 372 2928 671 2998; x_wconf 82' lang='grc' dir='ltr'>βασιλεύων</span> <span class='ocrx_word' id='word_1_289' title='bbox 726 2929 801 3001; x_wconf 83' lang='grc' dir='ltr'>μὴ</span> <span class='ocrx_word' id='word_1_290' title='bbox 850 2934 1185 3001; x_wconf 81' lang='grc' dir='ltr'>συγχωρείτο</span> <span class='ocrx_word' id='word_1_291' title='bbox 1216 2934 1388 2984; x_wconf 86' lang='grc' dir='ltr'>ποιεῖν</span> <span class='ocrx_word' id='word_1_292' title='bbox 1440 2930 1475 2985; x_wconf 78' lang='grc' dir='ltr'><strong>ἃ</strong></span> <span class='ocrx_word' id='word_1_293' title='bbox 1509 2931 1779 3002; x_wconf 89' lang='grc' dir='ltr'>βούλεται.</span> <span class='ocrx_word' id='word_1_294' title='bbox 1821 2934 1956 2987; x_wconf 83' lang='grc' dir='ltr'>Φασί</span> 
     </span>
    </p>
   </div>
   <div class='ocr_carea' id='block_1_41' title="bbox 368 3023 1955 3096">
    <p class='ocr_par' dir='ltr' id='par_1_41' title="bbox 368 3023 1955 3096">
     <span class='ocr_line' id='line_1_41' title="bbox 368 3023 1955 3096; baseline 0.003 -20"><span class='ocrx_word' id='word_1_295' title='bbox 368 3041 431 3088; x_wconf 82' lang='grc' dir='ltr'><strong>γε</strong></span> <span class='ocrx_word' id='word_1_296' title='bbox 475 3024 581 3095; x_wconf 82' lang='grc' dir='ltr'>μὴν</span> <span class='ocrx_word' id='word_1_297' title='bbox 615 3023 773 3077; x_wconf 73' lang='grc' dir='ltr'>τοῦτο</span> <span class='ocrx_word' id='word_1_298' title='bbox 801 3024 862 3077; x_wconf 74' lang='grc' dir='ltr'>τὸ</span> <span class='ocrx_word' id='word_1_299' title='bbox 913 3024 1199 3096; x_wconf 77' lang='grc' dir='ltr'>μειράκιον</span> <span class='ocrx_word' id='word_1_300' title='bbox 1250 3024 1502 3096; x_wconf 72' lang='grc' dir='ltr'>εὑγενεία</span> <span class='ocrx_word' id='word_1_301' title='bbox 1537 3024 1788 3096; x_wconf 86' lang='grc' dir='ltr'>σώματος</span> <span class='ocrx_word' id='word_1_302' title='bbox 1814 3066 1827 3091; x_wconf 95' lang='grc'><strong>,</strong></span> <span class='ocrx_word' id='word_1_303' title='bbox 1861 3029 1955 3081; x_wconf 72' lang='grc' dir='ltr'><strong>καὶ</strong></span> 
     </span>
    </p>
   </div>
   <div class='ocr_carea' id='block_1_42' title="bbox 372 3115 1955 3201">
    <p class='ocr_par' dir='ltr' id='par_1_42' title="bbox 372 3115 1955 3201">
     <span class='ocr_line' id='line_1_42' title="bbox 372 3115 1955 3201; baseline 0.003 -34"><span class='ocrx_word' id='word_1_304' title='bbox 372 3115 667 3185; x_wconf 84' lang='grc' dir='ltr'>βασιλικῶν</span> <span class='ocrx_word' id='word_1_305' title='bbox 697 3116 916 3184; x_wconf 84' lang='grc' dir='ltr'>τρόπων</span> <span class='ocrx_word' id='word_1_306' title='bbox 949 3116 1121 3187; x_wconf 82' lang='grc' dir='ltr'>ἀρετῇ</span> <span class='ocrx_word' id='word_1_307' title='bbox 1148 3156 1162 3180; x_wconf 89' lang='grc'><strong>,</strong></span> <span class='ocrx_word' id='word_1_308' title='bbox 1197 3116 1488 3187; x_wconf 82' lang='grc' dir='ltr'>ὑπερφυῶς</span> <span class='ocrx_word' id='word_1_309' title='bbox 1516 3115 1661 3201; x_wconf 69' lang='grc' dir='ltr'>δόξαι</span> <span class='ocrx_word' id='word_1_310' title='bbox 1694 3117 1794 3187; x_wconf 77' lang='grc' dir='ltr'>τῆς</span> <span class='ocrx_word' id='word_1_311' title='bbox 1826 3118 1955 3188; x_wconf 79' lang='grc' dir='ltr'>ἡγε-</span> 
     </span>
    </p>
   </div>
   <div class='ocr_carea' id='block_1_43' title="bbox 373 3187 2029 3281">
    <p class='ocr_par' dir='ltr' id='par_1_43' title="bbox 373 3187 2029 3281">
     <span class='ocr_line' id='line_1_43' title="bbox 373 3187 2029 3281; baseline 0.005 -21"><span class='ocrx_word' id='word_1_312' title='bbox 373 3209 560 3279; x_wconf 90' lang='grc' dir='ltr'>μονίας</span> <span class='ocrx_word' id='word_1_313' title='bbox 596 3207 745 3274; x_wconf 77' lang='grc' dir='ltr'>ἄξιον</span> <span class='ocrx_word' id='word_1_314' title='bbox 771 3250 784 3275; x_wconf 92' lang='grc'><strong>,</strong></span> <span class='ocrx_word' id='word_1_315' title='bbox 819 3211 914 3263; x_wconf 68' lang='grc' dir='ltr'><strong>καὶ</strong></span> <span class='ocrx_word' id='word_1_316' title='bbox 970 3204 1080 3274; x_wconf 79' lang='grc' dir='ltr'>οἷος</span> <span class='ocrx_word' id='word_1_317' title='bbox 1113 3206 1511 3281; x_wconf 76' lang='grc' dir='ltr'>μεγαλόψυχος</span> <span class='ocrx_word' id='word_1_318' title='bbox 1539 3187 1650 3277; x_wconf 72' lang='lat' dir='ltr'><strong>(6i)</strong></span> <span class='ocrx_word' id='word_1_319' title='bbox 1679 3252 1692 3276; x_wconf 94' lang='lat'><strong>,</strong></span> <span class='ocrx_word' id='word_1_320' title='bbox 1743 3187 1955 3267; x_wconf 69' lang='lat' dir='ltr'><strong>xat6t-</strong></span> <span class='ocrx_word' id='word_1_321' title='bbox 1984 3187 2029 3249; x_wconf 77' lang='lat' dir='ltr'><strong>C</strong></span> 
     </span>
    </p>
   </div>
   <div class='ocr_carea' id='block_1_44' title="bbox 369 3301 1954 3376">
    <p class='ocr_par' dir='ltr' id='par_1_44' title="bbox 369 3301 1954 3376">
     <span class='ocr_line' id='line_1_44' title="bbox 369 3301 1954 3376; baseline 0.004 -23"><span class='ocrx_word' id='word_1_322' title='bbox 369 3301 629 3373; x_wconf 87' lang='grc' dir='ltr'>καιοσύνῃ</span> <span class='ocrx_word' id='word_1_323' title='bbox 665 3302 1068 3373; x_wconf 76' lang='grc' dir='ltr'>ὑπερϐαλέσθαι</span> <span class='ocrx_word' id='word_1_324' title='bbox 1092 3303 1180 3356; x_wconf 88' lang='grc' dir='ltr'>τὸν</span> <span class='ocrx_word' id='word_1_325' title='bbox 1203 3302 1367 3356; x_wconf 77' lang='grc' dir='ltr'>αὑτοῦ</span> <span class='ocrx_word' id='word_1_326' title='bbox 1396 3304 1627 3375; x_wconf 83' lang='grc' dir='ltr'>πατέρα,</span> <span class='ocrx_word' id='word_1_327' title='bbox 1661 3306 1709 3356; x_wconf 80' lang='grc' dir='ltr'><strong>εί</strong></span> <span class='ocrx_word' id='word_1_328' title='bbox 1742 3305 1954 3376; x_wconf 85' lang='grc' dir='ltr'>παρῆλ-</span> 
     </span>
    </p>
   </div>
   <div class='ocr_carea' id='block_1_45' title="bbox 370 3390 1956 3466">
    <p class='ocr_par' dir='ltr' id='par_1_45' title="bbox 370 3390 1956 3466">
     <span class='ocr_line' id='line_1_45' title="bbox 370 3390 1956 3466; baseline 0.002 -20"><span class='ocrx_word' id='word_1_329' title='bbox 370 3392 463 3447; x_wconf 89' lang='grc' dir='ltr'><strong>θεν</strong></span> <span class='ocrx_word' id='word_1_330' title='bbox 502 3395 583 3457; x_wconf 84' lang='grc' dir='ltr'><strong>είς</strong></span> <span class='ocrx_word' id='word_1_331' title='bbox 625 3394 824 3465; x_wconf 77' lang='grc' dir='ltr'>ἄνδρας</span> <span class='ocrx_word' id='word_1_332' title='bbox 859 3394 1003 3466; x_wconf 71' lang='grc'><strong>(62)·</strong></span> <span class='ocrx_word' id='word_1_333' title='bbox 1044 3396 1137 3448; x_wconf 81' lang='grc' dir='ltr'>καὶ</span> <span class='ocrx_word' id='word_1_334' title='bbox 1192 3396 1221 3447; x_wconf 90' lang='grc' dir='ltr'><strong>ό</strong></span> <span class='ocrx_word' id='word_1_335' title='bbox 1279 3396 1378 3466; x_wconf 86' lang='grc' dir='ltr'>μὲν</span> <span class='ocrx_word' id='word_1_336' title='bbox 1418 3395 1659 3460; x_wconf 76' lang='grc' dir='ltr'>τοιοῦτος</span> <span class='ocrx_word' id='word_1_337' title='bbox 1695 3395 1805 3460; x_wconf 87' lang='grc' dir='ltr'>ὣν,</span> <span class='ocrx_word' id='word_1_338' title='bbox 1854 3390 1956 3450; x_wconf 80' lang='grc' dir='ltr'>ὦδε</span> 
     </span>
    </p>
   </div>
   <div class='ocr_carea' id='block_1_46' title="bbox 369 3486 1958 3561">
    <p class='ocr_par' dir='ltr' id='par_1_46' title="bbox 369 3486 1958 3561">
     <span class='ocr_line' id='line_1_46' title="bbox 369 3486 1958 3561; baseline 0.002 -21"><span class='ocrx_word' id='word_1_339' title='bbox 369 3487 649 3558; x_wconf 86' lang='grc' dir='ltr'>τέθνηκεν.</span> <span class='ocrx_word' id='word_1_340' title='bbox 701 3486 956 3556; x_wconf 84' lang='grc' dir='ltr'>Εὑγένιος</span> <span class='ocrx_word' id='word_1_341' title='bbox 1010 3487 1067 3540; x_wconf 85' lang='grc' dir='ltr'><strong>δέ</strong></span> <span class='ocrx_word' id='word_1_342' title='bbox 1118 3504 1202 3551; x_wconf 91' lang='grc' dir='ltr'><strong>τις</strong></span> <span class='ocrx_word' id='word_1_343' title='bbox 1247 3488 1344 3559; x_wconf 89' lang='grc' dir='ltr'><strong>οὑχ</strong></span> <span class='ocrx_word' id='word_1_344' title='bbox 1401 3487 1568 3557; x_wconf 90' lang='grc' dir='ltr'>ὑγιῶς</span> <span class='ocrx_word' id='word_1_345' title='bbox 1615 3488 1958 3561; x_wconf 82' lang='grc' dir='ltr'>διακείμενος</span> 
     </span>
    </p>
   </div>
   <div class='ocr_carea' id='block_1_47' title="bbox 369 3559 1952 3655">
    <p class='ocr_par' dir='ltr' id='par_1_47' title="bbox 369 3559 1952 3655">
     <span class='ocr_line' id='line_1_47' title="bbox 369 3559 1952 3655; baseline 0.004 -22"><span class='ocrx_word' id='word_1_346' title='bbox 369 3583 499 3650; x_wconf 78' lang='grc' dir='ltr'>περὶ</span> <span class='ocrx_word' id='word_1_347' title='bbox 522 3581 581 3634; x_wconf 74' lang='grc' dir='ltr'>τὸ</span> <span class='ocrx_word' id='word_1_348' title='bbox 610 3580 784 3651; x_wconf 84' lang='grc' dir='ltr'>δόγμα</span> <span class='ocrx_word' id='word_1_349' title='bbox 817 3580 924 3634; x_wconf 91' lang='grc' dir='ltr'><strong>τῶν</strong></span> <span class='ocrx_word' id='word_1_350' title='bbox 958 3581 1335 3653; x_wconf 87' lang='grc' dir='ltr'>Χριστιανῶν,</span> <span class='ocrx_word' id='word_1_351' title='bbox 1364 3582 1669 3654; x_wconf 84' lang='grc' dir='ltr'>ἐπεισπηδᾷ</span> <span class='ocrx_word' id='word_1_352' title='bbox 1696 3585 1761 3654; x_wconf 76' lang='grc' dir='ltr'>τῇ</span> <span class='ocrx_word' id='word_1_353' title='bbox 1789 3559 1952 3655; x_wconf 58' lang='grc' dir='ltr'>ἀρχῆ,</span> 
     </span>
    </p>
   </div>
   <div class='ocr_carea' id='block_1_48' title="bbox 370 3672 1956 3746">
    <p class='ocr_par' dir='ltr' id='par_1_48' title="bbox 370 3672 1956 3746">
     <span class='ocr_line' id='line_1_48' title="bbox 370 3672 1956 3746; baseline 0.002 -20"><span class='ocrx_word' id='word_1_354' title='bbox 370 3673 553 3727; x_wconf 75' lang='grc' dir='ltr'>καὶτὰ</span> <span class='ocrx_word' id='word_1_355' title='bbox 588 3673 832 3743; x_wconf 79' lang='grc' dir='ltr'>σύμϐολα</span> <span class='ocrx_word' id='word_1_356' title='bbox 862 3674 959 3744; x_wconf 86' lang='grc' dir='ltr'><strong>τῆς</strong></span> <span class='ocrx_word' id='word_1_357' title='bbox 986 3672 1265 3744; x_wconf 74' lang='grc' dir='ltr'>βασιλείας</span> <span class='ocrx_word' id='word_1_358' title='bbox 1290 3673 1673 3746; x_wconf 83' lang='grc' dir='ltr'>ἀμφιέννυται.</span> <span class='ocrx_word' id='word_1_359' title='bbox 1703 3676 1862 3746; x_wconf 81' lang='grc' dir='ltr'>ᾯετο</span> <span class='ocrx_word' id='word_1_360' title='bbox 1898 3675 1956 3729; x_wconf 86' lang='grc' dir='ltr'><strong>δέ</strong></span> 
     </span>
    </p>
   </div>
   <div class='ocr_carea' id='block_1_49' title="bbox 368 3748 1955 3840">
    <p class='ocr_par' dir='ltr' id='par_1_49' title="bbox 368 3748 1955 3840">
     <span class='ocr_line' id='line_1_49' title="bbox 368 3748 1955 3840; baseline 0.001 -20"><span class='ocrx_word' id='word_1_361' title='bbox 368 3767 461 3820; x_wconf 70' lang='grc' dir='ltr'>τοῦ</span> <span class='ocrx_word' id='word_1_362' title='bbox 501 3768 930 3839; x_wconf 78' lang='grc' dir='ltr'>ἐπιχειρήματος</span> <span class='ocrx_word' id='word_1_363' title='bbox 955 3766 1213 3838; x_wconf 83' lang='grc' dir='ltr'>ἀσφαλῶς</span> <span class='ocrx_word' id='word_1_364' title='bbox 1242 3748 1573 3840; x_wconf 74' lang='grc' dir='ltr'>κρατήσειν,</span> <span class='ocrx_word' id='word_1_365' title='bbox 1612 3768 1955 3839; x_wconf 83' lang='grc' dir='ltr'>ὑπαγόμενος</span> 
     </span>
    </p>
   </div>
   <div class='ocr_carea' id='block_1_50' title="bbox 366 3860 1952 3934">
    <p class='ocr_par' dir='ltr' id='par_1_50' title="bbox 366 3860 1952 3934">
     <span class='ocr_line' id='line_1_50' title="bbox 366 3860 1952 3934; baseline 0.001 -21"><span class='ocrx_word' id='word_1_366' title='bbox 366 3860 542 3929; x_wconf 89' lang='grc' dir='ltr'>λόγοις</span> <span class='ocrx_word' id='word_1_367' title='bbox 577 3860 883 3933; x_wconf 84' lang='grc' dir='ltr'>ἀνθρώπων</span> <span class='ocrx_word' id='word_1_368' title='bbox 910 3861 1106 3915; x_wconf 79' lang='grc' dir='ltr'>εἰδέναι</span> <span class='ocrx_word' id='word_1_369' title='bbox 1139 3861 1201 3914; x_wconf 85' lang='grc' dir='ltr'>τὸ</span> <span class='ocrx_word' id='word_1_370' title='bbox 1255 3862 1447 3933; x_wconf 87' lang='grc' dir='ltr'>μέλλον</span> <span class='ocrx_word' id='word_1_371' title='bbox 1488 3863 1952 3934; x_wconf 84' lang='grc' dir='ltr'>ὑπισχνουμένων,</span> 
     </span>
    </p>
   </div>
   <div class='ocr_carea' id='block_1_51' title="bbox 368 3955 1953 4027">
    <p class='ocr_par' dir='ltr' id='par_1_51' title="bbox 368 3955 1953 4027">
     <span class='ocr_line' id='line_1_51' title="bbox 368 3955 1953 4027; baseline 0.003 -21"><span class='ocrx_word' id='word_1_372' title='bbox 368 3956 619 4023; x_wconf 71' lang='grc' dir='ltr'>σφαγίοις</span> <span class='ocrx_word' id='word_1_373' title='bbox 672 3955 780 4007; x_wconf 76' lang='grc' dir='ltr'>τισὶ</span> <span class='ocrx_word' id='word_1_374' title='bbox 828 3955 920 4008; x_wconf 73' lang='grc' dir='ltr'><strong>καὶ</strong></span> <span class='ocrx_word' id='word_1_375' title='bbox 975 3955 1452 4025; x_wconf 76' lang='grc' dir='ltr'>ἡπατοσκοπίαις,</span> <span class='ocrx_word' id='word_1_376' title='bbox 1503 3958 1599 4010; x_wconf 67' lang='grc' dir='ltr'><strong>καλ⁸</strong></span> <span class='ocrx_word' id='word_1_377' title='bbox 1650 3956 1953 4027; x_wconf 74' lang='grc' dir='ltr'>καταλήψει</span> 
     </span>
    </p>
   </div>
   <div class='ocr_carea' id='block_1_52' title="bbox 366 4044 1953 4117">
    <p class='ocr_par' dir='ltr' id='par_1_52' title="bbox 366 4044 1953 4117">
     <span class='ocr_line' id='line_1_52' title="bbox 366 4044 1953 4117; baseline 0.003 -22"><span class='ocrx_word' id='word_1_378' title='bbox 366 4045 633 4115; x_wconf 77' lang='grc' dir='ltr'>ἀστέρων.</span> <span class='ocrx_word' id='word_1_379' title='bbox 654 4044 1017 4109; x_wconf 80' lang='grc' dir='ltr'>Ἐσπούδαζον</span> <span class='ocrx_word' id='word_1_380' title='bbox 1047 4044 1103 4098; x_wconf 82' lang='grc' dir='ltr'>δὲ</span> <span class='ocrx_word' id='word_1_381' title='bbox 1132 4046 1260 4117; x_wconf 77' lang='grc' dir='ltr'>περὶ</span> <span class='ocrx_word' id='word_1_382' title='bbox 1298 4047 1468 4100; x_wconf 82' lang='grc' dir='ltr'>ταῦτα</span> <span class='ocrx_word' id='word_1_383' title='bbox 1496 4047 1645 4101; x_wconf 80' lang='grc' dir='ltr'>ἄλλοι</span> <span class='ocrx_word' id='word_1_384' title='bbox 1679 4064 1737 4101; x_wconf 93' lang='grc' dir='ltr'><strong>τε</strong></span> <span class='ocrx_word' id='word_1_385' title='bbox 1766 4047 1953 4101; x_wconf 70' lang='grc' dir='ltr'>πολλοὶ</span> 
     </span>
    </p>
   </div>
   <div class='ocr_carea' id='block_1_53' title="bbox 366 4136 1951 4212">
    <p class='ocr_par' dir='ltr' id='par_1_53' title="bbox 366 4136 1951 4212">
     <span class='ocr_line' id='line_1_53' title="bbox 366 4136 1951 4212; baseline 0.002 -23"><span class='ocrx_word' id='word_1_386' title='bbox 366 4136 474 4189; x_wconf 84' lang='grc' dir='ltr'><strong>τῶν</strong></span> <span class='ocrx_word' id='word_1_387' title='bbox 523 4139 579 4191; x_wconf 78' lang='grc' dir='ltr'><strong>ἐν</strong></span> <span class='ocrx_word' id='word_1_388' title='bbox 634 4136 1109 4208; x_wconf 79' lang='grc' dir='ltr'>τέλειῬωμαίων,</span> <span class='ocrx_word' id='word_1_389' title='bbox 1152 4139 1245 4193; x_wconf 76' lang='grc' dir='ltr'>καὶ</span> <span class='ocrx_word' id='word_1_390' title='bbox 1277 4138 1574 4205; x_wconf 79' lang='grc' dir='ltr'>Φλαϐιανδς</span> <span class='ocrx_word' id='word_1_391' title='bbox 1610 4140 1719 4212; x_wconf 78' lang='grc'>(65)</span> <span class='ocrx_word' id='word_1_392' title='bbox 1754 4141 1783 4193; x_wconf 86' lang='grc' dir='ltr'><strong>ό</strong></span> <span class='ocrx_word' id='word_1_393' title='bbox 1829 4140 1951 4194; x_wconf 88' lang='grc' dir='ltr'>τότε</span> 
     </span>
    </p>
   </div>
   <div class='ocr_carea' id='block_1_54' title="bbox 369 4230 1952 4303">
    <p class='ocr_par' dir='ltr' id='par_1_54' title="bbox 369 4230 1952 4303">
     <span class='ocr_line' id='line_1_54' title="bbox 369 4230 1952 4303; baseline 0.003 -20"><span class='ocrx_word' id='word_1_394' title='bbox 369 4230 614 4301; x_wconf 77' lang='grc' dir='ltr'>ὕπαρχος</span> <span class='ocrx_word' id='word_1_395' title='bbox 641 4271 657 4295; x_wconf 95' lang='grc'><strong>,</strong></span> <span class='ocrx_word' id='word_1_396' title='bbox 713 4231 855 4302; x_wconf 79' lang='grc' dir='ltr'>ἀνὴρ</span> <span class='ocrx_word' id='word_1_397' title='bbox 893 4230 1210 4302; x_wconf 87' lang='grc' dir='ltr'>ἐλλόγιμος,</span> <span class='ocrx_word' id='word_1_398' title='bbox 1249 4232 1340 4284; x_wconf 79' lang='grc' dir='ltr'><strong>καὶ</strong></span> <span class='ocrx_word' id='word_1_399' title='bbox 1406 4232 1534 4303; x_wconf 79' lang='grc' dir='ltr'>περὶ</span> <span class='ocrx_word' id='word_1_400' title='bbox 1580 4232 1647 4285; x_wconf 78' lang='grc' dir='ltr'><strong>τὰ</strong></span> <span class='ocrx_word' id='word_1_401' title='bbox 1701 4233 1952 4287; x_wconf 85' lang='grc' dir='ltr'>πολιτικά</span> 
     </span>
    </p>
   </div>
   <div class='ocr_carea' id='block_1_55' title="bbox 368 4320 1949 4397">
    <p class='ocr_par' dir='ltr' id='par_1_55' title="bbox 368 4320 1949 4397">
     <span class='ocr_line' id='line_1_55' title="bbox 368 4320 1949 4397; baseline 0.001 -19"><span class='ocrx_word' id='word_1_402' title='bbox 368 4325 616 4397; x_wconf 83' lang='grc' dir='ltr'>ἐχέφρων</span> <span class='ocrx_word' id='word_1_403' title='bbox 657 4320 798 4377; x_wconf 80' lang='grc' dir='ltr'>εἶναι</span> <span class='ocrx_word' id='word_1_404' title='bbox 831 4323 1004 4377; x_wconf 90' lang='grc' dir='ltr'>δοκῶν</span> <span class='ocrx_word' id='word_1_405' title='bbox 1030 4341 1041 4353; x_wconf 94' lang='grc'><strong>·</strong></span> <span class='ocrx_word' id='word_1_406' title='bbox 1090 4324 1314 4395; x_wconf 79' lang='grc' dir='ltr'>προσέτι</span> <span class='ocrx_word' id='word_1_407' title='bbox 1348 4323 1403 4377; x_wconf 83' lang='grc' dir='ltr'>δὲ</span> <span class='ocrx_word' id='word_1_408' title='bbox 1448 4324 1541 4378; x_wconf 75' lang='grc' dir='ltr'><strong>καὶ</strong></span> <span class='ocrx_word' id='word_1_409' title='bbox 1586 4324 1653 4377; x_wconf 77' lang='grc' dir='ltr'>τὰ</span> <span class='ocrx_word' id='word_1_410' title='bbox 1691 4325 1949 4395; x_wconf 89' lang='grc' dir='ltr'>μέλλοντα</span> 
     </span>
    </p>
   </div>
   <div class='ocr_carea' id='block_1_56' title="bbox 368 4416 1952 4491">
    <p class='ocr_par' dir='ltr' id='par_1_56' title="bbox 368 4416 1952 4491">
     <span class='ocr_line' id='line_1_56' title="bbox 368 4416 1952 4491; baseline -0.001 -18"><span class='ocrx_word' id='word_1_411' title='bbox 368 4419 630 4491; x_wconf 80' lang='grc' dir='ltr'>ἀκριϐοῦν</span> <span class='ocrx_word' id='word_1_412' title='bbox 690 4418 1035 4489; x_wconf 78' lang='grc' dir='ltr'>λογιζόμενος</span> <span class='ocrx_word' id='word_1_413' title='bbox 1083 4420 1361 4489; x_wconf 84' lang='grc' dir='ltr'>ἐπιστήμῃ</span> <span class='ocrx_word' id='word_1_414' title='bbox 1416 4416 1761 4486; x_wconf 78' lang='grc' dir='ltr'>παντοδαπῆς</span> <span class='ocrx_word' id='word_1_415' title='bbox 1817 4435 1952 4488; x_wconf 82' lang='grc' dir='ltr'>μαν-</span> 
     </span>
    </p>
   </div>
   <div class='ocr_carea' id='block_1_57' title="bbox 2068 1911 3659 1969">
    <p class='ocr_par' dir='ltr' id='par_1_57' title="bbox 2068 1911 3659 1969">
     <span class='ocr_line' id='line_1_57' title="bbox 2068 1911 3659 1969; baseline -0.001 -2"><span class='ocrx_word' id='word_1_416' title='bbox 2068 1914 2257 1968; x_wconf 90' lang='lat' dir='ltr'><strong>vinum</strong></span> <span class='ocrx_word' id='word_1_417' title='bbox 2300 1930 2504 1969; x_wconf 90' lang='lat' dir='ltr'><strong>numen</strong></span> <span class='ocrx_word' id='word_1_418' title='bbox 2548 1914 2742 1969; x_wconf 87' lang='lat' dir='ltr'><strong>scdulo</strong></span> <span class='ocrx_word' id='word_1_419' title='bbox 2780 1912 3156 1968; x_wconf 88' lang='lat' dir='ltr'><strong>venerabatur</strong></span> <span class='ocrx_word' id='word_1_420' title='bbox 3191 1913 3229 1965; x_wconf 71' lang='grc' dir='ltr'><strong>ί.</strong></span> <span class='ocrx_word' id='word_1_421' title='bbox 3274 1911 3488 1967; x_wconf 89' lang='lat' dir='ltr'><strong>Interea</strong></span> <span class='ocrx_word' id='word_1_422' title='bbox 3522 1925 3659 1966; x_wconf 85' lang='lat' dir='ltr'><strong>vero</strong></span> 
     </span>
    </p>
   </div>
   <div class='ocr_carea' id='block_1_58' title="bbox 2067 2002 3656 2076">
    <p class='ocr_par' dir='ltr' id='par_1_58' title="bbox 2067 2002 3656 2076">
     <span class='ocr_line' id='line_1_58' title="bbox 2067 2002 3656 2076; baseline -0.001 -17"><span class='ocrx_word' id='word_1_423' title='bbox 2067 2006 2297 2060; x_wconf 90' lang='lat' dir='ltr'><strong>nuntius</strong></span> <span class='ocrx_word' id='word_1_424' title='bbox 2359 2005 2522 2076; x_wconf 82' lang='lat'><strong>312</strong></span> <span class='ocrx_word' id='word_1_425' title='bbox 2568 2003 2818 2071; x_wconf 68' lang='lat' dir='ltr'><strong>affertur,</strong></span> <span class='ocrx_word' id='word_1_426' title='bbox 2877 2004 3266 2075; x_wconf 88' lang='lat' dir='ltr'><strong>imperatorem</strong></span> <span class='ocrx_word' id='word_1_427' title='bbox 3307 2002 3656 2059; x_wconf 79' lang='lat' dir='ltr'><strong>Valentinia-</strong></span> 
     </span>
    </p>
   </div>
   <div class='ocr_carea' id='block_1_59' title="bbox 2067 2098 3656 2170">
    <p class='ocr_par' dir='ltr' id='par_1_59' title="bbox 2067 2098 3656 2170">
     <span class='ocr_line' id='line_1_59' title="bbox 2067 2098 3656 2170; baseline -0.001 -17"><span class='ocrx_word' id='word_1_428' title='bbox 2067 2116 2199 2153; x_wconf 88' lang='lat' dir='ltr'><strong>num</strong></span> <span class='ocrx_word' id='word_1_429' title='bbox 2234 2100 2435 2169; x_wconf 84' lang='lat' dir='ltr'><strong>laqueo</strong></span> <span class='ocrx_word' id='word_1_430' title='bbox 2460 2098 2773 2156; x_wconf 80' lang='lat' dir='ltr'><strong>interiisse.</strong></span> <span class='ocrx_word' id='word_1_431' title='bbox 2816 2099 2940 2166; x_wconf 89' lang='lat' dir='ltr'><strong>Quo</strong></span> <span class='ocrx_word' id='word_1_432' title='bbox 2971 2099 3169 2155; x_wconf 91' lang='lat' dir='ltr'><strong>mortis</strong></span> <span class='ocrx_word' id='word_1_433' title='bbox 3200 2114 3399 2170; x_wconf 85' lang='lat' dir='ltr'><strong>genere</strong></span> <span class='ocrx_word' id='word_1_434' title='bbox 3431 2113 3529 2169; x_wconf 91' lang='lat' dir='ltr'><strong>per</strong></span> <span class='ocrx_word' id='word_1_435' title='bbox 3557 2115 3656 2153; x_wconf 90' lang='lat' dir='ltr'><strong>cu-</strong></span> 
     </span>
    </p>
   </div>
   <div class='ocr_carea' id='block_1_60' title="bbox 2066 2188 3655 2256">
    <p class='ocr_par' dir='ltr' id='par_1_60' title="bbox 2066 2188 3655 2256">
     <span class='ocr_line' id='line_1_60' title="bbox 2066 2188 3655 2256; baseline -0.002 -8"><span class='ocrx_word' id='word_1_436' title='bbox 2066 2188 2367 2248; x_wconf 87' lang='lat' dir='ltr'><strong>bicularios</strong></span> <span class='ocrx_word' id='word_1_437' title='bbox 2389 2193 2684 2248; x_wconf 89' lang='lat' dir='ltr'><strong>eunuchos</strong></span> <span class='ocrx_word' id='word_1_438' title='bbox 2710 2194 3024 2249; x_wconf 79' lang='lat' dir='ltr'><strong>exstinctus</strong></span> <span class='ocrx_word' id='word_1_439' title='bbox 3044 2191 3217 2249; x_wconf 83' lang='lat' dir='ltr'><strong>fuisse</strong></span> <span class='ocrx_word' id='word_1_440' title='bbox 3238 2192 3553 2256; x_wconf 86' lang='lat' dir='ltr'><strong>dicebatur,</strong></span> <span class='ocrx_word' id='word_1_441' title='bbox 3579 2191 3655 2245; x_wconf 85' lang='lat' dir='ltr'><strong>in-</strong></span> 
     </span>
    </p>
   </div>
   <div class='ocr_carea' id='block_1_61' title="bbox 2067 2285 3654 2357">
    <p class='ocr_par' dir='ltr' id='par_1_61' title="bbox 2067 2285 3654 2357">
     <span class='ocr_line' id='line_1_61' title="bbox 2067 2285 3654 2357; baseline -0.001 -16"><span class='ocrx_word' id='word_1_442' title='bbox 2067 2286 2405 2357; x_wconf 88' lang='lat' dir='ltr'><strong>stigantibus</strong></span> <span class='ocrx_word' id='word_1_443' title='bbox 2435 2286 2631 2341; x_wconf 89' lang='lat' dir='ltr'><strong>aulicis</strong></span> <span class='ocrx_word' id='word_1_444' title='bbox 2662 2286 3032 2357; x_wconf 86' lang='lat' dir='ltr'><strong>quibusdam,</strong></span> <span class='ocrx_word' id='word_1_445' title='bbox 3068 2300 3133 2341; x_wconf 92' lang='lat' dir='ltr'><strong>ac</strong></span> <span class='ocrx_word' id='word_1_446' title='bbox 3168 2286 3444 2356; x_wconf 68' lang='lat' dir='ltr'><strong>praacipue</strong></span> <span class='ocrx_word' id='word_1_447' title='bbox 3472 2285 3654 2340; x_wconf 77' lang='lat' dir='ltr'><strong>Arbo-</strong></span> 
     </span>
    </p>
   </div>
   <div class='ocr_carea' id='block_1_62' title="bbox 2066 2376 3655 2451">
    <p class='ocr_par' dir='ltr' id='par_1_62' title="bbox 2066 2376 3655 2451">
     <span class='ocr_line' id='line_1_62' title="bbox 2066 2376 3655 2451; baseline 0.001 -20"><span class='ocrx_word' id='word_1_448' title='bbox 2066 2389 2219 2449; x_wconf 85' lang='lat' dir='ltr'><strong>gaslc</strong></span> <span class='ocrx_word' id='word_1_449' title='bbox 2257 2378 2525 2451; x_wconf 83' lang='lat' dir='ltr'><strong>magistro</strong></span> <span class='ocrx_word' id='word_1_450' title='bbox 2557 2379 2797 2443; x_wconf 64' lang='lat' dir='ltr'><strong>militiae,</strong></span> <span class='ocrx_word' id='word_1_451' title='bbox 2832 2394 2897 2435; x_wconf 92' lang='lat' dir='ltr'><strong>eo</strong></span> <span class='ocrx_word' id='word_1_452' title='bbox 2931 2377 3078 2449; x_wconf 83' lang='lat' dir='ltr'><strong>quod</strong></span> <span class='ocrx_word' id='word_1_453' title='bbox 3118 2377 3269 2433; x_wconf 92' lang='lat' dir='ltr'><strong>illum</strong></span> <span class='ocrx_word' id='word_1_454' title='bbox 3316 2378 3371 2433; x_wconf 93' lang='lat' dir='ltr'><strong>in</strong></span> <span class='ocrx_word' id='word_1_455' title='bbox 3412 2376 3655 2449; x_wconf 87' lang='lat' dir='ltr'><strong>regendo</strong></span> 
     </span>
    </p>
   </div>
   <div class='ocr_carea' id='block_1_63' title="bbox 2066 2458 3649 2544">
    <p class='ocr_par' dir='ltr' id='par_1_63' title="bbox 2066 2458 3649 2544">
     <span class='ocr_line' id='line_1_63' title="bbox 2066 2458 3649 2544; baseline -0.001 -17"><span class='ocrx_word' id='word_1_456' title='bbox 2066 2458 2299 2544; x_wconf 85' lang='lat' dir='ltr'><strong>imperio</strong></span> <span class='ocrx_word' id='word_1_457' title='bbox 2345 2482 2589 2544; x_wconf 71' lang='lat' dir='ltr'><strong>paterna:</strong></span> <span class='ocrx_word' id='word_1_458' title='bbox 2653 2474 2881 2529; x_wconf 88' lang='lat' dir='ltr'><strong>virtutis</strong></span> <span class='ocrx_word' id='word_1_459' title='bbox 2930 2473 3305 2529; x_wconf 68' lang='lat' dir='ltr'><strong>aemulatorem</strong></span> <span class='ocrx_word' id='word_1_460' title='bbox 3357 2473 3649 2536; x_wconf 82' lang='lat' dir='ltr'><strong>viderent,</strong></span> 
     </span>
    </p>
   </div>
   <div class='ocr_carea' id='block_1_64' title="bbox 2066 2565 3650 2637">
    <p class='ocr_par' dir='ltr' id='par_1_64' title="bbox 2066 2565 3650 2637">
     <span class='ocr_line' id='line_1_64' title="bbox 2066 2565 3650 2637; baseline -0.002 -16"><span class='ocrx_word' id='word_1_461' title='bbox 2066 2582 2168 2622; x_wconf 90' lang='lat' dir='ltr'><strong>nec</strong></span> <span class='ocrx_word' id='word_1_462' title='bbox 2208 2567 2277 2623; x_wconf 92' lang='lat' dir='ltr'><strong>iis</strong></span> <span class='ocrx_word' id='word_1_463' title='bbox 2316 2582 2439 2637; x_wconf 65' lang='lat' dir='ltr'><strong>quae</strong></span> <span class='ocrx_word' id='word_1_464' title='bbox 2476 2567 2616 2635; x_wconf 88' lang='lat' dir='ltr'><strong>ipsis</strong></span> <span class='ocrx_word' id='word_1_465' title='bbox 2658 2566 2986 2637; x_wconf 81' lang='lat' dir='ltr'><strong>placuerant</strong></span> <span class='ocrx_word' id='word_1_466' title='bbox 3026 2566 3492 2636; x_wconf 88' lang='lat' dir='ltr'><strong>acquiescentem.</strong></span> <span class='ocrx_word' id='word_1_467' title='bbox 3542 2565 3650 2618; x_wconf 85' lang='lat' dir='ltr'><strong>Alii</strong></span> 
     </span>
    </p>
   </div>
   <div class='ocr_carea' id='block_1_65' title="bbox 2064 2654 3643 2731">
    <p class='ocr_par' dir='ltr' id='par_1_65' title="bbox 2064 2654 3643 2731">
     <span class='ocr_line' id='line_1_65' title="bbox 2064 2654 3643 2731; baseline 0.001 -18"><span class='ocrx_word' id='word_1_468' title='bbox 2064 2658 2278 2724; x_wconf 89' lang='lat' dir='ltr'><strong>dicunt,</strong></span> <span class='ocrx_word' id='word_1_469' title='bbox 2306 2674 2429 2714; x_wconf 90' lang='lat' dir='ltr'><strong>eum</strong></span> <span class='ocrx_word' id='word_1_470' title='bbox 2458 2659 2565 2714; x_wconf 89' lang='lat' dir='ltr'><strong>sibi</strong></span> <span class='ocrx_word' id='word_1_471' title='bbox 2598 2674 2795 2715; x_wconf 89' lang='lat' dir='ltr'><strong>manus</strong></span> <span class='ocrx_word' id='word_1_472' title='bbox 2830 2658 3107 2723; x_wconf 88' lang='lat' dir='ltr'><strong>intulisse,</strong></span> <span class='ocrx_word' id='word_1_473' title='bbox 3143 2654 3437 2731; x_wconf 76' lang='lat' dir='ltr'><strong>propterea</strong></span> <span class='ocrx_word' id='word_1_474' title='bbox 3465 2659 3643 2731; x_wconf 89' lang='lat' dir='ltr'><strong>quod,</strong></span> 
     </span>
    </p>
   </div>
   <div class='ocr_carea' id='block_1_66' title="bbox 2065 2731 3652 2820">
    <p class='ocr_par' dir='ltr' id='par_1_66' title="bbox 2065 2731 3652 2820">
     <span class='ocr_line' id='line_1_66' title="bbox 2065 2731 3652 2820; baseline -0.002 -15"><span class='ocrx_word' id='word_1_475' title='bbox 2065 2765 2189 2805; x_wconf 90' lang='lat' dir='ltr'><strong>cum</strong></span> <span class='ocrx_word' id='word_1_476' title='bbox 2249 2750 2303 2805; x_wconf 93' lang='lat' dir='ltr'><strong>in</strong></span> <span class='ocrx_word' id='word_1_477' title='bbox 2360 2749 2541 2804; x_wconf 74' lang='lat' dir='ltr'><strong>aetatis</strong></span> <span class='ocrx_word' id='word_1_478' title='bbox 2597 2749 2815 2805; x_wconf 82' lang='lat' dir='ltr'><strong>fervore</strong></span> <span class='ocrx_word' id='word_1_479' title='bbox 2880 2731 3128 2819; x_wconf 66' lang='lat' dir='ltr'><strong>quaedam</strong></span> <span class='ocrx_word' id='word_1_480' title='bbox 3203 2757 3406 2820; x_wconf 66' lang='lat' dir='ltr'><strong>praeter</strong></span> <span class='ocrx_word' id='word_1_481' title='bbox 3455 2748 3547 2819; x_wconf 88' lang='lat' dir='ltr'><strong>jus</strong></span> <span class='ocrx_word' id='word_1_482' title='bbox 3594 2758 3652 2805; x_wconf 90' lang='lat' dir='ltr'><strong>et</strong></span> 
     </span>
    </p>
   </div>
   <div class='ocr_carea' id='block_1_67' title="bbox 2063 2841 3646 2914">
    <p class='ocr_par' dir='ltr' id='par_1_67' title="bbox 2063 2841 3646 2914">
     <span class='ocr_line' id='line_1_67' title="bbox 2063 2841 3646 2914; baseline -0.003 -15"><span class='ocrx_word' id='word_1_483' title='bbox 2063 2858 2278 2914; x_wconf 66' lang='lat' dir='ltr'><strong>mquum</strong></span> <span class='ocrx_word' id='word_1_484' title='bbox 2308 2841 2718 2913; x_wconf 79' lang='lat' dir='ltr'><strong>aggrederetur,</strong></span> <span class='ocrx_word' id='word_1_485' title='bbox 2754 2843 2986 2913; x_wconf 77' lang='lat' dir='ltr'><strong>proximi</strong></span> <span class='ocrx_word' id='word_1_486' title='bbox 3021 2843 3202 2913; x_wconf 90' lang='lat' dir='ltr'><strong>ipsum</strong></span> <span class='ocrx_word' id='word_1_487' title='bbox 3242 2841 3605 2912; x_wconf 86' lang='lat' dir='ltr'><strong>prohiberent</strong></span> <span class='ocrx_word' id='word_1_488' title='bbox 3634 2885 3646 2896; x_wconf 94' lang='lat'><strong>.</strong></span> 
     </span>
    </p>
   </div>
   <div class='ocr_carea' id='block_1_68' title="bbox 2064 2934 3649 3005">
    <p class='ocr_par' dir='ltr' id='par_1_68' title="bbox 2064 2934 3649 3005">
     <span class='ocr_line' id='line_1_68' title="bbox 2064 2934 3649 3005; baseline -0.001 -16"><span class='ocrx_word' id='word_1_489' title='bbox 2064 2942 2228 3005; x_wconf 89' lang='lat' dir='ltr'><strong>atque</strong></span> <span class='ocrx_word' id='word_1_490' title='bbox 2267 2934 2477 2989; x_wconf 88' lang='lat' dir='ltr'><strong>idcirco</strong></span> <span class='ocrx_word' id='word_1_491' title='bbox 2514 2950 2640 2990; x_wconf 93' lang='lat' dir='ltr'><strong>eum</strong></span> <span class='ocrx_word' id='word_1_492' title='bbox 2678 2934 2914 2989; x_wconf 88' lang='lat' dir='ltr'><strong>ulterius</strong></span> <span class='ocrx_word' id='word_1_493' title='bbox 2948 2934 3134 2989; x_wconf 86' lang='lat' dir='ltr'><strong>vivere</strong></span> <span class='ocrx_word' id='word_1_494' title='bbox 3180 2934 3463 3001; x_wconf 85' lang='lat' dir='ltr'><strong>noluisse,</strong></span> <span class='ocrx_word' id='word_1_495' title='bbox 3500 2934 3649 3005; x_wconf 87' lang='lat' dir='ltr'><strong>quod</strong></span> 
     </span>
    </p>
   </div>
   <div class='ocr_carea' id='block_1_69' title="bbox 2063 3026 3649 3099">
    <p class='ocr_par' dir='ltr' id='par_1_69' title="bbox 2063 3026 3649 3099">
     <span class='ocr_line' id='line_1_69' title="bbox 2063 3026 3649 3099; baseline -0.001 -16"><span class='ocrx_word' id='word_1_496' title='bbox 2063 3042 2188 3083; x_wconf 91' lang='lat' dir='ltr'><strong>cum</strong></span> <span class='ocrx_word' id='word_1_497' title='bbox 2217 3027 2516 3098; x_wconf 81' lang='lat' dir='ltr'><strong>imperator</strong></span> <span class='ocrx_word' id='word_1_498' title='bbox 2542 3037 2724 3092; x_wconf 89' lang='lat' dir='ltr'><strong>esset,</strong></span> <span class='ocrx_word' id='word_1_499' title='bbox 2753 3042 2818 3082; x_wconf 91' lang='lat' dir='ltr'><strong>ea</strong></span> <span class='ocrx_word' id='word_1_500' title='bbox 2845 3041 2967 3097; x_wconf 61' lang='lat' dir='ltr'><strong>qua</strong></span> <span class='ocrx_word' id='word_1_501' title='bbox 2998 3026 3216 3082; x_wconf 90' lang='lat' dir='ltr'><strong>volebat</strong></span> <span class='ocrx_word' id='word_1_502' title='bbox 3242 3041 3408 3099; x_wconf 87' lang='lat' dir='ltr'><strong>agere</strong></span> <span class='ocrx_word' id='word_1_503' title='bbox 3438 3041 3649 3098; x_wconf 91' lang='lat' dir='ltr'><strong>nequa-</strong></span> 
     </span>
    </p>
   </div>
   <div class='ocr_carea' id='block_1_70' title="bbox 2064 3117 3651 3190">
    <p class='ocr_par' dir='ltr' id='par_1_70' title="bbox 2064 3117 3651 3190">
     <span class='ocr_line' id='line_1_70' title="bbox 2064 3117 3651 3190; baseline 0.001 -16"><span class='ocrx_word' id='word_1_504' title='bbox 2064 3134 2228 3189; x_wconf 90' lang='lat' dir='ltr'><strong>quam</strong></span> <span class='ocrx_word' id='word_1_505' title='bbox 2258 3120 2693 3190; x_wconf 87' lang='lat' dir='ltr'><strong>permitteretur.</strong></span> <span class='ocrx_word' id='word_1_506' title='bbox 2733 3117 2933 3175; x_wconf 86' lang='lat' dir='ltr'><strong>Fertur</strong></span> <span class='ocrx_word' id='word_1_507' title='bbox 2962 3133 3131 3190; x_wconf 92' lang='lat' dir='ltr'><strong>porro</strong></span> <span class='ocrx_word' id='word_1_508' title='bbox 3159 3119 3306 3185; x_wconf 85' lang='lat' dir='ltr'><strong>hunc</strong></span> <span class='ocrx_word' id='word_1_509' title='bbox 3335 3119 3651 3175; x_wconf 84' lang='lat' dir='ltr'><strong>adolescen-</strong></span> 
     </span>
    </p>
   </div>
   <div class='ocr_carea' id='block_1_71' title="bbox 2062 3212 3646 3284">
    <p class='ocr_par' dir='ltr' id='par_1_71' title="bbox 2062 3212 3646 3284">
     <span class='ocr_line' id='line_1_71' title="bbox 2062 3212 3646 3284; baseline 0 -18"><span class='ocrx_word' id='word_1_510' title='bbox 2062 3219 2169 3267; x_wconf 92' lang='lat' dir='ltr'><strong>tem</strong></span> <span class='ocrx_word' id='word_1_511' title='bbox 2194 3251 2209 3277; x_wconf 92' lang='lat'><strong>,</strong></span> <span class='ocrx_word' id='word_1_512' title='bbox 2243 3212 2313 3267; x_wconf 92' lang='lat' dir='ltr'><strong>ob</strong></span> <span class='ocrx_word' id='word_1_513' title='bbox 2343 3212 2600 3269; x_wconf 90' lang='lat' dir='ltr'><strong>decorem</strong></span> <span class='ocrx_word' id='word_1_514' title='bbox 2668 3212 2921 3283; x_wconf 89' lang='lat' dir='ltr'><strong>corporis</strong></span> <span class='ocrx_word' id='word_1_515' title='bbox 2972 3220 3026 3267; x_wconf 92' lang='lat' dir='ltr'><strong>et</strong></span> <span class='ocrx_word' id='word_1_516' title='bbox 3048 3212 3120 3268; x_wconf 91' lang='lat' dir='ltr'><strong>ob</strong></span> <span class='ocrx_word' id='word_1_517' title='bbox 3158 3214 3365 3284; x_wconf 85' lang='lat' dir='ltr'><strong>regiam</strong></span> <span class='ocrx_word' id='word_1_518' title='bbox 3406 3212 3646 3268; x_wconf 85' lang='lat' dir='ltr'><strong>indolem</strong></span> 
     </span>
    </p>
   </div>
   <div class='ocr_carea' id='block_1_72' title="bbox 2061 3304 3649 3377">
    <p class='ocr_par' dir='ltr' id='par_1_72' title="bbox 2061 3304 3649 3377">
     <span class='ocr_line' id='line_1_72' title="bbox 2061 3304 3649 3377; baseline 0 -17"><span class='ocrx_word' id='word_1_519' title='bbox 2061 3321 2125 3360; x_wconf 90' lang='lat' dir='ltr'><strong>ac</strong></span> <span class='ocrx_word' id='word_1_520' title='bbox 2151 3306 2447 3371; x_wconf 87' lang='lat' dir='ltr'><strong>virtutem,</strong></span> <span class='ocrx_word' id='word_1_521' title='bbox 2502 3304 2740 3374; x_wconf 89' lang='lat' dir='ltr'><strong>imperio</strong></span> <span class='ocrx_word' id='word_1_522' title='bbox 2782 3306 3175 3377; x_wconf 84' lang='lat' dir='ltr'><strong>dignissimum</strong></span> <span class='ocrx_word' id='word_1_523' title='bbox 3221 3305 3505 3362; x_wconf 84' lang='lat' dir='ltr'><strong>exstitisse</strong></span> <span class='ocrx_word' id='word_1_524' title='bbox 3532 3348 3547 3373; x_wconf 88' lang='lat'><strong>,</strong></span> <span class='ocrx_word' id='word_1_525' title='bbox 3591 3315 3649 3361; x_wconf 87' lang='lat' dir='ltr'><strong>et</strong></span> 
     </span>
    </p>
   </div>
   <div class='ocr_carea' id='block_1_73' title="bbox 2061 3396 3646 3470">
    <p class='ocr_par' dir='ltr' id='par_1_73' title="bbox 2061 3396 3646 3470">
     <span class='ocr_line' id='line_1_73' title="bbox 2061 3396 3646 3470; baseline 0.001 -19"><span class='ocrx_word' id='word_1_526' title='bbox 2061 3398 2441 3469; x_wconf 88' lang='lat' dir='ltr'><strong>magnitudine</strong></span> <span class='ocrx_word' id='word_1_527' title='bbox 2473 3396 2643 3452; x_wconf 90' lang='lat' dir='ltr'><strong>animi</strong></span> <span class='ocrx_word' id='word_1_528' title='bbox 2687 3412 2751 3453; x_wconf 89' lang='lat' dir='ltr'><strong>ac</strong></span> <span class='ocrx_word' id='word_1_529' title='bbox 2785 3397 3004 3469; x_wconf 80' lang='lat' dir='ltr'><strong>justitia</strong></span> <span class='ocrx_word' id='word_1_530' title='bbox 3046 3406 3258 3469; x_wconf 83' lang='lat' dir='ltr'><strong>patrem</strong></span> <span class='ocrx_word' id='word_1_531' title='bbox 3298 3398 3366 3454; x_wconf 90' lang='lat' dir='ltr'><strong>ab</strong></span> <span class='ocrx_word' id='word_1_532' title='bbox 3401 3399 3497 3453; x_wconf 66' lang='lat' dir='ltr'><strong>Illo</strong></span> <span class='ocrx_word' id='word_1_533' title='bbox 3541 3414 3646 3470; x_wconf 84' lang='lat' dir='ltr'><strong>po-</strong></span> 
     </span>
    </p>
   </div>
   <div class='ocr_carea' id='block_1_74' title="bbox 2060 3491 3649 3565">
    <p class='ocr_par' dir='ltr' id='par_1_74' title="bbox 2060 3491 3649 3565">
     <span class='ocr_line' id='line_1_74' title="bbox 2060 3491 3649 3565; baseline 0.002 -20"><span class='ocrx_word' id='word_1_534' title='bbox 2060 3491 2236 3548; x_wconf 76' lang='lat' dir='ltr'><strong>tuisse</strong></span> <span class='ocrx_word' id='word_1_535' title='bbox 2286 3492 2577 3564; x_wconf 90' lang='lat' dir='ltr'><strong>superari,</strong></span> <span class='ocrx_word' id='word_1_536' title='bbox 2615 3492 2660 3547; x_wconf 92' lang='lat' dir='ltr'><strong>si</strong></span> <span class='ocrx_word' id='word_1_537' title='bbox 2711 3491 2778 3545; x_wconf 89' lang='lat' dir='ltr'><strong>ad</strong></span> <span class='ocrx_word' id='word_1_538' title='bbox 2828 3492 3043 3547; x_wconf 90' lang='lat' dir='ltr'><strong>virilem</strong></span> <span class='ocrx_word' id='word_1_539' title='bbox 3094 3498 3309 3547; x_wconf 77' lang='lat' dir='ltr'><strong>aetatem</strong></span> <span class='ocrx_word' id='word_1_540' title='bbox 3356 3494 3649 3565; x_wconf 85' lang='lat' dir='ltr'><strong>pervenire</strong></span> 
     </span>
    </p>
   </div>
   <div class='ocr_carea' id='block_1_75' title="bbox 2057 3583 3643 3657">
    <p class='ocr_par' dir='ltr' id='par_1_75' title="bbox 2057 3583 3643 3657">
     <span class='ocr_line' id='line_1_75' title="bbox 2057 3583 3643 3657; baseline 0.003 -18"><span class='ocrx_word' id='word_1_541' title='bbox 2057 3583 2106 3639; x_wconf 93' lang='lat' dir='ltr'><strong>ei</strong></span> <span class='ocrx_word' id='word_1_542' title='bbox 2138 3584 2405 3640; x_wconf 81' lang='lat' dir='ltr'><strong>licuisset.</strong></span> <span class='ocrx_word' id='word_1_543' title='bbox 2442 3586 2622 3656; x_wconf 81' lang='lat' dir='ltr'><strong>Atque</strong></span> <span class='ocrx_word' id='word_1_544' title='bbox 2658 3583 2749 3640; x_wconf 88' lang='lat' dir='ltr'><strong>hic</strong></span> <span class='ocrx_word' id='word_1_545' title='bbox 2782 3585 3002 3657; x_wconf 85' lang='lat' dir='ltr'><strong>quidem</strong></span> <span class='ocrx_word' id='word_1_546' title='bbox 3028 3623 3043 3649; x_wconf 91' lang='lat'><strong>,</strong></span> <span class='ocrx_word' id='word_1_547' title='bbox 3077 3599 3203 3639; x_wconf 89' lang='lat' dir='ltr'><strong>cum</strong></span> <span class='ocrx_word' id='word_1_548' title='bbox 3239 3584 3515 3655; x_wconf 85' lang='lat' dir='ltr'><strong>ejusmodi</strong></span> <span class='ocrx_word' id='word_1_549' title='bbox 3552 3602 3643 3643; x_wconf 87' lang='lat' dir='ltr'><strong>es-</strong></span> 
     </span>
    </p>
   </div>
   <div class='ocr_carea' id='block_1_76' title="bbox 2059 3675 3645 3749">
    <p class='ocr_par' dir='ltr' id='par_1_76' title="bbox 2059 3675 3645 3749">
     <span class='ocr_line' id='line_1_76' title="bbox 2059 3675 3645 3749; baseline 0.002 -19"><span class='ocrx_word' id='word_1_550' title='bbox 2059 3682 2179 3739; x_wconf 92' lang='lat' dir='ltr'><strong>set,</strong></span> <span class='ocrx_word' id='word_1_551' title='bbox 2214 3676 2309 3730; x_wconf 85' lang='lat' dir='ltr'><strong>tali</strong></span> <span class='ocrx_word' id='word_1_552' title='bbox 2354 3677 2505 3731; x_wconf 84' lang='lat' dir='ltr'><strong>exitu</strong></span> <span class='ocrx_word' id='word_1_553' title='bbox 2553 3677 2737 3748; x_wconf 89' lang='lat' dir='ltr'><strong>periit.</strong></span> <span class='ocrx_word' id='word_1_554' title='bbox 2794 3675 3075 3749; x_wconf 80' lang='lat' dir='ltr'><strong>Eugenius</strong></span> <span class='ocrx_word' id='word_1_555' title='bbox 3136 3686 3321 3733; x_wconf 89' lang='lat' dir='ltr'><strong>autem</strong></span> <span class='ocrx_word' id='word_1_556' title='bbox 3372 3678 3645 3749; x_wconf 82' lang='lat' dir='ltr'><strong>quidam,</strong></span> 
     </span>
    </p>
   </div>
   <div class='ocr_carea' id='block_1_77' title="bbox 2060 3767 3643 3843">
    <p class='ocr_par' dir='ltr' id='par_1_77' title="bbox 2060 3767 3643 3843">
     <span class='ocr_line' id='line_1_77' title="bbox 2060 3767 3643 3843; baseline 0.004 -23"><span class='ocrx_word' id='word_1_557' title='bbox 2060 3767 2204 3823; x_wconf 90' lang='lat' dir='ltr'><strong>haud</strong></span> <span class='ocrx_word' id='word_1_558' title='bbox 2236 3768 2457 3824; x_wconf 88' lang='lat' dir='ltr'><strong>sincero</strong></span> <span class='ocrx_word' id='word_1_559' title='bbox 2502 3770 2691 3824; x_wconf 87' lang='lat' dir='ltr'><strong>animo</strong></span> <span class='ocrx_word' id='word_1_560' title='bbox 2736 3784 2864 3841; x_wconf 87' lang='lat' dir='ltr'><strong>erga</strong></span> <span class='ocrx_word' id='word_1_561' title='bbox 2909 3768 3237 3840; x_wconf 90' lang='lat' dir='ltr'><strong>religionem</strong></span> <span class='ocrx_word' id='word_1_562' title='bbox 3265 3769 3643 3843; x_wconf 39' lang='lat' dir='ltr'><strong>,Christiano-</strong></span> 
     </span>
    </p>
   </div>
   <div class='ocr_carea' id='block_1_78' title="bbox 2059 3861 3644 3935">
    <p class='ocr_par' dir='ltr' id='par_1_78' title="bbox 2059 3861 3644 3935">
     <span class='ocr_line' id='line_1_78' title="bbox 2059 3861 3644 3935; baseline 0.003 -21"><span class='ocrx_word' id='word_1_563' title='bbox 2059 3877 2181 3915; x_wconf 89' lang='lat' dir='ltr'><strong>rum</strong></span> <span class='ocrx_word' id='word_1_564' title='bbox 2221 3861 2484 3928; x_wconf 73' lang='lat' dir='ltr'><strong>aﬂectus,</strong></span> <span class='ocrx_word' id='word_1_565' title='bbox 2530 3862 2825 3933; x_wconf 87' lang='lat' dir='ltr'><strong>imperium</strong></span> <span class='ocrx_word' id='word_1_566' title='bbox 2866 3861 3101 3927; x_wconf 85' lang='lat' dir='ltr'><strong>invasit,</strong></span> <span class='ocrx_word' id='word_1_567' title='bbox 3135 3862 3368 3933; x_wconf 82' lang='lat' dir='ltr'><strong>ejusque</strong></span> <span class='ocrx_word' id='word_1_568' title='bbox 3404 3863 3644 3935; x_wconf 82' lang='lat' dir='ltr'><strong>insignia</strong></span> 
     </span>
    </p>
   </div>
   <div class='ocr_carea' id='block_1_79' title="bbox 2058 3954 3641 4028">
    <p class='ocr_par' dir='ltr' id='par_1_79' title="bbox 2058 3954 3641 4028">
     <span class='ocr_line' id='line_1_79' title="bbox 2058 3954 3641 4028; baseline 0.001 -18"><span class='ocrx_word' id='word_1_569' title='bbox 2058 3956 2163 4011; x_wconf 90' lang='lat' dir='ltr'><strong>sibi</strong></span> <span class='ocrx_word' id='word_1_570' title='bbox 2210 3957 2535 4027; x_wconf 89' lang='lat' dir='ltr'><strong>assumpsit.</strong></span> <span class='ocrx_word' id='word_1_571' title='bbox 2590 3954 2863 4027; x_wconf 87' lang='lat' dir='ltr'><strong>Sperabat</strong></span> <span class='ocrx_word' id='word_1_572' title='bbox 2922 3964 3103 4010; x_wconf 87' lang='lat' dir='ltr'><strong>autem</strong></span> <span class='ocrx_word' id='word_1_573' title='bbox 3154 3970 3213 4012; x_wconf 89' lang='lat' dir='ltr'><strong>sc</strong></span> <span class='ocrx_word' id='word_1_574' title='bbox 3267 3956 3641 4028; x_wconf 87' lang='lat' dir='ltr'><strong>principatum</strong></span> 
     </span>
    </p>
   </div>
   <div class='ocr_carea' id='block_1_80' title="bbox 2061 4048 3642 4119">
    <p class='ocr_par' dir='ltr' id='par_1_80' title="bbox 2061 4048 3642 4119">
     <span class='ocr_line' id='line_1_80' title="bbox 2061 4048 3642 4119; baseline 0.001 -16"><span class='ocrx_word' id='word_1_575' title='bbox 2061 4048 2292 4104; x_wconf 85' lang='lat' dir='ltr'><strong>firmiter</strong></span> <span class='ocrx_word' id='word_1_576' title='bbox 2332 4057 2679 4105; x_wconf 84' lang='lat' dir='ltr'><strong>retenturum</strong></span> <span class='ocrx_word' id='word_1_577' title='bbox 2704 4089 2717 4112; x_wconf 91' lang='lat'><strong>,</strong></span> <span class='ocrx_word' id='word_1_578' title='bbox 2758 4048 3020 4104; x_wconf 91' lang='lat' dir='ltr'><strong>inductus</strong></span> <span class='ocrx_word' id='word_1_579' title='bbox 3054 4048 3237 4104; x_wconf 87' lang='lat' dir='ltr'><strong>verbis</strong></span> <span class='ocrx_word' id='word_1_580' title='bbox 3269 4050 3642 4119; x_wconf 89' lang='lat' dir='ltr'><strong>quorumdam</strong></span> 
     </span>
    </p>
   </div>
   <div class='ocr_carea' id='block_1_81' title="bbox 2059 4140 3642 4213">
    <p class='ocr_par' dir='ltr' id='par_1_81' title="bbox 2059 4140 3642 4213">
     <span class='ocr_line' id='line_1_81' title="bbox 2059 4140 3642 4213; baseline 0 -17"><span class='ocrx_word' id='word_1_581' title='bbox 2059 4143 2380 4208; x_wconf 89' lang='lat' dir='ltr'><strong>hominum,</strong></span> <span class='ocrx_word' id='word_1_582' title='bbox 2418 4143 2513 4213; x_wconf 92' lang='lat' dir='ltr'><strong>qui</strong></span> <span class='ocrx_word' id='word_1_583' title='bbox 2559 4156 2618 4197; x_wconf 89' lang='lat' dir='ltr'><strong>se</strong></span> <span class='ocrx_word' id='word_1_584' title='bbox 2663 4140 2847 4195; x_wconf 90' lang='lat' dir='ltr'><strong>futura</strong></span> <span class='ocrx_word' id='word_1_585' title='bbox 2920 4155 3086 4195; x_wconf 90' lang='lat' dir='ltr'><strong>nosse</strong></span> <span class='ocrx_word' id='word_1_586' title='bbox 3127 4140 3412 4210; x_wconf 89' lang='lat' dir='ltr'><strong>jactabant</strong></span> <span class='ocrx_word' id='word_1_587' title='bbox 3462 4156 3527 4197; x_wconf 79' lang='lat' dir='ltr'><strong>ex</strong></span> <span class='ocrx_word' id='word_1_588' title='bbox 3558 4143 3642 4196; x_wconf 87' lang='lat' dir='ltr'><strong>vi-</strong></span> 
     </span>
    </p>
   </div>
   <div class='ocr_carea' id='block_1_82' title="bbox 2058 4233 3647 4305">
    <p class='ocr_par' dir='ltr' id='par_1_82' title="bbox 2058 4233 3647 4305">
     <span class='ocr_line' id='line_1_82' title="bbox 2058 4233 3647 4305; baseline -0.001 -13"><span class='ocrx_word' id='word_1_589' title='bbox 2058 4237 2244 4293; x_wconf 86' lang='lat' dir='ltr'><strong>ctimis</strong></span> <span class='ocrx_word' id='word_1_590' title='bbox 2314 4234 2646 4305; x_wconf 87' lang='lat' dir='ltr'><strong>quibusdam</strong></span> <span class='ocrx_word' id='word_1_591' title='bbox 2720 4244 3085 4305; x_wconf 83' lang='lat' dir='ltr'><strong>extorumque</strong></span> <span class='ocrx_word' id='word_1_592' title='bbox 3151 4233 3523 4304; x_wconf 85' lang='lat' dir='ltr'><strong>inspectione,</strong></span> <span class='ocrx_word' id='word_1_593' title='bbox 3584 4242 3647 4290; x_wconf 90' lang='lat' dir='ltr'><strong>et</strong></span> 
     </span>
    </p>
   </div>
   <div class='ocr_carea' id='block_1_83' title="bbox 2057 4325 3639 4397">
    <p class='ocr_par' dir='ltr' id='par_1_83' title="bbox 2057 4325 3639 4397">
     <span class='ocr_line' id='line_1_83' title="bbox 2057 4325 3639 4397; baseline -0.002 -13"><span class='ocrx_word' id='word_1_594' title='bbox 2057 4328 2443 4384; x_wconf 88' lang='lat' dir='ltr'><strong>observatione</strong></span> <span class='ocrx_word' id='word_1_595' title='bbox 2494 4326 2763 4382; x_wconf 84' lang='lat' dir='ltr'><strong>siderum.</strong></span> <span class='ocrx_word' id='word_1_596' title='bbox 2818 4327 2919 4381; x_wconf 88' lang='lat' dir='ltr'><strong>Cui</strong></span> <span class='ocrx_word' id='word_1_597' title='bbox 2980 4326 3369 4397; x_wconf 89' lang='lat' dir='ltr'><strong>superstitioni</strong></span> <span class='ocrx_word' id='word_1_598' title='bbox 3426 4325 3639 4381; x_wconf 88' lang='lat' dir='ltr'><strong>addicti</strong></span> 
     </span>
    </p>
   </div>
   <div class='ocr_carea' id='block_1_84' title="bbox 2057 4418 3638 4490">
    <p class='ocr_par' dir='ltr' id='par_1_84' title="bbox 2057 4418 3638 4490">
     <span class='ocr_line' id='line_1_84' title="bbox 2057 4418 3638 4490; baseline 0.002 -16"><span class='ocrx_word' id='word_1_599' title='bbox 2057 4428 2215 4475; x_wconf 85' lang='lat' dir='ltr'><strong>erant</strong></span> <span class='ocrx_word' id='word_1_600' title='bbox 2251 4434 2318 4474; x_wconf 87' lang='lat' dir='ltr'><strong>eo</strong></span> <span class='ocrx_word' id='word_1_601' title='bbox 2364 4427 2613 4490; x_wconf 91' lang='lat' dir='ltr'><strong>tempore</strong></span> <span class='ocrx_word' id='word_1_602' title='bbox 2637 4460 2650 4482; x_wconf 90' lang='lat'><strong>,</strong></span> <span class='ocrx_word' id='word_1_603' title='bbox 2688 4425 2805 4473; x_wconf 92' lang='lat' dir='ltr'><strong>tum</strong></span> <span class='ocrx_word' id='word_1_604' title='bbox 2843 4418 2933 4473; x_wconf 91' lang='lat' dir='ltr'><strong>alii</strong></span> <span class='ocrx_word' id='word_1_605' title='bbox 2973 4420 3160 4489; x_wconf 88' lang='lat' dir='ltr'><strong>plures</strong></span> <span class='ocrx_word' id='word_1_606' title='bbox 3197 4432 3263 4473; x_wconf 82' lang='lat' dir='ltr'><strong>ex</strong></span> <span class='ocrx_word' id='word_1_607' title='bbox 3305 4419 3638 4489; x_wconf 86' lang='lat' dir='ltr'><strong>proceribus</strong></span> 
     </span>
    </p>
   </div>
   <div class='ocr_carea' id='block_1_85' title="bbox 368 4507 2129 4597">
    <p class='ocr_par' dir='ltr' id='par_1_85' title="bbox 368 4507 2129 4597">
     <span class='ocr_line' id='line_1_85' title="bbox 368 4507 2129 4597; baseline -0.001 -35"><span class='ocrx_word' id='word_1_608' title='bbox 368 4510 537 4574; x_wconf 89' lang='grc' dir='ltr'>τείας.</span> <span class='ocrx_word' id='word_1_609' title='bbox 575 4510 761 4584; x_wconf 82' lang='grc' dir='ltr'>Ταύτῃ</span> <span class='ocrx_word' id='word_1_610' title='bbox 811 4510 919 4582; x_wconf 79' lang='grc' dir='ltr'>γὰρ</span> <span class='ocrx_word' id='word_1_611' title='bbox 959 4509 1189 4580; x_wconf 85' lang='grc' dir='ltr'>μάλιστα</span> <span class='ocrx_word' id='word_1_612' title='bbox 1227 4509 1317 4562; x_wconf 77' lang='grc' dir='ltr'><strong>τὸν</strong></span> <span class='ocrx_word' id='word_1_613' title='bbox 1358 4508 1608 4597; x_wconf 78' lang='grc' dir='ltr'>Εὑγένιον</span> <span class='ocrx_word' id='word_1_614' title='bbox 1655 4507 1839 4561; x_wconf 77' lang='grc' dir='ltr'>ἔπεισε</span> <span class='ocrx_word' id='word_1_615' title='bbox 1870 4509 1951 4572; x_wconf 88' lang='grc' dir='ltr'><strong>είς</strong></span> <span class='ocrx_word' id='word_1_616' title='bbox 1982 4536 2028 4597; x_wconf 80' lang='lat' dir='ltr'><strong>D</strong></span> <span class='ocrx_word' id='word_1_617' title='bbox 2058 4514 2129 4569; x_wconf 73' lang='lat' dir='ltr'><strong>Ro</strong></span> 
     </span>
    </p>
   </div>
   <div class='ocr_carea' id='block_1_86' title="bbox 1874 4507 3635 4597">
    <p class='ocr_par' dir='ltr' id='par_1_86' title="bbox 1874 4508 3635 4597">
     <span class='ocr_line' id='line_1_86' title="bbox 1874 4508 3635 4597; baseline -0.003 -25"><span class='ocrx_word' id='word_1_618' title='bbox 1874 4509 1951 4572; x_wconf 68' lang='grc' dir='ltr'><strong>εἷς</strong></span> <span class='ocrx_word' id='word_1_619' title='bbox 1982 4536 2028 4597; x_wconf 76' lang='grc' dir='ltr'>υ</span> <span class='ocrx_word' id='word_1_620' title='bbox 2058 4514 2470 4575; x_wconf 78' lang='lat' dir='ltr'><strong>Romanorum,</strong></span> <span class='ocrx_word' id='word_1_621' title='bbox 2514 4520 2624 4566; x_wconf 91' lang='lat' dir='ltr'><strong>tum</strong></span> <span class='ocrx_word' id='word_1_622' title='bbox 2662 4508 2957 4566; x_wconf 84' lang='lat' dir='ltr'><strong>Flavianus</strong></span> <span class='ocrx_word' id='word_1_623' title='bbox 2993 4510 3292 4581; x_wconf 86' lang='lat' dir='ltr'><strong>praefectus</strong></span> <span class='ocrx_word' id='word_1_624' title='bbox 3333 4511 3594 4580; x_wconf 69' lang='lat' dir='ltr'><strong>praetorio</strong></span> <span class='ocrx_word' id='word_1_625' title='bbox 3620 4554 3635 4578; x_wconf 92' lang='lat'><strong>,</strong></span> 
     </span>
    </p>
   </div>
   <div class='ocr_carea' id='block_1_87' title="bbox 370 4595 1949 4673">
    <p class='ocr_par' dir='ltr' id='par_1_87' title="bbox 370 4595 1949 4673">
     <span class='ocr_line' id='line_1_87' title="bbox 370 4595 1949 4673; baseline 0.001 -20"><span class='ocrx_word' id='word_1_626' title='bbox 370 4602 605 4671; x_wconf 88' lang='grc' dir='ltr'>πόλεμον</span> <span class='ocrx_word' id='word_1_627' title='bbox 632 4600 1194 4673; x_wconf 83' lang='grc' dir='ltr'>παρασκευάσασθαι,</span> <span class='ocrx_word' id='word_1_628' title='bbox 1229 4601 1488 4671; x_wconf 74' lang='grc' dir='ltr'>μοιρίδιον</span> <span class='ocrx_word' id='word_1_629' title='bbox 1512 4595 1649 4655; x_wconf 79' lang='grc' dir='ltr'>εἶναι</span> <span class='ocrx_word' id='word_1_630' title='bbox 1680 4601 1826 4672; x_wconf 82' lang='grc' dir='ltr'>αὑτῷ</span> <span class='ocrx_word' id='word_1_631' title='bbox 1851 4600 1949 4672; x_wconf 75' lang='grc' dir='ltr'><strong>τήν</strong></span> 
     </span>
    </p>
   </div>
   <div class='ocr_carea' id='block_1_88' title="bbox 452 4717 1053 4785">
    <p class='ocr_par' dir='ltr' id='par_1_88' title="bbox 452 4717 1053 4785">
     <span class='ocr_line' id='line_1_88' title="bbox 452 4717 1053 4785; baseline -0.002 -13"><span class='ocrx_word' id='word_1_632' title='bbox 452 4717 645 4773; x_wconf 83' lang='lat' dir='ltr'><strong>&#39;Socr.</strong></span> <span class='ocrx_word' id='word_1_633' title='bbox 678 4718 770 4773; x_wconf 92' lang='lat' dir='ltr'><strong>lib.</strong></span> <span class='ocrx_word' id='word_1_634' title='bbox 807 4734 930 4785; x_wconf 90' lang='lat' dir='ltr'><strong>v,c.</strong></span> <span class='ocrx_word' id='word_1_635' title='bbox 963 4717 1053 4771; x_wconf 73' lang='lat'><strong>25.</strong></span> 
     </span>
    </p>
   </div>
   <div class='ocr_carea' id='block_1_89' title="bbox 2060 4600 3639 4673">
    <p class='ocr_par' dir='ltr' id='par_1_89' title="bbox 2060 4600 3639 4673">
     <span class='ocr_line' id='line_1_89' title="bbox 2060 4600 3639 4673; baseline -0.001 -14"><span class='ocrx_word' id='word_1_636' title='bbox 2060 4606 2144 4659; x_wconf 88' lang='lat' dir='ltr'><strong>vir</strong></span> <span class='ocrx_word' id='word_1_637' title='bbox 2202 4602 2440 4658; x_wconf 77' lang='lat' dir='ltr'><strong>eximius</strong></span> <span class='ocrx_word' id='word_1_638' title='bbox 2484 4610 2537 4655; x_wconf 82' lang='lat' dir='ltr'><strong>et</strong></span> <span class='ocrx_word' id='word_1_639' title='bbox 2574 4602 2626 4655; x_wconf 94' lang='lat' dir='ltr'><strong>in</strong></span> <span class='ocrx_word' id='word_1_640' title='bbox 2667 4601 2950 4672; x_wconf 79' lang='lat' dir='ltr'><strong>republica</strong></span> <span class='ocrx_word' id='word_1_641' title='bbox 2988 4600 3227 4673; x_wconf 87' lang='lat' dir='ltr'><strong>gerenda</strong></span> <span class='ocrx_word' id='word_1_642' title='bbox 3269 4601 3639 4672; x_wconf 85' lang='lat' dir='ltr'><strong>prudentissi-</strong></span> 
     </span>
    </p>
   </div>
   <div class='ocr_carea' id='block_1_90' title="bbox 1539 4803 2384 4863">
    <p class='ocr_par' dir='ltr' id='par_1_90' title="bbox 1539 4803 2384 4863">
     <span class='ocr_line' id='line_1_90' title="bbox 1539 4803 2384 4863; baseline -0.005 0"><span class='ocrx_word' id='word_1_643' title='bbox 1539 4806 1809 4863; x_wconf 81' lang='lat' dir='ltr'><strong>VALESII</strong></span> <span class='ocrx_word' id='word_1_644' title='bbox 1847 4803 2384 4863; x_wconf 76' lang='lat' dir='ltr'><strong>ANNOTATIONES</strong></span> 
     </span>
    </p>
   </div>
   <div class='ocr_carea' id='block_1_91' title="bbox 439 4904 1945 4979">
    <p class='ocr_par' dir='ltr' id='par_1_91' title="bbox 439 4904 1945 4979">
     <span class='ocr_line' id='line_1_91' title="bbox 439 4904 1945 4979; baseline -0.001 -16"><span class='ocrx_word' id='word_1_645' title='bbox 439 4907 549 4979; x_wconf 82' lang='lat'><strong>(60)</strong></span> <span class='ocrx_word' id='word_1_646' title='bbox 588 4907 1033 4979; x_wconf 74' lang='grc' dir='ltr'>Ἐπιχειροῦντά</span> <span class='ocrx_word' id='word_1_647' title='bbox 1047 4923 1207 4979; x_wconf 74' lang='grc' dir='ltr'>τισιν</span> <span class='ocrx_word' id='word_1_648' title='bbox 1228 4910 1298 4961; x_wconf 83' lang='grc' dir='ltr'><strong>οὺ</strong></span> <span class='ocrx_word' id='word_1_649' title='bbox 1320 4907 1480 4960; x_wconf 84' lang='grc' dir='ltr'>δέον.</span> <span class='ocrx_word' id='word_1_650' title='bbox 1510 4904 1635 4959; x_wconf 74' lang='lat' dir='ltr'><strong>Diue</strong></span> <span class='ocrx_word' id='word_1_651' title='bbox 1660 4914 1945 4976; x_wconf 73' lang='lat' dir='ltr'><strong>postrema:</strong></span> 
     </span>
    </p>
   </div>
   <div class='ocr_carea' id='block_1_92' title="bbox 370 4977 1944 5041">
    <p class='ocr_par' dir='ltr' id='par_1_92' title="bbox 370 4977 1944 5041">
     <span class='ocr_line' id='line_1_92' title="bbox 370 4977 1944 5041; baseline -0.001 -7"><span class='ocrx_word' id='word_1_652' title='bbox 370 4977 537 5035; x_wconf 73' lang='lat' dir='ltr'><strong>voucs</strong></span> <span class='ocrx_word' id='word_1_653' title='bbox 560 4979 759 5034; x_wconf 90' lang='lat' dir='ltr'><strong>desunt</strong></span> <span class='ocrx_word' id='word_1_654' title='bbox 787 4979 839 5032; x_wconf 91' lang='lat' dir='ltr'><strong>iu</strong></span> <span class='ocrx_word' id='word_1_655' title='bbox 864 4978 1051 5036; x_wconf 87' lang='lat' dir='ltr'><strong>codice</strong></span> <span class='ocrx_word' id='word_1_656' title='bbox 1074 4977 1395 5041; x_wconf 79' lang='lat' dir='ltr'><strong>Fukctiauo,</strong></span> <span class='ocrx_word' id='word_1_657' title='bbox 1430 4992 1530 5033; x_wconf 86' lang='lat' dir='ltr'><strong>nec</strong></span> <span class='ocrx_word' id='word_1_658' title='bbox 1564 4979 1817 5034; x_wconf 79' lang='lat' dir='ltr'><strong>videntur</strong></span> <span class='ocrx_word' id='word_1_659' title='bbox 1852 4979 1944 5033; x_wconf 87' lang='lat' dir='ltr'><strong>ad-</strong></span> 
     </span>
    </p>
   </div>
   <div class='ocr_carea' id='block_1_93' title="bbox 370 5051 960 5106">
    <p class='ocr_par' dir='ltr' id='par_1_93' title="bbox 370 5051 960 5106">
     <span class='ocr_line' id='line_1_93' title="bbox 370 5051 960 5106; baseline -0.002 -1"><span class='ocrx_word' id='word_1_660' title='bbox 370 5052 587 5106; x_wconf 84' lang='lat' dir='ltr'><strong>modum</strong></span> <span class='ocrx_word' id='word_1_661' title='bbox 616 5051 960 5104; x_wconf 61' lang='lat' dir='ltr'><strong>necessariae.</strong></span> 
     </span>
    </p>
   </div>
   <div class='ocr_carea' id='block_1_94' title="bbox 437 5115 1948 5191">
    <p class='ocr_par' dir='ltr' id='par_1_94' title="bbox 437 5115 1948 5191">
     <span class='ocr_line' id='line_1_94' title="bbox 437 5115 1948 5191; baseline -0.001 -16"><span class='ocrx_word' id='word_1_662' title='bbox 437 5124 549 5191; x_wconf 71' lang='lat' dir='ltr'><strong>(iii)</strong></span> <span class='ocrx_word' id='word_1_663' title='bbox 588 5121 697 5175; x_wconf 80' lang='grc' dir='ltr'><strong>Καὶ</strong></span> <span class='ocrx_word' id='word_1_664' title='bbox 764 5115 889 5184; x_wconf 82' lang='grc' dir='ltr'>οἶος</span> <span class='ocrx_word' id='word_1_665' title='bbox 933 5124 1381 5191; x_wconf 58' lang='grc' dir='ltr'>μεγαλόψυχος.</span> <span class='ocrx_word' id='word_1_666' title='bbox 1447 5120 1807 5176; x_wconf 82' lang='lat' dir='ltr'><strong>Scribcuilum</strong></span> <span class='ocrx_word' id='word_1_667' title='bbox 1860 5128 1948 5191; x_wconf 76' lang='lat' dir='ltr'><strong>est</strong></span> 
     </span>
    </p>
   </div>
   <div class='ocr_carea' id='block_1_95' title="bbox 371 5188 1944 5263">
    <p class='ocr_par' dir='ltr' id='par_1_95' title="bbox 371 5188 1944 5263">
     <span class='ocr_line' id='line_1_95' title="bbox 371 5188 1944 5263; baseline -0.002 -19"><span class='ocrx_word' id='word_1_668' title='bbox 371 5188 555 5260; x_wconf 81' lang='lat' dir='ltr'><strong>prOcul</strong></span> <span class='ocrx_word' id='word_1_669' title='bbox 582 5193 749 5263; x_wconf 81' lang='lat' dir='ltr'><strong>dubio</strong></span> <span class='ocrx_word' id='word_1_670' title='bbox 774 5193 868 5263; x_wconf 61' lang='lat' dir='ltr'><strong>xor}</strong></span> <span class='ocrx_word' id='word_1_671' title='bbox 914 5188 1027 5247; x_wconf 73' lang='grc' dir='ltr'>οἷον</span> <span class='ocrx_word' id='word_1_672' title='bbox 1074 5188 1446 5263; x_wconf 71' lang='grc' dir='ltr'>μεγαλοψυχίᾳ</span> <span class='ocrx_word' id='word_1_673' title='bbox 1491 5192 1583 5245; x_wconf 79' lang='grc' dir='ltr'>καὶ</span> <span class='ocrx_word' id='word_1_674' title='bbox 1630 5188 1944 5263; x_wconf 73' lang='grc' dir='ltr'>δικαιοσύνῃ</span> 
     </span>
    </p>
   </div>
   <div class='ocr_carea' id='block_1_96' title="bbox 370 5260 1944 5335">
    <p class='ocr_par' dir='ltr' id='par_1_96' title="bbox 370 5260 1944 5335">
     <span class='ocr_line' id='line_1_96' title="bbox 370 5260 1944 5335; baseline -0.001 -20"><span class='ocrx_word' id='word_1_675' title='bbox 370 5262 789 5335; x_wconf 79' lang='grc' dir='ltr'>ὑπερϐαλέσθαι.</span> <span class='ocrx_word' id='word_1_676' title='bbox 828 5262 1015 5335; x_wconf 15' lang='lat' dir='ltr'><strong>Quam,</strong></span> <span class='ocrx_word' id='word_1_677' title='bbox 1046 5260 1475 5335; x_wconf 69' lang='lat' dir='ltr'><strong>emendationem</strong></span> <span class='ocrx_word' id='word_1_678' title='bbox 1508 5264 1801 5335; x_wconf 73' lang='lat' dir='ltr'><strong>continuat</strong></span> <span class='ocrx_word' id='word_1_679' title='bbox 1851 5260 1944 5335; x_wconf 51' lang='lat' dir='ltr'><strong>Ni:</strong></span> 
     </span>
    </p>
   </div>
   <div class='ocr_carea' id='block_1_97' title="bbox 370 5328 1941 5403">
    <p class='ocr_par' dir='ltr' id='par_1_97' title="bbox 370 5328 1941 5403">
     <span class='ocr_line' id='line_1_97' title="bbox 370 5328 1941 5403; baseline -0.003 -17"><span class='ocrx_word' id='word_1_680' title='bbox 370 5328 641 5403; x_wconf 82' lang='lat' dir='ltr'><strong>ccphorus</strong></span> <span class='ocrx_word' id='word_1_681' title='bbox 684 5334 738 5385; x_wconf 89' lang='lat' dir='ltr'><strong>in</strong></span> <span class='ocrx_word' id='word_1_682' title='bbox 772 5348 822 5387; x_wconf 88' lang='lat' dir='ltr'><strong>c.</strong></span> <span class='ocrx_word' id='word_1_683' title='bbox 880 5333 967 5396; x_wconf 78' lang='grc'><strong>59,</strong></span> <span class='ocrx_word' id='word_1_684' title='bbox 1005 5334 1121 5386; x_wconf 88' lang='lat' dir='ltr'><strong>Iih..</strong></span> <span class='ocrx_word' id='word_1_685' title='bbox 1152 5351 1246 5387; x_wconf 80' lang='lat' dir='ltr'><strong>xu.</strong></span> <span class='ocrx_word' id='word_1_686' title='bbox 1307 5328 1397 5387; x_wconf 83' lang='lat' dir='ltr'><strong>Sic</strong></span> <span class='ocrx_word' id='word_1_687' title='bbox 1433 5334 1577 5386; x_wconf 72' lang='lat' dir='ltr'><strong>enim</strong></span> <span class='ocrx_word' id='word_1_688' title='bbox 1630 5333 1812 5394; x_wconf 86' lang='lat' dir='ltr'><strong>habet,</strong></span> <span class='ocrx_word' id='word_1_689' title='bbox 1864 5331 1941 5400; x_wconf 79' lang='grc' dir='ltr'>τῷ</span> 
     </span>
    </p>
   </div>
   <div class='ocr_carea' id='block_1_98' title="bbox 368 5403 1945 5476">
    <p class='ocr_par' dir='ltr' id='par_1_98' title="bbox 368 5403 1945 5476">
     <span class='ocr_line' id='line_1_98' title="bbox 368 5403 1945 5476; baseline -0.002 -20"><span class='ocrx_word' id='word_1_690' title='bbox 368 5404 423 5457; x_wconf 81' lang='grc' dir='ltr'><strong>δὲ</strong></span> <span class='ocrx_word' id='word_1_691' title='bbox 450 5404 811 5476; x_wconf 67' lang='grc' dir='ltr'>μεγαλοψύχῳ</span> <span class='ocrx_word' id='word_1_692' title='bbox 842 5406 934 5457; x_wconf 77' lang='grc' dir='ltr'><strong>καὶ</strong></span> <span class='ocrx_word' id='word_1_693' title='bbox 961 5404 1036 5475; x_wconf 84' lang='grc' dir='ltr'>τῷ</span> <span class='ocrx_word' id='word_1_694' title='bbox 1067 5405 1163 5475; x_wconf 84' lang='grc' dir='ltr'><strong>τῆς</strong></span> <span class='ocrx_word' id='word_1_695' title='bbox 1184 5404 1528 5475; x_wconf 83' lang='grc' dir='ltr'>δικαιοσύνης</span> <span class='ocrx_word' id='word_1_696' title='bbox 1555 5404 1709 5473; x_wconf 84' lang='grc' dir='ltr'>ἄκρῳ</span> <span class='ocrx_word' id='word_1_697' title='bbox 1740 5405 1831 5456; x_wconf 70' lang='grc' dir='ltr'>καὶ</span> <span class='ocrx_word' id='word_1_698' title='bbox 1857 5403 1945 5455; x_wconf 80' lang='grc' dir='ltr'><strong>τὸν</strong></span> 
     </span>
    </p>
   </div>
   <div class='ocr_carea' id='block_1_99' title="bbox 2054 4906 2948 5028">
    <p class='ocr_par' dir='ltr' id='par_1_99' title="bbox 2054 4906 2948 5028">
     <span class='ocr_line' id='line_1_99' title="bbox 2054 4906 2948 5028; baseline -0.002 -69"><span class='ocrx_word' id='word_1_699' title='bbox 2054 4906 2260 4960; x_wconf 83' lang='grc' dir='ltr'>ἐκείνου</span> <span class='ocrx_word' id='word_1_700' title='bbox 2289 4906 2689 4977; x_wconf 75' lang='grc' dir='ltr'>ὑπερϐαλέσθαι</span> <span class='ocrx_word' id='word_1_701' title='bbox 2718 4906 2948 5028; x_wconf 38' lang='lat' dir='ltr'><strong>naviga.</strong></span> 
     </span>
     <span class='ocr_line' id='line_1_100' title="bbox 2123 4976 2948 5028; baseline 0 0"><span class='ocrx_word' id='word_1_702' title='bbox 2123 4978 2234 5028; x_wconf 75' lang='lat' dir='ltr'><strong>(6‘2l</strong></span> <span class='ocrx_word' id='word_1_703' title='bbox 2274 4979 2339 5028; x_wconf 79' lang='grc' dir='ltr'><strong>Εἰ</strong></span> <span class='ocrx_word' id='word_1_704' title='bbox 2366 4977 2676 5028; x_wconf 77' lang='grc' dir='ltr'>πηοῆλθεν</span> <span class='ocrx_word' id='word_1_705' title='bbox 2727 4980 2812 5028; x_wconf 66' lang='lat' dir='ltr'><strong>sic</strong></span> <span class='ocrx_word' id='word_1_706' title='bbox 2876 4976 2948 5028; x_wconf 81' lang='grc' dir='ltr'>νδ</span> 
     </span>
    </p>
   </div>
   <div class='ocr_carea' id='block_1_100' title="bbox 2123 4975 3635 5100">
    <p class='ocr_par' dir='ltr' id='par_1_100' title="bbox 2123 4975 3635 5100">
     <span class='ocr_line' id='line_1_101' title="bbox 2123 4975 3635 5100; baseline 0.003 -70"><span class='ocrx_word' id='word_1_707' title='bbox 2123 4978 2339 5100; x_wconf 51' lang='grc' dir='ltr'><strong>((ξῖὶΘΕὶ</strong></span> <span class='ocrx_word' id='word_1_708' title='bbox 2366 4975 2676 5047; x_wconf 75' lang='grc' dir='ltr'>παρῆλθεν</span> <span class='ocrx_word' id='word_1_709' title='bbox 2727 4975 3078 5044; x_wconf 76' lang='grc' dir='ltr'>είςᾶνὸρας.</span> <span class='ocrx_word' id='word_1_710' title='bbox 3132 4975 3343 5033; x_wconf 85' lang='lat' dir='ltr'><strong>Mallem</strong></span> <span class='ocrx_word' id='word_1_711' title='bbox 3395 4979 3635 5035; x_wconf 80' lang='lat' dir='ltr'><strong>scribere</strong></span> 
     </span>
     <span class='ocr_line' id='line_1_102' title="bbox 2123 5065 2340 5100; baseline 0.014 -3"><span class='ocrx_word' id='word_1_712' title='bbox 2123 5066 2192 5100; x_wconf 59' lang='lat' dir='ltr'><strong>ton</strong></span> <span class='ocrx_word' id='word_1_713' title='bbox 2266 5065 2340 5100; x_wconf 84' lang='grc' dir='ltr'><strong>εν.</strong></span> 
     </span>
    </p>
   </div>
   <div class='ocr_carea' id='block_1_101' title="bbox 2053 5048 2340 5117">
    <p class='ocr_par' dir='ltr' id='par_1_101' title="bbox 2053 5048 2340 5117">
     <span class='ocr_line' id='line_1_103' title="bbox 2053 5048 2340 5117; baseline 0.007 -19"><span class='ocrx_word' id='word_1_714' title='bbox 2053 5048 2340 5117; x_wconf 82' lang='grc' dir='ltr'>προῆλθεν.</span> 
     </span>
    </p>
   </div>
   <div class='ocr_carea' id='block_1_102' title="bbox 2100 5066 3633 5187">
    <p class='ocr_par' dir='ltr' id='par_1_102' title="bbox 2100 5066 3633 5187">
     <span class='ocr_line' id='line_1_104' title="bbox 2100 5066 3633 5187; baseline 0.005 -20"><span class='ocrx_word' id='word_1_715' title='bbox 2100 5066 2619 5187; x_wconf 37' lang='lat' dir='ltr'><strong>Ptetigi”ilbiaé’taro&#39;t;.</strong></span> <span class='ocrx_word' id='word_1_716' title='bbox 2657 5117 2776 5172; x_wconf 62' lang='lat' dir='ltr'><strong>Ilazc</strong></span> <span class='ocrx_word' id='word_1_717' title='bbox 2811 5133 2873 5171; x_wconf 83' lang='lat' dir='ltr'><strong>ex</strong></span> <span class='ocrx_word' id='word_1_718' title='bbox 2904 5114 3083 5172; x_wconf 81' lang='lat' dir='ltr'><strong>Rufini</strong></span> <span class='ocrx_word' id='word_1_719' title='bbox 3107 5118 3247 5173; x_wconf 88' lang='lat' dir='ltr'><strong>libro</strong></span> <span class='ocrx_word' id='word_1_720' title='bbox 3282 5134 3342 5182; x_wconf 91' lang='grc' dir='ltr'><strong>ιι,</strong></span> <span class='ocrx_word' id='word_1_721' title='bbox 3378 5119 3633 5176; x_wconf 66' lang='lat' dir='ltr'><strong>Historiae</strong></span> 
     </span>
    </p>
   </div>
   <div class='ocr_carea' id='block_1_103' title="bbox 2058 5188 3635 5261">
    <p class='ocr_par' dir='ltr' id='par_1_103' title="bbox 2058 5188 3635 5261">
     <span class='ocr_line' id='line_1_105' title="bbox 2058 5188 3635 5261; baseline 0.001 -18"><span class='ocrx_word' id='word_1_722' title='bbox 2058 5189 2627 5261; x_wconf 36' lang='lat' dir='ltr'><strong>Erclesiasticwtcap.</strong></span> <span class='ocrx_word' id='word_1_723' title='bbox 2655 5191 2742 5253; x_wconf 80' lang='grc'><strong>55,</strong></span> <span class='ocrx_word' id='word_1_724' title='bbox 2786 5192 3021 5261; x_wconf 80' lang='lat' dir='ltr'><strong>sumpsit</strong></span> <span class='ocrx_word' id='word_1_725' title='bbox 3056 5188 3412 5244; x_wconf 77' lang='lat' dir='ltr'><strong>Sozomenus.</strong></span> <span class='ocrx_word' id='word_1_726' title='bbox 3461 5193 3635 5246; x_wconf 66' lang='lat' dir='ltr'><strong>(Stete-</strong></span> 
     </span>
    </p>
   </div>
   <div class='ocr_carea' id='block_1_104' title="bbox 2055 5260 3631 5316">
    <p class='ocr_par' dir='ltr' id='par_1_104' title="bbox 2055 5260 3631 5316">
     <span class='ocr_line' id='line_1_106' title="bbox 2055 5260 3631 5316; baseline 0.001 -2"><span class='ocrx_word' id='word_1_727' title='bbox 2055 5277 2173 5314; x_wconf 89' lang='lat' dir='ltr'><strong>rum</strong></span> <span class='ocrx_word' id='word_1_728' title='bbox 2217 5261 2284 5315; x_wconf 87' lang='lat' dir='ltr'><strong>de</strong></span> <span class='ocrx_word' id='word_1_729' title='bbox 2332 5262 2433 5316; x_wconf 88' lang='lat' dir='ltr'><strong>hoc</strong></span> <span class='ocrx_word' id='word_1_730' title='bbox 2476 5260 2734 5315; x_wconf 87' lang='lat' dir='ltr'><strong>Flaviano</strong></span> <span class='ocrx_word' id='word_1_731' title='bbox 2772 5260 2939 5313; x_wconf 89' lang='lat' dir='ltr'><strong>multa</strong></span> <span class='ocrx_word' id='word_1_732' title='bbox 2999 5261 3181 5314; x_wconf 84' lang='lat' dir='ltr'><strong>notavi</strong></span> <span class='ocrx_word' id='word_1_733' title='bbox 3232 5261 3298 5314; x_wconf 88' lang='lat' dir='ltr'><strong>ad</strong></span> <span class='ocrx_word' id='word_1_734' title='bbox 3342 5262 3434 5316; x_wconf 90' lang='lat' dir='ltr'><strong>lib.</strong></span> <span class='ocrx_word' id='word_1_735' title='bbox 3482 5279 3631 5316; x_wconf 74' lang='lat' dir='ltr'><strong>xxvu</strong></span> 
     </span>
    </p>
   </div>
   <div class='ocr_carea' id='block_1_105' title="bbox 2055 5328 3630 5401">
    <p class='ocr_par' dir='ltr' id='par_1_105' title="bbox 2055 5328 3630 5401">
     <span class='ocr_line' id='line_1_107' title="bbox 2055 5328 3630 5401; baseline 0.001 -16"><span class='ocrx_word' id='word_1_736' title='bbox 2055 5332 2325 5386; x_wconf 85' lang='lat' dir='ltr'><strong>Ammiani</strong></span> <span class='ocrx_word' id='word_1_737' title='bbox 2393 5331 2713 5393; x_wconf 67' lang='lat' dir='ltr'><strong>Marcellini.</strong></span> <span class='ocrx_word' id='word_1_738' title='bbox 2768 5330 3024 5399; x_wconf 80' lang='lat' dir='ltr'><strong>Ejusdem</strong></span> <span class='ocrx_word' id='word_1_739' title='bbox 3090 5328 3332 5385; x_wconf 85' lang='lat' dir='ltr'><strong>Flaviani</strong></span> <span class='ocrx_word' id='word_1_740' title='bbox 3386 5332 3630 5401; x_wconf 53' lang='lat' dir='ltr'><strong>praefecti</strong></span> 
     </span>
    </p>
   </div>
   <div class='ocr_carea' id='block_1_106' title="bbox 2056 5401 3519 5472">
    <p class='ocr_par' dir='ltr' id='par_1_106' title="bbox 2056 5401 3519 5472">
     <span class='ocr_line' id='line_1_108' title="bbox 2056 5401 3519 5472; baseline 0.001 -15"><span class='ocrx_word' id='word_1_741' title='bbox 2056 5411 2209 5472; x_wconf 66' lang='lat' dir='ltr'><strong>praet.</strong></span> <span class='ocrx_word' id='word_1_742' title='bbox 2241 5404 2490 5457; x_wconf 88' lang='lat' dir='ltr'><strong>meminit</strong></span> <span class='ocrx_word' id='word_1_743' title='bbox 2526 5402 2788 5457; x_wconf 86' lang='lat' dir='ltr'><strong>Paulinus</strong></span> <span class='ocrx_word' id='word_1_744' title='bbox 2829 5404 2882 5456; x_wconf 91' lang='lat' dir='ltr'><strong>iu</strong></span> <span class='ocrx_word' id='word_1_745' title='bbox 2914 5401 3030 5456; x_wconf 84' lang='lat' dir='ltr'><strong>Vita</strong></span> <span class='ocrx_word' id='word_1_746' title='bbox 3062 5403 3202 5457; x_wconf 87' lang='lat' dir='ltr'><strong>beati</strong></span> <span class='ocrx_word' id='word_1_747' title='bbox 3229 5405 3519 5458; x_wconf 76' lang='lat' dir='ltr'><strong>Ambrosii.</strong></span> 
     </span>
    </p>
   </div>
   <div class='ocr_carea' id='block_1_107' title="bbox 1824 5512 2206 5571">
    <p class='ocr_par' dir='ltr' id='par_1_107' title="bbox 1824 5512 2206 5571">
     <span class='ocr_line' id='line_1_109' title="bbox 1824 5512 2206 5571; baseline 0.008 -3"><span class='ocrx_word' id='word_1_748' title='bbox 1824 5512 2206 5571; x_wconf 69' lang='lat' dir='ltr'><strong>VARIOIIUM.</strong></span> 
     </span>
    </p>
   </div>
   <div class='ocr_carea' id='block_1_108' title="bbox 450 5611 1938 5682">
    <p class='ocr_par' dir='ltr' id='par_1_108' title="bbox 450 5611 1938 5682">
     <span class='ocr_line' id='line_1_110' title="bbox 450 5611 1938 5682; baseline -0.001 -15"><span class='ocrx_word' id='word_1_749' title='bbox 450 5616 465 5650; x_wconf 66' lang='grc' dir='ltr'><strong>ί</strong></span> <span class='ocrx_word' id='word_1_750' title='bbox 509 5611 1003 5678; x_wconf 78' lang='grc' dir='ltr'>Οὑαλεντινιανὸς</span> <span class='ocrx_word' id='word_1_751' title='bbox 1047 5612 1275 5682; x_wconf 74' lang='grc' dir='ltr'>ἀγχόνῃ</span> <span class='ocrx_word' id='word_1_752' title='bbox 1315 5612 1710 5667; x_wconf 72' lang='grc' dir='ltr'>ἀπολωλέναι.</span> <span class='ocrx_word' id='word_1_753' title='bbox 1744 5611 1938 5667; x_wconf 85' lang='lat' dir='ltr'><strong>Obitus</strong></span> 
     </span>
    </p>
   </div>
   <div class='ocr_carea' id='block_1_109' title="bbox 376 5683 1939 5740">
    <p class='ocr_par' dir='ltr' id='par_1_109' title="bbox 376 5683 1939 5740">
     <span class='ocr_line' id='line_1_111' title="bbox 376 5683 1939 5740; baseline -0.003 0"><span class='ocrx_word' id='word_1_754' title='bbox 376 5686 735 5740; x_wconf 70' lang='lat' dir='ltr'><strong>Valentiniani</strong></span> <span class='ocrx_word' id='word_1_755' title='bbox 781 5683 1023 5737; x_wconf 81' lang='lat' dir='ltr'><strong>Junioris</strong></span> <span class='ocrx_word' id='word_1_756' title='bbox 1054 5686 1331 5738; x_wconf 87' lang='lat' dir='ltr'><strong>nobilibus</strong></span> <span class='ocrx_word' id='word_1_757' title='bbox 1360 5685 1771 5737; x_wconf 78' lang='lat' dir='ltr'><strong>characteribus</strong></span> <span class='ocrx_word' id='word_1_758' title='bbox 1804 5699 1939 5735; x_wconf 82' lang='lat' dir='ltr'><strong>cnn-</strong></span> 
     </span>
    </p>
   </div>
   <div class='ocr_carea' id='block_1_110' title="bbox 373 5754 1943 5826">
    <p class='ocr_par' dir='ltr' id='par_1_110' title="bbox 373 5754 1943 5826">
     <span class='ocr_line' id='line_1_112' title="bbox 373 5754 1943 5826; baseline -0.004 -13"><span class='ocrx_word' id='word_1_759' title='bbox 373 5764 623 5826; x_wconf 69' lang='lat' dir='ltr'><strong>siguatus</strong></span> <span class='ocrx_word' id='word_1_760' title='bbox 648 5759 716 5811; x_wconf 81' lang='lat' dir='ltr'><strong>ab</strong></span> <span class='ocrx_word' id='word_1_761' title='bbox 748 5754 1071 5825; x_wconf 83' lang='lat' dir='ltr'><strong>Epiphanio,</strong></span> <span class='ocrx_word' id='word_1_762' title='bbox 1104 5755 1247 5826; x_wconf 86' lang='lat' dir='ltr'><strong>libro</strong></span> <span class='ocrx_word' id='word_1_763' title='bbox 1276 5755 1347 5809; x_wconf 87' lang='lat' dir='ltr'><strong>De</strong></span> <span class='ocrx_word' id='word_1_764' title='bbox 1371 5756 1628 5809; x_wconf 80' lang='lat' dir='ltr'><strong>mensuris</strong></span> <span class='ocrx_word' id='word_1_765' title='bbox 1672 5765 1718 5808; x_wconf 90' lang='lat' dir='ltr'><strong>et</strong></span> <span class='ocrx_word' id='word_1_766' title='bbox 1747 5754 1943 5822; x_wconf 85' lang='lat' dir='ltr'><strong>ponde-</strong></span> 
     </span>
    </p>
   </div>
   <div class='ocr_carea' id='block_1_111' title="bbox 375 5825 1942 5894">
    <p class='ocr_par' dir='ltr' id='par_1_111' title="bbox 375 5825 1942 5894">
     <span class='ocr_line' id='line_1_113' title="bbox 375 5825 1942 5894; baseline -0.001 -13"><span class='ocrx_word' id='word_1_767' title='bbox 375 5825 537 5887; x_wconf 69' lang='lat' dir='ltr'><strong>ribus.</strong></span> <span class='ocrx_word' id='word_1_768' title='bbox 573 5843 721 5881; x_wconf 86' lang='lat' dir='ltr'><strong>num.</strong></span> <span class='ocrx_word' id='word_1_769' title='bbox 764 5843 856 5893; x_wconf 65' lang='lat' dir='ltr'><strong>sx,</strong></span> <span class='ocrx_word' id='word_1_770' title='bbox 887 5826 973 5878; x_wconf 82' lang='lat' dir='ltr'><strong>tibi</strong></span> <span class='ocrx_word' id='word_1_771' title='bbox 1011 5827 1085 5879; x_wconf 86' lang='lat' dir='ltr'><strong>ait</strong></span> <span class='ocrx_word' id='word_1_772' title='bbox 1122 5847 1131 5880; x_wconf 94' lang='lat'>:</span> <span class='ocrx_word' id='word_1_773' title='bbox 1167 5825 1369 5892; x_wconf 77' lang='lat' dir='ltr'><strong>Quibus</strong></span> <span class='ocrx_word' id='word_1_774' title='bbox 1402 5826 1702 5881; x_wconf 73' lang='lat' dir='ltr'><strong>consulibus</strong></span> <span class='ocrx_word' id='word_1_775' title='bbox 1727 5828 1942 5894; x_wconf 73' lang='lat' dir='ltr'><strong>(nempe</strong></span> 
     </span>
    </p>
   </div>
   <div class='ocr_carea' id='block_1_112' title="bbox 375 5896 1941 5960">
    <p class='ocr_par' dir='ltr' id='par_1_112' title="bbox 375 5896 1941 5960">
     <span class='ocr_line' id='line_1_114' title="bbox 375 5896 1941 5960; baseline -0.003 -7"><span class='ocrx_word' id='word_1_776' title='bbox 375 5900 609 5953; x_wconf 73' lang='grc' dir='ltr'>Λιϊιιιίιιι</span> <span class='ocrx_word' id='word_1_777' title='bbox 658 5896 720 5958; x_wconf 81' lang='lat' dir='ltr'><strong>ll,</strong></span> <span class='ocrx_word' id='word_1_778' title='bbox 769 5909 823 5950; x_wconf 68' lang='lat' dir='ltr'><strong>et</strong></span> <span class='ocrx_word' id='word_1_779' title='bbox 865 5897 1080 5960; x_wconf 72' lang='lat' dir='ltr'><strong>liulinn)</strong></span> <span class='ocrx_word' id='word_1_780' title='bbox 1124 5909 1362 5951; x_wconf 84' lang='lat' dir='ltr'><strong>mortuus</strong></span> <span class='ocrx_word' id='word_1_781' title='bbox 1405 5908 1481 5952; x_wconf 81' lang='lat' dir='ltr'><strong>est</strong></span> <span class='ocrx_word' id='word_1_782' title='bbox 1544 5898 1941 5951; x_wconf 73' lang='lat' dir='ltr'><strong>Valentinianus</strong></span> 
     </span>
    </p>
   </div>
   <div class='ocr_carea' id='block_1_113' title="bbox 368 5966 1943 6044">
    <p class='ocr_par' dir='ltr' id='par_1_113' title="bbox 368 5966 1943 6044">
     <span class='ocr_line' id='line_1_115' title="bbox 368 5966 1943 6044; baseline -0.004 -19"><span class='ocrx_word' id='word_1_783' title='bbox 368 5974 570 6044; x_wconf 78' lang='lat' dir='ltr'><strong>juniur,</strong></span> <span class='ocrx_word' id='word_1_784' title='bbox 638 5968 989 6023; x_wconf 68' lang='lat' dir='ltr'><strong>Valentiniani</strong></span> <span class='ocrx_word' id='word_1_785' title='bbox 1018 5967 1199 6040; x_wconf 79' lang='lat' dir='ltr'><strong>Magni</strong></span> <span class='ocrx_word' id='word_1_786' title='bbox 1232 5970 1375 6038; x_wconf 80' lang='lat' dir='ltr'><strong>[ilius</strong></span> <span class='ocrx_word' id='word_1_787' title='bbox 1407 5986 1421 6024; x_wconf 86' lang='lat'><strong>.&#39;</strong></span> <span class='ocrx_word' id='word_1_788' title='bbox 1454 5971 1541 6033; x_wconf 78' lang='lat' dir='ltr'><strong>qui</strong></span> <span class='ocrx_word' id='word_1_789' title='bbox 1596 5971 1833 6038; x_wconf 70' lang='lat' dir='ltr'><strong>subinde,</strong></span> <span class='ocrx_word' id='word_1_790' title='bbox 1868 5966 1943 6020; x_wconf 79' lang='lat' dir='ltr'><strong>uti</strong></span> 
     </span>
    </p>
   </div>
   <div class='ocr_carea' id='block_1_114' title="bbox 2048 5611 3631 5683">
    <p class='ocr_par' dir='ltr' id='par_1_114' title="bbox 2048 5611 3631 5683">
     <span class='ocr_line' id='line_1_116' title="bbox 2048 5611 3631 5683; baseline 0.001 -17"><span class='ocrx_word' id='word_1_791' title='bbox 2048 5613 2245 5680; x_wconf 79' lang='lat' dir='ltr'><strong>ferunt,</strong></span> <span class='ocrx_word' id='word_1_792' title='bbox 2270 5614 2587 5683; x_wconf 67' lang='lat' dir='ltr'><strong>prwfnciilus</strong></span> <span class='ocrx_word' id='word_1_793' title='bbox 2608 5615 2656 5667; x_wconf 85' lang='lat' dir='ltr'><strong>in</strong></span> <span class='ocrx_word' id='word_1_794' title='bbox 2680 5614 2883 5681; x_wconf 83' lang='lat' dir='ltr'><strong>palatio</strong></span> <span class='ocrx_word' id='word_1_795' title='bbox 2912 5620 3143 5680; x_wconf 72' lang='lat' dir='ltr'><strong>repertus</strong></span> <span class='ocrx_word' id='word_1_796' title='bbox 3170 5621 3267 5673; x_wconf 82' lang='lat' dir='ltr'><strong>cst,</strong></span> <span class='ocrx_word' id='word_1_797' title='bbox 3293 5611 3472 5665; x_wconf 75' lang='lat' dir='ltr'><strong>Idibus</strong></span> <span class='ocrx_word' id='word_1_798' title='bbox 3498 5611 3631 5670; x_wconf 77' lang='lat' dir='ltr'><strong>Maii</strong></span> 
     </span>
    </p>
   </div>
   <div class='ocr_carea' id='block_1_115' title="bbox 2046 5683 3629 5751">
    <p class='ocr_par' dir='ltr' id='par_1_115' title="bbox 2046 5683 3629 5751">
     <span class='ocr_line' id='line_1_117' title="bbox 2046 5683 3629 5751; baseline 0.001 -16"><span class='ocrx_word' id='word_1_799' title='bbox 2046 5684 2213 5750; x_wconf 82' lang='lat' dir='ltr'><strong>pridie</strong></span> <span class='ocrx_word' id='word_1_800' title='bbox 2255 5684 2603 5750; x_wconf 83' lang='lat' dir='ltr'><strong>Pentecostes,</strong></span> <span class='ocrx_word' id='word_1_801' title='bbox 2639 5685 2723 5739; x_wconf 84' lang='lat' dir='ltr'><strong>die</strong></span> <span class='ocrx_word' id='word_1_802' title='bbox 2757 5684 2981 5740; x_wconf 81' lang='lat' dir='ltr'><strong>Sabbati</strong></span> <span class='ocrx_word' id='word_1_803' title='bbox 3013 5700 3030 5735; x_wconf 93' lang='lat'><em>:</em></span> <span class='ocrx_word' id='word_1_804' title='bbox 3061 5684 3173 5751; x_wconf 88' lang='lat' dir='ltr'><strong>ipso</strong></span> <span class='ocrx_word' id='word_1_805' title='bbox 3215 5699 3333 5737; x_wconf 72' lang='lat' dir='ltr'><strong>vero</strong></span> <span class='ocrx_word' id='word_1_806' title='bbox 3373 5684 3457 5737; x_wconf 77' lang='lat' dir='ltr'><strong>die</strong></span> <span class='ocrx_word' id='word_1_807' title='bbox 3490 5683 3593 5738; x_wconf 85' lang='lat' dir='ltr'><strong>Pen</strong></span> <span class='ocrx_word' id='word_1_808' title='bbox 3618 5720 3629 5727; x_wconf 88' lang='lat'>-</span> 
     </span>
    </p>
   </div>
   <div class='ocr_carea' id='block_1_116' title="bbox 2049 5754 3629 5812">
    <p class='ocr_par' dir='ltr' id='par_1_116' title="bbox 2049 5754 3629 5812">
     <span class='ocr_line' id='line_1_118' title="bbox 2049 5754 3629 5812; baseline 0.001 -3"><span class='ocrx_word' id='word_1_809' title='bbox 2049 5766 2265 5809; x_wconf 74' lang='lat' dir='ltr'><strong>tecostes</strong></span> <span class='ocrx_word' id='word_1_810' title='bbox 2306 5757 2479 5810; x_wconf 83' lang='lat' dir='ltr'><strong>elatus</strong></span> <span class='ocrx_word' id='word_1_811' title='bbox 2526 5767 2623 5811; x_wconf 83' lang='lat' dir='ltr'><strong>est.</strong></span> <span class='ocrx_word' id='word_1_812' title='bbox 2684 5755 2916 5812; x_wconf 71' lang='lat' dir='ltr'><strong>Occisus</strong></span> <span class='ocrx_word' id='word_1_813' title='bbox 2949 5763 3031 5809; x_wconf 87' lang='lat' dir='ltr'><strong>est</strong></span> <span class='ocrx_word' id='word_1_814' title='bbox 3064 5755 3244 5812; x_wconf 78' lang='lat' dir='ltr'><strong>itaque</strong></span> <span class='ocrx_word' id='word_1_815' title='bbox 3276 5754 3361 5809; x_wconf 92' lang='lat' dir='ltr'><strong>die</strong></span> <span class='ocrx_word' id='word_1_816' title='bbox 3417 5755 3629 5812; x_wconf 80' lang='lat' dir='ltr'><strong>decima</strong></span> 
     </span>
    </p>
   </div>
   <div class='ocr_carea' id='block_1_117' title="bbox 2048 5824 3627 5894">
    <p class='ocr_par' dir='ltr' id='par_1_117' title="bbox 2048 5824 3627 5894">
     <span class='ocr_line' id='line_1_119' title="bbox 2048 5824 3627 5894; baseline -0.001 -17"><span class='ocrx_word' id='word_1_817' title='bbox 2048 5828 2235 5894; x_wconf 82' lang='lat' dir='ltr'><strong>quinta</strong></span> <span class='ocrx_word' id='word_1_818' title='bbox 2265 5830 2467 5883; x_wconf 80' lang='lat' dir='ltr'><strong>lllt‘llSIS</strong></span> <span class='ocrx_word' id='word_1_819' title='bbox 2500 5827 2644 5891; x_wconf 87' lang='lat' dir='ltr'><strong>Maii,</strong></span> <span class='ocrx_word' id='word_1_820' title='bbox 2675 5829 2801 5881; x_wconf 76' lang='lat' dir='ltr'><strong>anui</strong></span> <span class='ocrx_word' id='word_1_821' title='bbox 2835 5827 2966 5882; x_wconf 83' lang='lat' dir='ltr'><strong>Chr.</strong></span> <span class='ocrx_word' id='word_1_822' title='bbox 3009 5824 3133 5879; x_wconf 75' lang='grc'><strong>592.</strong></span> <span class='ocrx_word' id='word_1_823' title='bbox 3164 5824 3453 5894; x_wconf 90' lang='lat' dir='ltr'><strong>Imperium</strong></span> <span class='ocrx_word' id='word_1_824' title='bbox 3487 5842 3627 5893; x_wconf 69' lang='lat' dir='ltr'><strong>qua.</strong></span> 
     </span>
    </p>
   </div>
   <div class='ocr_carea' id='block_1_118' title="bbox 2050 5894 3625 6040">
    <p class='ocr_par' dir='ltr' id='par_1_118' title="bbox 2050 5894 3625 6040">
     <span class='ocr_line' id='line_1_120' title="bbox 2050 5894 3625 6040; baseline -0.001 -88"><span class='ocrx_word' id='word_1_825' title='bbox 2050 5898 2260 6040; x_wconf 43' lang='lat' dir='ltr'><strong>drigiais</strong></span> <span class='ocrx_word' id='word_1_826' title='bbox 2292 5901 2531 5971; x_wconf 77' lang='lat' dir='ltr'><strong>suscepit</strong></span> <span class='ocrx_word' id='word_1_827' title='bbox 2567 5916 2709 5954; x_wconf 72' lang='lat' dir='ltr'><strong>annuo</strong></span> <span class='ocrx_word' id='word_1_828' title='bbox 2734 5899 2855 5955; x_wconf 74' lang='lat'><strong>57-5.</strong></span> <span class='ocrx_word' id='word_1_829' title='bbox 2881 5900 3029 5970; x_wconf 74' lang='lat' dir='ltr'><strong>(Ant.</strong></span> <span class='ocrx_word' id='word_1_830' title='bbox 3068 5895 3217 5969; x_wconf 76' lang='lat' dir='ltr'><strong>Pagi,</strong></span> <span class='ocrx_word' id='word_1_831' title='bbox 3248 5894 3313 5949; x_wconf 89' lang='lat' dir='ltr'><strong>ad</strong></span> <span class='ocrx_word' id='word_1_832' title='bbox 3344 5911 3473 5951; x_wconf 88' lang='lat' dir='ltr'><strong>anu.</strong></span> <span class='ocrx_word' id='word_1_833' title='bbox 3502 5897 3625 5966; x_wconf 70' lang='lat'><strong>392,</strong></span> 
     </span>
     <span class='ocr_line' id='line_1_121' title="bbox 2052 5986 2187 6025; baseline -0.037 -1"><span class='ocrx_word' id='word_1_834' title='bbox 2052 5986 2103 6025; x_wconf 85' lang='grc' dir='ltr'><strong>ιι.</strong></span> <span class='ocrx_word' id='word_1_835' title='bbox 2178 6010 2187 6019; x_wconf 93' lang='grc'><strong>.</strong></span> 
     </span>
    </p>
   </div>
   <div class='ocr_carea' id='block_1_119' title="bbox 2052 5986 2187 6025">
    <p class='ocr_par' dir='ltr' id='par_1_119' title="bbox 2052 5986 2187 6025">
     <span class='ocr_line' id='line_1_122' title="bbox 2052 5986 2187 6025; baseline -0.03 -1"><span class='ocrx_word' id='word_1_836' title='bbox 2052 5986 2103 6025; x_wconf 81' lang='lat' dir='ltr'><strong>II.</strong></span> <span class='ocrx_word' id='word_1_837' title='bbox 2139 5986 2187 6022; x_wconf 75' lang='grc' dir='ltr'>ι).</span> 
     </span>
    </p>
   </div>
  </div>
