4460 6634
855 429 989 485 Hm

2292 434 2636 492 SOZOMENI

3980 447 4133 502 1488

849 542 994 582 mus.
1066 532 1120 580 et
1171 525 1267 596 qui
1321 523 1546 597 insuper
1589 529 1834 583 omnium
1889 526 2174 584 divinandi
2224 530 2428 584 artium
2458 536 2506 593 Α
2536 531 2610 603 βαι

2378 545 2428 584 m
2458 536 2506 593 Α
2536 530 2812 603 βασιλείαν
2869 529 3315 602 ἰσχυριζόμενος,
3360 531 3461 587 καὶ
3506 533 3665 603 νίκην
3705 535 3803 592 ἐπὶ
3849 539 3916 610 τῇ
3967 541 4130 610 μάχῃ

835 616 1085 686 peritus,
1144 633 1236 674 res
1291 617 1511 673 futuras
1567 620 1880 676 certissime
1928 635 2272 691 praenoscere
2317 637 2390 692 pu

837 709 1083 764 labatur.
1148 709 1264 764 Hac
1319 709 1468 764 enim
1519 711 1736 767 ratione
1787 711 2064 783 praecipue
2113 709 2422 783 Eugenium

836 801 1085 867 nnpulit,
1122 807 1184 854 ut
1218 799 1420 855 bellum
1459 809 1718 870 pararet,
1752 800 2046 872 imperium
2089 800 2207 856 fato
2241 803 2293 858 ei
2328 802 2422 857 de-

834 893 1104 945 stiualum
1139 907 1264 948 esse
1296 890 1614 961 aﬂirmans,
1649 893 2059 964 commissoque
2101 894 2296 964 proelio
2339 895 2423 949 vi-

833 982 1069 1037 ctoriam
1123 984 1172 1039 ei
1229 997 1558 1051 cessuram,
1609 994 1666 1041 et
1717 987 2080 1042 mutationem
2136 987 2422 1059 religionis

835 1073 1281 1130 Christianorum
1336 1084 1682 1132 secuturam.
1744 1076 1811 1133 Et
1866 1077 2144 1150 Eugenius
2197 1079 2420 1151 quidem

837 1168 1160 1236 bujusmodi
1203 1184 1302 1240 spe
1328 1167 1590 1238 delusus,
1629 1171 1907 1241 ingentem
1956 1173 2260 1228 exercitum
2305 1175 2424 1230 col-

832 1260 1005 1331 legit:
1055 1267 1111 1317 et
1158 1269 1467 1332 praeruptas
1508 1261 1696 1319 fauces
1736 1265 1907 1321 [taliae
1956 1264 2242 1335 objectas,
2281 1281 2422 1338 quas

832 1347 1069 1404 Romani
1106 1351 1274 1421 Alpes
1308 1349 1483 1406 Julias
1523 1361 1755 1417 vocant,
1791 1353 1973 1410 valido
2015 1356 2277 1426 praesidio
2325 1371 2422 1414 oc-

830 1442 1058 1512 cupavit
1083 1458 1099 1508 ;
1130 1442 1336 1514 quippe
1359 1457 1486 1514 qua:
1508 1444 1800 1502 altissimis
1830 1460 1895 1500 ac
1925 1450 2218 1519 praeruptis
2246 1449 2423 1504 utrin-

831 1547 940 1601 que
979 1534 1268 1589 montibus
1298 1534 1561 1602 munitae,
1598 1552 1768 1592 unum
1804 1538 2074 1596 duntaxat
2123 1542 2418 1598 transitum

831 1629 888 1681 in
925 1627 1200 1698 angustiis
1231 1629 1534 1699 praebeant.
1564 1631 1916 1689 Theodosius
1939 1650 2073 1690 vero
2095 1676 2109 1702 ,
2146 1636 2421 1694 sollicitus

829 1720 1086 1790 quisnam
1117 1721 1304 1776 exitus
1343 1722 1473 1777 belli
1521 1721 1791 1782 adversus
1845 1723 2154 1796 Eugenium
2199 1728 2420 1787 futurus

825 1821 1013 1879 esset,
1059 1822 1117 1868 et
1169 1823 1355 1869 utrum
1403 1815 1556 1870 ultro
1606 1817 1762 1872 illum
1813 1820 2070 1891 aggredi,
2119 1836 2188 1875 an
2236 1824 2419 1893 potius

2524 620 2936 692 συμϐήσεσθαι,
2987 623 3080 674 καὶ
3122 621 3426 694 μεταϐολὴν
3457 624 3556 695 τῆς
3585 625 3930 695 Χριστιανῶν
3979 628 4132 700 θρη-

2523 713 2730 776 σκείας.
2766 715 2878 767 Καὶ
2912 714 3170 783 Εὑγένιος
3207 714 3308 786 μὲν
3345 715 3573 782 ταύταις
3602 721 3724 781 ταῖς
3766 718 3953 772 ἐλπίσι
3989 720 4130 790 βου-

2521 805 2850 875 κολούμενος
2872 847 2886 870 ,
2921 805 3183 878 πλείστην
3211 808 3400 879 ἤγειρε
3430 811 3710 878 στρατιὰν,
3730 812 3823 866 καὶ
3847 813 3948 875 τὰς
3976 812 4128 884 πρὸς

2520 899 2587 969 τῇ
2636 898 2838 971 Ἰταλίᾳ
2859 898 3034 962 πύλας
3061 899 3206 969 (66),
3237 898 3304 962 ἃς
3334 901 3385 952 οἱ
3427 901 3687 972 Ῥωμαῖοι
3735 903 3960 968 Ἰουλίας
3987 907 4131 958 Ἀλ-

2522 1006 2645 1053 πεις
2676 990 2924 1053 καλοῦσι,
2958 991 3394 1062 προκαταλαϐὼν
3417 994 3674 1065 ἐφρούρει
3700 1035 3714 1059 ,
3741 997 3816 1061 ὼς
3848 998 3904 1049 ἐν
3940 997 4128 1065 στενῷ

2526 1081 2654 1152 μίαν
2694 1082 2928 1154 πάροδον
2984 1083 3257 1154 ἐχούσας,
3315 1085 3657 1156 ἑκατέρωθεν
3715 1089 4125 1158 πεφραγμένας

2521 1174 2806 1246 ἀπορρῶξι
2839 1176 2933 1229 καὶ
2977 1175 3335 1247 ὑψηλοτάτοις
3372 1177 3543 1247 ὄρεσι.
3594 1178 3875 1243 Θεοδόσιος
3913 1180 3972 1232 δὲ
4005 1181 4124 1234 δια.-

2523 1266 2842 1338 νοούμενος,
2873 1267 2952 1337 πῆ
2981 1268 3089 1339 ἄρα
3114 1268 3215 1339 τὴν
3248 1269 3518 1323 ἀπόϐασιν
3555 1270 3665 1334 ἕξει
3691 1273 3718 1324 ό
3767 1271 3902 1342 πρὸς
3946 1273 4124 1326 αὑτὸν

2522 1361 2776 1432 πόλεμος,
2806 1362 2902 1416 καὶ
2931 1360 3159 1432 πότερον
3191 1363 3278 1415 ἐπ’
3308 1363 3469 1417 αὑτὸν
3494 1367 3689 1435 χωρεῖν
3713 1364 3812 1428 δεῖ,
3838 1365 4122 1435 ἢέπιόντα

2521 1453 2841 1524 περιμένειν
2863 1496 2879 1521 ,
2916 1452 3124 1521 ἔγνωκε
3158 1455 3285 1525 περὶ
3333 1455 3526 1509 τούτου
3563 1456 3855 1528 συμϐούλῳ
3895 1460 4122 1528 χρήσα-

2523 1545 2645 1600 σθαι
2708 1546 2925 1618 Ἰωάννῃ
2974 1546 3052 1616 τῷ
3107 1548 3166 1602 ὲν
3199 1546 3428 1618 Θηϐαΐδι
3477 1547 3740 1619 μοναχῷο
3779 1548 3838 1601 ὃν
3898 1551 3956 1602 ὲν
3999 1553 4122 1611 τοῖς

2522 1637 2758 1708 πρόσθεν
2816 1638 3035 1709 εἴρηται
3087 1639 3517 1708 ἐπιφανέστατον
3553 1641 3809 1712 τηνικάδε
3853 1641 4120 1710 γενέσθαι

2524 1730 2617 1783 ἐπὶ
2651 1730 2851 1799 γνώσει
2877 1731 2985 1784 τῶν
3016 1733 3291 1802 ἐσομένων
3313 1749 3327 1763 ·
3357 1734 3452 1786 καὶ
3484 1734 3808 1806 Εὐτρόπιον,
3830 1735 3889 1798 ὃς
3917 1735 4118 1796 πιστὸς

2521 1819 2592 1894 ἦν
2622 1824 2774 1894 αὐτῷ
2808 1822 2918 1876 τῶν
2953 1825 3011 1877 ὲν
3058 1828 3170 1888 τοῖς
3205 1825 3502 1896 βασιλείοις
3549 1827 3851 1898 εὐνούχων,
3893 1827 4120 1896 πέπομ-

831 1905 1145 1960 venientem
1181 1917 1508 1977 exspectare
1537 1917 1822 1979 oporteret
1848 1951 1863 1976 ,
1914 1913 2208 1968 consilium
2255 1929 2318 1970 ea
2350 1916 2418 1992 de
2450 1897 2493 1953 Β
2524 1932 2589 1985 φε

2354 1916 2418 1992 de
2450 1897 2493 1953 Β
2524 1932 2621 1985 φεν
2649 1918 2730 1978 είς
2757 1914 3055 1983 Αἴγυπτον,
3084 1919 3132 1969 εί
3163 1917 3260 1988 μὲν
3289 1917 3548 1984 δυνατὸν,
3589 1897 3788 1982 ἄξοντα
3823 1919 3991 1972 αὑτὸν
4015 1937 4029 1949 ·
4061 1921 4115 1972 εξ

831 2012 889 2051 re
921 1994 1150 2054 Joannis
1184 2000 1440 2055 monachi
1476 2002 1532 2057 in
1561 2000 1844 2058 Thebaide
1873 2001 2133 2075 degentis
2157 2014 2419 2077 expetere

836 2091 1159 2146 ί-οηειίιιιίιε
1209 2107 1373 2163 quem
1423 2093 1494 2149 ob
1533 2091 1847 2150 futurarum
1892 2111 2080 2151 rerum
2125 2097 2415 2153 scientiam

829 2182 1250 2238 releberrimum
1298 2193 1435 2240 tunc
1467 2186 1736 2256 temporis
1785 2187 1988 2255 fuisse,
2031 2204 2203 2261 supra
2255 2205 2414 2245 com-

827 2275 1152 2331 memoravi.
1213 2275 1374 2348 313
1409 2275 1738 2349 Eutmpium
1777 2280 1967 2350 igitur,
2007 2293 2177 2346 unum
2208 2295 2276 2336 ex
2311 2296 2412 2338 eu-

835 2369 1032 2425 nuchis
1066 2369 1301 2440 palatii,
1338 2369 1441 2426 sibi
1474 2369 1802 2426 ﬁdissimum
1827 2412 1840 2437 ,
1875 2373 1927 2427 in
1957 2372 2255 2446 Egyptum
2285 2375 2412 2430 mit-

828 2464 924 2525 ιὶι,
960 2470 1019 2516 ut
1052 2463 1097 2517 si
1137 2461 1250 2517 fieri
1296 2463 1508 2532 possit,
1557 2479 1681 2518 eum
1729 2463 2009 2534 adducat;
2053 2468 2138 2523 sin
2184 2468 2407 2534 minus,

2522 2012 2578 2065 δὲ
2607 2013 3027 2083 παραιτήσαιτο,
3058 2013 3120 2065 τὸ
3151 2013 3429 2084 πρακτέον
3463 2013 3678 2084 μαθεῖν.
3701 2013 3811 2068 Καὶ
3835 2015 3862 2067 6
3893 2015 3993 2083 μὲν
4028 2016 4117 2076 είς

2535 2104 2790 2175 Ἰωάννην
2819 2104 3262 2177 παραγενόμενος
3288 2146 3303 2170 ,
3352 2106 3451 2158 οὐκ
3486 2105 3673 2159 ἔπεισε
3709 2106 3846 2176 πρὸς
3873 2106 3967 2159 τὸν
4014 2105 4116 2175 βα-

2522 2195 2674 2248 σιλέα
2702 2195 2895 2250 ἐλθεῖν.
2935 2196 3276 2250 Ἐπανελθὼν
3301 2198 3381 2263 δὲ,
3407 2198 3662 2268 ἤγγειλεν
3706 2202 3882 2252 εἰπεῖν
3905 2240 3919 2263 ,
3943 2199 4114 2252 αὑτὸν

2519 2290 2763 2358 νικήσειν
2795 2289 2886 2342 τὸν
2921 2289 3190 2355 πόλεμον,
3228 2291 3324 2344 καὶ
3354 2291 3656 2347 καθελόντα
3689 2293 3780 2347 τὸν
3818 2293 4108 2364 τύραννον,

2521 2381 2662 2448 μετὰ
2684 2381 2782 2452 τὴν
2809 2380 2965 2452 νίκην
2988 2383 3046 2433 ὲν
3090 2383 3288 2455 Ἰταλίᾳ
3327 2385 3662 2454 μεταλλάξαι
3697 2387 3789 2440 τὸν
3822 2387 3937 2458 βίον
3963 2384 4107 2456 (65).

2531 2472 2841 2547 ’Δμφότερα
2867 2476 2923 2529 δὲ
2959 2475 3133 2547 ἀληθῆ
3159 2477 3221 2529 τὸ
3248 2476 3401 2541 τέλος
3429 2478 3650 2544 ἔδειξεν.

827 2557 1019 2610 saltem
1056 2572 1123 2610 ex
1156 2571 1222 2610 eo
1254 2556 1434 2612 discat
1470 2556 1602 2627 quid
1629 2560 1904 2628 agendum
1970 2560 2061 2614 sit.
2107 2558 2158 2616 Is
2185 2576 2311 2616 cum
2355 2562 2422 2616 ad
2459 2562 2729 2621 Joannem
2766 2570 3030 2634 venisset,
3075 2571 3409 2641 persuadere
3459 2573 3509 2627 ei
3561 2589 3671 2627 non
3715 2574 3892 2644 potuit
3933 2583 3993 2629 nt
4038 2569 4107 2630 ad

827 2653 1215 2720 imperatorem
1292 2651 1599 2705 accederet.
1663 2649 1772 2704 Sed
1821 2665 2119 2714 reversus,
2178 2654 2451 2708 nuntiavit
2524 2655 2838 2715 Theodosio
2885 2659 3152 2715 Joannem
3198 2661 3441 2728 dixisse,
3489 2663 3637 2733 quod
3697 2664 3985 2719 victoriam
4038 2681 4109 2720 ex

826 2746 968 2799 bello
1017 2746 1300 2801 relaturus
1343 2755 1536 2813 esset,
1575 2745 1964 2816 exstinctoque
1997 2755 2267 2819 tyranno,
2319 2759 2445 2818 post
2480 2753 2775 2810 victoriam
2817 2755 2872 2810 in
2907 2753 3060 2810 Italia
3091 2755 3272 2826 ipsum
3308 2771 3436 2812 esse
3469 2757 3823 2813 moriturum.
3857 2760 4107 2826 Quorum

826 2845 1118 2908 utrumque
1152 2853 1276 2893 vere
1307 2837 1514 2894 dictum
1550 2837 1761 2905 fuisse,
1789 2839 1971 2896 exitus
1999 2839 2402 2911 comprobavit,

1416 2971 1572 3029 CAP.
1619 2972 1662 3027 X
1675 2973 1814 3032 Xlll.

829 3089 903 3142 De
930 3089 1202 3144 exactione
1239 3088 1589 3155 tributorum,
1623 3097 1671 3143 et
1706 3088 1770 3143 de
1804 3090 1997 3145 statuis
2047 3089 2416 3151 imperialibus

893 3160 1188 3284 ﬁnio-chirs
1222 3161 1473 3229 dejectis,
1519 3171 1569 3214 et
1620 3161 1683 3214 de
1720 3160 1981 3231 legatione
2025 3159 2416 3231 archiepiscopi

972 3248 1168 3285 auiam.

894 3389 1044 3443 Inter
1073 3388 1192 3444 haec
1215 3388 1286 3443 ob
1313 3387 1656 3442 imminentis
1688 3385 1826 3442 belli.
1849 3385 2264 3451 necessitatem,
2296 3398 2412 3439 ma-

822 3481 1147 3550 gistratibus
1169 3481 1371 3551 quibus
1396 3479 1449 3535 id
1480 3493 1629 3534 curae
1658 3487 1778 3533 erat
1799 3518 1813 3545 ,
1845 3493 1877 3533 e
1902 3492 1961 3534 re
1984 3477 2203 3548 publica
2230 3476 2409 3531 visum

821 3583 978 3631 estut
996 3574 1199 3628 tributa
1217 3571 1382 3629 solito
1411 3571 1664 3643 graviora
1694 3585 1723 3624 a
1755 3569 2188 3642 provincialibus
2227 3569 2411 3639 exige-

823 3676 1034 3723 rentur.
1064 3665 1216 3720 Hanc
1267 3663 1336 3719 ob
1367 3677 1588 3720 causam
1632 3663 1698 3718 ad
1733 3661 2061 3719 seditionem
2088 3660 2411 3717 concitatus

825 3760 1299 3815 Antiochenorum
1342 3756 1601 3828 populus,
1627 3764 1844 3812 statuas
1869 3754 2221 3826 imperatoris
2244 3761 2408 3823 atque

825 3852 1018 3909 uxoris
1046 3851 1167 3922 ejus
1199 3849 1400 3920 deiecit
1419 3887 1436 3912 ,
1467 3857 1522 3904 et
1549 3847 1680 3905 fune
1707 3847 1914 3919 injecto
1940 3862 2039 3918 per
2067 3846 2258 3902 urbem
2293 3853 2404 3900 tra-

3108 2958 3360 3013 ΚΕΦΑΛ.
3399 2959 3527 3016 Kl".

2523 3071 2662 3140 Περὶ
2709 3070 2821 3139 τῆς
2849 3070 3218 3138 εισπρὰξεως
3252 3071 3372 3126 τῶν
3406 3072 3634 3142 φόρων,
3683 3073 3780 3128 καὶ
3813 3074 3932 3130 τῶν
3963 3080 4112 3132 καθ-

2591 3143 2946 3216 αιρεθέντῳν
2968 3144 3044 3216 ἐν
3087 3144 3409 3216 Ἀντιοχείᾳ
3445 3144 3792 3216 ,βασιλικῶν
3826 3147 4110 3216 ἀνδριάν-

2589 3231 2727 3289 των,
2776 3212 2873 3266 καὶ
2919 3212 3030 3281 τῆς
3079 3213 3185 3267 τοῦ
3222 3213 3537 3284 ἀρχιερέως
3573 3217 3910 3272 Φλαὸιανοῦ
3935 3212 4109 3289 ’κρε-

2429 3263 2472 3322 C
2577 3263 2810 3347 aestas;

2598 3378 2686 3430 Ἐν
2721 3377 2896 3448 τούτῳ
2933 3377 2990 3430 δὲ
3026 3375 3170 3447 (66),
3223 3376 3312 3431 διὰ
3346 3376 3445 3449 τὴν
3469 3377 3661 3449 ¹χρείαν
3694 3378 3786 3433 τοῦ
3838 3381 4105 3450 πολέμου,

2516 3468 2661 3536 ἔδοξε
2692 3472 2805 3534 τοῖς
2835 3469 3097 3540 ἄρχουσιν
3147 3463 3229 3534 οἷς
3257 3469 3447 3523 τούτου
3482 3471 3670 3541 μέλει,
3715 3471 3880 3525 πλέον
3912 3491 3966 3526 τι
3992 3474 4106 3527 τῶν

2517 3559 2784 3614 εἰωθότων
2834 3561 3015 3632 φόρων
3049 3561 3442 3632 εἰσπράξασθαι
3476 3562 3602 3625 τοὺς
3633 3563 3930 3627 ὑποτελεῖς.
3977 3565 4106 3620 Ἐπὶ

2515 3654 2688 3723 τούτῳ
2714 3654 2770 3707 δὲ
2812 3655 3110 3715 στασιάσας
3151 3654 3180 3706 ὁ
3223 3657 3282 3707 ἐν
3311 3655 3482 3726 Συρίᾳ
3511 3655 3617 3710 τῶν
3657 3656 3972 3726 Ἀντιοχέων
4002 3657 4103 3726 δῆ-

2518 3766 2636 3820 μος,
2692 3749 2817 3812 τοὺς
2865 3747 2956 3802 τοῦ
3010 3746 3276 3818 βασιλέως
3322 3747 3646 3819 ἀνδριάντας
3697 3748 3942 3811 καθεῖλε,
4004 3752 4103 3803 καὶ

2507 3844 2606 3916 τῆς
2632 3841 2795 3897 αὐτοῦ
2838 3841 3120 3914 γαμετῆςο
3175 3841 3269 3896 καὶ
3311 3840 3508 3912 σχοίνῳ
3551 3841 3861 3913 προσάψας,
3892 3836 4098 3908 εἷλκεν,

2020 4019 2288 4077 VALESII
2326 4016 2887 4075 ANNOTATIONES.

897 4185 1144 4258 (64)7Kal
1177 4186 1284 4252 τὰς
1322 4187 1469 4257 πρὸς
1499 4183 1607 4250 τὰς
1647 4183 1932 4258 Ἰταλίονς
1960 4181 2180 4258 πύᾼας.
2199 4177 2402 4258 _ln_('o-

827 4250 953 4312 dice
992 4250 1304 4312 'Fuketianio
1359 4250 1623 4325 scriptum
1677 4261 1765 4325 est
1818 4252 2121 4325 τὰς,πρὸς
2163 4250 2404 4325 τῇνίτα-

827 4329 937 4414 λίςι,
963 4327 1452 4414 etc._.N_i_cephorus
1476 4321 1713 4414 quoque
1746 4324 1921 4414 habet
1945 4321 2408 4414 'sdtb‘év~‘lca).£q.

829 4393 1026 4463 πύλας.
1066 4393 1263 4455 Melius
1291 4407 1476 4452 tamen
1503 4393 1835 4466 scriberetur
1865 4397 1963 4459 τὰς
1998 4394 2103 4466 πρὸ
2139 4393 2240 4464 τῆς
2268 4393 2407 4445 Ἰτα-

828 4470 945 4534 λίας
1005 4470 1197 4532 πύλας.
1230 4468 1364 4523 Nam
1411 4469 1578 4537 Alpes
1622 4464 1810 4537 Julian,
1860 4464 2407 4537 quasijmunimenta

831 4541 1078 4610 quaedam
1120 4556 1184 4595 ac
1231 4534 1659 4610 propugnacula,
1695 4534 1904 4590 Italian]
1942 4535 2265 4610 defendunt.

902 4610 1013 4681 (65)
1048 4603 1434 4674 Μεταλλάξαῖ
1457 4608 1741 4672 τὸνβίον.
1780 4610 2018 4678 Apparet
2053 4603 2402 4661 scribendum

828 4698 951 4737 esse
979 4681 1348 4751 μεταλλάξειν.

900 4744 1013 4822 {136)
1051 4752 1153 4806 Ἐν
1189 4744 1377 4822 τούτῳ
1412 4749 1498 4802 δέ.
1535 4747 1760 4822 Fallitur
1790 4747 1894 4822 hoc
1921 4746 2041 4800 loco
2066 4744 2404 4822 Sozomenus

834 4816 926 4891 qui
962 4816 1287 4877 seditionem
1319 4821 1711 4891 Antiochenam
1744 4820 1798 4872 in
1834 4817 1885 4870 id
1917 4825 2133 4891 tempus
2154 4816 2404 4891 contulit,

831 4888 942 4960 quo
997 4892 1345 4947 Theodosius
1408 4890 1814 4960 expeditionem
1880 4890 2093 4960 paravit
2139 4888 2404 4960 a_tlversiis

830 4955 1131 5033 Eugenium
1185 4955 1497 5033 tyrannum.
1532 4958 1674 5033 Idem
1698 4955 1914 5033 quoque
1933 4955 2405 5033 scribit_Tbeodo-

831 5027 967 5090 ritus
1034 5034 1089 5086 in
1141 5027 1384 5087 Historia
1435 5027 1841 5085 ecclesiasticaf
1875 5027 2072 5083 Verum
2133 5027 2403 5083 Baronius

830 5108 1117 5172 utriusque
1147 5103 1434 5172 scriptoris
1460 5116 1704 5157 errorem
1723 5100 2044 5172 jamdudum
2070 5099 2400 5172 observavit,

830 5185 883 5230 et
930 5170 1070 5229 hanc
1126 5170 1449 5230 seditionem
1503 5187 1647 5226 anno
1687 5172 1891 5226 Christi
1937 5170 2064 5225 388‘
2106 5170 2407 5239 contigisse

830 5247 1040 5307 docuit,
1091 5247 1286 5315 partim
1333 5260 1399 5298 ex
1451 5241 1942 5315 Zosimohpartim
2006 5255 2074 5295 ex
2128 5239 2407 5315 Ambrosii

835 5307 1190 5384 Epistota'ad
1245 5315 1618 5371 Theodosium.
1673 5307 1818 5384 Ide_m
1868 5310 2033 5384 etiam
2062 5307 2408 5384 esALibanio

833 5381 1126 5455 colligitur,
1151 5386 1243 5455 qui
1273 5386 1325 5438 in
1360 5386 1610 5439 oratione
1643 5383 1708 5455 ad
1745 5381 2047 5455 Ellehicu_m
2071 5381 2190 5455 _(hic
2225 5388 2408 5455 autem

828 5451 994 5530 judeit
1037 5451 1240 5513 missus
1281 5457 1381 5510 fuit
1421 5456 1487 5510 ad
1535 5453 1924 5509 vindicandum
1978 5451 2191 5506 facinus
2218 5452 2408 5504 Antio-

2510 4173 2836 4247 cbenorum)
2892 4172 3035 4229 hanc
3075 4188 3303 4229 causam
3364 4172 3538 4247 fuisse
3598 4174 3731 4247 dicit
3786 4175 4098 4240 seditionis,

2513 4247 2658 4316 quod
2707 4245 3028 4316 imperator,
3078 4261 3200 4301 cum
3231 4246 3481 4315 pecuniis
3523 4261 3662 4316 opus
3705 4245 3924 4300 haberet
3954 4265 4100 4316 quas

2515 4317 2784 4372 militibus
2813 4318 2931 4370 suis
2977 4316 3209 4370 donaret
3250 4317 3304 4369 in
3333 4316 3728 4371 decennalibus
3758 4317 3972 4386 imperii
4010 4321 4098 4373 sui

2515 4398 2569 4442 et
2595 4387 2814 4443 Arcadii
2849 4387 2941 4440 lilii
2970 4387 3500 4456 quinquennalibus,
3552 4401 3802 4455 magnam
3831 4390 3946 4442 auri
3987 4407 4094 4442 vim

2519 4458 2793 4513 indixerat
2831 4458 3000 4512 curize
3047 4457 3516 4512 Antiochensium.
3565 4456 3736 4511 Porro
3767 4458 4096 4513 decennalia

2520 4527 2812 4611 Theodosii
2840 4528 3185 4612 contigerant
3216 4543 3360 4581 anno
3385 4529 3589 4612 Christi
3630 4528 3754 4590 588,
3783 4526 4097 4612 Theodosio

2515 4600 2636 4668 ipso
2669 4600 2864 4654 iterum
2896 4609 2949 4652 ct
2977 4599 3216 4668 Cynegio
3247 4614 3390 4652 coss.
3429 4599 3483 4652 ld
3518 4601 3695 4669 ipsum
3724 4601 3979 4669 colligere
4010 4613 4096 4654 est

2437 4677 2481 4732 Ι)
2511 4667 2576 4724 ex
2609 4671 2857 4723 oratione
2893 4669 3139 4737 ejusdem
3177 4669 3387 4722 Libanii
3413 4669 3479 4722 ad
3515 4667 3881 4724 Theodosium
3918 4671 4095 4736 impe-

2513 4751 2754 4794 ratorem
2801 4741 2878 4793 De
2927 4739 3397 4794 reconciliatione.
3426 4739 3500 4793 lbi
3532 4742 3673 4794 enim
3719 4739 3978 4794 Libanius
4013 4745 4095 4794 in-

2514 4820 2595 4864 ter
2635 4811 2738 4864 alia
2771 4811 3018 4879 exempla
3075 4810 3438 4879 imperatoria-
3476 4810 3806 4871 clementize,
3839 4817 4095 4878 proponit

2513 4882 2822 4951 exemplum
2856 4878 3224 4934 Valentiniani
3257 4878 3527 4942 Junioris,
3561 4881 3796 4950 quicum
3827 4895 3854 4932 a
3889 4879 4092 4933 Roma-

2514 4953 2600 5006 nis
2628 4951 2860 5004 Maximo
2892 4959 3128 5020 tyranno
3155 4951 3528 5017 adulantibus,
3565 4967 3622 5004 re
3662 4967 3726 5002 ac
3752 4952 3931 5004 verbis
3964 4967 4092 5019 gia-

2513 5023 2652 5077 viter
2680 5023 2842 5076 lassus
2885 5019 3100 5080 fuisset,
3127 5023 3396 5076 exstincto
3417 5033 3603 5090 postea
3657 5019 3889 5073 Maximo
3912 5062 3925 5080 .
3965 5022 4089 5074 urbi

2513 5095 2773 5164 pepercit.
2806 5092 2961 5164 Quod
2999 5092 3220 5164 quidem
3253 5095 3557 5160 exemplum
3611 5092 3806 5164 iterum
3849 5091 4088 5164 ailertin

2510 5161 2769 5218 oratione
2801 5163 2868 5216 ad
2896 5161 3262 5217 Theodosium
3298 5171 3420 5232 post
3449 5163 3972 5217 reconciliationem.
4011 5163 4087 5214 Et

2508 5249 2619 5304 quo
2676 5242 2902 5303 apparet
2969 5233 3293 5304 seditionem
3343 5233 3488 5304 illam
3548 5232 3652 5286 588
3689 5232 3898 5304 ,Cbristi
3945 5246 4091 5284 anno

2510 5302 2808 5373 contigisse
2863 5312 2984 5374 post
3015 5304 3214 5357 eadem
3240 5302 3456 5374 Maximi
3487 5302 3700 5373 tyranni
3727 5303 3818 5370 qui
3849 5317 3914 5355 eo
3941 5318 4092 5374 attito

2511 5372 2972 5444 oppressum—test,
2998 5375 3086 5430 die
3141 5390 3172 5428 v
3219 5372 3791 5443 KalcndasAugusti,
3827 5379 3884 5424 ut
3928 5372 4094 5428 docet

2513 5442 2721 5500 ldatius
2756 5446 2811 5499 in
2845 5442 3053 5499 Fastis.

2236 5621 2620 5682 VARIORUM.

899 5791 919 5812 ⁶
951 5786 1288 5842 Seditionem
1335 5784 1730 5841 Antiochenam
1781 5783 2050 5839 accidisse
2082 5798 2225 5838 anno
2272 5782 2398 5848 587,

834 5874 940 5912 non
973 5861 1097 5920 388,
1131 5874 1194 5910 ex
1229 5857 1456 5926 Libanio
1481 5857 1946 5926 etChrysostomo
1978 5863 2230 5926 constare
2248 5855 2402 5926 iaﬂir-

819 5941 936 5981 mat
970 5929 1338 5986 Gothofredus
1369 5929 1422 5983 in
1446 5921 1800 5998 Chronologia
1832 5925 2042 5982 Codicis
2081 5925 2392 5981 Theodosia-

2509 5783 2585 5846 m‘,
2616 5780 3368 5854 quotemporeTheodosius
3390 5780 3864 5854 Constantinopoli
3899 5784 4086 5836 consi-

2511 5850 2708 5910 stebat.
2743 5850 2881 5909 Huic
2906 5852 3234 5922 suffragatur
3257 5854 3524 5908 Antonius
3556 5850 3700 5920 Pagi.
