4460 6634
377 436 515 498 1489

1321 446 1644 505 HISTORIA
1680 451 2233 513 ECCLESIASTICA.
2275 488 2342 503 —-
2380 457 2510 513 LIB.
2553 455 2664 513 VII.

3496 462 3636 522 N90

373 558 490 619 οἶας
520 556 665 620 εἱκδς
716 557 821 612 ὑπὸ
869 556 1288 627 χαλεπαίνοντος
1313 561 1586 632 πλήθους,
1632 564 1950 636 ὑϐριστικὰς
1976 574 2021 633 Α
2052 572 2133 627 xit

1871 568 1950 632 ιὰς
1976 574 2021 633 Α
2052 572 2166 637 xit,
2196 572 2594 628 contumeliosa
2626 570 2854 641 insuper
2889 572 3054 627 verba
3094 569 3378 642 adjciens,
3412 572 3562 629 sicut
3601 590 3632 628 a

372 647 553 713 ἀφιεὶς
581 647 784 716 φωνάς.
835 646 987 700 Ἐπεὶ⁵
1014 647 1069 701 δὲ
1099 648 1327 714 πολλοὺς
1370 650 1684 723 Ἀντιοχέων
1713 654 1955 724 διαφθεῖ-

376 752 464 804 ραι
498 737 772 801 διενοεῖτο,
800 737 892 789 καὶ
918 736 1056 807 πρὸς
1088 739 1256 809 μόνην
1285 739 1381 811 τὴν
1413 742 1600 813 φήμην
1632 745 1951 818 κατεπλάγη

372 826 435 879 τὸ
460 825 662 897 πλῆθος
685 844 698 856 ’
726 829 818 881 καὶ
844 829 1187 900 παυσάμενοι
1214 832 1499 902 μαίνεσθαι
1526 836 1918 909 μετεμελοῦντο
1936 856 1949 867 ⁸

378 920 473 970 καὶ
524 919 600 980 ὡς
662 918 757 971 ἐπὶ
808 923 1044 991 παροῦσι
1103 924 1216 987 τοῖς
1268 925 1688 997 ἁγγελλομένοις
1742 932 1952 997 κακοῖς,

374 1005 592 1058 ἐστενόν
648 1024 707 1059 τε
764 1008 859 1061 καὶ
883 1010 1177 1081 ἐδάκρυον,
1234 1014 1327 1067 καὶ
1373 1014 1465 1067 τὸν
1518 1015 1651 1069 Θεὸν
1712 1016 1953 1074 ἱκέτευον

376 1098 614 1165 πραϋναι
642 1100 1093 1171 τουκρατοῦντος
1132 1104 1231 1176 τὴν
1260 1104 1453 1177 ὀργὴν,
1485 1106 1772 1179 μελῳδίαις
1810 1110 1955 1165 τισὶν

375 1189 742 1261 ὀλοφυρτικῶς
788 1192 923 1263 πρὸς
950 1193 1048 1258 τὰς
1078 1195 1231 1260 λιτάς
1264 1199 1611 1269 κεχρημένοι.
1669 1192 1860 1255 Ἢνίκα
1887 1202 1953 1274 δὴ

377 1285 473 1336 καὶ
493 1285 787 1350 Φλαϐιανὸς
813 1289 843 1340 ὁ
886 1287 1199 1358 Ἀντιοχέων
1230 1289 1548 1356 ἐπίσκοπος,
1582 1293 1955 1365 πρεσϐευόμε-

374 1394 462 1439 νος
491 1378 629 1449 ὑπὲρ
657 1380 765 1432 τῶν
792 1380 1046 1445 πολιτῶν,
1081 1381 1160 1434 ἐτι
1188 1382 1283 1435 τοῦ
1314 1382 1575 1454 βασιλέως
1603 1387 1953 1457 χαλεπαίνον-

376 1486 486 1533 τος,
543 1472 771 1523 πέπεικε
825 1472 952 1535 τοὺς
1006 1472 1158 1543 παρὰ
1202 1474 1301 1545 τὴν
1332 1475 1617 1549 βασιλικὴν
1671 1480 1954 1551 τράπεζαν

375 1558 522 1629 ᾄδειν
549 1560 802 1626 εἰωθότας
836 1563 1011 1626 νέους,
1043 1564 1142 1629 τὰς
1171 1566 1229 1618 ἐν
1263 1568 1382 1631 ταῖς
1407 1569 1578 1633 λιταῖς
1610 1570 1716 1623 τῶν
1758 1572 1955 1627 Ἀντιο-

376 1652 516 1720 χέων
545 1654 859 1725 ψαλμῳδίας
888 1658 1059 1711 εἱπεὶν
1080 1674 1093 1688 ⁸
1135 1660 1223 1729 ἐφ’
1262 1653 1306 1728 ᾧ
1330 1660 1546 1730 λέγεται
1576 1663 1957 1737 φιλανθρωπίᾳ

374 1745 698 1815 διαχυθέντα
745 1749 835 1803 τὸν
893 1750 1116 1820 βασιλέα
1164 1752 1501 1825 κρατηθῆναι
1551 1755 1629 1826 τῷ
1670 1756 1823 1828 ἐλέῳ,
1859 1760 1956 1812 καὶ

375 1836 573 1890 αὐτίκα
603 1839 703 1909 τὴν
726 1840 895 1912 ὀργὴν
920 1842 1188 1907 ἐκϐαλεῖν,
1222 1845 1317 1899 καὶ
1342 1835 1667 1900 σπείσασθαι
1697 1848 1831 1919 πρὸς
1856 1849 1956 1921 τὴν

2058 662 2413 719 multitudine
2440 662 2770 719 exacerbata
2805 662 2925 719 ﬁeri
2958 663 3120 719 solet.
3156 661 3328 719 Porro
3366 678 3495 720 cum
3531 663 3639 720 im-

2058 762 2283 825 perator
2325 754 2530 810 multos
2577 754 3047 810 Antiochenorum
3099 755 3414 812 interﬁcere
3464 757 3537 813 ob
3582 757 3637 812 id

2060 844 2252 913 vellet,
2282 844 2352 899 ad
2386 846 2565 901 solum
2591 846 2713 917 ejus
2747 847 2830 902 rei
2861 861 3139 902 rumorem
3172 847 3330 917 plebs
3362 848 3636 918 obstupe-

2060 934 2205 991 facta
2239 944 2345 992 est.
2378 935 2611 1007 Jamque
2639 937 2833 993 sedato
2874 936 3099 1001 furore,
3149 937 3301 1008 ipsos
3346 937 3477 993 facti
3520 952 3639 1007 pae-

2058 1027 2309 1084 nitebat:
2336 1036 2392 1083 et
2420 1029 2579 1099 quasi
2608 1028 2750 1083 mala
2776 1043 2899 1098 quae
2922 1027 3323 1083 nuntiabantur
3339 1026 3454 1100 jam
3479 1027 3641 1083 ades~

2059 1108 2241 1184 sent,
2278 1121 2570 1191 gemebant
2618 1134 2811 1175 omnes
2865 1134 2929 1175 ac
2983 1118 3287 1190 lugebant,
3351 1117 3640 1189 Deumque

2060 1226 2203 1283 prec»
2226 1210 2429 1269 bantur
2456 1220 2514 1267 ut
2544 1210 2896 1283 imperatoris
2924 1209 3168 1272 animum
3198 1209 3477 1279 placaret,
3507 1223 3641 1264 can-

2060 1300 2187 1355 ticis
2213 1300 2542 1370 quibusdam
2570 1300 2899 1371 lugubribus
2931 1299 2998 1354 ad
3022 1314 3143 1354 eam
3168 1298 3638 1369 supplicationem

2060 1400 2297 1449 utentes.
2354 1392 2475 1459 Quo
2533 1393 2755 1464 quidem
2807 1400 3058 1463 tempore
3100 1391 3395 1447 Flavianus
3442 1389 3641 1446 Antio—

2058 1483 2283 1540 chensis
2314 1485 2608 1555 episcopus
2628 1524 2644 1545 ,
2686 1498 2787 1554 pro
2813 1483 3031 1538 civibus
3061 1482 3183 1538 suis
3211 1481 3484 1553 legatione
3513 1480 3639 1534 fun-

2059 1591 2194 1647 gens
2219 1616 2235 1641 ,
2270 1591 2397 1631 cum
2432 1576 2733 1646 imperator
2767 1574 2947 1630 adhuc
2982 1573 3362 1645 indignatione
3396 1571 3639 1642 percitus

2058 1674 2245 1731 esset,
2279 1668 2557 1737 persuasit
2586 1666 3034 1721 adolescentibus
3060 1664 3159 1735 qui
3191 1662 3259 1718 ad
3288 1661 3639 1732 imperatoris

2060 1772 2308 1813 mensam
2337 1772 2539 1813 (suere
2565 1756 2849 1819 solebant,
2880 1763 2939 1810 ut
2968 1753 3185 1810 cantica
3218 1753 3419 1824 quibus
3444 1752 3639 1807 Antio-

2059 1848 2222 1904 cheni
2270 1849 2329 1903 in
2375 1847 2881 1919 supplicationibus
2928 1848 3048 1904 suis
3099 1847 3420 1910 utebantur,
3453 1850 3643 1897 canta-

377 1929 553 1994 πόλιν,
581 1932 809 2004 δάκρυσι
855 1933 1124 2004 βρέξαντᾳ
1147 1935 1247 2007 τὴν
1279 1937 1497 2009 φιάλην,
1534 1938 1599 2009 ἢν
1634 1938 1789 2010 ἔτυχε
1820 1958 1953 1994 κατ·
1983 1934 2027 1992 Β
2056 1956 2138 1997 rer

1876 1958 1953 1993 ιτ·
1983 1934 2027 1992 Β
2056 1949 2199 1997 rent.
2246 1940 2369 2007 Quo
2414 1940 2563 1996 facto
2596 1940 2903 2010 imperator
2938 1939 2993 1994 in
3028 1937 3379 1994 clementiam
3432 1936 3637 1999 ﬂexus,

376 2020 537 2091 έχων.
587 2025 725 2078 Φασὶ
766 2025 822 2078 δὲ
868 2027 967 2096 τῆς
998 2026 1283 2099 φθασάσης
1316 2030 1507 2093 νυκτὸς
1550 2030 1668 2101 μεθ’
1700 2032 1768 2103 ἢν
1794 2031 1958 2094 εὐθὺς

376 2112 765 2187 ἐπιγενομένης
814 2118 1026 2190 ἡμέρας
1072 2120 1105 2190 ἠ
1151 2120 1340 2184 στάσις
1383 2122 1635 2191 ἐγένετο,
1700 2124 1894 2195 φάσμα
1928 2138 1955 2167 ιι

375 2204 640 2273 γυναικὸς
662 2206 941 2276 θεαθῆναι,
990 2210 1212 2280 μεγέθει
1256 2213 1492 2280 ἐξαίσιον
1541 2214 1635 2268 καὶ
1663 2213 1764 2287 θέᾳ
1792 2214 1955 2285 φοϐε-

378 2294 504 2365 ρὸν,
552 2295 843 2367 μετάρσιον
893 2314 953 2350 τε
997 2298 1281 2371 διατρέχον
1329 2301 1435 2357 ἀνὰ
1478 2303 1579 2369 τὰς
1618 2304 1816 2372 ἀγυιὰς
1857 2305 1958 2376 τῆς

378 2386 617 2455 πόλεως,
662 2388 753 2442 τὸν
802 2390 939 2460 ἀέρα
992 2392 1275 2462 μαστίζειν
1318 2394 1423 2449 ὑπὸ
1455 2396 1680 2465 μάστιγι
1715 2397 1956 2469 δυσήχῳ,

374 2478 516 2543 οἵαις
547 2482 627 2543 εἱς
668 2480 839 2551 θυμὸν
860 2484 1252 2554 προκαλοῦνται
1282 2486 1409 2549 τοὺς
1437 2486 1613 2557 θῆρας
1648 2487 1699 2540 οἱ
1732 2487 1861 2559 περὶ
1890 2486 1958 2541 τὰ

376 2568 597 2622 τοιαῦτα
616 2570 817 2643 θέατρα
844 2573 1151 2639 πονοῦντες.
1184 2573 1340 2629 Οὖτω
1370 2592 1457 2639 τις
1478 2575 1731 2648 ἀλάστωρ
1752 2576 1959 2648 δαίμων

378 2661 774 2734 ὲπιϐουλῇ(67)
825 2666 925 2737 τὴν
980 2668 1168 2722 στάσιν
1197 2668 1466 2738 ἐκίνησεν.
1524 2668 1960 2741 Ἐπηκολούθησε

377 2751 424 2804 δ’
456 2752 524 2807 ἂν
555 2755 650 2809 καὶ
690 2756 847 2827 φόνος
886 2758 1075 2824 πολὺς,
1106 2760 1153 2813 εἱ
1190 2760 1265 2831 μὴ
1292 2761 1392 2833 τὴν
1424 2761 1593 2833 ὀργὴν
1618 2760 1959 2816 κατέπαυσεν

378 2844 409 2897 ὁ
458 2844 741 2915 βασιλεὺς,
787 2850 884 2922 τὴν
939 2851 1218 2923 ἱερατικὴν
1261 2851 1365 2906 ὑπὸ
1406 2852 1687 2919 εὐσεϐείας
1745 2853 1959 2909 ἱκεσίαν

380 2937 671 3004 αἰδεσθείς.

2056 2042 2113 2090 et
2142 2032 2499 2090 miseratione
2527 2040 2821 2103 superatus
2844 2073 2860 2098 ,
2892 2031 3030 2085 iram
3064 2032 3321 2101 protinus
3366 2029 3641 2098 abjecissc

2057 2126 2290 2193 dicitur,
2320 2133 2376 2182 et
2400 2140 2526 2180 cum
2550 2123 3023 2179 Antiochensibus
3045 2122 3101 2177 in
3127 2122 3357 2191 gratiam
3390 2120 3639 2186 rediisse,

2057 2216 2283 2289 perfuso
2314 2215 2575 2289 laerymis
2604 2214 2807 2286 poculo
2868 2212 3014 2284 quod
3050 2220 3166 2267 tum
3202 2212 3344 2267 forte
3375 2212 3429 2265 in
3458 2212 3637 2265 mani-

2057 2311 2162 2367 bus
2194 2310 2452 2366 habebat.
2485 2308 2757 2366 Ca3terum
2791 2306 2987 2372 aiunt,
3026 2312 3190 2361 nocte
3224 2304 3316 2359 illa
3342 2318 3466 2375 qua:
3493 2300 3639 2359 diem

2056 2414 2167 2469 quo
2196 2397 2393 2454 seditio
2425 2396 2571 2452 facta
2598 2404 2683 2452 est
2708 2395 3023 2467 praecessit,
3045 2401 3323 2464 spectrum
3357 2391 3637 2463 quoddam

2058 2477 2329 2543 mu'liebre
2358 2487 2535 2543 visum
2562 2502 2717 2551 esse,
2766 2484 3146 2557 magnitudine
3192 2484 3505 2539 incredibili
3527 2523 3542 2547 ,
3583 2492 3641 2540 et

2058 2577 2223 2651 314
2266 2585 2494 2649 aspectu
2528 2576 2815 2633 terribile:
2849 2576 2998 2647 quod
3032 2576 3271 2632 sublime
3302 2590 3398 2647 per
3427 2576 3640 2645 plateas

2062 2668 2215 2724 urbis
2245 2667 2604 2732 discurrens,
2650 2680 2831 2721 aerem
2874 2666 3110 2721 caederet
3148 2663 3364 2737 ﬂagello
3396 2664 3635 2735 quodam

2061 2760 2396 2827 horrisono,
2440 2757 2755 2830 cuiusmodi
2796 2756 2983 2830 ﬂagris
3013 2757 3221 2813 bestias
3275 2757 3345 2813 ad
3392 2755 3635 2812 furorem

2062 2852 2348 2909 concitare
2383 2851 2564 2908 solent
2595 2850 2671 2917 ii,
2702 2848 2795 2922 qui
2828 2849 3105 2920 ejusmodi
3142 2850 3477 2921 spectaculis
3510 2864 3641 2919 cpe-

2063 2960 2181 3000 ram
2236 2958 2391 2997 suam
2446 2944 2656 2999 locant.
2711 2941 2788 2997 lta
2834 2943 3105 2999 exitiosus
3153 2940 3376 3013 quidam
3426 2941 3638 2998 daemon

382 3031 527 3086 hanc
558 3032 883 3088 seditionem
932 3033 1204 3091 insidiose
1251 3036 1530 3093 conﬂavit.
1584 3037 1664 3093 Ac
1710 3036 1957 3108 profecto
1994 3038 2187 3106 ingens
2216 3036 2395 3091 caedes
2427 3044 2726 3090 consecuta
2757 3042 2944 3097 esset,
2972 3034 3079 3091 nisi
3143 3034 3441 3106 imperator
3501 3034 3639 3090 iram

380 3142 537 3182 suam
578 3130 965 3199 repressisset,
997 3132 1300 3189 sacerdotis
1342 3134 1792 3192 intercessionem
1832 3150 1934 3206 pro
1969 3133 2173 3207 pietate
2200 3150 2301 3190 sua
2332 3133 2623 3189 reveritus.

956 3243 1204 3297 ΚΕΦΑΛ.
1248 3245 1375 3300 ΚΔ⁹.

2654 3242 2810 3301 CAP.
2845 3242 3042 3300 XXIV.

379 3352 521 3421 Περὶ
550 3350 659 3421 τῆς
688 3353 796 3409 τοῦ
830 3355 1153 3434 Θεοδοσίορ
1185 3358 1293 3434 τοῦ
1318 3359 1625 3427 ,ϐασιλέως
1656 3362 1805 3417 κατὰ
1849 3363 1958 3419 τοῦ
1988 3350 2027 3363 ν
2059 3363 2138 3419 De

1877 3363 1958 3419 ὀὗ
1988 3350 2027 3363 “
2059 3363 2138 3419 De
2168 3363 2391 3419 victoria
2423 3377 2584 3434 quam
2617 3361 2909 3434 imperator
2940 3356 3265 3414 Theodosius
3299 3359 3365 3413 de
3403 3357 3638 3430 Eugenio

901 3428 1191 3505 Ιίξὺγενίου
1229 3429 1427 3496 νίκης.

480 3516 615 3568 Επεὶ
646 3516 706 3569 δὲ
742 3517 809 3571 τὰ
851 3518 987 3589 πρὸς
1019 3520 1111 3573 τὸν
1143 3521 1377 3591 πόλεμον
1418 3522 1566 3593 αὑτῷ
1608 3524 1960 3595 ηὐτρέπιστο,

381 3611 706 3682 ἀναγορεύει
748 3613 974 3683 βασιλέα
1012 3615 1265 3687 Ὀνώριον
1296 3627 1323 3656 ν
1378 3618 1468 3671 τὸν
1521 3618 1785 3691 νεώτερον
1826 3621 1961 3675 υἱόν.

395 3702 675 3772 Ἀρκάδιον
725 3703 834 3775 γὰρ
866 3704 967 3777 ήδη
1008 3709 1394 3779 χειροτονήσας
1441 3705 1530 3781 ἦν.
1589 3713 1789 3782 Ἀμφω
1813 3711 1870 3764 δὲ
1906 3713 1966 3766 ὲν

384 3794 949 3850 Κωνσταντινουπόλει
972 3799 1305 3867 καταλιπὼν,
1331 3802 1532 3873 σπουδῇ
1551 3802 1645 3856 σὺν
1669 3806 1788 3867 ταῖς
1804 3820 1967 3875 στρα-

384 3889 525 3951 τιαῖς
574 3888 682 3941 ἀπὸ
727 3889 828 3959 τῆς
866 3890 984 3945 Ἕω
1018 3890 1111 3944 ὲπὶ
1152 3891 1251 3963 τὴν
1296 3893 1433 3965 πρὸς
1464 3894 1625 3948 Λύσιν
1659 3893 1968 3967 ἀρχομένην

383 3979 662 4049 ἠπείγετο.
701 3980 991 4035 Συνεὶπετο
1017 3983 1074 4037 δὲ
1111 3983 1259 4055 αὑτῷ
1287 3986 1380 4039 καὶ
1408 3984 1614 4055 πλῆθος
1640 3986 1967 4057 συμμάχων,

383 4070 493 4123 τῶν
533 4072 663 4142 περὶ
711 4072 803 4125 τὸν
839 4074 1054 4144 Ἴστρον
1107 4074 1419 4147 βαρϐάρων.
1480 4077 1711 4145 Λέγεται
1750 4077 1807 4129 δὲ
1844 4076 1970 4130 τότε

384 4165 485 4231 τῆς
513 4163 1137 4229 Κωνσταντινουπόλεως
1166 4167 1440 4238 ἐκδημῶν,
1478 4168 1616 4239 πρὸς
1644 4168 1722 4239 τῷ
1754 4168 1968 4240 ἑϐδόμῳ

390 4249 551 4321 μιλίῳ
578 4251 889 4322 γενόμενος,
917 4253 1319 4323 προσεύξασθαι
1348 4256 1426 4327 τῷ
1452 4257 1571 4328 Θεῷ
1598 4265 1657 4311 εν
1687 4260 1754 4329 τῇ
1779 4256 1967 4311 ἐνθάδε

390 4342 687 4413 ἐκκλησίᾳ,
738 4344 805 4413 ἢν
860 4344 954 4397 ἐπὶ
1005 4347 1142 4417 τιμῇ
1222 4346 1470 4402 Ἰωάννου
1518 4349 1611 4403 τοῦ
1659 4348 1966 4403 Βαπτιστοῦ

388 4432 637 4505 ἐδείματο
661 4450 675 4465 ο
726 4435 948 4506 αἰτῆσαι
984 4454 1044 4489 τε
1095 4437 1279 4492 αίσίαν
1321 4439 1472 4510 αὑτῷ
1500 4441 1596 4495 καὶ
1632 4444 1699 4512 τῇ
1741 4442 1972 4513 στρατιᾷ

463 4612 479 4643 ⁸
512 4612 668 4668 Socr.
696 4612 792 4668 lib.
825 4628 880 4678 v,
914 4627 966 4668 c.
997 4613 1094 4668 25.

2622 3432 2933 3501 reportavit.

2132 3520 2308 3576 Porro
2358 3534 2483 3575 cum
2525 3520 2713 3573 omnia
2765 3534 2890 3589 qua:
2945 3516 3015 3573 ad
3068 3518 3273 3575 bellum
3322 3514 3639 3572 necessaria

2065 3618 2261 3676 erant,
2292 3608 2512 3664 abunde
2540 3614 2951 3679 comparasset,
2996 3607 3171 3663 ﬁlium
3214 3607 3489 3663 minorem
3529 3604 3641 3660 llo-

2068 3703 2285 3758 norium
2327 3701 2638 3772 Augustum
2678 3699 3020 3771 nuncupavit
3049 3701 3090 3755 ί.
3133 3688 3431 3755 Arcadium
3487 3696 3638 3753 enim

2067 3797 2181 3867 iam
2210 3804 2372 3851 antea
2414 3795 2723 3865 Augustum
2775 3795 3211 3849 renuntiaverat.
3258 3792 3505 3863 Utroque
3546 3805 3646 3845 au-

2072 3898 2180 3945 tem
2224 3888 2420 3944 relicto
2460 3886 2981 3957 Constantinopoli,
3025 3885 3145 3957 ipse
3186 3899 3310 3940 cum
3355 3882 3532 3954 copiis
3571 3898 3654 3938 ex.

2071 3978 2315 4037 Orientis
2350 3979 2599 4050 partibus
2636 3977 2958 4049 profectus,
3003 3978 3073 4033 ad
3124 3976 3494 4033 Occidentalis
3536 3975 3644 4030 im-

2072 4072 2211 4143 perii
2270 4070 2585 4142 provincias
2641 4084 2883 4141 propere
2936 4070 3243 4125 contendit.
3296 4068 3648 4138 Sequebatur.

2072 4165 2227 4221 illum
2260 4164 2453 4236 ingens
2502 4163 2663 4218 turba
2694 4161 3085 4227 auxiliarium,
3130 4176 3198 4216 ex
3244 4160 3498 4216 barbaris
3543 4159 3654 4229 qui.

2070 4257 2222 4312 circa
2265 4254 2576 4310 Danubium
2618 4252 2965 4308 habitabant.
3001 4251 3137 4308 Cum
3170 4260 3353 4307 autem
3384 4265 3651 4322 egressus-

2071 4346 2591 4415 Constantinopoli,
2635 4345 2707 4401 ad
2750 4346 3045 4416 septimum
3093 4343 3331 4399 milliare
3360 4342 3640 4414 pervenis-

2072 4448 2193 4505 set,
2228 4439 2399 4495 Deum
2432 4440 2547 4495 illic
2579 4452 2771 4495 orasse
2796 4436 3004 4494 dicitur
3042 4437 3096 4491 in
3125 4435 3358 4493 ecclesia
3384 4450 3550 4505 quam
3579 4434 3637 4489 in

1589 4764 1675 4818 VA
1685 4763 1861 4819 LESII
1902 4762 2449 4820 ANNOTATIONES.

460 4878 572 4948 (67)
603 4880 905 4948 Δαιμόνων
947 4878 1257 4946 ἐπιϐουλῇ.
1293 4877 1448 4932 llnnc
1490 4879 1675 4949 locum,
1703 4878 1960 4949 pragclare
1991 4878 2038 4937 D
2062 4878 2221 4949 δαίμο

1874 4894 1960 4949 are
1991 4878 2038 4937 D
2062 4878 2287 4949 δαίμων,
2325 4879 2384 4944 ἐξ
2401 4877 2689 4949 ἐπιϐουλῆς
2715 4879 2813 4949 τὴν
2845 4878 3037 4949 στάσιν
3070 4878 3337 4949 ἐκίνησεν.
3367 4873 3635 4949 Emenda-

390 4946 523 5003 mihi
556 4946 744 5003 'videor
772 4951 1091 5004 restituisse.
1126 4948 1258 5001 Nam
1297 4964 1421 5003 cum
1466 4948 1521 5001 in
1557 4946 1747 5002 codice
1791 4946 1963 5002 Fuke-

393 5023 542 5073 tiano
573 5022 837 5089 scriptum
867 5021 1194 5074 invenissem
1222 5018 1432 5089 δαίμων
1454 5017 1767 5089 ἐπιϐουλῆς,
1787 5026 1961 5074 totum

394 5091 571 5145 locum
614 5087 702 5144 ita‘
720 5090 1121 5145 emendandum
1153 5087 1341 5160 putavi
1372 5107 1385 5143 :
1416 5087 1563 5142 οὕτω
1591 5105 1678 5151 τις
1707 5088 1962 5158 ἀλάστωρ

2068 4947 2272 5002 tionem
2308 4958 2551 5002 nostram
2586 4947 2876 5003 conﬁrmat
2916 4947 3274 5016 Nicephorus,
3305 4948 3398 5017 qui
3448 4949 3521 5017 ita
3550 4948 3635 5002 di-

2069 5032 2215 5073 Serte
2256 5020 2522 5088 scriptum
2578 5019 2743 5072 habet
2772 5026 2832 5088 ut
2866 5018 3233 5085 conjeceram,
3277 5016 3636 5087 quemadmo-

2068 5090 2198 5144 dum
2226 5087 2410 5144 videre
2438 5096 2523 5143 cst
2548 5088 2603 5142 in
2632 5103 2755 5157 cap.
2788 5087 2857 5142 45
2885 5088 2982 5143 lib.
3020 5102 3117 5142 ιιι.

1769 5264 2155 5322 νΑιιιοιὶυΜ.

466 5398 490 5425 υ
520 5386 754 5455 Φάσμα.
804 5386 1028 5455 Spectra
1053 5386 1366 5453 huiusmodi
1412 5400 1799 5455 nonnunquam
1846 5385 1960 5439 visa

398 5457 569 5512 fuisse
623 5464 927 5526 memOrant
972 5457 1283 5526 etiethnici
1331 5457 1645 5526 scriptores,
1694 5456 1965 5526 praecipue

398 5527 722 5581 Plutarchus
753 5528 804 5579 in
852 5525 969 5578 Vita
1006 5525 1082 5579 Μ.
1121 5526 1295 5579 Bruti.

468 5607 493 5635 ν
533 5597 893 5664 Ἀναγορεύει
917 5595 1183 5660 ,βασιλέα
1220 5593 1511 5664 Ὀνάψιον.
1550 5594 1821 5649 Honorius
1852 5595 1963 5648 Au-

398 5676 589 5737 gustus
619 5677 833 5721 creatus
880 5683 929 5719 IV
966 5665 1091 5722 ldus
1141 5666 1452 5737 Januarias,
1503 5665 1958 5737 annoiChr.592,

400 5736 554 5808 patre
586 5736 893 5808 Theodosio
926 5748 1059 5791 IIICI.
1104 5736 1454 5808 Abundantio
1478 5736 1805 5808 coss._Socr.
1840 5737 1877 5789 Ι.
1910 5753 1961 5800 v,

400 5806 520 5875 cap.
551 5807 640 5861 24.
672 5806 1018 5861 Marcellinus
1051 5808 1105 5860 in
1140 5807 1420 5861 Chronico.
1472 5806 1805 5861 Claudianus
1835 5822 1966 5872 quo-

400 5892 508 5951 que
540 5879 606 5934 de
653 5877 754 5933 hoc
784 5879 913 5949 agit,
960 5878 1292 5949 Panegyrico
1322 5879 1374 5931 in
1405 5888 1660 5947 quartum
1704 5894 1819 5933 cos.
1855 5876 1963 5932 Ho-

2063 5383 2228 5449 norii,
2260 5382 2312 5437 v.
2362 5382 2485 5446 170,
2512 5384 2759 5453 etc.,qui
2811 5383 3286 5453 Constantinopoli
3336 5384 3388 5438 id
3431 5383 3636 5439 factum

2068 5453 2293 5515 indicat,
2343 5471 2399 5524 v_.
2445 5454 2567 5509 177.
2618 5452 2967 5509 Co'mornsu.
3014 5455 3070 5507 in
3125 5452 3472 5524 Chronologio
3511 5454 3632 5508 cod.

2067 5524 2329 5595 ’l_'heodos.r
2348 5522 2532 5579 Verno
2563 5535 2806 5595 tempore
2823 5526 3099 5595 sequentis
3131 5526 3281 5587 anni,
3300 5522 3490 5593 nempe
3507 5524 3637 5588 594,

2064 5593 2405 5650 Theodosius
2470 5595 2736 5665 adversus
2775 5593 3076 5665 Eugenium
3120 5611 3347 5665 movens
3374 5635 3389 5657 ,
3446 5595 3634 5649 relicta

2062 5666 2559 5735 Constantinopoli,
2598 5664 2911 5720 Heracleam
2967 5673 3021 5719 et
3054 5664 3466 5733 Adrianopolim
3510 5679 3636 5735 pro-

2063 5737 2327 5805 greditur.
2360 5734 2603 5789 Tandem
2623 5750 2876 5790 conscrto
2894 5735 3107 5805 prmlio,
3138 5736 3316 5789 victus
3338 5734 3625 5803 eassusque

2063 5804 2148 5861 est
2174 5806 2446 5875 Eugenius
2481 5815 2744 5875 tyrannus
2786 5806 2851 5859 ad
2888 5804 3186 5876 Frigidum!
3217 5820 3431 5861 amnem
3466 5817 3636 5876 prope

2070 5874 2396 5949 Aquileiam,
2420 5874 2515 5931 νιιι
2538 5876 2611 5931 Id.
2648 5878 2921 5946 Septemb.
2949 5875 3049 5942 ιυ.,
3079 5874 3207 5931 ibid.
