4460 6634
854 450 982 505 1491

2333 450 2672 510 5οΖΟΜΕΝ1

3961 447 4114 506 H92

846 579 1111 634 honorem
1169 577 1397 635 Joannis
1451 578 1710 651 Baptista:
1757 585 2190 642 construxerat,
2249 583 2420 644 utque
2449 577 2495 633 A
2525 574 2607 626 ml

2353 588 2420 628 ne
2449 577 2495 633 A
2525 574 2619 626 καὶ
2653 574 2940 645 Ῥωμαίοις
2985 572 3154 628 ἅπασι
3185 572 3434 642 γενέσθαι
3479 570 3578 644 τὴν
3614 570 3833 625 ἔκϐασιν
3875 573 3970 626 τοῦ
4009 593 4114 627 πο-

846 673 1062 727 faustus
1094 686 1160 726 ac
1192 670 1318 726 felix
1350 672 1457 727 sibi
1499 683 1553 728 et
1584 673 1855 728 exercitui
1898 681 1954 728 et
2001 668 2268 725 Romanis
2303 682 2420 720 om-

846 764 1013 818 nibus
1043 763 1170 819 belli
1202 764 1387 819 exitus
1416 763 1801 834 contingeret,
1835 763 2148 834 postulasse
2169 799 2182 824 ,
2224 766 2280 831 ct
2322 756 2424 813 Ba-

847 857 1072 926 ptistam
1103 855 1208 910 sibi
1241 856 1620 910 auxiliatorem
1650 855 1962 910 invocasse.
1992 852 2116 907 Haec
2142 858 2422 921 precatus,

848 947 903 1001 in
943 945 1154 1001 Italiam
1187 938 1289 1002 iter
1321 945 1480 1013 fecit,
1529 962 1767 1017 cun-que
1818 947 1885 1001 ad
1934 945 2100 1015 Alpes
2143 942 2422 1003 venisset,

850 1040 1062 1108 primas
1105 1039 1376 1095 stationes
1409 1048 1665 1110 occupat.
1698 1041 1763 1110 Et
1793 1054 1920 1095 cum
1952 1038 2220 1094 transitus
2254 1035 2424 1091 verti-

849 1145 966 1186 cem
1002 1137 1429 1201 praetergressus
1451 1172 1466 1197 ,
1489 1131 1602 1201 jam
1656 1129 1711 1184 in
1761 1131 2034 1186 descensu
2069 1135 2246 1192 esset,
2278 1139 2428 1180 cam-

849 1238 982 1294 pum
1034 1223 1317 1296 equitibus
1359 1239 1424 1279 ac
1465 1223 1743 1296 peditibus
1785 1223 2062 1293 oppletum
2104 1218 2270 1286 videt,
2327 1230 2428 1273 nec

851 1315 1045 1386 procul
1072 1315 1279 1370 multos
1307 1315 1548 1369 hostium
1577 1330 1607 1369 a
1637 1324 1792 1386 tergo
1819 1314 1875 1368 in
1908 1311 2112 1367 montis
2141 1309 2430 1365 cacumine

851 1409 1073 1464 interim
1102 1408 1496 1464 subsistentes.
1533 1407 1670 1463 Cum
1702 1407 1870 1477 igitur
1894 1403 2054 1475 primi
2088 1400 2430 1478 transgressi

850 1516 975 1556 cum
1007 1499 1262 1556 hostibus
1290 1499 1346 1556 in
1375 1514 1568 1570 campo
1587 1511 1808 1554 manum
1835 1499 2268 1561 eonscruissent,
2287 1493 2431 1548 acris

849 1600 906 1648 et
935 1607 1139 1663 anceps
1171 1592 1382 1647 exstitit
1414 1607 1617 1663 pugna.
1652 1589 1830 1646 Porro
1860 1605 1987 1645 cum
2017 1589 2304 1645 exercitus
2333 1585 2430 1639 ad-

851 1685 960 1739 huc
989 1683 1436 1755 progrederetur,
1480 1683 1923 1738 animadvertetis
1961 1683 2263 1752 imperator
2327 1680 2431 1732 hu-

852 1789 1015 1830 mana
1058 1775 1280 1846 quidem
1327 1791 1432 1846 ope
1474 1791 1605 1831 suos
1628 1775 1945 1830 nullatenus
1987 1772 2196 1828 servari
2229 1786 2428 1842 posse,

851 1866 1071 1921 tametsi
1099 1867 1337 1922 maxime
1372 1868 1601 1929 vellent,
1636 1864 2086 1921 incumbentibus
2118 1879 2146 1917 a
2175 1871 2330 1934 tergo
2361 1853 2434 1917 iis'

2523 666 2710 736 λέμου,
2756 666 2850 720 καὶ
2898 666 3185 738 σύμμαχον
3220 665 3366 738 αύτῷ
3394 664 3822 718 ἐπικαλέσασθαι
3876 666 3966 718 τὸν
3999 667 4113 718 Βα-

2523 752 2772 822 πτιστήν.
2847 752 3032 807 Ταῦτα
3084 755 3140 807 δέ
3203 754 3674 825 προσευξάμενος,
3727 753 3808 816 εἰς
3868 755 4112 807 Ἰταλίαν

2523 843 2772 912 ἀφίκετο.
2838 845 2946 898 Καὶ
2993 845 3313 918 προσϐαλὼν
3353 847 3472 910 ταῖς
3517 844 3798 910 Ἀλπεσιν,
3845 840 3956 900 εἷλε
4003 847 4115 908 τὰς

2525 935 2748 1006 πρώτας
2793 937 3056 1008 φυλακάς.
3113 942 3475 1014 Παραμείψας
3518 945 3576 999 δὲ
3619 946 3718 1016 τῆς
3763 945 4000 1015 παρόδου
4046 944 4113 996 τὸ

2524 1031 2714 1101 ἄκρον,
2748 1030 2826 1094 ώς
2877 1030 3014 1102 πρὸς
3049 1035 3116 1104 τῇ
3162 1033 3372 1105 καθόδῳ
3399 1036 3645 1105 ἐγένετο,
3701 1036 3808 1091 εἶδε
3831 1038 3891 1091 τὸ
3919 1036 4112 1090 πεδίον

2526 1126 2733 1198 πλῆρες
2759 1126 2972 1181 ἱππέων
2997 1127 3089 1180 καὶ
3117 1126 3295 1194 πεζῶν
3314 1147 3327 1162 ·
3378 1131 3479 1188 οὐκ
3503 1130 3720 1186 ἄπωθεν
3743 1131 3798 1185 δὲ
3833 1132 3974 1185 κατὰ
3995 1129 4108 1184 νώ-

2527 1237 2617 1273 του
2650 1220 2877 1284 πολλοὺς
2910 1221 3020 1274 τῶν
3070 1222 3341 1294 πολεμίων
3376 1224 3434 1277 ἐν
3478 1227 3544 1296 τῇ
3579 1229 3791 1297 κορυφῇ
3814 1225 3907 1278 τοῦ
3942 1225 4115 1294 ὄρους

2526 1311 2664 1376 τέως
2690 1312 3050 1393 ηρεμοῦντας.
3111 1315 3262 1368 Ἐπεὶ
3300 1315 3356 1368 δὲ
3401 1317 3450 1370 οἱ
3499 1318 3704 1389 πρῶτοι
3743 1315 4113 1388 παρελθόντες

2532 1401 2919 1472 συνεμίσγοντο
2951 1404 3059 1466 τοῖς
3092 1405 3149 1457 ἐν
3189 1404 3268 1476 τῷ
3296 1405 3463 1477 πεδίῳ
3485 1449 3500 1473 ,
3567 1407 3714 1478 μάχη
3740 1406 3983 1478 καρτερὰ
4010 1407 4116 1458 καὶ

2531 1495 2872 1566 ἀμφήριστος
2910 1495 3160 1567 ἐκινήθητ
3202 1497 3321 1550 Ἔτι
3362 1497 3418 1551 δὲ
3465 1499 3758 1570 περιούσης
3803 1499 3902 1570 τῆς
3944 1516 4116 1568 στρα-

2531 1589 2650 1651 τιᾶς
2672 1586 2804 1656 (68).
2849 1586 3201 1658 λογισάμενος
3232 1589 3354 1643 ὅσον
3394 1585 3525 1661 ἧκεν
3576 1592 3656 1655 εἰς
3689 1589 3989 1662 ἀνθρώπων
4015 1589 4116 1643 δύ-

2533 1696 2716 1751 ναμιν,
2765 1679 2858 1732 καὶ
2893 1678 3236 1750 βουλομένοις
3272 1682 3345 1752 μὴ
3378 1681 3600 1736 δυνατὸν
3630 1681 3945 1748 σώζεσθαι,
3983 1684 4114 1734 ἐπι-

2531 1770 2828 1841 τιθεμένων
2856 1771 2966 1826 τῶν
2994 1771 3100 1825 ἀπὸ
3124 1772 3218 1826 τοῦ
3251 1772 3421 1826 νώτου
3469 1774 3567 1846 τὴν
3597 1773 3908 1846 ἀκρώρειαν
3941 1792 4119 1828 κατα-

2531 1861 2827 1929 λαῦόντων,
2865 1864 3078 1936 πρηνὴς
3127 1865 3220 1918 ἐπὶ
3251 1866 3342 1920 τοῦ
3390 1866 3618 1937 ἐδάφους
3657 1867 3868 1931 πεσὼν,
3911 1868 4121 1939 ηὖχετο

851 1958 950 2030 qui
981 1957 1246 2014 verticem
1272 1966 1716 2030 occupaverant,
1753 1972 1966 2029 pronus
1993 1956 2144 2010 humi
2179 1955 2428 2026 abjectus
2461 1928 2503 1984 Β
2530 1955 2612 2009 δαπ

2365 1971 2428 2010 us
2461 1928 2503 1984 Β
2530 1955 2803 2026 δακρύων.
2855 1928 2990 2014 Κὰὶ
3065 1928 3068 1929 ν
3094 1956 3226 2022 Θεὸς
3277 1959 3474 2013 αὐτίκα
3497 1928 3863 2032 ’ἐπηκουσεῆ
4051 1959 4121 2013 τδ

853 2067 1015 2107 orare
1045 2054 1212 2124 cmpit
1241 2066 1365 2107 cum
1401 2051 1690 2124 lacrymis;
1735 2050 2033 2119 statimque
2078 2047 2222 2104 Deus
2255 2047 2431 2119 preci-

850 2146 956 2203 bus
980 2143 1328 2218 ejusannuit,
1356 2141 1502 2200 sicut
1520 2149 1717 2198 eventu
1742 2143 1863 2213 ipso
1881 2141 2297 2211 comprobatum
2321 2147 2426 2196 est.

859 2237 996 2294 Nam
1023 2247 1270 2295 rectores
1299 2251 1489 2293 eorum
1518 2235 1610 2306 qui
1635 2235 1840 2293 montis
1861 2235 2123 2290 verticem
2150 2233 2430 2298 tenebant,

854 2331 1042 2387 missis
1073 2329 1141 2385 ad
1174 2329 1325 2384 illum
1370 2327 1619 2393 nuntiis,
1653 2341 1713 2382 se
1752 2319 1825 2382 ad
1867 2327 2014 2383 illius
2046 2335 2228 2398 partes
2254 2333 2433 2381 trans-
2479 2400 2486 2408 ⁸

856 2423 1035 2477 ituros
1066 2435 1191 2478 esse
1218 2419 1448 2491 polliciti
1483 2425 1645 2486 sunt,
1681 2419 1726 2474 si
1760 2417 2173 2474 honoratiorem
2203 2417 2432 2489 gradum

853 2511 998 2583 apud
1020 2512 1173 2567 illum
1191 2509 1433 2601 habituri
1454 2507 1806 2565 essent.Tum
1829 2524 1960 2565 vero
1983 2511 2434 2580 imperator,cum

853 2606 1108 2662 chartam
1136 2615 1190 2661 et
1220 2599 1590 2659 atramentum
1619 2599 2058 2674 qnacsitum’non
2105 2602 2432 2674 repet-isset,

856 2698 1102 2769 acceptis
1145 2695 1352 2752 tabulis
1384 2710 1525 2767 quas
1563 2694 1785 2765 quidam
1818 2711 1885 2750 ex
1947 2695 2262 2751 astantibus
2297 2693 2457 2768 forte

855 2791 1102 2862 gerebat,
1126 2789 1408 2844 honorat-.12
1431 2795 1484 2841 et
1508 2787 1892 2843 convenientis
1919 2787 2054 2858 ipsis
2078 2786 2286 2858 militiae
2308 2801 2431 2857 per-

855 2882 1078 2951 scripsit
1093 2880 1255 2952 315
1273 2879 1525 2951 gradum,
1547 2893 1711 2950 quem
1735 2880 1877 2949 apud
1902 2896 1961 2938 se
1979 2887 2167 2936 essent
2192 2878 2436 2934 habituri

865 2973 911 3030 si
946 2975 1219 3044 promissa
1244 2971 1645 3042 implevissent.
1673 2971 1948 3042 Atqueihi
1974 2970 2196 3048 quidem
2240 2969 2438 3026 istius-

860 3066 1008 3122 modi
1062 3064 1480 3120 conditvionibus
1521 3064 1842 3136 imperatori
1878 3080 1999 3121 sese
2039 3064 2435 3136 adjunxerunt.

858 3159 1124 3214 Caeterum
1147 3173 1272 3213 cum
1299 3167 1493 3213 neutra
1517 3173 1645 3230 pars
1673 3158 1853 3213 adhuc
1880 3157 2136 3223 cederet,
2159 3157 2255 3214 sed
2279 3173 2438 3230 aequo

2532 2045 2742 2101 ἀποὸἁν
2785 2047 2969 2115 ἔδειξε.
3030 2047 3350 2119 Πέμψαντες
3395 2050 3507 2122 γάρ,
3544 2068 3730 2116 τινας,
3789 2052 4124 2123 συμμάχους

2536 2141 2676 2211 σφᾶς
2723 2139 2938 2194 ἔσεσθαι
2978 2141 3379 2212 προσήγγειλαν
3413 2145 3461 2196 οἱ
3502 2144 3770 2214 ἡγεμόνες
3819 2145 3926 2197 τῶν
3957 2145 4120 2214 περι-

2535 2231 2860 2304 καθημένων
2887 2233 2984 2305 τὴν
3010 2233 3206 2304 ἄκραν,
3223 2235 3270 2287 εἰ
3297 2215 3538 2306 μέλλοιεν
3572 2237 3628 2290 ἐν
3651 2239 3783 2308 τιμῇ
3817 2238 3943 2308 παρ’
3960 2235 4121 2306 αὑτῷ

2535 2316 2694 2376 εἶναι.
2765 2323 2916 2376 Ἐπεὶ
2955 2323 3011 2378 δὲ
3049 2324 3257 2396 χάρτην
3291 2327 3384 2380 καὶ
3425 2326 3593 2398 μέλαν
3639 2325 3974 2398 ἐπιζητήσας
4012 2329 4122 2416 οὐχ

2535 2412 2682 2490 εὗρε,
2728 2417 2906 2471 δέλτον
2937 2417 2992 2472 δὲ
3044 2417 3224 2472 λαϐὼν
3255 2420 3365 2490 (69)
3418 2421 3482 2492 ῆν
3516 2420 3673 2492 ἔτυχέ
3700 2439 3783 2484 τις
3821 2421 3927 2474 τῶν
3970 2412 4124 2492 παῤ-

2537 2509 2789 2565 εστώτων
2822 2511 2980 2582 ἔχων,
3017 2500 3315 2584 ἐνέγραψεν
3361 2514 3545 2577 αὐτοῖς
3579 2516 3850 2586 ἐπισήμου
3896 2515 3987 2568 καὶ
4017 2517 4121 2585 ἀρ-

2540 2603 2722 2674 μοδίου
2759 2606 3016 2689 στριατιάςς
3043 2603 3194 2670 τάξιν
3218 2605 3350 2676 (70),
3387 2606 3452 2677 ἣν
3480 2606 3658 2672 ἕξουσι
3691 2609 3818 2678 παρ’
3845 2608 3993 2678 αὐτῷ
4019 2608 4121 2678 τὴν

2540 2675 2835 2768 ὑπόσχεσιν
2854 2675 3232 2768 ’πληροῦντεςι
3277 2698 3384 2751 Καὶ
3411 2675 3477 2751 οἱ
3512 2697 3612 2768 μὲν
3657 2700 3748 2753 ἐπὶ
3772 2675 3981 2764 τούτοις
4037 2675 4122 2769 τῷ

2541 2791 2751 2862 βασιλεῖ
2800 2790 3246 2865 προσεχώρησαν.
3309 2792 3399 2864 Μή
3438 2808 3522 2844 πω
3549 2791 3606 2846 δὲ
3633 2791 3871 2864 ,θατέρου
3915 2793 4123 2862 μέρους

2540 2883 2837 2948 κλίναντος,
2875 2882 3002 2948 ,ἀλλ’
3031 2882 3111 2935 ἔτι
3140 2883 3235 2954 τῆς
3269 2884 3325 2935 ἐν
3361 2883 3546 2954 πεδίῳΔ
3569 2883 3745 2954 μάχης
3775 2881 4122 2952 ἑκατέρωθεν

2543 2965 2857 3044 ζσαζούσής,
2889 2951 3299 3044 ἀντιπρόσωπος
3331 2976 3445 3037 τοῖς
3485 2951 3746 3036 eximet;
3776 2951 3953 3042 ἐμϐὰς
3990 2972 4122 3025 ἆνε-

2543 3082 2642 3137 μος
2671 3063 2927 3130 ἐξαίσιος,
2984 3065 3077 3117 καὶ
3116 3061 3227 3118 οἷον
3253 3062 3405 3118 ούπω
3443 3063 3705 3135 πρότερον
3729 3064 4120 3138 ἱστορήσαμεν,

2539 3159 2746 3213 διέλυσε
2767 3157 2864 3221 τὰς
2883 3157 2990 3210 τῶν
3011 3156 3284 3228 πολεμίων
3309 3156 3508 3234 τάξεις.
3538 3156 3672 3226 Βέλη
3696 3155 3751 3209 δὲ
3781 3155 3873 3209 καὶ
3895 3155 4128 3234 ἀκόντιῆ

860 3251 1035 3308 Marte
1049 3250 1310 3322 utrinque
1328 3250 1535 3306 acriter
1561 3258 1923 3322 pugnaretur,
1946 3258 2145 3339 ventus
2169 3253 2362 3320 ingens
2384 3259 2438 3307 et
2467 3271 2509 3330 ο
2543 3269 2621 3306 καί

2384 3259 2438 3307 et
2467 3271 2509 3330 ο
2543 3251 2684 3306 κατὰ
2728 3245 3012 3321 Ῥωμαίων
3061 3249 3421 3320 πεμπόμενα,
3465 3249 3539 3312 ὡς
3585 3247 4123 3318 ἀντιτύποις-προσ-

859 3345 1076 3416 qualern
1101 3350 1264 3398 antea
1294 3357 1577 3414 nunquam
1603 3341 2087 3408 fuisse'novimus,
2113 3358 2179 3399 ex
2207 3343 2443 3400 adverso

860 3441 916 3493 in
953 3437 1138 3494 hostes
1170 3437 1412 3501 irruens,
1439 3451 1632 3492 eorum
1661 3437 1889 3493 ordines
1919 3435 2255 3492 disturbavit
2281 3476 2296 3500 ,
2335 3437 2444 3491 tela

859 3545 994 3585 vero
1038 3536 1094 3585 et
1125 3528 1311 3599 jacula
1347 3544 1468 3598 quae
1515 3528 1572 3583 in
1623 3527 1906 3583 Romanos
1947 3528 2198 3599 conjecta
2247 3535 2442 3592 erant,

863 3619 1097 3690 perinde
1138 3632 1203 3673 ac
1241 3618 1288 3674 si
1330 3618 1529 3674 solidis
1570 3619 1902 3690 corporibus
1943 3620 2088 3676 illisa
2128 3628 2354 3684 essent,
2389 3621 2442 3674 in

861 3714 982 3784 ipsa
1010 3712 1377 3782 jaculantium
1412 3727 1647 3783 corpora
1685 3713 2148 3771 retorsit..Scuta
2202 3715 2445 3786 denique

860 3821 929 3860 ex
961 3820 1159 3860 eorum
1193 3804 1454 3860 manibus
1481 3804 1705 3874 abrepta
1728 3846 1742 3871 ,
1777 3821 1908 3861 cum
1935 3806 2292 3862 sordibusac
2325 3807 2445 3877 pul-

864 3913 995 3953 vere
1031 3897 1088 3952 in
1121 3896 1272 3966 ipsos
1303 3896 1599 3953 contorsit.
1637 3896 1829 3968 Itaque
1857 3899 2030 3955 armis
2078 3899 2310 3976 nudati,
2352 3899 2445 3954 alii

862 4005 998 4044 vero
1030 3987 1097 4042 ad
1137 3988 1413 4043 modicum
1445 3996 1665 4058 tempus
1696 3988 1822 4062 fuga
1854 3990 2059 4060 elapsi,
2097 3989 2243 4045 haud
2273 3991 2446 4045 multo

865 4089 990 4150 post
1022 4079 1172 4150 capti
1208 4078 1387 4134 fuere.
1425 4078 1708 4150 Eugenius
1745 4089 1928 4135 autem
1966 4081 2033 4135 ad
2068 4080 2237 4151 pedes
2276 4080 2445 4151 innpc-
2507 4075 2514 4084 ’

862 4172 1070 4228 ratoris
1096 4172 1460 4240 provolutus,
1492 4180 1552 4226 ut
1587 4172 1698 4226 vita
1731 4173 1836 4244 ipsi
1878 4174 2282 4230 concederetur
2323 4190 2445 4229 ora-

862 4267 996 4335 bat;
1034 4266 1132 4321 scd
1162 4265 1293 4321 dum
1329 4267 1706 4337 supplicaret,
1746 4283 1773 4322 a
1804 4267 2044 4340 quodam
2080 4284 2146 4324 ex
2179 4268 2446 4325 militibus

863 4360 1048 4431 capite
1077 4367 1370 4414 truncatus
1399 4367 1505 4415 est.
1550 4361 1890 4430 Arbogastes
1920 4375 2051 4415 vero
2073 4401 2087 4423 ,
2132 4370 2257 4430 post
2301 4375 2448 4429 prce-

865 4453 1001 4506 lium
1052 4449 1302 4519 fugiens,
1368 4467 1468 4506 sua
1521 4467 1581 4506 se
1629 4467 1792 4505 manu
1842 4451 2140 4506 interemit.
2180 4449 2350 4505 Porro
2380 4465 2445 4504 eo

865 4545 986 4615 ipso
1015 4553 1262 4613 tempore
1291 4559 1401 4613 quo
1432 4559 1614 4614 pugna
1640 4544 2116 4606 committebatur,
2155 4543 2310 4596 aiunt
2339 4542 2446 4596 dae-

2545 3341 2838 3406 6άλλοντα,
2869 3343 2948 3405 εἰς
2979 3342 3044 3395 τὰ
3075 3340 3180 3394 τῶν
3206 3340 3596 3405 ἀκοντιζόντων
3627 3357 3691 3393 πε
3703 3340 3981 3410 ριὲστρεφε
4016 3337 4128 3391 σώ-

2548 3451 2714 3506 ματα.
2745 3434 2855 3488 Καὶ
2882 3434 2978 3497 τὰς
3023 3433 3254 3496 ἀσπίδας
3283 3429 3602 3506 ἐξαρπάζων
3631 3431 3737 3484 τῶν
3775 3431 3994 3502 χειρῶν,
4027 3432 4127 3482 σὺν

2547 3525 2762 3599 φορυτῷ
2795 3527 2889 3579 καὶ
2917 3524 3178 3596 κονιορτῷ
3212 3527 3330 3578 κατ’
3359 3507 3536 3578 αύτιῖἶν
3566 3523 3766 3577 ἐκύλιε.
3801 3521 4125 3594 Γυμνωθὲν-

2545 3638 2633 3684 τες
2663 3620 2719 3673 δέ
2745 3619 2855 3673 τῶν
2889 3619 3090 3695 ὃπλων,
3132 3620 3181 3672 οἱ
3227 3619 3326 3689 μὲν
3356 3618 3574 3680 πλείους
3601 3616 3798 3671 αὐτίκα
3827 3615 4129 3687 διεφθάρηο

2549 3730 2669 3777 σαν,
2705 3713 2754 3766 el.
2799 3711 2857 3765 δὲ
2902 3711 3036 3783 πρὸς
3065 3710 3244 3779 ὀλίγον
3287 3713 3432 3782 φυγῇ
3459 3707 3849 3786 διασωθέντες,
3899 3706 4015 3776 μετ’
4065 3707 4126 3758 οὐ
4207 3736 4210 3737 ν

2547 3804 2680 3859 πολὺ
2729 3803 2968 3873 ἥλωσαν.
3021 3801 3274 3870 Εύγένιος
3314 3799 3391 3862 δέ,
3436 3797 3800 3870 προσδραμὼν
3845 3799 3957 3860 τοῖς
3996 3797 4129 3850 ποσὶ

2546 3895 2638 3950 τοῦ
2672 3894 2957 3966 βασιλέως,
3003 3894 3170 3947 ἐδεῖτο
3217 3891 3504 3958 σώζεσθαι.
3568 3892 3654 3944 Ἐν
3703 3884 3748 3959 ᾧ
3798 3890 3855 3944 δὲ
3890 3890 4128 3950 ἱκέτευε,

2548 3991 2685 4061 πρός
2728 4007 2820 4042 του
2868 3988 2974 4042 τῶν
3015 3987 3360 4058 στρατιωτῶν
3389 3986 3486 4058 τὴν
3519 3985 3760 4058 κεφαλὴν
3807 3983 4125 4053 ἀπετμήθη.

2560 4081 2924 4153 Ἀρὸογάστης
2972 4080 3027 4134 δὲ
3076 4079 3293 4151 φεύγων
3329 4079 3466 4150 μετᾶ
3503 4079 3599 4150 τὴν
3625 4078 3826 4149 μάχην,
3867 4077 4129 4145 αὐτόχειρ

2549 4175 2742 4230 ἑαυτοῦ
2772 4164 3268 4244 γέγονε.”Λέγεται
3309 4173 3365 4227 δὲ
3407 4172 3527 4228 καθ’
3575 4172 3632 4226 δν
3675 4171 3864 4242 καιρὸν
3911 4164 4070 4232 οὗτος
4098 4171 4129 4221 ό

2549 4268 2784 4338 πόλεμος
2815 4269 3189 4341 συνεκροτεῖτο
3210 4307 3224 4332 ,
3279 4264 3352 4329 ὡς
3382 4267 3438 4317 ἐν
3488 4263 3568 4335 τῷ
3613 4264 3717 4334 νεῷ
3747 4261 3839 4315 τοῦ
3875 4260 4010 4314 Θεοῦ
4048 4261 4128 4331 τῷ

2549 4361 2606 4412 ἐν
2633 4359 2709 4430 τῷ
2749 4360 3014 4430 Ἑϐδόμῳ,
3044 4357 3466 4430 οὖπροσηύξατο
3484 4359 3510 4410 ό
3531 4356 3783 4426 βασιλεὺς
3814 4353 4128 4420 ἑξιὼν,δαι-

2552 4453 2730 4524 μονῶν
2777 4470 2860 4516 τις
2908 4451 3276 4521 ἀναρπασθεὶς
3323 4450 3632 4521 μετάρσιος,
3678 4448 3770 4501 τὸν
3811 4447 4126 4517 Βαπτιστὴν

2561 4549 2816 4617 Ἰωάννην
2848 4546 3185 4617 ἐλοιδορεῖτο,
3237 4545 3330 4598 καὶ
3356 4544 3432 4608 ὡς
3473 4543 3572 4614 τῆς
3601 4541 3842 4614 κεφαλῆς
3868 4544 4125 4610 άπατμη-

868 4637 1188 4692 moniacum
1225 4637 1518 4706 quemdam
1551 4638 1604 4691 in
1635 4637 1839 4706 templo
1890 4635 1983 4690 Dei
2031 4636 2179 4706 quod
2222 4645 2341 4690 erat
2387 4636 2440 4690 in
2475 4639 2518 4694 D
2548 4637 2629 4692 05'»

2387 4636 2440 4690 in
2475 4639 2518 4694 D
2548 4637 2708 4692 θέντα
2747 4637 3007 4704 ὠνείδιζε,
3049 4638 3142 4690 καὶ
3188 4636 3420 4690 ἀνεϐόαο
3467 4635 3539 4689 Σύ
3590 4653 3655 4706 με
3703 4636 3879 4705 νικᾷς,
3924 4635 4020 4687 καὶ
4056 4635 4123 4702 τῇ

868 4725 1118 4796 Septimo
1142 4764 1158 4789 ,
1196 4725 1250 4779 in
1285 4741 1395 4797 quo
1427 4729 1725 4796 imperator
1753 4727 1818 4782 ad
1854 4727 2054 4781 bellum
2089 4727 2449 4797 proﬁciscens

866 4833 1064 4887 preces
1096 4816 1353 4886 fuderat,
1399 4835 1428 4874 a
1469 4820 1720 4876 daemone
1760 4819 2053 4875 sublimem
2096 4829 2316 4890 raptum
2354 4817 2448 4872 Jo-

867 4909 1002 4963 anni
1035 4909 1293 4979 Baptistae
1320 4910 1693 4965 conviciatum
1726 4925 1848 4965 cssc
1871 4949 1886 4972 ,
1916 4926 2153 4980 eumque
2180 4918 2443 4979 tanquam

865 5001 1052 5070 capite
1099 5009 1418 5055 truncatum
1443 5041 1457 5062 ,
1502 5003 1723 5070 probris
1757 5003 2054 5072 oppetiisse
2079 5044 2093 5067 ,
2135 5002 2206 5055 ita
2243 5002 2448 5056 vocife-

871 5092 1046 5148 rando
1073 5112 1084 5146 :
1117 5091 1198 5146 Tn
1232 5107 1319 5148 me
1346 5093 1526 5148 vincis
1547 5135 1560 5160 ,
1599 5102 1654 5148 et
1680 5095 1950 5150 exercitui
1981 5110 2102 5148 meo
2134 5093 2438 5151 insidiaris.

867 5183 936 5239 lli
970 5199 1103 5240 vero
1138 5185 1231 5255 qui
1269 5184 1501 5240 aderant
1527 5225 1540 5250 ,
1584 5202 1709 5241 cum
1738 5228 1752 5252 ,
1791 5196 1850 5241 ut
1897 5187 2165 5242 credibile
2206 5196 2322 5251 cst,
2363 5189 2446 5242 in-

2550 4732 2656 4802 ἐμῇ
2692 4731 2920 4802 στρατιᾷ
2949 4727 3338 4794 ἐπιϐουλεύεις.
3390 4727 3453 4782 Οἱ
3499 4727 3557 4780 δὲ
3602 4726 4016 4796 περιτυχόντες,
4045 4725 4126 4786 ὡς

2549 4823 2717 4886 εἰκὸς,
2751 4821 2950 4892 πολλῆς
2978 4819 3142 4892 οῦσης
3178 4819 3306 4890 περὶ
3331 4819 3425 4873 τοῦ
3460 4817 3696 4888 πολέμου
3726 4815 3960 4884 σπουδῆς
3990 4816 4128 4867 νεώ-

2547 4913 2705 4982 τερόν
2737 4929 2788 4964 τι
2819 4909 3038 4964 ἀκούειν
3066 4909 3161 4962 καὶ
3185 4907 3385 4976 λέγειν,
3431 4906 3874 4974 καταπλαγέντες
3895 4904 4127 4974 ἀνεγρα-

2546 5006 2717 5075 ψαντο
2760 5003 2856 5076 τὴν
2903 5003 3151 5076 ἡμέραν,
3209 5000 3328 5055 καθ’
3362 5001 3430 5072 ἢν
3473 4998 3720 5070 γενέσθαι
3771 4998 3837 5051 τὰ
3881 4997 4006 5066 περὶ
4034 4996 4129 5048 τδν

2551 5096 2786 5167 πόλεμον
2815 5095 2914 5148 οὐκ
2947 5095 3024 5158 εἰς
3055 5092 3270 5165 μακρὰν
3296 5091 3537 5160 ἔγνωσαν
3564 5087 3714 5160 παρὰ
3738 5088 3844 5140 τῶν
3868 5105 4131 5156 κοινωνη-

2552 5187 2759 5241 σάντων
2788 5189 2854 5256 τῇ
2889 5185 3056 5259 μάχῃ.
3094 5184 3200 5238 Καὶ
3234 5184 3302 5238 τὰ
3337 5182 3435 5253 μὲν
3464 5175 3566 5236 ὦδε
3590 5178 3844 5249 γενέσθαι
3877 5178 4051 5246 λὸγπ.

867 5295 1004 5352 gens
1046 5282 1292 5337 omnium
1333 5281 1581 5337 studium
1624 5293 1774 5340 esset
1823 5285 1890 5339 de
1933 5284 2038 5338 hoc
2081 5283 2262 5348 bello,
2309 5293 2368 5338 ut
2400 5283 2606 5356 aliquid
2641 5285 2763 5338 novi
2791 5283 3047 5337 audirent
3077 5295 3139 5334 ac
3175 5278 3456 5343 dicerent,
3489 5275 3854 5346 obstupefacti
3895 5273 4036 5328 diem
4079 5277 4134 5327 in

2059 5475 2326 5532 VALESII
2358 5471 2916 5532 ANNOTATIONES.

942 5655 1063 5728 (68)_
1118 5657 1245 5709 Ἔτι
1279 5655 1346 5728 δὲ
1398 5660 1728 5726 περιούσης
1789 5657 1899 5727 τῆς
1948 5659 2250 5728 στρατιᾶς.
2303 5657 2450 5728 Lego

869 5725 1192 5852 παριούσῖηὸ,
1223 5726 1305 5781 vel
1331 5725 1481 5784 certe
1514 5730 1807 5800 κατιούσης
1833 5725 1890 5784 ut
1920 5725 2081 5785 habet
2108 5725 2449 5800 Nicephorius

872 5815 924 5850 ιιι
961 5812 1078 5852 can.
1188 5843 1195 5851 .

943 5866 1302 5940 (69)_4é.ltor
1327 5868 1394 5922 δὲ
1422 5871 1641 5927 λαϐὼν.
1671 5870 1842 5926 Nemo
1869 5879 1973 5932 est,
2004 5879 2062 5924 nt
2103 5871 2317 5940 opinor,
2349 5872 2442 5940 qni

872 5953 980 5994 non
1023 5936 1198 5995 videat
1234 5941 1584 5999 scribendum
1618 5959 1736 6001 esse
1759 5943 1937 5998 δέλτον
1972 5943 2034 6013 δὴ
2088 5936 2287 6012 λαϐὼν,
2337 5936 2440 5999 cic.

2556 5655 2673 5711 Jam
2705 5655 2848 5709 enim
2894 5671 3057 5725 supra
3085 5653 3294 5721 monui,
3349 5649 3549 5722 saepius
3603 5658 3885 5721 peccatum
3929 5665 4052 5704 esse
4099 5666 4128 5704 ει

2557 5729 2801 5783 librariis
2844 5727 2895 5778 in
2932 5727 3031 5781 hac
3056 5741 3206 5780 voce.

2627 5798 2737 5865 (70)
2772 5797 3053 5864 Στρατιιῑς
3077 5796 3266 5860 τάξιν.
3296 5793 3515 5865 Mallem
3533 5792 3777 5846 scribere
3806 5792 4123 5865 στρατεέχς,

2557 5869 2607 5922 id
2633 5861 2729 5922 est
2755 5861 2998 5924 ordinem
3032 5861 3272 5933 militiae;
3304 5864 3531 5935 στρατιὰ
3567 5880 3692 5920 vero
3713 5861 4016 5918 exercitum
4047 5863 4127 5917 si-

2553 5942 2789 6012 gniﬁcat.
