4460 6634
392 461 533 522 “93

1357 456 1681 514 HISTORIA
1717 453 2266 512 ECCLESIASTICA.
2298 486 2368 496 -—
2406 455 2532 511 LIB.
2574 454 2691 512 VII.

3506 450 3649 513 HN:

390 584 582 637 charta
621 584 1064 653 perscripserunt
1090 599 1107 649 ;
1136 596 1311 653 eoque
1343 579 1465 651 ipso
1494 580 1583 635 die
1609 578 1861 650 proelium
1889 576 2093 633 factum
2122 593 2244 634 esse
2262 618 2278 640 ,
2303 577 2452 632 haud
2481 578 2656 633 multo
2684 584 2809 648 post
2836 592 2900 633 ex
2932 578 2997 633 iis
3033 577 3127 648 qui
3146 575 3357 649 proelio
3384 574 3647 631 interluc-

389 688 521 733 runt
546 676 878 732 didicerunt.
911 675 1089 744 Atque
1119 674 1234 729 haec
1268 673 1492 744 quidem
1525 673 1580 727 in
1614 673 1762 727 hunc
1792 670 2014 725 modum
2044 680 2197 741 gesta
2231 686 2359 727 esse
2388 666 2673 727 dicuntur.

970 767 1219 822 ΚΕΦΑΔ.
1258 766 1385 823 KE’.
1460 761 1471 772 ’

389 858 529 926 Περὶ
582 856 693 927 τῆς»
748 857 897 925 πρὸς
938 856 1208 921 ,βασιλέα
1261 855 1608 927 Θεοδόσιονί
1634 855 1742 910 τοῦ
1799 856 1972 927 ᾀγίου

473 925 816 997 Ἀμϐροσίου
842 927 1216 997 πῴρησίας,
1270 926 1370 980 καί
1395 926 1511 997 toi);
1529 926 1723 997 φόνου
1760 925 1881 980 τῶν
1902 926 1974 979 ἐν

462 995 881 1068 Θεσσαλονίκῃ
902 995 932 1025 ·“
967 996 1066 1068 καί
1091 995 1371 1068 διήγησις
1418 995 1526 1051 τοῦ
1542 996 1735 1067 ,ἁγίου
1758 997 1973 1050 τούτου

459 1066 677 1136 ἐτέρων
704 1066 1187 1137 κατορθωμάτων.

460 1157 616 1214 Μετά
643 1160 699 1214 δέ
724 1159 822 1230 τὴν
854 1158 1111 1228 Εὐγενίου
1145 1156 1483 1229 καθαίρεσιν,
1526 1157 1855 1230 ἀφικόμενος
1893 1159 1972 1222 είς

390 1251 718 1307 Μεδιόλανον
754 1253 782 1305 ὁ
815 1250 1086 1323 βασιλεὺς,
1121 1246 1259 1323 ἧκεν
1285 1252 1366 1314 εἰς
1386 1250 1487 1323 τὴν
1518 1250 1812 1321 ἐκκλησίαν
1875 1250 1971 1304 εύ-

391 1346 633 1416 ξόμενος.
693 1344 783 1409 Ὠς
811 1344 868 1398 δὲ
900 1344 1036 1416 πρὸς
1064 1346 1183 1407 ταῖς
1215 1342 1407 1415 θύραις
1438 1342 1674 1412 ἐγένετο,
1703 1342 1972 1413 ὑπήντετο

403 1434 727 1509 Ἀμδρόσιος
751 1451 778 1479 ι
823 1435 854 1491 ό
896 1437 998 1508 τῆς
1037 1436 1263 1506 πόλεωςὶ
1290 1436 1620 1500 ἐπίσκοποςο
1670 1435 1766 1491 καὶ
1810 1433 1973 1489 λασό·

394 1545 555 1598 μενος
579 1530 678 1598 τῆς
705 1526 833 1581 ἀλου
843 1527 1021 1599 ργίδος
1045 1528 1138 1580 ἐπὶ
1157 1526 1253 1581 τοῦ
1278 1526 1532 1597 πλήθους,
1550 1526 1822 1598 Έπίσχες,
1841 1526 1970 1599 ἔφη.

405 1618 586 1689 Ἀνδρὶ
630 1618 736 1689 γὰρ
783 1618 889 1672 ὑπὸ
934 1618 1209 1690 ἁμαρτίας
1236 1618 1477 1689 βεϐήλῳ,
1531 1618 1750 1682 καὶτὰς
1782 1620 1971 1690 χεῖρας

391 1708 717 1780 ᾑμαγμένας
735 1712 839 1765 οὐκ
864 1711 924 1763 ἐν
951 1710 1077 1783 δίκῃ
1108 1710 1305 1781 ἔχοντι.
1331 1710 1390 1764 οὐ
1418 1710 1641 1782 θεμιτὸν
1668 1711 1774 1782 πρὸ
1807 1728 1971 1782 μεταη

390 1803 539 1867 νοίας
569 1803 669 1873 τῆς
699 1803 793 1857 τοῦ
828 1805 975 1877 ίεροῦ
1014 1805 1311 1859 ἐπιϐαίνειν
1338 1804 1492 1859 οὐδοῦ
1521 1805 1631 1877 (71)
1650 1847 1665 1872 ,
1694 1805 1728 1877 ἢ
1764 1822 1972 1876 μυστη-

394 1895 524 1964 ρίων
558 1895 717 1950 θείων
744 1900 1040 1954 κοινωνεῖν.
1098 1898 1158 1951 '0
1183 1898 1242 1952 δὲ
1270 1897 1535 1968 βασιλεὺς
1568 1896 1855 1969 θαυμάσας
1878 1898 1971 1951 τὸν

392 1984 544 2054 ἱερέα
568 1984 669 2055 τῆς
702 1987 1038 2058 παρρησίας,
1072 1986 1296 2052 σύννους
1318 1988 1576 2057 γεγονὼς,
1603 1987 1966 2061 ὑπέστρεφεν,

392 2076 497 2129 ὑπὸ
519 2079 618 2148 τῆς
636 2078 924 2148 μετανοίας
943 2078 1321 2149 κεντούμενος.
1348 2074 1457 2132 Ἦν
1482 2077 1540 2132 δὲ
1565 2078 1665 2149 τῆς
1695 2079 1969 2151 ἁμαρτίας
1998 2118 2041 2174 Β

392 2167 666 2237 πρόφασις
710 2168 910 2222 τοιάδε·
974 2168 1298 2240 Βουθερίκου
1349 2169 1461 2239 (72)
1511 2170 1607 2225 τοῦ
1661 2170 1965 2242 ἡγουμένου

390 2261 511 2313 τότε
536 2259 646 2314 τῶν
667 2263 795 2334 παρ’
824 2261 1105 2335 Ἰλλυριοῖς
1128 2265 1474 2335 στρατιωτῶν
1489 2264 1704 2337 ἡνίοχος
1716 2264 1807 2319 τὸν
1826 2264 1966 2320 οινο-

391 2352 515 2421 χόον
556 2353 799 2423 αἰσχρῶς
854 2353 999 2421 ἰδὼν,
1045 2355 1325 2428 ἐπείρασε.
1389 2358 1501 2412 Καὶ
1548 2358 1873 2429 συλληφθεὶς
1908 2359 1969 2417 ἐν

390 2445 606 2515 φρουρᾷ
631 2440 720 2515 ἦν.
768 2446 1071 2517 Ἐπισήμου
1103 2447 1161 2501 δὲ
1207 2448 1572 2521 ἱπποδρομίας
1600 2451 1967 2507 ἐπιτελεῖσθαι

392 2531 712 2604 μελλούσης,
754 2535 830 2596 ῶς
878 2538 1178 2608 ἀναγκαῖον
1208 2541 1290 2605 είς
1336 2541 1435 2614 τὴν
1484 2543 1726 2612 ἀγωνίαν
1771 2548 1799 2599 ὁ
1827 2545 1966 2600 Θεσ-

392 2623 719 2681 σαλονικέων
783 2628 955 2700 δῆμος
1002 2632 1186 2703 ἐζήτει
1238 2633 1535 2702 ἀφίεσθαι·
1590 2637 1665 2699 ὡς
1717 2637 1774 2690 δὲ
1815 2637 1968 2691 οὐδὲν

391 2715 573 2785 ἧνυεν,
592 2719 671 2780 εἰς
690 2718 929 2792 χαλεπὴν
948 2722 1182 2793 κατέστη
1203 2724 1415 2791 στάσιν,
1433 2727 1529 2780 καὶ
1550 2726 1964 2801 τελευτῶν(75),

390 2806 483 2861 τὸν
502 2808 831 2883 Βουθερίχαν
855 2813 1056 2871 ἀνεῖλε.
1109 2817 1219 2871 Καὶ
1247 2817 1370 2871 ἐπεὶ
1412 2819 1541 2873 τάδε
1588 2820 1853 2892 ἐμηνύθη,
1887 2823 1969 2887 είς

390 2897 630 2971 ἄμετρον
654 2901 822 2975 ὀργὴν
850 2904 1111 2975 ἐμπεσὼν
1130 2908 1156 2960 ό
1183 2906 1456 2977 βασιλεὺς,
1481 2909 1641 2980 ῥητὸν
1664 2910 1775 2964 τῶν
1802 2928 1967 2983 προσ-

392 2992 766 3061 τυγχανόντων
790 2996 1019 3066 ἀριθμὸν
1041 3006 1069 3047 γ
1088 2999 1436 3071 ἀναιρεθῆναι
1463 3001 1813 3072 προσέταξεν.
1850 3003 1967 3057 Ἑν·

391 3082 582 3138 τεῢθεν
608 3083 664 3139 δὲ
705 3087 917 3141 πολλῶν
959 3089 1157 3144 ἀδίκων
1182 3092 1486 3165 ἐνεπλήσθη
1518 3093 1696 3164 φόνων
1725 3096 1757 3166 ἡ
1791 3088 1963 3159 πόλις.

392 3172 545 3227 Ξένοι
575 3191 635 3228 τε
676 3176 783 3249 γὰρ
814 3179 1014 3234 αὐτίκα
1059 3181 1555 3253 προσπλεύσαντες,
1611 3185 1708 3239 καὶ
1748 3184 1811 3251 ἐξ
1846 3184 1968 3239 ὁδοῦ

392 3265 736 3337 ἀφικόμενοι,
783 3269 1066 3341 ἀδοκήτως
1096 3271 1337 3343 ἥλωσαν.
1407 3275 1519 3329 Καὶ
1572 3275 1721 3348 πάθη
1759 3276 1969 3333 ἐλεεινά

395 3355 625 3428 συνέϐη,
680 3359 739 3411 ἐν
778 3354 862 3423 οἷς
893 3359 989 3414 καὶ
1018 3360 1137 3414 τόδε
1161 3378 1175 3392 ·
1221 3362 1462 3434 ἔμπορος
1493 3364 1615 3419 ἀντὶ
1640 3365 1734 3420 δύο
1764 3366 1968 3423 παίδων

1996 771 2043 826 Α

2672 766 2826 823 CAP.
2868 765 3035 822 XXV.

2079 854 2151 910 De
2181 856 2321 939 beati
2350 857 2615 938 Ambrosii
2653 857 2707 939 in
2748 857 3285 939 loquendodiltertate
3306 896 3345 939 ,Α
3374 873 3483 939 qua
3521 872 3669 939 usus.

2142 936 2222 980 est
2280 942 2405 994 erga
2444 927 2814 996 imperatorem
2858 927 3248 981 Theodosium:
3297 936 3347 981 et
3395 927 3459 981 de
3508 928 3661 980 cwde

2147 995 2731 1059 Thessalonicensium;
2772 999 2893 1052 item
2921 998 2984 1051 de
3035 998 3158 1051 aliis
3206 997 3357 1051 rebus
3392 1007 3650 1051 a‘sancto

2144 1066 2239 1120 illo
2274 1068 2385 1121 viro
2418 1066 2675 1135 prwclare
2700 1070 2883 1138 gestis.

2142 1154 2277 1211 Post
2336 1156 2563 1228 Eugenii
2627 1173 2864 1225 necem,
2922 1160 3223 1229 imperator
3279 1156 3648 1213 Mediolanum

2072 1248 2401 1319 ingressus,
2449 1249 2644 1304 orandi
2690 1264 2859 1306 causa
2902 1249 2967 1305 ad
3009 1248 3302 1305 ecclesiam
3351 1248 3645 1318 processit.

2072 1338 2323 1410 Cumque
2350 1341 2419 1395 ad
2461 1339 2611 1395 fures
2639 1342 3171 1407 venisset,,occurrit
3202 1341 3251 1397 ei
3285 1340 3641 1401 Ambrosius.
3694 1397 3707 1411 ,

2072 1430 2316 1487 civitatis
2368 1431 2702 1502 episcopus;
2753 1439 2808 1486 et
2858 1431 3200 1503 apprehensa
3239 1430 3363 1500 ejus
3402 1445 3673 1502 purpura-

2071 1536 2260 1577 coram
2288 1522 2439 1576 omni
2489 1522 2887 1579 multitudine:
2933 1520 3085 1578 Siste
3127 1523 3395 1593 gradum,
3444 1522 3644 1592 inquit.

2072 1611 2297 1667 Homini
2324 1614 2471 1669 enim
2498 1614 2583 1670 ob
2599 1613 2803 1669 delicta
2834 1612 3066 1685 profano
3086 1654 3101 1677 ,
3133 1622 3188 1669 et
3214 1629 3418 1668 manus
3442 1612 3671 1683 injusta'

2072 1704 2222 1759 caede
2252 1704 2493 1775 pollutas
2526 1704 2738 1774 gerenti
2773 1713 2903 1759 ante
2932 1705 3313 1776 ptenitentiam
3347 1711 3525 1757 actam
3559 1718 3663 1758 sa--

2070 1810 2229 1851 crum
2280 1795 2451 1850 limen
2502 1794 2713 1851 intrare
2754 1810 2865 1850 non
2904 1796 3067 1861 licet,
3105 1810 3208 1850 nec
3251 1795 3319 1849 ad
3362 1808 3665 1850 sacrorum:

2071 1887 2470 1960 mysteriorum
2510 1888 2959 1943 communionem
2998 1888 3283 1943 accedere.
3330 1886 3471 1941 Tum
3515 1901 3649 1941 vero

2071 1979 2393 2051 imperator,
2425 1979 2590 2052 316
2619 1981 2927 2037 sacerdotis
2956 1980 3272 2036 libertatem
3307 1978 3609 2035 admiratus
3630 2022 3644 2042 ,

2069 2071 2138 2126 ad
2174 2086 2235 2128 se
2266 2066 2487 2138 rediit,"
2512 2082 2567 2129 et
2606 2074 2945 2144 poenitentiae
2986 2074 3229 2129 stimulis
3281 2077 3649 2143 compunctus

2068 2163 2363 2220 abscessit.
2393 2163 2615 2220 Peccati
2643 2181 2775 2221 vero
2801 2166 2917 2220 lttec
2949 2164 3127 2221 fuerat
3155 2165 3417 2232 occasio:
3442 2161 3648 2217 Butbe-

2067 2256 2169 2311 rici
2212 2271 2279 2312 eo
2320 2264 2573 2327 tempore
2618 2256 2873 2328 magistri
2922 2256 3160 2311 militum
3217 2271 3316 2326 per
3368 2252 3645 2326 Illyricum

2067 2350 2386 2421 pincernam
2407 2391 2422 2415 ,
2455 2350 2646 2421 auriga
2677 2364 2867 2405 amore
2906 2347 3031 2418 ejus
3071 2355 3267 2418 captus
3292 2388 3307 2415 ,
3346 2345 3414 2401 de
3452 2353 3648 2416 stupro

2068 2441 2467 2497 sollicitaverat
2493 2460 2510 2507 ς
2558 2456 2793 2512 eamque
2824 2440 2895 2497 ob
2924 2454 3150 2496 causam
3180 2438 3642 2510 comprehensus.

2068 2534 2124 2588 in
2153 2533 2409 2590 custodia
2438 2534 2753 2591 tenebatur.
2779 2533 2917 2589 Cum
2945 2540 3127 2589 autem
3157 2531 3344 2586 nobile
3373 2545 3651 2601 equorum

2067 2632 2347 2681 certamen
2380 2624 2434 2679 in
2466 2624 2633 2681 Circo
2664 2624 2937 2681 edendum
2971 2630 3155 2687 esset,
3190 2622 3426 2693 populus
3477 2620 3644 2675 Thes-

2069 2718 2435 2775 salonicensis
2493 2718 2830 2789 postulavit.
2879 2725 2940 2773 ut
2982 2718 3033 2774 is
3082 2727 3343 2787 tanquam
3390 2714 3459 2770 ad
3508 2713 3650 2768 illud-

2067 2818 2347 2866 certamen
2377 2811 2734 2867 necessarius
2782 2810 3184 2866 dimitteretur.
3217 2809 3323 2865 Sed
3354 2823 3479 2864 cum
3504 2808 3647 2863 nibit

2070 2904 2391 2975 proﬁceret,
2426 2904 2812 2975 gravissimam
2847 2905 3173 2962 seditionem
3206 2903 3528 2967 commovit,
3578 2917 3642 2955 ac

2068 3003 2351 3066 postremo
2378 2993 2736 3051 Butbericum
2767 2996 2948 3067 ipsum
2978 2996 3278 3052 interfecit.
3306 2994 3378 3049 Ea
3406 3010 3464 3049 re
3497 3010 3647 3049 nun-

2068 3087 2203 3141 tiata
2225 3128 2241 3155 ,
2275 3087 2577 3159 imperator
2606 3086 2916 3143 incredibili
2948 3088 3028 3142 ira
3056 3103 3361 3144 succensus
3382 3127 3397 3153 ,
3428 3094 3642 3143 centum

2070 3193 2360 3233 numerum
2390 3194 2580 3235 eorum
2609 3179 2701 3251 qui
2731 3180 2878 3236 obvii
2904 3180 3097 3237 ﬁerent
3116 3221 3131 3245 ,
3159 3180 3480 3235 obtruncari
3504 3194 3644 3251 pra:-

2071 3268 2239 3341 cepit.
2273 3268 2387 3325 Hac
2439 3271 2733 3328 occasione
2774 3272 2972 3327 civitas
3030 3272 3331 3327 multorum
3375 3272 3641 3327 innocen-

2072 3372 2187 3417 tum
2236 3362 2507 3433 sanguine
2555 3363 2831 3433 completa
2880 3370 2987 3420 est.
3044 3361 3259 3419 Etenim
3326 3364 3640 3435 peregrini,

391 3444 558 3499 αὐτοῦ
590 3447 995 3519 συλληφθέντων
1051 3453 1415 3522 προσαγαγὼν
1440 3456 1632 3509 ἐαυτὸν
1679 3456 1970 3512 ἀποθανεῖν
1996 3451 2039 3511 C
2072 3456 2152 3525 qu‘

1881 3459 1970 3512 νεῖν
1996 3451 2039 3511 C
2072 3454 2167 3525 qui
2196 3468 2392 3509 recens
2421 3469 2487 3509 eo
2521 3456 2884 3525 appulerant,
2915 3456 2997 3510 vel
3030 3456 3283 3511 terrestri
3320 3456 3517 3511 itinere
3546 3456 3642 3510 ad-

394 3536 593 3607 ἐδεῖτο,
634 3540 759 3603 τοὺς
792 3540 848 3593 δὲ
870 3540 1175 3605 σώζεσθαι·
1202 3546 1294 3597 καὶ
1312 3546 1501 3616 μισθὸν
1528 3548 1718 3601 τούτου
1748 3548 1971 3620 χρυσίον

392 3629 519 3684 ὅσον
546 3627 657 3703 εἶχε
686 3634 979 3705 προΐσχετο
1004 3639 1120 3699 τοῖς
1146 3636 1527 3709 στρατιώταις.
1557 3641 1618 3694 Οἱ
1646 3639 1723 3707 δὲ,
1756 3640 1849 3694 τὸν
1872 3639 1967 3696 ἄν·

393 3722 612 3794 θρωπον
656 3726 756 3797 τῆς
795 3730 1083 3797 συμφορᾶς
1115 3730 1454 3802 ἐλεήσαντες,
1504 3732 1627 3786 ἀντὶ
1668 3731 1787 3796 ἐνὸς
1814 3725 1876 3787 οὖ
1901 3731 1970 3788 ἀν

394 3816 591 3870 ἐλεῖται
620 3817 729 3885 (74)
758 3819 865 3873 τῶν
898 3820 1077 3885 υἱέων,
1116 3822 1216 3894 τὴν
1256 3823 1462 3878 ίκεσίαν
1489 3823 1775 3894 προσίεντο
1795 3841 1811 3859 ⁸
1842 3826 1971 3891 τοὺς

392 3907 449 3960 δέ
494 3907 587 3961 δύο
617 3909 853 3977 ἀφιέναι,
900 3910 976 3975 ὡς
1007 3912 1376 3978 ἐπιλείποντος
1418 3913 1511 3968 τοῦ
1558 3914 1816 3988 ἀριθμοῦ,
1864 3916 1966 3971 οὐκ

393 4000 669 4055 ἀκίνδυνον
696 4002 877 4071 σφίσιν
908 4003 1134 4073 ἔφασαν.
1176 4006 1270 4069 Εἰς
1294 4006 1636 4078 ἀμφοτέρους
1662 4006 1719 4061 δὲ
1752 4006 1967 4078 βλέπων

392 4092 421 4146 ό
451 4092 653 4165 πατὴρ,
680 4093 1077 4165 ἃοφυρόμενός
1100 4114 1160 4150 τε
1186 4096 1282 4151 καὶ
1310 4096 1532 4160 κλαίων,
1561 4095 1847 4168 οὐδετέρου
1868 4096 1966 4169 τὴν

391 4183 603 4253 αῐρεσιν
626 4184 834 4255 ὑπέστη
860 4202 874 4215 ’
902 4187 1017 4240 ἀλλ’
1041 4186 1262 4258 ἀπορῶν
1284 4187 1457 4241 εἰσότε
1474 4186 1769 4258 τεθνήκασι
1791 4187 1963 4242 διετέ-

393 4270 568 4338 ῗεσεν,
610 4274 873 4345 ἐκατέρου
905 4276 984 4329 τῶ
1012 4275 1219 4348 φίλτρῳ
1248 4276 1442 4347 ἐπίσης
1479 4274 1802 4347 νικώμενος.
1856 4276 1969 4331 Καὶ

2070 3556 2369 3607 venerant.
2405 3554 2602 3616 praeter
2627 3546 3095 3617 exspectationem
3140 3548 3329 3603 statim
3389 3562 3643 3619 compre-

2072 3634 2233 3690 hensi
2265 3643 2417 3691 sunt.
2454 3634 2733 3707 Multaque
2764 3645 2883 3692 tum
2915 3638 3244 3693 acciderunt
3288 3638 3644 3693 miseratione

2070 3726 2273 3798 digna,
2313 3726 2459 3783 inter
2506 3743 2629 3798 quae
2656 3737 2711 3784 et
2756 3730 2941 3785 istud:
2973 3729 3244 3786 Mercator
3286 3730 3509 3798 quidam
3543 3746 3645 3801 pro

2069 3820 2291 3877 duobus
2315 3820 2443 3875 ﬁliis
2464 3821 2559 3890 qui
2586 3821 2970 3892 comprehensi
3002 3822 3227 3878 fuerunt
3244 3861 3260 3886 ,
3289 3823 3642 3892 semetipsum

2072 3911 2346 3976 oﬂerens,
2378 3912 2610 3984 rogabat
2641 3923 2702 3967 ut
2749 3913 2867 3983 ipse
2911 3912 3133 3983 quidem
3177 3919 3491 3977 necaretur,
3546 3913 3642 3967 ﬁlii

2070 4022 2204 4063 vero
2249 4005 2467 4061 abirent
2522 4004 2855 4059 incolumes.
2912 4004 2980 4057 Et
3031 4018 3131 4074 pro
3176 4003 3341 4073 hujus
3390 4004 3643 4059 beneﬁcii

2073 4093 2359 4157 mercede,
2411 4092 2682 4163 quidquid
2716 4092 2955 4148 habebat
3004 4093 3147 4157 auri,
3197 4092 3464 4149 militibus
3486 4094 3644 4164 polli-

2072 4183 2321 4239 cebatur.
2352 4181 2435 4236 llli
2493 4181 2863 4237 calamitatem
2912 4181 3158 4237 hominis
3206 4183 3489 4249 miserati,
3539 4198 3641 4253 pro

2075 4276 2252 4332 altero
2279 4291 2347 4331 ex
2383 4275 2521 4331 ﬁliis
2554 4289 2720 4345 quem
2770 4274 2983 4341 vellet,’
3017 4274 3477 4346 supplicationem
3520 4275 3643 4347 ejus

1546 4451 1817 4508 VALESII
1854 4450 2420 4509 ANNOTATIONES.

526 4571 576 4637 l)
613 4568 728 4637 Τῆς
758 4569 863 4622 τοῦ
889 4567 1050 4636 ἱεροῦ
1076 4568 1404 4621 ἐπιϐαίνειν
1434 4567 1638 4622 οὐδοῦ.
1674 4566 1731 4622 1η
1770 4568 1959 4624 codice
1991 4567 2037 4622 D
2065 4570 2223 4624 dosio
2248 4569 2287 4622 Μ

1882 4568 1959 4624 ice
1991 4567 2037 4622 D
2065 4570 2223 4624 dosio
2248 4569 2879 4633 Maximttnt,consulattt
2918 4572 3282 4626 Valentiniani
3314 4589 3386 4637 tv,
3421 4582 3474 4627 et
3503 4570 3643 4629 Neo-

392 4638 694 4695 Fuketiano
751 4640 1135 4709 scriptumest
1162 4638 1303 4709 ὁδοῦ,
1338 4640 1574 4709 pessime
1607 4649 1665 4691 ut
1709 4647 1957 4709 apparet.

392 4710 499 4767 Sed
534 4717 682 4764 totus
722 4709 877 4763 locus
905 4725 972 4763 ex
1016 4708 1679 4777 Nicephoro'emendatus
1725 4716 1810 4763 est
1857 4708 1959 4763 hoc

390 4780 579 4842 modo,
606 4779 667 4831 οὑ
710 4779 931 4848 θεμιτὸν
961 4779 1067 4850 πρδ
1090 4780 1189 4848 τῆς
1222 4777 1507 4850 μετανοίας
1526 4778 1818 4850 τοῦνίεροῦ,
1848 4786 1955 4831 etc.

462 4849 574 4920 (72)
614 4847 1150 4920 Βούθερικου.Ἠοο
1193 4849 1356 4920 etiam
1401 4848 1521 4920 loco
1550 4847 1757 4901 fallitur
1788 4848 1956 4902 δοιο-

389 4916 605 4983 ιηοήυε,
638 4918 729 4987 qui
762 4919 1085 4987 seditionem
1119 4918 1266 4971 illam
1297 4916 1839 4987 Thessalonicensem
1874 4934 1958 4973 re-

391 4989 498 5044 fert
532 4986 1015 5059 post’cxstinctam
1048 4986 1675 5059 Eugeniigtyrannidem.
1712 4986 1819 5059 sed
1858 4988 1957 5042 Ba-

389 5057 581 5115 ronius
633 5060 685 5112 in
743 5058 1040 5111 Annalibus
1095 5057 1416 5114 certissimis
1473 5058 1811 5128 argumentis
1859 5059 1955 5113 de-

389 5130 737 5195 monstravit,
766 5143 885 5183 eam
919 5129 1219 5197 contigisse
1257 5136 1381 5198 post
1417 5128 1688 5184 devictum
1712 5145 1741 5183 a
1773 5128 1951 5184 Theo-

2066 4641 2208 4700 terii,
2238 4654 2382 4692 anno
2412 4638 2613 4694 Christi
2655 4641 2780 4695 590.
2818 4640 2990 4696 Porro
3036 4642 3088 4695 in
3118 4642 3307 4697 codice
3336 4642 3640 4697 Fukctiano

2064 4712 2337 4781 scriptum
2360 4719 2445 4763 est
2488 4710 2811 4781 Βουθερίχου
2861 4713 2961 4765 hoc
3005 4712 3145 4773 loco,
3176 4713 3638 4781 quemadmodum

2064 4729 2326 4779 scriptum
2360 4729 2445 4763 ess
2488 4729 2713 4780 DO'JUEpt
2751 4729 2811 4762 ou
2861 4729 2961 4765 noc
3005 4729 3145 4773 IOCO,
3176 4729 3638 4781 quemaumooum

2063 4786 2225 4851 paulo
2254 4779 2395 4833 infra
2448 4729 3087 4850 scriliituprouez-zpixav,
3134 4783 3225 4836 ubi
3263 4790 3445 4837 tamen
3491 4783 3643 4837 Nice-

2063 4850 2268 4921 phoirtts
2293 4851 2421 4918 legit
2451 4850 2792 4921 Βουθέριχον,
2818 4853 3043 4913 rectius,
3062 4860 3129 4921 tit
3146 4853 3360 4920 opinor.

2133 4920 2247 4992 (75)
2268 4922 2375 4992 Καὶ
2410 4919 2814 4992 τελευτῶνηιη
2850 4922 3037 4976 codice
3058 4919 3357 4977 Fuketiano
3376 4922 3639 4992 scriptum

2060 4990 2151 5045 est
2166 4990 2261 5042 καὶ
2284 4990 2613 5054 τελευταῖον,
2647 4991 2748 5045 levi
2782 4991 3123 5045 discrimine.

2134 5060 2249 5134 (74)_
2296 5060 2441 5113 Ἀντί
2482 5055 2730 5134 ἐτὸς-οὗ
2769 5060 2845 5112 ἂν
2881 5059 3125 5134 ἐνῖεῖται.
3164 5059 3319 5134 Apud
3366 5060 3637 5134 Nicepho-

2062 5146 2205 5195 rum,
2238 5130 2291 5183 in
2328 5147 2447 5197 cap.
2484 5130 2575 5191 δίο,
2604 5130 2698 5184 lib.
2729 5144 2826 5194 xtl,
2850 5130 3114 5201 scriptum
3142 5138 3226 5185 est
3250 5130 3457 5201 ἕληται.

1805 5310 2193 5370 VARIORUM.

461 5440 489 5469 ι
526 5426 856 5491 ’Υπήντετο
895 5427 1250 5495 Ἀμϐρόσιος.
1309 5424 1383 5482 De
1408 5425 1555 5481 caede
1602 5424 1957 5481 Thessaloni-

388 5499 538 5554 censi
556 5498 875 5551 Ambrosius
888 5495 1197 5567 Theodosio
1211 5499 1504 5567 scripserat
1524 5497 1958 5567 epistolam,qm.e

388 5578 474 5625 est
503 5568 564 5623 5|
606 5568 659 5621 in
685 5569 924 5622 editione
953 5566 1248 5621 Parisiensi
1277 5560 1621 5621 a'monacliis
1650 5560 1958 5621 Benedicti-

390 5641 478 5695 nis
498 5639 781 5692 adornata.
806 5637 881 5691 Ex
904 5653 1007 5705 qua
1027 5638 1257 5707 epistola
1280 5637 1491 5692 discere
1518 5645 1747 5706 possunt
1769 5653 1958 5691 omnes

390 5709 654 5779 episcopi,
709 5716 911 5775 quanta
952 5724 1073 5760 cum
1108 5708 1391 5779 prudentia
1425 5716 1479 5779 et
1528 5709 1782 5761 cautione
1831 5722 1956 5777 erga

392 5777 668 5851 principes
702 5780 753 5830 in
798 5778 984 5847 gravia
1017 5779 1283 5851 qtuepiatn
1316 5777 1544 5831 crimina
1571 5779 1751 5847 lapsos
1777 5793 1840 5851 se
1866 5794 1955 5847 ge-

394 5848 511 5903 rere
527 5850 759 5903 debeant
784 5866 795 5901 :
831 5858 885 5901 et
903 5848 1360 5917 quemadmodum
1388 5863 1479 5901 eos
1496 5856 1744 5912 oporteat
1775 5848 1953 5902 minus

395 5921 650 5975 adbibere
686 5918 995 5974 acerbitatis
1029 5934 1189 5988 quam
1221 5918 1676 5974 mansuetudinis.
1702 5919 1951 5975 Tltcodo~

2060 5429 2201 5484 ritus
2232 5430 2325 5484 lib.
2374 5444 2405 5481 ν
2442 5426 2583 5481 Hist.
2618 5426 2838 5491 θεείου,
2875 5441 2995 5496 cap.
3032 5425 3136 5496 718,
3172 5432 3368 5480 auctor
3390 5434 3501 5491 est,
3536 5426 3639 5481 im-

2062 5509 2391 5569 peratorem,
2443 5508 2729 5569 postquam
2765 5512 2796 5550 a
2852 5495 3043 5569 synaxi
3074 5496 3448 5569 ecclesiastica
3483 5506 3631 5551 totos

2060 5565 2183 5624 octo
2212 5584 2430 5624 menses
2444 5565 2838 5633 abstinuisset,
2873 5565 3075 5621 natalis
3104 5565 3369 5621 Dominici
3408 5567 3625 5622 festo-in

2061 5640 2350 5694 ecclesiam
2389 5640 2573 5693 venire
2602 5638 2841 5691 voluisse
2879 5655 2891 5689 :
2925 5652 2987 5691 ac
3022 5638 3261 5706 graviter
3306 5638 3629 5706 increpitum

2062 5712 2130 5762 ab
2156 5711 2463 5771 Ambrosio,
2522 5724 2629 5762 non
2670 5709 2820 5776 prius
2861 5707 3074 5778 ingredi
3125 5708 3451 5775 permissum
3486 5724 3629 5771 esse,

2062 5795 2224 5849 quam
2254 5781 2485 5849 publica:
2522 5779 2851 5849 paenitentiae
2882 5788 3045 5847 caput
3073 5778 3412 5849 subjecissct.

2130 5860 2157 5898 γ
2196 5846 2408 5914 Ῥητὸν
2450 5850 2719 5917 ἀριθμόν.
2769 5846 2985 5917 Septem
3019 5849 3295 5902 hominum
3340 5847 3508 5901 millia
3548 5846 3631 5900 in-

2065 5923 2315 5976 terl’ecta.
2354 5921 2527 5991 inquit
2552 5917 2891 5987 Thcodorit.,
2926 5917 3027 5973 loc.
3087 5918 3176 5972 cit.
