4460 6634
800 355 938 415 “35
1394 416 1395 419 η
2290 349 2634 409 ΒΟΖΟΜΕΝΙ

3960 354 4136 412 “96

798 470 1166 528 admiserunt.
1204 467 1516 539 Utrumque
1569 482 1699 524 vero
1750 468 2061 535 dimittere,
2101 469 2390 540 baudqua-
2421 473 2469 530 Α
2494 470 2559 523 oi:

2380 473 2469 530 -Α
2494 467 2714 537 οἰκέτην
2761 469 2819 522 δὲ
2865 468 3071 539 ἀγαθὸν
3111 466 3398 540 ἐπυθόμην
3438 468 3590 533 τότε,
3651 469 3774 523 ἀντὶ
3823 470 4141 524 δεσπότεω

797 579 965 636 quam
996 563 1100 620 sibi
1130 569 1309 616 tutum
1343 560 1462 617 fore
1491 562 1752 618 dixerunt
1797 577 1864 618 eo
1922 563 2071 633 quod
2117 578 2384 620 numerus

798 657 1082 713 deficeret.
1122 652 1324 710 Verum
1351 665 1507 724 pater
1530 668 1658 709 cum
1684 654 1876 712 ambos
1907 656 2216 728 aspiceret,
2250 655 2384 712 ﬂens

799 765 862 806 ac
901 761 1165 819 gemens,
1207 755 1464 802 neutrum
1516 762 1582 802 ex
1637 747 1854 805 duobus
1901 749 2145 804 eximere
2188 749 2383 814 valuit,

800 837 898 893 sed
937 837 1141 893 dubius
1173 851 1490 908 ancepsque
1520 836 1689 892 animi
1722 838 1906 908 quoad
1938 839 2388 896 interﬁcerentur

799 929 1142 999 permansit,
1218 929 1510 1000 utriusque
1562 943 1750 985 amore
1798 945 1868 986 ex
1911 946 2070 1002 aequo
2116 930 2382 1003 ﬂagrans.

798 1021 1070 1077 Praeterea
1098 1019 1360 1077 famulum
1384 1021 1676 1092 quemdam
1706 1022 1849 1095 frugi
1893 1039 1991 1094 pro
2014 1025 2239 1080 domino
2263 1041 2385 1092 suo,

799 1117 891 1184 qui
928 1122 1045 1169 tum
1079 1113 1143 1169 ad
1172 1124 1402 1169 mortem
1435 1115 1762 1181 ducebatur,
1797 1116 1989 1176 libenti
2019 1117 2208 1173 animo
2239 1119 2389 1174 occi-

801 1223 923 1263 sum
957 1223 1081 1263 esse
1111 1207 1320 1278 accepi.
1370 1205 1576 1262 llorum
1619 1209 1786 1277 igitur
1817 1209 2090 1264 malorum
2117 1249 2132 1274 ,
2165 1219 2219 1267 et
2250 1212 2390 1268 alio-

803 1315 922 1353 rum
955 1301 1360 1370 complurium,
1395 1316 1517 1371 qua:
1546 1308 1658 1354 tmn
1681 1341 1696 1366 ,
1731 1308 1790 1355 ut
1817 1301 2117 1356 verisimile
2143 1313 2262 1370 est,
2295 1319 2389 1359 ac-

803 1393 1105 1456 ciderunt,
1159 1408 1382 1448 causam
1441 1392 1765 1462 imperatori
1817 1392 2103 1448 ascribens
2152 1394 2390 1450 Ambro-

801 1487 960 1550 sius,
1003 1500 1128 1540 eum
1182 1485 1252 1539 ab
1303 1484 1455 1539 aditu
1506 1485 1755 1541 ecclesiae
1798 1485 2029 1556 repulit.
2059 1497 2114 1542 et
2163 1502 2193 1541 a
2239 1502 2392 1543 com-

802 1577 1068 1632 munione
1098 1576 1353 1631 removit.
1387 1577 1691 1646 Imperator
1719 1591 1851 1631 vero
1893 1585 2180 1647 peccatum
2229 1594 2391 1634 suum

804 1667 1023 1737 publice
1052 1667 1106 1720 in
1144 1667 1380 1722 ecclesia
1417 1667 1716 1724 confessus
1746 1675 1868 1723 est:
1903 1675 1957 1724 et
1990 1677 2104 1723 toto
2138 1669 2234 1724 illo
2264 1677 2394 1725 tem-

803 1761 957 1831 poris
986 1761 1164 1832 spatio
1196 1761 1344 1832 quod
1377 1761 1482 1831 ipsi
1511 1760 1578 1816 ad
1609 1762 1992 1832 pmnitentiam
2021 1763 2390 1832 prmstitutum

2485 559 2758 631 ἀγομένου
2801 560 2938 624 πρὸς
2962 560 3060 632 τὴν
3093 559 3328 630 σφαγὴν,
3374 559 3732 631 ἀναιρεθῆναι
3758 561 4134 632 προθύμως.

2487 651 2758 705 Τοιούτων
2789 651 2846 706 δὲ
2899 653 2993 706 καὶ⁸
3039 652 3263 726 ἐτέρων,
3303 651 3379 716 ὡς
3408 651 3575 717 εἰκὸς,
3615 655 4134 725 συγχωρησάντων

2488 731 2714 808 κακῶν,
2765 744 3164 816 ἐπαιτιώμενος
3215 745 3540 816 Ἀμὸρόσιος
3582 744 3675 798 τὸν
3711 745 3972 816 βασιλέα,
4003 747 4132 815 τῆς

2487 835 2783 906 ἐκκλησίας
2815 830 2984 907 εἶρξε,
3018 838 3111 891 καὶ
3161 836 3529 907 ἀκοινώνητον
3558 837 3804 909 ἐποίησε.
3837 838 4128 908 Δτιμλκῖίᾳ⁵

2487 929 2544 982 δὲ
2594 930 2688 983 καὶ
2745 929 2909 994 αὐτὸς
2954 929 3054 1000 τὴν
3110 931 3394 1002 ἁμαρτίαν
3459 932 3552 985 ἐπὶ
3606 931 3705 1002 τῆς
3783 931 4126 1000 ἐκκλησίας

2489 1019 2808 1090 ὡμολόγησε
2831 1037 2845 1051 ο
2901 1020 2994 1074 καὶ
3039 1020 3216 1074 πάντα
3252 1022 3346 1074 τὸν
3374 1021 3665 1094 ὁρισθέντα
3702 1022 3854 1094 αὐτῷ
3892 1023 4124 1092 χρόνον

2491 1114 2569 1177 εἰς
2605 1113 2923 1184 μετάνοιαν,
2971 1108 3061 1168 οἷά
3107 1129 3170 1181 γε
3212 1114 3447 1181 πενθῶν,
3478 1113 3743 1185 βασιλικῷ
3769 1115 3973 1186 κόσμῳ
4005 1115 4122 1166 οὐκ

2490 1207 2765 1277 ἐχρήσατο
2794 1216 2849 1242 ³·
2901 1207 2994 1260 καὶ
3027 1207 3190 1278 νόμον
3222 1206 3528 1276 προσέταξε
3561 1207 3698 1278 (75),
3744 1207 3875 1269 τοὺς
3904 1207 4120 1259 διακο-

2492 1299 2785 1370 νουμένους
2812 1304 2923 1362 τοῖς
2952 1298 3045 1352 τοῦ
3068 1297 3336 1369 βασιλέως
3360 1301 3778 1372 προστάγμασιν
3823 1301 3905 1361 είς
3940 1316 4119 1369 τρια-

2493 1391 2694 1464 κοστὴν
2727 1391 2942 1462 ἡμέραν
2984 1391 3383 1446 ἀναϐάλλεσθαι
3428 1392 3528 1464 τὴν
3557 1393 3828 1464 τιμωρίαν
3853 1391 3970 1445 τῶν
4010 1392 4115 1443 ἐπὶ

2493 1483 2709 1555 θανάτῳ
2748 1483 3315 1556 καταδεδικασμένων,
3368 1484 3509 1538 ὥστε
3553 1487 3649 1540 καὶ
3690 1487 3782 1539 τὸν
3822 1488 3883 1540 ἐν
3939 1486 4115 1555 μέσῳ

2493 1576 2684 1648 χρόνον
2702 1559 3008 1646 ’μαλάσσειν
3035 1577 3132 1648 τὴν
3171 1576 3266 1630 τοῦ
3325 1576 3589 1647 βασιλέως
3616 1577 3806 1650 ὀργὴν,
3856 1579 3954 1631 καὶ
4006 1577 4114 1630 τοῦ

2494 1667 2668 1739 θυμοῦ
2703 1668 3190 1739 παρακμάζοντος,
3238 1669 3374 1741 ἐλέῳ
3408 1671 3504 1723 καὶ
3551 1671 3895 1742 μεταμελείᾳ
3937 1670 4115 1739 γενέ-

2497 1759 2621 1813 σθαι
2670 1759 2876 1832 χώραν.
2944 1759 3255 1832 ’Δμ6ροσίῳ
3305 1761 3364 1816 δὲ
3408 1761 3584 1833 τούτῳ
3632 1761 3803 1815 πολλὰ
3853 1762 3957 1833 μὲν
4007 1763 4115 1815 καὶ

806 1853 985 1907 fuerat
1003 1823 1034 1915 ,’
1079 1823 1340 1924 tanquam
1397 1854 1492 1924 qui
1551 1823 1626 1908 in-
1663 1853 1816 1909 luctu
1866 1823 2051 1920 esset,
2114 1856 2391 1926 imperiali
2423 1823 2466 1878 Β
2496 1850 2567 1905 ἄ.λῖ

2353 1856 2391 1910 li
2423 1823 2466 1878 Β
2496 1850 2632 1905 ἄλλα
2666 1823 3027 1923 κατώρθωται
3049 1823 3162 1923 (ίϐ)
3193 1823 3321 1917 ἄξια
3351 1823 3672 1924 ἱερωσύνης,
3696 1853 3732 1907 ἆ
3764 1823 3949 1924 μόνοις
3970 1855 4113 1906 ἐπει

805 1947 957 2000 ciillu
995 1946 1219 2000 minime
1249 1953 1333 2000 est
1371 1961 1527 2002 usus.
1562 1945 1711 2012 Quin
1741 1945 1906 2001 etiam
1944 1949 2114 2018 legem
2148 1947 2302 2012 tulit,
2337 1957 2396 2002 ut

805 2039 900 2106 qui
945 2037 1212 2108 principis
1243 2035 1592 2108 jussionibus
1625 2037 2034 2108 obsequuntur,
2075 2037 2132 2091 in
2175 2038 2393 2094 tricesi-

807 2145 958 2184 mum
1008 2145 1182 2200 usque
1219 2129 1364 2185 diem
1408 2128 1693 2186 differrent
1739 2129 2012 2200 supplicia
2058 2145 2247 2186 eorum
2300 2131 2395 2201 qui

805 2223 986 2293 capite
1021 2221 1265 2277 damnati
1301 2230 1510 2286 essent,
1544 2237 1609 2277 eo
1645 2223 1861 2278 scilicet
1907 2223 2175 2287 consilio,
2217 2231 2274 2278 ut
2307 2224 2394 2278 in-

815 2315 1034 2385 terjccti
1081 2315 1348 2386 temporis
1393 2316 1632 2386 spatium
1682 2316 2034 2386 imperatoris
2081 2316 2218 2370 iram
2269 2315 2396 2372 leni-

809 2415 894 2462 ret
918 2447 934 2470 ,
957 2415 1013 2462 et
1046 2407 1340 2462 imminuto
1370 2407 1483 2478 jam
1513 2407 1731 2474 furore,
1759 2407 1915 2464 locus
1953 2407 2294 2464 miserationi
2331 2423 2396 2464 ac

813 2499 1154 2570 pmiiitentiac
1199 2499 1626 2570 relinqueretur.
1669 2498 1842 2556 Porro
1888 2500 2211 2557 Ambrosius
2258 2501 2394 2563 iste.

811 2594 984 2646 multa
1016 2607 1235 2663 quoque
1263 2593 1368 2647 alia
1397 2595 1602 2663 gessit,
1633 2594 1967 2650 sacerdotali
2002 2591 2180 2650 ollicio
2207 2595 2392 2666 digna,

813 2700 972 2754 qua),
1022 2693 1082 2738 ut
1130 2685 1432 2740 verisimile
1467 2692 1587 2750 est,
1624 2685 1759 2742 solis
1798 2700 1990 2740 eorum
2032 2685 2277 2740 locorum
2310 2686 2395 2740 in-

813 2779 953 2833 r-olis
993 2778 1153 2850 317
1203 2789 1331 2833 nota
1383 2786 1535 2834 sunt.
1587 2778 1739 2834 lnter
1785 2779 2004 2849 egregia
2047 2788 2227 2834 autem
2277 2779 2397 2849 ejus

814 2870 1062 2926 facinora
1121 2871 1268 2926 istud
1325 2886 1547 2942 quoque
1599 2871 1885 2927 auditione
1935 2871 2174 2941 accepi:
2234 2870 2398 2928 Moris

813 2971 970 3027 erat,
1007 2975 1068 3020 ut
1104 2964 1462 3034 imperatores
1502 2965 1646 3020 intra
1679 2970 1944 3035 consepta
1979 2964 2165 3019 altaris
2199 2963 2254 3016 in
2303 2978 2399 3018 ec-

819 3056 986 3109 clesia
1022 3057 1428 3120 consisterent,
1463 3057 1694 3113 honoris
1727 3071 1894 3112 causa
1932 3071 1961 3110 a
1995 3056 2186 3129 populi
2222 3057 2400 3111 multi-

2496 1943 2717 2015 χωρίοις
2742 1943 2885 1998 κατὰ
2907 1943 2968 1996 τὸ
2992 1943 3139 2008 εἰκὸς
3173 1943 3461 2013 ἔγνωσται.
3518 1945 3638 1998 Τῶν
3663 1946 3720 1999 δὲ
3753 1945 4115 2016 ἐπισημοτά-

2495 2054 2602 2091 των
2632 2037 2798 2091 αὑτοῦ
2829 2036 3008 2109 ἔργων
3049 2037 3144 2090 καὶ⁸
3170 2037 3327 2090 τοῦτο
3356 2037 3659 2109 ἐπυθόμην·
3687 2038 3850 2102 Ἔθος
3871 2033 3942 2109 ἦν
3967 2040 4113 2102 τοὺς

2499 2127 2739 2198 βασιλεῖς
2765 2139 2790 2168 α
2819 2129 2877 2181 ἐν
2903 2126 2982 2199 τῷ
3015 2128 3269 2200 ἱερατείῳ
3303 2129 3712 2201 ἐκκλησιάζειν,
3742 2133 3865 2186 κατ’
3895 2132 4111 2203 ἐξοχὴν

2497 2220 2605 2274 τῶν
2632 2220 2794 2292 ὁρίων
2822 2219 2916 2273 τοῦ
2964 2221 3094 2274 λαοῦ
3136 2222 3600 2292 κεχωρισμένους.
3648 2224 3927 2288 Κολακίας
3970 2225 4036 2278 δὲ
4069 2223 4108 2294 ἦ

2497 2313 2722 2380 ἀταξίας
2767 2309 2904 2368 εἶναι
2939 2312 3100 2368 τοῦτο
3138 2313 3388 2379 συνιδὼν,
3425 2315 3592 2368 τόπον
3637 2309 3776 2368 εἶναι
3826 2314 4112 2385 βασιλέως

2497 2407 2555 2459 ἐν
2623 2405 2892 2478 ἐκκλησίᾳ
2925 2405 3154 2476 τέταχε,
3205 2405 3298 2460 τὸν
3327 2406 3432 2477 πρὸ
3469 2407 3579 2485 τῷν
3627 2407 3955 2478 δρυφάκτων
3998 2406 4109 2460 τοῦ

2502 2497 2799 2570 ίερατείου·
2851 2497 2994 2551 ὥστε
3047 2497 3142 2550 τοῦ
3195 2499 3293 2569 μέν
3335 2498 3466 2552 λαοῦ
3510 2499 3599 2552 τὸν
3643 2499 3951 2569 κρατοῦντα
3996 2499 4108 2570 τὴν

2500 2590 2789 2662 προεδρίαν
2809 2589 2984 2662 ἔχειν,
3031 2589 3196 2644 αὐτοῦ
3236 2590 3293 2644 δὲ
3316 2593 3444 2655 τοὺς
3478 2593 3657 2665 ἱερέας
3686 2592 4103 2665 προκαθῆσθαι.

2500 2683 2716 2753 Ταύτην
2753 2682 2809 2735 δὲ
2840 2682 2938 2753 τὴν
2964 2682 3196 2754 ἀρίστην
3224 2683 3524 2754 παράδοσιν
3555 2685 3787 2756 ἐπῄνεσε
3809 2685 4108 2744 Θεοδόσιος

2500 2775 2826 2844 ὁβασιλεὺς,
2882 2777 2975 2828 καὶ
3008 2776 3059 2828 οἱ
3107 2775 3246 2846 μετὰ
3274 2775 3449 2830 ταῦτα
3497 2778 3842 2849 ἐκράτυναν·
3893 2778 3992 2830 καὶ
4037 2777 4107 2842 ἐξ

2500 2866 2711 2921 ἐκείνου
2754 2868 2872 2920 νυνὶ
2917 2867 3338 2938 φυλαττομένην
3385 2867 3620 2940 ὁρῶμεν.
3673 2870 3876 2922 Τούτου
3911 2869 3972 2922 δὲ
4001 2867 4106 2921 τοῦ

2499 2959 2692 3031 ἀνδρὸς
2725 2962 2821 3014 καὶ
2860 2960 2978 3012 τόδε
3021 2961 3082 3013 τὸ
3120 2961 3280 3033 ἔργον
3325 2960 3821 3032 ἀξιομνημόνευτον
3873 2960 4108 3031 περιλα-

2503 3051 2616 3105 6εῐν
2666 3054 2734 3122 τῇ
2775 3054 2986 3123 γραφῇ.
3029 3054 3328 3123 ἀναγκαῖον
3367 3049 3509 3108 εἷναί
3555 3071 3645 3125 μοι
3678 3055 3847 3107 δοκεῖ·
3891 3053 4106 3122 Ἕλλην

819 3146 1009 3201 tudine
1040 3149 1300 3218 separati.
1340 3147 1495 3214 Quod
1529 3164 1596 3204 ex
1628 3148 2048 3214 assentatione,
2084 3147 2172 3204 vel
2221 3162 2286 3204 ex
2318 3147 2401 3203 di-
2426 3182 2470 3241 ο
2503 3161 2580 3207 τις

2341 3147 2401 3201 li-
2426 3182 2470 3241 C
2503 3161 2585 3207 τις
2628 3142 2736 3197 τῶν
2780 3146 2837 3198 ἐν
2883 3145 3027 3198 τέλει
3087 3147 3149 3199 τὸ
3191 3147 3486 3218 Γρατιανὸν
3527 3144 3811 3216 ἐλοιδόρει,
3851 3145 3948 3196 καὶ
4003 3142 4102 3196 τοῦ

819 3238 1070 3308 sciplinae
1122 3241 1476 3312 corruptione
1530 3240 1839 3313 profectum
1891 3257 2017 3298 esse
2067 3239 2396 3298 Ambrosius

821 3324 1265 3384 animadverteris
1287 3368 1301 3392 ,
1334 3329 1517 3383 locum
1555 3328 1877 3400 imperatori
1907 3333 1962 3384 in
1989 3331 2226 3388 ecclesia
2253 3332 2396 3388 assi-

819 3417 1007 3486 gnavit
1033 3426 1161 3475 ante
1190 3420 1464 3477 cancellos
1494 3421 1686 3477 altaris
1711 3440 1726 3478 :
1763 3422 1840 3476 ita
1870 3431 1931 3477 ut
1955 3423 2252 3493 imperator
2274 3425 2398 3496 qui-

825 3514 946 3566 dem
979 3512 1193 3584 plebem
1215 3554 1231 3582 ,
1263 3513 1445 3585 ipsum
1474 3528 1606 3572 vero
1646 3514 2038 3586 imperatorem
2071 3519 2397 3574 sacerdotes

2505 3238 2713 3310 πατρὸς
2743 3239 2961 3306 ἀνάξιον
3007 3240 3275 3295 ἀπεκάλει
3298 3258 3312 3272 ·
3371 3241 3467 3294 καὶ
3505 3239 3726 3310 γραφὴν
3759 3238 3853 3292 ἐπὶ
3879 3236 4103 3299 τούτοις

2505 3331 2803 3404 ὑπομείνας
2829 3333 3193 3404 κατεδικάσθη
3236 3333 3441 3388 θανεῖν.
3513 3335 3811 3402 Ἀγομὲνου
3838 3332 3895 3385 δὲ
3926 3329 4100 3384 αὑτοῦ

2505 3424 2598 3478 ἐπὶ
2627 3425 2888 3497 τιμωρίᾳ,
2917 3420 3052 3499 ἧκεν
3092 3425 3418 3497 Ἀμϐρόσιος
3443 3427 3533 3490 εἰς,
3552 3426 3622 3479 τὰ
3654 3425 3924 3496 βασίλεια,
3968 3423 4099 3492 περὶ

2505 3516 2668 3572 αὑτοῦ
2698 3517 3042 3589 δεησόμενος.
3070 3517 3207 3572 Ὑπὸ
3230 3519 3467 3595 σπουδῆς
3491 3518 3549 3574 δὲ
3570 3517 3679 3571 τῶν
3703 3517 3855 3587 αὐτῷ
3877 3514 4096 3571 ἐπιϐουο

2012 3689 2282 3748 VALESII
2331 3691 2776 3750 ΑΝΝΟΤΑΤΙΟΝ
2785 3693 2884 3749 ES.

896 3883 1009 3956 (75)
1039 3883 1147 3938 Kal
1195 3885 1384 3952 νόμον
1402 3881 1762 3956 προσέταξε.
1802 3880 2000 3956 Procul
2037 3881 2204 3956 dubio
2258 3882 2400 3956 sciri-

827 3952 1068 4011 bendum
1115 3961 1200 4009 est
1227 3955 1322 4007 καὶ
1354 3954 1506 4025 νόμῳ
1568 3953 1892 4025 προσέταξε.
1923 3952 2098 4008 Porro
2153 3953 2268 4009 hare
2313 3955 2396 4009 lex

828 4025 1124 4080 Theodosii
1157 4025 1318 4080 hodie
1349 4022 1487 4078 no'n'
1509 4022 1710 4094 exstat.
1741 4022 1874 4078 Nam
1903 4039 1966 4079 ea
2017 4039 2139 4094 quae
2169 4025 2403 4078 habetur

827 4098 885 4152 in
934 4098 1140 4160 codice,
1179 4097 1282 4150 sub
1308 4096 1465 4150 titulo
1516 4093 1592 4150 De
1627 4096 1826 4162 poenis,
1855 4093 2101 4150 Gratiani
2143 4103 2248 4158 est,
2293 4111 2406 4149 non

832 4166 1148 4233 Theodosii,
1181 4166 1308 4221 data
1337 4165 1585 4238 gerente,
1614 4167 1854 4220 Antonio
1900 4165 2214 4238 et__Syagrio
2234 4181 2403 4224 coss..

831 4239 924 4292 diu
953 4248 1077 4293 ante
1106 4238 1316 4292 cladem
1343 4236 1914 4292 Thessalonicensem.
1947 4235 2078 4292 Vide
2107 4235 2405 4300 Banomuu,

832 4309 902 4363 ad
926 4325 1120 4362 annum
1156 4307 1356 4362 Christi
1393 4307 1516 4362 590.

904 4379 1017 4449 (76)
1060 4378 1169 4433 Kal
1207 4378 1367 4431 ἄλλα
1422 4377 1812 4449 κατώρθωται,
1865 4375 1921 4431 ln
1959 4375 2262 4432 Fuketiano
2311 4393 2407 4432 co-

833 4448 956 4505 dice
993 4450 1256 4519 scriptum
1292 4459 1373 4520 est
1396 4448 1746 4520 κατώρθωτο.
1785 4448 1956 4502 Porro
1985 4450 2130 4520 quod
2159 4449 2410 4518 sequitur

832 4523 903 4576 de
944 4517 1272 4590 imperatore
1318 4517 1627 4575 TheodoSio
1673 4527 1828 4573 extra
1879 4519 2159 4574 cancellos
2219 4521 2407 4574 altaris

2509 3883 2766 3939 submoto
2821 3883 2890 3938 ab
2947 3883 3271 3949 Ambrosio,
3339 3883 3545 3939 rectius
3591 3881 3958 3938 Theodoritus
4018 3883 4071 3938 in

2511 3953 2606 4008 lib.
2633 3972 2664 4009 v
2696 3953 2981 4020 Historiae,
3023 3969 3145 4022 cap.
3192 3953 3290 4017 18,
3343 3953 3398 4009 id
3431 3953 3720 4023 coniungit
3760 3969 3885 4008 cum
3918 3956 4089 4023 peni-

2513 4026 2687 4080 tentia
2717 4024 3033 4080 Theodosii.
3063 4023 3198 4078 Nam
3227 4033 3351 4096 post
3375 4025 3878 4096 reconciliationem
3914 4023 4089 4096 Iheo-

2509 4096 2652 4150 desii
2688 4096 2741 4150 id
2782 4097 2984 4151 factum
3023 4104 3107 4152 est
3148 4110 3178 4148 a
3205 4096 3364 4149 beato
3394 4095 3708 4156 Ambrosio,
3741 4111 3867 4150 cum
3911 4095 4088 4150 Theo-

2510 4166 2702 4222 dosius
2741 4182 2944 4223 munus
2995 4181 3155 4224 suum
3203 4165 3271 4220 ad
3327 4168 3500 4220 altare
3549 4166 3860 4229 attulisset,
3917 4182 4089 4236 eoque

2511 4237 2698 4292 oblato
2747 4238 2888 4292 intra
2936 4238 3211 4292 cancellos
3255 4237 3446 4291 altaris
3503 4237 3849 4292 subsisteret.
3887 4237 4078 4291 Mirum

2512 4319 2596 4363 est
2640 4316 2821 4364 tamen
2859 4309 3063 4362 nullam
3119 4307 3281 4373 hujus
3313 4308 3387 4362 rei
3420 4323 3450 4359 a
3484 4305 3712 4361 Paulino
3773 4307 3888 4363 fieri
3937 4323 4085 4362 men-

2517 4379 2717 4434 tionem
2746 4420 2759 4443 ,
2797 4379 2890 4449 qui
2942 4379 3120 4432 Vitam
3163 4377 3431 4432 Ambrosii
3479 4377 3900 4448 diligentissime
3953 4393 4084 4435 con-

2516 4449 2762 4519 seripsit.

2279 4695 2667 4754 VARIORUM.

909 4865 932 4894 ι
967 4851 1268 4916 Βασιλικῷ
1296 4853 1500 4923 κόσμῳ
1530 4853 1638 4906 οὐκ
1673 4850 1994 4919 ἐχρήσατο.
2025 4852 2224 4907 Stravit
2266 4869 2417 4908 omne
2449 4857 2492 4912 D
2524 4852 2670 4923 venit

2319 4852 2703 4923 nneDvenit.
2763 4853 2968 4923 aliquid
3022 4851 3210 4916 fuisse,
3278 4853 3331 4906 in
3391 4853 3758 4909 recentiorum
3787 4850 4080 4923 pranserlim

832 4945 936 4997 quo
991 4925 1261 4978 nitebatur
1319 4924 1818 4997 insigne‘regium;
1858 4923 2066 4997 deﬂevit
2108 4925 2161 4997 in
2191 4926 2414 4978 ecclesia

832 4993 1101 5066 peceatum
1130 5011 1306 5066 suum.
1339 4993 1476 5064 quod
1505 4993 1564 5066 ei?
1591 4993 1823 5046 aliorum
1845 4994 2040 5066 fraude
2070 4995 2369 5062 obrepserat
2393 5015 2413 5052 .'

833 5064 1029 5140 gemitu
1055 5076 1100 5119 et
1123 5065 1397 5140 lacrym‘is‘
1419 5065 1588 5140 oravit
1635 5064 2041 5140 veniam._Quod
2069 5066 2260 5134 privati
2289 5082 2414 5140 eru-

836 5135 1180 5202 bescuul,non
1213 5136 1419 5188 erubuit
1450 5135 1738 5204 imperator
1763 5135 1965 5201 publice
1993 5153 2145 5205 agere
2163 5138 2416 5204 pmuiten—

837 5213 1012 5272 tiam;
1044 5223 1204 5276 neque
1235 5205 1375 5258 ullus
1430 5217 1612 5275 postea
1641 5205 1752 5258 dies
1785 5207 1906 5272 fuit,
1969 5223 2070 5276 quo
2122 5225 2222 5259 non
2266 5208 2417 5260 illum

838 5280 1036 5334 doleret
1099 5293 1352 5331 errorem.
1422 5279 1754 5340 AMBROSIUS,
1794 5276 1865 5330 De
1922 5278 2069 5331 obitu
2133 5277 2418 5332 Theodosii

837 5367 988 5406 num.
1017 5349 1106 5403 84.

907 5434 935 5463 ι
983 5419 1162 5483 Ἐυος
1207 5414 1286 5487 ἦν
1331 5418 1475 5489 τοὺς
1514 5419 1798 5484 βασιλεῖς
1833 5449 1902 5458 --
1941 5435 2116 5488 usque
2158 5417 2224 5489 ad
2269 5419 2406 5472 νυνὶ

836 5489 1297 5563 φυλαττομένην
1326 5488 1591 5563 δρῶμεν.
1644 5491 1720 5544 Ex
1773 5491 1858 5543 his
1902 5488 2193 5543 Sozomeni
2230 5491 2408 5544 verbis

839 5561 1039 5633 {inquit
1083 5561 1430 5629 ﬂevere-gius)
1484 5563 1606 5616 linis
1646 5563 1865 5616 tandem
1922 5562 2233 5631 imponatur
2292 5571 2408 5614 tor-

839 5646 1012 5688 tuosae
1033 5634 1121 5688 isti
1150 5635 1459 5695 qu:estioui,
1491 5650 1611 5702 qua:
1629 5633 1917 5686 doctorum
1951 5633 2170 5702 ingenia
2208 5633 2409 5685 hucus-

840 5722 947 5776 que
981 5705 1224 5776 exercuit
1249 5747 1262 5766 ,
1311 5705 1570 5776 quidnam
1617 5705 1875 5756 nimirum
1914 5711 2061 5758 esset
2095 5703 2283 5758 Soleas
2320 5704 2409 5758 ille

844 5773 873 5828 a
910 5775 1308 5828 recentioribus
1336 5773 1540 5829 Grzccis
1565 5776 1728 5829 toties
1763 5777 2104 5833 decantatus.
2153 5782 2205 5828 et
2248 5791 2408 5844 quem

848 5863 895 5905 vi:
926 5847 1151 5903 ευριπ-δίη
1189 5861 1345 5902 usum
1379 5847 1676 5901 habuerit?
1721 5845 1863 5901 Inter
1887 5862 2075 5902 omnes
2111 5849 2254 5902 enim
2287 5862 2409 5901 ron

2521 4922 2837 4979 Graecorum
2860 4922 3146 4987 ecclesiis,
3200 4923 3450 4985 σωλείαν,
3495 4924 3713 4986 σωλίαν,
3756 4923 3973 4976 σωλεῖον
4009 4922 4082 4974 di-

2523 5004 2708 5057 ctum,
2762 4993 2926 5064 idque
2975 5010 3144 5064 prope
3191 4995 3466 5049 cancellos
3521 4997 3848 5048 collocatum
3902 4992 4077 5046 fuisse.

2523 5063 2890 5119 Consentiunt
2916 5063 3100 5119 itidem
3124 5080 3335 5127 omnes,
3370 5065 3472 5119 hoc
3500 5064 3748 5119 Latinum
3773 5081 3896 5119 esse
3925 5078 4075 5117 voca-

2525 5134 2732 5200 bulum,
2777 5146 2830 5190 et
2864 5137 3108 5206 plerique
3139 5136 3276 5189 nihil
3305 5135 3451 5190 aliud
3499 5151 3623 5190 esse
3664 5151 3827 5204 quam
3861 5134 4076 5197 Solium,

2515 5215 2573 5260 et
2602 5219 2805 5267 tamen,
2838 5205 3103 5275 quidnam
3147 5218 3291 5261 esset
3324 5206 3468 5259 istud
3505 5208 3705 5261 solium
3743 5221 3801 5260 se
3838 5205 4080 5274 ignorare

2518 5277 2756 5347 ingenue
2793 5277 3067 5340 fatentur;
3100 5277 3208 5330 nisi
3250 5277 3398 5347 quod
3442 5275 3682 5332 Jacobus
3716 5275 3859 5329 Guar
3890 5276 4075 5347 solium

2515 5345 2719 5402 Christi
2772 5364 2868 5417 per
2913 5364 3109 5402 nomen
3157 5345 3290 5401 illud
3343 5346 3625 5416 designari
3676 5349 3926 5400 allirmet.
3978 5345 4074 5398 Sed

2518 5419 2687 5471 miror
2718 5420 2922 5473 nemini
2957 5420 3023 5474 dc
3054 5419 3154 5472 hac
3189 5433 3247 5470 re
3285 5420 3486 5487 agenti,
3515 5433 3727 5480 eorum,
3765 5433 3888 5487 quae
3917 5430 4072 5485 supra

2521 5490 2785 5553 citantur,
2830 5487 3122 5545 Sozomeni
3151 5489 3439 5542 verborum
3488 5489 3541 5542 in
3572 5497 3805 5543 mentem
3852 5490 4074 5548 venisse,

2518 5560 2720 5629 quibus
2749 5559 2806 5612 D.
2835 5561 3157 5615 Ambrosius
3187 5561 3366 5614 locum
3392 5560 3816 5629 imperatoribus
3838 5558 3888 5611 in
3913 5573 3960 5610 ei
3979 5559 4078 5629 elef

2519 5626 2598 5686 sia
2629 5633 2944 5701 assignasse
2982 5631 3239 5693 traditur,
3278 5640 3404 5683 ante
3433 5626 3706 5701 cancellos
3733 5633 3946 5682 altaris.
3967 5626 4072 5701 _Ubi

2520 5703 2662 5755 enim
2697 5699 2995 5772 imperator
3024 5703 3216 5757 sedere
3254 5701 3449 5756 solitus
3471 5709 3577 5761 est.
3612 5699 3816 5762 Solium
3847 5699 4072 5753 meritis-

2511 5773 2793 5836 simojure
2823 5774 3155 5826 nominetur.
3195 5773 3490 5838 Davanam,
3535 5774 3729 5828 Auuot.
3772 5773 3824 5825 in
3853 5785 3973 5824 can.
4022 5785 4069 5822 χι

2512 5845 2720 5899 rencilii
2771 5843 2972 5900 Nira'ni
3001 5846 3155 5911 primi

4380 2234 4384 2327 κ

4380 2541 4384 2631 ι

4380 2668 4384 2787 l

4380 2823 4384 2934 l

4380 3446 4384 3539 l

4380 3591 4384 3742 ἑ

4380 3748 4384 3870 ι

4380 3871 4383 3983 ι

4381 4024 4383 4139 ι

4381 4176 4383 4325 l

4381 4328 4383 4441 ι
