4460 6634
345 433 498 500 1497

1391 445 1714 504 HISTORIA
1752 445 2510 506 ECCLESIASTICA.——LIB.
2554 450 2663 509 ΥΠ.

3499 456 3639 513 H93

341 559 627 617 λευόντων
671 562 782 634 (77)
837 562 1237 636 ἀσχολουμένου
1295 566 1597 639 Γρατιανοῦ
1654 572 1785 643 περὶ
1833 572 1958 626 θέαν
1987 576 2035 634 Α
2064 572 2102 627 il

1897 589 1958 626 αν
1987 576 2035 634 Α
2064 572 2119 627 in
2156 572 2388 630 ecclesia
2434 572 2829 645 praecederent.
2882 568 3035 628 lianc
3076 573 3354 647 egregiam
3409 575 3658 633 ordina-‘

344 656 642 727 κυνηγίων
668 696 682 721 ,
717 656 838 719 οἵας
869 654 1124 711 εἰώθασιν
1157 660 1203 712 οἱ
1234 658 1477 729 βασιλεῖς
1509 662 1796 730 ἐπιτελεῖν,
1830 682 1956 736 τερ-

346 748 552 819 πωλῆς
583 747 717 812 ἰδίας
754 748 938 819 χάριν,
959 750 1021 803 ού
1056 750 1345 840 δημοσίας,
1385 754 1612 825 μηδενός
1640 772 1699 809 τε
1728 756 1837 810 τῶν
1863 758 1955 811 ἐπὶ

346 843 484 904 ταῖς
524 841 833 911 βασιλικαῖς
881 842 1078 908 πύλαις
1124 845 1475 916 τεταγμένων
1521 848 1842 918 μηνύοντος,
1877 848 1953 915 ὡς

348 932 423 984 οὐ
466 932 658 1004 καιροῦ
704 934 882 998 ὄντος,
933 935 1310 1008 ὑπεχώρησεν.
1382 939 1584 994 Ἐλθὼν
1628 941 1685 995 δὲ
1726 943 1820 996 ἐπὶ
1854 943 1953 1014 τὴν

355 1020 597 1099 πύληνῇ
626 1029 752 1091 τοὺς
783 1028 955 1100 θῆρας
982 1030 1220 1100 εἰσῆγον,
1242 1028 1421 1087 ἔλαθε.
1456 1033 1567 1087 Καὶ
1600 1034 1953 1089 συνεισελθὼν

355 1120 478 1181 τοῖς
518 1121 772 1189 κυνηγοῖς
804 1121 864 1173 ού
900 1120 1167 1193 πρότερον
1206 1123 1544 1195 καθυφῆκεν,
1570 1127 1692 1180 οὐδὲ
1719 1129 1952 1199 Γρατια-

359 1212 459 1262 νοῦ
492 1210 585 1264 καὶ
614 1211 723 1264 τῶν
769 1212 905 1283 ἀμφ’
950 1212 1113 1267 αὑτὸν
1143 1216 1567 1273 ἀντιϐολούντων
1594 1216 1758 1286 εἶξεν,
1794 1224 1843 1276 εἰ
1876 1223 1949 1293 μὴ

362 1302 684 1373 παραυτίκα
716 1305 983 1375 σωτήριον
1007 1304 1187 1377 ψῆφον
1207 1306 1302 1360 τοῦ
1331 1307 1596 1377 βασιλέως
1627 1310 1949 1378 ἐξέσπασεν,

359 1393 457 1445 τὸν
494 1394 584 1446 ἐπὶ
626 1392 844 1465 θανάτῳ
896 1395 1165 1467 ἀγόμενον
1206 1383 1627 1472 ὲλευθεροὖσαν.
1692 1405 1765 1457 Οὐ
1820 1403 1948 1475 μὴν,

362 1483 504 1535 ἀλλὰ
530 1485 624 1553 καὶ
654 1486 782 1556 περὶ
810 1486 910 1557 τὴν
938 1486 1186 1559 φυλακὴν
1213 1487 1324 1542 τῶν
1352 1490 1535 1561 νόμων
1577 1491 1677 1563 τῆς
1721 1492 1943 1565 Ἐκκλη-

364 1576 522 1639 σίας,
579 1577 674 1631 καὶ
719 1582 821 1646 τὴν
865 1578 1090 1652 ἀγωγὴν
1137 1580 1246 1634 τῶν
1291 1581 1385 1634 ὑπ’
1429 1582 1595 1636 αὐτὸν
1645 1584 1946 1654 κληρικῶν,

365 1668 655 1732 σπουδαῖος
701 1669 844 1738 ἄγαν
871 1671 1110 1739 ἐγένετο.
1182 1673 1275 1725 Ἐκ
1319 1673 1528 1726 πολλῶν
1561 1675 1618 1727 δὲ
1661 1675 1769 1729 τῶν
1800 1677 1948 1749 αύτῷ

364 1760 819 1832 κατωρθωμένων
852 1763 979 1816 τάδε
1039 1781 1131 1833 μοι
1160 1765 1399 1833 εἰρήσθω
1417 1805 1432 1829 ,
1475 1767 1555 1830 εἰς
1584 1767 1856 1836 ἀπόδειξιν
1880 1765 1949 1841 ἦς

364 1847 477 1922 εἶχε
510 1852 595 1905 διὰ
624 1852 757 1906 Θεὸν
783 1855 921 1925 πρὸς
953 1857 1079 1919 τοὺς
1111 1856 1448 1926 κρατοῦντας
1476 1860 1810 1931 παρρησίας.

2057 666 2262 723 tionem
2293 667 2594 737 imperator
2616 665 2963 724 Theodosius
2992 668 3408 737 comprobavit,
3432 676 3488 725 et
3518 685 3647 727 suc-

2058 773 2315 815 cessores
2363 759 2487 830 ejus
2534 768 2728 831 postea
2775 760 3228 816 confirmarunt:
3263 769 3426 831 atque
3467 776 3532 816 ex
3578 777 3645 819 eo

2056 858 2305 921 tempore
2336 850 2390 904 in
2424 850 2572 905 hunc
2604 864 2783 922 usque
2820 851 2960 905 diem
3010 850 3299 908 observari
3344 866 3466 907 eam
3494 852 3645 908 vide-

2056 960 2198 1000 mus.
2238 942 2503 1013 Ejusdem
2551 945 2657 999 viri
2701 943 2852 1000 istud
2897 959 3120 1015 quoque
3159 944 3522 1000 memorabile
3561 945 3646 1000 fa-

2057 1036 2215 1092 cinus
2244 1035 2376 1090 huic
2431 1035 2580 1105 operi
2616 1034 2860 1090 inserere
2898 1036 3275 1090 necessarium
3302 1034 3435 1089 duxi
3467 1054 3481 1090 :
3508 1034 3645 1101 Qui-

2057 1128 2181 1183 dam
2211 1127 2482 1200 religione
2516 1142 2771 1199 paganus
2792 1168 2807 1194 ,
2841 1126 2939 1183 sed
2973 1126 3243 1198 dignitate
3274 1129 3606 1199 conspicuus
3626 1170 3641 1197 ,

2056 1220 2383 1277 Gratianum
2404 1221 2674 1277 conviciis
2700 1221 3065 1287 laceraverat,
3092 1230 3149 1279 et
3172 1230 3328 1293 patre
3357 1221 3643 1293 indignum

2054 1314 2452 1385 appellaverat,
2481 1313 2553 1369 ob
2578 1312 2744 1384 idque
2768 1314 2822 1368 in
2844 1314 3114 1383 judicium
3143 1323 3393 1380 vocatus,
3423 1314 3643 1383 capitali

2055 1406 2332 1461 sententia
2359 1404 2659 1462 damnatus
2686 1404 2889 1460 fuerat.
2917 1404 3021 1472 Qui
3056 1421 3181 1461 cum
3214 1404 3283 1460 ad
3315 1405 3643 1476 supplicium

2053 1498 2372 1563 duceretur,
2400 1498 2732 1555 Ambrosius
2760 1515 2859 1571 pro
2887 1500 2983 1577 illo
3014 1499 3427 1555 intercessurus
3456 1497 3524 1552 ad
3549 1511 3645 1568 pa-

2053 1591 2240 1646 latium
2275 1591 2537 1662 perrexit.
2584 1590 2695 1647 Sed
2726 1606 2853 1647 cum
2893 1590 3192 1646 Gratianus
3244 1590 3430 1645 studio
3480 1598 3643 1658 atque

2052 1683 2290 1754 impulsu
2344 1697 2530 1739 eorum
2572 1683 2667 1754 qui
2708 1683 2812 1754 ipsi
2855 1682 3288 1747 insidiabantur,
3327 1679 3644 1751 spectaculo

2050 1774 2403 1830 venationum
2431 1790 2553 1831 sese
2588 1775 2910 1843 oblectaret,
2942 1774 3261 1846 cujusmodi
3300 1775 3368 1827 ab
3407 1772 3644 1842 impera-

2050 1865 2266 1920 toribus
2318 1864 2407 1919 edi
2460 1866 2674 1931 solent,
2704 1867 2953 1935 privatae,
3013 1881 3121 1921 non
3166 1873 3350 1920 autem
3410 1863 3644 1936 publica:

362 1948 661 2016 voluptatis
688 1962 856 2003 causa
882 1966 897 2016 ;
929 1964 1033 2005 nec
1066 1951 1216 2006 ullus
1246 1966 1436 2007 eorum
1467 1954 1560 2024 qui
1592 1954 1658 2009 ad
1690 1958 1875 2027 palatii
1915 1958 2063 2016 fores
2102 1958 2394 2015 constituti
2426 1971 2582 2015 erant
2605 2001 2622 2028 ,
2653 1959 2953 2015 adventum
2990 1959 3111 2030 ejus
3141 1958 3461 2029 imperatori
3496 1974 3644 2011 nun-

363 2041 562 2106 tiaret,
601 2049 794 2113 utpote
824 2044 1269 2116 intempestivum
1293 2090 1308 2114 ,
1335 2048 1616 2105 discessit.
1649 2051 1901 2126 Cumque
1934 2056 2177 2112 venisset
2204 2054 2272 2109 ad
2305 2063 2520 2125 portam
2553 2071 2653 2126 per
2680 2071 2846 2125 quam
2878 2056 3070 2112 bestia:
3102 2054 3528 2117 inducebantur,
3561 2053 3636 2106 la-

364 2139 548 2189 tenter
592 2152 702 2191 una
737 2153 861 2194 cum
892 2141 1249 2196 venatoribus
1280 2143 1656 2215 introgressus
1680 2155 1762 2204 est
1792 2165 1806 2203 :
1842 2164 1942 2205 nec
1970 2152 2127 2221 prius
2157 2150 2406 2217 remisit,
2439 2165 2545 2206 nec
2611 2149 2863 2206 Gratiani
2897 2158 2951 2205 et
2982 2149 3288 2205 aulicorum
3321 2146 3439 2216 ejus
3471 2146 3643 2200 obsc-

362 2232 708 2292 orationibus
736 2239 935 2303 cessit,
964 2254 1125 2309 quam
1158 2248 1376 2296 extorta
1413 2243 1483 2298 ab
1516 2244 1850 2315 imperatore
1886 2249 2227 2321 indulgentia
2248 2290 2263 2317 ,
2297 2265 2406 2319 qua
2442 2248 2606 2303 marti
2637 2248 2899 2303 addictus
2927 2246 3272 2302 liberaretur.
3305 2242 3448 2298 ldem
3478 2255 3644 2312 porro

365 2322 424 2377 in
460 2325 823 2385 observandis
856 2329 1073 2400 legibus
1107 2334 1538 2400 ecclesiasticis,
1577 2346 1630 2392 et
1663 2339 1716 2392 in
1743 2339 2075 2396 clericorum
2110 2356 2343 2397 suorum
2374 2339 2667 2411 disciplina
2709 2337 3167 2410 diligentissimus
3199 2334 3322 2389 fuit.
3362 2333 3539 2403 Atque
3575 2347 3639 2386 cx

363 2421 555 2477 multis
581 2439 703 2493 quae
743 2425 811 2479 ab
856 2441 922 2480 eo
959 2436 1089 2482 sunt
1125 2430 1390 2499 praeclare
1435 2440 1610 2503 gesta,
1648 2434 1766 2490 haec
1796 2436 2038 2494 breviter
2066 2452 2098 2492 a
2134 2451 2220 2494 me
2253 2436 2401 2493 dicta
2439 2437 2581 2501 sint,
2613 2434 2682 2491 ad
2718 2432 3105 2490 declarandam
3139 2430 3261 2501 ejus
3294 2428 3600 2484 libertatem
3622 2464 3641 2496 ,

364 2529 473 2585 qua
508 2532 637 2588 erga
673 2518 1033 2589 imperatores
1064 2531 1289 2594 propter
1321 2524 1491 2583 Deum
1522 2536 1609 2584 est
1643 2546 1795 2586 usus.

939 2640 1194 2695 ΚΕΦΑΛ.
1224 2642 1369 2710 Kq'.

363 2746 505 2814 Περὶ
556 2748 664 2830 τοῦ
719 2750 930 2830 αἰσίου·
954 2752 1254 2830 Δονάτουῗμ
1271 2755 1613 2830 ἑπιιζκόπου
1658 2763 1946 2830 Εὺωρίας,

471 2818 571 2870 καὶ
602 2818 734 2887 περὶ
763 2823 1046 2891 Θεοτίμου
1079 2825 1184 2878 τοῦ
1208 2826 1455 2880 Σκυθῶν
1480 2818 1817 2899 ἀρχιερέωξ.

439 2908 598 2963 Κατὰ
645 2910 833 2966 τοῦτον
869 2914 927 2967 δὲ
971 2914 1154 2969 πολλοὶ
1192 2917 1462 2989 πολλαχοῦ
1494 2921 1593 2991 τῆς
1624 2923 1949 2994 οἰκουμένης

364 3000 423 3054 ὲν
451 3002 768 3068 ἐπισκόποις
800 3004 1119 3075 διέπρεπον,
1143 3008 1220 3073 ὡς
1264 3010 1494 3074 Δονάτος
1518 3014 1545 3065 ὁ
1578 3013 1809 3083 Εὐροίας
1834 3015 1946 3085 (78)

363 3094 465 3163 τῆς
496 3095 782 3165 Ἠπείρου·
813 3091 857 3166 ᾧ
888 3098 950 3168 δὴ
976 3099 1147 3153 πολλά
1168 3118 1227 3154 τε
1260 3103 1355 3155 καὶ
1383 3104 1518 3158 ἄλλα
1543 3104 1949 3178 τεθαυματουρ-

365 3187 566 3257 γῆσθαι
618 3190 984 3261 μαρτυροῦσιν
1027 3194 1076 3244 οἱ
1130 3194 1444 3265 ἐπιχώριοι,
1498 3197 1731 3267 μάλιστα
1779 3200 1835 3253 δὲ
1882 3201 1951 3255 τὰ

366 3282 494 3353 περὶ
528 3282 803 3352 ἀναίρεσιν
835 3282 928 3336 τοῦ
954 3283 1263 3354 δράκοντος,
1296 3288 1356 3350 ὃς
1387 3290 1515 3360 περὶ
1543 3290 1640 3354 τὰς
1669 3291 1947 3363 καλουμέ-

365 3391 461 3436 νας
494 3375 931 3447 Χαμαιγεφύρας
961 3379 1111 3449 παρὰ
1136 3380 1233 3450 τὴν
1266 3380 1540 3453 λεωφόρον
1567 3384 1826 3453 ἐφώλευε,
1853 3386 1946 3440 καὶ

365 3466 639 3537 πρόϐατα,
672 3469 764 3521 καὶ
798 3465 975 3538 αἶγας,
1007 3476 1098 3524 καὶ
1125 3471 1274 3541 βόας,
1307 3474 1508 3539 ἵππους
1540 3493 1599 3528 τε
1623 3478 1717 3530 καὶ
1744 3478 1951 3549 ἀνθρώ-

367 3577 501 3623 πους
534 3560 861 3631 ἐξήρπαξεν.
915 3564 989 3616 Ub
1024 3564 1130 3635 γὰρ
1166 3564 1318 3634 ξίφος
1355 3566 1387 3636 ἢ
1422 3567 1550 3638 δόρυ
1593 3569 1797 3639 φέρων,
1830 3570 1950 3623 οὐδὲ

365 3649 492 3703 ἄλλο
516 3668 569 3703 τι
600 3651 752 3721 βέλος
782 3652 939 3724 ἔχων,
971 3656 1062 3707 ἐπὶ
1092 3658 1239 3709 τουτί
1262 3657 1323 3710 τὸ
1348 3658 1537 3729 θηρίον
1560 3654 1743 3730 ἦλθεν.
1809 3660 1947 3714 Ἀλλ’

366 3743 442 3807 ὡς
486 3742 701 3813 ᾔσθετο,
742 3746 834 3798 καὶ
883 3746 983 3817 τὴν
1022 3746 1262 3817 κεφαλὴν
1301 3748 1376 3812 ὡς
1417 3750 1745 3820 ὲφορμήσων
1791 3751 1949 3816 ἐξαν-

370 3836 617 3906 έστησεν,
653 3838 1068 3909 ἀντιπρόσωπον
1114 3841 1262 3911 αύτῴ
1293 3843 1373 3904 εἰς
1409 3843 1644 3914 σταυροῦ
1677 3845 1943 3916 σύμὸολον

369 3933 458 3985 τὸν
500 3934 639 4006 ἀέρα
682 3934 760 4005 τῷ
796 3935 1045 4006 δακτύλῳ
1089 3938 1472 4008 κατεσήμανε,

2545 2648 2710 2719 313
2746 2646 2898 2703 CAP.
2947 2643 3135 2700 xxw.

2196 2760 2277 2816 De
2318 2771 2502 2817 sancto
2530 2761 2742 2815 Donato
2778 2760 2981 2815 Eurum
3014 2760 3252 2829 episcopo
3274 2797 3289 2820 ,
3322 2766 3372 2812 et
3415 2757 3478 2811 de

2377 2832 2648 2886 Theotimo
2692 2830 3013 2901 Scytharum
3062 2830 3322 2884 antistite.

2126 2922 2327 2979 Eodem
2366 2934 2611 2994 tempore
2644 2923 2698 2977 in
2733 2922 2975 2979 diversis
3012 2923 3160 2978 orbis
3195 2922 3448 2993 partibus
3481 2921 3636 2976 multi

2057 3013 2201 3070 inter
2227 3016 2520 3086 episcopos
2571 3016 2922 3071 enituerunt.
2968 3014 3042 3069 Ex
3085 3014 3177 3070 his
3223 3014 3325 3069 fuit
3355 3013 3638 3093 Donatus,

2056 3107 2270 3163 Eurmte
2310 3108 2364 3162 in
2400 3108 2564 3178 Epiro
2589 3110 2926 3179 episcopus:
2961 3123 3137 3178 quem,
3155 3121 3283 3161 cum
3320 3105 3425 3158 alia
3468 3102 3639 3159 multa

2058 3200 2403 3255 admirabilia
2448 3210 2829 3271 perpetrasse,
2878 3200 3004 3271 ejus
3047 3199 3153 3254 loci
3200 3198 3394 3254 incola:
3428 3204 3637 3251 testan-

2054 3302 2148 3347 tur
2172 3331 2192 3359 ,
2227 3302 2341 3347 tum
2373 3291 2508 3348 illud
2538 3293 2813 3363 praecipue
2842 3296 2986 3364 quol
3026 3292 3080 3346 in
3113 3292 3229 3347 (ιι-ηε
3253 3290 3377 3345 onis
3412 3287 3639 3343 interfe-

2052 3387 2237 3441 ctione
2281 3386 2489 3456 gessit,
2535 3388 2631 3457 qui
2680 3388 2832 3442 circa
2882 3387 3064 3442 locum
3112 3398 3275 3455 quem
3324 3382 3641 3451 (Iliamzegc-

2058 3478 2261 3549 phyras
2313 3478 2636 3542 nominant,
2678 3479 2838 3548 juxta
2895 3492 3149 3548 aggerem
3184 3475 3464 3546 publicum
3517 3472 3641 3527 lati-

2058 3580 2218 3633 tans,
2253 3584 2416 3636 oves,
2467 3584 2707 3639 capras,
2737 3578 2791 3625 et
2831 3570 3033 3632 boves,
3077 3582 3252 3637 equos
3301 3567 3431 3620 item
3475 3572 3639 3635 atque

2058 3663 2305 3719 homines
2347 3663 2620 3733 rapiebat.
2658 3663 2847 3733 Neque
2882 3665 3027 3719 enim
3084 3662 3180 3717 ille
3227 3658 3507 3729 gladium,
3544 3666 3641 3711 aut

2056 3756 2268 3812 hastam
2292 3796 2306 3819 ,
2342 3763 2437 3810 aut
2467 3755 2616 3810 aliud
2644 3755 2928 3825 quodlibet
2974 3755 3140 3808 telum
3187 3762 3411 3823 gestans
3434 3792 3447 3812 ,
3494 3750 3638 3803 hanc

2047 3847 2285 3902 belluam
2319 3847 2547 3903 adortus
2583 3855 2689 3902 est.
2729 3846 2835 3901 Sed
2868 3860 2996 3899 cum
3034 3844 3204 3897 draco
3238 3842 3534 3897 adventum
3570 3840 3638 3893 il-

1514 3939 1608 3994 καὶ
1649 3941 1945 3995 ἐπέπτυσε.
1974 3946 2017 4005 c
2051 3940 2157 3996 lius
2186 3939 2454 3995 sensisset
2481 3980 2496 4006 ,
2525 3948 2580 3995 et
2615 3950 2877 4010 tanquam
2911 3938 3174 4008 impetum
3208 3935 3265 3990 in

1874 3957 1945 3995 re.
1974 3946 2017 4005 ο
2051 3940 2157 3996 lius
2186 3939 2454 3995 sensisset
2481 3980 2496 4006 ,
2525 3948 2580 3995 et
2615 3950 2877 4010 tanquam
2911 3938 3174 4008 impetum
3208 3935 3265 3990 in
3299 3950 3423 3989 eum
3458 3935 3635 3988 factu-

1579 4122 1847 4179 VALESII
1885 4120 2442 4179 ANNOTATIONES.

442 4237 573 4310 (77)g
594 4235 739 4291 Ὑπὸ
773 4235 1050 4310 σπουδῆς
1084 4237 1153 4291 δὲ
1184 4238 1303 4292 τῶν
1330 4236 1490 4304 αὐτῷ
1514 4240 1936 4295 ἐπιϐουλευόν-

370 4308 507 4365 των.
554 4308 883 4381 interpretes
918 4308 1048 4381 ἣξεοᾲ
1066 4310 1231 4381 verba
1262 4309 1338 4363 ita
1381 4322 1732 4380 acceperunt,
1772 4312 1936 4381 quasi

368 4395 473 4436 vox
513 4378 662 4448 αὐτῷ
689 4377 958 4452 referatur
986 4378 1053 4432 ad
1094 4380 1244 4452 illum
1275 4381 1369 4450 qui
1398 4377 1621 4451 capi—tali
1664 4377 1937 4452 supplicio

371 4447 660 4506 damnatus
690 4447 889 4520 fuerat,
922 4464 987 4520 eo
1018 4455 1158 4519 quod
1194 4447 1514 4520 imperatori
1544 4447 1935 4509 maledi'xisset.

372 4522 481 4593 Ego
507 4528 687 4593 tamen
717 4518 784 4572 ad
804 4518 1125 4593 Gratianum
1153 4518 1332 4593 ipsum
1363 4523 1502 4576 hanc
1528 4538 1717 4577 vocem
1744 4523 1934 4579 referri

371 4590 559 4654 malui,
617 4604 779 4659 quem
831 4590 1063 4659 proximi
1120 4592 1186 4644 ad
1224 4592 1539 4660 hujusmodi
1590 4593 1938 4649 venationum

372 4662 681 4731 spectacula
709 4662 962 4717 consulto
991 4662 1363 4730 impellebant,
1400 4671 1458 4716 ut
1490 4665 1819 4731 imperatore
1849 4665 1935 4718 his

372 4733 600 4788 ludicris
634 4739 942 4803 occupato!
981 4732 1085 4800 ipsi
1130 4734 1525 4801 rempublicam
1570 4749 1668 4803 pro
1706 4735 1937 4789 arbitrio

372 4803 839 4857 administrarent.
891 4801 1147 4857 Testatur
1205 4804 1305 4857 hoc
1336 4801 1660 4859 Ammianus
1708 4804 1940 4859 Μαι-θοις

374 4874 608 4946 linnsin
644 4874 737 4927 lih.
782 4873 1220 4946 xnt,_pag.455
1244 4912 1259 4935 ,
1290 4883 1344 4929 et
1374 4877 1424 4928 iu
1460 4876 1554 4928 lib.
1589 4891 1736 4929 xxvn
1766 4915 1779 4937 ,
1814 4891 1935 4946 pag.

371 4945 494 5009 544,
530 4945 615 5000 his
642 4944 825 5015 verbis
864 4960 875 4995 :
913 4942 1135 5014 Egregia
1170 4946 1394 5013 pectoris
1434 4946 1657 5009 indoles,
1692 4942 1941 5015 quem}-

372 5026 662 5082 peratorem
696 5014 960 5082 implesset
1010 5031 1128 5067 cum
1182 5026 1408 5069 veterum
1464 5014 1765 5070 lectissimis
1796 5034 1941 5070 com--

372 5085 709 5158 parandum,
762 5086 807 5138 si
851 5101 941 5158 per
978 5085 1093 5154 fata
1136 5087 1506 5155 proximosque
1546 5088 1779 5140 licuisset
1808 5104 1825 5141 :
1852 5089 1941 5158 qui

2039 4240 2269 4294 Roberti
2329 4235 2617 4306 Stephani.
2651 4234 2853 4290 Verum
2889 4234 2944 4289 in
2998 4233 3206 4306 codice
3246 4230 3551 4306 Fultetiano
3579 4239 3636 4287 et

2040 4303 2870 4386 apudNicephorumscribitur
2891 4305 3143 4386 Egpoiag.
3173 4303 3421 4386 Ortel‘iu's
3444 4311 3629 4383 tamen

2041 4370 2467 4452 mendumésse
2505 4379 2789 4452 existimat
2822 4378 2875 4430 in
2920 4370 3341 4452 Nicephoro,_et
3379 4370 3633 4452 Evoriam

2041 4452 2213 4507 scribi
2243 4450 2463 4506 debere.
2507 4449 2607 4503 Cui
2638 4464 2708 4502 ne
2747 4443 3072 4511 assentiar,
3098 4444 3231 4499 facit
3264 4443 3633 4511 Meuologiutn

2042 4522 2384 4585 Grmcorum,
2420 4521 2472 4575 in
2504 4535 2615 4588 quo
2652 4519 2725 4571 ita
2751 4518 2950 4586 legitur
2972 4517 3061 4573 die
3082 4517 3363 4588 tricesimo
3388 4513 3631 4588 Aprilis:

2048 4592 2246 4647 Eodem
2281 4583 2379 4644 die
2412 4583 2843 4644 com-memoratio
2867 4588 3039 4641 sancti
3075 4584 3263 4640 Patris
3303 4584 3500 4637 Donati
3527 4583 3636 4650 epi-

2045 4666 2188 4732 scopi
2248 4666 2457 4717 Euraea:
2508 4661 2603 4732 sub
2668 4659 2964 4732 Theodosio
3024 4656 3226 4732 Magno
3293 4656 3631 4732 imperatore.

2050 4723 2217 4788 Paulo
2235 4740 2362 4788 ante
2388 4733 2442 4786 in
2468 4731 2659 4786 eodem
2684 4728 2992 4800 hlenologio
3024 4723 3281 4800 leguntur
3300 4726 3414 4800 haec
3433 4723 3596 4800 verba
3616 4742 3631 4800 ς

2051 4804 2248 4859 Eodem
2327 4802 2412 4857 die
2472 4801 2645 4857 sancti
2686 4799 2872 4854 Patris
2908 4796 3099 4853 ’ποειτί
3153 4797 3353 4854 Donati
3408 4796 3636 4864 episcopi

2050 4877 2261 4929 Aurem.
2325 4872 2433 4929 Sed
2484 4879 2804 4940 corruptum
2856 4878 2939 4925 est
2972 4870 3381 4940 urbisinomen
3421 4867 3495 4940 _in
3532 4866 3636 4919 hoc

2052 4947 2354 5016 posteriore
2402 4947 2522 4998 loco
2543 4936 2715 5016 ,Mpi'o
2774 4941 2984 5016 Eurous
3016 4940 3100 4994 vel
3136 4939 3388 5016 latiorem.
3421 4936 3635 5016 ls_vero

2050 5006 2526 5089 quirMenologium
2562 5006 2694 5089 illud
2724 5012 2973 5089 collegit,
3002 5026 3128 5089 cum
3155 5026 3221 5089 es
3250 5008 3423 5089 variis
3442 5006 3630 5089 Meno-

2051 5078 2208 5157 logiis
2243 5078 3060 5157 illml'consarcinaretf_vitio
3113 5080 3435 5157 scriptionis
3484 5078 3634 5130 illius

374 5149 615 5211 rirtutem
660 5156 773 5224 ejus
813 5149 986 5208 etiam.
1026 5149 1145 5209 tum
1176 5149 1473 5211 instabilem
1496 5198 1509 5223 ,
1566 5149 1945 5211 adnubilarunt
1977 5161 2020 5217 ῐ)
2050 5149 2313 5226 ιιοέεριιιε
2345 5172 2410 5211 ex
2437 5170 2545 5209 uno
2573 5155 2712 5209 duos
2733 5151 3151 5226 fecit_Donatos_.
3178 5149 3432 5226 Nostram
3466 5161 3634 5226 porro

372 5228 575 5283 artibus
626 5227 821 5294 pravis.
869 5226 1012 5281 ldem
1048 5226 1182 5280 dicit
1224 5228 1275 5280 in
1320 5228 1415 5283 lib.
1446 5244 1572 5282 xxx:
1607 5248 1620 5282 :
1657 5228 1946 5282 Prwclara:

374 5299 566 5352 indolis
622 5296 958 5369 adolescens.
1009 5306 1116 5369 etc.
1156 5296 1231 5350 Ni
1276 5315 1487 5369 vergens
1525 5300 1580 5351 in
1622 5299 1945 5355 ludibriosos

374 5380 523 5422 actus
554 5378 776 5429 natura,
817 5367 1121 5420 laxantibus
1153 5367 1429 5434 proximis,
1477 5380 1636 5424 semet
1675 5370 1743 5423 ad
1766 5371 1947 5425 studia

374 5441 605 5494 Ctesaris
658 5437 933 5493 Commodi
990 5441 1347 5494 convertisset.
1398 5440 1569 5506 Quem
1627 5442 1803 5495 locum
1856 5442 1945 5494 hic

374 5512 624 5564 omittere
678 5525 784 5563 non
838 5510 1019 5580 potui.
1076 5510 1278 5579 quippe
1316 5513 1408 5580 qui
1446 5510 1733 5565 Sozomeni
1778 5513 1941 5567 verba

373 5582 588 5652 egregie
615 5581 869 5652 explicat.
913 5579 1043 5633 Nam
1080 5590 1135 5635 et
1182 5579 1388 5636 aulicOs
1420 5582 1662 5636 Gratiani
1706 5598 1831 5637 eum
1873 5583 1939 5635 ad

375 5650 710 5706 iniecistudia
745 5652 1027 5719 impulisse
1065 5652 1201 5706 dicit
1227 5693 1241 5715 ,
1292 5663 1344 5706 et
1386 5654 1728 5707 venationem
1792 5653 1939 5707 illam

380 5722 616 5777 ferarum
668 5723 807 5774 intra
844 5733 995 5790 septa
1054 5738 1150 5777 seu
1202 5723 1434 5784 vivaria,
1492 5739 1597 5791 qua
1648 5722 1942 5777 Gratianus

379 5795 623 5861 impense
668 5792 1075 5856 delectabatur,
1137 5802 1189 5847 ct
1226 5795 1384 5863 cujus
1422 5795 1507 5848 hic
1557 5809 1586 5846 a
1636 5793 1939 5849 Sozomeno

379 5864 438 5917 lit
467 5864 690 5925 mentio,
720 5863 920 5932 optimo
954 5864 1234 5918 describit.

448 5934 559 6005 (78)
606 5935 879 6001 Είνί-ιριάς.
940 5934 1013 5988 Ita
1053 5936 1272 6005 quidem
1341 5937 1541 6007 legitur
1595 5936 1645 5991 in
1700 5936 1936 5992 editione

2050 5218 2340 5283 lectionem
2363 5226 2649 5281 confirmat
2672 5225 2837 5278 etiam
2869 5222 3206 5292 Epiphanius
3231 5218 3631 5280 Scholasticns,

2048 5296 2656 5369 apndhqnem_dicitur
2698 5291 2940 5369 Donatus
2993 5291 3311 5369 Euryampi,
3348 5295 3633 5369 corrupto

2046 5360 2152 5439 pro
2193 5360 2368 5422 Euria:
2410 5365 2768 5439 Epiri._gSane
2807 5360 3197 5439 llierocles'in
3242 5360 3439 5415 Notitia
3501 5374 3630 5439 pro:

2046 5430 2359 5495 vinciarum‘
2418 5430 2631 5504 imperii
2692 5434 2966 5499 Romani,
3045 5433 3300 5504 Eurcealn
3349 5430 3634 5504 nominat

2048 5513 2205 5565 tertio
2241 5512 2359 5565 loco
2399 5499 2542 5562 inter
2583 5509 2744 5561 urbes
2794 5504 2941 5575 Epiri
2976 5506 3195 5559 veteris.
3236 5501 3303 5575 Et
3346 5502 3492 5555 inter
3513 5499 3633 5569 epi-

2050 5597 2249 5651 scopos
2296 5580 2387 5650 qui
2437 5574 2889 5651 subscripserunt
2945 5576 3185 5651 concilio
3234 5574 3631 5651 Constantino-

2050 5644 2293 5721 poli'tano
2314 5644 2418 5706 sub
2436 5650 2608 5721 Mena,
2638 5644 2958 5721 recenselur
2981 5646 3307 5721 Theodorus
3332 5644 3631 5721 episcopus

2050 5713 2262 5777 Eurum
2289 5723 2494 5777 veteris
2528 5720 2697 5789 Epiri.
2735 5718 2797 5772 Et
2825 5720 2877 5771 in
2907 5719 3145 5772 concilio
3168 5713 3627 5789 Chalcedonensi,

2046 5795 2259 5848 actione
2300 5793 2475 5863 prima
2526 5782 2741 5845 Marcus
2797 5798 3114 5863 recensetur
3170 5788 3464 5863 episcopus
3518 5782 3627 5863 ξιι-

2047 5880 2212 5927 ϊωὲθ,
2268 5852 2359 5933 (ιίιί
2420 5863 2670 5918 interfuit
2739 5864 2948 5931 synodo
2998 5852 3286 5930 Ephesina‘
3350 5852 3626 5918 secundat,

2046 5952 2207 6003 quam
2239 5935 2411 5991 (ἶνα)ςί
2441 5933 2808 5988 latrocinalcm
2841 5939 3055 5987 vocant.
