4460 6634
858 428 993 487 1499
2330 421 2619 481 SOZOMEI

2377 420 2669 481 DZOMENI
3982 432 4138 492 ιεω

856 564 954 602 rus
976 588 989 610 ,
1020 544 1499 625 caput.extulisset
1518 584 1534 611 ,
1566 543 1685 614 ipse
1709 559 1775 601 ex
1810 543 2049 600 adverso
2082 543 2205 614 ejus
2235 552 2390 602 stans
2410 586 2425 605 ,
2453 546 2506 607 Α
2532 545 2605 599 Τὸ

2365 559 2425 605 s,
2453 546 2506 607 Δ
2532 545 2605 599 Τὸ
2630 546 2709 612 δὲ,
2754 549 2845 600 τὸν
2885 548 3068 603 σίαλον
3114 547 3196 610 εἰς
3232 547 3295 602 τὸ
3342 548 3517 620 στόμα
3561 549 3878 621 δεξάμενον,
3913 553 4126 606 αὐτίκα

858 641 1074 709 signum
1109 636 1294 692 crucis
1328 638 1385 692 in
1421 652 1546 691 aere
1573 636 1746 708 digito
1778 635 2059 707 depinxit,
2092 643 2146 692 et
2183 636 2237 691 in
2274 636 2430 691 illum
2533 654 2619 691 xm

2376 650 2430 690 m
2533 638 2805 691 κατέπεσε
2831 653 2846 669 ⁸
2898 638 2992 693 καὶ
3023 638 3217 711 νεκρὸν
3260 639 3536 711 κείμενον,
3560 642 3621 694 οὐ
3660 644 3811 712 μεῖον
3842 642 3955 697 τῶν
3989 644 4135 714 παρ’

857 730 1096 801 exspuit.
1128 728 1198 783 At
1226 728 1415 795 draco,
1450 737 1613 800 sputo
1640 729 1693 783 in
1726 744 1789 784 os
1813 736 2059 799 accepto,
2090 728 2277 785 statim
2306 744 2434 783 con-

857 802 991 877 cidit
1016 864 1031 887 ,
1060 828 1115 876 et
1143 829 1392 877 mortuus
1414 820 1609 890 jacens
1628 859 1643 885 ,
1672 821 1847 875 nihilo
1873 820 2054 874 minor
2082 820 2431 891 serpentibus

860 912 972 968 illis
1003 910 1299 983 apparuit,
1336 911 1433 981 qui
1477 910 1621 982 apud
1663 910 1829 967 Indos
1866 925 1994 967 esse
2032 920 2429 966 memorantur.

860 1003 1057 1059 Incolae
1089 1011 1272 1069 certe,
1303 1010 1431 1058 octo
1460 1002 1624 1058 boum
1663 1002 1814 1073 jugis
1857 1003 1916 1058 in
1948 1002 2264 1073 proximum
2303 1018 2431 1059 eum

858 1108 1113 1163 campum
1144 1107 1271 1147 cum
1305 1092 1712 1157 extraxissent,
1737 1100 2198 1157 concremarunt,
2228 1108 2298 1148 ne
2327 1108 2433 1165 pu-

860 1195 1108 1239 trescens
1140 1197 1323 1239 aerem
1356 1183 1634 1249 inliceret,
1669 1190 1724 1239 et
1752 1192 1960 1255 pestem
2005 1183 2146 1255 ipsis
2188 1182 2429 1241 alIerret.

861 1273 1001 1330 Huic
1032 1273 1245 1330 Donato
1276 1276 1589 1346 sepulcrum
1624 1285 1708 1332 est
1742 1276 1974 1334 illustris
2014 1276 2284 1341 ecclesia,
2312 1291 2434 1346 qua:

861 1366 930 1420 ab
972 1366 1095 1440 ipso
1138 1381 1441 1438 cognomen
1491 1367 1721 1439 accepit.
1769 1366 1934 1424 Juxta
1978 1369 2263 1425 ecclesiam
2307 1371 2432 1427 fons

860 1466 946 1513 est
969 1459 1281 1514 uberrimus
1302 1498 1317 1522 ,
1340 1474 1501 1529 quem
1533 1458 1677 1516 Deus
1702 1460 1964 1531 precibus
1994 1462 2116 1532 ejus
2141 1478 2393 1518 annuens
2414 1503 2431 1529 ,

862 1551 975 1605 illic
1007 1549 1215 1613 edidit,
1245 1565 1369 1605 cum
1404 1558 1567 1606 antea
1602 1568 1711 1607 non
1745 1562 1911 1609 esset.
1940 1551 2070 1607 Erat
2100 1555 2243 1609 enim
2274 1555 2321 1611 is
2360 1555 2433 1610 lo-

861 1656 960 1694 cus
1010 1656 1240 1710 prorsus
1284 1641 1496 1698 aridus.
1528 1640 1662 1697 Nam
1696 1658 1819 1698 cum
1868 1643 1984 1714 ipse
2033 1644 2332 1715 aliquando
2364 1661 2432 1701 ex

861 1733 1058 1787 itinere
1090 1732 1219 1787 illuc
1254 1731 1604 1797 advenisset,
1631 1743 1686 1790 et
1723 1735 1779 1789 hi
1818 1735 1913 1805 qui
1952 1749 2077 1790 cum
2114 1736 2207 1791 illo
2235 1744 2427 1801 erant,

861 1839 1017 1893 aquae
1047 1824 1275 1893 penuria
1300 1831 1715 1896 torquerentur,
1744 1826 1969 1882 humum
1997 1844 2163 1883 manu
2194 1828 2427 1893 fodiens,

860 1916 1030 1968 Deum
1063 1931 1254 1972 orasse
1285 1916 1492 1971 dicitur
1518 1933 1531 1970 :
1566 1932 1629 1972 ac
1659 1933 1809 1981 mox,
1829 1920 2102 1990 completa
2137 1922 2391 1976 oratione
2412 1964 2428 1989 ,

861 2007 1051 2076 ingens
1092 2022 1360 2077 aquarum
1407 2008 1565 2077 copia
1604 2008 1884 2067 alIluxisse
1924 2011 2270 2082 perhibetur,
2310 2028 2433 2083 qua!

859 2113 924 2151 ex
957 2112 1023 2151 eo
1068 2104 1313 2166 tempore
1359 2114 1639 2169 nunquam
1684 2099 1908 2157 defecit.
1950 2100 2127 2173 Hujus
2156 2104 2235 2159 rei
2266 2114 2434 2161 testes

860 2195 990 2240 sunt
1041 2187 1133 2257 qui
1178 2185 1407 2243 lsoriam
1452 2189 1734 2257 incolunt,
1778 2193 1958 2248 vicum
2006 2195 2162 2252 urbis
2221 2194 2436 2253 Eurmte

860 2278 915 2331 in
952 2295 1063 2350 quo
1095 2279 1207 2336 haec
1237 2290 1391 2352 gesta
1426 2291 1579 2338 sunt.
1610 2283 1807 2339 Iisdem
1836 2286 2180 2357 temporibus
2201 2327 2215 2350 ,
2246 2286 2433 2342 Tomi-

862 2378 1116 2425 tanornm
1162 2380 1218 2428 et
1263 2376 1437 2431 totius
1481 2374 1718 2446 Scythiae
1762 2374 2063 2433 Ecclesiam
2111 2380 2436 2436 Theotimus

860 2462 1241 2530 gubernabat,
1276 2466 1363 2519 vir
1393 2465 1448 2520 in
1484 2467 1786 2522 monastica
1816 2468 2165 2539 philosOphia
2200 2471 2439 2526 innutri-

863 2560 989 2618 tus;
1018 2569 1181 2623 quem
1217 2553 1399 2610 Hunni
1425 2556 1646 2611 barbari
1683 2558 1777 2628 qui
1802 2561 1948 2615 circa
1978 2559 2180 2615 Istrum
2224 2562 2439 2617 habita-

861 2648 1032 2709 bant,
1064 2649 1290 2705 virtutis
1319 2666 1488 2705 causa
1529 2650 1903 2720 admirantes,
1952 2652 2123 2709 Deum
2163 2653 2442 2709 Romano-

862 2754 981 2792 rum
1012 2740 1311 2795 vocabant:
1345 2741 1531 2796 divina
1561 2743 1765 2813 quippe
1790 2744 2055 2799 miracula
2096 2744 2152 2799 in
2196 2745 2291 2800 illo
2320 2744 2441 2801 fue-

864 2837 987 2881 rant
1010 2830 1245 2899 experti.
1275 2828 1470 2886 Fertur
1496 2815 1632 2887 sane
1651 2872 1666 2895 ,
1693 2847 1819 2887 cum
1846 2832 1937 2888 ille
1965 2832 2264 2903 aliquando
2285 2834 2443 2905 juxta

864 2920 1142 2989 regionem
1174 2921 1537 2977 barbarorum
1572 2923 1663 2994 qui
1696 2922 1809 2977 illic
1834 2932 2029 2991 erant,
2069 2926 2175 2982 iter
2202 2924 2441 2992 faceret,

864 3029 929 3068 ex
957 3013 1185 3070 adverso
1211 3015 1527 3072 occurrisse
1558 3017 1828 3087 quosdam
1861 3015 1953 3089 qui
1981 3017 2170 3075 eadem
2203 3020 2290 3074 via
2321 3036 2445 3091 per-

866 3116 1057 3178 gerent
1082 3106 1305 3166 Tomin.
1324 3107 1574 3177 Cumque
1595 3109 1717 3181 ejus
1740 3113 1970 3167 comites
1986 3153 2001 3179 ,
2032 3118 2293 3184 tanquam
2318 3130 2445 3171 mox

2546 725 2726 791 Ἰνδοῖς
2772 727 3169 800 ἱστορουμένων
3206 729 3454 799 ἑρπετῶν
3503 730 3729 803 διεφάνη
3752 732 3825 801 ξτὸ
3858 732 4128 803 μέγεθος.

2545 816 2759 887 ’Λμέλει
2785 835 2889 881 τοι,
2914 818 2990 882 ὡς
3021 818 3325 890 ἐπυθόμην,
3352 820 3458 874 ὑπὸ
3496 820 3747 890 ζεύγεσιν
3774 822 3919 877 όκτὼ
3943 826 4034 887 είς
4068 824 4133 876 τὸ

2533 907 2761 979 πλησίον
2780 909 2957 963 πεδίον
2985 908 3372 975 ἐξελκύσαντες
3402 912 3533 965 αὐτὸ
3559 914 3610 966 οί
3644 912 3952 985 ἐπιχώριοι,
3987 932 4131 969 κατε

2533 996 2789 1061 έκαυσαν,
2834 1000 2983 1062 ὅπως
3038 999 3113 1071 μὴ
3155 998 3439 1063 διασαπεὶς
3476 999 3567 1053 τὸν
3598 1000 3736 1071 ἀέρα
3768 1001 4129 1071 λυμανεῖται,

2532 1094 2629 1144 καὶ
2665 1089 2904 1162 λοιμώδη
2934 1090 3089 1144 νόσον
3128 1091 3354 1165 ποιήσῃ.
3400 1092 3619 1159 Δονάτῳ
3652 1092 3709 1145 δέ
3739 1092 3916 1163 τούτῳ
3944 1094 4129 1162 τάφος

2533 1182 2680 1236 ἐστὶν
2699 1182 2964 1253 ἐπίσημος
2980 1182 3267 1255 εὐκτήριος
3287 1183 3400 1253 (79)
3414 1176 3583 1250 οῐκος,
3601 1184 3695 1239 ἀπ’
3716 1184 3883 1239 αὐτοῦ
3906 1185 4011 1257 τὴν
4024 1187 4130 1239 ἐπ-

2532 1272 2776 1343 ωνυμίαν
2796 1275 2952 1343 ἔχων.
2984 1273 3120 1345 Περὶ
3155 1272 3343 1329 τοῦτον
3369 1274 3428 1329 δέ
3458 1274 3611 1347 πηγὴ
3640 1275 3850 1331 ὑδάτων
3880 1276 4129 1344 πολλῶν,

2533 1366 2600 1437 ἢν
2618 1365 2679 1418 οὺ
2707 1365 2968 1438 πρότερον
2988 1362 3177 1431 οὖσαν,
3202 1365 3503 1439 εὐξαμένου
3528 1366 3719 1434 αὑτοῦ,
3749 1368 3813 1421 τδ
3833 1367 3989 1422 Θεϊον
4026 1368 4130 1420 ἀν-

2533 1459 2753 1513 έδωκεν.
2785 1455 2894 1512 Ἦν
2925 1459 3030 1529 μὲν
3061 1458 3171 1531 γὰρ
3209 1453 3363 1525 οὗτος
3414 1462 3444 1514 ὁ
3468 1460 3647 1531 χῶρος
3693 1459 3971 1522 παντελῶς
3990 1460 4131 1515 ἄνυ-

2532 1553 2677 1623 δρος.
2738 1551 2828 1617 Ἐξ
2851 1551 3159 1623 ὁδοιπορίας
3188 1550 3247 1606 δέ
3278 1566 3409 1606 ποτε
3432 1551 3619 1606 ἐνθάδε
3647 1552 4132 1624 παραγενόμενος,

2533 1645 2747 1715 λέγεται
2778 1644 2885 1698 τῶν
2917 1645 3056 1715 ἀμφ’
3084 1643 3246 1698 αὐτὸν
3273 1644 3479 1717 ἀπορίᾳ
3516 1640 3709 1708 ὕδατος
3731 1645 4129 1715 ιιεαλαιπιυρου⁶

2537 1736 2734 1806 μένων,
2768 1736 2833 1807 τῇ
2884 1732 3028 1806 χειρὶ
3055 1734 3153 1806 τὴν
3198 1735 3300 1806 γῆν
3332 1733 3573 1806 λαχήνας
3608 1734 3885 1802 εὔξασθαι,
3917 1735 4039 1807 ἅμα
4066 1733 4132 1788 δὲ

2532 1829 2599 1898 τῇ
2630 1827 2762 1897 εὐχῇ
2792 1825 3028 1895 ἄφθονον
3056 1825 3357 1880 ἀναϐλύσαι
3387 1825 3554 1898 ὕδωρ,
3583 1826 3675 1881 καὶ
3701 1826 3761 1894 ἐξ
3795 1827 4006 1881 ἐκείνου
4047 1828 4129 1897 μὴ

2529 1920 2817 1973 διαλιπεῖν.
2874 1918 3032 1973 Ἀλλά
3059 1919 3224 1974 τῶνδε
3262 1920 3360 1992 μὲν
3404 1920 3703 1992 μάρτυρες,
3743 1920 3794 1973 οί
3830 1918 3933 1991 τὴν
3970 1920 4130 1973 Ἰσω-

2537 2010 2657 2083 ρίαν
2681 2010 2955 2075 οἰκοῦντες
2976 2009 3171 2082 κώμην
3206 2011 3461 2083 Εὐροίας,
3487 2010 3607 2064 καθ’
3635 2011 3703 2081 ἢν
3732 2010 3859 2064 τάδε
3892 2008 4124 2075 συνέϐη.

2547 2105 2635 2158 Ἑν
2675 2103 2848 2175 τούτῳ
2879 2103 2937 2157 δὲ
2976 2102 3201 2174 Τόμεως
3248 2103 3343 2157 καὶ
3390 2102 3491 2172 τῆς
3531 2102 3699 2171 ἄλλης
3752 2100 3987 2164 Σκυθίας
4017 2102 4131 2169 τὴν

2548 2194 2875 2267 Ἐκκλησίαν
2920 2192 3254 2264 ἐπετρόπευε
3301 2191 3564 2263 Θεότιμος
3601 2191 3837 2260 Σκύθης,
3885 2190 4027 2260 ἀνὴρ
4066 2192 4129 2241 ἐν

2538 2287 2826 2358 φιλοσοφίᾳ
2854 2284 3115 2358 τραφείςο
3144 2284 3204 2337 ὃν
3245 2282 3513 2355 ἀγάμενοι
3542 2278 3641 2353 τῆς
3670 2282 3874 2354 ἀρετῆς
3906 2283 3959 2335 οἱ
3988 2280 4130 2349 περὶ

2536 2380 2628 2435 τὸν
2654 2381 2865 2451 Ἴστρον
2890 2372 3078 2434 Οὗννοι
3106 2376 3396 2450 βάρϐαροι,
3427 2375 3562 2430 Θεὸν
3593 2373 3880 2445 Ῥωμαίων
3903 2371 4130 2441 ὠνόμα-

2539 2474 2650 2537 ζον.
2701 2470 2811 2525 Καὶ
2859 2469 2966 2541 γάρ
3015 2469 3081 2541 δὴ
3119 2471 3211 2523 καὶ
3256 2468 3417 2524 θείων
3454 2468 3542 2521 ἐπ’
3585 2465 3733 2537 αὐτῷ
3774 2463 4131 2537 πραγμάτων

2540 2562 2928 2636 ἐπειράθησαν.
2961 2560 3194 2629 Λέγεται
3222 2558 3387 2629 γοῦν,
3419 2557 3495 2621 ὼς
3526 2556 3764 2611 ὁδεύοντί
3790 2573 3921 2610 ποτε
3965 2554 4131 2628 παρά

2540 2658 2639 2729 τὴν
2671 2655 2858 2711 ἐνθάδε
2888 2652 3177 2726 βαρϐάρων
3222 2652 3356 2723 γῆν.
3402 2651 3703 2723 ύπήντοντο
3743 2650 3993 2704 ἐναντίαν
4022 2651 4131 2720 τὴν

2541 2744 2711 2819 αὐτὴν
2735 2746 2854 2801 ὁδὸν
2880 2742 2973 2797 ἐπὶ
3000 2743 3170 2814 Τόμιν
3204 2742 3539 2807 ἐλαύνοντες.
3591 2739 4035 2815 Ὀλοφυρομένων
4061 2742 4129 2796 δὲ

2542 2840 2651 2895 τῶν
2692 2838 2832 2909 ἀμφ’
2862 2837 3022 2892 αὑτὸν
3070 2837 3147 2901 ὡς
3194 2835 3392 2890 αὐτίκα
3432 2834 3848 2907 ἀπολουμένων,
3907 2834 4131 2899 ἀποϐὰς

2543 2932 2639 2986 τοῦ
2665 2932 2855 2994 ἵππου,
2880 2927 3103 2999 ηὔξατο.
3132 2929 3196 2981 Οί
3223 2927 3279 2981 δέ
3313 2924 3580 2998 βάρϐαροι
3611 2928 3749 2997 μήτε
3778 2925 3941 2981 αὑτὸν
3981 2927 4132 2997 μήτε

2545 3023 2673 3087 τοὺς
2716 3020 3045 3092 ἑπομένους,
3082 3018 3118 3089 ἢ
3160 3019 3284 3083 τοὺς
3322 3018 3524 3082 ἵππους
3565 3012 3643 3073 ὧν
3679 3016 3968 3089 ἀπέϐησαν
4009 3016 4132 3087 (80)

2550 3115 2893 3186 θεασάμενοι,
2924 3111 3292 3183 παρέδραμον.
3330 3111 3485 3165 Ἐπεὶ
3511 3109 3568 3165 δὲ
3596 3110 3855 3174 πολλάκις
3878 3109 4133 3171 ἐπιόντες

865 3199 1099 3270 perituri
1149 3200 1604 3267 lamentarentur,
1656 3203 1774 3272 ipse
1831 3220 1898 3259 ex
1961 3219 2107 3275 equo
2168 3204 2509 3280 desiliensc
2540 3213 2626 3266 ἐκι

2369 3224 2437 3265 ns
2465 3220 2509 3280 α
2540 3208 2898 3266 ἐκακοποίουν
2922 3207 3049 3270 τοὺς
3074 3204 3308 3271 Σκύθας,
3336 3203 3496 3274 φύσει
3525 3203 3814 3277 θηριώδεις
3832 3204 4015 3268 ὄντας.
4043 3204 4128 3265 είς

869 3292 1039 3347 Deum
1077 3295 1278 3347 oravit.
1314 3292 1456 3349 Tum
1482 3308 1614 3350 vero
1644 3296 1864 3351 barbari
1904 3313 2009 3353 nec
2051 3294 2184 3363 illo,
2216 3314 2319 3355 nec
2346 3314 2442 3357 co-

868 3383 1095 3439 mitibus
1125 3383 1275 3438 illius
1300 3423 1316 3449 ,
1350 3398 1451 3440 nec
1478 3384 1637 3455 equis
1660 3400 1691 3440 e
1718 3386 1922 3456 quibus
1950 3384 2117 3458 319
2140 3389 2443 3447 descende-

868 3485 994 3530 rant
1036 3477 1386 3546 conspectis,
1438 3479 1821 3549 pratergressi
1873 3487 2027 3534 sunt.
2087 3479 2262 3537 Porro
2313 3496 2442 3536 cum

868 3568 1089 3624 barbari
1139 3569 1216 3623 illi
1272 3569 1482 3625 crebris
1528 3570 1945 3627 incursionibus
1977 3572 2213 3644 Scythas
2257 3583 2441 3631 vasta-

869 3667 1022 3723 rent,
1054 3674 1185 3719 eos,
1218 3659 1473 3729 quamvis
1500 3668 1697 3730 suopte
1728 3659 1950 3731 ingenio
1985 3660 2082 3717 leri
2118 3672 2343 3728 essent,
2374 3663 2444 3718 ad

870 3750 1349 3806 mansuetudinem
1384 3751 1653 3817 traduxit,
1682 3752 1955 3809 conviviis
1985 3753 2108 3809 illos
2135 3755 2444 3826 excipiens.

869 3851 926 3897 et
962 3843 1286 3899 muneribus
1325 3844 1663 3903 demnlcens.
1707 3846 1821 3902 Ilac
1858 3847 1927 3903 de
1964 3863 2133 3905 causa
2172 3849 2445 3907 barbarus

870 3936 1094 4005 quidam
1146 3952 1270 3992 cum
1320 3938 1471 3993 illum
1506 3939 1825 4009 opulentum
1869 3952 1994 3999 esse
2043 3942 2444 4013 suspicaretur,

874 4044 970 4097 per
999 4029 1235 4085 insidias
1262 4032 1732 4102 comprehendere
1759 4034 1984 4090 molitus
2017 4043 2124 4092 est.
2159 4034 2224 4089 Et
2253 4045 2448 4107 parato

873 4121 939 4174 ad
976 4122 1029 4175 id
1062 4122 1289 4191 laqueo,
1321 4133 1479 4179 scuto
1529 4124 1788 4190 innixus,
1839 4126 1917 4181 uti
1950 4128 2162 4183 solebat
2195 4144 2321 4183 cum
2355 4128 2453 4185 ho-

874 4222 985 4267 stes
1012 4212 1405 4283 alloqueretur,
1433 4215 1650 4271 sublata
1667 4216 1858 4271 dextra
1880 4217 2134 4288 laqueum
2161 4217 2449 4274 Theotimo

876 4305 1104 4375 injicere
1139 4308 1403 4377 parabat,
1446 4316 1709 4379 tanquam
1735 4323 1860 4363 eum
1896 4309 1962 4363 ad
2000 4324 2061 4365 se
2100 4318 2155 4364 et
2201 4308 2269 4363 ad
2313 4324 2449 4365 con-

875 4399 1106 4455 tribules
1140 4414 1273 4456 suos
1312 4408 1674 4455 attracturus.
1712 4399 1915 4457 Verum
1956 4401 2010 4455 in
2046 4403 2169 4471 ipso
2206 4411 2445 4467 conatu,

876 4484 1072 4545 manus
1110 4491 1259 4546 illius
1312 4490 1367 4545 in
1409 4491 1643 4546 sublime
1675 4492 2017 4556 extensa,ita
2053 4503 2112 4547 ut
2148 4502 2290 4558 erat,
2324 4511 2451 4565 per-

2544 3299 2857 3374 ἠμερότητα
2884 3296 3199 3368 μετέϐαλεν,
3227 3295 3423 3351 ἑστιῶν
3444 3312 3507 3350 τε
3528 3296 3622 3350 καὶ
3648 3295 3840 3364 δώροις
3869 3293 4135 3363 φιλοφρο-

2542 3393 2820 3464 νούμενος.
2892 3386 3173 3441 Ἐντεῦθεν
3220 3386 3277 3441 δὲ
3332 3386 3608 3459 βάρϐαρος
3652 3386 3795 3458 ἀνὴρ
3836 3384 4133 3439 ὑπολαϐὼν

2544 3484 2776 3555 εῠπορον
2808 3476 2966 3543 εἶναι,
2997 3477 3389 3533 ἐπεϐούλευσεν
3411 3477 3575 3531 αὑτὸν
3606 3477 3767 3530 ἐλεῖν.
3794 3476 3906 3529 Καὶ
3932 3474 4133 3547 βρόχον

2545 3570 2977 3644 παρασκευάσας
3039 3568 3229 3622 ἀσπίδι
3278 3566 3691 3639 ἐπερειδόμενον
3747 3564 3887 3637 (81),
3937 3564 4134 3632 ῶσπερ

2546 3663 2728 3718 εἰώθει
2775 3658 2891 3724 τοῖς
2966 3658 3246 3730 πολεμίοις
3288 3657 3687 3729 διαλεγόμενος,
3731 3654 3981 3727 ἀνασχὼν
4028 3654 4131 3724 τὴν

2544 3755 2751 3821 δεξιὰν,
2799 3751 3103 3816 ἀκοντίζειν
3162 3752 3250 3804 ἐπ’
3279 3750 3443 3805 αὐτὸν
3482 3752 3545 3804 es
3585 3749 3817 3820 σχοινίον
3856 3746 4127 3819 ἐμελλενν

2545 3854 2621 3919 ὼς
2656 3852 2791 3925 πρὸς
2817 3850 3008 3904 ἑαυτὸν
3035 3849 3133 3903 καὶ
3164 3848 3291 3911 τοὺς
3324 3846 3630 3918 ὁμοφύλους
3666 3845 3931 3900 ἐλκύσων.
3974 3844 4131 3913 Ἀμι

2545 3946 2604 4000 δέ
2647 3948 2715 4016 τῇ
2758 3942 3131 4014 ἐπιχειρήσει,
3191 3939 3565 4010 ἀνατεταμένη
3604 3940 3639 4011 ή
3685 3938 3808 4010 χεὶρ
3850 3937 3986 4007 πρὸς
4034 3935 4130 3988 τὸν

2547 4039 2686 4109 ἀέρα
2714 4035 2969 4105 διέμεινε.
3045 4032 3158 4086 Καὶ
3198 4032 3259 4086 οὐ
3314 4031 3583 4105 πρότερον
3620 4030 3649 4082 ὁ
3697 4028 3973 4099 βάρϐαρος
4015 4027 4129 4080 τῶν

2548 4130 2797 4204 ἀοράτων
2840 4127 3037 4198 ἠφείθη
3074 4124 3313 4195 δεσμῶν,
3360 4124 3409 4177 εί
3448 4122 3524 4194 μή
3559 4122 3670 4175 τῶν
3710 4121 3887 4175 ἄλλων
3915 4119 4129 4173 ἀντιϐο-

2550 4221 2814 4285 λούντων,
2870 4218 3012 4289 ὑπὲρ
3056 4217 3221 4271 αὑτοῦ
3270 4216 3363 4270 τὸν
3402 4213 3533 4268 Θεὸν
3558 4215 3803 4269 ἱκέτευσε
3844 4212 4129 4281 Θεότιμος.

2549 4314 2687 4366 Φασὶ
2712 4312 2770 4365 δέ
2799 4312 3046 4382 κομήτην
3076 4310 3238 4363 αὐτὸν
3264 4308 3537 4379 διαμεῖναι
3562 4306 3682 4360 καθ’
3705 4306 3733 4359 ὁ
3760 4305 3947 4375 σχῆμα
3981 4304 4129 4372 φιλο-

2554 4403 2737 4471 σοφεῖν
2756 4399 3059 4471 ἀρξάμενος
3092 4398 3436 4468 ἐπετήδευσε.
3474 4395 3634 4449 Λιτὸν
3664 4395 3720 4448 δὲ
3751 4393 3848 4464 τὴν
3878 4393 4088 4445 δίαιταν
4111 4409 4125 4421 ·

2551 4492 2755 4563 τροφῆς
2786 4491 2862 4556 δὲ,
2894 4490 2954 4544 ού
2981 4488 3072 4542 τὸν
3103 4488 3284 4553 αὑτὸν,
3329 4486 3446 4541 ἀλλ’
3477 4488 3535 4540 ἐν
3567 4485 3645 4556 τῷ
3683 4488 3872 4555 πεινῇν
3897 4483 3931 4553 ή
3969 4483 4131 4553 διῇν

876 4580 1098 4635 mansit.
1134 4577 1245 4635 Nec
1280 4582 1436 4650 prius
1472 4580 1852 4636 invisibilibus
1889 4581 1997 4636 illis
2022 4581 2263 4637 vinculis
2308 4582 2446 4637 libe-
2477 4578 2523 4635 ι)
2552 4584 2637 4638 τὸν

2367 4596 2446 4637 )e-
2477 4578 2523 4635 D
2552 4584 2645 4638 τὸν
2676 4582 2867 4652 καιρὸν
2891 4581 3093 4653 ὁρίσαι.
3119 4580 3413 4649 Φιλοσόφου
3434 4578 3542 4651 γάρ
3572 4574 3659 4648 ἦν,
3684 4574 3858 4648 οἶμαι,
3886 4576 3980 4630 καὶ
4003 4576 4128 4629 τού-

875 4681 1033 4727 ratus
1067 4680 1151 4727 est
1201 4673 1469 4728 barbarus
1502 4712 1517 4737 ,
1568 4686 1734 4742 quam
1788 4673 1913 4728 aliis
1964 4673 2444 4729 intercedentibus

2549 4692 2661 4739 τοις
2686 4674 2821 4746 πρὸς
2847 4673 3061 4745 χρείαν,
3091 4673 3153 4726 ού
3180 4672 3267 4726 διά
3299 4670 3581 4743 ῥᾳστώνην
3613 4670 3800 4724 εἴκειν.

875 4768 1202 4823 'I'hcotimus
1256 4766 1423 4823 Deum
1483 4783 1581 4836 pro
1632 4768 1727 4821 illo
1774 4776 2011 4822 orasset.
2062 4768 2230 4822 Aiunt
2277 4784 2444 4839 porro
2480 4784 2605 4825 eum
2650 4777 2918 4841 perpetuo
2958 4782 3173 4824 comam
3213 4766 3455 4828 aluisse,
3493 4779 3609 4835 quo
3680 4762 3873 4817 habitu
3947 4762 4130 4832 philo-

876 4862 1099 4931 sophari
1161 4862 1399 4931 primum
1460 4862 1797 4915 instituerat.
1848 4860 1994 4913 victu
2053 4869 2236 4914 autem
2317 4860 2489 4917 fuisse
2561 4862 2857 4918 admodum
2913 4860 3098 4923 tenui,
3156 4868 3212 4913 et
3257 4866 3478 4929 tempus
3524 4854 3796 4912 sumendo
3846 4854 3973 4908 cibo
4018 4870 4127 4911 non

875 4958 1021 5011 ἱιιυιιι
1048 4968 1267 5022 semper
1293 4950 1557 5006 habuisse
1578 4990 1593 5015 ,
1633 4951 1728 5005 sed
1758 4966 1885 5004 cum
1916 4949 2154 5005 esurirct
2191 4948 2331 5006 forte
2362 4958 2457 5005 aut
2492 4951 2696 5007 sitiret.
2737 4949 2833 5007 Est
2862 4950 3007 5005 enim
3032 4987 3047 5014 ,
3116 4961 3238 5003 meo
3266 4946 3487 5019 quidem
3535 4942 3743 5016 judicio
3763 4982 3777 5008 ,
3846 4942 4132 5013 proprium

877 5048 1225 5123 philosophi,
1276 5062 1374 5117 pro
1423 5048 1785 5109 necessitate,
1823 5061 1933 5100 non
1988 5062 2053 5101 ex
2105 5046 2272 5109 luxu,
2322 5045 2445 5102 istis
2482 5047 2699 5103 cedere.

2078 5230 2353 5287 VALESII
2385 5229 2946 5287 ANNOTATIONES.

951 5326 1065 5397 (79)
1102 5322 1659 5402 0Txor_sbxtriptor.
1696 5322 2042 5402 Nicephorus
2089 5325 2143 5378 in
2187 5339 2309 5392 cap.
2356 5322 2447 5384 45.
2557 5338 2712 5402 que‘g

2089 5325 2143 5378 in
2187 5339 2309 5392 cap.
2356 5322 2447 5384 45.
2557 5324 2928 5402 que-fomites
2961 5321 3107 5402 idem
3137 5314 3822 5402 feeissecredendumfst.

881 5384 1109 5469 libixit,
1143 5406 1267 5466 post
1300 5396 1400 5451 has
1448 5384 1611 5469 vtices
1661 5394 1811 5469 addit
1835 5384 1959 5469 ’καὶ
2013 5396 2185 5469 ἀστυ,
2242 5384 2296 5448 et
2332 5401 2449 5469 tant
2565 5384 2590 5469 A'
2630 5396 2642 5459 (

2372 5408 2449 5469 ant
2565 5384 2590 5469 A'
2630 5388 3553 5469 (81)*ξΑσπίδιέπερειδόμενογ.
3598 5384 3961 5469 ξετίὺθρριιιη
3999 5391 4133 5465 puta

879 5455 1621 5540 oppiduniqnamtemplum
1674 5467 1865 5540 Ilonati
1898 5455 2451 5540 vocabuloappellari
2562 5455 3011 5540 ἐπερειδόμενος,
3054 5460 3107 5515 id
3157 5455 4130 5540 est_scuto‘_innixus._Vult.enim

881 5528 1087 5594 subdit.
1119 5528 1274 5592 Unde
1308 5528 1549 5594 Orleli'us
1588 5537 1642 5589 in
1678 5536 1941 5590 Thesauro
1972 5536 2172 5609 scribit
2200 5528 2451 5589 Evoriam
2560 5528 3135 5609 rlicére_b_'ozomenus,
3168 5528 3633 5609 barbarumillunt
3665 5536 3823 5580 scuto
3855 5528 4130 5609 innixum,

884 5610 1077 5664 urbem
1104 5608 1275 5678 Epiri.
1311 5607 1669 5678 Donatiana‘m
1704 5623 1923 5675 quoque
1954 5606 2337 5678 dictam_esse.
2562 5620 2687 5678 cum
2742 5602 3032 5678 Theotimo
3086 5602 3327 5678 locutum
3408 5598 3579 5678 fuisse
3602 5636 3617 5657 ,
3671 5594 4130 5678 quemadmodum

956 5680 1068 5751 (8_Ol
1103 5666 1212 5751 'Orf
1234 5666 1559 5751 ἐπέϐησαν.
1591 5666 1900 5751 Rectius-in
1934 5674 2456 5751 codice__Fuk_etiano
2566 5674 3037 5751 lacere__s_olebat,
3075 5672 3296 5751 quoties
3332 5684 3456 5751 cum
3493 5666 4128 5751 Bonnanis‘loqueretur:

888 5733 1082 5823 lcg‘it'ur
1110 5733 1414 5823 ἀπέϐησαν,
1448 5748 1727 5817 quomodo
1763 5748 1930 5823 etiam
1953 5747 2083 5823 legit
2110 5745 2457 5823 Epiphanius
2565 5748 2649 5823 (ie:

2371 5746 2457 5799 ius
2565 5748 2724 5823 Certe
2762 5733 3283 5823 Nicephor‘usdegit
3335 5741 3499 5792 etiam
3556 5737 4003 5823 ἐπερειδόμενοῇ
4035 5733 4127 5823 sed

888 5805 1292 5874 scholasticus.
1325 5805 1488 5890 Certe
1524 5834 1649 5871 cum
1685 5833 1849 5886 supra
1881 5805 2082 5870 dixerit
2110 5805 2457 5890 The-mimum
2567 5816 2633 5869 de
2665 5805 2952 5890 'I‘lgfntinio
2996 5812 3049 5864 id
3081 5812 3189 5890 dici
3211 5805 3518 5890 'pcrperam
3570 5807 3926 5890 existimavit.
3960 5805 4131 5890 Quasi

886 5905 952 5944 ex
984 5907 1124 5961 cquo
1161 5887 1507 5945 descendisse
1542 5898 1597 5943 ut
1624 5878 1788 5945 Deum
1816 5900 2153 5959 precaretur,
2183 5886 2303 5957 ejus
2335 5902 2462 5957 quo—
2571 5902 2699 5942 vero
2734 5878 3053 5938 'I‘hcotimus
3082 5878 3369 5951 cpiscopus
3405 5888 3619 5935 scutum
3656 5886 3912 5948 gestaret.
3959 5878 4134 5929 Caete-
