4460 6634
382 472 516 534 1501

966 596 1215 650 ΚΕΦΔΛ.
1252 596 1379 651 KZ'.

385 684 527 755 Περὶ
554 685 656 760 τοῦ
677 686 847 760 ἁγίου
862 688 1203 760 Ἰἰπιςρᾳνίου
1223 689 1328 743 τοῦ
1344 690 1678 747 ἐπισκόπου
1701 692 1954 760 Κύπρου

517 756 612 809 καὶ
636 757 851 826 μερική
883 756 1120 823 τιςτῶν
1154 762 1279 813 κατ’
1313 760 1501 815 αὐτόν
1530 756 1827 831 διήγησις.

458 848 592 917 Περὶ
624 848 679 901 δὲ
731 848 917 902 τοῦτον
972 849 1062 903 τὸν
1110 851 1299 921 χρόνον
1358 854 1451 907 καὶ
1498 852 1808 921 Ἐπιφάνιος
1862 854 1958 925 τὴν

385 938 649 1009 Κυπρίων
696 940 1374 1013 ἐπεσκόπεϋμητρόπολιν.
1441 945 1536 997 Ὃν
1584 944 1643 997 οὑ
1687 944 1844 1015 μόνον
1891 946 1959 999 τὰ

386 1030 516 1099 περὶ
551 1030 646 1101 τὴν
677 1032 947 1085 πολιτείαν
977 1033 1245 1103 ἐπίσημον
1270 1035 1373 1099 ἐπ)⁸
1400 1037 1619 1106 ἀρεταῖς
1657 1034 1956 1103 ἀπέδειξεν,

383 1122 520 1176 ἀλλά
551 1126 643 1177 καὶ
681 1125 781 1177 ὅσα
829 1126 1104 1195 παράδοξα
1134 1126 1330 1189 ζῶντος
1360 1126 1546 1188 αὑτοῦ,
1582 1128 1674 1180 καὶ
1712 1126 1850 1196 μετὰ
1873 1144 1959 1179 τε-

380 1213 575 1285 λευτὴν
606 1215 781 1286 τιμῶν
826 1216 914 1270 τὸν
941 1217 1109 1287 ἄνδρα
1154 1218 1182 1271 6
1212 1218 1345 1281 Θεὸς
1392 1219 1727 1271 ἐπετέλεσεν.
1798 1220 1955 1273 Ἀπο-

381 1305 595 1360 θανόντι
651 1309 779 1379 γὰρ,
826 1309 853 1362 ὃ
900 1308 974 1380 μῆ
1008 1311 1248 1380 περιόντι
1296 1309 1524 1381 ὑπῆρξε,
1572 1311 1727 1380 λόγος
1761 1314 1852 1365 ἐπὶ
1879 1312 1957 1383 τῷ

377 1398 535 1467 τάφῳ
576 1398 738 1452 αὑτοῦ
779 1401 944 1453 εἰσέτι
982 1400 1074 1453 νῦν
1123 1400 1379 1471 δαίμονας
1411 1402 1829 1468 ἀπελαύνεσθαι,
1864 1405 1957 1457 καὶ

383 1488 554 1552 ἰάσεις
592 1489 741 1552 τινὰς
770 1490 1034 1558 γίνεσθαι.
1076 1492 1163 1545 Ἐν
1188 1485 1230 1558 ᾧ
1253 1493 1306 1545 δέ
1338 1492 1444 1557 ζῶν
1472 1493 1755 1564 ἐτύγχανε,
1788 1493 1955 1548 πολλὰ

379 1579 657 1648 θαυμάσια
702 1581 849 1651 αὑτῷ
891 1583 1219 1647 ἀνατιθέασι,
1274 1583 1379 1636 τῶν
1422 1601 1485 1652 γε
1536 1584 1640 1655 μὴν
1695 1586 1773 1648 είς
1809 1587 1954 1654 ἡμᾶς

377 1673 657 1727 ἐλθόντων
694 1676 867 1728 ἐκεῖνο
893 1692 905 1705 ο
945 1675 1293 1745 μεταδοτικὸς
1325 1658 1400 1729 ῶν
1430 1677 1556 1746 περὶ
1582 1679 1883 1747 δεομένους,
1919 1679 1951 1749 ἢ

377 1766 675 1832 ναυαγίοις,
728 1766 761 1836 ἢ
808 1766 981 1831 ἄλλως
1024 1767 1497 1837 δυστυχήσαντας,
1554 1769 1738 1840 ἐπειδὴ
1788 1769 1953 1822 πάλαι

1320 478 1644 537 HISTORIA
1672 477 2229 537 ECCLESIASTICA.
2256 512 2307 522 --
2354 482 2480 538 LIB.
2502 483 2607 540 Vll.

3496 490 3636 548 {509.

2621 602 2775 657 CAP.
2839 601 3053 659 XXVII.

2061 689 2140 745 De
2163 703 2347 746 sancto
2380 693 2680 763 Epiphanio
2711 697 2953 764 episcopo
2976 695 3181 766 Cypri:
3239 707 3287 752 et
3337 716 3511 753 rerum
3564 702 3628 753 ob

2129 778 2188 815 eo
2228 777 2495 832 gestarum
2547 766 2915 833 compendiosa
2943 769 3205 821 narratio.

2129 853 2230 909 Per
2260 857 2401 912 idem
2433 864 2649 926 tempus
2691 858 2743 912 in
2769 859 3057 929 metropoli
3092 859 3288 914 insulze
3317 861 3483 930 Cypri
3504 861 3630 930 Εμὶρ

2060 948 2295 1019 phanius
2336 949 2717 1020 episcOpatum
2754 950 3034 1019 gerebat'.
3080 950 3254 1017 Quem
3286 967 3395 1007 non
3446 952 3627 1007 solum

2058 1042 2184 1096 vita:
2241 1042 2605 1097 conversatio.
2638 1040 2912 1109 illustrem
2969 1041 3039 1095 ob
3084 1042 3316 1097 virtutes
3364 1040 3625 1106 reddidit,

2057 1148 2248 1188 verum
2282 1134 2464 1187 etiam.
2482 1133 2773 1196 miracula,
2830 1147 2954 1202 qua:
2994 1131 3157 1199 Deus,
3187 1134 3403 1189 henore
3473 1133 3628 1187 illum

2058 1224 2274 1279 allicere
2298 1224 2510 1289 volens,
2560 1223 2682 1292 ipso
2712 1224 2891 1278 adhuc
2914 1224 3233 1293 superstite,
3268 1233 3323 1279 et
3379 1234 3505 1294 post
3536 1223 3633 1278 ob-

2057 1315 2196 1369 itum
2223 1314 2349 1384 ejus
2374 1314 2565 1369 edidit.
2596 1314 2809 1369 Mortuo
2851 1315 2995 1370 enim
3030 1315 3143 1381 illo,
3176 1316 3231 1370 id
3252 1316 3397 1386 quod
3430 1316 3631 1370 viventi

2056 1421 2162 1461 non
2231 1406 2577 1475 contigerat,
2640 1405 2708 1460 ad
2766 1387 3076 1475 sepulcrum
3169 1406 3291 1477 ejus
3352 1405 3629 1462 daemones

2054 1498 2355 1562 etiamnum
2405 1497 2584 1567 fugari
2612 1537 2627 1561 ,
2665 1510 2718 1554 et
2758 1498 2937 1553 morbi
2967 1498 3190 1567 quidam
3228 1500 3410 1553 curari
3437 1498 3633 1553 dicun-

2054 1597 2164 1644 tur.
2200 1589 2337 1644 Dum
2362 1597 2545 1645 autem
2575 1591 2629 1645 in
2664 1591 2806 1654 vivis
2832 1598 3169 1660 superesset,
3200 1592 3371 1644 multa
3411 1590 3490 1644 illi
3522 1590 3627 1644 mi-

2056 1682 2245 1736 racula
2289 1682 2631 1737 tribuuntur.
2677 1682 2756 1736 Ex
2805 1684 3013 1753 quibus
3054 1682 3203 1738 istud
3258 1681 3325 1736 ad
3370 1682 3628 1736 notitiam

2052 1779 2301 1826 nostram
2334 1759 2585 1841 pe'rveuit
2618 1790 2630 1826 :
2671 1772 2804 1827 Cum
2834 1773 3082 1828 liberalis
3111 1780 3261 1827 esset
3314 1787 3448 1842 erga
3502 1786 3631 1842 ege-

376 1858 475 1928 τὴν
500 1858 688 1911 οὐσίαν
718 1860 1022 1923 ἀνάλωσεν,
1070 1861 1149 1921 εἰς
1177 1859 1294 1912 δέον
1328 1860 1540 1913 ἐσπάθα
1570 1859 1681 1930 (82)
1718 1862 1829 1923 τοῖς
1853 1863 1953 1931 τῆς
2001 1846 2015 1860 ”
2052 1879 2137 1918 n0:

1865 1863 1953 1931 τῆς
2001 1846 2015 1860 ”
2052 1879 2175 1924 nos.
2206 1864 2301 1933 qui
2338 1864 2421 1919 vel
2448 1864 2773 1934 naufragio,
2833 1865 2917 1919 vel
2949 1859 3059 1918 alio
3090 1864 3353 1933 quopiam
3385 1878 3517 1918 casu
3560 1862 3626 1916 ad

388 1948 713 2022 Ἐκκλησίας
736 1954 999 2022 χρήμασι.
1034 1952 1265 2004 Πλεῖστα
1301 1950 1357 2003 δὲ
1402 1948 1469 2020 ἦν
1492 1967 1513 1985 ο
1558 1950 1819 2009 πάντοθεν
1843 1953 1953 2023 γὰρ
1983 1936 2026 1991 Β
2055 1955 2148 2009 ino

1867 1953 1953 2023 ’ἀρ
1983 1936 2026 1991 Β
2055 1955 2295 2025 impiam
2346 1955 2553 2010 redacti
2595 1966 2817 2024 essent;
2854 1955 3118 2025 quoniam
3164 1946 3452 2009 facultates
3500 1969 3628 2008 suas

349 2034 562 2093 ’πολλοὶ
593 2041 682 2096 τὸν
724 2043 951 2097 πλοῦτον
985 2041 1224 2105 εὐσεϐῶς
1264 2041 1574 2096 ἀναλίσκειν
1607 2042 1949 2112 προθέμενοι,
2045 2043 2110 2113 ,ᾖα

1865 2060 1949 2107 μοι,
2045 2043 2159 2113 jam
2201 2043 2409 2113 pridem
2466 2059 2659 2099 omnes
2706 2045 3120 2113 absumpserat,
3159 2041 3406 2097 ecclesia:
3447 2040 3626 2103 bonis,

325 2160 329 2164 -
377 2132 474 2184 καὶ
516 2131 713 2198 ζῶντες
756 2136 821 2204 τῇ
878 2134 969 2186 ὑπ’
1018 2135 1179 2209 αὑτὸν
1213 2135 1474 2207 ἐκκλησίᾳ
1516 2139 1809 2207 παρεῖχον,
1855 2135 1950 2189 καὶ
2052 2147 2083 2186 u

1866 2135 1950 2189 καὶ
2052 2131 2143 2187 ubi
2167 2146 2306 2202 Opus
2334 2141 2474 2193 erat,
2504 2132 2715 2201 prolixe
2737 2125 2947 2186 abusus
2974 2141 3079 2186 est.
3116 2122 3250 2183 Erat'
3275 2141 3459 2185 autem
3484 2144 3627 2197 opu—

374 2224 732 2289 τελευτῶντες
762 2226 1179 2296 κατελίμπανον..
1219 2227 1515 2297 Ἐθάῤῥουν
1546 2227 1675 2298 γάρ,
1704 2229 1779 2291 ὡς
1807 2230 1952 2281 οίκο-
2050 2225 2135 2278 len

1868 2245 1952 2281 κο-
2050 2225 2363 2279 lentissima
2398 2224 2520 2293 ejus
2557 2222 2816 2278 ecclesia.
2850 2221 3006 2276 Multi
3037 2222 3184 2276 enim
3223 2237 3289 2277 ex
3328 2220 3496 2275 variis
3536 2236 3629 2275 or-

376 2313 597 2377 νομικὸς
630 2314 723 2367 καὶ
769 2313 1019 2385 θεοφιλὴς
1051 2313 1144 2380 ὢν,
1184 2314 1323 2369 κατὰ
1356 2316 1579 2387 γνώμην
1608 2319 1793 2381 αὐτοῖς
1821 2318 1951 2371 ἀνα·
2046 2314 2133 2370 bis

1866 2335 1951 2371 να-
2046 2314 2133 2370 bis
2163 2313 2450 2384 partibus,
2509 2315 2604 2382 qui
2636 2327 2771 2383 opes
2810 2326 2942 2369 suas
2971 2314 3026 2368 ia
3078 2312 3203 2383 pios
3246 2326 3381 2367 usus
3414 2311 3627 2380 impen-

372 2399 535 2454 λώσει
555 2402 626 2454 τά
645 2402 812 2472 δῶρα.
836 2404 971 2455 Φασὶ
985 2402 1114 2471 γοῦν
1138 2421 1268 2458 ποτε
1290 2404 1484 2473 ὀλίγων
1508 2404 1588 2458 ἔτι
1610 2406 1947 2475 λειπομένων
2045 2404 2133 2459 del

1868 2426 1947 2461 νων
2045 2404 2179 2459 dere
2210 2401 2545 2469 studebant,
2586 2409 2641 2457 et
2682 2404 3033 2473 ευρετειίιεε·
3055 2400 3180 2473 ejus
3230 2400 3483 2457 ecclesiae
3533 2416 3629 2457 eas

373 2495 693 2563 χρημάτων,
741 2494 1043 2565 χαλεπῆναι
1072 2498 1170 2567 τῆς
1199 2496 1489 2567 ἐκκλησίας
1518 2496 1608 2550 τὸν
1649 2494 1943 2569 οἰκονόμον,
1984 2518 1987 2519 ν
2046 2506 2134 2564 pra

1866 2517 1943 2564 ov,
1984 2518 1987 2519 ν
2046 2496 2381 2564 praebebant,
2414 2502 2469 2550 et
2507 2494 2805 2557 morientes
2829 2494 3008 2579 eidem
3041 2492 3453 2562 relinquebant.
3478 2493 3626 2547 Con-

373 2586 467 2637 καὶ
500 2585 581 2649 ,ὡς
609 2586 843 2640 δαπανὸν
887 2588 1047 2640 αὐτὸν
1101 2588 1451 2659 μέμψασθαι,
1486 2589 1577 2643 τὸν
1620 2589 1677 2642 δὲ
1712 2590 1831 2661 μηδ’
1857 2590 1947 2643 οὖν
2045 2587 2134 2642 lidt

1861 2590 1947 2643 oli-
2045 2587 2288 2643 lidebant
2337 2588 2484 2642 enim
2521 2587 2698 2659 illum,
2733 2593 2920 2657 utpote
2944 2585 3037 2654 qui
3085 2585 3290 2655 probus
3330 2584 3622 2653 dispensa-

370 2692 480 2736 τως
526 2676 847 2744 καθυφεῖναι
897 2680 1024 2749 περὶ
1064 2679 1190 2742 τοὺς
1242 2679 1449 2751 ἐνδεεῖς¹
1476 2679 1942 2750 φιλοτιμούμενον,
1994 2689 2002 2697 “
2045 2688 2131 2735 tor

1860 2697 1942 2746 ev,
1994 2689 2002 2697 ‘
2045 2688 2152 2747 tor,
2196 2676 2400 2751 Deique
2433 2677 2850 2733 amantissimus
2882 2687 3051 2741 esset,
3102 2692 3191 2733 res
3237 2675 3307 2730 ab
3352 2676 3489 2746 ipsis
3524 2676 3621 2728 do-

278 2773 285 2785 ‘
383 2767 537 2821 Ἐπεὶ
568 2768 623 2821 δέ
661 2771 858 2823 πάντα·
884 2771 1145 2834 ἀνάλωτο,
1190 2772 1414 2835 ἐπιστάς
1450 2770 1534 2835 *τις
1582 2772 1657 2842 τῷ
1691 2772 1947 2843 δωματίῳ

1857 2772 1947 2843 τίῳ
2045 2782 2206 2826 natas
2238 2786 2306 2825 ex
2343 2771 2588 2840 ipsorum
2621 2771 2895 2835 sententia
2941 2784 3005 2822 ac
3038 2769 3321 2842 voluntate
3356 2775 3618 2836 erogatu-

369 2855 431 2915 οὗ
456 2861 639 2932 διῆγεν
670 2864 697 2914 6
722 2864 1019 2933 οἰκονόμος,
1055 2864 1335 2933 βαλάντιον
1368 2863 1577 2918 πολλῶν
1615 2864 1831 2935 χρυσῶν
1858 2883 1947 2918 νο-
2036 2852 2130 2919 ἰὐῐ

1861 2883 1947 2918 νο-
2036 2852 2184 2919 rum.
2221 2857 2469 2929 Quodam
2510 2861 2677 2933 igitur
2718 2868 2985 2930 tempore,
3032 2874 3155 2913 eum
3199 2874 3389 2929 paucae
3424 2858 3622 2912 admo-

373 2948 658 3025 μισμάτων
682 2955 897 3008 ἔδωκεν.
943 2956 1028 3018 Ὠς
1053 2956 1108 3009 δὲ
1135 2955 1257 3009 οὔτε
1284 2960 1311 3010 6
1338 2959 1481 3021 δοὺς,
1516 2957 1547 3028 ἥ
1577 2959 1605 3009 6
1635 2956 1938 3026 πεπομφὼς

368 3046 524 3117 δῆλος
550 3042 636 3117 ἦν,
666 3047 839 3101 ἐδόκει
868 3048 923 3101 δὲ
955 3048 1255 3117 παράδοξον
1284 3050 1527 3113 εἳκότως,
1566 3050 1658 3102 ἐπὶ
1685 3050 1825 3102 δόσει
1854 3067 1943 3102 το-

372 3139 577 3193 σούτων
622 3139 917 3211 χρημάτων
949 3139 1235 3208 ἄνθρωπον
1265 3140 1539 3207 ἄγνωστον
1583 3141 1773 3195 ἑαυτὸν
1805 3152 1943 3213 παρ-

370 3229 533 3299 έχειν,
556 3230 673 3283 τότε
692 3230 754 3300 δὴ
778 3230 976 3294 πάντες
990 3230 1048 3283 τὸ
1074 3233 1301 3303 πρᾶγμα
1318 3228 1608 3286 θεῖονεῖναι
1633 3233 1937 3288 συνέϐαλον.

2042 2957 2171 3012 dum
2210 2946 2868 3029 pecuniazisupercssent,
2904 2954 3061 3007 aiunt
3105 2952 3351 3007 ecclesia:
3398 2966 3621 3008 oecono-

2044 3065 2190 3103 mqu
2235 3045 2620 3103 succensuissc
2648 3086 2662 3110 ,
2704 3060 2941 3114 eumque
2995 3054 3259 3113 tanquam
3327 3041 3623 3112 prodigum

2045 3139 2479 3211 reprehendisse,
2511 3139 2661 3192 illum
2692 3151 2827 3190 vero
2859 3152 2928 3189 ne
2960 3143 3073 3188 tum
3101 3135 3326 3204 quidem
3356 3133 3421 3187 (le
3458 3132 3624 3187 solita

2045 3248 2173 3305 erga
2224 3245 2494 3301 pauperes
2545 3228 2925 3309 munilicentia
2964 3226 3269 3297 quidquam
3316 3225 3622 3281 remisisse.

288 3378 293 3381 _
383 3321 521 3375 Ἀλλ’
544 3316 654 3375 οἷον
683 3322 866 3391 ’ἕτερον
903 3322 1028 3393 περὶ
1056 3324 1219 3376 αὐτοῦ
1262 3323 1497 3393 λέγεται,
1528 3326 1621 3377 καὶ
1651 3315 1942 3407 ἀφηγήσα-
1970 3314 2010 3329 "
2043 3334 2049 3370 l

1862 3344 1942 3380 πα·
1970 3314 2010 3329 ’³
2043 3325 2309 3380 Omnibus
2342 3331 2523 3377 autem
2557 3321 2919 3389 consumptis,
2946 3314 3167 3389 repente
3189 3316 3377 3373 nescio
3399 3316 3526 3386 quis
3557 3316 3623 3369 ad

370 3412 493 3475 σθαι
524 3412 801 3482 βούλομαι.
834 3413 1774 3485 Πυνθάνομαιτεθαυματουργῆσθαι
1806 3418 1944 3488 Γρη-

368 3502 537 3573 γορίῳ
582 3502 659 3573 τῷ
708 3495 1011 3573 θαυμασίῳ,
1058 3504 1116 3566 ὃς
1166 3504 1333 3567 πάλαι
1378 3507 1475 3575 τὴν
1514 3507 1943 3577 Νεοκαισάρειαν

369 3593 753 3663 ἐπετρόπευσε,
778 3594 871 3646 καὶ
896 3595 1040 3664 μάλα
1069 3595 1346 3666 πείθομαι.
1381 3596 1514 3649 Ἀλλ’
1532 3598 1591 3649 οὐ
1618 3598 1765 3668 παρά
1786 3599 1943 3652 τοῦτο

369 3687 657 3753 άπιστέον,
698 3688 881 3755 ὅμοιον
922 3688 1017 3741 καὶ
1068 3688 1366 3759 Ἐπιφανίω
1416 3690 1721 3760 εἰργάσθαι.
1787 3692 1942 3744 Ἐπεὶ

369 3777 488 3829 οὐδὲ
522 3777 679 3846 μόνος
715 3779 917 3848 Πέτρος
941 3780 969 3831 6
993 3778 1285 3841 ἀπόστολος
1332 3780 1519 3851 ἣγειρε
1551 3780 1763 3851 νεκρὸν,
1807 3781 1943 3835 ἀλλά

372 3870 462 3922 καὶ
505 3871 751 3945 Ἰωάννης
776 3872 803 3922 ὁ
830 3870 1217 3941 εὐαγγελιστὴς
1250 3872 1308 3925 ἐν
1353 3872 1581 3943 Ἐφέσῳ,
1616 3873 1708 3925 καὶ
1751 3875 1941 3927 Φιλίπ-

369 3980 471 4014 που
507 3963 801 4033 θυγατέρες
828 3966 884 4016 ἐν
930 3964 1245 4035 Ἱεραπόλει.
1290 3965 1399 4017 Καὶ
1424 3964 1492 4018 τά
1516 3964 1653 4018 αὑτά
1683 3967 1941 4031 πολλάκις

366 4052 818 4121 ἐξειργασμένως
862 4053 1040 4123 εὑρεῖν
1080 4053 1195 4107 ἐστι
1249 4054 1475 4119 πολλοὺς
1496 4056 1612 4109 τῶν
1646 4056 1813 4110 πάλαι
1848 4060 1940 4112 καὶ

368 4144 459 4197 νῦν
488 4145 748 4213 θεοφιλῶν
774 4145 999 4212 ἀνδρῶν.
1038 4148 1190 4199 Ἐστι
1211 4146 1267 4200 δὲ
1286 4148 1505 4212 τοιόνδε,
1525 4148 1553 4201 ὃ
1580 4148 1756 4217 λέγειν
1778 4150 1935 4203 θέλω⁶

381 4232 837 4302 Ἐστι-τηρήσαντες
865 4234 956 4286 δύο
991 4250 1131 4297 τινες
1168 4237 1372 4305 πτωχοὶ
1412 4238 1635 4292 ἐπιόντα
1670 4239 1759 4292 τὸν
1791 4240 1940 4293 Ἐπι-

368 4323 554 4391 φάνιον
583 4323 692 4393 (85)
720 4323 879 4376 πλέον
909 4342 959 4377 τι
989 4325 1317 4393 κομίσασθαι
1348 4328 1881 4398 πραγματευόμενοι,
1911 4332 1939 4383 6

369 4416 466 4484 μὲν
485 4414 808 4483 ἐφαπλώσας
825 4415 1017 4468 ἑαυτὸν
1036 4415 1113 4485 τῷ
1129 4416 1332 4484 ἐδάφει,
1352 4416 1528 4471 ἔκειτο
1550 4418 1707 4488 δῆθεν
1722 4437 1814 4472 νεκ
1824 4421 1937 4489 ρόςο

362 4508 390 4559 ὁ
440 4504 532 4569 δέ,
594 4505 875 4576 παρεστὼς
930 4505 1178 4571 ἔκλαιεν,
1226 4500 1314 4562 οἶά
1366 4525 1430 4576 γε
1478 4508 1611 4579 όμοῦ
1674 4512 1937 4582 συνήθους

2044 3413 2387 3477 cubiculum,
2434 3412 2600 3482 320
2621 3412 2677 3465 in
2702 3426 2812 3481 quo
2831 3408 3065 3479 degebat
3094 3421 3445 3470 oet-onomus,
3470 3421 3627 3461 acce-

2042 3509 2198 3573 dens,
2237 3521 2459 3561 saccum
2494 3506 2549 3558 in
2585 3520 2697 3574 quo
2723 3504 2876 3556 multi
2909 3509 3069 3556 erant
3099 3501 3254 3554 aurei
3300 3500 3533 3563 nummi,
3570 3499 3623 3553 in

2044 3615 2245 3654 manus
2266 3600 2315 3657 ei
2352 3598 2601 3670 tradidit.
2624 3596 2874 3665 Cumque
2912 3610 3013 3648 nec
3052 3595 3099 3647 is
3124 3593 3217 3662 qui
3251 3591 3499 3654 dederat,
3525 3607 3626 3645 nec

2026 3689 2088 3750 js
2106 3689 2197 3753 qui
2221 3688 2817 3750 miseratnosceretur,
2838 3684 3231 3751 videreturque
3257 3682 3454 3735 merito
3476 3682 3625 3735 inso-

2041 3779 2181 3843 lens,
2207 3794 2542 3849 quemquam
2569 3778 2623 3831 in
2659 3785 2824 3830 tanta:
2853 3776 3105 3846 pecunia:
3139 3774 3430 3845 largitione
3451 3774 3624 3827 latere

2039 3871 2207 3933 velle,
2242 3881 2357 3925 tum
2389 3886 2523 3925 vero
2560 3870 2804 3925 universi
2834 3869 2885 3922 id
2924 3868 3014 3922 Dei
3054 3884 3193 3956 opus
3236 3883 3361 3923 esse
3406 3866 3623 3937 judica-

2038 3971 2184 4018 runt.
2222 3962 2379 4016 Aliud
2412 3973 2670 4031 praeterea
2705 3960 2855 4032 quod
2893 3960 2962 4015 de
2996 3960 3091 4015 illo
3144 3959 3406 4023 refertur,
3458 3975 3617 4012 com-

2040 4070 2347 4111 memorare
2384 4055 2536 4109 lihet.
2594 4055 2647 4109 Id
2678 4053 2899 4125 quidem
2934 4054 3003 4107 ab
3045 4052 3374 4106 admirando
3409 4050 3618 4122 Grego-

2039 4144 2124 4199 rio
2187 4145 2283 4214 qui
2330 4142 2829 4198 Neocaésariensem
2884 4142 3014 4197 olim
3068 4142 3213 4196 rexit
3246 4139 3617 4208 -E('c|esiam,

2037 4245 2252 4309 gestum
2287 4252 2408 4292 esse
2432 4235 2641 4304 accepi,
2676 4243 2729 4289 et
2755 4235 2987 4289 libenter
3021 4234 3210 4288 credo.
3248 4231 3350 4287 Sed
3380 4248 3490 4286 non
3527 4232 3613 4285 id-

2038 4332 2191 4386 circo
2235 4328 2565 4383 incredibile
2620 4326 2795 4381 videri
2845 4326 3030 4390 debet,
3069 4325 3231 4379 'idem
3270 4339 3488 4394 quoque
3538 4322 3618 4377 l‘a-

2037 4428 2189 4476 ctum
2218 4434 2346 4475 esse
2375 4418 2444 4473 ab
2471 4420 2803 4489 Epiphanio.
2836 4416 3021 4487 Neque
3056 4417 3204 4471 enim
3237 4415 3389 4471 solus
3421 4413 3617 4471 Petrus

2013 4510 2325 4585 “apostolus
2364 4517 2645 4563 mortuum
2696 4507 2766 4560 ab
2812 4506 3009 4561 inieris
3069 4505 3372 4570 excitavit,
3426 4520 3613 4557 verum

363 4596 589 4649 θάνατον
638 4596 991 4667 ὀδυρόμενος,
1051 4598 1144 4651 καὶ
1190 4599 1271 4652 ὅτι
1320 4600 1451 4669 μηδέ
1495 4601 1719 4654 θάπτειν
1771 4604 1931 4658 αὐτὸν
1964 4616 2005 4671 ῃ
2033 4602 2124 4657 eti:

1852 4605 1931 4658 τὸν
1964 4616 2005 4671 ῃ
2033 4602 2199 4657 etiam
2235 4598 2475 4654 Joannes
2504 4597 2845 4667 evangelista
2875 4597 2928 4649 in
2964 4597 3098 4651 urbe
3134 4594 3349 4664 Epheso
3373 4635 3386 4658 ,
3412 4602 3465 4647 et
3490 4590 3613 4645 Phi-

360 4688 595 4751 δύναιτο,
638 4689 736 4759 τὴν
776 4690 962 4743 πενίαν
996 4691 1505 4761 καταμεμφόμενος.
1585 4694 1641 4745 ὐ
1682 4694 1739 4747 δὲ
1783 4695 1930 4748 Ἐπι-

363 4781 568 4847 φάνιος,
599 4783 655 4833 ἐν
684 4782 988 4836 ἀναπαύσει
1020 4781 1156 4837 εἶναι
1188 4784 1278 4837 τὸν
1312 4780 1565 4853 κείμενον
1586 4785 1807 4855 ηὔξατο,
1834 4789 1929 4843 καὶ

360 4876 427 4928 τὰ
465 4876 599 4946 πρὸς
624 4875 721 4946 τὴν
747 4876 962 4945 κηδείαν
989 4877 1266 4948 ἐπιτήδεια
1294 4877 1542 4941 δεδωκὼς
1560 4920 1571 4942 ,
1624 4881 1913 4949 Ἐπιμελοῠ
1930 4934 1945 4960 ,

359 4969 497 5037 φησὶ
551 4967 630 5036 τῷ
665 4967 973 5038 δακρύοντι,
1008 4969 1105 5038 τῆς
1132 4968 1331 5039 ταφῆς,
1367 4970 1462 5023 καὶ
1498 4970 1673 5023 παύου
1700 4972 1921 5038 κλαίων,

360 5053 403 5112 ὦ
436 5059 639 5113 τέκνον.
684 5060 757 5112 Οὐ
790 5059 896 5130 γὰρ
932 5061 1289 5130 ἀναστήσεται
1338 5060 1451 5116 νῦν.
1511 5063 1582 5116 Τὸ
1616 5063 1671 5117 δὲ
1709 5066 1800 5117 ἐπὶ
1850 5066 1927 5136 τῷ

434 5192 825 5275 ιδυετλίιλν,
861 5229 927 5284 c.
966 5213 1051 5267 ιιι.

2036 4694 2171 4765 lippi
2203 4692 2325 4747 lilia:
2374 4689 2676 4761 Hierapoli.
2722 4689 3034 4759 Multosque
3091 4697 3200 4740 tam
3242 4703 3309 4741 ex
3348 4684 3610 4755 antiquis,

2033 4803 2198 4859 quam
2228 4803 2292 4842 ex
2322 4794 2527 4841 nostra:
2562 4783 2842 4839 memoriae
2891 4782 2997 4852 piis
3044 4780 3386 4842 hominibus,
3416 4778 3609 4833 eadem

2029 4894 2402 4951 saepenumero
2433 4878 2671 4948 gessisse
2706 4875 3101 4946 comperimus.
3158 4872 3216 4926 Id
3250 4880 3433 4925 autem
3463 4868 3611 4941 quod

2029 4952 2859 5042 dicereproposui,hujusmodi
2886 4974 2971 5023 est
2996 4988 3005 5021 :
3042 4964 3161 5019 Duo
3189 4964 3414 5036 quidam
3440 4980 3596 5018 men-

2033 5066 2167 5131 dici,
2198 5080 2322 5120 cmn
2355 5062 2722 5134 Epiphanium
2757 5058 3068 5116 venientem
3103 5057 3518 5124 observassent,
3549 5066 3606 5115 ut

1553 5357 1815 5414 VALESII
1853 5358 2287 5415 ANNOTATION
2296 5359 2395 5414 ES.

358 5455 477 5495 rum
510 5440 577 5495 de
620 5439 723 5519 hoc
775 5456 925 5519 more
962 5442 1304 5519 Hunnorum
1340 5446 1687 5519 aliorumque
1730 5451 1927 5504 barba-

359 5526 566 5589 rorum,
592 5513 703 5589 __qui
739 5513 1002 5589 conjectis
1040 5516 1252 5589 laqueis
1284 5516 1532 5573 homines
1564 5513 1927 5589 ahripiebant,

359 5581 527 5634 multa
553 5581 680 5635 olim
725 5581 910 5635 notavi
954 5585 1009 5638 in
1036 5581 1528 5643 Ob'servationibus
1574 5591 1638 5643 ad
1672 5581 1765 5645 lib.
1800 5581 1927 5647 xxxi

357 5652 632 5732 Ammiani
664 5651 962 5732 Marcellini
988 5696 1001 5716 ,
1047 5671 1172 5726 pag.
1212 5658 1357 5732 4l7_,
1398 5660 1597 5727 quibus
1628 5662 1729 5715 hoc
1764 5663 1926 5717 etiam

361 5721 488 5774 addi
532 5722 712 5795 velim.
767 5723 906 5795 idem
954 5721 1173 5795 quoque
1219 5743 1246 5781 a
1293 5721 1565 5783 Sarmatis
1613 5732 1923 5787 factitatum

359 5793 723 5874 cssc\scrih_it
769 5792 1098 5874 Pausanias
1130 5798 1181 5851 in
1225 5798 1441 5854 Atticis.
1501 5799 1603 5856 Ubi
1655 5805 1925 5874 interpres

360 5861 550 5933 σειράς
587 5862 724 5918 male
769 5865 1155 5933 interpretatus
1181 5880 1262 5925 est
1294 5879 1539 5925 catenas.

439 5931 549 6001 (δὲ)
593 5935 691 5999 Εἰς
746 5934 883 5988 δέοι·
915 5931 1235 5994 ἓσπάσθαι.
1279 5940 1427 5996 Ilunc
1484 5944 1660 5997 lorum
1714 5945 1925 5998 correxi

2030 5468 2093 5504 ex
2121 5453 2309 5507 codice
2339 5450 2643 5505 Fukctiano
2667 5458 2721 5504 et
2745 5465 2811 5502 ex
2832 5447 3155 5517 Nicephoro,
3186 5450 3277 5517 qui
3312 5463 3406 5517 pro
3432 5449 3602 5503 ἐσπά-

2035 5522 2196 5585 σθαι,
2263 5522 2524 5591 scriptum
2586 5522 2785 5591 habent
2844 5520 3091 5591 ἐσπάθα,
3153 5520 3357 5591 optime
3409 5521 3598 5588 procul

2030 5592 2219 5646 dubio.
2246 5593 2357 5647 Etsi
2396 5594 2539 5645 enim
2605 5590 2817 5661 σπαθᾷν
2857 5591 3001 5643 abuti
3047 5590 3318 5658 signilieat
3352 5598 3405 5643 ct
3447 5591 3604 5661 hixu-

2033 5664 2189 5721 riari,
2226 5663 2543 5715 adverbium
2579 5659 2934 5729 tamenquod
2970 5661 3212 5713 additum
3250 5668 3332 5713 est
3361 5675 3388 5712 a
3432 5659 3604 5714 Soza-

2037 5748 2215 5791 meno,
2247 5733 2395 5785 verbi
2427 5733 2683 5786 duritiem
2721 5738 2986 5799 temperat
3013 5740 3175 5799 atque
3203 5731 3431 5783 emollit.

2106 5804 2215 5871 (85)
2263 5803 2537 5855 Ἀπιόντιι
2570 5803 2675 5854 τὸν
2722 5797 3169 5868 Ἐπίφάνιονζιιι
3209 5801 3399 5853 Cotlit'c
3426 5797 3573 5871 Fului

2037 5869 2476 5941 lianoseriptum
2504 5882 2585 5927 est
2614 5873 3206 5940 értt6vw.l‘€icepltortts
3229 5879 3408 5925 autem
3435 5869 3599 5925 habet

2037 5960 2103 5993 πῖ
2120 5945 2319 6013 ptri/:1,
2351 5945 2491 6013 quod
2533 5945 2730 5997 rectius
2769 5942 3000 5997 videtur.
