4460 6634
897 371 1042 426 1503·
1449 413 1451 415 .
2363 365 2707 425 SOZOMENI

4016 364 4178 425 ιςοι

893 491 1018 557 plus
1052 490 1295 556 pecunia:
1323 488 1391 542 ab
1421 504 1488 543 eo
1518 489 1876 544 corradereut
1900 533 1914 556 ,
1949 490 2091 544 alter
2115 487 2337 560 quidem
2371 505 2466 544 eo-
2491 496 2542 553 Α
2571 507 2654 560 συι

2414 507 2466 544 o-
2491 496 2542 553 Α
2571 487 2940 560 συμϐεϐηκότι
2970 487 3365 560 ἀπαραίτητον,
3410 488 3503 545 καὶ
3544 489 3757 553 πάντως
3784 487 4175 558 ἀποκείμενον

896 595 1018 634 rum
1057 595 1227 648 super
1257 581 1379 636 solo
1404 589 1688 644 extensus,
1741 590 1962 636 mortuo
2010 579 2210 636 similis
2250 579 2460 650 jacuit:

893 672 1034 721 alter
1054 683 1185 722 vero
1216 685 1386 739 prope
1423 679 1582 727 stans
1631 671 1906 742 plorabat,
1945 670 2114 726 simul
2165 677 2464 740 egestatem

894 779 1050 815 suam
1079 778 1338 831 querens.
1365 763 1511 832 quod
1535 764 1686 818 illum
1714 764 1946 833 sepelire
1964 777 2074 816 non
2101 769 2312 832 posset.
2335 759 2465 830 Epi-

895 853 1132 918 phanius
1154 868 1284 906 vero
1313 853 1524 922 jacenti
1554 855 1797 924 requiem
1845 860 2178 923 apprecatus
2200 892 2216 918 ,
2249 865 2314 905 ea
2343 865 2466 921 qua!

895 941 958 992 ad
991 943 1329 1010 sepulturam
1377 944 1500 1014 ejus
1547 945 1862 1000 necessaria
1920 951 2097 1006 erant,
2129 943 2464 998 mendicanti

897 1034 1145 1093 donavit.
1191 1035 1466 1106 ﬁentique
1490 1037 1664 1091 dixit:
1701 1036 1846 1090 Cura
1877 1035 2239 1106 sepulturam,
2271 1042 2327 1089 et
2350 1034 2465 1105 plo-

897 1137 1023 1177 rare
1041 1125 1253 1190 desine,
1293 1127 1407 1181 ﬁli:
1439 1143 1616 1197 neque
1639 1127 1784 1182 enim
1809 1127 1862 1180 iu
1908 1125 2166 1196 praesenti
2192 1131 2462 1195 resurget.

894 1215 1048 1278 Quod
1077 1230 1208 1270 vero
1242 1218 1444 1272 accidit
1478 1217 1798 1274 inevitabile
1825 1232 1890 1272 ac
1933 1233 2162 1288 prorsus
2210 1230 2468 1271 necessa—

894 1307 1059 1368 rium,
1111 1306 1166 1360 id
1201 1306 1329 1362 forti
1371 1309 1556 1362 animo
1605 1308 1995 1379 perferendum
2051 1319 2164 1364 ρει.
2221 1307 2286 1361 Ει
2337 1309 2467 1378 Epi-

895 1397 1128 1464 phanius
1149 1397 1371 1468 quidem
1399 1399 1487 1454 his
1536 1400 1702 1457 dictis
1743 1401 2036 1456 abscessit.
2087 1399 2225 1454 Cum
2282 1410 2466 1454 autem

895 1503 1056 1541 nemo
1078 1488 1192 1557 jam
1217 1489 1272 1543 in
1301 1499 1601 1560 conspectu
1631 1500 1803 1551 esset.
1847 1489 2136 1545 mendicus
2192 1499 2350 1545 stans
2383 1490 2469 1559 ja-

894 1587 1107 1632 ccutein
1139 1579 1280 1648 pede
1311 1581 1535 1650 pulsare
1577 1583 1776 1653 cmpit,
1811 1583 2045 1637 laudans
2079 1581 2225 1651 quod
2261 1590 2468 1635 mortu-

895 1685 986 1722 um
1020 1672 1239 1741 egregie
1261 1671 1600 1739 simulasset,
1646 1682 1722 1739 et,
1757 1674 1953 1744 Surge,
2003 1674 2184 1744 inquit
2224 1692 2238 1730 :
2283 1689 2347 1728 ex
2390 1675 2469 1728 la-

896 1760 1028 1814 bore
1057 1772 1149 1816 tuo
1180 1764 1328 1819 hunc
1357 1767 1540 1818 lmtum
1586 1765 1956 1836 transigeinus
2002 1766 2168 1820 diem.
2205 1764 2309 1820 Sed
2341 1781 2464 1820 cum

2565 581 2646 634 δεῖ
2674 579 2860 652 φέρειν
2885 578 3165 649 γενναίως.
3231 579 3342 634 Καὶ
3367 581 3396 634 ό
3436 580 3558 651 μέν,
3582 579 3758 633 τοιάδε
3781 577 3975 642 είπὼν,
4007 594 4174 648 παρ-

2563 672 2744 744 ῆλθεν.
2799 671 2888 737 Ὠς
2905 672 2963 725 δὲ
2987 671 3160 736 οὐδεὶς
3207 672 3477 742 ἐφαίνετο,
3522 673 3603 743 τῷ
3633 673 3755 727 ποδὶ
3796 675 4037 744 κινήσας
4071 672 4175 724 τὸν

2563 762 2816 835 κείμενον
2852 763 2882 817 ό
2919 761 3112 829 ἐστὼς,
3143 762 3262 833 ἀμα
3293 781 3355 833 γε
3383 765 3620 818 ἐπαινῶν
3661 766 3736 830 ὡς
3785 767 3933 836 μάλα
3964 764 4175 832 σαφῶς

2562 853 2811 909 τεθνάναι
2854 854 3184 926 ἐμιμήσατο·
3210 854 3432 928 Ἔγειρε
3478 856 3702 921 σαυτὸν,
3736 856 3838 927 ἔφη
3859 897 3876 920 ,
3902 857 4002 910 καὶ
4060 855 4175 925 τὴν

2562 945 2778 1016 ἡμέραν
2803 946 2869 1000 ἐκ
2895 946 3002 999 τῶν
3027 944 3136 998 σῶν
3167 945 3345 1001 πόνων
3372 948 3432 1001 ἐν
3470 950 3648 1019 τρυφῇ
3683 947 3980 1018 διάξωμεν.
3998 948 4178 1000 Ἐπεὶ

2561 1036 2620 1090 δὲ
2665 1035 2866 1109 ὁμοίως
2910 1036 3108 1100 ἔκειτο,
3163 1037 3260 1090 καὶ
3300 1038 3452 1092 οὐδὲν
3496 1038 3697 1108 μᾶλλον
3735 1036 3858 1091 οὔτε
3918 1037 4178 1107 βοῶντος

2563 1129 2782 1199 ἤκουεν,
2815 1127 2940 1182 οὔτε
2988 1131 3152 1184 παντὶ
3185 1129 3365 1184 σθένει
3400 1130 3676 1194 κινοῦντος
3709 1129 4000 1200 ᾐσθάνετο,
4038 1129 4177 1198 δρο-

2567 1216 2725 1286 μαῖος
2749 1217 3070 1271 καταλαϐὼν
3092 1218 3183 1271 τὸν
3205 1218 3373 1291 ίερέα,
3397 1219 3498 1288 τὴν
3519 1217 3669 1287 σφῶν
3695 1219 3889 1289 τέχνην
3907 1235 4046 1271 κατε
4057 1219 4177 1286 μή-

2564 1321 2716 1371 νυσε,
2761 1305 2964 1359 κλαίων
3004 1324 3066 1360 τε
3092 1307 3188 1361 καὶ
3218 1307 3318 1371 τὰς
3362 1307 3552 1377 τρίχας
3592 1306 3809 1370 τίλλων,
3854 1307 4031 1359 ἐδεῖτο
4071 1305 4176 1357 τὸν

2565 1396 2779 1465 ἑταῖρον
2805 1395 3206 1460 ἐξανίστασθαι.
3251 1397 3310 1450 '0
3333 1397 3390 1450 δέ
3423 1395 3755 1464 Ἐπιφάνιος,
3791 1397 3866 1468 μὴ
3898 1395 4176 1465 χαλεπῶς

2567 1486 2752 1559 φέρειν
2779 1487 2841 1540 τὸ
2873 1487 3086 1559 συμϐὰν
3109 1487 3468 1560 παραινέσας,
3496 1487 3791 1558 ἀπέπεμψε
3814 1490 3908 1540 τὸν
3934 1485 4174 1556 ἀνθρω-

2566 1597 2685 1634 πον.
2727 1579 2802 1633 Οὐ
2849 1579 2957 1652 γὰρ
2997 1579 3220 1633 ἀνέλυσε
3263 1579 3326 1633 τὸ
3363 1580 3583 1648 γεγονὸς
3624 1580 3653 1632 ό
3680 1578 3841 1643 Θεόςο
3895 1577 4165 1639 πάντως,

2565 1666 2739 1742 οἶμαι,
2779 1671 2907 1736 τοὺς
2953 1670 3273 1744 ἀνθρώπους
3315 1668 3694 1740 πιστούμενος,
3741 1668 3817 1732 ὡς
3859 1668 4032 1722 αὐτὸν
4070 1666 4174 1718 τὸν

2566 1763 2746 1818 πάντα
2777 1763 3044 1818 ἀκούοντα
3064 1764 3162 1818 καὶ
3187 1761 3466 1835 ἐφορῶντα
3497 1760 3864 1827 ἐξαπατῶσιν,
3893 1761 3948 1813 οί
3980 1757 4172 1812 τοιού-

896 1850 991 1904 ille
1034 1862 1300 1923 perpetuo
1345 1855 1582 1925 jaceret,
1619 1867 1673 1910 et
1709 1857 1884 1911 nihilo
1921 1857 2044 1926 plus
2086 1872 2189 1912 nec
2231 1857 2476 1911 claman-
2501 1841 2547 1898 Β
2574 1875 2657 1911 τοι

2391 1872 2476 1911 In-
2501 1841 2547 1898 Β
2574 1875 2699 1921 τους
2729 1859 2869 1927 σφᾶς
2901 1859 3029 1930 περὶ
3065 1857 3192 1922 τοὺς
3220 1856 3386 1910 αὐτοῦ
3419 1856 3759 1927 θεράποντας
3779 1856 4046 1926 παρέχοιτ’
4063 1869 4152 1914 ες.

893 1947 1004 1992 tem
1035 1943 1269 2008 audiret,
1299 1961 1402 2001 nec
1446 1947 1577 2002 totis
1609 1947 1825 2002 viribus
1867 1954 2174 2002 moventem
2211 1947 2463 2014 sentiret,
2503 1949 2722 2002 concito
2744 1963 2914 2004 cursu
2950 1949 3272 2019 episc0pum
3303 1958 3624 2010 assecutus,
3695 1946 3952 2001 fraudem
4026 1960 4165 1997 am-

895 2033 1088 2090 borum
1117 2039 1410 2098 confessus
1477 2050 1590 2110 est,
1657 2045 1996 2115 ploransquc
2039 2053 2094 2100 et
2150 2045 2339 2102 crines
2381 2044 2671 2110 vellicans,
2738 2047 2934 2101 orabat
2965 2053 3025 2100 ut
3047 2047 3240 2102 socius
3278 2045 3345 2101 ad
3376 2047 3548 2102 vitam
3608 2053 3985 2101 revocaretur.
4056 2040 4177 2094 Ve-

898 2144 1018 2182 rum
1046 2129 1392 2203 Epiphanius
1427 2137 1705 2192 hominem
1739 2139 1974 2205 dimisit,
2006 2140 2260 2197 hortatus
2311 2151 2371 2197 ut
2400 2141 2456 2197 id
2496 2142 2642 2213 quod
2675 2142 2953 2198 acciderat
2975 2157 3135 2213 mque
3203 2143 3390 2199 animo
3435 2141 3624 2198 ferret.
3689 2140 3806 2196 Non
3839 2140 3991 2195 enim
4034 2137 4168 2191 dis-

895 2222 1114 2278 solvere
1135 2226 1311 2282 voluit
1343 2226 1488 2284 Deus
1554 2229 1606 2284 id
1637 2231 1785 2301 quod
1837 2232 2046 2287 factum
2084 2235 2264 2289 fuerat
2295 2253 2310 2290 :
2343 2233 2677 2305 persuadere
2705 2234 2935 2289 omnino
2953 2235 3148 2290 volens
3171 2234 3517 2298 hominibus,
3547 2250 3646 2291 eos
3706 2233 3802 2304 qui
3866 2247 3928 2288 se
3995 2231 4155 2284 tales

896 2319 1142 2388 praebent
1173 2337 1302 2394 erga
1333 2322 1571 2380 famulos
1594 2325 1791 2395 ipsius,
1831 2327 1934 2398 ipsi
1969 2329 2063 2400 qui
2093 2330 2279 2384 omnia
2309 2329 2463 2386 audit
2499 2343 2564 2386 ac
2601 2329 2772 2396 videt,
2801 2328 3054 2386 fraudem
3071 2340 3308 2386 struere.-

1457 2414 1614 2470 CAP.
1664 2415 1904 2473 XXVIII.

895 2499 976 2556 De
993 2503 1187 2558 Acacio
1218 2505 1415 2583 Beroea:
1444 2508 1723 2583 episcopo;
1763 2509 1928 2583 deque
1959 2509 2167 2583 Zenone
2198 2523 2251 2568 et
2278 2511 2465 2583 Ajace,

1262 2576 1374 2630 'iris
1411 2576 1474 2629 ob
1499 2578 1745 2633 virtutem
1770 2580 2092 2636 illustribus.

972 2723 1170 2782 Verum
1200 2725 1318 2782 inec
1352 2731 1573 2798 quidem
1608 2732 1681 2786 ita
1743 2733 1953 2804 accepi.
1991 2731 2067 2787 Ex
2093 2733 2286 2790 eodem
2335 2743 2472 2791 tem-

896 2833 1033 2887 pore
1073 2820 1305 2876 Aeacius
1337 2838 1558 2892 quoque
1585 2823 1730 2879 inter
1773 2827 2063 2896 episcopos
2095 2829 2317 2893 claruit,
2372 2829 2472 2899 qui

895 2910 1273 2980 episcopatum
1329 2913 1534 2970 Beroeaa
1572 2916 1627 2970 in
1662 2915 1822 2987 Syria
1862 2917 2187 2988 jamdudum
2236 2919 2474 2974 admini-

897 3004 1132 3057 strabat.
1161 3003 1236 3058 De
1257 3004 1363 3060 hoc
1393 3007 1566 3061 multa
1588 3008 1728 3063 scitu
1764 3009 1928 3081 digna
1965 3011 2180 3064 narrari
2206 3019 2467 3082 possunt;

897 3094 1099 3164 quippe
1133 3096 1228 3164 qui
1257 3096 1312 3150 in
1352 3099 1658 3154 monastica
1686 3101 1798 3155 vita
1832 3103 1901 3156 ab
1920 3101 2078 3172 321
2139 3103 2362 3160 ineunte
2386 3119 2462 3160 aa-

3145 2421 3399 2476 ΚΕΦΔΔ.
3432 2421 3568 2476 KH'.

2566 2511 2709 2582 Περὶ
2761 2513 3032 2570 Ἀκακίου
3071 2513 3185 2581 τῆς
3210 2512 3512 2581 Βεῤῥοίας.
3548 2510 3650 2592 καί
3691 2510 3822 2633 περὶ
3850 2508 4172 2576 Ζήνωνος.

2639 2583 2739 2633 καὶ
2771 2585 3030 2633 Αἴαντορ
3062 2583 3376 2633 ἐπισήμων
3405 2582 3641 2633 ἀνδρων
3680 2597 3758 2633 κα
3819 2579 4172 2633 διαϐοήτων

2635 2579 2739 2707 ira}
2759 2585 3030 2708 glutto;
3062 2579 3376 2654 ἐπισήμων
3405 2580 3641 2652 ἀνδρῶν
3680 2579 3780 2635 καί
3819 2579 4175 2649 διαϐοήτων

2670 2667 2715 2707 π
2791 2671 2961 2723 pata.

2653 2741 2813 2796 ’Δλλά
2841 2743 2911 2797 τά
2937 2742 3036 2814 μὲν
3079 2735 3180 2798 ὦδε
3211 2741 3512 2813 ἐπυθόμην.
3573 2739 3667 2807 Ἐξ
3714 2740 3924 2795 ἐκείνου
3963 2739 4028 2793 δέ
4068 2739 4172 2793 καὶ

2585 2834 2838 2897 ’Δκάκιος
2871 2834 2929 2887 ἐν
2961 2832 3281 2897 ἐπισκόποις
3307 2832 3590 2904 διέπρεπε,
3636 2831 3737 2904 ήδη
3759 2831 4032 2904 πρότερον
4061 2830 4169 2901 τὴν

2571 2923 2630 2978 ἐν
2658 2923 2855 2997 Βεροίᾳ
2885 2923 2986 2994 τῆς
3010 2925 3211 2996 Συρίας
3245 2923 3549 2996 ἐπισκοπὴν
3575 2923 3915 2994 ἐπιτραπείς.
3948 2922 4168 2977 Τούτου

2568 3014 2626 3069 δὲ
2664 3015 2810 3080 είκὸς
2839 3016 2939 3088 μὲν
2965 3016 3059 3070 καὶ
3098 3015 3234 3072 ἄλλα
3265 3015 3526 3088 φέρεσθαι
3553 3015 3772 3088 γραφῆς
3798 3015 3926 3080 ἀξια
3953 3033 3969 3046 ο
4025 3015 4168 3069 καθὸ

2567 3105 2660 3160 τδν
2705 3105 2818 3174 βίον
2863 3105 3174 3178 μοναχικῶς
3234 3105 3496 3176 ἀσκηθεὶς
3534 3105 3600 3159 ἐκ
3644 3105 3852 3169 παιδὸς,
3902 3105 4163 3176 ἀκριϐῶς

897 3193 1008 3238 tale
1037 3185 1393 3254 exercitatus,
1428 3187 1882 3245 emendatissimo
1924 3193 2146 3249 vixerit.
2175 3194 2328 3250 Istud
2371 3201 2462 3248 ta-
2492 3227 2536 3287 ο
2570 3196 2658 3248 ἐπι

2401 3209 2462 3248 a-
2492 3227 2536 3287 C
2570 3193 2968 3287 “eiuratione.
2996 3195 3308 3287 τεκμήριον
3416 3193 3686 3287 μεγίστης
3707 3193 3908 3287 ἐδωκεν
3927 3197 4162 3287 ἀρετῆς,

894 3294 1026 3337 men
1070 3276 1370 3336 maximum
1412 3280 1634 3338 virtutis
1677 3283 1943 3339 indicium
2004 3285 2271 3355 praebuit,
2318 3287 2468 3356 quod

893 3373 1212 3444 episc0pale
1249 3373 1590 3429 domicilium
1611 3388 1878 3445 perpeluo
1902 3386 2151 3448 apertum
2176 3379 2464 3446 habuerit',

896 3465 974 3519 ita
1005 3473 1063 3519 ut
1093 3465 1396 3536 peregrinis
1425 3480 1492 3520 ac
1522 3467 1744 3524 civibus
1773 3470 2093 3540 quicunque
2124 3471 2346 3534 vellent,
2382 3472 2468 3536 ci-

895 3557 952 3611 bi
1001 3557 1166 3612 etiam
1199 3573 1268 3611 ac
1321 3559 1503 3613 somni
1551 3567 1798 3629 tempore
1833 3560 2019 3616 videre
2074 3577 2200 3616 eum
2254 3563 2464 3618 liceret.

895 3645 1054 3712 Quod
1085 3646 1306 3716 quidem
1338 3649 1579 3704 maxime
1615 3649 1881 3704 admiror.
1918 3649 2049 3704 Nam
2089 3652 2174 3706 vel
2222 3653 2297 3706 ita
2319 3653 2469 3709 vive-

897 3736 1012 3802 bat,
1046 3743 1105 3789 ut
1135 3736 1392 3791 ﬁduciam
1433 3739 1518 3794 sui
1547 3753 1764 3809 semper
1806 3750 2044 3811 gereret,
2081 3743 2165 3796 vel
2199 3743 2467 3800 adversus

896 3833 1110 3880 natura:
1169 3826 1239 3881 ad
1289 3827 1485 3882 vitium
1552 3828 1958 3898 proclivitatem
2007 3845 2131 3885 sese
2167 3833 2467 3897 muniens,

897 3918 1039 3974 istud
1063 3920 1398 3989 excogitavit
1435 3938 1450 3974 :
1485 3929 1545 3976 ut
1572 3922 1704 3976 dum
1731 3923 1958 3978 assidue
1992 3923 2372 3994 suspicaretur
2409 3939 2470 3979 se

894 4009 1299 4079 deprehensum
1338 4011 1406 4065 iri
1437 4013 1507 4066 ab
1535 4012 1600 4066 iis
1635 4011 1729 4080 qui
1759 4027 1827 4068 ex
1868 4012 2170 4082 improviso
2202 4029 2467 4083 superve-

896 4103 1099 4169 nirent,
1122 4104 1415 4158 continuas
1441 4105 1707 4160 excubias
1727 4106 1996 4176 agens,ab
2019 4105 2196 4161 ollicio
2210 4122 2311 4161 suo
2328 4124 2470 4163 nun-

894 4209 1058 4262 quam
1088 4193 1401 4249 deﬂecteret
1437 4235 1453 4258 ,
1489 4196 1586 4250 sed
1618 4196 1866 4252 honestis
1899 4197 2120 4253 actibus
2149 4213 2366 4270 semper
2388 4199 2470 4254 in-

894 4292 1084 4339 tentus
1115 4293 1285 4340 esset.
1329 4285 1588 4341 Celebres
1616 4287 1808 4343 eodem
1852 4295 2104 4360 tempore
2136 4287 2290 4345 luere
2323 4290 2470 4347 Zeno

894 4386 950 4430 et
982 4376 1116 4446 Ajax
1149 4376 1349 4432 fratres
1384 4394 1397 4429 :
1429 4378 1523 4448 qui
1557 4377 1716 4433 initio
1743 4379 1970 4450 quidem
2024 4397 2133 4437 non
2174 4383 2232 4436 in
2277 4383 2472 4438 solitu-

895 4469 1027 4523 dine
1073 4469 1448 4538 philosOphati
1502 4479 1650 4536 sunt,
1706 4473 1803 4528 sed
1845 4473 1899 4528 in
1949 4474 2082 4529 urbe
2131 4473 2274 4529 Gaza
2311 4477 2467 4548 juxta

2567 3285 2722 3356 παρὰ
2751 3285 2928 3340 πάντα
2969 3285 3060 3339 τδν
3092 3285 3284 3356 χρόνον
3320 3284 3381 3339 τὺ
3411 3283 3769 3339 ἐπισκοπικὸν
3809 3284 4168 3354 καταγώγιον

2567 3377 2910 3448 ἀνεῳγμένον
2955 3375 3124 3447 ἔχων
3155 3375 3233 3440 ὡς
3269 3374 3367 3430 καὶ
3401 3375 3615 3448 τροφῆς
3657 3375 3776 3447 ῶρᾳ
3818 3375 3918 3430 καὶ
3961 3376 4167 3439 ὓπνου,

2566 3469 2736 3533 ἀδεῶς
2765 3465 2849 3532 οἷς
2886 3467 3059 3522 ἐδόκει
3079 3466 3251 3534 ξένοις
3273 3484 3334 3521 τε
3356 3467 3451 3521 καὶ
3479 3467 3664 3532 ἀστοῖς
3681 3467 3846 3522 αὐτὸν
3864 3468 4002 3538 ὁρᾷν
4026 3467 4164 3536 (δι).

2573 3559 2822 3630 ’Δγαμαι
2873 3559 2932 3612 δὲ
2976 3558 3134 3612 τοῦτο
3195 3559 3469 3630 μάλιστα’
3527 3559 3563 3632 ἢ
3610 3559 3722 3632 γὰρ
3774 3560 3952 3624 οὕτως
4001 3560 4161 3626 ἐϐίω,

2567 3654 2644 3717 ὡς
2697 3654 2787 3709 ἀεὶ
2829 3653 3181 3718 πεποιθέναι,
3218 3653 3253 3725 ἢ
3293 3652 3432 3725 πρὸς
3474 3653 3536 3708 τὸ
3570 3652 3790 3724 ἐτοιμον
3834 3653 3918 3716 είς
3959 3653 4166 3706 κακίαν

2566 3743 2668 3814 τῆς
2714 3744 2931 3814 φύσεως
2977 3742 3549 3815 παρετοιμαζόμενος,
3593 3741 3744 3795 τουτὶ
3827 3741 4161 3811 ἐπενόησενο

2567 3832 2708 3886 ὥστε
2735 3834 2821 3888 ἀεὶ
2838 3833 3257 3904 φωραθήσεσθαι
3285 3831 3600 3905 προσδοκῶν
3620 3831 3726 3885 ὑπὸ
3753 3829 3866 3884 τῶν
3894 3831 4167 3899 ἐξαπίνης

2569 3924 2866 3990 εἰσιόντων,
2895 3927 2954 3980 ἐν
2997 3927 3065 3996 τῇ
3099 3925 3313 3995 συνεχεῖ
3353 3923 3604 3994 φυλακῇ,
3643 3922 3778 3993 μηδέ
3821 3923 4163 3994 ἁμαρτάνειν

2568 4010 2644 4070 ὧν
2670 4015 2752 4069 δεῖ
2773 4015 2905 4088 (85),
2926 4015 3043 4070 ἀλλ’
3075 4019 3132 4070 ἐν
3162 4015 3468 4080 σπουδαίοις
3505 4010 3646 4069 εῖναι
3672 4014 4022 4086 πράγμασιν.
4067 4014 4157 4067 Ἐν

2568 4105 2625 4159 δέ
2674 4104 2755 4177 τῷ
2799 4105 2923 4160 τότε
2965 4106 3222 4177 ἐπισήμω
3275 4105 3450 4177 ἤστην
3501 4105 3597 4159 καὶ
3648 4105 3834 4176 Ζήνων
3879 4104 3979 4158 καὶ
4024 4103 4160 4167 Δίας

2570 4197 2788 4267 ἀδελφοί
2805 4215 2818 4229 ·
2837 4198 2887 4252 οἳ
2909 4197 2976 4270 δὴ
2989 4197 3050 4252 τὸ
3068 4197 3195 4269 πρὶν
3223 4196 3596 4267 ἐφιλοσόφουν,
3611 4196 3712 4250 οὐκ
3728 4196 3785 4248 ἐν
3812 4195 4158 4267 μοναγρίαις,

2571 4291 2688 4346 ἀλλ’
2714 4293 2772 4345 ἐν
2817 4290 2964 4362 Γάζῃ
3014 4290 3153 4362 πρὸς
3185 4288 3462 4344 θάλασσαν
3484 4328 3499 4354 ,
3532 4287 3671 4359 ὅπερ
3712 4286 3810 4339 καὶ
3863 4287 4160 4356 Μαῖουμᾶν

2569 4382 2948 4456 ὀνομάζουσιν.
2997 4383 3199 4453 ’Δμφω
3242 4380 3301 4435 δὲ
3351 4379 3660 4434 πιστοτάτω
3704 4378 3836 4451 περὶ
3872 4378 3935 4432 τὺ
3983 4377 4159 4446 δόγμα

2571 4473 2883 4546 ἐγενέσθην,
2911 4472 3008 4527 καὶ
3061 4472 3193 4526 Θεὸν
3220 4471 3577 4542 ὡμολόγησαν
3608 4470 3868 4542 ἀνδρείως
3902 4485 3917 4499 ·
3953 4468 4032 4532 ὡς
4065 4469 4158 4521 καὶ

897 4575 1090 4628 mare;
1117 4561 1210 4630 qui
1242 4562 1396 4615 locus
1421 4562 1584 4616 etiam
1623 4561 1857 4633 Majuma
1892 4573 2143 4620 vocatur.
2195 4567 2465 4624 Cmterum
2503 4561 2547 4617 υ
2575 4567 2658 4621 ποῖ

2395 4585 2465 4623 im
2503 4561 2547 4617 υ
2575 4567 2834 4632 πολλάκις
2854 4566 2990 4638 πρὸς
3021 4565 3130 4620 τῶν
3175 4563 3536 4633 Ἑλληνιστῶν
3561 4562 3870 4633 αἰκισθῆναι
3901 4561 4156 4631 χαλεπῶς

895 4651 1061 4704 amho
1097 4652 1385 4707 catholicae
1426 4653 1550 4709 ﬁdei
1605 4667 1917 4713 assertores
1971 4659 2234 4714 acerrimi
2273 4660 2468 4727 fuere,

897 4741 1179 4812 Deumque
1224 4742 1350 4798 forti
1382 4747 1569 4802 animo
1607 4747 1847 4804 confessi
1903 4758 2062 4816 sunt,
2120 4753 2257 4808 adeo
2292 4764 2351 4809 ut
2372 4770 2476 4810 sa:-

895 4849 1196 4903 penumero
1251 4851 1283 4892 a
1334 4841 1562 4910 paganis
1612 4842 1944 4910 gravissime
1991 4853 2044 4897 et
2091 4845 2476 4902 crudelissime

2570 4660 2708 4728 ἄγαν
2739 4659 2833 4712 καὶ
2854 4659 3080 4728 ἀπηνῶς
3107 4656 3240 4728 (86).
3268 4657 3500 4725 Λέγεται
3525 4655 3584 4709 δέ
3611 4656 3817 4708 Αίαντα
3848 4654 4028 4724 γῆμαι
4060 4653 4159 4723 μέν

2571 4750 2945 4820 εὐειδεστάτην
2973 4751 3233 4820 γυναῖκα·
3255 4747 3436 4819 τρίτον
3454 4747 3512 4801 δέ
3535 4747 3692 4817 μόνον
3712 4746 3851 4817 αὐτῇ
3883 4744 4157 4798 συνελθεῖν

2571 4840 2632 4896 ἐν
2669 4840 2834 4894 παντὶ
2873 4839 2953 4911 τῷ
3003 4839 3200 4912 χρόνῳ,
3224 4838 3318 4892 καὶ
3360 4840 3511 4910 τρεῖς
3553 4837 3751 4902 παῖδας
3794 4837 4042 4907 ποιῆσαι.
4082 4834 4155 4888 τὸ

2100 5013 2369 5070 VALESII
2407 5013 2960 5070 ANNOTATIONES.

965 5150 1080 5218 (84)
1130 5149 1338 5216 Ξένοις
1386 5166 1453 5204 τε
1497 5150 1596 5204 καὶ
1643 5151 1852 5217 ἀστοῖς
1895 5153 2080 5207 αὑτὸν
2129 5152 2299 5220 ὀρᾷν.
2353 5153 2473 5210 Νοη

893 5221 1086 5274 dubito
1119 5223 1253 5285 quin
1297 5223 1650 5275 scribendum
1688 5222 1754 5275 sit
1798 5223 1982 5286 ξένους
2011 5240 2070 5275 τε
2119 5224 2214 5276 καὶ
2251 5223 2471 5288 ἀστούς.

896 5292 951 5346 id
983 5307 1130 5344 enim
1166 5295 1246 5344 lex
1281 5293 1637 5362 grammatica
1679 5295 1956 5358 postulat;
2006 5307 2170 5362 atque
2218 5295 2290 5346 ita
2337 5296 2474 5348 scri-

899 5379 1050 5430 ptum
1081 5363 1244 5415 habet
1282 5361 1643 5432 Nicl-phorus.
1678 5363 1893 5430 Alioqui
1937 5361 2301 5432 supplendum
2328 5375 2476 5419 esset

897 5433 1122 5485 verbum
1176 5433 1394 5497 ἐξεῖναι.
1460 5431 1629 5486 Porro
1695 5433 1989 5486 notandum
2043 5431 2161 5493 est,
2220 5450 2471 5488 eumucm

896 5502 1118 5569 quoque
1157 5518 1363 5555 morem
1409 5503 1475 5552 ab
1509 5503 1800 5556 Ambrosuo
1835 5516 2114 5557 servatum
2161 5503 2362 5568 fuisse,
2415 5513 2476 5558 ut

898 5581 1138 5625 teslatur
1211 5581 1552 5640 Augustinus
1635 5573 1689 5626 iu
1759 5575 1853 5627 lib.
1911 5591 1962 5627 vI
2026 5573 2464 5642 Confessionum,

898 5659 1016 5710 eap.
1133 5645 1216 5695 his
1239 5645 1422 5697 verbis
1455 5662 1468 5695 :
1504 5646 1652 5710 Swpe
1682 5661 1800 5697 cum
1825 5646 2166 5698 adessemus:
2197 5661 2299 5698 non
2325 5647 2465 5698 enim

900 5714 1174 5766 rrmbutur
1200 5716 1478 5784 quisquam
1518 5715 1759 5782 ingredi,
1795 5725 1888 5767 aut
1918 5717 1966 5768 ei
2012 5717 2294 5769 venientem
2331 5733 2466 5769 nun-

902 5787 1028 5835 tum'
1061 5802 1170 5839 mos
1201 5796 1345 5847 erat;
1372 5787 1448 5840 sic
1470 5801 1586 5840 cum
1617 5785 1864 5855 legentem
1898 5787 2122 5840 vidimus
2146 5788 2325 5853 tacite,
2357 5797 2461 5843 etc.

2643 5152 2757 5219 (85)
2803 5150 2967 5218 Μηδὲ
3001 5148 3362 5218 ἁμαρτάνειν
3396 5144 3484 5202 ὧν
3517 5148 3626 5219 δεῖ.
3680 5147 3862 5202 Malim
3908 5147 4153 5205 scribere

2577 5218 2745 5292 μηδὲν
2786 5221 3140 5290 ἁμαρτάνειν.
3191 5220 3244 5292 lin
3291 5221 3483 5292 codice
3527 5218 3833 5292 Fiiketiano
3883 5220 4147 5292 scriptum

2575 5288 2658 5347 est
2695 5308 2787 5358 per
2811 5288 3090 5359 apocopen
3120 5291 3242 5359 μηδ’
3276 5291 3628 5360 ἁμαρτάνειν.
3674 5288 3773 5343 llic
3801 5297 3887 5344 est
3915 5289 4150 5360 Aeacius

2573 5364 2668 5430 qui
2696 5357 3013 5416 inimicitias
3047 5357 3219 5426 gessit
3271 5357 3536 5437 adversus
3569 5357 3837 5437 Joannem
3888 5358 4146 5437 .ClLrysoc

2571 5426 2832 5493 stomum,
2879 5441 2933 5485 et
2971 5447 3132 5500 quem
3183 5444 3246 5483 ea
3296 5430 3364 5483 de
3407 5427 3929 5500 causaperstringit
3970 5426 4147 5482 Palla-

2572 5506 2698 5558 dius
2728 5503 2783 5556 in
2812 5498 3042 5569 Dialogo
3071 5499 3134 5553 de
3164 5500 3272 5552 vita
3303 5500 3529 5552 Joannis
3561 5498 3944 5569 Chrysogomi.

2646 5572 2757 5640 (86)
2791 5567 3075 5634 Χαλεπῶς
3111 5570 3264 5637 ἄγαν
3315 5569 3412 5640 καὶ
3467 5567 3730 5635 ἀπηνῶς.
3768 5567 3903 5623 Tres
3947 5567 4149 5640 ultima

2572 5639 2738 5698 voCes
2783 5641 2988 5696 desunt
3021 5643 3076 5694 in
3123 5639 3316 5693 codice
3353 5639 3674 5700 Fuketiano,
3719 5647 3775 5693 et
3815 5646 3966 5692 totus
3998 5639 4150 5694 locus

2573 5714 2647 5767 ita
2688 5712 2947 5768 scribitur
2983 5727 2997 5764 ι
3037 5709 3176 5782 Πρὸς
3200 5710 3308 5763 τῶν
3348 5709 3702 5781 Ἑλληνιστῶν
3735 5708 3987 5780 χαλεπῶς
4010 5711 4149 5763 ain-

2578 5784 2785 5854 σθῆναι.
