4460 6634
346 420 493 477 1505'

1209 411 1537 470 HISTORIA
1569 409 2125 469 ECCLESIASTICA.
2165 441 2230 450 —-
2274 410 2399 465 LIB.
2440 411 2549 468 ΥΠ.

3482 415 3621 470 1506

354 537 491 607 μιτά
523 536 693 590 ταῦτα
740 535 794 587 δὲ
844 531 1128 596 συνουσίας
1178 532 1340 585 ἕνεκα
1369 531 1583 585 τοιᾶσδε
1621 534 1687 602 τῇ
1724 531 1939 601 γαμετῇ
1972 535 2014 591 Α
2046 543 2111 583 ve

1875 531 1939 601 τῇ
1972 535 2014 591 Α
2046 528 2318 583 verberati
2352 530 2481 583 sint.
2513 528 2581 582 Et
2604 528 2745 597 Ajax
2778 528 2999 600 quidem
3031 530 3465 600 pulcherrimam
3502 549 3631 590 uxo-

349 626 761 694 ἁποταξάμενον
789 664 803 686 .
838 624 1146 694 μοναχικῶς
1202 621 1620 675 πεπολιτεῦσθαι
1648 637 1661 651 ·
1691 622 1786 673 καὶ
1834 619 1942 672 τῶν

350 722 509 772 υίέων
559 719 653 772 δύο
686 719 781 788 μὲν
821 717 912 769 ἐπὶ
958 717 1025 769 τὰ
1066 716 1183 768 θεῖα
1215 716 1308 767 καὶ
1337 714 1436 785 τὴν
1484 714 1725 784 ἀγαμίαν
1757 711 1945 765 παιδα-

347 809 637 877 γωγῆσαι·
680 809 773 860 τὸν
822 808 980 862 ἄλλον
1036 806 1091 859 δὲ
1146 806 1238 859 ἐπὶ
1291 806 1487 875 γάμον.
1552 802 1841 866 Ἐπιεικῶς
1886 802 1945 856 δὲ

350 903 443 954 καὶ
496 902 643 971 μάλα
691 900 995 969 εὐδοκίμως
1032 899 1129 970 τὴν
1163 898 1256 952 τοῦ
1307 896 1572 951 Βοτωλίου
1617 894 1943 966 Ἐκκλησίαν

349 995 739 1065 ἐπετρόπευσε.
766 995 950 1063 Ζήνων
998 993 1077 1054 δὲ,
1110 991 1189 1044 ἔτι
1221 991 1339 1054 νέος
1382 990 1457 1043 ὢν
1498 990 1596 1061 βίῳ
1642 990 1737 1044 κα).
1776 989 1943 1060 γάμῳ

349 1085 768 1157 ἀπαγορεύσας,
800 1085 1227 1155 ἐπιμελέστατος
1266 1084 1481 1152 ἐγένετο
1536 1084 1663 1154 περὶ
1706 1082 1805 1152 τὴν
1835 1082 1945 1135 δια-

349 1178 533 1229 κονίαν
576 1177 671 1230 τοῦ
721 1176 877 1231 Θεοῦ.
917 1176 1053 1229 Φασὶ
1101 1175 1231 1243 γοῦν
1281 1175 1441 1227 αὐτὸν
1471 1216 1484 1237 ,
1530 1175 1728 1245 μᾶλλον
1762 1173 1817 1227 δὲ
1852 1173 1945 1226 καὶ

350 1271 511 1337 ἡμεῖς
555 1267 882 1338 τεθεάμεθα,
926 1266 1328 1320 ἐπισκοποῦντα
1354 1265 1451 1335 τὴν
1486 1267 1542 1317 ὲν
1573 1266 1649 1335 τῷ
1682 1265 1945 1334 Μαῖουμᾶ

365 1360 705 1430 Ἐκκλησίαν,
739 1361 838 1431 ἤδη
883 1359 1153 1431 γηραλέον
1203 1359 1293 1412 καὶ
1319 1358 1462 1428 ἀμφὶ
1506 1358 1574 1411 τά
1607 1357 1801 1410 ἑκατὸν
1847 1357 1942 1426 ἐτη

351 1454 508 1515 ὄντα,
543 1452 896 1523 μηδεπώποτε
960 1448 1197 1504 ἐωθινῶν
1243 1450 1275 1521 ἢ
1318 1450 1619 1521 ὲσπερινῶν
1660 1449 1875 1518 ὓμνων,
1908 1448 1941 1518 ἢ

352 1546 516 1615 ἄλλης
570 1546 911 1616 λειτουργίας
952 1543 1046 1597 τοῦ
1088 1543 1222 1597 Θεοῦ
1258 1542 1487 1595 κατόπιν
1535 1543 1861 1610 γενόμενον,
1895 1541 1944 1594 εί

355 1642 429 1709 μή
456 1657 517 1707 γε
540 1640 689 1702 νότος
714 1640 873 1692 αὐτὸν
894 1638 1143 1707 ἐπέσχεν.
1175 1638 1261 1689 Ἐν
1284 1635 1570 1707 φιλοσοφία
1591 1635 1647 1688 δὲ
1678 1636 1941 1705 μοναχικῇ

350 1733 442 1785 τὸν
486 1731 599 1801 βίον
638 1734 819 1798 ἄγων,
847 1731 1000 1801 λινῆν
1049 1729 1248 1799 ἐσθῆτα
1284 1729 1506 1799 ὕφαινεν
1550 1729 1642 1780 ἐπὶ
1678 1728 1943 1798 μονήρους

356 1824 529 1882 ἱστοῦ,
561 1822 808 1876 ἐντεῦθέν
854 1839 913 1874 τε
974 1821 1044 1875 τὰ
1094 1822 1377 1890 ἐπιτήδεια
1430 1814 1544 1889 εἶχε
1574 1858 1589 1882 ,
1621 1818 1716 1871 κα).
1764 1817 1944 1880 ἄλλοις

2044 634 2161 673 rem
2202 619 2428 674 duxisse
2450 620 2674 684 dicitur,
2704 635 2767 674 ac
2799 630 2882 676 ter
2930 629 3144 676 tantum
3205 639 3334 677 eum
3394 640 3457 680 ea
3513 642 3628 681 rem

2047 708 2331 775 habuisse,
2379 716 2604 781 tresque
2638 726 2706 766 ex
2742 728 2805 767 ea
2836 712 3046 769 liberos
3106 714 3418 780 sustulisse,
3474 726 3630 787 post-

2044 802 2161 856 hzec
2197 816 2329 856 vero
2387 801 2455 857 ab
2493 819 2685 869 uxore,
2731 805 2877 874 quod
2936 805 3160 875 quidem
3219 808 3286 861 ad
3355 809 3627 877 ejusmodi

2046 908 2408 964 congressum
2474 897 2708 963 attinet,
2764 907 3073 967 separatus,
3122 901 3485 954 monasticam
3532 902 3632 956 du-

2053 984 2205 1040 xisse
2256 985 2449 1050 vitam,
2506 997 2669 1058 atque
2700 1004 2768 1044 ex
2817 989 2947 1043 ﬁliis
2980 991 3119 1046 duos
3166 993 3387 1062 quidem
3418 994 3483 1047 ad
3518 1002 3630 1049 stu-

2044 1073 2202 1128 dium
2248 1090 2433 1130 rerum
2483 1077 2799 1133 divinarum
2866 1089 2921 1135 et
2978 1081 3045 1134 ad
3096 1084 3419 1138 caelibatum
3469 1086 3629 1140 insti-

2044 1169 2243 1232 tuisse,
2301 1168 2526 1222 tertium
2563 1186 2695 1226 vero
2730 1171 2798 1225 ad
2844 1173 3283 1228 matrimonium.
3332 1175 3453 1247 Ipse
3487 1192 3630 1247 pra:-

2044 1260 2195 1315 clare
2226 1259 2523 1315 admodum
2559 1271 2612 1318 et
2648 1263 2928 1322 moderate
2957 1266 3262 1323 Ecclesiam
3300 1268 3501 1324 Botolii
3533 1287 3631 1342 gu-

2044 1350 2318 1407 bernavit.
2353 1352 2422 1405 At
2459 1351 2643 1421 Zeno,
2676 1370 2800 1410 cum
2847 1356 3029 1411 adhuc
3065 1357 3290 1427 juvenis
3334 1360 3536 1413 saeculo
3577 1370 3631 1415 et

2046 1443 2255 1512 nuptiis
2299 1448 2701 1512 renuntiasset,
2767 1447 2821 1501 in
2848 1449 3158 1504 ministerio
3196 1448 3287 1504 Dei
3316 1449 3629 1521 diligentis-

2047 1535 2227 1591 simus
2265 1535 2390 1591 fuit.
2425 1539 2597 1592 Aiunt
2633 1549 2809 1605 certe,
2869 1541 2979 1597 imo
3021 1558 3123 1598 nos
3163 1557 3383 1613 quoque
3413 1544 3515 1613 ipsi
3549 1545 3633 1599 vi-

2046 1621 2249 1688 dimus,
2282 1640 2407 1679 eum
2444 1642 2568 1681 cum
2599 1629 2858 1699 Majumte
2902 1630 3212 1687 Ecclesiam
3251 1634 3582 1704 gubernaret
3614 1677 3629 1702 ,

2040 1714 2155 1785 jam
2188 1733 2376 1772 senem
2408 1734 2472 1775 ac
2498 1729 2721 1777 centum
2754 1723 2978 1777 circiter
3007 1740 3185 1780 annos
3220 1737 3437 1791 natum,
3492 1744 3633 1782 nun-

2046 1812 2587 1876 quamamatutinis
2620 1822 2716 1868 aut
2762 1818 3100 1886 vespertinis
3154 1820 3395 1890 hymnis,
3448 1829 3544 1874 aut
3597 1837 3629 1875 a

353 1918 641 1986 ἐχορήγει·
669 1916 761 1969 καὶ
788 1915 848 1967 ού
886 1914 1123 1967 διέλιπεν
1150 1913 1276 1984 ἄχρι
1310 1913 1564 1983 τελευτῆς
1596 1911 1657 1963 τὺ
1684 1909 1815 1965 αὐτὸ
1862 1910 1944 1963 δι·
1976 1905 2018 1961 Β
2050 1914 2110 1954 ΥΘ

1867 1910 1944 1963 δι-
1976 1905 2018 1961 Β
2050 1900 2266 1970 reliquo
2291 1902 2470 1959 oﬁicio
2502 1904 2690 1961 divino
2722 1907 2969 1965 abfuisse
2994 1951 3008 1973 ,
3038 1911 3144 1965 nisi
3178 1912 3403 1968 morbus
3450 1914 3628 1984 ipsum

354 2009 501 2061 έπων
514 2010 692 2077 ἔργον,
710 2008 912 2077 καίπερ
932 2008 1250 2076 ἀρχαιότητι
1267 2005 1373 2059 τῶν
1391 2005 1495 2059 ἀνὰ
1512 2004 1573 2056 τὸ
1590 2004 1737 2067 ἔθνος
1753 2003 1943 2074 ἱερέων

353 2101 671 2173 πρωτεύων,
702 2102 795 2153 καὶ
833 2098 943 2169 λαῷ
981 2101 1074 2153 καὶ
1120 2102 1362 2169 χρήμασι
1401 2097 1663 2168 μεγίστης
1712 2093 1941 2164 Ἐκκλη-

356 2196 475 2258 σίας
512 2194 809 2265 προεστώς.
856 2194 1013 2246 Ἀλλὰ
1048 2193 1215 2245 τῶνδε
1256 2192 1351 2261 μὲν
1397 2192 1476 2253 εἰς
1534 2189 1804 2252 ἀπόδειξιν
1834 2188 1940 2239 τῶν

358 2286 480 2339 τότε
505 2285 814 2357 ἱερωμένων
832 2284 1128 2355 ἐμνήσθην,
1150 2285 1355 2345 πάντας
1374 2283 1429 2334 δὲ
1453 2281 1738 2345 διεξελθεῖν
1757 2279 1934 2349 ἔργον·

361 2380 483 2432 ἐπεὶ
510 2382 559 2431 οἱ
588 2379 803 2441 πλείους
839 2377 1031 2445 ἀγαθοὶ
1066 2377 1312 2445 ἐγένοντο
1332 2393 1343 2404 ’
1374 2375 1466 2427 καὶ
1499 2374 1559 2427 τὸ
1587 2374 1739 2426 Θεῖον
1772 2374 1943 2442 ἐμαρ-

356 2473 509 2545 τύρει
542 2475 651 2535 τοῖς
683 2471 861 2524 αύτῶν
890 2470 1043 2541 βίοις,
1095 2467 1537 2537 ἐπικαλουμένων
1581 2464 1811 2536 ἑτοίμως
1841 2466 1941 2517 ἑπ-

355 2566 569 2628 ακοῦον,
611 2565 702 2618 καὶ
728 2563 952 2617 πλεῖστα
982 2560 1448 2633 θαυματουργοῦν.

2048 1991 2341 2049 detineret.
2394 1994 2572 2050 Porro
2630 2013 2754 2052 cum
2807 2001 2861 2055 in
2922 2004 3228 2058 monastiea
3283 2005 3630 2077 philosophia

2046 2085 2213 2140 vitam
2263 2088 2624 2156 traduceret,
2680 2093 2880 2148 lineam
2934 2106 3138 2151 vestem
3188 2099 3411 2154 texebat
3467 2115 3632 2171 super

2047 2179 2216 2233 unica
2283 2181 2411 2237 tela.
2462 2181 2579 2238 Hoc
2622 2185 2859 2240 artiﬁcio
2908 2197 2961 2241 et
3005 2189 3108 2243 sibi
3161 2189 3265 2259 ipsi
3316 2192 3631 2246 necessaria

2046 2275 2424 2343 comparabat,
2464 2286 2519 2331 et
2553 2278 2679 2333 aliis
2713 2280 3212 2349 subministrabat;
3252 2300 3351 2339 nec
3396 2286 3632 2341 cessavit

2046 2382 2224 2436 usque
2254 2368 2319 2422 ad
2352 2371 2562 2424 exitum
2612 2372 2734 2427 vitae
2785 2374 2837 2428 id
2886 2390 3027 2445 opus
3076 2392 3355 2441 exercere,
3412 2378 3631 2434 tametsi

2048 2464 2291 2534 reliquos
2323 2481 2517 2521 omnes
2557 2469 2855 2538 provincia:
2894 2471 3043 2527 illius
3068 2474 3357 2544 episcopos
3386 2475 3630 2543 antiqui-

2048 2564 2163 2612 tate
2202 2568 2512 2629 snperaret,
2543 2569 2597 2615 ct
2634 2561 2939 2617 Ecclesiam
2988 2572 3103 2619 tum
3142 2566 3328 2637 populi
3373 2567 3629 2621 multitu-

354 2663 507 2725 dine,
542 2672 655 2715 tum
691 2661 903 2715 divitiis
927 2660 1331 2730 pracccllentcm
1362 2664 1595 2729 regeret.
1626 2656 1805 2727 Atque
1832 2655 1935 2711 hos
1970 2656 2191 2726 quidem
2220 2656 2511 2728 episcopos
2537 2662 2985 2726 commemoravi,
3014 2671 3075 2717 ut
3141 2664 3332 2732 quales
3389 2663 3631 2719 fuissent

358 2774 422 2811 eo
453 2756 1013 2826 temporeantistites,
1045 2754 1502 2809 demonstrarent.
1533 2750 1779 2806 Cunctos
1840 2764 1973 2804 vero
2047 2748 2369 2820 singillatim
2432 2768 2771 2819 recensere,
2823 2770 3115 2825 operosum
3186 2755 3375 2812 fuerit.
3436 2756 3629 2828 Majori

361 2853 510 2906 enim
540 2869 603 2906 ex
649 2861 802 2923 parte
839 2849 966 2904 boni
1012 2848 1235 2902 luerunt
1270 2864 1282 2900 :
1320 2856 1368 2901 et
1423 2848 1548 2900 vitm
1620 2846 1839 2899 illorum
1890 2844 2258 2913 integritatem
2322 2844 2470 2902 Deus
2539 2849 2864 2915 testimonio
2914 2865 3015 2904 suo
3084 2850 3486 2921 comprobavit,
3532 2866 3628 2906 eo-

360 2962 481 3000 rum
517 2961 707 3017 preces
744 2944 998 2999 celeriter
1026 2944 1357 3007 exaudiens,
1392 2952 1445 2997 et
1490 2942 1661 2995 multa
1693 2956 1789 3011 per
1836 2938 2058 2993 eosdem
2091 2946 2317 3007 patratis
2343 2941 2632 2997 miracula.

942 3038 1192 3090 ΚΕΦΛΛ.
1229 3037 1357 3090 KG'.

362 3135 499 3201 Περὶ
548 3134 655 3201 τῆς
679 3132 980 3200 -εὐρέσεως
1020 3130 1140 3185 τῶν
1180 3128 1488 3201 λειψάνων
1530 3126 1819 3201 ’ᾼϐακοὺμ
1845 3128 1945 3201 nat

433 3198 684 3272 Μιχαίου
704 3198 820 3258 τῶν
848 3203 1168 3272 προφητῶν
1192 3218 1203 3230 ⁸
1235 3200 1480 3272 καὶπερὶ
1516 3199 1625 3264 τῆς
1658 3198 1943 3267 τελευτῆς

434 3271 757 3330 Θεοδοσίου
781 3274 1089 3339 βασιλέως
1118 3272 1220 3327 τοῦ
1240 3271 1527 3341 μεγάλου.

2558 3036 2721 3107 322
2743 3035 2895 3091 CAP.
2938 3038 3127 3092 χχιιι.

2053 3130 2131 3186 De
2167 3131 2460 3185 inventione
2482 3130 2835 3200 reliquiarum
2877 3131 3092 3185 Abacuc
3130 3142 3177 3184 et
3224 3130 3465 3185 illic/tam:
3514 3148 3631 3201 pro-

2119 3202 2444 3327 glhetarum,
2501 3210 2550 3254 et
2607 3200 2671 3256 de
2726 3211 2895 3256 morte
2951 3203 3288 3269 imperatoris
3348 3202 3628 3257 Theodosii

2181 3290 2323 3343 agnu

445 3367 578 3420 ’Υπδ
601 3367 657 3420 δὲ
683 3367 939 3420 τοιούτων
970 3366 1210 3435 ἀγομένη
1243 3369 1275 3435 ἡ
1311 3362 1583 3433 πανταχοῦ
1626 3360 1940 3432 Ἐκκλησία,
1974 3367 2016 3425 C
2119 3366 2203 3420 Ab

1869 3360 1940 3426 ία,
1974 3367 2016 3425 C
2119 3366 2203 3420 Ab
2232 3364 2549 3434 hujusmodi
2591 3364 2730 3420 viris
2761 3363 3008 3421 Ecclesia
3036 3366 3422 3421 administrata
3456 3367 3630 3421 laieos

363 3460 500 3531 πρὸς
547 3459 799 3528 ὁμόνοιαν
820 3499 833 3521 ,
887 3456 1088 3528 ἀρετὴν
1143 3456 1274 3525 (87),
1306 3454 1401 3507 καὶ
1437 3454 1595 3524 ζῆλον
1625 3453 1792 3521 ἀνῆγε
1820 3452 1948 3514 τοὺς

365 3552 528 3615 λαοὺς
551 3553 643 3605 καὶ
668 3553 793 3614 τοὺς
823 3551 1076 3621 κλήρους.
1118 3550 1193 3604 Οὐ
1228 3549 1364 3618 μόνα
1388 3548 1443 3600 δὲ
1482 3548 1653 3602 ταῦτα
1691 3546 1789 3617 τὴν
1817 3546 1948 3616 θρη-

368 3645 555 3697 σκείαν
585 3644 897 3714 ἐσέμνυνεν,
918 3643 1052 3696 ἀλλά
1088 3643 1181 3695 καὶ
1223 3642 1501 3711 ’Λϐακουμ
1521 3680 1535 3706 ,
1571 3640 1686 3711 μετ’
1712 3640 1773 3693 οὐ
1810 3639 1944 3691 πολὺ

364 3734 420 3786 δὲ
463 3733 651 3785 τούτου
700 3734 792 3785 καὶ
854 3733 1093 3803 Μιχαίας
1145 3732 1627 3805 πρωτοπροςρητῶν
1664 3731 1784 3802 (88)
1817 3733 1946 3802 περὶ

364 3825 553 3878 τοῦτον
580 3825 671 3878 τὸν
711 3826 898 3897 χρόνον
936 3824 1317 3893 ἀνασανέντες.
1362 3827 1586 3895 Ἀμφοῖν
1631 3825 1687 3878 δὲ
1720 3824 1790 3879 τὰ
1840 3824 1948 3878 σώ-

370 3936 532 3988 ματα,
558 3918 628 3981 ὠς
680 3918 982 3989 ἐπυθόμην,
1024 3919 1163 3971 κατά
1197 3918 1345 3971 θείαν
1382 3919 1654 3988 ὀνείρατος
1700 3917 1820 3986 ὄψιν
1854 3916 1948 3970 ἀν-

366 4010 578 4083 εδείχθη
637 4012 876 4082 Ζεεέννῳ
923 4012 999 4082 τῷ
1055 4013 1175 4065 τότε
1231 4011 1613 4064 ἐπισκοποῦντι
1665 4010 1797 4081 (89)
1852 4009 1949 4082 τὴν

380 4102 907 4171 Ἐλευθερουπόλεως
938 4102 1282 4171 Ἐκκλησίαν.
1318 4102 1427 4155 Καὶ
1456 4103 1563 4172 γὰρ
1605 4102 1668 4173 δὴ
1700 4103 1791 4155 καὶ
1826 4102 1948 4156 τού-

368 4213 505 4266 νομα
538 4195 740 4265 ταύτης
767 4196 934 4265 ἤστην
976 4195 1142 4259 Κελὰ,
1183 4197 1215 4265 ἡ
1245 4197 1374 4265 πρὶν
1400 4197 1567 4249 Κείλα
1605 4195 1715 4266 (90)
1744 4196 1944 4266 ὀνομαο

369 4287 572 4361 ζομένη
600 4289 772 4350 πόλις,
812 4289 932 4341 καθ’
963 4290 1028 4359 ἢν
1067 4291 1094 4340 ὀ
1126 4288 1401 4360 Ἀϐακοὺμ
1438 4290 1658 4362 εὑρέθη.
1684 4291 1793 4345 Καὶ
1837 4292 1945 4362 Βη-

371 4380 637 4449 ραθσατία
674 4381 782 4453 (9!)
814 4382 1012 4452 χωρίον
1042 4383 1182 4453 ἀμφὶ
1229 4383 1360 4437 δέκα
1399 4384 1585 4438 στάδια
1613 4388 1711 4455 τῆς
1740 4384 1947 4448 πόλεως

2057 3458 2227 3514 simul
2261 3467 2314 3513 et
2341 3458 2573 3512 clericos
2603 3457 2669 3511 ad
2705 3457 2908 3512 similis
2948 3459 3176 3514 virtutis
3221 3460 3630 3513 aemulationem

2054 3551 2330 3606 subvexit.
2364 3548 2552 3621 Neque
2583 3567 2717 3606 vero
2757 3551 2872 3606 lizec
2917 3552 3095 3606 solum
3139 3553 3463 3621 religionem
3529 3567 3630 3606 uo-

2054 3656 2229 3701 stram
2299 3646 2696 3705 illustrarunt,
2752 3658 2940 3699 verum
2990 3644 3153 3699 etiam
3216 3644 3472 3707 Abaeuc,
3531 3658 3632 3700 nec

2052 3738 2228 3792 multo
2262 3746 2387 3807 post
2418 3753 2543 3792 eum
2574 3735 2853 3802 Michazas,
2886 3752 2952 3792 ex
3012 3738 3207 3807 primis
3238 3738 3352 3793 illis
3398 3737 3632 3809 prophe-

2053 3833 2144 3895 tis,
2177 3830 2325 3885 circa
2358 3829 2411 3883 id
2444 3839 2659 3900 tempus
2691 3829 2917 3898 reperti.
2954 3829 3251 3884 Amborum
3288 3838 3467 3884 autem
3503 3844 3629 3884 cor-

2052 3940 2184 3996 pora
2214 3940 2312 3995 per
2344 3924 2588 3979 divinam
2644 3924 2697 3978 in
2740 3924 2951 3978 somnis
2986 3923 3273 3987 visionem,
3310 3924 3453 3977 sicut
3481 3937 3634 3978 acce-

2054 4018 2380 4088 pi,ostensa
2430 4026 2561 4071 sunt
2596 4016 2874 4083 Zebenno,
2908 4017 3002 4087 qui
3048 4024 3184 4070 tunc
3236 4015 3627 4086 Eleutheropo-

2053 4110 2239 4163 litanm
2278 4108 2535 4164 Ecclesiae
2567 4108 2947 4179 pontiﬁcatum
2976 4109 3217 4179 gerebat.
3254 4107 3432 4163 Locus
3463 4122 3631 4177 porro

2052 4203 2106 4257 in
2141 4216 2249 4271 quo
2283 4208 2536 4271 repertus
2559 4210 2642 4256 est
2675 4201 2903 4256 Abacuc
2926 4243 2939 4263 ,
2968 4200 3271 4255 vocabatur
3304 4200 3468 4267 Cela;
3499 4200 3626 4255 olim

2049 4308 2182 4347 vero
2208 4292 2355 4347 Ceila
2381 4293 2576 4348 civitas
2595 4292 2901 4347 dicebatur.
2936 4291 3280 4346 Beratbsatia
3313 4304 3442 4346 vero
3472 4290 3629 4345 locus

2052 4395 2135 4441 est
2167 4384 2356 4441 decem
2388 4386 2611 4441 circiter
2652 4385 2851 4440 stadiis
2896 4385 3113 4440 distans
3148 4386 3216 4438 ab
3259 4383 3391 4439 urbe
3422 4400 3437 4437 :
3470 4382 3627 4454 juxta

1550 4541 1823 4599 VALESll
1864 4540 2420 4601 ANNO'I‘ATIONES.

446 4638 559 4713 (87)
606 4638 763 4713 ῌρρς
801 4639 1103 4713 ὁμόνοιαν-λ
1131 4639 1373 4713 ἀρετήν.
1439 4639 1800 4713 scribendum
1862 4648 1946 4713 est
1979 4642 2022 4696 D
2052 4639 2207 4713 i’lodbc

1862 4648 1946 4713 est
1979 4642 2022 4696 D
2052 4639 2226 4713 γἸούδα
2249 4683 2262 4705 ,
2310 4641 2439 4694 ἔνθα
2466 4641 2634 4713 Δαόὶδλ
2680 4642 2951 4713 ἐκαθέσθη
2972 4681 2986 4703 ,
3020 4641 3114 4713 καὶ
3143 4641 3309 4713 εἰσέτι
3339 4639 3433 4713 νῦν
3464 4639 3623 4713 κώμη

376 4711 563 4779 procul
599 4710 766 4764 dubio
810 4710 1173 4782 npb;_dpoia.v
1214 4712 1435 4782 ἀρετήν.
1483 4712 1657 4782 Quam
1686 4711 1947 4782 eluenda-

377 4783 579 4834 tionem
624 4782 914 4833 conﬁrmat
956 4780 1295 4846 Nicephorus
1339 4780 1391 4835 in
1424 4797 1544 4851 cap.
1581 4780 1671 4840 48,
1714 4780 1807 4833 lib.
1846 4796 1945 4833 xu.

380 4852 471 4904 Sic
498 4852 641 4905 enim
675 4852 762 4902 ille
788 4853 932 4905 hunc
962 4851 1249 4905 Sozomeui
1285 4854 1461 4905 locum
1492 4852 1765 4921 expressit
1795 4868 1806 4902 :
1841 4851 1951 4902 Kal.

377 4923 505 4985 λαὸς
543 4922 636 4975 καὶ
676 4922 877 4989 κλῆρος
908 4924 1042 4991 πρὸς
1076 4923 1165 4974 τὸν
1207 4923 1319 4976 ἴσον
1357 4923 1583 4985 ἐκείνοις
1618 4924 1713 4992 τῆς
1746 4922 1949 4992 ἀρετῆς

378 4993 539 5062 ξῆλον
576 4995 674 5062 ἀνη
686 4992 978 5060 ρεθίζοντο.

450 5064 561 5130 (88)
602 5060 711 5116 και
751 5064 1006 5131 Μιχαίας
1059 5064 1594 5133 πρωτοπροερητῶν.
1650 5060 1952 5133 Ιιινροόἰοθ

380 5136 681 5190 Fuketiauo
710 5137 976 5202 scriptum
1011 5146 1091 5189 est
1126 5135 1342 5204 πρῶτος
1370 5131 1681 5205 προφητῶν.
1720 5131 1950 5205 Vulgata

382 5219 564 5261 tamen
608 5207 768 5259 lectio
799 5207 975 5275 potior
1017 5206 1149 5259 mihi
1173 5202 1425 5259 videtur.
1452 5202 1638 5275 Neque
1668 5205 1812 5257 enim
1835 5202 1949 5275 iMi-

381 5282 561 5332 chmas
610 5274 855 5346 primus,
904 5277 996 5329 sed
1047 5278 1189 5331 inter
1234 5277 1442 5345 primos
1488 5274 1948 5346 prophetas_l_‘uit,

382 5351 581 5418 quippe
611 5343 705 5417 ξιιιὶ
742 5356 862 5414 post
888 5346 1025 5401 Osee
1056 5356 1110 5401 et
1138 5343 1304 5401 Amos
1333 5343 1765 5418 proplietaverit.
1802 5343 1952 5397 Vixit

382 5430 564 5473 tamen
602 5418 795 5472 iisdem
840 5418 1178 5485 temporibus
1228 5419 1427 5487 quibus
1460 5420 1572 5479 illi,
1629 5425 1688 5469 ut
1720 5424 1952 5469 testatur

384 5490 652 5545 Eusebius
685 5491 739 5543 in
772 5490 910 5543 libro
940 5488 1013 5541 De
1047 5490 1335 5556 prophetis,
1373 5492 1464 5558 qui
1510 5488 1690 5543 editus
1719 5496 1804 5541 est
1842 5500 1951 5539 uua

384 5576 507 5615 cum
542 5561 797 5631 Procopii
833 5559 1007 5614 Gazaei
1045 5561 1469 5613 Commentariis
1502 5561 1555 5613 in
1587 5558 1804 5631 Is_ai:_im.

456 5631 566 5701 (89)
612 5630 699 5696 Τῷ
726 5626 862 5685 τότε
902 5630 1353 5685 ἐπισκοποῦντι.
1399 5632 1583 5686 Codex
1617 5626 1952 5685 Fuketiauus

384 5701 547 5756 habet
573 5703 1001 5773 ἐπιτροπεύοντι.

458 5775 567 5843 (90)
620 5774 678 5826 Ἠ
706 5772 853 5842 πρὶν
887 5776 1091 5829 Κείλα.
1129 5772 1303 5842 llujus
1345 5772 1499 5827 urbis
1545 5775 1752 5828 mentio
1790 5773 1847 5828 ﬁt
1897 5774 1951 5827 in

386 5844 526 5899 libro
574 5844 918 5914 Regnorum,
964 5859 1083 5912 cap.
1123 5861 1279 5898 χχιιι.
1330 5843 1404 5899 De
1435 5845 1535 5899 hac
1589 5845 1859 5899 Eusebius
1898 5846 1949 5898 in

388 5917 530 5971 libro
574 5916 648 5969 De
685 5917 812 5971 locis
855 5916 1132 5971 Hebraicis
1180 5918 1252 5969 ita
1300 5917 1533 5972 scribit:
1578 5916 1747 5970 Κείλα
1780 5916 1952 5987 φυλῆς

2052 4711 2225 4784 ξςείλα
2255 4713 2389 4781 πρὸς
2418 4711 2683 4784 ἀνατολὰς
2711 4711 3213 4784 Ἐλευθεροπόλεως
3246 4711 3513 4784 ἀπιόντων
3547 4711 3627 4777 είς

2053 4781 2279 4853 Χεὸρὼν
2315 4784 2392 4845 ὡς
2432 4783 2538 4835 ἀπὸ
2578 4782 2819 4853 σημείων
2860 4781 2962 4847 ιζ”ο
3017 4782 3076 4835 τὸ
3118 4781 3310 4851 μνῆμα
3348 4782 3626 4853 Ἀϐακοὺμ

2051 4851 2141 4905 τοῦ
2174 4851 2453 4922 προφήτου
2484 4851 2665 4906 αὐτόοι
2695 4853 2989 4908 δείκνυται.
3022 4853 3155 4918 Qua:
3195 4853 3266 4905 ita
3302 4854 3464 4922 vertit
3498 4851 3626 4907 Ilie-

2054 4921 2359 4994 ronymus:
2399 4923 2545 4977 Ceila
2578 4925 2632 4976 in
2672 4924 2811 4975 tribu
2849 4923 3016 4981 Juda.
3059 4925 3149 4976 ubi
3178 4921 3623 4994 quondamsedit

2052 4992 2223 5047 David
2250 5011 2268 5048 :
2308 5006 2355 5048 et
2389 5012 2524 5047 nunc
2558 4995 2747 5047 villula
2784 4994 2932 5047 Ceila
2961 4995 3029 5047 ad
3071 4992 3377 5049 orientalem
3409 4992 3625 5062 plagam

2054 5063 2548 5135 Eleutheropoleus,
2595 5065 2925 5134 pergentibus
2960 5065 3195 5120 Chebron
3212 5082 3239 5135 ,j
3262 5066 3415 5132 quasi
3446 5075 3625 5119 octauo

2052 5134 2348 5200 milliaria,
2374 5139 2427 5191 in
2459 5154 2563 5206 qua
2608 5137 2905 5204 sepulcrum
2954 5137 3164 5189 Abacuc
3207 5134 3622 5206 demonstratur.

2052 5206 2340 5261 Notandus
2371 5204 2549 5261 autem
2588 5217 2671 5261 est
2695 5221 2852 5261 error
2882 5206 3168 5275 Nieephori
3211 5204 3315 5259 hoc
3358 5207 3499 5266 loco,
3529 5208 3622 5273 qui

2053 5277 2518 5347 Eleutheropolim
2575 5278 2778 5331 Ceilatn
2838 5278 3039 5330 dictam
3097 5291 3221 5331 esse
3266 5277 3619 5347 existimavit.

2053 5347 2209 5415 Quod
2262 5345 2441 5404 tamen
2492 5364 2599 5403 non
2646 5348 2780 5402 dicit
2827 5348 3202 5410 Sozomenus,
3266 5345 3361 5400 sed
3410 5354 3623 5404 tantum

2052 5421 2282 5483 Ceilam,
2319 5422 2499 5473 vicum
2536 5436 2683 5474 nunc
2708 5434 2829 5474 esse
2868 5421 2921 5472 in
2949 5434 3079 5488 agro
3116 5417 3621 5488 Eleutheropoleos.

2125 5492 2236 5561 (9|)
2283 5491 2393 5544 Kal
2425 5492 2825 5561 Βηραθσατία.
2871 5487 3001 5544 Haec
3028 5489 3251 5561 videtur
3276 5503 3403 5561 esse
3450 5487 3621 5561 Βηρά,

2053 5558 2260 5631 ᾶθιιιιιι
2303 5558 2568 5617 Eusebius
2615 5572 2667 5615 et
2700 5560 3068 5631 Hieronymus
3102 5563 3153 5612 in
3200 5558 3357 5631 libro
3382 5558 3452 5631 De
3492 5559 3623 5631 locis

2051 5628 2333 5687 Hebraicis
2371 5636 2441 5687 ita
2494 5632 2789 5687 scribunt:
2826 5628 2992 5697 Bero,
3038 5632 3127 5685 ubi
3169 5646 3287 5684 cum
3326 5628 3625 5684 Abimeleclt

2052 5702 2288 5757 Joathan
2359 5705 2607 5773 fugisset,
2671 5703 2953 5757 habitavit.
3010 5703 3191 5755 Distat
3244 5710 3447 5773 autem_
3482 5701 3624 5754 vicus

2053 5773 2192 5828 Bera
2226 5774 2289 5826 ab
2341 5770 2729 5842 Eleutheropoli
2766 5784 2881 5828 octo
2927 5774 3162 5827 millibus
3200 5772 3269 5825 ad
3304 5770 3621 5842 aquilonem.

2055 5846 2202 5899 ldcm
2260 5840 2647 5917 Hieronymus,
2688 5848 2740 5917 in
2803 5845 3081 5917 Epitaphio
3130 5840 3355 5905 Paulle,
3393 5840 3621 5917 Morathi

2056 5926 2211 5972 vocat
2251 5912 2562 5987 sepulcrum
2610 5912 2865 5972 Michma‘.
2925 5916 3119 5972 Melius
3163 5923 3345 5969 tamen
3389 5912 3621 5985 patriam
