4460 6634
900 355 1034 412 1511

2351 349 2701 409 SOZOMENI

4021 360 4176 420 1512

899 478 1203 526 sectatores
1234 478 1424 532 erant.
1454 468 2023 540 transgrediebantur.
2066 468 2472 528 Macedonianis
2499 476 2546 534 Α
2577 473 2660 544 μέ]

2398 473 2472 528 ais
2499 476 2546 534 Δ
2577 473 2737 545 μέχρι
2767 475 2864 546 τῆς
2901 474 3166 548 ἐχομένης
3209 477 3484 548 βασιλείας
3515 480 3833 550 διεγένοντο.
3867 482 4159 535 Nausta-

898 571 1082 617 autem
1138 563 1233 633 qui
1265 570 1426 617 erant
1480 560 1998 633 ConstantinOpoli.
2055 561 2110 617 id
2163 563 2470 634 plurimum

901 655 1109 718 nocuit,
1140 655 1286 724 quod
1318 669 1386 710 eo
1417 661 1671 724 tempore
1697 654 1909 708 nullum
1939 653 2226 710 habebant
2252 654 2471 726 episco-

899 763 1054 818 pum.
1087 747 1223 802 Nam
1251 763 1317 803 ex
1345 763 1456 818 quo
1494 746 1781 803 Eudoxius
1824 762 1952 803 cum
1993 748 2148 812 suis,
2205 754 2474 818 regnante

897 838 1249 903 Constantio,
1297 839 1568 895 ecclesias
1619 841 1731 896 illis
1778 839 2078 904 ademerat,
2116 839 2472 908 sequentium

897 931 1159 1002 deinceps
1192 931 1592 1002 imperatorum
1619 931 1981 1002 temporibus,
2031 931 2135 987 sub
2168 931 2303 986 solis
2343 945 2471 1000 pre-

897 1026 1136 1096 sbyteris
1169 1033 1614 1095 permanserunt.
1643 1026 1713 1080 At
1747 1023 2057 1088 Novatiani,
2093 1024 2223 1078 licet
2247 1024 2470 1093 quidam

897 1117 1141 1188 ipsorum
1185 1117 1396 1173 turbati
1429 1126 1616 1173 essent
1656 1119 1728 1172 ob
1759 1117 2118 1189 quaestionem
2139 1115 2206 1172 de
2234 1115 2467 1182 Pascha,

895 1225 1061 1280 quam
1117 1208 1414 1266 Sabbatius
1465 1211 1631 1280 paulo
1680 1219 1810 1267 ante
1857 1211 2220 1274 excitaverat,
2273 1209 2471 1278 majori

894 1310 1082 1359 tamen
1119 1317 1184 1359 ex
1217 1312 1369 1372 parte
1421 1303 1476 1356 in
1507 1301 1754 1358 Ecclesia
1790 1317 1887 1358 sua
1915 1303 2279 1371 quieverunt.
2331 1299 2468 1356 Nam

894 1410 1078 1466 neque
1099 1394 1292 1450 iisdem
1318 1395 1496 1465 poenis
1528 1410 1592 1449 ac
1614 1394 1848 1465 legibus,
1866 1395 2065 1463 quibus
2104 1394 2332 1464 reliquae
2359 1395 2469 1448 ha:-

894 1503 1068 1552 reses,
1098 1487 1323 1542 obnoxii
1360 1493 1518 1541 erant
1541 1526 1556 1552 ,
1597 1494 1788 1556 utpote
1834 1487 1928 1556 qui
1973 1484 2300 1540 Trinitatem
2331 1499 2466 1540 con-

893 1579 1317 1637 substantialem
1363 1587 1704 1645 assererent,
1749 1584 1804 1632 et
1857 1585 1991 1632 tunc
2045 1578 2334 1647 temporis,
2398 1578 2470 1634 ob

893 1673 1269 1742 praestantiam
1299 1670 1686 1741 episcoporum
1732 1683 1985 1734 suorum,
2037 1668 2283 1724 ﬁrmiore
2320 1669 2469 1723 inter

896 1775 958 1815 se
975 1759 1275 1814 concordia
1309 1758 1554 1813 devincti
1581 1766 1760 1813 erant.
1794 1755 1929 1810 Nam
1961 1766 2084 1828 post
2115 1759 2297 1827 Agclii
2324 1772 2466 1829 prae-

893 1852 1132 1907 sulatum
1195 1850 1535 1906 Marcianum
1589 1850 1894 1906 antistitem
1925 1850 2071 1904 nacti
2102 1849 2342 1918 fuerant,
2382 1851 2465 1906 vi-

891 1960 1014 1999 rum
1049 1943 1353 2015 egregium.
1389 1943 1510 2008 Quo
1536 1957 1633 2012 per
1664 1942 1716 1997 id
1748 1950 1972 2012 tempus
2001 1957 2192 1998 recens
2219 1951 2461 2008 mortuo,

891 2039 1268 2109 episcopatum
1299 2035 1426 2105 ejus
1449 2034 1700 2105 suscepit
1753 2031 2031 2097 Sisinius,
2085 2034 2171 2089 vir
2217 2033 2465 2103 apprime

891 2130 1166 2192 eruditus,
1193 2138 1246 2183 et
1275 2126 1780 2198 philosomnicorum
1836 2126 2154 2197 dogmatum
2187 2140 2252 2180 ac
2281 2140 2465 2180 sacra-

893 2237 1016 2277 rum
1043 2220 1453 2289 Scripturarum
1495 2217 1730 2273 scientia
1771 2217 2136 2286 instructus},
2172 2215 2238 2270 ad
2272 2215 2464 2287 dispu-

891 2311 1124 2366 tandum
1184 2324 1408 2379 quoque
1458 2314 1746 2378 promptus
1772 2322 1838 2363 ac
1882 2313 2110 2378 paratus
2155 2323 2169 2360 :
2207 2307 2345 2362 adeo
2403 2314 2466 2362 ut

891 2402 1014 2474 ipse
1040 2416 1259 2473 quoque
1303 2399 1634 2466 Eunomius,
1688 2400 1784 2471 qui
1817 2415 1884 2456 eo
1947 2400 2174 2455 nomine
2222 2400 2464 2456 celebris

892 2493 1217 2557 habebatur,
1255 2499 1310 2548 et
1331 2491 1474 2546 hanc
1499 2499 1673 2546 artem
1700 2491 1974 2563 praecipue
2002 2492 2305 2555 excolebat,
2338 2507 2464 2547 cum

890 2602 958 2644 eo
984 2585 1250 2657 congredi
1282 2599 1660 2656 saepenumero
1679 2586 1972 2641 recusarit.
2001 2585 2079 2640 Ac
2101 2586 2208 2639 vita
2241 2584 2463 2656 quidem

891 2687 1080 2735 castus
1104 2687 1272 2750 atque
1301 2678 1516 2749 integer
1547 2677 1672 2741 l'uit,
1702 2677 1777 2732 ita
1801 2684 1861 2731 ut
1887 2678 2037 2732 omni
2062 2677 2342 2734 calumnia
2366 2693 2464 2734 su-

891 2773 1078 2844 perior
1105 2779 1278 2837 esset,
1314 2772 1461 2826 victu
1506 2780 1688 2826 tamen
1733 2770 1974 2827 delicato
2012 2786 2076 2826 ac
2141 2770 2461 2841 superﬂuo;

893 2864 1032 2920 adeo
1073 2873 1134 2918 ut
1167 2863 1206 2918 ii
1259 2864 1462 2933 quibus
1510 2863 1734 2934 ignotus
1775 2870 1919 2924 erat.
1975 2862 2307 2932 persuadere
2357 2862 2463 2918 sibi

891 2971 1004 3012 non
1040 2964 1289 3025 possent,
1322 2954 1477 3009 illum
1529 2954 1586 3008 in
1622 2955 1791 3008 tantis
1844 2953 2067 3011 deliciis
2105 2954 2464 3010 nihilominus

896 3057 1300 3120 temperantem
1332 3062 1478 3103 esse.
1519 3047 1767 3103 Moribus
1794 3062 1961 3118 porro
1982 3047 2263 3117 jucundus
2313 3055 2460 3115 erat,

2573 568 2655 621 vol.
2695 566 2786 633 δὲ,
2825 569 2876 622 εί
2921 569 3018 622 καί
3060 586 3214 634 τινας
3253 570 3460 626 τούτων
3491 572 3782 644 ἐτάραττεν
3813 575 3848 644 ἡ
3895 573 4039 644 περὶ
4065 573 4164 626 to;

2562 657 2765 729 ’Πάσχα
2788 659 3015 729 ζήτησις
3037 701 3054 728 ,
3075 662 3143 733 ἢν
3164 661 3465 726 Σαὸὅάτιος
3497 665 3846 735 ἐνεωτέρισεν
3865 707 3880 728 ,
3912 665 4042 718 ἀλλ’
4067 659 4164 717 οὔτ

2570 750 2620 804 oi
2651 751 2870 814 πλείους
2893 751 2987 805 ἐπὶ
3004 752 3106 823 τῆς
3133 754 3312 807 αὐτῶν
3349 754 3675 825 Ἐκκλησίας
3711 757 3980 828 ἠρέμουν.
4016 753 4162 808 Οὔτε

2570 842 2678 913 γάρ
2729 844 2843 906 τοῖς
2881 842 3066 907 αὐτοῖς
3111 845 3404 915 ἐπιτιμίοις
3449 846 3483 916 ἢ
3518 847 3701 915 νόμοις
3733 889 3747 912 ,
3779 850 3991 918 ὁμοίως
4035 850 4164 910 ταῖς

2571 932 2761 997 ἄλλαις
2801 933 3079 1007 αἱρέσεσιν
3107 934 3275 1007 ἔνοχοι
3305 932 3476 1008 ἦσαν,
3510 937 3585 1001 ὼς
3625 938 3910 1008 όμοούσιον
3937 928 4162 1010 Τριᾶδᾶ

2570 1024 2906 1093 δοξάζοντες,
2956 1028 3051 1081 καὶ
3117 1029 3237 1082 τότε
3291 1029 3635 1101 βεϐαιότερον
3686 1036 3755 1103 τῇ
3811 1034 3992 1104 ἀρετῇ
4046 1034 4164 1088 τῶν

2571 1118 2888 1189 ἡγουμένων
2921 1120 3238 1174 συνίσταντο
3268 1120 3404 1192 πρὸς
3433 1123 3704 1191 ὁμόνοιαν.
3722 1124 3878 1178 Μετὰ
3907 1125 4028 1197 γὰρ
4059 1125 4164 1197 τὴν

2585 1212 2822 1286 ΪΑγελίου
2851 1212 3204 1283 προστασίαν,
3234 1212 3335 1284 τῆς
3370 1215 3689 1286 Μαρκιανοῦ
3718 1217 3910 1290 ἀνδρὸς
3935 1219 4162 1288 ἀγαθοῦ

2568 1304 2922 1374 τετυχήκασι.
2940 1305 3050 1358 Καὶ
3068 1303 3257 1359 τούτου
3278 1303 3335 1358 δὲ
3370 1304 3598 1380 ἔναγχος
3623 1309 3762 1364 κατά
3785 1308 3879 1362 τὸν
3897 1310 4160 1380 παρόντα

2569 1397 2758 1469 χρόνον
2785 1397 3205 1470 τελευτήσαντος
3236 1408 3284 1464 ο,
3305 1377 3576 1465 διεδέξατο
3596 1399 3696 1473 τὴν
3727 1401 3896 1456 αὑτοῦ
3921 1377 4160 1457 ἐπισκο-

2569 1487 2678 1560 πὴν
2705 1488 2938 1553 Σισίνιος
2957 1529 2971 1552 ,
3002 1487 3142 1561 ἀνὴρ
3165 1488 3449 1562 ἐλλόγιμος
3485 1490 3570 1544 ὅτι
3601 1491 3836 1562 μάλιστα
3858 1533 3875 1558 ,
3916 1494 4019 1547 καὶ
4065 1512 4156 1561 φιν

2567 1579 2809 1650 λοσόφων
2834 1581 3122 1650 δογμάτων
3143 1580 3239 1634 καὶ
3262 1581 3371 1634 τῶν
3400 1580 3562 1651 ίερῶν
3588 1581 3763 1650 λόγων
3795 1584 4151 1654 ἐπιστήμων,

2567 1673 2664 1726 καὶ
2700 1670 2836 1743 πρὸς
2886 1670 3146 1738 διαλέξεις
3185 1672 3437 1743 ἕτοιμος·
3464 1673 3540 1737 ὡς
3587 1673 3684 1727 καὶ
3727 1675 4001 1746 Εὐνόμιον
4059 1675 4154 1726 ἐπὶ

2567 1762 2793 1826 ταύταις
2815 1762 3200 1834 εὐδοκιμοῦντα
3219 1805 3234 1827 ,
3280 1765 3374 1817 καὶ
3399 1763 3558 1818 τοῦτο
3582 1764 3742 1836 ἔργον
3792 1768 4147 1835 ποιούμενον,

2567 1855 2827 1918 πολλάκις
2861 1855 3298 1931 παραιτήσασθαι
3325 1857 3452 1920 τοὺς
3483 1857 3620 1928 πρὸς
3651 1855 4145 1924 αὐτὺν“διαλόγους.

2577 1949 2827 2016 Ἐγένετο
2873 1948 2933 2002 δὲ
2987 1947 3220 2020 σώφρων
3265 1947 3356 2001 τὸν
3410 1948 3558 2018 βίον,
3591 1948 3667 2010 ὼς
3703 1949 3970 2019 κρείττων
4005 1945 4150 2003 εἶναι

2563 2037 2846 2110 διαϐολῆς,
2889 2040 3018 2111 περὶ
3047 2039 3105 2092 δὲ
3135 2038 3232 2110 τὴν
3260 2040 3468 2093 δίαιταν
3502 2039 3669 2112 ἁϐρὸς
3722 2042 3816 2094 καὶ
3859 2041 4143 2103 ποικίλος⁹

2563 2128 2640 2192 ὡς
2668 2130 2796 2192 τοὺς
2827 2129 3156 2198 ἀγνοοῦντας
3179 2130 3450 2197 ἀπιστεῖν,
3483 2132 3533 2184 εί
3575 2134 3869 2202 σωφρονεῖν
3898 2131 4143 2193 δύναιτο,

2563 2217 2818 2273 τοσοῦτον
2846 2219 3094 2290 τρυφῶν.
3125 2219 3199 2273 Τὸ
3249 2219 3306 2272 δὲ
3334 2216 3466 2291 ἦθος
3522 2215 3594 2290 ἦν
3624 2221 3835 2291 χαρίεις
3882 2222 3980 2275 καὶ
4017 2221 4148 2290 ἡδὺς

2563 2313 2622 2366 ὲν
2643 2314 2765 2376 ταῖς
2794 2311 3101 2376 συνουσίαις
3121 2326 3135 2340 ⁸
3169 2312 3262 2366 καὶ
3292 2312 3380 2367 διά
3422 2313 3594 2368 ταῦτα
3637 2315 3731 2368 καὶ
3772 2317 3886 2378 τοῖς
3919 2315 4148 2367 ἐπισκό-

2564 2424 2688 2470 ποις
2734 2405 2835 2476 τῆς
2873 2404 3102 2459 καθόλου
3145 2404 3504 2476 Ἐκκλησίας,
3541 2408 3636 2460 καὶ
3677 2408 3789 2471 τοῖς
3844 2407 3905 2460 έν
3945 2408 4149 2480 ἀρχαῐς

2564 2497 2660 2552 καὶ
2690 2495 2873 2564 λόγοις
2895 2494 3230 2566 καταθύμιος
3271 2490 3362 2567 ἦν,
3404 2496 3678 2551 σκώπτειν
3710 2513 3769 2550 τε
3804 2497 3902 2551 σὺν
3932 2499 4146 2569 χάριτι,

2563 2587 2660 2641 καὶ
2693 2585 3044 2658 σκωμμάτων
3071 2585 3398 2657 ἀνέχεσθαι,
3427 2587 3521 2642 καὶ
3551 2588 3810 2660 ἑκάτερον
3842 2589 4149 2660 ἀπεχθείας

2563 2679 2720 2743 ἐκτὸς
2762 2679 3090 2750 ὑπομένειν,
3123 2677 3352 2749 κομψῶς
3392 2695 3454 2732 τε
3504 2680 3602 2733 σὺν
3648 2679 3804 2750 τάχει
3853 2681 3996 2752 πρὸς
4045 2680 4150 2743 τὰς

2564 2769 2862 2840 ἐρωτήσεις
2893 2768 3157 2841 ὑπαντᾷν,
3177 2765 3236 2823 εὗ
3263 2768 3409 2840 μάλα
3439 2770 3759 2840 ἐπιτηδείως
3791 2772 3950 2841 ἔχων.
3972 2771 4150 2841 Ἐρωο

2563 2863 2750 2934 τηθεὶς
2776 2859 2872 2917 οὖν
2900 2864 3023 2918 ὅτου
3057 2863 3221 2918 ἕνεκα
3247 2863 3502 2933 δεύτερον
3533 2863 3740 2918 λούοιτο
3770 2865 3869 2936 τῆς
3897 2865 4148 2934 ἡμέρας,

2564 2955 2862 3021 ἐπίσκοπος
2892 2955 2995 3010 ὤν’
3025 2957 3148 3011 Ὅτι
3177 2956 3251 3028 μὴ
3279 2957 3482 3028 τρίτον,
3506 2957 3631 3028 ἔφη,
3656 2957 3863 3027 φθάνω.
3903 2956 4066 3010 Ἐπεὶ
4090 2956 4150 3010 δὲ

2563 3047 2729 3118 λευκῇ
2751 3046 2936 3118 ἐσθῆτι
2967 3046 3194 3101 διετέλει
3225 3046 3506 3118 χρώμενος
3525 3089 3541 3114 ,
3570 3047 3856 3116 ἐπέσκωψέ
3876 3065 3962 3112 τις
3993 3048 4151 3117 αὐτῷ

895 3155 961 3195 ac
995 3141 1182 3195 suavis
1209 3140 1267 3194 in
1295 3139 1684 3211 congressibus
1716 3156 1731 3193 :
1765 3148 1931 3210 atque
1954 3138 2162 3195 idcirco
2195 3155 2320 3195 cum
2346 3138 2462 3210 epi-
2486 3149 2534 3213 ο
2560 3138 2656 3192 τῶι

2384 3138 2462 3210 pi-
2486 3149 2534 3213 ο
2560 3138 2670 3192 τῶν
2691 3138 2797 3192 ἀπὸ
2823 3138 2923 3208 τῆς
2953 3137 3185 3192 καθόλου
3220 3139 3568 3210 Ἐκκλησίας.
3609 3139 3668 3193 '0
3707 3139 3766 3193 δὲ
3788 3140 3924 3210 πρὸς
3955 3139 4145 3192 αὐτόν·

900 3232 1090 3301 scopis
1122 3230 1387 3286 Ecclesiae
1419 3230 1726 3295 catholicae,
1773 3238 1888 3286 tum
1945 3230 2360 3300 magistratibus
2408 3236 2465 3285 et

893 3320 1116 3376 erudito
1141 3304 1344 3392 cuique
1370 3329 1490 3376 erat
1533 3327 1816 3390 acceptus.
1865 3318 2079 3390 Quippe
2124 3319 2302 3390 jocari
2335 3334 2461 3375 cum

894 3421 1210 3480 venustate,
1236 3419 1294 3468 et
1319 3412 1479 3483 jocos
1523 3413 1795 3483 patienter
1844 3413 2116 3482 excipere,
2167 3420 2466 3482 utrumque

895 3521 1032 3561 vero
1059 3507 1200 3561 citra
1229 3505 1495 3562 odensam
1548 3505 1753 3571 facere,
1818 3511 2081 3574 praeterea
2109 3505 2465 3573 interrogatis

899 3599 1077 3655 facete
1147 3614 1211 3653 ac
1256 3597 1512 3654 celeriter
1559 3595 1894 3667 respondere
1951 3596 2154 3651 eximie
2210 3597 2464 3652 callebat.

895 3690 1058 3763 325
1091 3689 1328 3745 Proinde
1354 3691 1728 3760 interrogatus
1758 3689 2077 3759 aliquando.
2107 3690 2463 3758 quamobrem

897 3798 1023 3837 cum
1054 3783 1342 3853 episcopus
1387 3789 1555 3849 esset,
1589 3781 1675 3837 bis
1700 3796 1797 3850 per
1848 3779 1994 3835 diem
2029 3780 2238 3836 lavaret
2266 3798 2282 3836 :
2325 3779 2466 3846 Quia

897 3884 1004 3938 ter,
1035 3875 1238 3946 inquit,
1272 3891 1384 3930 non
1415 3875 1641 3930 accedo.
1692 3873 1908 3929 Rursus
1932 3874 2188 3944 quoniam
2228 3873 2467 3928 candida

893 3979 1051 4025 veste
1079 3978 1342 4039 perpetuo
1368 3969 1659 4030 utebatur,
1682 3966 1904 4021 derisus
1933 3972 2020 4019 est
2052 3979 2083 4019 a
2105 3964 2343 4035 quodam
2369 3962 2469 4019 Ec-

895 4063 1076 4118 clesia:
1109 4061 1398 4116 catholica:
1430 4059 1572 4114 viro.
1601 4057 1682 4113 Ad
1711 4071 1874 4128 quem
1897 4055 1992 4110 ille
2028 4073 2042 4110 :
2085 4054 2316 4110 Ubinam
2337 4069 2468 4110 vero

897 4155 1164 4224 scriptum
1190 4164 1297 4220 est,
1330 4152 1533 4222 inquit,
1562 4151 1718 4220 nigra
1770 4156 1921 4204 veste
1967 4148 2121 4203 indui
2172 4146 2466 4217 oportere?

895 4245 1157 4313 Quicum
1189 4245 1464 4307 haesisset,
1500 4241 1737 4311 subjecit
1779 4239 2059 4296 Sisinius:
2103 4238 2187 4294 'l‘u
2248 4241 2465 4310 quidem

898 4352 1179 4408 nunquam
1205 4335 1258 4390 id
1284 4334 1577 4390 ostendere
1611 4333 1884 4402 potueris.
1929 4330 2062 4385 Mihi
2092 4345 2226 4386 vero
2256 4331 2469 4401 sapien-

897 4431 1146 4485 tissimus
1179 4427 1403 4482 Salonio
1437 4424 1684 4496 praecipit
1709 4424 1794 4478 his
1815 4423 1998 4478 verbis
2037 4442 2049 4476 :
2091 4440 2110 4476 ι
2145 4421 2265 4478 Sint
2291 4425 2462 4478 vesti-

2566 3229 2780 3285 Οὐκοῦν
2806 3229 2929 3283 είπὲ
2955 3269 2968 3292 ,
3005 3229 3108 3283 ποῦ
3139 3230 3353 3302 εἴρηται
3397 3231 3599 3301 ἐσθῆτα
3635 3231 3892 3302 μέλαιναν
3941 3231 4148 3300 χρῆναι

2549 3321 2963 3394 ,ἀμφιέννυσθαι
2987 3337 3002 3387 ;
3025 3321 3133 3376 Τοῦ
3158 3323 3214 3376 δὲ
3239 3323 3618 3394 ἀπορήσαντος
3637 3362 3652 3387 ,
3684 3323 3978 3378 ύπολαόὼν
4011 3323 4145 3392 ἔφη’

2564 3417 2638 3470 Σὺ
2664 3416 2764 3487 μὲν
2794 3414 2952 3469 τοῦτο
2985 3415 3086 3469 οὐκ
3123 3414 3193 3469 ἂν
3229 3413 3496 3480 ἐπιδεῖξαι
3522 3416 3727 3487 δυνήσῃ
3746 3435 3757 3444 ·
3791 3416 3916 3487 ἐμοὶ
3959 3416 4018 3468 δὲ
4047 3418 4147 3468 καὶ

2565 3506 2816 3579 Σολομῶν
2849 3507 2880 3561 ό
2909 3506 3216 3576 σοφώτατος
3233 3545 3250 3571 ,
3278 3507 3564 3562 Ἐστωσάν
3593 3523 3688 3560 σου
3715 3507 3784 3559 τὰ
3827 3507 4020 3577 ἱμάτια
4053 3507 4147 3559 ἀεὶ

2563 3599 2754 3666 λευκὰ,
2782 3602 3039 3672 παραινεί
3065 3599 3265 3668 λέγων·
3301 3598 3396 3653 καὶ⁸
3423 3598 3584 3663 αὐτὸς
3613 3600 3642 3652 ό
3667 3599 3900 3669 Χριστὸς
3929 3598 4146 3667 λευχει-

2569 3709 2685 3763 μων
2719 3693 2778 3746 έν
2797 3693 2910 3756 τοῖς
2939 3689 3298 3760 Εὑαγγελίοις
3325 3691 3649 3760 φαινόμενος
3671 3729 3688 3753 ,
3714 3689 3919 3760 Μωσῆν
3944 3705 4008 3741 τε
4046 3689 4146 3741 καὶ

2581 3783 2766 3838 Ἠλίαν
2789 3782 3062 3847 τοιούτους
3085 3785 3197 3847 τοῖς
3220 3781 3538 3844 ἀποστόλοις
3566 3780 3891 3844 ἐπιδεικνύς.
3922 3783 4000 3833 Οὐ
4034 3783 4145 3851 μὴν

2567 3872 2703 3926 ἀλλά
2752 3874 2972 3928 κάκεῖνο
2993 3872 3119 3940 ,τῶν
3168 3873 3477 3944 εἰρημένων
3493 3873 3710 3943 Σισινίῳ
3747 3873 3934 3944 χάριεν
3960 3866 4142 3941 οἷμαι’

2578 3963 2858 4034 Ἐνεδήμει
2909 3965 3009 4035 μὲν
3059 3966 3126 4036 τῇ
3176 3964 3740 4018 Κωνσταντινουπόλει
3787 3963 4072 4030 Λεόντιος,
4111 3965 4143 4015 ὁ

2567 4055 2718 4126 παρά
2767 4056 3034 4118 Γαλάταις
3065 4056 3166 4126 τῆς
3202 4056 3474 4128 Ἀγκύρας
3521 4057 3836 4120 ἐπίσκοπος.
3908 4055 4140 4127 Ἐκκλη-

2569 4147 2692 4211 σίας
2735 4146 2792 4200 δὲ
2839 4145 2949 4200 τῶν
2986 4149 3164 4200 ἐκεῖσε
3217 4145 3571 4199 Ναυατιανῶν
3604 4147 3958 4218 ἀφῃρημένος
3996 4147 4137 4216 (96),

2564 4233 2667 4310 ἧκε
2719 4227 3054 4309 πῴςάύτὸν
3106 4236 3398 4291 ἀπολαϐεῖν
3441 4236 3644 4300 ταύτας
3679 4237 3945 4306 δεόμενος.
3986 4239 4137 4290 Ἐπεὶ

2564 4330 2622 4384 δὲ
2647 4330 2748 4384 οὐκ
2789 4329 3039 4383 ἀπεδίδου
3062 4368 3078 4393 ,
3131 4328 3386 4399 ἐλοιδόρει
3417 4327 3473 4381 δὲ
3498 4329 3626 4392 τοὺς
3658 4328 4031 4393 Ναυατιανοὺς
4063 4329 4140 4394 ὡς

2565 4422 2666 4476 οὐκ
2696 4420 2880 4486 ἀξίους
2911 4412 3310 4492 ἐκκλησιάζειν,
3341 4419 3628 4491 μετάνοιαν
3648 4420 3744 4474 καὶ
3770 4421 3870 4492 τὴν
3903 4422 3967 4473 ὲκ
4001 4421 4139 4474 Θεοῦ

897 4526 1206 4586 rnenta3tua
1234 4493 1453 4588 semper
1473 4493 1634 4573 alba,”
1661 4535 1676 4572 :
1711 4535 1730 4568 1
1771 4525 1824 4571 et
1843 4515 2099 4570 Christus
2125 4519 2263 4583 ipse,
2285 4515 2379 4584 qui
2408 4515 2462 4568 in
2494 4493 2544 4554 D
2568 4513 2656 4583 φιλ

2375 4515 2462 4568 lin
2494 4493 2544 4554 D
2568 4512 2977 4585 φιλανθρωπίαν
3009 4513 3252 4584 ἀναιρεῖν
3303 4513 3501 4576 αὐτοὺς
3549 4511 3743 4580 λέγων,
3790 4510 3951 4566 Ἀλλά
4007 4512 4136 4582 μὴν,

898 4611 1208 4683 Evangeliis
1249 4624 1464 4678 semper
1493 4608 1709 4663 albatus
1748 4606 2023 4670 cernitur,
2069 4615 2124 4660 et
2184 4605 2461 4673 ejusmodi

896 4715 1053 4761 veste
1081 4704 1306 4758 indutos
1335 4701 1537 4758 Mosem
1572 4710 1739 4772 atque
1784 4698 1993 4754 Heliam
2037 4698 2301 4768 apostolis
2347 4697 2464 4753 suis

896 4797 1166 4852 exhibuit.
1191 4794 1342 4851 Istud
1368 4809 1596 4864 quoque
1621 4807 1742 4847 meo
1771 4791 1991 4862 quidem
2023 4789 2235 4859 judicio
2286 4789 2466 4859 lepide

897 4892 1104 4945 dictum
1147 4897 1233 4944 est
1259 4903 1291 4941 a
1336 4885 1540 4942 Sisinio
1574 4903 1586 4939 :
1620 4880 2463 4951 Morabatur,Constantinopoli

899 4982 1160 5038 Leontius
1204 4980 1492 5049 episcopus
1518 4977 1748 5048 Ancyra
1781 4976 1837 5030 in
1879 4973 2115 5038 Galatia,
2146 4973 2240 5043 qui
2283 4971 2462 5028 Nova-

972 5084 1004 5144 ἶ
1030 5113 1185 5168 Socr.
1218 5112 1315 5169 lib.
1354 5125 1427 5177 vr,
1458 5125 1579 5181 cap.
1605 5109 1695 5162 22.
1775 5109 1795 5139 ³
1825 5106 1973 5162 Eccl.
2005 5121 2082 5171 ιχ,
2114 5105 2166 5158 8.

2561 4606 2665 4676 ἔφη
2698 4605 2929 4668 Σισίνιος
2956 4646 2971 4670 ,
3000 4604 3171 4668 οὐδεὶς
3197 4603 3372 4668 οὕτως
3407 4603 3483 4668 ὡς
3517 4603 3628 4674 ἐγὼ
3665 4607 3932 4675 μετανοεῖ.
3982 4606 4138 4676 Ἑρο·

2565 4697 2726 4768 μένου
2775 4697 2831 4751 δὲ
2880 4698 3130 4751 Λεοντίου
3174 4696 3295 4750 τίνα
3329 4697 3531 4767 τρόπον
3553 4713 3566 4726 ·
3604 4697 3728 4751 Ὅτι
3757 4715 3816 4752 σε
3847 4699 4138 4768 τεθέαμαι,

2562 4790 2912 4860 ἁπεκρίνατο.
2947 4792 3060 4844 Καὶ
3110 4791 3275 4861 ἕτερα
3326 4789 3382 4841 δὲ
3420 4790 3590 4843 πολλά
3645 4791 3811 4845 αὐτοῦ
3863 4794 4138 4862 εὐστόχως

2569 4882 2834 4954 εἰρημένα
2865 4882 3432 4954 ἀπομνημονεύουσιν.
3463 4885 3577 4936 Οὐκ
3605 4883 3885 4956 ἀκόμψους
3913 4901 3973 4936 τε
4007 4885 4140 4937 πολ-

2567 4977 2694 5039 λοὺς
2750 4974 2913 5028 αὑτοῦ
2967 4973 3163 5043 λόγους
3215 4976 3349 5044 φασὶ
3408 4975 3689 5049 φέρεσθαι.
3741 4977 4023 5047 Ἐπῃνεῖτο
4082 4977 4140 5030 δὲ

2062 5218 2328 5276 VALESII
2367 5221 2921 5281 ANNOTATIONES.

972 5339 1085 5410 (96)
1147 5339 1513 5408 Ἑκκλησίας
1549 5339 1617 5410 δὲ
1650 5338 1780 5410 ’τῶν
1829 5335 2024 5391 ἐκεῖσε
2079 5337 2466 5410 Ναυατιανῶν

900 5408 1297 5479 ἀφῃρημένος.
1324 5411 1526 5465 Suidas
1566 5409 1619 5462 in
1649 5408 1844 5463 Lexico
1883 5409 2028 5460 hunc
2069 5409 2355 5462 Sozonleni
2388 5411 2468 5463 l0-

899 5495 1028 5534 cum
1089 5481 1441 5546 describens,
1477 5480 1607 5558 legit
1649 5479 2030 5550 άφῃρημένης,
2074 5479 2219 5547 quod
2279 5481 2470 5548 procul

2568 5343 2732 5398 dubio
2765 5342 2967 5398 rectius
2987 5349 3092 5396 est.
3116 5325 3294 5395 Locus
3320 5339 3500 5395 Suidaa
3523 5347 3705 5396 exstat
3723 5341 3777 5396 in
3804 5356 3940 5398 voce
3956 5341 4140 5396 Σισίν-

2567 5431 2700 5478 νιος.

2317 5613 2699 5670 VABIORUM.

988 5707 1012 5737 ε
1046 5702 1149 5775 Καὶ
1190 5705 1401 5759 τούτου
1449 5706 1515 5758 δὲ
1559 5707 2051 5775 τελευτήσαντος.
2100 5707 2350 5760 Mortuus
2384 5712 2470 5758 est

904 5770 1217 5830 Marcianus
1261 5777 1349 5830 die
1389 5794 1417 5832 v
1485 5777 1762 5833 Kalendas
1793 5770 2076 5832 ‘Dcccmb.
2131 5779 2260 5830 anni
2332 5777 2462 5840 595,

2575 5707 2764 5762 eodem
2797 5707 3006 5778 scilicet
3053 5710 3140 5763 die
3181 5724 3457 5778 annoque,
3501 5724 3610 5778 quo
3651 5707 3886 5766 Ruﬁnus
3913 5721 4148 5770 necatus

2577 5786 2682 5834 est.
2725 5779 2856 5834 (Ant
2911 5777 3067 5846 PAGI,
3100 5779 3164 5834 ad
3199 5777 3401 5835 annuin
3433 5777 3556 5844 595,
3594 5795 3650 5835 η.
3684 5780 3764 5848 4.)
