4460 6634
372 444 510 503 1513
1284 440 1610 498 HISTORIA
1648 440 2217 501 ECCLESIASTICA.
2253 475 2323 485 --
2362 444 2489 500 LIB.
2538 444 2671 501 VIII.
3486 448 3622 503 ιδιι

377 560 575 632 μᾶλλον
602 557 801 626 λέγων,
834 557 909 622 ὡς
953 557 1151 628 ἄριστα
1204 556 1662 628 ὑποκρινόμενος,
1691 560 1841 629 φωνῇ
1887 574 1947 610 τε
1978 561 2021 617 Α
2054 555 2138 611 tial

1887 574 1947 610 τε
1978 561 2021 617 Α
2054 555 2222 612 tianis
2252 556 2367 612 illic
2408 555 2736 629 degentibus
2791 558 3059 614 ecclesias
3090 560 3393 617 ademerat.
3421 561 3620 614 Acces-

368 653 461 707 καὶ
494 651 783 721 βλέμματι,
813 651 906 703 καί⁹
943 648 1281 721 χαριεστάτῳ
1310 649 1583 719 προσώπῳ
1608 650 1699 701 τὸν
1736 650 1939 719 ἀκροα-
2044 650 2115 705 sit

1860 666 1939 702 ia-
2044 650 2115 705 sit
2149 651 2217 704 ad
2251 665 2377 706 eum
2421 649 2664 706 Sisinius
2705 659 2763 704 ut
2806 664 2899 707 eas
2942 659 3312 721 recuperaret.
3355 651 3463 707 Sed
3494 667 3621 707 cum

367 742 463 813 τὴν
497 743 635 796 ἑλεῖν
691 742 869 805 ἱκανός
895 756 909 770 ⁶
942 739 1078 794 ἀλλά
1126 735 1236 804 οἷος
1285 741 1381 810 μὲν
1410 736 1477 811 ἦν
1511 736 1663 804 οὗτος
1716 743 1745 794 ὁ
1778 739 1937 809 ἀνὴρ,
2046 740 2128 796 ια

1861 745 1937 809 πρ,
2046 740 2309 796 Leontius
2335 754 2429 794 eas
2449 754 2556 795 non
2597 740 2884 805 redderet,
2952 740 3065 795 imo
3117 738 3454 794 Novatianos
3494 755 3622 810 pro-

368 834 491 887 τάδε
512 832 769 905 είρήσθω,
795 834 873 896 είς
902 830 1173 896 ἀπόδειξιν
1207 826 1273 902 ἧς
1306 831 1464 903 ἔλαχε
1499 832 1713 900 φύσεως
1735 871 1751 895 ,
1789 831 1938 898 ἀγω-
2045 833 2128 888 bri

1857 847 1938 882 ’ω-
2045 833 2160 888 bris
2186 834 2509 899 incesseret,
2527 842 2790 903 tanquam
2826 832 3083 903 indignos
3117 833 3210 903 qui
3240 833 3295 887 in
3320 831 3618 887 Ecclesiam

368 919 472 990 γῆς
509 940 566 977 τε
603 924 698 977 καί⁸
728 923 865 994 βίου.
1022 977 1030 989 ,
2044 937 2129 977 vel

2044 922 2326 989 venirent,
2359 922 2737 991 paenitentiam
2769 930 2825 975 et
2868 922 3039 975 divini
3078 921 3332 977 Numinis
3378 921 3620 976 clemen-

366 1022 501 1074 tiam
521 1034 615 1075 eos
644 1020 857 1081 tollere,
888 1019 1077 1074 dicens
1113 1035 1126 1071 :
1164 996 1400 1084 Atenim,
1455 1020 1633 1090 inquit
1669 1018 1927 1081 Sisiuius,
1967 1034 2130 1073 nemo
2165 1026 2377 1073 tantam
2405 1019 2518 1089 agit
2557 1018 2937 1089 paenitentiam
2981 1026 3242 1087 quantam
3307 1031 3429 1088 ego.
3497 1017 3626 1072 I‘er—

362 1117 609 1169 contanti
643 1124 825 1171 autem
850 1115 1076 1209 Leqntio
1108 1117 1378 1171 rationem
1441 1114 1564 1185 ejus
1627 1115 2006 1186 paenitentiae:
2051 1114 2129 1170 Eo
2156 1115 2302 1186 quod
2372 1124 2424 1169 te
2467 1116 2741 1179 viderim,
2793 1113 3081 1184 respondit
3124 1114 3387 1170 Sisinius.
3450 1114 3626 1167 Multa

360 1226 581 1279 quoque
603 1211 709 1263 alia
731 1211 920 1264 abillo
943 1207 1089 1264 ‘scite
1117 1210 1262 1265 dicta
1325 1211 1684 1265 referuntur:
1757 1224 1858 1265 nec
1916 1224 2125 1279 paucos
2195 1209 2319 1280 ejus
2367 1208 2542 1264 libros
2591 1218 2807 1264 exstare
2863 1208 3064 1286 aiunt,
3136 1209 3274 1286 satis
3316 1207 3619 1276 elegantes.

360 1301 535 1358 Porro
576 1305 751 1374 magis
791 1288 1127 1373 probabatur
1159 1322 1283 1360 cum
1317 1298 1532 1360 diceret
1572 1324 1584 1358 :
1614 1306 1814 1376 quippe
1848 1304 1940 1373 qui
1979 1304 2186 1373 optime
2204 1303 2483 1366 recitaret,
2520 1310 2572 1356 et
2609 1316 2745 1373 voce
2788 1282 2953 1373 atque
2982 1281 3191 1357 oculis.
3227 1307 3283 1355 et
3348 1303 3624 1356 venustis-

360 1398 503 1451 simo
563 1396 740 1461 vultu,
781 1398 847 1451 ad
889 1400 1213 1455 alliciendos
1245 1399 1528 1454 auditores
1558 1410 1707 1454 esset
1764 1379 2108 1469 aptissimus.
2182 1395 2385 1451 Verum
2435 1396 2746 1465 cujusmodi
2804 1395 2895 1447 hic
2947 1395 3028 1446 vir
3102 1392 3289 1457 fuerit,
3351 1394 3622 1449 hactenus

360 1488 572 1544 dictum
615 1490 690 1545 sit
720 1503 777 1545 ut
816 1490 967 1546 illius
1021 1493 1300 1563 ingenium
1331 1501 1384 1545 et
1421 1492 1694 1546 institutio
1744 1507 1806 1545 ac
1834 1484 2058 1544 'vivendi
2112 1488 2254 1542 ratio
2299 1503 2362 1542 ea
2400 1488 2484 1542 his
2529 1486 2765 1557 perspici
2796 1484 2990 1555 possit.

962 1586 1210 1639 ΚΕΦΑΛ.
1254 1586 1327 1638 B'.
2707 1576 2861 1634 CAP.
2904 1577 2967 1632 Il.

2046 1672 2122 1729 De
2166 1674 2497 1728 institutione
2530 1680 2580 1726 et
2614 1672 2677 1725 de
2700 1672 2910 1724 ratione
2943 1672 3132 1733 victus,
3162 1671 3326 1736 deque
3347 1688 3619 1727 conversa-

2114 1746 2252 1798 tione
2317 1754 2366 1797 οι
2411 1743 2689 1812 sapientia,
2720 1744 2899 1809 magni
2932 1740 3157 1795 Joannis
3233 1742 3614 1812 Cltrysostomi,

2111 1828 2157 1868 et
2223 1811 2483 1882 quomodo
2537 1814 2605 1867 ad
2660 1811 3309 1882 Constantinopolitanum
3346 1811 3617 1866 thronum

2108 1880 2311 1938 evectus
2369 1884 2562 1938 siuet
2616 1892 2674 1936 ut
2710 1880 3027 1949 Theophilus
3083 1883 3481 1938 Alexandrinus
3535 1883 3619 1937 illi

2110 1955 2392 2009 obstiterit.
2982 1949 2993 1961 ’

2079 2047 2211 2101 -Per
2237 2048 2376 2101 idem
2409 2055 2630 2116 tempus
2658 2054 2876 2100 mortuo
2901 2044 3361 2113 Nectario‘,dum
3389 2048 3584 2101 consul

2038 2149 2246 2195 taretur
2272 2141 2397 2208 quis
2431 2140 2484 2193 in
2517 2139 2639 2208 ejus
2680 2140 2866 2220 locunr
2889 2138 3275 2208 subrogaudus
3304 2147 3489 2202 esset,
3521 2139 3616 2192 alii

2035 2230 2268 2305 quidem,
2294 2229 2433 2284 alios
2464 2229 2843 2295 nominabant,
2893 2228 3165 2282 nec'idem
3200 2228 3459 2283 erunibus
3498 2227 3629 2298 pla!

2035 2322 2225 2386 cebat;
2257 2328 2473 2390 tempus
2506 2334 2636 2375 vero
2682 2320 2958 2375 incassum
2993 2320 3293 2375 terebatur.
3340 2320 3473 2373 Erat
3502 2322 3616 2374 An-

2037 2412 2256 2465 tiochia:
2295 2412 2363 2466 ad
2430 2409 2693 2466 Orontem
2748 2396 3036 2480 presbyter
3074 2408 3335 2478 quidam,
3391 2409 3616 2465 nomine

2034 2504 2307 2571 Joannes,
2352 2504 2519 2560 nobili
2559 2518 2762 2574 genere
2816 2510 2991 2589 ‘natus
3027 2539 3044 2566 ,
3074 2501 3186 2555 vita
3220 2503 3429 2570 integer
3460 2541 3476 2565 ,
3532 2501 3617 2555 di-

2035 2600 2192 2655 cendi
2231 2598 2713 2669 persuadendique
2744 2595 2941 2650 artifex
2972 2595 3332 2665 egregius,et
3363 2593 3613 2649 omnium

2036 2692 2125 2747 sui
2168 2689 2433 2759 temporis
2480 2696 2763 2743 oratorum
2799 2669 3325 2756 praestantissimus,
3360 2685 3505 2740 sicut
3530 2682 3615 2738 Li-

2036 2787 2238 2842 bauius
2289 2783 2462 2855 Syrus
2521 2781 2771 2853 sophista
2824 2786 3062 2834 testatus
3122 2788 3229 2833 est.
3292 2770 3615 2835 Nam.cum

2036 2873 2343 2935 moriturus
2396 2884 2566 2943 esset,
2625 2871 3081 2945 percontantibus
3137 2871 3331 2925 amicis
3383 2872 3511 2942 quis
3557 2874 3615 2926 in

2034 2972 2157 3041 ejus
2204 2970 2388 3025 locum
2436 2964 2825 3041 succederet_:
2877 2961 3162 3027 Joannes,
3208 2960 3393 3033 inquit
3417 2946 3470 3029 ,‘,
3502 2963 3613 3018 nisi

2034 3035 2339 3121 Christiani
2383 3061 2536 3115 illum
2581 3035 3013 3131 subripuissent.
3052 3054 3254 3131 Multos
3286 3071 3471 3126 .porro
3516 3060 3610 3127 qui
3642 3052 3665 3084 ·’

2038 3160 2093 3213 in
2126 3157 2368 3214 ecclesia
2403 3156 2585 3226 ipsum
2618 3129 2919 3208 audiebant
2944 3149 3066 3226 ,‘ad
3102 3129 3325 3205 virtutis
3364 3149 3610 3205 studium

2037 3252 2296 3322 impulit,
2336 3259 2391 3304 et
2438 3250 2495 3303 in
2547 3248 2804 3302 dbctrina
2849 3246 2974 3302 ﬁdei
3019 3258 3080 3302 ut
3134 3242 3275 3298 idem
3325 3258 3450 3298 cum
3489 3242 3614 3312 ipso

360 1678 497 1746 Περὶ
554 1676 789 1747 ἀγωγῆς
833 1677 928 1729 καὶ
986 1676 1219 1743 διαίτης
1249 1716 1263 1737 .
1315 1677 1412 1730 καί
1478 1678 1782 1743 πολιτείας
1838 1678 1937 1729 καὶ

430 1750 652 1816 σοφίας
680 1788 693 1809 ,
728 1748 824 1800 καὶ
862 1750 948 1812 είς
995 1749 1102 1800 τὸν
1140 1750 1354 1815 θρόνον
1402 1748 1666 1814 παρόδου
1700 1747 1806 1800 τοῦ
1829 1763 1934 1814 με·

470 1818 621 1872 ἀπίου
686 1818 956 1886 Ἰωάννου
1007 1818 1114 1870 τοῦ
1169 1819 1600 1886 Χρυσοστόμου
1632 1835 1647 1848 σ
1694 1819 1789 1870 καὶ
1855 1818 1935 1881 ὡς

431 1885 703 1956 ἐμποδὼν
753 1885 912 1951 αὐτῷ
952 1888 1302 1942 καθίσταται
1363 1885 1649 1956 Θεόφιλος
1693 1890 1725 1940 ό
1767 1888 1930 1941 Ἀλε-

431 1958 772 2026 ξανδρείας.

430 2049 565 2121 Περὶ
588 2048 644 2100 δὲ
690 2047 877 2100 τοῦτον
906 2030 997 2099 τδν
1027 2048 1217 2117 χρόνον
1248 2048 1549 2118 Νεκταρίου
1577 2046 1933 2116 τελευτήσαν-

357 2157 449 2203 τος
472 2179 486 2203 ,
524 2140 618 2192 καὶ
650 2137 844 2208 βουλῆς
877 2136 1044 2209 οὔσης
1081 2139 1202 2191 τίνα
1249 2137 1357 2192 δέοι
1401 2142 1756 2207 χειροτονεῖν,
1788 2137 1934 2190 ἄλλοι

360 2234 460 2304 μὲν
480 2233 671 2295 ἄλλους
696 2231 1042 2301 ἐψηφίζοντο,
1076 2232 1171 2285 καὶ
1203 2220 1265 2283 ὸύ
1287 2232 1354 2283 τὰ
1384 2231 1522 2284 αύτά
1543 2232 1707 2283 πᾶσιν
1740 2229 1932 2282 ἐδόκει·

357 2326 453 2378 καὶ
478 2326 506 2377 ό
535 2324 725 2395 χρόνος
753 2323 1017 2392 ἐτρίϐετο.
1053 2318 1161 2375 Ἦν
1190 2322 1245 2374 δέ
1290 2338 1376 2385 τις
1423 2324 1479 2374 ὲν
1527 2321 1821 2390 Ἀντιοχείᾳ
1868 2322 1932 2390 τῇ

358 2418 487 2490 παρ’
530 2416 752 2487 Ὀρόντῃ
785 2415 1153 2485 πρεσϐύτερος
1174 2454 1188 2474 ,
1272 2414 1441 2484 ὄνομα
1472 2414 1752 2483 Ἰωάννης,
1782 2414 1935 2479 γένος

356 2509 467 2561 τῶν
506 2496 845 2578 εὐπατριδῶν
874 2523 888 2536 ’
921 2506 1126 2574 ἀγαθὸς
1172 2506 1263 2558 τὸν
1314 2505 1426 2574 βίον
1449 2543 1464 2567 ,
1523 2503 1704 2570 λέγειν
1749 2519 1807 2555 τε
1842 2502 1935 2556 καὶ

358 2600 567 2654 πείθειν
598 2600 767 2663 δεινὸς
790 2638 805 2663 ,
835 2599 929 2652 καὶ
954 2601 1079 2662 τοὺς
1120 2600 1241 2652 κατ’
1262 2598 1423 2652 αὑτὸν
1458 2595 1811 2667 ὑπερϐάλλων
1844 2598 1936 2667 ῥή-

356 2710 550 2768 τορας,
601 2693 677 2755 ὡς
709 2693 805 2746 καὶ
838 2692 1091 2755 Διὸάνιος
1118 2694 1146 2745 ὁ
1180 2690 1348 2763 Σύρος
1395 2689 1655 2759 σοφιστὴς
1700 2688 1936 2759 ἐμαρτύ-

363 2803 549 2857 ρησεν.
597 2784 789 2839 Ἦνίκα
825 2782 934 2853 γὰρ
978 2783 1168 2853 ἔμελλε
1218 2783 1490 2853 τελευτᾷν,
1519 2780 1935 2851 πυνθανομένων

358 2877 469 2932 τῶν
495 2876 813 2947 ἐπιτηδείων
841 2877 923 2939 τίς
950 2877 1066 2929 ἀντ’
1091 2874 1254 2927 αὑτοῦ
1283 2875 1433 2928 ἔσται
1457 2916 1472 2939 ,
1506 2874 1720 2943 λέγεται
1757 2874 1934 2937 Ἰωάν-

358 2986 457 3039 νην
485 2970 678 3030 εἰπεῖν,
707 2969 754 3020 εί
790 2967 865 3037 μὴ
898 2967 1216 3038 Χριστιανοὶ
1251 2966 1436 3019 τοῦτον
1470 2949 1762 3039 ἐσύλησαν.
1784 2965 1935 3020 Πλεί-

357 3077 521 3123 στους
557 3060 613 3115 δὲ
646 3060 753 3113 τῶν
778 3056 945 3113 αὑτοῦ
970 3060 1275 3111 ἀκουόντων
1306 3059 1417 3129 (θὶ)
1453 3059 1539 3111 ἐπ’
1585 3058 1930 3129 Ἐκκλησίας,

357 3154 439 3215 είς
478 3152 677 3224 ἀρετὴν
710 3150 956 3221 ὠφέλησε
982 3185 997 3213 ,
1041 3151 1134 3203 καὶ
1164 3134 1471 3222 ὁμῘόφρονας
1520 3150 1668 3220 αύτῷ
1715 3151 1842 3221 περὶ
1872 3148 1933 3202 τὸ

362 3246 516 3299 Θεῖον
551 3245 793 3314 ἐποίησε.
833 3243 1002 3307 Θείως
1032 3243 1141 3314 γὰρ
1175 3244 1606 3330 πολιτευόμενος,
1635 3245 1724 3296 τὸν
1749 3246 1813 3296 ὲκ
1831 3243 1932 3313 τῆς

356 3338 563 3400 οἰκείας
609 3338 809 3406 ἀρετῆς
842 3335 1068 3389 ἐνετίθει
1113 3334 1271 3406 ζῆλον
1305 3338 1415 3399 τοῖς
1463 3338 1796 3406 ἀκροαταῖςο
1838 3336 1931 3387 καὶ
1959 3341 2002 3400 c
2049 3359 2117 3398 sei

1848 3336 1931 3387 καὶ
1959 3341 2002 3400 C
2049 3343 2324 3398 sentirent
2350 3340 2550 3396 eliecit.
2585 3339 2723 3394 Nam
2763 3354 2891 3394 cum
2923 3340 3090 3393 vitam
3122 3347 3306 3409 ageret
3335 3338 3491 3407 plane
3522 3335 3609 3389 di-

357 3429 451 3483 ὲπὶ
481 3429 637 3482 τοῦτο
671 3428 869 3499 ῥᾳδίως
900 3426 1010 3497 (98)
1038 3427 1112 3490 ὡς
1140 3428 1200 3479 οὺ
1233 3428 1396 3498 τέχνῃ
1437 3429 1542 3481 τινὶ
1581 3429 1675 3481 καὶ
1702 3428 1929 3497 δυνάμει

356 3521 516 3589 λόγου
546 3521 787 3591 βιάζεται
813 3518 1168 3589 παραπλήσια
1213 3518 1456 3585 δοξάζειν
1484 3520 1633 3590 αύτῷ
1651 3537 1662 3549 ·
1700 3520 1814 3573 ἀλλ’
1853 3520 1928 3583 ὼς

358 3612 468 3680 ἔχει
510 3612 765 3683 ἀληθείας
799 3611 947 3679 (99),
995 3610 1301 3679 εἰλικρινῶς
1349 3610 1447 3673 τὰς
1488 3611 1639 3682 ἱερὰς
1684 3612 1931 3682 ἐξηγεῖτο

357 3703 581 3766 Βίϐλους
605 3720 617 3734 ·
652 3702 808 3769 λόγος
843 3703 952 3773 γὰρ
1000 3703 1104 3755 ὑπὸ
1162 3703 1271 3755 τῶν
1321 3702 1497 3774 ἔργων
1534 3704 1926 3775 κοσμούμενος,

356 3800 593 3860 πίστεως
642 3796 791 3861 ἄξιος
842 3798 1065 3860 εἰκότως
1100 3797 1368 3865 φαίνεται.
1405 3799 1568 3852 Ἀνευ
1612 3799 1667 3852 δὲ
1701 3800 1925 3864 τούτων,

357 3890 555 3959 εἴρωνα
588 3888 681 3940 καὶ
727 3887 831 3940 τῶν
865 3887 1010 3939 ἰδίων
1065 3888 1245 3968 λόγωνὶ
1286 3890 1587 3959 κατήγορον
1639 3892 1928 3960 ἀποφαίνει

355 3980 447 4034 τὸν
482 3980 705 4048 λέγοντα
734 4018 749 4042 ,
798 3979 900 4032 κᾶν
951 3980 1225 4051 σπουδάζῃ
1280 3981 1562 4037 διδάσκων.
1598 3983 1689 4054 Τῷ
1728 3976 1783 4038 δὲ
1812 3986 1932 4039 κατ’

356 4070 641 4139 ἀμφότερα
678 4065 984 4139 εὐδοκίμεῖν
1024 4072 1253 4140 προσῆν.
1291 4072 1503 4145 Ἀγωγῇ
1544 4075 1643 4143 μὲν
1678 4075 1785 4145 γὰρ
1816 4076 1931 4145 βίου

359 4164 633 4231 σώφρονι,
689 4163 783 4213 καὶ
829 4160 1071 4231 πολιτείᾳ
1117 4164 1334 4232 ἀκριϐεῖ
1382 4142 1610 4235 ὲχδρῆτψ
1644 4142 1840 4237 φράσει
1877 4168 1933 4221 δὲ

358 4252 517 4321 λόγου
554 4254 715 4317 σαφεῖ
741 4253 878 4321 μετὰ
905 4252 1287 4325 λαμπρότητος
1312 4272 1325 4285 ·
1363 4256 1577 4325 φύσεώς
1617 4276 1677 4312 τε
1717 4261 1825 4330 γὰρ
1871 4257 1932 4314 εὖ

358 4342 504 4412 ἔσχε.
534 4343 890 4406 Διδασκάλους
920 4343 1014 4410 δὲ,
1063 4348 1162 4415 τῆς
1220 4347 1317 4415 μὲν
1367 4351 1493 4419 περὶ
1537 4350 1663 4415 τοὺς
1697 4354 1932 4422 ῥήτορας

356 4436 676 4504 ἀσκήσεως,
707 4435 958 4490 Λιϐἀνιον
983 4454 995 4466 ·
1062 4439 1443 4509 Ἀνδραγάθιον
1497 4441 1592 4507 δὲ,
1642 4442 1750 4496 τῶν
1803 4445 1932 4516 περὶ

359 4526 675 4596 φιλοσοφίας
701 4526 893 4595 λόγων.
925 4528 1326 4601 Προσδοκηθεὶς
1359 4531 1413 4583 δὲ
1442 4532 1596 4617 δίκας
1623 4533 1907 4604 ἀγορεύειν

439 4640 454 4671 ¹
486 4642 637 4696 Socr.
695 4642 784 4695 lib.
823 4658 894 4705 vi,
932 4657 982 4695 e.
1016 4642 1049 4696 2
1098 4644 1150 4700 5.

2034 3436 2244 3497 vinam,
2293 3433 2359 3486 ad
2386 3432 2799 3487 aemulationem
2848 3432 3072 3509 virtutis
3127 3445 3241 3487 suae
3293 3430 3610 3483 auditorum

2036 3508 2253 3602 animos
2289 3524 2585 3580 excitabat.
2617 3522 2749 3578 Post
2786 3523 2900 3578 haec
2928 3508 3061 3578 vero
3104 3522 3269 3593 326
3313 3520 3474 3575 facile
3514 3535 3613 3575 eos

2034 3618 2367 3682 adducebat,
2400 3624 2459 3671 ut
2509 3615 2755 3670 eamdem
2785 3630 2974 3670 secum
3024 3616 3353 3671 sententiam
3406 3612 3612 3682 ample-

2029 3719 2349 3775 cterentur;
2382 3708 2587 3779 quippe
2613 3709 2705 3778 qui
2745 3723 2857 3761 non
2901 3716 3023 3761 arte
3065 3706 3303 3777 quadam
3360 3713 3457 3760 aut
3505 3708 3613 3761 elo-

2028 3803 2272 3874 quemue
2319 3803 2369 3855 vi
2428 3801 2581 3857 istud
2638 3812 2870 3871 ageret,
2909 3799 3005 3855 sed
3055 3803 3292 3863 sincere,
3350 3811 3609 3868 tanquam

2026 3893 2278 3949 veritatis
2310 3891 2619 3954 studiosus,
2671 3905 2861 3945 sacras
2915 3890 3263 3959 Scripturas'.
3284 3896 3607 3959 exponeret;

2028 3987 2230 4042 etenim
2281 3985 2460 4039 oratio
2535 3998 2657 4053 quae
2710 3983 2970 4053 Operibus
3014 3993 3356 4047 exornatur,
3408 3982 3609 4035 merito

2029 4075 2253 4129 videtur
2284 4074 2388 4128 tide
2418 4072 2584 4142 digna
2614 4092 2629 4140 ;
2664 4073 2711 4127 si
2742 4087 2873 4127 vero
2906 4074 3171 4144 operibus
3209 4074 3477 4128 destituta
3508 4074 3603 4139 sit,

2028 4176 2303 4243 oratorem
2341 4168 2695 4238 impostorem
2745 4181 2869 4222 esse
2902 4166 3106 4237 arguit,
3141 4181 3206 4220 ac
3256 4181 3482 4221 suorum
3521 4167 3606 4236 ip-

2030 4260 2148 4315 sius
2176 4261 2449 4337 dictorum
2496 4261 2973 4330 reprehensorem,
3026 4260 3350 4337 tametsi'is
3401 4260 3454 4313 in
3505 4259 3607 4315 do-

2032 4332 2457 4421 cendo’magnae
2487 4350 2560 4405 sit
2594 4349 2910 4420 diligentiae.
2950 4350 3127 4403 Porro
3174 4332 3419 4405 Joannes
3462 4358 3607 4405 utra-

2030 4458 2141 4514 que
2172 4442 2334 4497 Iaude
2366 4457 2429 4496 ex
2469 4458 2628 4513 aiquo
2671 4441 2877 4496 ﬂoruit.
2905 4441 3038 4495 Natu
3070 4442 3195 4510 ejus
3245 4442 3465 4511 quidem
3521 4443 3605 4497 vi-

2032 4536 2196 4591 vendi
2226 4537 2371 4590 ratio
2400 4542 2453 4589 et
2492 4536 2845 4589 conversatio
2890 4537 3077 4604 gravis
3120 4534 3219 4589 fuit
3259 4548 3325 4589 ac
3364 4549 3555 4590 severa
3588 4553 3603 4590 :

1506 4734 1771 4792 VALESII
1806 4736 2355 4793 ANNOTATIONES.

433 4850 544 4921 (97)
606 4854 936 4925 ῌλείστους
1114 4854 1232 4906 τῶν
1298 4840 1485 4925 αὐτοῦ
1561 4854 1923 4907 ἀκουόντων.
1960 4848 2002 4902 D
2041 4857 2194 4924 inter]

1842 4871 1923 4906 ur.
1960 4848 2002 4902 Ι)
2041 4857 2490 4925 interpretatione
2511 4873 2793 4919 sacrorum
2817 4858 3131 4925 Librorum.
3164 4858 3260 4912 llic
3286 4869 3367 4912 est
3407 4874 3603 4914 sensus

360 4921 599 4975 Joannes
632 4920 847 4990 Langus
883 4922 1377 4993 quiiNicephorum
1427 4922 1613 4977 Latine
1652 4926 1923 4991 interpre-

361 5001 506 5045 tatus
539 4999 643 5052 est,
697 4994 810 5047 luce
863 4994 929 5046 de
984 4992 1195 5047 Libanii
1230 4995 1517 5063 discipulis
1572 4994 1680 5048 dici
1722 4996 1924 5047 'existi-

361 5063 548 5124 inavit,
582 5064 695 5130 qui,
732 5079 855 5116 cum
882 5062 1145 5117 Joannem
1183 5062 1397 5134 publice
1448 5066 1500 5117 in
1547 5065 1781 5118 ecclesia
1820 5066 1920 5118 do-

360 5140 570 5186 centem
607 5134 794 5187 audire
825 5136 1265 5197 consuevissent,
1292 5136 1355 5187 ad
1384 5134 1587 5190 Christi
1615 5135 1770 5189 [idem
1795 5151 1925 5190 con-

364 5204 505 5275 versi
544 5208 691 5258 sun‘t.
728 5205 955 5258 Praestat
988 5192 1167 5260 taiuen
1205 5192 1317 5259 haec
1346 5206 1411 5259 de
1462 5206 1676 5259 cunctis
1698 5221 1925 5275 genera~

365 5274 508 5347 liter,
542 5282 650 5325 tam
681 5276 925 5347 paganis,
965 5292 1128 5344 quam
1185 5276 1451 5347 haereticis
1482 5274 1808 5347 intelligere,
1833 5280 1926 5347 qui

364 5346 425 5397 ad
458 5342 717 5396 Joannem
755 5342 1080 5399 audiendum
1109 5346 1475 5401 conﬂuebant.

434 5415 545 5487 (98)
573 5485 580 5487 _
609 5416 715 5467 Καὶ
756 5416 854 5467 ἐπὶ
892 5417 1065 5487 τοῦτο
1096 5486 1101 5487 ί
1114 5417 1350 5484 ῥᾳδίως.
1378 5456 1379 5459 η
1413 5418 1644 5483 Sensum
1706 5416 1923 5487 quidem

366 5484 527 5552 hujus
570 5485 674 5556 loci
706 5488 839 5538 satis
872 5486 1166 5555 pt'l‘Sllit‘iO.
1209 5488 1384 5556 Supra
1416 5490 1559 5541 euitn
1592 5484 1736 5542 dixit
1758 5486 1926 5542 Sozo-

366 5571 560 5609 tnenus
618 5554 885 5608 Joannem
940 5558 993 5610 in
1029 5560 1261 5611 ecclesia
1292 5554 1725 5613 conicionantem
1770 5559 1925 5613 audi-

365 5636 509 5710 tores
544 5641 674 5710 suos
704 5628 786 5710 ad“
808 5628 1022 5710 virtutis
1046 5629 1306 5710 studium,
1338 5639 1391 5710 et
1418 5630 1499 5710 ad_
1524 5640 1726 5710 rectam
1761 5640 1925 5710 atque

363 5696 722 5769 orthodoxam
759 5698 915 5750 iidem
954 5700 1283 5753 traduxisse.
1338 5700 1413 5752 Ac
1453 5696 1670 5755 virtu'tis
1713 5696 1932 5769 quidem

365 5767 604 5820 studium
645 5783 833 5821 eorum
868 5771 1141 5823 mentibus
1185 5770 1501 5826 insinuasse
1527 5767 1775 5826 exemnlo
1809 5771 1932 5825 vitae

364 5851 428 5888 ac
495 5839 932 5893 conversationis
984 5856 1146 5894 suae:
1194 5850 1396 5894 rectam
1451 5856 1581 5895 vero
1631 5839 1788 5897 ﬁdem
1852 5842 1933 5895 eis

366 5910 725 5975 person-isse,
764 5924 868 5963 non
903 5910 951 5963 vi
996 5911 1281 5975 larundiaa,
1318 5911 1411 5965 sed
1452 5926 1587 5982 pura
1619 5926 1682 5967 ac
1718 5913 1932 5969 sincera

686 6000 963 6062 ΡΑτιωι..
1004 6003 1117 6094 Gn.
1171 6003 1400 6063 LXVII.

2033 4917 2202 4997 hujus
2238 4928 2383 4980 loci:
2429 4928 2554 4979 licet.
2601 4929 2761 4982 verba
2808 4917 3067 4997 ’corrupta
3122 4929 3252 4983 sint.
3316 4930 3369 4981 ln
3414 4929 3605 4985 codice

2032 4995 2636 5071 Eultetiano_seriptum
2693 4995 3003 5071 inveuixai
3057 5000 3146 5051 ἐπὶ
3198 4999 3452 5071 τοσοῦτον
3484 5003 3606 5071 κρα-

2028 5067 2179 5140 δίως,
2206 5077 2313 5120 etc.
2344 5068 2455 5137 Ego
2480 5085 2607 5121 vero
2634 5068 2983 5122 scribendum
3008 5078 3140 5139 puto
3172 5071 3264 5123 καὶ
3286 5070 3375 5121 ἐπὶ
3405 5067 3599 5140 τούτῶ.

2034 5138 2205 5201 Quam
2251 5140 2534 5193 lectionem
2592 5141 2642 5192 in
2694 5140 2945 5193 versione
3010 5138 3125 5193 mea
3178 5156 3299 5196 sum
3356 5138 3602 5195 secutus.

2032 5209 2101 5261 At
2151 5207 2491 5277 Nicephorus
2549 5209 2691 5262 hunc
2732 5209 3019 5263 Sozdmeni
3054 5212 3229 5263 locum
3267 5212 3339 5263 ita
3383 5226 3607 5279 expres-

2032 5280 2144 5351 sit:
2172 5280 2270 5351 και
2296 5280 2572 5351 ἐχειροῦτο
2618 5280 2812 5351 ῥᾳδίως
2850 5280 3096 5333 ἐντεῦθεν
3138 5282 3265 5344 τοὺς
3296 5280 3602 5345 πλείστους,

2034 5349 2125 5422 καί
2161 5366 2223 5416 γε
2246 5337 2440 5422 ἐπειθὲΔ
2465 5337 2819 5422 παραπλήσια
2845 5352 3082 5415 δοξάζειν
3114 5337 3327 5421 ἐκείνῳ
3359 5352 3419 5404 οὐ
3441 5337 3603 5422 τέχνῇ

2031 5419 2092 5488 δή
2124 5437 2230 5471 τινι
2259 5422 2354 5495 καί
2378 5419 2740 5495 nomisma:
2772 5422 3127 5495 πρὸςὲαυτον
3150 5419 3328 5495 ἕλκειν
3357 5419 3607 5495 egente:

2038 5490 2385 5566 inroget)?
2435 5490 2743 5566 ὡέὰληθὲς
2773 5490 2866 5566 ἦν,
2916 5494 3108 5564 ὅτιπερ
3153 5493 3458 5561 εἰλικρινῶς
3507 5493 3606 5556 τὰς

2034 5562 2182 5629 ἱερὰς
2211 5560 2458 5630 ἐξηγεῖτο
2483 5563 2727 5632 Γραφάς.

2108 5632 2216 5697 (99)
2264 5632 2413 5685 Ἀλλ’
2452 5633 2531 5699 ὠς
2568 5634 2693 5699 ἔχει
2735 5635 3039 5700 ἀληθείας.
3090 5634 3219 5689 Post
3275 5635 3391 5687 haec
3445 5632 3608 5686 verba

2036 5702 2211 5776 adjeci
2234 5703 2550 5776 adverbium
2588 5706 2913 5776 εἰλικρινῶς,
2958 5722 3022 5760 ex
3057 5708 3246 5761 codice
3283 5703 3605 5776 Firketiano,

2036 5773 2205 5847 quod
2240 5775 2683 5847 liabeturetiam
2734 5773 2875 5847 apud
2915 5776 3302 5847 Nicephorum.
3348 5774 3523 5847 Porro
3552 5774 3604 5825 iu

2036 5844 2140 5966 30c
2195 5844 2316 5898 loco
2376 5845 2593 5904 mallem
2644 5844 2884 5904 scribere
2915 5849 2987 5911 ὼς
3034 5847 3143 5916 ἔχει
3207 5846 3275 5898 τὰ
3334 5846 3427 5915 τῆς
3475 5844 3607 5913 ἀλη-

2072 5931 2207 5966 ειας.
2234 5923 2338 5966 etc.

2072 5915 2207 5980 είας,
2234 5923 2338 5970 etc.

3205 6008 3275 6070 48
