  <div class='ocr_page' id='page_1' title='image "/cluster/home/n/w/nwhite01/storage/ocr_20150623/67/pst.000009865921/826.png"; bbox 0 0 4460 6634; ppageno 0'>
   <div class='ocr_carea' id='block_1_1' title="bbox 338 465 478 528">
    <p class='ocr_par' dir='ltr' id='par_1_1' title="bbox 338 465 478 528">
     <span class='ocr_line' id='line_1_1' title="bbox 338 465 478 528; baseline -0.029 0"><span class='ocrx_word' id='word_1_1' title='bbox 338 465 478 528; x_wconf 73' lang='grc'><strong>1517</strong></span> 
     </span>
    </p>
   </div>
   <div class='ocr_carea' id='block_1_2' title="bbox 1328 448 2674 515">
    <p class='ocr_par' dir='ltr' id='par_1_2' title="bbox 1328 448 2674 515">
     <span class='ocr_line' id='line_1_2' title="bbox 1328 448 2674 515; baseline -0.006 -2"><span class='ocrx_word' id='word_1_2' title='bbox 1328 455 1657 515; x_wconf 78' lang='lat' dir='ltr'><strong>HISTORIA</strong></span> <span class='ocrx_word' id='word_1_3' title='bbox 1688 448 2333 512; x_wconf 80' lang='lat' dir='ltr'><strong>ECCLESIASTICA.—</strong></span> <span class='ocrx_word' id='word_1_4' title='bbox 2371 449 2497 505; x_wconf 82' lang='lat' dir='ltr'><strong>LIB.</strong></span> <span class='ocrx_word' id='word_1_5' title='bbox 2538 448 2674 507; x_wconf 79' lang='lat' dir='ltr'><strong>VIII.</strong></span> 
     </span>
    </p>
   </div>
   <div class='ocr_carea' id='block_1_3' title="bbox 3452 446 3599 505">
    <p class='ocr_par' dir='ltr' id='par_1_3' title="bbox 3452 446 3599 505">
     <span class='ocr_line' id='line_1_3' title="bbox 3452 446 3599 505; baseline -0.014 0"><span class='ocrx_word' id='word_1_6' title='bbox 3452 446 3599 505; x_wconf 71' lang='lat'><strong>{518</strong></span> 
     </span>
    </p>
   </div>
   <div class='ocr_carea' id='block_1_4' title="bbox 340 568 2101 660">
    <p class='ocr_par' dir='ltr' id='par_1_4' title="bbox 340 574 2101 660">
     <span class='ocr_line' id='line_1_4' title="bbox 340 574 2101 660; baseline -0.01 -19"><span class='ocrx_word' id='word_1_7' title='bbox 340 604 456 660; x_wconf 86' lang='grc' dir='ltr'>ριεν</span> <span class='ocrx_word' id='word_1_8' title='bbox 481 583 744 654; x_wconf 80' lang='grc' dir='ltr'>ἐτύγχανε</span> <span class='ocrx_word' id='word_1_9' title='bbox 764 598 779 613; x_wconf 89' lang='grc'><strong>·</strong></span> <span class='ocrx_word' id='word_1_10' title='bbox 812 578 1054 650; x_wconf 67' lang='grc' dir='ltr'>λυπηρὸν</span> <span class='ocrx_word' id='word_1_11' title='bbox 1086 577 1143 632; x_wconf 78' lang='grc' dir='ltr'>δὲ</span> <span class='ocrx_word' id='word_1_12' title='bbox 1170 577 1283 639; x_wconf 85' lang='grc' dir='ltr'>τοῖς</span> <span class='ocrx_word' id='word_1_13' title='bbox 1325 576 1604 639; x_wconf 78' lang='grc' dir='ltr'>πλουσίοις</span> <span class='ocrx_word' id='word_1_14' title='bbox 1627 574 1723 628; x_wconf 75' lang='grc' dir='ltr'><strong>καὶ</strong></span> <span class='ocrx_word' id='word_1_15' title='bbox 1758 574 1920 627; x_wconf 87' lang='grc' dir='ltr'>δυνα-</span> <span class='ocrx_word' id='word_1_16' title='bbox 1947 578 1993 636; x_wconf 81' lang='grc' dir='ltr'>Α</span> <span class='ocrx_word' id='word_1_17' title='bbox 2020 574 2101 640; x_wconf 85' lang='lat' dir='ltr'><strong>qu</strong></span> 
     </span>
    </p>
   </div>
   <div class='ocr_carea' id='block_1_5' title="bbox 1836 568 3597 660">
    <p class='ocr_par' dir='ltr' id='par_1_5' title="bbox 1836 568 3597 640">
     <span class='ocr_line' id='line_1_5' title="bbox 1836 568 3597 640; baseline 0.002 -15"><span class='ocrx_word' id='word_1_18' title='bbox 1836 590 1920 627; x_wconf 73' lang='grc' dir='ltr'>να-</span> <span class='ocrx_word' id='word_1_19' title='bbox 1947 578 1993 636; x_wconf 81' lang='grc' dir='ltr'>Α</span> <span class='ocrx_word' id='word_1_20' title='bbox 2020 570 2244 640; x_wconf 85' lang='lat' dir='ltr'><strong>quidem</strong></span> <span class='ocrx_word' id='word_1_21' title='bbox 2266 569 2482 639; x_wconf 87' lang='lat' dir='ltr'><strong>judicio</strong></span> <span class='ocrx_word' id='word_1_22' title='bbox 2513 568 2715 640; x_wconf 85' lang='lat' dir='ltr'><strong>conjici</strong></span> <span class='ocrx_word' id='word_1_23' title='bbox 2747 577 2948 639; x_wconf 88' lang='lat' dir='ltr'><strong>potest,</strong></span> <span class='ocrx_word' id='word_1_24' title='bbox 2985 576 3196 640; x_wconf 87' lang='lat' dir='ltr'><strong>quanta</strong></span> <span class='ocrx_word' id='word_1_25' title='bbox 3227 572 3597 640; x_wconf 81' lang='lat' dir='ltr'><strong>persuadendi</strong></span> 
     </span>
    </p>
   </div>
   <div class='ocr_carea' id='block_1_6' title="bbox 339 664 1911 747">
    <p class='ocr_par' dir='ltr' id='par_1_6' title="bbox 339 664 1911 747">
     <span class='ocr_line' id='line_1_6' title="bbox 339 664 1911 747; baseline -0.011 -17"><span class='ocrx_word' id='word_1_26' title='bbox 339 677 525 747; x_wconf 86' lang='grc' dir='ltr'>μένοις</span> <span class='ocrx_word' id='word_1_27' title='bbox 546 714 561 738; x_wconf 89' lang='grc'><strong>,</strong></span> <span class='ocrx_word' id='word_1_28' title='bbox 592 672 720 741; x_wconf 83' lang='grc' dir='ltr'>παρ’</span> <span class='ocrx_word' id='word_1_29' title='bbox 744 665 824 732; x_wconf 73' lang='grc' dir='ltr'>οἷς</span> <span class='ocrx_word' id='word_1_30' title='bbox 860 670 929 723; x_wconf 88' lang='grc' dir='ltr'><strong>τά</strong></span> <span class='ocrx_word' id='word_1_31' title='bbox 956 667 1126 721; x_wconf 83' lang='grc' dir='ltr'>πολλὰ</span> <span class='ocrx_word' id='word_1_32' title='bbox 1162 668 1271 719; x_wconf 83' lang='grc' dir='ltr'>τῶν</span> <span class='ocrx_word' id='word_1_33' title='bbox 1300 664 1716 738; x_wconf 83' lang='grc' dir='ltr'><strong>ἁμαρτημάτων</strong></span> <span class='ocrx_word' id='word_1_34' title='bbox 1746 664 1911 715; x_wconf 72' lang='grc' dir='ltr'>ἐστίν.</span> 
     </span>
    </p>
   </div>
   <div class='ocr_carea' id='block_1_7' title="bbox 349 754 1914 837">
    <p class='ocr_par' dir='ltr' id='par_1_7' title="bbox 349 754 1914 837">
     <span class='ocr_line' id='line_1_7' title="bbox 349 754 1914 837; baseline -0.01 -15"><span class='ocrx_word' id='word_1_35' title='bbox 349 770 648 837; x_wconf 76' lang='grc' dir='ltr'>Ἐπίσημος</span> <span class='ocrx_word' id='word_1_36' title='bbox 676 759 769 816; x_wconf 74' lang='grc' dir='ltr'><strong>οὖν</strong></span> <span class='ocrx_word' id='word_1_37' title='bbox 798 765 909 824; x_wconf 85' lang='grc' dir='ltr'>τοῖς</span> <span class='ocrx_word' id='word_1_38' title='bbox 956 761 1056 830; x_wconf 83' lang='grc' dir='ltr'>μὲν</span> <span class='ocrx_word' id='word_1_39' title='bbox 1108 760 1305 822; x_wconf 82' lang='grc' dir='ltr'><strong>εἰδόσι,</strong></span> <span class='ocrx_word' id='word_1_40' title='bbox 1355 761 1423 829; x_wconf 86' lang='grc' dir='ltr'>τῇ</span> <span class='ocrx_word' id='word_1_41' title='bbox 1481 758 1669 826; x_wconf 82' lang='grc' dir='ltr'>πείρᾳ,</span> <span class='ocrx_word' id='word_1_42' title='bbox 1712 758 1823 818; x_wconf 92' lang='grc' dir='ltr'>τοῖς</span> <span class='ocrx_word' id='word_1_43' title='bbox 1855 754 1914 807; x_wconf 79' lang='grc' dir='ltr'>δὲ</span> 
     </span>
    </p>
   </div>
   <div class='ocr_carea' id='block_1_8' title="bbox 342 846 1914 929">
    <p class='ocr_par' dir='ltr' id='par_1_8' title="bbox 342 846 1914 929">
     <span class='ocr_line' id='line_1_8' title="bbox 342 846 1914 929; baseline -0.01 -15"><span class='ocrx_word' id='word_1_44' title='bbox 342 858 613 929; x_wconf 80' lang='grc' dir='ltr'>ἀγνοοῦσι,</span> <span class='ocrx_word' id='word_1_45' title='bbox 637 857 704 925; x_wconf 76' lang='grc' dir='ltr'>τῇ</span> <span class='ocrx_word' id='word_1_46' title='bbox 730 855 802 923; x_wconf 86' lang='grc' dir='ltr'><strong>φή</strong></span> <span class='ocrx_word' id='word_1_47' title='bbox 813 869 889 925; x_wconf 76' lang='grc' dir='ltr'>μῃ</span> <span class='ocrx_word' id='word_1_48' title='bbox 908 895 921 918; x_wconf 90' lang='grc'><strong>,</strong></span> <span class='ocrx_word' id='word_1_49' title='bbox 955 853 1019 904; x_wconf 84' lang='grc' dir='ltr'>ἐκ</span> <span class='ocrx_word' id='word_1_50' title='bbox 1045 868 1104 905; x_wconf 87' lang='grc' dir='ltr'><strong>τε</strong></span> <span class='ocrx_word' id='word_1_51' title='bbox 1132 851 1241 904; x_wconf 83' lang='grc' dir='ltr'><strong>τῶν</strong></span> <span class='ocrx_word' id='word_1_52' title='bbox 1276 850 1451 919; x_wconf 85' lang='grc' dir='ltr'>λόγων</span> <span class='ocrx_word' id='word_1_53' title='bbox 1476 850 1573 902; x_wconf 70' lang='grc' dir='ltr'><strong>καὶ</strong></span> <span class='ocrx_word' id='word_1_54' title='bbox 1601 847 1709 901; x_wconf 82' lang='grc' dir='ltr'>τῶν</span> <span class='ocrx_word' id='word_1_55' title='bbox 1738 846 1914 916; x_wconf 75' lang='grc' dir='ltr'>ἔργων</span> 
     </span>
    </p>
   </div>
   <div class='ocr_carea' id='block_1_9' title="bbox 338 935 1915 1020">
    <p class='ocr_par' dir='ltr' id='par_1_9' title="bbox 338 935 1915 1020">
     <span class='ocr_line' id='line_1_9' title="bbox 338 935 1915 1020; baseline -0.01 -18"><span class='ocrx_word' id='word_1_56' title='bbox 338 945 630 1020; x_wconf 78' lang='grc' dir='ltr'>γενόμενος</span> <span class='ocrx_word' id='word_1_57' title='bbox 665 944 770 998; x_wconf 85' lang='grc' dir='ltr'>ἀνὰ</span> <span class='ocrx_word' id='word_1_58' title='bbox 794 945 974 995; x_wconf 82' lang='grc' dir='ltr'>πᾶσαν</span> <span class='ocrx_word' id='word_1_59' title='bbox 998 943 1100 1013; x_wconf 78' lang='grc' dir='ltr'>τὴν</span> <span class='ocrx_word' id='word_1_60' title='bbox 1145 940 1431 1011; x_wconf 84' lang='grc' dir='ltr'>Ῥωμαίων</span> <span class='ocrx_word' id='word_1_61' title='bbox 1464 938 1705 1007; x_wconf 86' lang='grc' dir='ltr'>ὑπήκοον</span> <span class='ocrx_word' id='word_1_62' title='bbox 1726 977 1740 999; x_wconf 89' lang='grc'><strong>,</strong></span> <span class='ocrx_word' id='word_1_63' title='bbox 1768 935 1915 1000; x_wconf 70' lang='grc' dir='ltr'>ἔδοξε</span> 
     </span>
    </p>
   </div>
   <div class='ocr_carea' id='block_1_10' title="bbox 338 1026 1917 1101">
    <p class='ocr_par' dir='ltr' id='par_1_10' title="bbox 338 1026 1917 1101">
     <span class='ocr_line' id='line_1_10' title="bbox 338 1026 1917 1101; baseline -0.009 -8"><span class='ocrx_word' id='word_1_64' title='bbox 338 1035 907 1093; x_wconf 80' lang='grc' dir='ltr'>Κωνσταντινουπόλει</span> <span class='ocrx_word' id='word_1_65' title='bbox 937 1032 1241 1101; x_wconf 76' lang='grc' dir='ltr'>ἐπιτήδειος</span> <span class='ocrx_word' id='word_1_66' title='bbox 1271 1026 1410 1083; x_wconf 82' lang='grc' dir='ltr'>εἶναι</span> <span class='ocrx_word' id='word_1_67' title='bbox 1438 1028 1540 1097; x_wconf 81' lang='grc' dir='ltr'><strong>τῆς</strong></span> <span class='ocrx_word' id='word_1_68' title='bbox 1590 1026 1917 1096; x_wconf 84' lang='grc' dir='ltr'>Ἑκκλησίας</span> 
     </span>
    </p>
   </div>
   <div class='ocr_carea' id='block_1_11' title="bbox 337 1115 1915 1195">
    <p class='ocr_par' dir='ltr' id='par_1_11' title="bbox 337 1115 1915 1195">
     <span class='ocr_line' id='line_1_11' title="bbox 337 1115 1915 1195; baseline -0.008 -14"><span class='ocrx_word' id='word_1_69' title='bbox 337 1129 679 1181; x_wconf 81' lang='grc' dir='ltr'>ἐπισκοπεῖν.</span> <span class='ocrx_word' id='word_1_70' title='bbox 702 1122 1117 1195; x_wconf 81' lang='grc' dir='ltr'>Ψηφισαμένων</span> <span class='ocrx_word' id='word_1_71' title='bbox 1150 1121 1207 1173; x_wconf 81' lang='grc' dir='ltr'>δὲ</span> <span class='ocrx_word' id='word_1_72' title='bbox 1240 1119 1397 1173; x_wconf 83' lang='grc' dir='ltr'>τοῦτο</span> <span class='ocrx_word' id='word_1_73' title='bbox 1417 1118 1511 1172; x_wconf 79' lang='grc' dir='ltr'>τοῦ</span> <span class='ocrx_word' id='word_1_74' title='bbox 1540 1117 1672 1172; x_wconf 83' lang='grc' dir='ltr'>λαοῦ</span> <span class='ocrx_word' id='word_1_75' title='bbox 1702 1115 1915 1170; x_wconf 78' lang='grc' dir='ltr'>καὶτοῦ</span> 
     </span>
    </p>
   </div>
   <div class='ocr_carea' id='block_1_12' title="bbox 338 1204 1918 1291">
    <p class='ocr_par' dir='ltr' id='par_1_12' title="bbox 338 1204 1918 1291">
     <span class='ocr_line' id='line_1_12' title="bbox 338 1204 1918 1291; baseline -0.007 -18"><span class='ocrx_word' id='word_1_76' title='bbox 338 1220 566 1291; x_wconf 83' lang='grc' dir='ltr'><strong>κλήρου,</strong></span> <span class='ocrx_word' id='word_1_77' title='bbox 607 1220 701 1271; x_wconf 75' lang='grc' dir='ltr'><strong>καὶ</strong></span> <span class='ocrx_word' id='word_1_78' title='bbox 737 1220 765 1270; x_wconf 91' lang='grc' dir='ltr'>ὁ</span> <span class='ocrx_word' id='word_1_79' title='bbox 817 1204 1070 1287; x_wconf 82' lang='grc' dir='ltr'>βασιλεὺς</span> <span class='ocrx_word' id='word_1_80' title='bbox 1121 1213 1369 1284; x_wconf 87' lang='grc' dir='ltr'>συνῄνει,</span> <span class='ocrx_word' id='word_1_81' title='bbox 1401 1212 1496 1266; x_wconf 71' lang='grc' dir='ltr'><strong>καὶ</strong></span> <span class='ocrx_word' id='word_1_82' title='bbox 1534 1213 1657 1274; x_wconf 79' lang='grc' dir='ltr'>τοὺς</span> <span class='ocrx_word' id='word_1_83' title='bbox 1689 1210 1918 1276; x_wconf 78' lang='grc' dir='ltr'><strong>ἄξοντας</strong></span> 
     </span>
    </p>
   </div>
   <div class='ocr_carea' id='block_1_13' title="bbox 338 1296 1918 1380">
    <p class='ocr_par' dir='ltr' id='par_1_13' title="bbox 338 1296 1918 1380">
     <span class='ocr_line' id='line_1_13' title="bbox 338 1296 1918 1380; baseline -0.007 -16"><span class='ocrx_word' id='word_1_84' title='bbox 338 1312 503 1363; x_wconf 84' lang='grc' dir='ltr'>αὑτὸν</span> <span class='ocrx_word' id='word_1_85' title='bbox 534 1312 601 1363; x_wconf 86' lang='grc' dir='ltr'><strong>πέ</strong></span> <span class='ocrx_word' id='word_1_86' title='bbox 613 1296 823 1380; x_wconf 58' lang='grc' dir='ltr'>πομφεί</span> <span class='ocrx_word' id='word_1_87' title='bbox 846 1306 1138 1360; x_wconf 84' lang='grc' dir='ltr'>Συνεκάλει</span> <span class='ocrx_word' id='word_1_88' title='bbox 1170 1306 1227 1358; x_wconf 80' lang='grc' dir='ltr'>δὲ</span> <span class='ocrx_word' id='word_1_89' title='bbox 1253 1305 1348 1357; x_wconf 80' lang='grc' dir='ltr'><strong>καὶ</strong></span> <span class='ocrx_word' id='word_1_90' title='bbox 1371 1303 1606 1368; x_wconf 84' lang='grc' dir='ltr'><strong>σύνοδον,</strong></span> <span class='ocrx_word' id='word_1_91' title='bbox 1628 1303 1723 1356; x_wconf 63' lang='grc' dir='ltr'><strong>καὶ⁸</strong></span> <span class='ocrx_word' id='word_1_92' title='bbox 1743 1300 1918 1369; x_wconf 86' lang='grc' dir='ltr'>τούτῳ</span> 
     </span>
    </p>
   </div>
   <div class='ocr_carea' id='block_1_14' title="bbox 342 1394 1919 1476">
    <p class='ocr_par' dir='ltr' id='par_1_14' title="bbox 342 1394 1919 1476">
     <span class='ocr_line' id='line_1_14' title="bbox 342 1394 1919 1476; baseline -0.008 -18"><span class='ocrx_word' id='word_1_93' title='bbox 342 1407 671 1476; x_wconf 76' lang='grc' dir='ltr'>σεμνοτέραν</span> <span class='ocrx_word' id='word_1_94' title='bbox 704 1406 803 1472; x_wconf 85' lang='grc' dir='ltr'><strong>τὴν</strong></span> <span class='ocrx_word' id='word_1_95' title='bbox 827 1402 1161 1472; x_wconf 85' lang='grc' dir='ltr'>χειροτονίαν</span> <span class='ocrx_word' id='word_1_96' title='bbox 1183 1398 1415 1461; x_wconf 85' lang='grc' dir='ltr'>δεικνύς.</span> <span class='ocrx_word' id='word_1_97' title='bbox 1452 1398 1565 1449; x_wconf 87' lang='grc' dir='ltr'>Ούκ</span> <span class='ocrx_word' id='word_1_98' title='bbox 1592 1396 1671 1459; x_wconf 84' lang='grc' dir='ltr'>εἰς</span> <span class='ocrx_word' id='word_1_99' title='bbox 1702 1394 1919 1466; x_wconf 84' lang='grc' dir='ltr'>μακρὰν</span> 
     </span>
    </p>
   </div>
   <div class='ocr_carea' id='block_1_15' title="bbox 339 1486 1921 1564">
    <p class='ocr_par' dir='ltr' id='par_1_15' title="bbox 339 1486 1921 1564">
     <span class='ocr_line' id='line_1_15' title="bbox 339 1486 1921 1564; baseline -0.007 -16"><span class='ocrx_word' id='word_1_100' title='bbox 339 1496 399 1549; x_wconf 79' lang='grc' dir='ltr'>δὲ</span> <span class='ocrx_word' id='word_1_101' title='bbox 447 1498 513 1548; x_wconf 83' lang='grc' dir='ltr'><strong>τά</strong></span> <span class='ocrx_word' id='word_1_102' title='bbox 566 1495 827 1564; x_wconf 85' lang='grc' dir='ltr'>βασιλέως</span> <span class='ocrx_word' id='word_1_103' title='bbox 877 1494 1182 1563; x_wconf 85' lang='grc' dir='ltr'>γράμματα</span> <span class='ocrx_word' id='word_1_104' title='bbox 1218 1489 1508 1560; x_wconf 82' lang='grc' dir='ltr'>δεξάμενος</span> <span class='ocrx_word' id='word_1_105' title='bbox 1569 1487 1841 1556; x_wconf 77' lang='grc' dir='ltr'><strong>Ἀστέριος</strong></span> <span class='ocrx_word' id='word_1_106' title='bbox 1891 1486 1921 1538; x_wconf 86' lang='grc' dir='ltr'>ὁ</span> 
     </span>
    </p>
   </div>
   <div class='ocr_carea' id='block_1_16' title="bbox 340 1576 1921 1657">
    <p class='ocr_par' dir='ltr' id='par_1_16' title="bbox 340 1576 1921 1657">
     <span class='ocr_line' id='line_1_16' title="bbox 340 1576 1921 1657; baseline -0.008 -17"><span class='ocrx_word' id='word_1_107' title='bbox 340 1588 441 1657; x_wconf 80' lang='grc' dir='ltr'>τῆς</span> <span class='ocrx_word' id='word_1_108' title='bbox 473 1588 587 1640; x_wconf 81' lang='grc' dir='ltr'>Ἕω</span> <span class='ocrx_word' id='word_1_109' title='bbox 625 1586 963 1656; x_wconf 72' lang='grc' dir='ltr'>ἡγούμενος,</span> <span class='ocrx_word' id='word_1_110' title='bbox 1015 1584 1284 1653; x_wconf 78' lang='grc' dir='ltr'>ἐδήλωσεν</span> <span class='ocrx_word' id='word_1_111' title='bbox 1344 1581 1561 1651; x_wconf 82' lang='grc' dir='ltr'>Ἰωάννῃ</span> <span class='ocrx_word' id='word_1_112' title='bbox 1616 1576 1921 1648; x_wconf 83' lang='grc' dir='ltr'>παραγενέ-</span> 
     </span>
    </p>
   </div>
   <div class='ocr_carea' id='block_1_17' title="bbox 346 1670 1919 1749">
    <p class='ocr_par' dir='ltr' id='par_1_17' title="bbox 346 1670 1919 1749">
     <span class='ocr_line' id='line_1_17' title="bbox 346 1670 1919 1749; baseline -0.006 -18"><span class='ocrx_word' id='word_1_113' title='bbox 346 1680 470 1732; x_wconf 87' lang='grc' dir='ltr'>σθαι</span> <span class='ocrx_word' id='word_1_114' title='bbox 501 1682 637 1749; x_wconf 82' lang='grc' dir='ltr'>πρὸς</span> <span class='ocrx_word' id='word_1_115' title='bbox 668 1678 852 1739; x_wconf 81' lang='grc' dir='ltr'>αὐτὸν,</span> <span class='ocrx_word' id='word_1_116' title='bbox 878 1676 953 1738; x_wconf 77' lang='grc' dir='ltr'>ὡς</span> <span class='ocrx_word' id='word_1_117' title='bbox 990 1676 1117 1746; x_wconf 88' lang='grc' dir='ltr'>περί</span> <span class='ocrx_word' id='word_1_118' title='bbox 1149 1692 1243 1727; x_wconf 88' lang='grc' dir='ltr'><strong>του</strong></span> <span class='ocrx_word' id='word_1_119' title='bbox 1286 1673 1632 1743; x_wconf 86' lang='grc' dir='ltr'>δεησόμενος.</span> <span class='ocrx_word' id='word_1_120' title='bbox 1666 1670 1919 1723; x_wconf 87' lang='grc' dir='ltr'>Ἐλθόντα</span> 
     </span>
    </p>
   </div>
   <div class='ocr_carea' id='block_1_18' title="bbox 342 1762 1918 1838">
    <p class='ocr_par' dir='ltr' id='par_1_18' title="bbox 342 1762 1918 1838">
     <span class='ocr_line' id='line_1_18' title="bbox 342 1762 1918 1838; baseline -0.006 -14"><span class='ocrx_word' id='word_1_121' title='bbox 342 1772 424 1834; x_wconf 79' lang='grc' dir='ltr'>δὲ,</span> <span class='ocrx_word' id='word_1_122' title='bbox 444 1772 643 1824; x_wconf 81' lang='grc' dir='ltr'>αὐτίκα</span> <span class='ocrx_word' id='word_1_123' title='bbox 666 1772 743 1832; x_wconf 84' lang='grc' dir='ltr'>εἰς</span> <span class='ocrx_word' id='word_1_124' title='bbox 768 1771 950 1838; x_wconf 77' lang='grc' dir='ltr'>ὄχημα</span> <span class='ocrx_word' id='word_1_125' title='bbox 973 1767 1069 1819; x_wconf 79' lang='grc' dir='ltr'><strong>σὺν</strong></span> <span class='ocrx_word' id='word_1_126' title='bbox 1092 1767 1239 1836; x_wconf 83' lang='grc' dir='ltr'>αὐτῷ</span> <span class='ocrx_word' id='word_1_127' title='bbox 1263 1764 1576 1828; x_wconf 78' lang='grc' dir='ltr'>ἀνεϐίϐασε,</span> <span class='ocrx_word' id='word_1_128' title='bbox 1596 1764 1687 1816; x_wconf 66' lang='grc' dir='ltr'><strong>καὶ</strong></span> <span class='ocrx_word' id='word_1_129' title='bbox 1716 1762 1918 1832; x_wconf 81' lang='grc' dir='ltr'>σπουδῇ</span> 
     </span>
    </p>
   </div>
   <div class='ocr_carea' id='block_1_19' title="bbox 342 1858 1923 1933">
    <p class='ocr_par' dir='ltr' id='par_1_19' title="bbox 342 1858 1923 1933">
     <span class='ocr_line' id='line_1_19' title="bbox 342 1858 1923 1933; baseline -0.006 -15"><span class='ocrx_word' id='word_1_130' title='bbox 342 1867 542 1927; x_wconf 77' lang='grc' dir='ltr'>ἐλάσας</span> <span class='ocrx_word' id='word_1_131' title='bbox 564 1906 577 1927; x_wconf 95' lang='grc'><strong>,</strong></span> <span class='ocrx_word' id='word_1_132' title='bbox 612 1860 745 1933; x_wconf 83' lang='grc' dir='ltr'>ἧκεν</span> <span class='ocrx_word' id='word_1_133' title='bbox 791 1864 870 1926; x_wconf 82' lang='grc' dir='ltr'><strong>είς</strong></span> <span class='ocrx_word' id='word_1_134' title='bbox 902 1863 1126 1931; x_wconf 81' lang='grc' dir='ltr'>Πάγρας</span> <span class='ocrx_word' id='word_1_135' title='bbox 1150 1900 1164 1923; x_wconf 94' lang='grc'><strong>,</strong></span> <span class='ocrx_word' id='word_1_136' title='bbox 1203 1859 1441 1929; x_wconf 82' lang='grc' dir='ltr'>σταθμὸν</span> <span class='ocrx_word' id='word_1_137' title='bbox 1480 1858 1623 1911; x_wconf 75' lang='grc' dir='ltr'>οὕτω</span> <span class='ocrx_word' id='word_1_138' title='bbox 1655 1858 1923 1926; x_wconf 84' lang='grc' dir='ltr'>καλούμε-</span> 
     </span>
    </p>
   </div>
   <div class='ocr_carea' id='block_1_20' title="bbox 2020 662 3601 720">
    <p class='ocr_par' dir='ltr' id='par_1_20' title="bbox 2020 662 3601 720">
     <span class='ocr_line' id='line_1_20' title="bbox 2020 662 3601 720; baseline 0.001 -1"><span class='ocrx_word' id='word_1_139' title='bbox 2020 665 2105 719; x_wconf 85' lang='lat' dir='ltr'><strong>vis</strong></span> <span class='ocrx_word' id='word_1_140' title='bbox 2138 665 2192 718; x_wconf 94' lang='lat' dir='ltr'><strong>in</strong></span> <span class='ocrx_word' id='word_1_141' title='bbox 2226 662 2459 719; x_wconf 83' lang='lat' dir='ltr'><strong>Joannis</strong></span> <span class='ocrx_word' id='word_1_142' title='bbox 2490 664 2744 717; x_wconf 89' lang='lat' dir='ltr'><strong>oratione</strong></span> <span class='ocrx_word' id='word_1_143' title='bbox 2773 664 2974 718; x_wconf 92' lang='lat' dir='ltr'><strong>inerat.</strong></span> <span class='ocrx_word' id='word_1_144' title='bbox 3024 663 3175 717; x_wconf 78' lang='lat' dir='ltr'><strong>Vicit</strong></span> <span class='ocrx_word' id='word_1_145' title='bbox 3203 663 3349 717; x_wconf 89' lang='lat' dir='ltr'><strong>enim</strong></span> <span class='ocrx_word' id='word_1_146' title='bbox 3376 662 3470 719; x_wconf 90' lang='lat' dir='ltr'><strong>illa</strong></span> <span class='ocrx_word' id='word_1_147' title='bbox 3502 679 3601 720; x_wconf 83' lang='lat' dir='ltr'><strong>eos</strong></span> 
     </span>
    </p>
   </div>
   <div class='ocr_carea' id='block_1_21' title="bbox 2020 755 3596 826">
    <p class='ocr_par' dir='ltr' id='par_1_21' title="bbox 2020 755 3596 826">
     <span class='ocr_line' id='line_1_21' title="bbox 2020 755 3596 826; baseline 0.001 -17"><span class='ocrx_word' id='word_1_148' title='bbox 2020 757 2116 826; x_wconf 84' lang='lat' dir='ltr'><strong>qui</strong></span> <span class='ocrx_word' id='word_1_149' title='bbox 2147 756 2265 826; x_wconf 83' lang='lat' dir='ltr'><strong>pari</strong></span> <span class='ocrx_word' id='word_1_150' title='bbox 2301 755 2522 810; x_wconf 88' lang='lat' dir='ltr'><strong>dicendi</strong></span> <span class='ocrx_word' id='word_1_151' title='bbox 2577 770 2641 810; x_wconf 87' lang='lat' dir='ltr'><strong>ac</strong></span> <span class='ocrx_word' id='word_1_152' title='bbox 2689 755 3059 824; x_wconf 82' lang='lat' dir='ltr'><strong>persuadendi</strong></span> <span class='ocrx_word' id='word_1_153' title='bbox 3106 755 3369 811; x_wconf 88' lang='lat' dir='ltr'><strong>facultate</strong></span> <span class='ocrx_word' id='word_1_154' title='bbox 3423 757 3596 826; x_wconf 82' lang='lat' dir='ltr'><strong>polle-</strong></span> 
     </span>
    </p>
   </div>
   <div class='ocr_carea' id='block_1_22' title="bbox 2023 845 3600 916">
    <p class='ocr_par' dir='ltr' id='par_1_22' title="bbox 2023 845 3600 916">
     <span class='ocr_line' id='line_1_22' title="bbox 2023 845 3600 916; baseline -0.001 -15"><span class='ocrx_word' id='word_1_155' title='bbox 2023 848 2177 901; x_wconf 88' lang='lat' dir='ltr'><strong>bant.</strong></span> <span class='ocrx_word' id='word_1_156' title='bbox 2210 845 2321 899; x_wconf 81' lang='lat' dir='ltr'><strong>Hac</strong></span> <span class='ocrx_word' id='word_1_157' title='bbox 2344 846 2463 915; x_wconf 88' lang='lat' dir='ltr'><strong>ipsa</strong></span> <span class='ocrx_word' id='word_1_158' title='bbox 2491 846 2753 916; x_wconf 79' lang='lat' dir='ltr'><strong>pupulum</strong></span> <span class='ocrx_word' id='word_1_159' title='bbox 2782 846 2951 901; x_wconf 88' lang='lat' dir='ltr'><strong>etiam</strong></span> <span class='ocrx_word' id='word_1_160' title='bbox 2983 845 3053 900; x_wconf 88' lang='lat' dir='ltr'><strong>ad</strong></span> <span class='ocrx_word' id='word_1_161' title='bbox 3090 860 3152 902; x_wconf 88' lang='lat' dir='ltr'><strong>se</strong></span> <span class='ocrx_word' id='word_1_162' title='bbox 3186 850 3480 916; x_wconf 75' lang='lat' dir='ltr'><strong>pertraxit.</strong></span> <span class='ocrx_word' id='word_1_163' title='bbox 3533 864 3600 903; x_wconf 91' lang='lat' dir='ltr'><strong>eo</strong></span> 
     </span>
    </p>
   </div>
   <div class='ocr_carea' id='block_1_23' title="bbox 2022 938 3602 1009">
    <p class='ocr_par' dir='ltr' id='par_1_23' title="bbox 2022 938 3602 1009">
     <span class='ocr_line' id='line_1_23' title="bbox 2022 938 3602 1009; baseline 0 -16"><span class='ocrx_word' id='word_1_164' title='bbox 2022 939 2259 993; x_wconf 81' lang='lat' dir='ltr'><strong>maxime</strong></span> <span class='ocrx_word' id='word_1_165' title='bbox 2293 938 2439 1009; x_wconf 80' lang='lat' dir='ltr'><strong>quod</strong></span> <span class='ocrx_word' id='word_1_166' title='bbox 2476 948 2768 1007; x_wconf 85' lang='lat' dir='ltr'><strong>peccantes</strong></span> <span class='ocrx_word' id='word_1_167' title='bbox 2790 939 2984 993; x_wconf 87' lang='lat' dir='ltr'><strong>crebro</strong></span> <span class='ocrx_word' id='word_1_168' title='bbox 3030 948 3357 1009; x_wconf 84' lang='lat' dir='ltr'><strong>coargueret</strong></span> <span class='ocrx_word' id='word_1_169' title='bbox 3390 940 3444 993; x_wconf 93' lang='lat' dir='ltr'><strong>in</strong></span> <span class='ocrx_word' id='word_1_170' title='bbox 3498 938 3602 993; x_wconf 80' lang='lat' dir='ltr'><strong>Ec-</strong></span> 
     </span>
    </p>
   </div>
   <div class='ocr_carea' id='block_1_24' title="bbox 2021 1027 3600 1097">
    <p class='ocr_par' dir='ltr' id='par_1_24' title="bbox 2021 1027 3600 1097">
     <span class='ocr_line' id='line_1_24' title="bbox 2021 1027 3600 1097; baseline -0.002 -13"><span class='ocrx_word' id='word_1_171' title='bbox 2021 1029 2189 1084; x_wconf 87' lang='lat' dir='ltr'><strong>clesia</strong></span> <span class='ocrx_word' id='word_1_172' title='bbox 2218 1068 2232 1091; x_wconf 89' lang='lat'><strong>,</strong></span> <span class='ocrx_word' id='word_1_173' title='bbox 2288 1035 2343 1082; x_wconf 91' lang='lat' dir='ltr'><strong>et</strong></span> <span class='ocrx_word' id='word_1_174' title='bbox 2398 1029 2664 1083; x_wconf 88' lang='lat' dir='ltr'><strong>adversus</strong></span> <span class='ocrx_word' id='word_1_175' title='bbox 2713 1042 2810 1083; x_wconf 86' lang='lat' dir='ltr'><strong>eos</strong></span> <span class='ocrx_word' id='word_1_176' title='bbox 2856 1028 2949 1097; x_wconf 89' lang='lat' dir='ltr'><strong>qui</strong></span> <span class='ocrx_word' id='word_1_177' title='bbox 2998 1027 3260 1097; x_wconf 88' lang='lat' dir='ltr'><strong>injuriam</strong></span> <span class='ocrx_word' id='word_1_178' title='bbox 3313 1027 3600 1095; x_wconf 85' lang='lat' dir='ltr'><strong>fecissent,</strong></span> 
     </span>
    </p>
   </div>
   <div class='ocr_carea' id='block_1_25' title="bbox 2022 1117 3600 1189">
    <p class='ocr_par' dir='ltr' id='par_1_25' title="bbox 2022 1117 3600 1189">
     <span class='ocr_line' id='line_1_25' title="bbox 2022 1117 3600 1189; baseline 0.002 -16"><span class='ocrx_word' id='word_1_179' title='bbox 2022 1128 2288 1189; x_wconf 85' lang='lat' dir='ltr'><strong>tanquam</strong></span> <span class='ocrx_word' id='word_1_180' title='bbox 2318 1119 2432 1189; x_wconf 91' lang='lat' dir='ltr'><strong>ipse</strong></span> <span class='ocrx_word' id='word_1_181' title='bbox 2460 1120 2666 1189; x_wconf 88' lang='lat' dir='ltr'><strong>injuria</strong></span> <span class='ocrx_word' id='word_1_182' title='bbox 2698 1117 2927 1173; x_wconf 70' lang='lat' dir='ltr'><strong>allectus</strong></span> <span class='ocrx_word' id='word_1_183' title='bbox 2965 1129 3425 1175; x_wconf 86' lang='lat' dir='ltr'><strong>commoveretur.</strong></span> <span class='ocrx_word' id='word_1_184' title='bbox 3465 1120 3600 1187; x_wconf 74' lang='lat' dir='ltr'><strong>Qum</strong></span> 
     </span>
    </p>
   </div>
   <div class='ocr_carea' id='block_1_26' title="bbox 2024 1212 3603 1282">
    <p class='ocr_par' dir='ltr' id='par_1_26' title="bbox 2024 1212 3603 1282">
     <span class='ocr_line' id='line_1_26' title="bbox 2024 1212 3603 1282; baseline 0.003 -17"><span class='ocrx_word' id='word_1_185' title='bbox 2024 1228 2114 1267; x_wconf 88' lang='lat' dir='ltr'><strong>res</strong></span> <span class='ocrx_word' id='word_1_186' title='bbox 2146 1219 2306 1282; x_wconf 89' lang='lat' dir='ltr'><strong>grata</strong></span> <span class='ocrx_word' id='word_1_187' title='bbox 2346 1212 2568 1281; x_wconf 87' lang='lat' dir='ltr'><strong>quidem</strong></span> <span class='ocrx_word' id='word_1_188' title='bbox 2610 1218 2733 1268; x_wconf 90' lang='lat' dir='ltr'><strong>erat</strong></span> <span class='ocrx_word' id='word_1_189' title='bbox 2769 1212 3132 1276; x_wconf 87' lang='lat' dir='ltr'><strong>multitudini,</strong></span> <span class='ocrx_word' id='word_1_190' title='bbox 3180 1214 3409 1267; x_wconf 87' lang='lat' dir='ltr'><strong>molesta</strong></span> <span class='ocrx_word' id='word_1_191' title='bbox 3470 1231 3603 1270; x_wconf 90' lang='lat' dir='ltr'><strong>vero</strong></span> 
     </span>
    </p>
   </div>
   <div class='ocr_carea' id='block_1_27' title="bbox 2024 1304 3601 1374">
    <p class='ocr_par' dir='ltr' id='par_1_27' title="bbox 2024 1304 3601 1374">
     <span class='ocr_line' id='line_1_27' title="bbox 2024 1304 3601 1374; baseline 0.004 -17"><span class='ocrx_word' id='word_1_192' title='bbox 2024 1304 2465 1373; x_wconf 84' lang='lat' dir='ltr'><strong>Opulentiorihus</strong></span> <span class='ocrx_word' id='word_1_193' title='bbox 2498 1319 2563 1359; x_wconf 90' lang='lat' dir='ltr'><strong>ac</strong></span> <span class='ocrx_word' id='word_1_194' title='bbox 2594 1304 3029 1373; x_wconf 86' lang='lat' dir='ltr'><strong>potentioribus;</strong></span> <span class='ocrx_word' id='word_1_195' title='bbox 3055 1319 3085 1358; x_wconf 91' lang='lat' dir='ltr'><strong>a</strong></span> <span class='ocrx_word' id='word_1_196' title='bbox 3114 1306 3314 1374; x_wconf 83' lang='lat' dir='ltr'><strong>quibus</strong></span> <span class='ocrx_word' id='word_1_197' title='bbox 3348 1306 3462 1362; x_wconf 91' lang='lat' dir='ltr'><strong>fere</strong></span> <span class='ocrx_word' id='word_1_198' title='bbox 3501 1310 3601 1363; x_wconf 91' lang='lat' dir='ltr'><strong>de-</strong></span> 
     </span>
    </p>
   </div>
   <div class='ocr_carea' id='block_1_28' title="bbox 2024 1395 3601 1469">
    <p class='ocr_par' dir='ltr' id='par_1_28' title="bbox 2024 1395 3601 1469">
     <span class='ocr_line' id='line_1_28' title="bbox 2024 1395 3601 1469; baseline 0.003 -20"><span class='ocrx_word' id='word_1_199' title='bbox 2024 1395 2155 1450; x_wconf 87' lang='lat' dir='ltr'><strong>licta</strong></span> <span class='ocrx_word' id='word_1_200' title='bbox 2178 1396 2445 1449; x_wconf 85' lang='lat' dir='ltr'><strong>committi</strong></span> <span class='ocrx_word' id='word_1_201' title='bbox 2480 1398 2678 1451; x_wconf 88' lang='lat' dir='ltr'><strong>solent.</strong></span> <span class='ocrx_word' id='word_1_202' title='bbox 2718 1396 2854 1451; x_wconf 90' lang='lat' dir='ltr'><strong>Cum</strong></span> <span class='ocrx_word' id='word_1_203' title='bbox 2908 1396 3073 1468; x_wconf 90' lang='lat' dir='ltr'><strong>igitur</strong></span> <span class='ocrx_word' id='word_1_204' title='bbox 3102 1399 3247 1466; x_wconf 91' lang='lat' dir='ltr'><strong>apud</strong></span> <span class='ocrx_word' id='word_1_205' title='bbox 3277 1408 3439 1453; x_wconf 92' lang='lat' dir='ltr'><strong>notos</strong></span> <span class='ocrx_word' id='word_1_206' title='bbox 3472 1401 3601 1469; x_wconf 91' lang='lat' dir='ltr'><strong>qui-</strong></span> 
     </span>
    </p>
   </div>
   <div class='ocr_carea' id='block_1_29' title="bbox 2024 1488 3604 1563">
    <p class='ocr_par' dir='ltr' id='par_1_29' title="bbox 2024 1488 3604 1563">
     <span class='ocr_line' id='line_1_29' title="bbox 2024 1488 3604 1563; baseline 0.004 -24"><span class='ocrx_word' id='word_1_207' title='bbox 2024 1488 2150 1542; x_wconf 89' lang='lat' dir='ltr'><strong>dem</strong></span> <span class='ocrx_word' id='word_1_208' title='bbox 2175 1503 2279 1543; x_wconf 92' lang='lat' dir='ltr'><strong>usu</strong></span> <span class='ocrx_word' id='word_1_209' title='bbox 2316 1489 2438 1558; x_wconf 89' lang='lat' dir='ltr'><strong>ipso</strong></span> <span class='ocrx_word' id='word_1_210' title='bbox 2473 1496 2529 1542; x_wconf 92' lang='lat' dir='ltr'><strong>et</strong></span> <span class='ocrx_word' id='word_1_211' title='bbox 2557 1489 2985 1554; x_wconf 88' lang='lat' dir='ltr'><strong>consuetudine,</strong></span> <span class='ocrx_word' id='word_1_212' title='bbox 3016 1490 3159 1560; x_wconf 87' lang='lat' dir='ltr'><strong>apud</strong></span> <span class='ocrx_word' id='word_1_213' title='bbox 3192 1506 3288 1545; x_wconf 90' lang='lat' dir='ltr'><strong>eos</strong></span> <span class='ocrx_word' id='word_1_214' title='bbox 3318 1508 3448 1547; x_wconf 88' lang='lat' dir='ltr'><strong>vero</strong></span> <span class='ocrx_word' id='word_1_215' title='bbox 3479 1494 3604 1563; x_wconf 91' lang='lat' dir='ltr'><strong>qni-</strong></span> 
     </span>
    </p>
   </div>
   <div class='ocr_carea' id='block_1_30' title="bbox 2026 1579 3603 1651">
    <p class='ocr_par' dir='ltr' id='par_1_30' title="bbox 2026 1579 3603 1651">
     <span class='ocr_line' id='line_1_30' title="bbox 2026 1579 3603 1651; baseline 0.004 -18"><span class='ocrx_word' id='word_1_216' title='bbox 2026 1579 2131 1633; x_wconf 88' lang='lat' dir='ltr'><strong>bus</strong></span> <span class='ocrx_word' id='word_1_217' title='bbox 2150 1588 2265 1633; x_wconf 89' lang='lat' dir='ltr'><strong>erat</strong></span> <span class='ocrx_word' id='word_1_218' title='bbox 2292 1579 2535 1649; x_wconf 84' lang='lat' dir='ltr'><strong>ignotus,</strong></span> <span class='ocrx_word' id='word_1_219' title='bbox 2596 1580 2740 1634; x_wconf 88' lang='lat' dir='ltr'><strong>fama</strong></span> <span class='ocrx_word' id='word_1_220' title='bbox 2780 1596 2845 1636; x_wconf 90' lang='lat' dir='ltr'><strong>ac</strong></span> <span class='ocrx_word' id='word_1_221' title='bbox 2876 1596 3103 1637; x_wconf 86' lang='lat' dir='ltr'><strong>rumore</strong></span> <span class='ocrx_word' id='word_1_222' title='bbox 3149 1597 3247 1651; x_wconf 88' lang='lat' dir='ltr'><strong>per</strong></span> <span class='ocrx_word' id='word_1_223' title='bbox 3278 1584 3603 1639; x_wconf 85' lang='lat' dir='ltr'><strong>universum</strong></span> 
     </span>
    </p>
   </div>
   <div class='ocr_carea' id='block_1_31' title="bbox 2027 1671 3604 1743">
    <p class='ocr_par' dir='ltr' id='par_1_31' title="bbox 2027 1671 3604 1743">
     <span class='ocr_line' id='line_1_31' title="bbox 2027 1671 3604 1743; baseline 0.003 -18"><span class='ocrx_word' id='word_1_224' title='bbox 2027 1672 2215 1726; x_wconf 91' lang='lat' dir='ltr'><strong>orbem</strong></span> <span class='ocrx_word' id='word_1_225' title='bbox 2251 1671 2560 1727; x_wconf 84' lang='lat' dir='ltr'><strong>Romanum</strong></span> <span class='ocrx_word' id='word_1_226' title='bbox 2592 1674 2943 1730; x_wconf 88' lang='lat' dir='ltr'><strong>clarissimus</strong></span> <span class='ocrx_word' id='word_1_227' title='bbox 2981 1675 3268 1743; x_wconf 86' lang='lat' dir='ltr'><strong>evasisset,</strong></span> <span class='ocrx_word' id='word_1_228' title='bbox 3319 1683 3435 1730; x_wconf 92' lang='lat' dir='ltr'><strong>tum</strong></span> <span class='ocrx_word' id='word_1_229' title='bbox 3478 1692 3604 1730; x_wconf 91' lang='lat' dir='ltr'><strong>ora-</strong></span> 
     </span>
    </p>
   </div>
   <div class='ocr_carea' id='block_1_32' title="bbox 2028 1763 3606 1841">
    <p class='ocr_par' dir='ltr' id='par_1_32' title="bbox 2028 1763 3606 1841">
     <span class='ocr_line' id='line_1_32' title="bbox 2028 1763 3606 1841; baseline 0.008 -26"><span class='ocrx_word' id='word_1_230' title='bbox 2028 1763 2259 1826; x_wconf 89' lang='lat' dir='ltr'><strong>tionum,</strong></span> <span class='ocrx_word' id='word_1_231' title='bbox 2296 1773 2411 1818; x_wconf 88' lang='lat' dir='ltr'><strong>tum</strong></span> <span class='ocrx_word' id='word_1_232' title='bbox 2436 1765 2664 1821; x_wconf 90' lang='lat' dir='ltr'><strong>virtutis</strong></span> <span class='ocrx_word' id='word_1_233' title='bbox 2696 1780 2897 1833; x_wconf 87' lang='lat' dir='ltr'><strong>causa;</strong></span> <span class='ocrx_word' id='word_1_234' title='bbox 2940 1768 3174 1824; x_wconf 89' lang='lat' dir='ltr'><strong>idoneus</strong></span> <span class='ocrx_word' id='word_1_235' title='bbox 3215 1771 3369 1827; x_wconf 91' lang='lat' dir='ltr'><strong>visus</strong></span> <span class='ocrx_word' id='word_1_236' title='bbox 3396 1783 3481 1827; x_wconf 91' lang='lat' dir='ltr'><strong>est</strong></span> <span class='ocrx_word' id='word_1_237' title='bbox 3511 1774 3606 1841; x_wconf 89' lang='lat' dir='ltr'><strong>qui</strong></span> 
     </span>
    </p>
   </div>
   <div class='ocr_carea' id='block_1_33' title="bbox 2028 1855 3604 1931">
    <p class='ocr_par' dir='ltr' id='par_1_33' title="bbox 2028 1855 3604 1931">
     <span class='ocr_line' id='line_1_33' title="bbox 2028 1855 3604 1931; baseline 0.007 -22"><span class='ocrx_word' id='word_1_238' title='bbox 2028 1855 2706 1925; x_wconf 84' lang='lat' dir='ltr'><strong>Constantinopolitanam</strong></span> <span class='ocrx_word' id='word_1_239' title='bbox 2732 1857 3033 1915; x_wconf 81' lang='lat' dir='ltr'><strong>Ecclesiatn</strong></span> <span class='ocrx_word' id='word_1_240' title='bbox 3055 1862 3410 1930; x_wconf 83' lang='lat' dir='ltr'><strong>gubernaret.</strong></span> <span class='ocrx_word' id='word_1_241' title='bbox 3444 1864 3604 1931; x_wconf 84' lang='lat' dir='ltr'><strong>Quod</strong></span> 
     </span>
    </p>
   </div>
   <div class='ocr_carea' id='block_1_34' title="bbox 342 1944 2103 2024">
    <p class='ocr_par' dir='ltr' id='par_1_34' title="bbox 342 1944 2103 2024">
     <span class='ocr_line' id='line_1_34' title="bbox 342 1944 2103 2024; baseline -0.008 -13"><span class='ocrx_word' id='word_1_242' title='bbox 342 1976 455 2011; x_wconf 90' lang='grc' dir='ltr'>νον.</span> <span class='ocrx_word' id='word_1_243' title='bbox 496 1956 759 2009; x_wconf 76' lang='grc' dir='ltr'>Ἐνταῦθα</span> <span class='ocrx_word' id='word_1_244' title='bbox 799 1954 856 2006; x_wconf 83' lang='grc' dir='ltr'>δὲ</span> <span class='ocrx_word' id='word_1_245' title='bbox 905 1953 1179 2024; x_wconf 75' lang='grc' dir='ltr'>παραδοὺς</span> <span class='ocrx_word' id='word_1_246' title='bbox 1210 1950 1371 2004; x_wconf 83' lang='grc' dir='ltr'>αὑτὸν</span> <span class='ocrx_word' id='word_1_247' title='bbox 1404 1952 1515 2013; x_wconf 84' lang='grc' dir='ltr'>τοῖς</span> <span class='ocrx_word' id='word_1_248' title='bbox 1563 1949 1627 2003; x_wconf 81' lang='grc' dir='ltr'><strong>ἐκ</strong></span> <span class='ocrx_word' id='word_1_249' title='bbox 1662 1948 1924 2017; x_wconf 86' lang='grc' dir='ltr'>βασιλέως</span> <span class='ocrx_word' id='word_1_250' title='bbox 1956 1944 1997 1999; x_wconf 89' lang='grc' dir='ltr'>Β</span> <span class='ocrx_word' id='word_1_251' title='bbox 2026 1960 2103 1998; x_wconf 51' lang='grc' dir='ltr'><strong>θυι</strong></span> 
     </span>
    </p>
   </div>
   <div class='ocr_carea' id='block_1_35' title="bbox 1843 1944 3604 2024">
    <p class='ocr_par' dir='ltr' id='par_1_35' title="bbox 1843 1944 3604 2015">
     <span class='ocr_line' id='line_1_35' title="bbox 1843 1944 3604 2015; baseline 0.007 -18"><span class='ocrx_word' id='word_1_252' title='bbox 1843 1951 1924 2011; x_wconf 76' lang='grc' dir='ltr'>τως</span> <span class='ocrx_word' id='word_1_253' title='bbox 1956 1944 1997 1999; x_wconf 90' lang='grc' dir='ltr'>Β</span> <span class='ocrx_word' id='word_1_254' title='bbox 2026 1960 2150 1998; x_wconf 89' lang='lat' dir='ltr'><strong>cum</strong></span> <span class='ocrx_word' id='word_1_255' title='bbox 2190 1947 2430 2015; x_wconf 89' lang='lat' dir='ltr'><strong>populus</strong></span> <span class='ocrx_word' id='word_1_256' title='bbox 2461 1948 2627 2002; x_wconf 89' lang='lat' dir='ltr'><strong>simul</strong></span> <span class='ocrx_word' id='word_1_257' title='bbox 2667 1955 2721 2003; x_wconf 87' lang='lat' dir='ltr'><strong>et</strong></span> <span class='ocrx_word' id='word_1_258' title='bbox 2770 1948 2956 2004; x_wconf 88' lang='lat' dir='ltr'><strong>clerus</strong></span> <span class='ocrx_word' id='word_1_259' title='bbox 3011 1966 3124 2004; x_wconf 90' lang='lat' dir='ltr'><strong>uno</strong></span> <span class='ocrx_word' id='word_1_260' title='bbox 3177 1968 3456 2010; x_wconf 90' lang='lat' dir='ltr'><strong>consensu</strong></span> <span class='ocrx_word' id='word_1_261' title='bbox 3510 1956 3604 2009; x_wconf 90' lang='lat' dir='ltr'><strong>de-</strong></span> 
     </span>
    </p>
   </div>
   <div class='ocr_carea' id='block_1_36' title="bbox 344 2041 1923 2116">
    <p class='ocr_par' dir='ltr' id='par_1_36' title="bbox 344 2041 1923 2116">
     <span class='ocr_line' id='line_1_36' title="bbox 344 2041 1923 2116; baseline -0.006 -14"><span class='ocrx_word' id='word_1_262' title='bbox 344 2050 751 2111; x_wconf 84' lang='grc' dir='ltr'>ἀποσταλεῖσιν,</span> <span class='ocrx_word' id='word_1_263' title='bbox 773 2046 1123 2116; x_wconf 77' lang='grc' dir='ltr'>ἀνέστρεψεν.</span> <span class='ocrx_word' id='word_1_264' title='bbox 1163 2042 1350 2108; x_wconf 79' lang='grc' dir='ltr'>Ἔδοξε</span> <span class='ocrx_word' id='word_1_265' title='bbox 1384 2041 1440 2095; x_wconf 81' lang='grc' dir='ltr'><strong>δὲ</strong></span> <span class='ocrx_word' id='word_1_266' title='bbox 1464 2041 1531 2094; x_wconf 79' lang='grc' dir='ltr'>τὰ</span> <span class='ocrx_word' id='word_1_267' title='bbox 1574 2043 1702 2114; x_wconf 75' lang='grc' dir='ltr'>περὶ</span> <span class='ocrx_word' id='word_1_268' title='bbox 1730 2043 1923 2094; x_wconf 88' lang='grc' dir='ltr'>τούτου</span> 
     </span>
    </p>
   </div>
   <div class='ocr_carea' id='block_1_37' title="bbox 348 2131 1925 2210">
    <p class='ocr_par' dir='ltr' id='par_1_37' title="bbox 348 2131 1925 2210">
     <span class='ocr_line' id='line_1_37' title="bbox 348 2131 1925 2210; baseline -0.006 -16"><span class='ocrx_word' id='word_1_269' title='bbox 348 2142 528 2205; x_wconf 80' lang='grc' dir='ltr'>καλῶς</span> <span class='ocrx_word' id='word_1_270' title='bbox 557 2140 905 2210; x_wconf 75' lang='grc' dir='ltr'>διῳκηκέναι,</span> <span class='ocrx_word' id='word_1_271' title='bbox 932 2138 1060 2207; x_wconf 74' lang='grc' dir='ltr'>πρὶν</span> <span class='ocrx_word' id='word_1_272' title='bbox 1090 2134 1394 2204; x_wconf 80' lang='grc' dir='ltr'>Ἀντιοχέας</span> <span class='ocrx_word' id='word_1_273' title='bbox 1422 2134 1630 2203; x_wconf 82' lang='grc' dir='ltr'>μαθεῖν,</span> <span class='ocrx_word' id='word_1_274' title='bbox 1655 2131 1925 2203; x_wconf 86' lang='grc' dir='ltr'>χαλεπούς</span> 
     </span>
    </p>
   </div>
   <div class='ocr_carea' id='block_1_38' title="bbox 343 2221 1925 2303">
    <p class='ocr_par' dir='ltr' id='par_1_38' title="bbox 343 2221 1925 2303">
     <span class='ocr_line' id='line_1_38' title="bbox 343 2221 1925 2303; baseline -0.008 -17"><span class='ocrx_word' id='word_1_275' title='bbox 343 2250 407 2287; x_wconf 85' lang='grc' dir='ltr'><strong>τε</strong></span> <span class='ocrx_word' id='word_1_276' title='bbox 438 2233 566 2303; x_wconf 69' lang='grc' dir='ltr'>περὶ</span> <span class='ocrx_word' id='word_1_277' title='bbox 619 2232 832 2293; x_wconf 78' lang='grc' dir='ltr'>στάσεις</span> <span class='ocrx_word' id='word_1_278' title='bbox 856 2269 871 2293; x_wconf 94' lang='grc'><strong>,</strong></span> <span class='ocrx_word' id='word_1_279' title='bbox 916 2229 1011 2281; x_wconf 75' lang='grc' dir='ltr'>καὶ</span> <span class='ocrx_word' id='word_1_280' title='bbox 1040 2226 1232 2293; x_wconf 83' lang='grc' dir='ltr'>δήλους</span> <span class='ocrx_word' id='word_1_281' title='bbox 1262 2224 1452 2287; x_wconf 75' lang='grc' dir='ltr'>ὄντας,</span> <span class='ocrx_word' id='word_1_282' title='bbox 1488 2223 1563 2287; x_wconf 82' lang='grc' dir='ltr'>ὡς</span> <span class='ocrx_word' id='word_1_283' title='bbox 1592 2222 1652 2276; x_wconf 77' lang='grc' dir='ltr'>οὔ</span> <span class='ocrx_word' id='word_1_284' title='bbox 1694 2239 1823 2275; x_wconf 81' lang='grc' dir='ltr'>ποτε</span> <span class='ocrx_word' id='word_1_285' title='bbox 1860 2221 1925 2275; x_wconf 88' lang='grc' dir='ltr'><strong>ἂν</strong></span> 
     </span>
    </p>
   </div>
   <div class='ocr_carea' id='block_1_39' title="bbox 348 2313 1924 2389">
    <p class='ocr_par' dir='ltr' id='par_1_39' title="bbox 348 2313 1924 2389">
     <span class='ocr_line' id='line_1_39' title="bbox 348 2313 1924 2389; baseline -0.009 -10"><span class='ocrx_word' id='word_1_286' title='bbox 348 2328 573 2387; x_wconf 73' lang='grc' dir='ltr'>ἑκόντες</span> <span class='ocrx_word' id='word_1_287' title='bbox 635 2324 878 2375; x_wconf 80' lang='grc' dir='ltr'>Ἰωάννου</span> <span class='ocrx_word' id='word_1_288' title='bbox 918 2319 1344 2389; x_wconf 79' lang='grc' dir='ltr'>ἀπηλλάγησαν,</span> <span class='ocrx_word' id='word_1_289' title='bbox 1396 2316 1523 2387; x_wconf 72' lang='grc' dir='ltr'>πρὶν</span> <span class='ocrx_word' id='word_1_290' title='bbox 1580 2314 1771 2368; x_wconf 82' lang='grc' dir='ltr'>παθεῖν</span> <span class='ocrx_word' id='word_1_291' title='bbox 1806 2313 1924 2383; x_wconf 86' lang='grc' dir='ltr'>τιῆ</span> 
     </span>
    </p>
   </div>
   <div class='ocr_carea' id='block_1_40' title="bbox 346 2405 1928 2489">
    <p class='ocr_par' dir='ltr' id='par_1_40' title="bbox 346 2405 1928 2489">
     <span class='ocr_line' id='line_1_40' title="bbox 346 2405 1928 2489; baseline -0.01 -16"><span class='ocrx_word' id='word_1_292' title='bbox 346 2420 566 2489; x_wconf 79' lang='grc' dir='ltr'>δρᾶσαι.</span> <span class='ocrx_word' id='word_1_293' title='bbox 620 2417 705 2477; x_wconf 79' lang='grc' dir='ltr'>Ὠς</span> <span class='ocrx_word' id='word_1_294' title='bbox 729 2415 787 2468; x_wconf 76' lang='grc' dir='ltr'>δὲ</span> <span class='ocrx_word' id='word_1_295' title='bbox 821 2416 901 2476; x_wconf 82' lang='grc' dir='ltr'>εἰς</span> <span class='ocrx_word' id='word_1_296' title='bbox 939 2409 1513 2465; x_wconf 81' lang='grc' dir='ltr'>Κωνσταντινούπολιν</span> <span class='ocrx_word' id='word_1_297' title='bbox 1536 2406 1795 2475; x_wconf 83' lang='grc' dir='ltr'>ἀφίκετο,</span> <span class='ocrx_word' id='word_1_298' title='bbox 1834 2405 1928 2457; x_wconf 78' lang='grc' dir='ltr'><strong>καὶ</strong></span> 
     </span>
    </p>
   </div>
   <div class='ocr_carea' id='block_1_41' title="bbox 348 2499 1929 2580">
    <p class='ocr_par' dir='ltr' id='par_1_41' title="bbox 348 2499 1929 2580">
     <span class='ocr_line' id='line_1_41' title="bbox 348 2499 1929 2580; baseline -0.008 -16"><span class='ocrx_word' id='word_1_299' title='bbox 348 2514 401 2564; x_wconf 77' lang='grc' dir='ltr'>οἱ</span> <span class='ocrx_word' id='word_1_300' title='bbox 426 2510 717 2580; x_wconf 80' lang='grc' dir='ltr'>κληθέντες</span> <span class='ocrx_word' id='word_1_301' title='bbox 748 2509 912 2578; x_wconf 77' lang='grc' dir='ltr'>ἱερεῖς</span> <span class='ocrx_word' id='word_1_302' title='bbox 944 2503 1414 2574; x_wconf 76' lang='grc' dir='ltr'>συνεληλύθεισαν,</span> <span class='ocrx_word' id='word_1_303' title='bbox 1437 2499 1688 2570; x_wconf 72' lang='grc' dir='ltr'>ἐμποδὼν</span> <span class='ocrx_word' id='word_1_304' title='bbox 1712 2499 1929 2567; x_wconf 78' lang='grc' dir='ltr'>ἐγένετο</span> 
     </span>
    </p>
   </div>
   <div class='ocr_carea' id='block_1_42' title="bbox 350 2591 1923 2674">
    <p class='ocr_par' dir='ltr' id='par_1_42' title="bbox 350 2591 1923 2674">
     <span class='ocr_line' id='line_1_42' title="bbox 350 2591 1923 2674; baseline -0.008 -18"><span class='ocrx_word' id='word_1_305' title='bbox 350 2607 420 2674; x_wconf 82' lang='grc' dir='ltr'>τῇ</span> <span class='ocrx_word' id='word_1_306' title='bbox 478 2601 781 2672; x_wconf 71' lang='grc' dir='ltr'>χειροτονίᾳ</span> <span class='ocrx_word' id='word_1_307' title='bbox 825 2598 1082 2667; x_wconf 78' lang='grc' dir='ltr'>Θεόφιλος</span> <span class='ocrx_word' id='word_1_308' title='bbox 1118 2597 1235 2666; x_wconf 73' lang='grc'><strong>(4),</strong></span> <span class='ocrx_word' id='word_1_309' title='bbox 1278 2593 1535 2663; x_wconf 83' lang='grc' dir='ltr'>Ἰσιδώρῳ</span> <span class='ocrx_word' id='word_1_310' title='bbox 1590 2591 1923 2657; x_wconf 79' lang='grc' dir='ltr'>σπουδάζων.</span> 
     </span>
    </p>
   </div>
   <div class='ocr_carea' id='block_1_43' title="bbox 356 2686 1931 2764">
    <p class='ocr_par' dir='ltr' id='par_1_43' title="bbox 356 2686 1931 2764">
     <span class='ocr_line' id='line_1_43' title="bbox 356 2686 1931 2764; baseline -0.008 -15"><span class='ocrx_word' id='word_1_311' title='bbox 356 2695 456 2758; x_wconf 82' lang='grc' dir='ltr'>Ὃς</span> <span class='ocrx_word' id='word_1_312' title='bbox 484 2694 851 2764; x_wconf 77' lang='grc' dir='ltr'>πρεσϐύτερος</span> <span class='ocrx_word' id='word_1_313' title='bbox 879 2688 946 2761; x_wconf 83' lang='grc' dir='ltr'>ἦν</span> <span class='ocrx_word' id='word_1_314' title='bbox 978 2691 1099 2742; x_wconf 85' lang='grc' dir='ltr'>τότε</span> <span class='ocrx_word' id='word_1_315' title='bbox 1137 2689 1244 2743; x_wconf 85' lang='grc' dir='ltr'><strong>τῶν</strong></span> <span class='ocrx_word' id='word_1_316' title='bbox 1274 2688 1366 2740; x_wconf 80' lang='grc' dir='ltr'>ὑπ’</span> <span class='ocrx_word' id='word_1_317' title='bbox 1404 2688 1566 2739; x_wconf 59' lang='grc' dir='ltr'>αὐτὴν</span> <span class='ocrx_word' id='word_1_318' title='bbox 1589 2727 1605 2751; x_wconf 92' lang='grc'><strong>,</strong></span> <span class='ocrx_word' id='word_1_319' title='bbox 1640 2686 1931 2755; x_wconf 81' lang='grc' dir='ltr'>ἐπίτροπος</span> 
     </span>
    </p>
   </div>
   <div class='ocr_carea' id='block_1_44' title="bbox 352 2777 1929 2853">
    <p class='ocr_par' dir='ltr' id='par_1_44' title="bbox 352 2777 1929 2853">
     <span class='ocr_line' id='line_1_44' title="bbox 352 2777 1929 2853; baseline -0.008 -13"><span class='ocrx_word' id='word_1_320' title='bbox 352 2788 410 2841; x_wconf 80' lang='grc' dir='ltr'>δὲ</span> <span class='ocrx_word' id='word_1_321' title='bbox 444 2786 551 2839; x_wconf 82' lang='grc' dir='ltr'><strong>τῶν</strong></span> <span class='ocrx_word' id='word_1_322' title='bbox 580 2789 635 2838; x_wconf 83' lang='grc' dir='ltr'><strong>ὲν</strong></span> <span class='ocrx_word' id='word_1_323' title='bbox 677 2784 1058 2853; x_wconf 78' lang='grc' dir='ltr'>Ἀλεξανδρεία</span> <span class='ocrx_word' id='word_1_324' title='bbox 1088 2781 1253 2847; x_wconf 83' lang='grc' dir='ltr'>ξένων</span> <span class='ocrx_word' id='word_1_325' title='bbox 1279 2781 1374 2833; x_wconf 70' lang='grc' dir='ltr'><strong>καὶ</strong></span> <span class='ocrx_word' id='word_1_326' title='bbox 1402 2778 1652 2847; x_wconf 83' lang='grc' dir='ltr'>πτωχῶν.</span> <span class='ocrx_word' id='word_1_327' title='bbox 1685 2778 1779 2831; x_wconf 86' lang='grc' dir='ltr'>Ἐκ</span> <span class='ocrx_word' id='word_1_328' title='bbox 1809 2777 1929 2829; x_wconf 80' lang='grc' dir='ltr'>νέου</span> 
     </span>
    </p>
   </div>
   <div class='ocr_carea' id='block_1_45' title="bbox 354 2870 1929 2948">
    <p class='ocr_par' dir='ltr' id='par_1_45' title="bbox 354 2870 1929 2948">
     <span class='ocr_line' id='line_1_45' title="bbox 354 2870 1929 2948; baseline -0.008 -15"><span class='ocrx_word' id='word_1_329' title='bbox 354 2882 412 2933; x_wconf 82' lang='grc' dir='ltr'>δὲ</span> <span class='ocrx_word' id='word_1_330' title='bbox 447 2880 548 2933; x_wconf 78' lang='grc' dir='ltr'><strong>άνά</strong></span> <span class='ocrx_word' id='word_1_331' title='bbox 595 2878 693 2948; x_wconf 78' lang='grc' dir='ltr'><strong>τὴν</strong></span> <span class='ocrx_word' id='word_1_332' title='bbox 736 2877 933 2945; x_wconf 81' lang='grc' dir='ltr'>Σκῆτιν</span> <span class='ocrx_word' id='word_1_333' title='bbox 975 2874 1175 2945; x_wconf 81' lang='grc' dir='ltr'>ἄριστα</span> <span class='ocrx_word' id='word_1_334' title='bbox 1217 2870 1638 2941; x_wconf 76' lang='grc' dir='ltr'>ἐφιλοσόφησεν,</span> <span class='ocrx_word' id='word_1_335' title='bbox 1671 2870 1745 2931; x_wconf 82' lang='grc' dir='ltr'>ὡς</span> <span class='ocrx_word' id='word_1_336' title='bbox 1800 2870 1929 2939; x_wconf 83' lang='grc' dir='ltr'>παρ’</span> 
     </span>
    </p>
   </div>
   <div class='ocr_carea' id='block_1_46' title="bbox 356 2960 1933 3041">
    <p class='ocr_par' dir='ltr' id='par_1_46' title="bbox 356 2960 1933 3041">
     <span class='ocr_line' id='line_1_46' title="bbox 356 2960 1933 3041; baseline -0.006 -19"><span class='ocrx_word' id='word_1_337' title='bbox 356 2968 565 3041; x_wconf 76' lang='grc' dir='ltr'>ἀνδρῶν</span> <span class='ocrx_word' id='word_1_338' title='bbox 617 2967 764 3037; x_wconf 78' lang='grc' dir='ltr'>αὐτῷ</span> <span class='ocrx_word' id='word_1_339' title='bbox 819 2965 1231 3035; x_wconf 78' lang='grc' dir='ltr'>συγγενομένων</span> <span class='ocrx_word' id='word_1_340' title='bbox 1284 2962 1583 3032; x_wconf 75' lang='grc' dir='ltr'>ἐπυθόμην.</span> <span class='ocrx_word' id='word_1_341' title='bbox 1620 2962 1682 3014; x_wconf 83' lang='grc' dir='ltr'><strong>ΟΞ</strong></span> <span class='ocrx_word' id='word_1_342' title='bbox 1715 2960 1771 3013; x_wconf 80' lang='grc' dir='ltr'><strong>δέ</strong></span> <span class='ocrx_word' id='word_1_343' title='bbox 1800 2978 1933 3030; x_wconf 85' lang='grc' dir='ltr'>φασι</span> 
     </span>
    </p>
   </div>
   <div class='ocr_carea' id='block_1_47' title="bbox 358 3052 1933 3131">
    <p class='ocr_par' dir='ltr' id='par_1_47' title="bbox 358 3052 1933 3131">
     <span class='ocr_line' id='line_1_47' title="bbox 358 3052 1933 3131; baseline -0.007 -17"><span class='ocrx_word' id='word_1_344' title='bbox 358 3062 603 3131; x_wconf 76' lang='grc' dir='ltr'>Θεοφίλῳ</span> <span class='ocrx_word' id='word_1_345' title='bbox 648 3060 834 3112; x_wconf 79' lang='grc' dir='ltr'>τοῦτον</span> <span class='ocrx_word' id='word_1_346' title='bbox 879 3056 1135 3125; x_wconf 83' lang='grc' dir='ltr'>γενέσθαι</span> <span class='ocrx_word' id='word_1_347' title='bbox 1182 3054 1374 3124; x_wconf 78' lang='grc' dir='ltr'>φίλον,</span> <span class='ocrx_word' id='word_1_348' title='bbox 1423 3054 1496 3115; x_wconf 85' lang='grc' dir='ltr'>ὡς</span> <span class='ocrx_word' id='word_1_349' title='bbox 1528 3052 1784 3105; x_wconf 75' lang='grc' dir='ltr'>κοινωνὸν</span> <span class='ocrx_word' id='word_1_350' title='bbox 1838 3052 1933 3104; x_wconf 71' lang='grc' dir='ltr'><strong>καὶ</strong></span> 
     </span>
    </p>
   </div>
   <div class='ocr_carea' id='block_1_48' title="bbox 362 3142 1931 3221">
    <p class='ocr_par' dir='ltr' id='par_1_48' title="bbox 362 3142 1931 3221">
     <span class='ocr_line' id='line_1_48' title="bbox 362 3142 1931 3221; baseline -0.008 -15"><span class='ocrx_word' id='word_1_351' title='bbox 362 3154 652 3221; x_wconf 72' lang='grc' dir='ltr'>συνίστορα</span> <span class='ocrx_word' id='word_1_352' title='bbox 696 3151 1020 3220; x_wconf 80' lang='grc' dir='ltr'>πράγματος</span> <span class='ocrx_word' id='word_1_353' title='bbox 1072 3145 1411 3201; x_wconf 80' lang='grc' dir='ltr'>ἐπικινδύνου</span> <span class='ocrx_word' id='word_1_354' title='bbox 1462 3144 1775 3214; x_wconf 86' lang='grc' dir='ltr'>γενόμενον.</span> <span class='ocrx_word' id='word_1_355' title='bbox 1829 3142 1931 3195; x_wconf 81' lang='grc' dir='ltr'><strong>Λέ-</strong></span> 
     </span>
    </p>
   </div>
   <div class='ocr_carea' id='block_1_49' title="bbox 361 3234 1933 3314">
    <p class='ocr_par' dir='ltr' id='par_1_49' title="bbox 361 3234 1933 3314">
     <span class='ocr_line' id='line_1_49' title="bbox 361 3234 1933 3314; baseline -0.009 -15"><span class='ocrx_word' id='word_1_356' title='bbox 361 3264 517 3314; x_wconf 82' lang='grc' dir='ltr'>γουσι</span> <span class='ocrx_word' id='word_1_357' title='bbox 549 3245 678 3313; x_wconf 82' lang='grc' dir='ltr'><strong>γάρ,</strong></span> <span class='ocrx_word' id='word_1_358' title='bbox 721 3243 795 3305; x_wconf 81' lang='grc' dir='ltr'>ὡς</span> <span class='ocrx_word' id='word_1_359' title='bbox 830 3243 991 3312; x_wconf 81' lang='grc' dir='ltr'>ἡνίκα</span> <span class='ocrx_word' id='word_1_360' title='bbox 1016 3242 1043 3293; x_wconf 88' lang='grc' dir='ltr'>ὁ</span> <span class='ocrx_word' id='word_1_361' title='bbox 1078 3239 1212 3310; x_wconf 82' lang='grc' dir='ltr'>πρὸς</span> <span class='ocrx_word' id='word_1_362' title='bbox 1241 3238 1492 3307; x_wconf 81' lang='grc' dir='ltr'>Μάξιμον</span> <span class='ocrx_word' id='word_1_363' title='bbox 1529 3235 1810 3288; x_wconf 82' lang='grc' dir='ltr'>συνίστατο</span> <span class='ocrx_word' id='word_1_364' title='bbox 1837 3234 1933 3286; x_wconf 86' lang='grc' dir='ltr'><strong>πό-</strong></span> 
     </span>
    </p>
   </div>
   <div class='ocr_carea' id='block_1_50' title="bbox 359 3305 2008 3407">
    <p class='ocr_par' dir='ltr' id='par_1_50' title="bbox 359 3305 2008 3407">
     <span class='ocr_line' id='line_1_50' title="bbox 359 3305 2008 3407; baseline -0.007 -17"><span class='ocrx_word' id='word_1_365' title='bbox 359 3305 524 3407; x_wconf 80' lang='grc' dir='ltr'>λεμος</span> <span class='ocrx_word' id='word_1_366' title='bbox 548 3305 572 3401; x_wconf 47' lang='grc'>,’</span> <span class='ocrx_word' id='word_1_367' title='bbox 619 3305 764 3403; x_wconf 76' lang='grc' dir='ltr'>δῶρα</span> <span class='ocrx_word' id='word_1_368' title='bbox 800 3305 921 3395; x_wconf 76' lang='grc' dir='ltr'>δοὺς</span> <span class='ocrx_word' id='word_1_369' title='bbox 968 3305 1132 3399; x_wconf 39' lang='grc' dir='ltr'>αὐτῷ-</span> <span class='ocrx_word' id='word_1_370' title='bbox 1158 3305 1448 3397; x_wconf 79' lang='grc' dir='ltr'>Θεόφιλος,</span> <span class='ocrx_word' id='word_1_371' title='bbox 1494 3328 1589 3380; x_wconf 73' lang='grc' dir='ltr'><strong>καὶ</strong></span> <span class='ocrx_word' id='word_1_372' title='bbox 1642 3329 1941 3397; x_wconf 77' lang='grc' dir='ltr'>γράμματα</span> <span class='ocrx_word' id='word_1_373' title='bbox 1967 3305 2008 3362; x_wconf 80' lang='lat' dir='ltr'><strong>C&#39;</strong></span> 
     </span>
    </p>
   </div>
   <div class='ocr_carea' id='block_1_51' title="bbox 362 3418 1942 3499">
    <p class='ocr_par' dir='ltr' id='par_1_51' title="bbox 362 3418 1942 3499">
     <span class='ocr_line' id='line_1_51' title="bbox 362 3418 1942 3499; baseline -0.008 -18"><span class='ocrx_word' id='word_1_374' title='bbox 362 3428 500 3499; x_wconf 82' lang='grc' dir='ltr'>πρὸς</span> <span class='ocrx_word' id='word_1_375' title='bbox 527 3427 617 3479; x_wconf 74' lang='grc' dir='ltr'>τὸν</span> <span class='ocrx_word' id='word_1_376' title='bbox 650 3424 874 3494; x_wconf 82' lang='grc' dir='ltr'>βασιλέα</span> <span class='ocrx_word' id='word_1_377' title='bbox 914 3423 1007 3475; x_wconf 66' lang='grc' dir='ltr'><strong>καὶ</strong></span> <span class='ocrx_word' id='word_1_378' title='bbox 1032 3422 1122 3475; x_wconf 84' lang='grc' dir='ltr'><strong>τὸν</strong></span> <span class='ocrx_word' id='word_1_379' title='bbox 1150 3420 1412 3492; x_wconf 87' lang='grc' dir='ltr'>τύραννον</span> <span class='ocrx_word' id='word_1_380' title='bbox 1437 3457 1452 3483; x_wconf 98' lang='grc'><strong>,</strong></span> <span class='ocrx_word' id='word_1_381' title='bbox 1501 3418 1804 3470; x_wconf 80' lang='grc' dir='ltr'>ἐνετείλατο</span> <span class='ocrx_word' id='word_1_382' title='bbox 1841 3435 1942 3470; x_wconf 89' lang='grc' dir='ltr'>κα-</span> 
     </span>
    </p>
   </div>
   <div class='ocr_carea' id='block_1_52' title="bbox 362 3508 1946 3585">
    <p class='ocr_par' dir='ltr' id='par_1_52' title="bbox 362 3508 1946 3585">
     <span class='ocr_line' id='line_1_52' title="bbox 362 3508 1946 3585; baseline -0.014 -12"><span class='ocrx_word' id='word_1_383' title='bbox 362 3518 619 3573; x_wconf 79' lang='grc' dir='ltr'>ταλαϐεῖν</span> <span class='ocrx_word' id='word_1_384' title='bbox 652 3519 749 3585; x_wconf 77' lang='grc' dir='ltr'>τὴν</span> <span class='ocrx_word' id='word_1_385' title='bbox 781 3514 998 3583; x_wconf 80' lang='grc' dir='ltr'>Ῥώμην</span> <span class='ocrx_word' id='word_1_386' title='bbox 1020 3554 1033 3577; x_wconf 87' lang='grc'><strong>,</strong></span> <span class='ocrx_word' id='word_1_387' title='bbox 1056 3512 1151 3564; x_wconf 75' lang='grc' dir='ltr'><strong>καὶ</strong></span> <span class='ocrx_word' id='word_1_388' title='bbox 1178 3514 1488 3581; x_wconf 77' lang='grc' dir='ltr'>περιμεῖναι</span> <span class='ocrx_word' id='word_1_389' title='bbox 1512 3511 1610 3579; x_wconf 85' lang='grc' dir='ltr'><strong>τῆς</strong></span> <span class='ocrx_word' id='word_1_390' title='bbox 1642 3509 1820 3579; x_wconf 77' lang='grc' dir='ltr'>μάχης</span> <span class='ocrx_word' id='word_1_391' title='bbox 1847 3508 1946 3580; x_wconf 70' lang='grc' dir='ltr'><strong>τὴν</strong></span> 
     </span>
    </p>
   </div>
   <div class='ocr_carea' id='block_1_53' title="bbox 364 3602 1947 3675">
    <p class='ocr_par' dir='ltr' id='par_1_53' title="bbox 364 3602 1947 3675">
     <span class='ocr_line' id='line_1_53' title="bbox 364 3602 1947 3675; baseline -0.006 -12"><span class='ocrx_word' id='word_1_392' title='bbox 364 3611 652 3671; x_wconf 69' lang='grc' dir='ltr'>ἀπόϐασιν,</span> <span class='ocrx_word' id='word_1_393' title='bbox 691 3610 781 3659; x_wconf 72' lang='grc' dir='ltr'>καὶ</span> <span class='ocrx_word' id='word_1_394' title='bbox 810 3606 886 3675; x_wconf 76' lang='grc' dir='ltr'>τῷ</span> <span class='ocrx_word' id='word_1_395' title='bbox 916 3607 1201 3673; x_wconf 84' lang='grc' dir='ltr'>νικήσαντι</span> <span class='ocrx_word' id='word_1_396' title='bbox 1232 3604 1428 3655; x_wconf 78' lang='grc' dir='ltr'>διδόναι</span> <span class='ocrx_word' id='word_1_397' title='bbox 1463 3603 1599 3672; x_wconf 80' lang='grc' dir='ltr'><strong>μετά</strong></span> <span class='ocrx_word' id='word_1_398' title='bbox 1626 3602 1732 3655; x_wconf 81' lang='grc' dir='ltr'><strong>τῶν</strong></span> <span class='ocrx_word' id='word_1_399' title='bbox 1767 3619 1947 3672; x_wconf 85' lang='grc' dir='ltr'>γραμ-</span> 
     </span>
    </p>
   </div>
   <div class='ocr_carea' id='block_1_54' title="bbox 371 3692 1944 3770">
    <p class='ocr_par' dir='ltr' id='par_1_54' title="bbox 371 3692 1944 3770">
     <span class='ocr_line' id='line_1_54' title="bbox 371 3692 1944 3770; baseline -0.006 -17"><span class='ocrx_word' id='word_1_400' title='bbox 371 3704 553 3770; x_wconf 80' lang='grc' dir='ltr'>μάτων</span> <span class='ocrx_word' id='word_1_401' title='bbox 575 3699 643 3750; x_wconf 84' lang='grc' dir='ltr'><strong>τά</strong></span> <span class='ocrx_word' id='word_1_402' title='bbox 664 3699 831 3767; x_wconf 69' lang='grc' dir='ltr'>δῶρα,</span> <span class='ocrx_word' id='word_1_403' title='bbox 871 3697 973 3749; x_wconf 77' lang='grc' dir='ltr'><strong>Τὸν</strong></span> <span class='ocrx_word' id='word_1_404' title='bbox 1007 3695 1061 3747; x_wconf 80' lang='grc' dir='ltr'><strong>δὲ</strong></span> <span class='ocrx_word' id='word_1_405' title='bbox 1088 3733 1101 3757; x_wconf 92' lang='grc'><strong>,</strong></span> <span class='ocrx_word' id='word_1_406' title='bbox 1151 3695 1277 3746; x_wconf 79' lang='grc' dir='ltr'>τάδε</span> <span class='ocrx_word' id='word_1_407' title='bbox 1304 3694 1605 3762; x_wconf 81' lang='grc' dir='ltr'>ποιήσαντα</span> <span class='ocrx_word' id='word_1_408' title='bbox 1647 3693 1720 3762; x_wconf 75' lang='grc' dir='ltr'>μὴ</span> <span class='ocrx_word' id='word_1_409' title='bbox 1760 3692 1944 3745; x_wconf 86' lang='grc' dir='ltr'>διαλα-</span> 
     </span>
    </p>
   </div>
   <div class='ocr_carea' id='block_1_55' title="bbox 365 3785 1940 3855">
    <p class='ocr_par' dir='ltr' id='par_1_55' title="bbox 365 3785 1940 3855">
     <span class='ocr_line' id='line_1_55' title="bbox 365 3785 1940 3855; baseline -0.004 -11"><span class='ocrx_word' id='word_1_410' title='bbox 365 3794 497 3854; x_wconf 85' lang='grc' dir='ltr'>θεῖν,</span> <span class='ocrx_word' id='word_1_411' title='bbox 531 3789 784 3843; x_wconf 83' lang='grc' dir='ltr'>δείσαντά</span> <span class='ocrx_word' id='word_1_412' title='bbox 810 3806 889 3851; x_wconf 87' lang='grc' dir='ltr'><strong>τε,</strong></span> <span class='ocrx_word' id='word_1_413' title='bbox 930 3786 1144 3855; x_wconf 76' lang='grc' dir='ltr'>φυγάδα</span> <span class='ocrx_word' id='word_1_414' title='bbox 1174 3788 1253 3848; x_wconf 82' lang='grc' dir='ltr'>εἰς</span> <span class='ocrx_word' id='word_1_415' title='bbox 1281 3786 1686 3854; x_wconf 76' lang='grc' dir='ltr'>Ἀλεξάνδρειαν</span> <span class='ocrx_word' id='word_1_416' title='bbox 1716 3785 1940 3837; x_wconf 75' lang='grc' dir='ltr'>ἐπανελο</span> 
     </span>
    </p>
   </div>
   <div class='ocr_carea' id='block_1_56' title="bbox 367 3878 1940 3948">
    <p class='ocr_par' dir='ltr' id='par_1_56' title="bbox 367 3878 1940 3948">
     <span class='ocr_line' id='line_1_56' title="bbox 367 3878 1940 3948; baseline -0.005 -11"><span class='ocrx_word' id='word_1_417' title='bbox 367 3887 501 3937; x_wconf 82' lang='grc' dir='ltr'>θεῖν.</span> <span class='ocrx_word' id='word_1_418' title='bbox 551 3883 637 3948; x_wconf 79' lang='grc' dir='ltr'><strong>Ἐξ</strong></span> <span class='ocrx_word' id='word_1_419' title='bbox 670 3882 877 3933; x_wconf 80' lang='grc' dir='ltr'>ἐκείνου</span> <span class='ocrx_word' id='word_1_420' title='bbox 907 3880 977 3931; x_wconf 83' lang='grc' dir='ltr'>δὲ-</span> <span class='ocrx_word' id='word_1_421' title='bbox 1001 3879 1255 3947; x_wconf 83' lang='grc' dir='ltr'>Θεόφιλον</span> <span class='ocrx_word' id='word_1_422' title='bbox 1287 3878 1394 3930; x_wconf 84' lang='grc' dir='ltr'>τῶν</span> <span class='ocrx_word' id='word_1_423' title='bbox 1429 3878 1574 3947; x_wconf 74' lang='grc' dir='ltr'>αὐτῷ</span> <span class='ocrx_word' id='word_1_424' title='bbox 1606 3878 1940 3930; x_wconf 82' lang='grc' dir='ltr'>πιστοτάτων</span> 
     </span>
    </p>
   </div>
   <div class='ocr_carea' id='block_1_57' title="bbox 364 3970 1938 4045">
    <p class='ocr_par' dir='ltr' id='par_1_57' title="bbox 364 3970 1938 4045">
     <span class='ocr_line' id='line_1_57' title="bbox 364 3970 1938 4045; baseline -0.006 -15"><span class='ocrx_word' id='word_1_425' title='bbox 364 3978 457 4030; x_wconf 72' lang='grc' dir='ltr'>τὸν</span> <span class='ocrx_word' id='word_1_426' title='bbox 490 3976 656 4045; x_wconf 84' lang='grc' dir='ltr'>ἄνδρα</span> <span class='ocrx_word' id='word_1_427' title='bbox 687 3974 1075 4042; x_wconf 82' lang='grc' dir='ltr'>ποιησάμενον,</span> <span class='ocrx_word' id='word_1_428' title='bbox 1101 3973 1179 4034; x_wconf 81' lang='grc' dir='ltr'>εἰς</span> <span class='ocrx_word' id='word_1_429' title='bbox 1206 3972 1393 4041; x_wconf 77' lang='grc' dir='ltr'>καιρὸν</span> <span class='ocrx_word' id='word_1_430' title='bbox 1423 3970 1639 4039; x_wconf 87' lang='grc' dir='ltr'>νομίσαι</span> <span class='ocrx_word' id='word_1_431' title='bbox 1669 3970 1776 4023; x_wconf 76' lang='grc' dir='ltr'><strong>τῶν</strong></span> <span class='ocrx_word' id='word_1_432' title='bbox 1800 3970 1938 4040; x_wconf 82' lang='grc' dir='ltr'>ὑπὲρ</span> 
     </span>
    </p>
   </div>
   <div class='ocr_carea' id='block_1_58' title="bbox 365 4061 1942 4131">
    <p class='ocr_par' dir='ltr' id='par_1_58' title="bbox 365 4061 1942 4131">
     <span class='ocr_line' id='line_1_58' title="bbox 365 4061 1942 4131; baseline -0.003 -12"><span class='ocrx_word' id='word_1_433' title='bbox 365 4067 529 4120; x_wconf 70' lang='grc' dir='ltr'>αὑτοῦ</span> <span class='ocrx_word' id='word_1_434' title='bbox 562 4066 821 4119; x_wconf 84' lang='grc' dir='ltr'>κινδύνων</span> <span class='ocrx_word' id='word_1_435' title='bbox 850 4063 1139 4117; x_wconf 77' lang='grc' dir='ltr'>ἀποδοῦναι</span> <span class='ocrx_word' id='word_1_436' title='bbox 1168 4062 1266 4130; x_wconf 80' lang='grc' dir='ltr'>τὴν</span> <span class='ocrx_word' id='word_1_437' title='bbox 1294 4061 1526 4131; x_wconf 79' lang='grc' dir='ltr'>ἀμοιϐήν</span> <span class='ocrx_word' id='word_1_438' title='bbox 1553 4099 1567 4121; x_wconf 86' lang='grc'><strong>,</strong></span> <span class='ocrx_word' id='word_1_439' title='bbox 1600 4063 1647 4112; x_wconf 85' lang='grc' dir='ltr'>εἰ</span> <span class='ocrx_word' id='word_1_440' title='bbox 1670 4062 1767 4130; x_wconf 79' lang='grc' dir='ltr'><strong>τῆς</strong></span> <span class='ocrx_word' id='word_1_441' title='bbox 1788 4064 1942 4114; x_wconf 84' lang='grc' dir='ltr'>Κων-</span> 
     </span>
    </p>
   </div>
   <div class='ocr_carea' id='block_1_59' title="bbox 372 4154 1937 4222">
    <p class='ocr_par' dir='ltr' id='par_1_59' title="bbox 372 4154 1937 4222">
     <span class='ocr_line' id='line_1_59' title="bbox 372 4154 1937 4222; baseline -0.004 -11"><span class='ocrx_word' id='word_1_442' title='bbox 372 4157 859 4219; x_wconf 79' lang='grc' dir='ltr'>σταντινουπὸλεως</span> <span class='ocrx_word' id='word_1_443' title='bbox 931 4154 1227 4207; x_wconf 79' lang='grc' dir='ltr'>ἐπίσκοπον</span> <span class='ocrx_word' id='word_1_444' title='bbox 1299 4154 1463 4207; x_wconf 76' lang='grc' dir='ltr'>αὑτὸν</span> <span class='ocrx_word' id='word_1_445' title='bbox 1524 4154 1937 4222; x_wconf 83' lang='grc' dir='ltr'>καταστήσειεν.</span> 
     </span>
    </p>
   </div>
   <div class='ocr_carea' id='block_1_60' title="bbox 382 4254 1941 4325">
    <p class='ocr_par' dir='ltr' id='par_1_60' title="bbox 382 4254 1941 4325">
     <span class='ocr_line' id='line_1_60' title="bbox 382 4254 1941 4325; baseline -0.002 -16"><span class='ocrx_word' id='word_1_446' title='bbox 382 4257 520 4309; x_wconf 83' lang='grc' dir='ltr'>Ἀλλ’</span> <span class='ocrx_word' id='word_1_447' title='bbox 550 4257 659 4308; x_wconf 79' lang='grc' dir='ltr'>εἴτε</span> <span class='ocrx_word' id='word_1_448' title='bbox 691 4254 941 4307; x_wconf 79' lang='grc' dir='ltr'>ἐντεῦθεν</span> <span class='ocrx_word' id='word_1_449' title='bbox 966 4295 980 4320; x_wconf 91' lang='grc'><strong>,</strong></span> <span class='ocrx_word' id='word_1_450' title='bbox 1011 4256 1119 4307; x_wconf 79' lang='grc' dir='ltr'>εἴτε</span> <span class='ocrx_word' id='word_1_451' title='bbox 1151 4254 1227 4316; x_wconf 80' lang='grc' dir='ltr'>ὡς</span> <span class='ocrx_word' id='word_1_452' title='bbox 1259 4254 1425 4324; x_wconf 78' lang='grc' dir='ltr'>ἄνδρα</span> <span class='ocrx_word' id='word_1_453' title='bbox 1456 4254 1659 4320; x_wconf 79' lang='grc' dir='ltr'>ἀγαθὸν</span> <span class='ocrx_word' id='word_1_454' title='bbox 1701 4271 1941 4325; x_wconf 87' lang='grc' dir='ltr'>χειροτο-</span> 
     </span>
    </p>
   </div>
   <div class='ocr_carea' id='block_1_61' title="bbox 371 4345 1945 4416">
    <p class='ocr_par' dir='ltr' id='par_1_61' title="bbox 371 4345 1945 4416">
     <span class='ocr_line' id='line_1_61' title="bbox 371 4345 1945 4416; baseline -0.002 -15"><span class='ocrx_word' id='word_1_455' title='bbox 371 4349 482 4401; x_wconf 77' lang='grc' dir='ltr'>νεῖν</span> <span class='ocrx_word' id='word_1_456' title='bbox 516 4346 701 4400; x_wconf 76' lang='grc' dir='ltr'>τοῦτον</span> <span class='ocrx_word' id='word_1_457' title='bbox 731 4345 990 4415; x_wconf 74' lang='grc' dir='ltr'>ἠϐούλετο</span> <span class='ocrx_word' id='word_1_458' title='bbox 1026 4345 1288 4415; x_wconf 85' lang='grc' dir='ltr'>Θεόφιλος</span> <span class='ocrx_word' id='word_1_459' title='bbox 1315 4386 1329 4409; x_wconf 96' lang='grc'><strong>,</strong></span> <span class='ocrx_word' id='word_1_460' title='bbox 1354 4345 1660 4398; x_wconf 79' lang='grc' dir='ltr'>τελευταῖον</span> <span class='ocrx_word' id='word_1_461' title='bbox 1688 4347 1945 4416; x_wconf 70' lang='grc' dir='ltr'>συνῄνεσε</span> 
     </span>
    </p>
   </div>
   <div class='ocr_carea' id='block_1_62' title="bbox 369 4436 1945 4509">
    <p class='ocr_par' dir='ltr' id='par_1_62' title="bbox 369 4436 1945 4509">
     <span class='ocr_line' id='line_1_62' title="bbox 369 4436 1945 4509; baseline -0.003 -17"><span class='ocrx_word' id='word_1_462' title='bbox 369 4442 481 4503; x_wconf 86' lang='grc' dir='ltr'>τοῖς</span> <span class='ocrx_word' id='word_1_463' title='bbox 535 4440 628 4491; x_wconf 76' lang='grc' dir='ltr'>ἐπὶ</span> <span class='ocrx_word' id='word_1_464' title='bbox 689 4439 909 4508; x_wconf 78' lang='grc' dir='ltr'>Ἰωάννῃ</span> <span class='ocrx_word' id='word_1_465' title='bbox 944 4437 1321 4505; x_wconf 79' lang='grc' dir='ltr'>δεδογμένοις’</span> <span class='ocrx_word' id='word_1_466' title='bbox 1369 4436 1606 4506; x_wconf 82' lang='grc' dir='ltr'>ἀτεχνῶς</span> <span class='ocrx_word' id='word_1_467' title='bbox 1655 4437 1827 4509; x_wconf 80' lang='grc' dir='ltr'>ταύτῃ</span> <span class='ocrx_word' id='word_1_468' title='bbox 1880 4439 1945 4508; x_wconf 77' lang='grc' dir='ltr'>τῇ</span> 
     </span>
    </p>
   </div>
   <div class='ocr_carea' id='block_1_63' title="bbox 2032 2038 3607 2114">
    <p class='ocr_par' dir='ltr' id='par_1_63' title="bbox 2032 2038 3607 2114">
     <span class='ocr_line' id='line_1_63' title="bbox 2032 2038 3607 2114; baseline 0.007 -23"><span class='ocrx_word' id='word_1_469' title='bbox 2032 2038 2377 2103; x_wconf 83' lang='lat' dir='ltr'><strong>crevissent,</strong></span> <span class='ocrx_word' id='word_1_470' title='bbox 2433 2039 2733 2110; x_wconf 90' lang='lat' dir='ltr'><strong>imperator</strong></span> <span class='ocrx_word' id='word_1_471' title='bbox 2786 2057 3008 2112; x_wconf 90' lang='lat' dir='ltr'><strong>quoque</strong></span> <span class='ocrx_word' id='word_1_472' title='bbox 3053 2045 3459 2114; x_wconf 80' lang='lat' dir='ltr'><strong>comprobavit,</strong></span> <span class='ocrx_word' id='word_1_473' title='bbox 3500 2050 3607 2103; x_wconf 88' lang='lat' dir='ltr'><strong>mi-</strong></span> 
     </span>
    </p>
   </div>
   <div class='ocr_carea' id='block_1_64' title="bbox 2032 2131 3608 2209">
    <p class='ocr_par' dir='ltr' id='par_1_64' title="bbox 2032 2131 3608 2209">
     <span class='ocr_line' id='line_1_64' title="bbox 2032 2131 3608 2209; baseline 0.008 -27"><span class='ocrx_word' id='word_1_474' title='bbox 2032 2131 2213 2200; x_wconf 83' lang='lat' dir='ltr'><strong>sitque</strong></span> <span class='ocrx_word' id='word_1_475' title='bbox 2241 2131 2333 2201; x_wconf 93' lang='lat' dir='ltr'><strong>qui</strong></span> <span class='ocrx_word' id='word_1_476' title='bbox 2362 2147 2486 2186; x_wconf 92' lang='lat' dir='ltr'><strong>eum</strong></span> <span class='ocrx_word' id='word_1_477' title='bbox 2525 2132 2890 2188; x_wconf 89' lang='lat' dir='ltr'><strong>adducerent.</strong></span> <span class='ocrx_word' id='word_1_478' title='bbox 2943 2134 3344 2206; x_wconf 87' lang='lat' dir='ltr'><strong>Episcoporum</strong></span> <span class='ocrx_word' id='word_1_479' title='bbox 3382 2152 3608 2209; x_wconf 83' lang='lat' dir='ltr'><strong>praeter-</strong></span> 
     </span>
    </p>
   </div>
   <div class='ocr_carea' id='block_1_65' title="bbox 2032 2223 3607 2297">
    <p class='ocr_par' dir='ltr' id='par_1_65' title="bbox 2032 2223 3607 2297">
     <span class='ocr_line' id='line_1_65' title="bbox 2032 2223 3607 2297; baseline 0.006 -21"><span class='ocrx_word' id='word_1_480' title='bbox 2032 2238 2093 2276; x_wconf 90' lang='lat' dir='ltr'><strong>ea</strong></span> <span class='ocrx_word' id='word_1_481' title='bbox 2135 2223 2405 2293; x_wconf 90' lang='lat' dir='ltr'><strong>synodum</strong></span> <span class='ocrx_word' id='word_1_482' title='bbox 2437 2225 2784 2289; x_wconf 87' lang='lat' dir='ltr'><strong>convocavit,</strong></span> <span class='ocrx_word' id='word_1_483' title='bbox 2820 2234 2880 2279; x_wconf 94' lang='lat' dir='ltr'><strong>ut</strong></span> <span class='ocrx_word' id='word_1_484' title='bbox 2914 2241 2980 2281; x_wconf 91' lang='lat' dir='ltr'><strong>eo</strong></span> <span class='ocrx_word' id='word_1_485' title='bbox 3035 2236 3196 2297; x_wconf 92' lang='lat' dir='ltr'><strong>pacto</strong></span> <span class='ocrx_word' id='word_1_486' title='bbox 3246 2229 3607 2285; x_wconf 88' lang='lat' dir='ltr'><strong>illustriorem</strong></span> 
     </span>
    </p>
   </div>
   <div class='ocr_carea' id='block_1_66' title="bbox 2034 2316 3611 2391">
    <p class='ocr_par' dir='ltr' id='par_1_66' title="bbox 2034 2316 3611 2391">
     <span class='ocr_line' id='line_1_66' title="bbox 2034 2316 3611 2391; baseline 0.007 -22"><span class='ocrx_word' id='word_1_487' title='bbox 2034 2316 2284 2371; x_wconf 88' lang='lat' dir='ltr'><strong>redderet</strong></span> <span class='ocrx_word' id='word_1_488' title='bbox 2316 2317 2438 2385; x_wconf 89' lang='lat' dir='ltr'><strong>ejus</strong></span> <span class='ocrx_word' id='word_1_489' title='bbox 2471 2316 2903 2374; x_wconf 82' lang='lat' dir='ltr'><strong>ordinationem.</strong></span> <span class='ocrx_word' id='word_1_490' title='bbox 2940 2318 3059 2374; x_wconf 88' lang='lat' dir='ltr'><strong>Non</strong></span> <span class='ocrx_word' id='word_1_491' title='bbox 3112 2321 3289 2375; x_wconf 89' lang='lat' dir='ltr'><strong>multo</strong></span> <span class='ocrx_word' id='word_1_492' title='bbox 3340 2332 3464 2391; x_wconf 86' lang='lat' dir='ltr'><strong>post</strong></span> <span class='ocrx_word' id='word_1_493' title='bbox 3512 2327 3611 2380; x_wconf 78' lang='lat' dir='ltr'><strong>As-</strong></span> 
     </span>
    </p>
   </div>
   <div class='ocr_carea' id='block_1_67' title="bbox 2034 2406 3611 2482">
    <p class='ocr_par' dir='ltr' id='par_1_67' title="bbox 2034 2406 3611 2482">
     <span class='ocr_line' id='line_1_67' title="bbox 2034 2406 3611 2482; baseline 0.01 -23"><span class='ocrx_word' id='word_1_494' title='bbox 2034 2406 2209 2462; x_wconf 88' lang='lat' dir='ltr'><strong>terius</strong></span> <span class='ocrx_word' id='word_1_495' title='bbox 2240 2422 2425 2461; x_wconf 89' lang='lat' dir='ltr'><strong>comes</strong></span> <span class='ocrx_word' id='word_1_496' title='bbox 2473 2407 2739 2475; x_wconf 90' lang='lat' dir='ltr'><strong>Orientis,</strong></span> <span class='ocrx_word' id='word_1_497' title='bbox 2798 2425 2925 2464; x_wconf 93' lang='lat' dir='ltr'><strong>cum</strong></span> <span class='ocrx_word' id='word_1_498' title='bbox 2994 2412 3346 2482; x_wconf 87' lang='lat' dir='ltr'><strong>imperatoris</strong></span> <span class='ocrx_word' id='word_1_499' title='bbox 3398 2417 3611 2474; x_wconf 89' lang='lat' dir='ltr'><strong>litteras</strong></span> 
     </span>
    </p>
   </div>
   <div class='ocr_carea' id='block_1_68' title="bbox 2034 2500 3650 2581">
    <p class='ocr_par' dir='ltr' id='par_1_68' title="bbox 2034 2500 3650 2581">
     <span class='ocr_line' id='line_1_68' title="bbox 2034 2500 3650 2581; baseline 0.009 -29"><span class='ocrx_word' id='word_1_500' title='bbox 2034 2500 2363 2569; x_wconf 85' lang='lat' dir='ltr'><strong>accepisset,</strong></span> <span class='ocrx_word' id='word_1_501' title='bbox 2388 2500 2655 2556; x_wconf 90' lang='lat' dir='ltr'><strong>Joannem</strong></span> <span class='ocrx_word' id='word_1_502' title='bbox 2689 2503 2755 2558; x_wconf 92' lang='lat' dir='ltr'><strong>ad</strong></span> <span class='ocrx_word' id='word_1_503' title='bbox 2800 2520 2859 2559; x_wconf 87' lang='lat' dir='ltr'><strong>se</strong></span> <span class='ocrx_word' id='word_1_504' title='bbox 2882 2506 3285 2577; x_wconf 85' lang='lat' dir='ltr'><strong>accivit,quasi</strong></span> <span class='ocrx_word' id='word_1_505' title='bbox 3324 2510 3609 2581; x_wconf 87' lang='lat' dir='ltr'><strong>quidpiam</strong></span> <span class='ocrx_word' id='word_1_506' title='bbox 3647 2544 3650 2547; x_wconf 60' lang='grc' dir='ltr'><em>η</em></span> 
     </span>
    </p>
   </div>
   <div class='ocr_carea' id='block_1_69' title="bbox 2036 2594 3610 2667">
    <p class='ocr_par' dir='ltr' id='par_1_69' title="bbox 2036 2594 3610 2667">
     <span class='ocr_line' id='line_1_69' title="bbox 2036 2594 3610 2667; baseline 0.008 -22"><span class='ocrx_word' id='word_1_507' title='bbox 2036 2594 2105 2645; x_wconf 89' lang='lat' dir='ltr'><strong>ah</strong></span> <span class='ocrx_word' id='word_1_508' title='bbox 2134 2608 2199 2646; x_wconf 91' lang='lat' dir='ltr'><strong>eo</strong></span> <span class='ocrx_word' id='word_1_509' title='bbox 2238 2594 2644 2663; x_wconf 87' lang='lat' dir='ltr'><strong>postulaturus.</strong></span> <span class='ocrx_word' id='word_1_510' title='bbox 2686 2594 2943 2661; x_wconf 87' lang='lat' dir='ltr'><strong>Quicum</strong></span> <span class='ocrx_word' id='word_1_511' title='bbox 2998 2600 3261 2667; x_wconf 86' lang='lat' dir='ltr'><strong>venisset,</strong></span> <span class='ocrx_word' id='word_1_512' title='bbox 3313 2602 3610 2659; x_wconf 81' lang='lat' dir='ltr'><strong>confestim</strong></span> 
     </span>
    </p>
   </div>
   <div class='ocr_carea' id='block_1_70' title="bbox 2035 2685 3612 2764">
    <p class='ocr_par' dir='ltr' id='par_1_70' title="bbox 2035 2685 3612 2764">
     <span class='ocr_line' id='line_1_70' title="bbox 2035 2685 3612 2764; baseline 0.007 -26"><span class='ocrx_word' id='word_1_513' title='bbox 2035 2685 2290 2740; x_wconf 83' lang='lat' dir='ltr'><strong>Asterius</strong></span> <span class='ocrx_word' id='word_1_514' title='bbox 2322 2701 2447 2740; x_wconf 90' lang='lat' dir='ltr'><strong>eum</strong></span> <span class='ocrx_word' id='word_1_515' title='bbox 2473 2702 2579 2739; x_wconf 90' lang='lat' dir='ltr'><strong>una</strong></span> <span class='ocrx_word' id='word_1_516' title='bbox 2630 2702 2818 2741; x_wconf 89' lang='lat' dir='ltr'><strong>secum</strong></span> <span class='ocrx_word' id='word_1_517' title='bbox 2859 2688 2913 2743; x_wconf 94' lang='lat' dir='ltr'><strong>in</strong></span> <span class='ocrx_word' id='word_1_518' title='bbox 2968 2691 3279 2746; x_wconf 87' lang='lat' dir='ltr'><strong>vehiculum</strong></span> <span class='ocrx_word' id='word_1_519' title='bbox 3328 2694 3612 2764; x_wconf 81' lang='lat' dir='ltr'><strong>imposuit,</strong></span> 
     </span>
    </p>
   </div>
   <div class='ocr_carea' id='block_1_71' title="bbox 2037 2775 3615 2856">
    <p class='ocr_par' dir='ltr' id='par_1_71' title="bbox 2037 2775 3615 2856">
     <span class='ocr_line' id='line_1_71' title="bbox 2037 2775 3615 2856; baseline 0.008 -28"><span class='ocrx_word' id='word_1_520' title='bbox 2037 2784 2091 2829; x_wconf 90' lang='lat' dir='ltr'><strong>et</strong></span> <span class='ocrx_word' id='word_1_521' title='bbox 2120 2777 2337 2830; x_wconf 83' lang='lat' dir='ltr'><strong>concito</strong></span> <span class='ocrx_word' id='word_1_522' title='bbox 2361 2791 2530 2831; x_wconf 88' lang='lat' dir='ltr'><strong>cursu</strong></span> <span class='ocrx_word' id='word_1_523' title='bbox 2564 2775 2770 2847; x_wconf 88' lang='lat' dir='ltr'><strong>Pagrns</strong></span> <span class='ocrx_word' id='word_1_524' title='bbox 2807 2794 2986 2850; x_wconf 90' lang='lat' dir='ltr'><strong>usque</strong></span> <span class='ocrx_word' id='word_1_525' title='bbox 3011 2795 3135 2835; x_wconf 89' lang='lat' dir='ltr'><strong>eum</strong></span> <span class='ocrx_word' id='word_1_526' title='bbox 3187 2781 3436 2849; x_wconf 85' lang='lat' dir='ltr'><strong>deduxit,</strong></span> <span class='ocrx_word' id='word_1_527' title='bbox 3490 2802 3615 2856; x_wconf 81' lang='lat' dir='ltr'><strong>quze</strong></span> 
     </span>
    </p>
   </div>
   <div class='ocr_carea' id='block_1_72' title="bbox 2038 2867 3615 2947">
    <p class='ocr_par' dir='ltr' id='par_1_72' title="bbox 2038 2867 3615 2947">
     <span class='ocr_line' id='line_1_72' title="bbox 2038 2867 3615 2947; baseline 0.007 -25"><span class='ocrx_word' id='word_1_528' title='bbox 2038 2867 2204 2922; x_wconf 82' lang='lat' dir='ltr'><strong>statio</strong></span> <span class='ocrx_word' id='word_1_529' title='bbox 2228 2877 2313 2922; x_wconf 92' lang='lat' dir='ltr'><strong>est</strong></span> <span class='ocrx_word' id='word_1_530' title='bbox 2343 2868 2416 2921; x_wconf 90' lang='lat' dir='ltr'><strong>ita</strong></span> <span class='ocrx_word' id='word_1_531' title='bbox 2445 2868 2615 2922; x_wconf 86' lang='lat' dir='ltr'><strong>dicta.</strong></span> <span class='ocrx_word' id='word_1_532' title='bbox 2640 2868 2720 2923; x_wconf 90' lang='lat' dir='ltr'><strong>lbi</strong></span> <span class='ocrx_word' id='word_1_533' title='bbox 2774 2885 2899 2924; x_wconf 92' lang='lat' dir='ltr'><strong>cum</strong></span> <span class='ocrx_word' id='word_1_534' title='bbox 2948 2869 3217 2927; x_wconf 85' lang='lat' dir='ltr'><strong>Joannem</strong></span> <span class='ocrx_word' id='word_1_535' title='bbox 3270 2874 3383 2930; x_wconf 89' lang='lat' dir='ltr'><strong>illis</strong></span> <span class='ocrx_word' id='word_1_536' title='bbox 3437 2878 3531 2947; x_wconf 87' lang='lat' dir='ltr'><strong>qui</strong></span> <span class='ocrx_word' id='word_1_537' title='bbox 3582 2893 3615 2933; x_wconf 85' lang='lat' dir='ltr'><strong>a</strong></span> 
     </span>
    </p>
   </div>
   <div class='ocr_carea' id='block_1_73' title="bbox 2040 2960 3616 3030">
    <p class='ocr_par' dir='ltr' id='par_1_73' title="bbox 2040 2960 3616 3030">
     <span class='ocr_line' id='line_1_73' title="bbox 2040 2960 3616 3030; baseline 0.009 -19"><span class='ocrx_word' id='word_1_538' title='bbox 2040 2960 2288 3030; x_wconf 87' lang='lat' dir='ltr'><strong>principe</strong></span> <span class='ocrx_word' id='word_1_539' title='bbox 2316 2962 2471 3015; x_wconf 91' lang='lat' dir='ltr'><strong>missi</strong></span> <span class='ocrx_word' id='word_1_540' title='bbox 2546 2970 2706 3016; x_wconf 84' lang='lat' dir='ltr'><strong>erant</strong></span> <span class='ocrx_word' id='word_1_541' title='bbox 2754 2963 3096 3030; x_wconf 87' lang='lat' dir='ltr'><strong>tradidisset,</strong></span> <span class='ocrx_word' id='word_1_542' title='bbox 3139 2968 3487 3022; x_wconf 82' lang='lat' dir='ltr'><strong>Antiochiam</strong></span> <span class='ocrx_word' id='word_1_543' title='bbox 3527 2985 3616 3026; x_wconf 90' lang='lat' dir='ltr'><strong>re-</strong></span> 
     </span>
    </p>
   </div>
   <div class='ocr_carea' id='block_1_74' title="bbox 2039 3053 3617 3128">
    <p class='ocr_par' dir='ltr' id='par_1_74' title="bbox 2039 3053 3617 3128">
     <span class='ocr_line' id='line_1_74' title="bbox 2039 3053 3617 3128; baseline 0.011 -25"><span class='ocrx_word' id='word_1_544' title='bbox 2039 3067 2233 3107; x_wconf 87' lang='lat' dir='ltr'><strong>versus</strong></span> <span class='ocrx_word' id='word_1_545' title='bbox 2261 3060 2364 3106; x_wconf 87' lang='lat' dir='ltr'><strong>est.</strong></span> <span class='ocrx_word' id='word_1_546' title='bbox 2400 3053 2702 3109; x_wconf 81' lang='lat' dir='ltr'><strong>Prudenter</strong></span> <span class='ocrx_word' id='word_1_547' title='bbox 2726 3065 2907 3110; x_wconf 89' lang='lat' dir='ltr'><strong>autem</strong></span> <span class='ocrx_word' id='word_1_548' title='bbox 2940 3057 3041 3112; x_wconf 92' lang='lat' dir='ltr'><strong>hoc</strong></span> <span class='ocrx_word' id='word_1_549' title='bbox 3073 3060 3356 3128; x_wconf 79' lang='lat' dir='ltr'><strong>negotium</strong></span> <span class='ocrx_word' id='word_1_550' title='bbox 3382 3078 3617 3119; x_wconf 88' lang='lat' dir='ltr'><strong>curasse</strong></span> 
     </span>
    </p>
   </div>
   <div class='ocr_carea' id='block_1_75' title="bbox 2040 3145 3615 3223">
    <p class='ocr_par' dir='ltr' id='par_1_75' title="bbox 2040 3145 3615 3223">
     <span class='ocr_line' id='line_1_75' title="bbox 2040 3145 3615 3223; baseline 0.009 -25"><span class='ocrx_word' id='word_1_551' title='bbox 2040 3145 2194 3199; x_wconf 92' lang='lat' dir='ltr'><strong>visus</strong></span> <span class='ocrx_word' id='word_1_552' title='bbox 2238 3154 2346 3213; x_wconf 89' lang='lat' dir='ltr'><strong>est,</strong></span> <span class='ocrx_word' id='word_1_553' title='bbox 2393 3156 2687 3217; x_wconf 89' lang='lat' dir='ltr'><strong>antequam</strong></span> <span class='ocrx_word' id='word_1_554' title='bbox 2721 3148 3049 3204; x_wconf 90' lang='lat' dir='ltr'><strong>Antiocheni</strong></span> <span class='ocrx_word' id='word_1_555' title='bbox 3085 3153 3393 3223; x_wconf 86' lang='lat' dir='ltr'><strong>quidquam</strong></span> <span class='ocrx_word' id='word_1_556' title='bbox 3438 3159 3615 3212; x_wconf 87' lang='lat' dir='ltr'><strong>resci-</strong></span> 
     </span>
    </p>
   </div>
   <div class='ocr_carea' id='block_1_76' title="bbox 2042 3239 3617 3309">
    <p class='ocr_par' dir='ltr' id='par_1_76' title="bbox 2042 3239 3617 3309">
     <span class='ocr_line' id='line_1_76' title="bbox 2042 3239 3617 3309; baseline 0.009 -20"><span class='ocrx_word' id='word_1_557' title='bbox 2042 3245 2185 3303; x_wconf 91' lang='lat' dir='ltr'><strong>rent,</strong></span> <span class='ocrx_word' id='word_1_558' title='bbox 2225 3239 2318 3307; x_wconf 92' lang='lat' dir='ltr'><strong>qui</strong></span> <span class='ocrx_word' id='word_1_559' title='bbox 2352 3247 2408 3293; x_wconf 91' lang='lat' dir='ltr'><strong>et</strong></span> <span class='ocrx_word' id='word_1_560' title='bbox 2450 3240 2628 3309; x_wconf 83' lang='lat' dir='ltr'><strong>asperi</strong></span> <span class='ocrx_word' id='word_1_561' title='bbox 2671 3249 2833 3295; x_wconf 90' lang='lat' dir='ltr'><strong>erant</strong></span> <span class='ocrx_word' id='word_1_562' title='bbox 2863 3241 2917 3295; x_wconf 93' lang='lat' dir='ltr'><strong>in</strong></span> <span class='ocrx_word' id='word_1_563' title='bbox 2954 3243 3347 3309; x_wconf 85' lang='lat' dir='ltr'><strong>seditionibus,</strong></span> <span class='ocrx_word' id='word_1_564' title='bbox 3375 3262 3476 3302; x_wconf 92' lang='lat' dir='ltr'><strong>nec</strong></span> <span class='ocrx_word' id='word_1_565' title='bbox 3512 3265 3617 3303; x_wconf 93' lang='lat' dir='ltr'><strong>un-</strong></span> 
     </span>
    </p>
   </div>
   <div class='ocr_carea' id='block_1_77' title="bbox 2042 3330 3615 3407">
    <p class='ocr_par' dir='ltr' id='par_1_77' title="bbox 2042 3330 3615 3407">
     <span class='ocr_line' id='line_1_77' title="bbox 2042 3330 3615 3407; baseline 0.011 -28"><span class='ocrx_word' id='word_1_566' title='bbox 2042 3344 2206 3398; x_wconf 77' lang='lat' dir='ltr'><strong>quam</strong></span> <span class='ocrx_word' id='word_1_567' title='bbox 2241 3345 2339 3384; x_wconf 88' lang='lat' dir='ltr'><strong>sua</strong></span> <span class='ocrx_word' id='word_1_568' title='bbox 2370 3339 2566 3399; x_wconf 93' lang='lat' dir='ltr'><strong>sponte</strong></span> <span class='ocrx_word' id='word_1_569' title='bbox 2612 3330 2882 3388; x_wconf 87' lang='lat' dir='ltr'><strong>Joannem</strong></span> <span class='ocrx_word' id='word_1_570' title='bbox 2920 3333 3207 3391; x_wconf 89' lang='lat' dir='ltr'><strong>dimissuri</strong></span> <span class='ocrx_word' id='word_1_571' title='bbox 3260 3339 3615 3407; x_wconf 70' lang='lat' dir='ltr'><strong>videbantuz,</strong></span> 
     </span>
    </p>
   </div>
   <div class='ocr_carea' id='block_1_78' title="bbox 2043 3420 3618 3500">
    <p class='ocr_par' dir='ltr' id='par_1_78' title="bbox 2043 3420 3618 3500">
     <span class='ocr_line' id='line_1_78' title="bbox 2043 3420 3618 3500; baseline 0.009 -29"><span class='ocrx_word' id='word_1_572' title='bbox 2043 3420 2364 3490; x_wconf 88' lang='lat' dir='ltr'><strong>priusquam</strong></span> <span class='ocrx_word' id='word_1_573' title='bbox 2390 3422 2515 3475; x_wconf 87' lang='lat' dir='ltr'><strong>mali</strong></span> <span class='ocrx_word' id='word_1_574' title='bbox 2542 3423 2828 3493; x_wconf 87' lang='lat' dir='ltr'><strong>quidpiam</strong></span> <span class='ocrx_word' id='word_1_575' title='bbox 2873 3434 2968 3479; x_wconf 91' lang='lat' dir='ltr'><strong>aut</strong></span> <span class='ocrx_word' id='word_1_576' title='bbox 3000 3437 3317 3496; x_wconf 89' lang='lat' dir='ltr'><strong>patrassent</strong></span> <span class='ocrx_word' id='word_1_577' title='bbox 3351 3431 3477 3500; x_wconf 88' lang='lat' dir='ltr'><strong>ipsi,</strong></span> <span class='ocrx_word' id='word_1_578' title='bbox 3519 3441 3618 3488; x_wconf 79' lang='lat' dir='ltr'><strong>aut</strong></span> 
     </span>
    </p>
   </div>
   <div class='ocr_carea' id='block_1_79' title="bbox 2041 3515 3621 3595">
    <p class='ocr_par' dir='ltr' id='par_1_79' title="bbox 2041 3515 3621 3595">
     <span class='ocr_line' id='line_1_79' title="bbox 2041 3515 3621 3595; baseline 0.009 -30"><span class='ocrx_word' id='word_1_579' title='bbox 2041 3516 2189 3583; x_wconf 86' lang='lat' dir='ltr'><strong>passi</strong></span> <span class='ocrx_word' id='word_1_580' title='bbox 2241 3522 2451 3570; x_wconf 86' lang='lat' dir='ltr'><strong>essent.</strong></span> <span class='ocrx_word' id='word_1_581' title='bbox 2502 3515 2677 3571; x_wconf 86' lang='lat' dir='ltr'><strong>Porro</strong></span> <span class='ocrx_word' id='word_1_582' title='bbox 2712 3533 2837 3571; x_wconf 91' lang='lat' dir='ltr'><strong>cum</strong></span> <span class='ocrx_word' id='word_1_583' title='bbox 2871 3521 3114 3575; x_wconf 88' lang='lat' dir='ltr'><strong>venisset</strong></span> <span class='ocrx_word' id='word_1_584' title='bbox 3150 3520 3621 3595; x_wconf 83' lang='lat' dir='ltr'><strong>Constantinopo-</strong></span> 
     </span>
    </p>
   </div>
   <div class='ocr_carea' id='block_1_80' title="bbox 2043 3606 3620 3683">
    <p class='ocr_par' dir='ltr' id='par_1_80' title="bbox 2043 3606 3620 3683">
     <span class='ocr_line' id='line_1_80' title="bbox 2043 3606 3620 3683; baseline 0.008 -24"><span class='ocrx_word' id='word_1_585' title='bbox 2043 3606 2161 3669; x_wconf 92' lang='lat' dir='ltr'><strong>lim,</strong></span> <span class='ocrx_word' id='word_1_586' title='bbox 2193 3621 2433 3676; x_wconf 89' lang='lat' dir='ltr'><strong>cumque</strong></span> <span class='ocrx_word' id='word_1_587' title='bbox 2458 3608 2703 3677; x_wconf 90' lang='lat' dir='ltr'><strong>episcopi</strong></span> <span class='ocrx_word' id='word_1_588' title='bbox 2736 3609 2830 3679; x_wconf 90' lang='lat' dir='ltr'><strong>qui</strong></span> <span class='ocrx_word' id='word_1_589' title='bbox 2864 3612 3044 3664; x_wconf 90' lang='lat' dir='ltr'><strong>vocati</strong></span> <span class='ocrx_word' id='word_1_590' title='bbox 3076 3611 3292 3667; x_wconf 85' lang='lat' dir='ltr'><strong>fuerant</strong></span> <span class='ocrx_word' id='word_1_591' title='bbox 3316 3614 3429 3683; x_wconf 89' lang='lat' dir='ltr'><strong>jam</strong></span> <span class='ocrx_word' id='word_1_592' title='bbox 3457 3616 3620 3671; x_wconf 85' lang='lat' dir='ltr'><strong>ades-</strong></span> 
     </span>
    </p>
   </div>
   <div class='ocr_carea' id='block_1_81' title="bbox 2045 3699 3622 3771">
    <p class='ocr_par' dir='ltr' id='par_1_81' title="bbox 2045 3699 3622 3771">
     <span class='ocr_line' id='line_1_81' title="bbox 2045 3699 3622 3771; baseline 0.006 -18"><span class='ocrx_word' id='word_1_593' title='bbox 2045 3708 2188 3763; x_wconf 85' lang='lat' dir='ltr'><strong>sent,</strong></span> <span class='ocrx_word' id='word_1_594' title='bbox 2221 3699 2558 3753; x_wconf 88' lang='lat' dir='ltr'><strong>ordinationi</strong></span> <span class='ocrx_word' id='word_1_595' title='bbox 2580 3701 2700 3769; x_wconf 88' lang='lat' dir='ltr'><strong>ejus</strong></span> <span class='ocrx_word' id='word_1_596' title='bbox 2739 3700 3189 3771; x_wconf 89' lang='lat' dir='ltr'><strong>impedimentum</strong></span> <span class='ocrx_word' id='word_1_597' title='bbox 3218 3707 3405 3759; x_wconf 90' lang='lat' dir='ltr'><strong>attulit</strong></span> <span class='ocrx_word' id='word_1_598' title='bbox 3438 3708 3622 3762; x_wconf 78' lang='lat' dir='ltr'><strong>Theo-</strong></span> 
     </span>
    </p>
   </div>
   <div class='ocr_carea' id='block_1_82' title="bbox 2048 3790 3621 3868">
    <p class='ocr_par' dir='ltr' id='par_1_82' title="bbox 2048 3790 3621 3868">
     <span class='ocr_line' id='line_1_82' title="bbox 2048 3790 3621 3868; baseline 0.006 -26"><span class='ocrx_word' id='word_1_599' title='bbox 2048 3791 2253 3859; x_wconf 86' lang='lat' dir='ltr'><strong>philus,</strong></span> <span class='ocrx_word' id='word_1_600' title='bbox 2282 3790 2470 3845; x_wconf 89' lang='lat' dir='ltr'><strong>favens</strong></span> <span class='ocrx_word' id='word_1_601' title='bbox 2512 3790 2759 3845; x_wconf 86' lang='lat' dir='ltr'><strong>Isidoro:</strong></span> <span class='ocrx_word' id='word_1_602' title='bbox 2791 3793 2885 3862; x_wconf 92' lang='lat' dir='ltr'><strong>qui</strong></span> <span class='ocrx_word' id='word_1_603' title='bbox 2922 3802 3034 3847; x_wconf 91' lang='lat' dir='ltr'><strong>tum</strong></span> <span class='ocrx_word' id='word_1_604' title='bbox 3076 3795 3293 3862; x_wconf 90' lang='lat' dir='ltr'><strong>quidem</strong></span> <span class='ocrx_word' id='word_1_605' title='bbox 3331 3797 3621 3868; x_wconf 82' lang='lat' dir='ltr'><strong>presbyter</strong></span> 
     </span>
    </p>
   </div>
   <div class='ocr_carea' id='block_1_83' title="bbox 2047 3882 3619 3960">
    <p class='ocr_par' dir='ltr' id='par_1_83' title="bbox 2047 3882 3619 3960">
     <span class='ocr_line' id='line_1_83' title="bbox 2047 3882 3619 3960; baseline 0.005 -25"><span class='ocrx_word' id='word_1_606' title='bbox 2047 3890 2167 3935; x_wconf 88' lang='lat' dir='ltr'><strong>erat</strong></span> <span class='ocrx_word' id='word_1_607' title='bbox 2196 3882 2299 3938; x_wconf 91' lang='lat' dir='ltr'><strong>sub</strong></span> <span class='ocrx_word' id='word_1_608' title='bbox 2325 3883 2419 3937; x_wconf 94' lang='lat' dir='ltr'><strong>illo</strong></span> <span class='ocrx_word' id='word_1_609' title='bbox 2449 3885 2807 3947; x_wconf 91' lang='lat' dir='ltr'><strong>constitutus,</strong></span> <span class='ocrx_word' id='word_1_610' title='bbox 2845 3894 2898 3939; x_wconf 90' lang='lat' dir='ltr'><strong>et</strong></span> <span class='ocrx_word' id='word_1_611' title='bbox 2932 3901 3234 3955; x_wconf 91' lang='lat' dir='ltr'><strong>pauperum</strong></span> <span class='ocrx_word' id='word_1_612' title='bbox 3271 3902 3335 3941; x_wconf 89' lang='lat' dir='ltr'><strong>ac</strong></span> <span class='ocrx_word' id='word_1_613' title='bbox 3371 3890 3619 3960; x_wconf 82' lang='lat' dir='ltr'><strong>peregri-</strong></span> 
     </span>
    </p>
   </div>
   <div class='ocr_carea' id='block_1_84' title="bbox 2049 3975 3624 4036">
    <p class='ocr_par' dir='ltr' id='par_1_84' title="bbox 2049 3975 3624 4036">
     <span class='ocr_line' id='line_1_84' title="bbox 2049 3975 3624 4036; baseline 0.005 -8"><span class='ocrx_word' id='word_1_614' title='bbox 2049 3990 2245 4028; x_wconf 89' lang='lat' dir='ltr'><strong>norum</strong></span> <span class='ocrx_word' id='word_1_615' title='bbox 2290 3982 2516 4029; x_wconf 89' lang='lat' dir='ltr'><strong>curator</strong></span> <span class='ocrx_word' id='word_1_616' title='bbox 2559 3975 2615 4029; x_wconf 93' lang='lat' dir='ltr'><strong>in</strong></span> <span class='ocrx_word' id='word_1_617' title='bbox 2666 3978 2803 4031; x_wconf 88' lang='lat' dir='ltr'><strong>urbe</strong></span> <span class='ocrx_word' id='word_1_618' title='bbox 2837 3977 3194 4033; x_wconf 85' lang='lat' dir='ltr'><strong>Alexandria.</strong></span> <span class='ocrx_word' id='word_1_619' title='bbox 3238 3979 3511 4034; x_wconf 84' lang='lat' dir='ltr'><strong>Caeterum</strong></span> <span class='ocrx_word' id='word_1_620' title='bbox 3553 3982 3624 4036; x_wconf 83' lang='lat' dir='ltr'><strong>ab</strong></span> 
     </span>
    </p>
   </div>
   <div class='ocr_carea' id='block_1_85' title="bbox 2048 4066 3623 4143">
    <p class='ocr_par' dir='ltr' id='par_1_85' title="bbox 2048 4066 3623 4143">
     <span class='ocr_line' id='line_1_85' title="bbox 2048 4066 3623 4143; baseline 0.006 -22"><span class='ocrx_word' id='word_1_621' title='bbox 2048 4070 2270 4122; x_wconf 90' lang='lat' dir='ltr'><strong>ineunte</strong></span> <span class='ocrx_word' id='word_1_622' title='bbox 2308 4077 2467 4123; x_wconf 69' lang='lat' dir='ltr'><strong>aetate</strong></span> <span class='ocrx_word' id='word_1_623' title='bbox 2499 4068 2647 4137; x_wconf 92' lang='lat' dir='ltr'><strong>apud</strong></span> <span class='ocrx_word' id='word_1_624' title='bbox 2698 4066 2902 4123; x_wconf 88' lang='lat' dir='ltr'><strong>Scetim</strong></span> <span class='ocrx_word' id='word_1_625' title='bbox 2944 4072 3162 4142; x_wconf 79' lang='lat' dir='ltr'><strong>egregie</strong></span> <span class='ocrx_word' id='word_1_626' title='bbox 3204 4072 3623 4143; x_wconf 82' lang='lat' dir='ltr'><strong>phiIOSOphatus</strong></span> 
     </span>
    </p>
   </div>
   <div class='ocr_carea' id='block_1_86' title="bbox 2049 4160 3625 4235">
    <p class='ocr_par' dir='ltr' id='par_1_86' title="bbox 2049 4160 3625 4235">
     <span class='ocr_line' id='line_1_86' title="bbox 2049 4160 3625 4235; baseline 0.008 -24"><span class='ocrx_word' id='word_1_627' title='bbox 2049 4160 2253 4226; x_wconf 89' lang='lat' dir='ltr'><strong>fuerat,</strong></span> <span class='ocrx_word' id='word_1_628' title='bbox 2300 4161 2445 4216; x_wconf 89' lang='lat' dir='ltr'><strong>sicut</strong></span> <span class='ocrx_word' id='word_1_629' title='bbox 2475 4177 2502 4214; x_wconf 92' lang='lat' dir='ltr'><strong>a</strong></span> <span class='ocrx_word' id='word_1_630' title='bbox 2534 4162 2866 4232; x_wconf 88' lang='lat' dir='ltr'><strong>quibusdam</strong></span> <span class='ocrx_word' id='word_1_631' title='bbox 2906 4164 3042 4220; x_wconf 87' lang='lat' dir='ltr'><strong>viris</strong></span> <span class='ocrx_word' id='word_1_632' title='bbox 3086 4166 3178 4235; x_wconf 93' lang='lat' dir='ltr'><strong>qui</strong></span> <span class='ocrx_word' id='word_1_633' title='bbox 3215 4181 3341 4220; x_wconf 92' lang='lat' dir='ltr'><strong>cum</strong></span> <span class='ocrx_word' id='word_1_634' title='bbox 3377 4168 3473 4221; x_wconf 79' lang='lat' dir='ltr'><strong>illd</strong></span> <span class='ocrx_word' id='word_1_635' title='bbox 3504 4185 3625 4223; x_wconf 75' lang='lat' dir='ltr'><strong>ver-</strong></span> 
     </span>
    </p>
   </div>
   <div class='ocr_carea' id='block_1_87' title="bbox 2049 4251 3624 4323">
    <p class='ocr_par' dir='ltr' id='par_1_87' title="bbox 2049 4251 3624 4323">
     <span class='ocr_line' id='line_1_87' title="bbox 2049 4251 3624 4323; baseline 0.005 -17"><span class='ocrx_word' id='word_1_636' title='bbox 2049 4252 2151 4306; x_wconf 89' lang='lat' dir='ltr'><strong>sati</strong></span> <span class='ocrx_word' id='word_1_637' title='bbox 2186 4251 2406 4307; x_wconf 86' lang='lat' dir='ltr'><strong>fuerant</strong></span> <span class='ocrx_word' id='word_1_638' title='bbox 2442 4255 2648 4323; x_wconf 90' lang='lat' dir='ltr'><strong>accepi.</strong></span> <span class='ocrx_word' id='word_1_639' title='bbox 2693 4255 2797 4308; x_wconf 80' lang='lat' dir='ltr'><strong>Alii</strong></span> <span class='ocrx_word' id='word_1_640' title='bbox 2834 4256 3027 4310; x_wconf 89' lang='lat' dir='ltr'><strong>dicunt</strong></span> <span class='ocrx_word' id='word_1_641' title='bbox 3057 4256 3205 4312; x_wconf 90' lang='lat' dir='ltr'><strong>hunc</strong></span> <span class='ocrx_word' id='word_1_642' title='bbox 3226 4257 3351 4313; x_wconf 90' lang='lat' dir='ltr'><strong>ideo</strong></span> <span class='ocrx_word' id='word_1_643' title='bbox 3382 4261 3624 4315; x_wconf 87' lang='lat' dir='ltr'><strong>amicum</strong></span> 
     </span>
    </p>
   </div>
   <div class='ocr_carea' id='block_1_88' title="bbox 2048 4341 3625 4421">
    <p class='ocr_par' dir='ltr' id='par_1_88' title="bbox 2048 4341 3625 4421">
     <span class='ocr_line' id='line_1_88' title="bbox 2048 4341 3625 4421; baseline 0.008 -27"><span class='ocrx_word' id='word_1_644' title='bbox 2048 4341 2219 4399; x_wconf 91' lang='lat' dir='ltr'><strong>fuisse</strong></span> <span class='ocrx_word' id='word_1_645' title='bbox 2246 4344 2556 4413; x_wconf 82' lang='lat' dir='ltr'><strong>TheOphili,</strong></span> <span class='ocrx_word' id='word_1_646' title='bbox 2577 4347 2721 4415; x_wconf 91' lang='lat' dir='ltr'><strong>quod</strong></span> <span class='ocrx_word' id='word_1_647' title='bbox 2745 4348 3007 4403; x_wconf 89' lang='lat' dir='ltr'><strong>conscius</strong></span> <span class='ocrx_word' id='word_1_648' title='bbox 3034 4347 3227 4404; x_wconf 80' lang='lat' dir='ltr'><strong>fuisset</strong></span> <span class='ocrx_word' id='word_1_649' title='bbox 3260 4364 3321 4404; x_wconf 88' lang='lat' dir='ltr'><strong>ac</strong></span> <span class='ocrx_word' id='word_1_650' title='bbox 3345 4352 3625 4421; x_wconf 84' lang='lat' dir='ltr'><strong>particeps</strong></span> 
     </span>
    </p>
   </div>
   <div class='ocr_carea' id='block_1_89' title="bbox 2050 4434 3623 4507">
    <p class='ocr_par' dir='ltr' id='par_1_89' title="bbox 2050 4434 3623 4507">
     <span class='ocr_line' id='line_1_89' title="bbox 2050 4434 3623 4507; baseline 0.008 -20"><span class='ocrx_word' id='word_1_651' title='bbox 2050 4434 2315 4491; x_wconf 84' lang='lat' dir='ltr'><strong>facinoris</strong></span> <span class='ocrx_word' id='word_1_652' title='bbox 2361 4436 2645 4507; x_wconf 89' lang='lat' dir='ltr'><strong>cujusdam</strong></span> <span class='ocrx_word' id='word_1_653' title='bbox 2696 4438 3013 4507; x_wconf 90' lang='lat' dir='ltr'><strong>periculosi.</strong></span> <span class='ocrx_word' id='word_1_654' title='bbox 3064 4440 3199 4494; x_wconf 83' lang='lat' dir='ltr'><strong>Nam</strong></span> <span class='ocrx_word' id='word_1_655' title='bbox 3242 4442 3371 4496; x_wconf 90' lang='lat' dir='ltr'><strong>dum</strong></span> <span class='ocrx_word' id='word_1_656' title='bbox 3420 4443 3623 4499; x_wconf 88' lang='lat' dir='ltr'><strong>bellum</strong></span> 
     </span>
    </p>
   </div>
   <div class='ocr_carea' id='block_1_90' title="bbox 1537 4610 2409 4668">
    <p class='ocr_par' dir='ltr' id='par_1_90' title="bbox 1537 4610 2409 4668">
     <span class='ocr_line' id='line_1_90' title="bbox 1537 4610 2409 4668; baseline 0 -2"><span class='ocrx_word' id='word_1_657' title='bbox 1537 4610 1809 4666; x_wconf 76' lang='lat' dir='ltr'><strong>VALESII</strong></span> <span class='ocrx_word' id='word_1_658' title='bbox 1852 4610 2409 4668; x_wconf 79' lang='lat' dir='ltr'><strong>ANNOTATIONES.</strong></span> 
     </span>
    </p>
   </div>
   <div class='ocr_carea' id='block_1_91' title="bbox 444 4700 3625 4777">
    <p class='ocr_par' dir='ltr' id='par_1_91' title="bbox 444 4700 3625 4777">
     <span class='ocr_line' id='line_1_91' title="bbox 444 4700 3625 4777; baseline 0.001 -20"><span class='ocrx_word' id='word_1_659' title='bbox 444 4706 521 4775; x_wconf 69' lang='grc'><strong>(4)</strong></span> <span class='ocrx_word' id='word_1_660' title='bbox 552 4702 856 4777; x_wconf 49' lang='grc' dir='ltr'>Θεόφιλος.</span> <span class='ocrx_word' id='word_1_661' title='bbox 898 4703 1257 4777; x_wconf 59' lang='lat' dir='ltr'><strong>Theophilum</strong></span> <span class='ocrx_word' id='word_1_662' title='bbox 1296 4700 1523 4777; x_wconf 82' lang='lat' dir='ltr'><strong>Joannis</strong></span> <span class='ocrx_word' id='word_1_663' title='bbox 1566 4702 1941 4777; x_wconf 76' lang='lat' dir='ltr'><strong>Chrysostouti</strong></span> <span class='ocrx_word' id='word_1_664' title='bbox 1978 4707 2018 4761; x_wconf 92' lang='lat' dir='ltr'>D</span> <span class='ocrx_word' id='word_1_665' title='bbox 2051 4712 2218 4759; x_wconf 85' lang='lat' dir='ltr'><strong>verbo</strong></span> <span class='ocrx_word' id='word_1_666' title='bbox 2266 4705 2747 4777; x_wconf 82' lang='lat' dir='ltr'><strong>innuerevidetur</strong></span> <span class='ocrx_word' id='word_1_667' title='bbox 2796 4704 3098 4768; x_wconf 84' lang='lat' dir='ltr'><strong>Palladius,</strong></span> <span class='ocrx_word' id='word_1_668' title='bbox 3145 4706 3508 4777; x_wconf 86' lang='lat' dir='ltr'><strong>Theophilum</strong></span> <span class='ocrx_word' id='word_1_669' title='bbox 3556 4725 3625 4762; x_wconf 89' lang='lat' dir='ltr'><strong>eo</strong></span> 
     </span>
    </p>
   </div>
   <div class='ocr_carea' id='block_1_92' title="bbox 372 4773 1940 4831">
    <p class='ocr_par' dir='ltr' id='par_1_92' title="bbox 372 4773 1940 4831">
     <span class='ocr_line' id='line_1_92' title="bbox 372 4773 1940 4831; baseline -0.003 -1"><span class='ocrx_word' id='word_1_670' title='bbox 372 4773 704 4831; x_wconf 77' lang='lat' dir='ltr'><strong>(idinationi</strong></span> <span class='ocrx_word' id='word_1_671' title='bbox 762 4774 1081 4828; x_wconf 85' lang='lat' dir='ltr'><strong>interfuisse</strong></span> <span class='ocrx_word' id='word_1_672' title='bbox 1128 4782 1359 4827; x_wconf 87' lang='lat' dir='ltr'><strong>testatur</strong></span> <span class='ocrx_word' id='word_1_673' title='bbox 1391 4773 1557 4827; x_wconf 88' lang='lat' dir='ltr'><strong>etiam</strong></span> <span class='ocrx_word' id='word_1_674' title='bbox 1594 4774 1852 4827; x_wconf 79' lang='lat' dir='ltr'><strong>Socrates</strong></span> <span class='ocrx_word' id='word_1_675' title='bbox 1885 4773 1940 4825; x_wconf 91' lang='lat' dir='ltr'><strong>in</strong></span> 
     </span>
    </p>
   </div>
   <div class='ocr_carea' id='block_1_93' title="bbox 370 4842 1941 4911">
    <p class='ocr_par' dir='ltr' id='par_1_93' title="bbox 370 4842 1941 4911">
     <span class='ocr_line' id='line_1_93' title="bbox 370 4842 1941 4911; baseline -0.004 -11"><span class='ocrx_word' id='word_1_676' title='bbox 370 4850 513 4900; x_wconf 87' lang='lat' dir='ltr'><strong>libro</strong></span> <span class='ocrx_word' id='word_1_677' title='bbox 568 4855 747 4897; x_wconf 83' lang='lat' dir='ltr'><strong>sexto.</strong></span> <span class='ocrx_word' id='word_1_678' title='bbox 809 4843 1085 4896; x_wconf 79' lang='lat' dir='ltr'><strong>Palladius</strong></span> <span class='ocrx_word' id='word_1_679' title='bbox 1150 4852 1332 4896; x_wconf 87' lang='lat' dir='ltr'><strong>tamen</strong></span> <span class='ocrx_word' id='word_1_680' title='bbox 1384 4844 1435 4895; x_wconf 94' lang='lat' dir='ltr'><strong>in</strong></span> <span class='ocrx_word' id='word_1_681' title='bbox 1473 4842 1699 4911; x_wconf 84' lang='lat' dir='ltr'><strong>Dialogo</strong></span> <span class='ocrx_word' id='word_1_682' title='bbox 1729 4842 1793 4895; x_wconf 86' lang='lat' dir='ltr'><strong>de</strong></span> <span class='ocrx_word' id='word_1_683' title='bbox 1831 4843 1941 4895; x_wconf 78' lang='lat' dir='ltr'><strong>vita</strong></span> 
     </span>
    </p>
   </div>
   <div class='ocr_carea' id='block_1_94' title="bbox 370 4912 1932 4984">
    <p class='ocr_par' dir='ltr' id='par_1_94' title="bbox 370 4912 1932 4984">
     <span class='ocr_line' id='line_1_94' title="bbox 370 4912 1932 4984; baseline -0.004 -14"><span class='ocrx_word' id='word_1_684' title='bbox 370 4916 597 4970; x_wconf 82' lang='lat' dir='ltr'><strong>Joannis</strong></span> <span class='ocrx_word' id='word_1_685' title='bbox 628 4913 1010 4984; x_wconf 79' lang='lat' dir='ltr'><strong>Chrysostomi,</strong></span> <span class='ocrx_word' id='word_1_686' title='bbox 1045 4913 1416 4984; x_wconf 89' lang='lat' dir='ltr'><strong>Theophilum</strong></span> <span class='ocrx_word' id='word_1_687' title='bbox 1457 4922 1675 4979; x_wconf 81' lang='lat' dir='ltr'><strong>peracta</strong></span> <span class='ocrx_word' id='word_1_688' title='bbox 1707 4912 1932 4984; x_wconf 87' lang='lat' dir='ltr'><strong>jamor-</strong></span> 
     </span>
    </p>
   </div>
   <div class='ocr_carea' id='block_1_95' title="bbox 372 4982 1944 5050">
    <p class='ocr_par' dir='ltr' id='par_1_95' title="bbox 372 4982 1944 5050">
     <span class='ocr_line' id='line_1_95' title="bbox 372 4982 1944 5050; baseline -0.004 -11"><span class='ocrx_word' id='word_1_689' title='bbox 372 4988 653 5040; x_wconf 86' lang='lat' dir='ltr'><strong>diuatione</strong></span> <span class='ocrx_word' id='word_1_690' title='bbox 703 4982 1089 5050; x_wconf 82' lang='lat' dir='ltr'><strong>supervenisse</strong></span> <span class='ocrx_word' id='word_1_691' title='bbox 1147 4984 1353 5036; x_wconf 87' lang='lat' dir='ltr'><strong>indicat</strong></span> <span class='ocrx_word' id='word_1_692' title='bbox 1408 4983 1491 5037; x_wconf 92' lang='lat' dir='ltr'><strong>his</strong></span> <span class='ocrx_word' id='word_1_693' title='bbox 1546 4984 1778 5035; x_wconf 87' lang='lat' dir='ltr'><strong>verbis:</strong></span> <span class='ocrx_word' id='word_1_694' title='bbox 1824 4982 1944 5033; x_wconf 82' lang='grc' dir='ltr'><strong>Ἀπ’</strong></span> 
     </span>
    </p>
   </div>
   <div class='ocr_carea' id='block_1_96' title="bbox 372 5051 1944 5127">
    <p class='ocr_par' dir='ltr' id='par_1_96' title="bbox 372 5051 1944 5127">
     <span class='ocr_line' id='line_1_96' title="bbox 372 5051 1944 5127; baseline -0.003 -19"><span class='ocrx_word' id='word_1_695' title='bbox 372 5058 545 5127; x_wconf 77' lang='grc' dir='ltr'>ἀρχῆς</span> <span class='ocrx_word' id='word_1_696' title='bbox 570 5051 660 5106; x_wconf 81' lang='grc' dir='ltr'><strong>οὖν</strong></span> <span class='ocrx_word' id='word_1_697' title='bbox 691 5058 725 5127; x_wconf 71' lang='grc' dir='ltr'><strong>ὁΔ</strong></span> <span class='ocrx_word' id='word_1_698' title='bbox 768 5054 1023 5127; x_wconf 67' lang='grc' dir='ltr'>Θεόφιλος</span> <span class='ocrx_word' id='word_1_699' title='bbox 1071 5056 1099 5105; x_wconf 82' lang='grc' dir='ltr'>ὁ</span> <span class='ocrx_word' id='word_1_700' title='bbox 1138 5053 1238 5120; x_wconf 85' lang='grc' dir='ltr'>τῆς</span> <span class='ocrx_word' id='word_1_701' title='bbox 1284 5052 1675 5127; x_wconf 78' lang='grc' dir='ltr'>Ἀλεξανδρέων</span> <span class='ocrx_word' id='word_1_702' title='bbox 1717 5052 1944 5127; x_wconf 59' lang='grc' dir='ltr'>ἐπίσκο-</span> 
     </span>
    </p>
   </div>
   <div class='ocr_carea' id='block_1_97' title="bbox 375 5121 1945 5194">
    <p class='ocr_par' dir='ltr' id='par_1_97' title="bbox 375 5121 1945 5194">
     <span class='ocr_line' id='line_1_97' title="bbox 375 5121 1945 5194; baseline -0.004 -16"><span class='ocrx_word' id='word_1_703' title='bbox 375 5121 776 5194; x_wconf 41' lang='grc' dir='ltr'>ποξζπροσχὼν</span> <span class='ocrx_word' id='word_1_704' title='bbox 816 5123 985 5175; x_wconf 78' lang='grc' dir='ltr'>αὑτοῦ</span> <span class='ocrx_word' id='word_1_705' title='bbox 1013 5126 1079 5192; x_wconf 78' lang='grc' dir='ltr'>τῇ</span> <span class='ocrx_word' id='word_1_706' title='bbox 1106 5125 1455 5184; x_wconf 83' lang='grc' dir='ltr'>καταστάσει,</span> <span class='ocrx_word' id='word_1_707' title='bbox 1492 5122 1567 5192; x_wconf 82' lang='grc' dir='ltr'>τῷ</span> <span class='ocrx_word' id='word_1_708' title='bbox 1593 5121 1945 5194; x_wconf 83' lang='grc' dir='ltr'>ἀνεπιλήπτῳ</span> 
     </span>
    </p>
   </div>
   <div class='ocr_carea' id='block_1_98' title="bbox 372 5191 1944 5267">
    <p class='ocr_par' dir='ltr' id='par_1_98' title="bbox 372 5191 1944 5267">
     <span class='ocr_line' id='line_1_98' title="bbox 372 5191 1944 5267; baseline -0.011 -7"><span class='ocrx_word' id='word_1_709' title='bbox 372 5201 467 5267; x_wconf 76' lang='grc' dir='ltr'><strong>τῆς</strong></span> <span class='ocrx_word' id='word_1_710' title='bbox 493 5191 802 5267; x_wconf 46' lang='lat' dir='ltr'><strong>superbia;</strong></span> <span class='ocrx_word' id='word_1_711' title='bbox 837 5191 1096 5263; x_wconf 64' lang='grc' dir='ltr'>ἡψυχώθη</span> <span class='ocrx_word' id='word_1_712' title='bbox 1129 5194 1264 5267; x_wconf 49' lang='lat' dir='ltr'><strong>res;</strong></span> <span class='ocrx_word' id='word_1_713' title='bbox 1286 5195 1380 5262; x_wconf 79' lang='grc' dir='ltr'>τὴν</span> <span class='ocrx_word' id='word_1_714' title='bbox 1423 5191 1944 5267; x_wconf 42' lang='grc' dir='ltr'>χειροτονίανηδωιι</span> 
     </span>
    </p>
   </div>
   <div class='ocr_carea' id='block_1_99' title="bbox 373 5262 1948 5335">
    <p class='ocr_par' dir='ltr' id='par_1_99' title="bbox 373 5262 1948 5335">
     <span class='ocr_line' id='line_1_99' title="bbox 373 5262 1948 5335; baseline -0.004 -15"><span class='ocrx_word' id='word_1_715' title='bbox 373 5262 597 5322; x_wconf 71' lang='lat' dir='ltr'><strong>verbum</strong></span> <span class='ocrx_word' id='word_1_716' title='bbox 611 5262 754 5319; x_wconf 78' lang='lat' dir='ltr'><strong>illud</strong></span> <span class='ocrx_word' id='word_1_717' title='bbox 776 5262 1031 5335; x_wconf 82' lang='grc' dir='ltr'>προσχεῖν</span> <span class='ocrx_word' id='word_1_718' title='bbox 1058 5262 1327 5333; x_wconf 76' lang='lat' dir='ltr'><strong>Signiﬁcat</strong></span> <span class='ocrx_word' id='word_1_719' title='bbox 1351 5262 1762 5333; x_wconf 85' lang='lat' dir='ltr'><strong>appellere.lloc</strong></span> <span class='ocrx_word' id='word_1_720' title='bbox 1784 5262 1948 5332; x_wconf 77' lang='lat' dir='ltr'><strong>igitur</strong></span> 
     </span>
    </p>
   </div>
   <div class='ocr_carea' id='block_1_100' title="bbox 2051 4776 3625 4846">
    <p class='ocr_par' dir='ltr' id='par_1_100' title="bbox 2051 4776 3625 4846">
     <span class='ocr_line' id='line_1_100' title="bbox 2051 4776 3625 4846; baseline 0.003 -19"><span class='ocrx_word' id='word_1_721' title='bbox 2051 4785 2294 4844; x_wconf 85' lang='lat' dir='ltr'><strong>tempore</strong></span> <span class='ocrx_word' id='word_1_722' title='bbox 2322 4776 2610 4846; x_wconf 81' lang='lat' dir='ltr'><strong>advenisse</strong></span> <span class='ocrx_word' id='word_1_723' title='bbox 2640 4792 2750 4844; x_wconf 88' lang='lat' dir='ltr'><strong>quo</strong></span> <span class='ocrx_word' id='word_1_724' title='bbox 2789 4787 2883 4829; x_wconf 90' lang='lat' dir='ltr'><strong>aut</strong></span> <span class='ocrx_word' id='word_1_725' title='bbox 2923 4776 3337 4841; x_wconf 84' lang='lat' dir='ltr'><strong>celebrabatur,</strong></span> <span class='ocrx_word' id='word_1_726' title='bbox 3381 4787 3473 4830; x_wconf 89' lang='lat' dir='ltr'><strong>aut</strong></span> <span class='ocrx_word' id='word_1_727' title='bbox 3510 4781 3625 4846; x_wconf 90' lang='lat' dir='ltr'><strong>jam</strong></span> 
     </span>
    </p>
   </div>
   <div class='ocr_carea' id='block_1_101' title="bbox 2050 4844 3623 4902">
    <p class='ocr_par' dir='ltr' id='par_1_101' title="bbox 2050 4844 3623 4902">
     <span class='ocr_line' id='line_1_101' title="bbox 2050 4844 3623 4902; baseline 0.006 -9"><span class='ocrx_word' id='word_1_728' title='bbox 2050 4847 2323 4899; x_wconf 72' lang='lat' dir='ltr'><strong>relebrata</strong></span> <span class='ocrx_word' id='word_1_729' title='bbox 2357 4852 2474 4899; x_wconf 89' lang='lat' dir='ltr'><strong>erat</strong></span> <span class='ocrx_word' id='word_1_730' title='bbox 2512 4844 2741 4899; x_wconf 89' lang='lat' dir='ltr'><strong>Joannis</strong></span> <span class='ocrx_word' id='word_1_731' title='bbox 2776 4848 3070 4899; x_wconf 86' lang='lat' dir='ltr'><strong>ordinatio.</strong></span> <span class='ocrx_word' id='word_1_732' title='bbox 3104 4847 3409 4901; x_wconf 80' lang='lat' dir='ltr'><strong>Confirmat</strong></span> <span class='ocrx_word' id='word_1_733' title='bbox 3439 4844 3623 4902; x_wconf 81' lang='lat' dir='ltr'><strong>autem</strong></span> 
     </span>
    </p>
   </div>
   <div class='ocr_carea' id='block_1_102' title="bbox 2050 4916 3627 4985">
    <p class='ocr_par' dir='ltr' id='par_1_102' title="bbox 2050 4916 3627 4985">
     <span class='ocr_line' id='line_1_102' title="bbox 2050 4916 3627 4985; baseline 0.003 -18"><span class='ocrx_word' id='word_1_734' title='bbox 2050 4916 2190 4969; x_wconf 88' lang='lat' dir='ltr'><strong>hanc</strong></span> <span class='ocrx_word' id='word_1_735' title='bbox 2223 4917 2549 4969; x_wconf 86' lang='lat' dir='ltr'><strong>sententiam</strong></span> <span class='ocrx_word' id='word_1_736' title='bbox 2577 4916 2627 4967; x_wconf 93' lang='lat' dir='ltr'><strong>id</strong></span> <span class='ocrx_word' id='word_1_737' title='bbox 2659 4918 2804 4984; x_wconf 88' lang='lat' dir='ltr'><strong>quod</strong></span> <span class='ocrx_word' id='word_1_738' title='bbox 2839 4918 3021 4969; x_wconf 88' lang='lat' dir='ltr'><strong>statim</strong></span> <span class='ocrx_word' id='word_1_739' title='bbox 3052 4918 3335 4985; x_wconf 87' lang='lat' dir='ltr'><strong>subjungit</strong></span> <span class='ocrx_word' id='word_1_740' title='bbox 3365 4918 3627 4972; x_wconf 84' lang='lat' dir='ltr'><strong>Sozome-</strong></span> 
     </span>
    </p>
   </div>
   <div class='ocr_carea' id='block_1_103' title="bbox 2048 4985 3625 5055">
    <p class='ocr_par' dir='ltr' id='par_1_103' title="bbox 2048 4985 3625 5055">
     <span class='ocr_line' id='line_1_103' title="bbox 2048 4985 3625 5055; baseline 0.003 -17"><span class='ocrx_word' id='word_1_741' title='bbox 2048 5002 2153 5040; x_wconf 88' lang='lat' dir='ltr'><strong>nus</strong></span> <span class='ocrx_word' id='word_1_742' title='bbox 2187 5004 2198 5039; x_wconf 89' lang='lat'>:</span> <span class='ocrx_word' id='word_1_743' title='bbox 2224 4986 2536 5053; x_wconf 79' lang='lat' dir='ltr'><strong>Eutropium</strong></span> <span class='ocrx_word' id='word_1_744' title='bbox 2571 4985 2781 5040; x_wconf 87' lang='lat' dir='ltr'><strong>scilicet</strong></span> <span class='ocrx_word' id='word_1_745' title='bbox 2809 4986 3159 5055; x_wconf 73' lang='lat' dir='ltr'><strong>przepositum</strong></span> <span class='ocrx_word' id='word_1_746' title='bbox 3185 4989 3325 5040; x_wconf 86' lang='lat' dir='ltr'><strong>sacri</strong></span> <span class='ocrx_word' id='word_1_747' title='bbox 3358 4990 3625 5053; x_wconf 88' lang='lat' dir='ltr'><strong>cubiculi,</strong></span> 
     </span>
    </p>
   </div>
   <div class='ocr_carea' id='block_1_104' title="bbox 2047 5055 3625 5125">
    <p class='ocr_par' dir='ltr' id='par_1_104' title="bbox 2047 5055 3625 5125">
     <span class='ocr_line' id='line_1_104' title="bbox 2047 5055 3625 5125; baseline 0.001 -15"><span class='ocrx_word' id='word_1_748' title='bbox 2047 5058 2294 5125; x_wconf 81' lang='lat' dir='ltr'><strong>coegisse</strong></span> <span class='ocrx_word' id='word_1_749' title='bbox 2346 5055 2705 5122; x_wconf 82' lang='lat' dir='ltr'><strong>&#39;l&#39;heOphilum</strong></span> <span class='ocrx_word' id='word_1_750' title='bbox 2779 5066 2835 5125; x_wconf 89' lang='lat' dir='ltr'><strong>ut</strong></span> <span class='ocrx_word' id='word_1_751' title='bbox 2910 5057 3246 5124; x_wconf 86' lang='lat' dir='ltr'><strong>reliquorum</strong></span> <span class='ocrx_word' id='word_1_752' title='bbox 3319 5060 3625 5111; x_wconf 87' lang='lat' dir='ltr'><strong>antistitum</strong></span> 
     </span>
    </p>
   </div>
   <div class='ocr_carea' id='block_1_105' title="bbox 2046 5124 3630 5197">
    <p class='ocr_par' dir='ltr' id='par_1_105' title="bbox 2046 5124 3630 5197">
     <span class='ocr_line' id='line_1_105' title="bbox 2046 5124 3630 5197; baseline 0 -16"><span class='ocrx_word' id='word_1_753' title='bbox 2046 5124 2333 5181; x_wconf 76' lang='lat' dir='ltr'><strong>sententia:</strong></span> <span class='ocrx_word' id='word_1_754' title='bbox 2368 5126 2766 5180; x_wconf 88' lang='lat' dir='ltr'><strong>subscriberet.</strong></span> <span class='ocrx_word' id='word_1_755' title='bbox 2808 5124 2928 5179; x_wconf 89' lang='lat' dir='ltr'><strong>Jatn</strong></span> <span class='ocrx_word' id='word_1_756' title='bbox 2978 5127 3147 5197; x_wconf 79' lang='lat' dir='ltr'><strong>igitur</strong></span> <span class='ocrx_word' id='word_1_757' title='bbox 3195 5129 3263 5179; x_wconf 86' lang='lat' dir='ltr'><strong>ab</strong></span> <span class='ocrx_word' id='word_1_758' title='bbox 3300 5128 3369 5181; x_wconf 89' lang='lat' dir='ltr'><strong>iis</strong></span> <span class='ocrx_word' id='word_1_759' title='bbox 3405 5129 3630 5182; x_wconf 86' lang='lat' dir='ltr'><strong>ordina-</strong></span> 
     </span>
    </p>
   </div>
   <div class='ocr_carea' id='block_1_106' title="bbox 2049 5197 2827 5265">
    <p class='ocr_par' dir='ltr' id='par_1_106' title="bbox 2049 5197 2827 5265">
     <span class='ocr_line' id='line_1_106' title="bbox 2049 5197 2827 5265; baseline 0 -16"><span class='ocrx_word' id='word_1_760' title='bbox 2049 5207 2137 5252; x_wconf 86' lang='lat' dir='ltr'><strong>tus</strong></span> <span class='ocrx_word' id='word_1_761' title='bbox 2176 5199 2352 5251; x_wconf 88' lang='lat' dir='ltr'><strong>fuerat</strong></span> <span class='ocrx_word' id='word_1_762' title='bbox 2378 5197 2827 5265; x_wconf 81' lang='lat' dir='ltr'><strong>Chrysostomus.</strong></span> 
     </span>
    </p>
   </div>
   <div class='ocr_carea' id='block_1_107' title="bbox 1816 5436 2203 5493">
    <p class='ocr_par' dir='ltr' id='par_1_107' title="bbox 1816 5436 2203 5493">
     <span class='ocr_line' id='line_1_107' title="bbox 1816 5436 2203 5493; baseline -0.008 -2"><span class='ocrx_word' id='word_1_763' title='bbox 1816 5436 2203 5493; x_wconf 79' lang='lat' dir='ltr'><strong>VARIORUM.</strong></span> 
     </span>
    </p>
   </div>
   <div class='ocr_carea' id='block_1_108' title="bbox 377 5535 1939 5612">
    <p class='ocr_par' dir='ltr' id='par_1_108' title="bbox 377 5535 1939 5612">
     <span class='ocr_line' id='line_1_108' title="bbox 377 5535 1939 5612; baseline -0.004 -16"><span class='ocrx_word' id='word_1_764' title='bbox 377 5544 889 5612; x_wconf 81' lang='lat' dir='ltr'><strong>Mopsucstenuutet</strong></span> <span class='ocrx_word' id='word_1_765' title='bbox 942 5538 1284 5612; x_wconf 80' lang='lat' dir='ltr'><strong>Theodorum</strong></span> <span class='ocrx_word' id='word_1_766' title='bbox 1332 5535 1939 5612; x_wconf 71' lang='lat' dir='ltr'><strong>Antiochen_um,cujtts</strong></span> 
     </span>
    </p>
   </div>
   <div class='ocr_carea' id='block_1_109' title="bbox 373 5607 1941 5681">
    <p class='ocr_par' dir='ltr' id='par_1_109' title="bbox 373 5607 1941 5681">
     <span class='ocr_line' id='line_1_109' title="bbox 373 5607 1941 5681; baseline -0.005 -14"><span class='ocrx_word' id='word_1_767' title='bbox 373 5607 533 5668; x_wconf 45' lang='lat' dir='ltr'><strong>toti-es</strong></span> <span class='ocrx_word' id='word_1_768' title='bbox 588 5614 729 5681; x_wconf 86' lang='lat' dir='ltr'><strong>apud</strong></span> <span class='ocrx_word' id='word_1_769' title='bbox 778 5612 1140 5681; x_wconf 80' lang='lat' dir='ltr'><strong>Gennadinm,</strong></span> <span class='ocrx_word' id='word_1_770' title='bbox 1200 5609 1489 5681; x_wconf 59' lang='lat' dir='ltr'><strong>l’hotiunt,</strong></span> <span class='ocrx_word' id='word_1_771' title='bbox 1525 5620 1589 5681; x_wconf 69' lang='lat' dir='ltr'><strong>et</strong></span> <span class='ocrx_word' id='word_1_772' title='bbox 1634 5610 1686 5681; x_wconf 85' lang='lat' dir='ltr'><strong>in</strong></span> <span class='ocrx_word' id='word_1_773' title='bbox 1730 5607 1941 5659; x_wconf 64' lang='lat' dir='ltr'><strong>catt-nis</strong></span> 
     </span>
    </p>
   </div>
   <div class='ocr_carea' id='block_1_110' title="bbox 377 5676 1943 5746">
    <p class='ocr_par' dir='ltr' id='par_1_110' title="bbox 377 5676 1943 5746">
     <span class='ocr_line' id='line_1_110' title="bbox 377 5676 1943 5746; baseline -0.006 -10"><span class='ocrx_word' id='word_1_774' title='bbox 377 5685 601 5745; x_wconf 80' lang='lat' dir='ltr'><strong>mentio,</strong></span> <span class='ocrx_word' id='word_1_775' title='bbox 624 5676 786 5735; x_wconf 59' lang='lat' dir='ltr'><strong>extra</strong></span> <span class='ocrx_word' id='word_1_776' title='bbox 810 5698 971 5735; x_wconf 68' lang='lat' dir='ltr'><strong>omne</strong></span> <span class='ocrx_word' id='word_1_777' title='bbox 996 5680 1221 5732; x_wconf 84' lang='lat' dir='ltr'><strong>dubium</strong></span> <span class='ocrx_word' id='word_1_778' title='bbox 1254 5678 1406 5746; x_wconf 84' lang='lat' dir='ltr'><strong>ponit</strong></span> <span class='ocrx_word' id='word_1_779' title='bbox 1434 5676 1684 5744; x_wconf 82' lang='lat' dir='ltr'><strong>Photitts)</strong></span> <span class='ocrx_word' id='word_1_780' title='bbox 1714 5692 1775 5727; x_wconf 85' lang='lat' dir='ltr'><strong>ac</strong></span> <span class='ocrx_word' id='word_1_781' title='bbox 1799 5684 1943 5742; x_wconf 82' lang='lat' dir='ltr'><strong>post-</strong></span> 
     </span>
    </p>
   </div>
   <div class='ocr_carea' id='block_1_111' title="bbox 372 5746 1936 5821">
    <p class='ocr_par' dir='ltr' id='par_1_111' title="bbox 372 5746 1936 5821">
     <span class='ocr_line' id='line_1_111' title="bbox 372 5746 1936 5821; baseline -0.007 -14"><span class='ocrx_word' id='word_1_782' title='bbox 372 5771 434 5808; x_wconf 81' lang='lat' dir='ltr'><strong>ea</strong></span> <span class='ocrx_word' id='word_1_783' title='bbox 475 5754 821 5821; x_wconf 70' lang='lat' dir='ltr'><strong>Mopsuestia:</strong></span> <span class='ocrx_word' id='word_1_784' title='bbox 864 5754 917 5803; x_wconf 88' lang='lat' dir='ltr'><strong>in</strong></span> <span class='ocrx_word' id='word_1_785' title='bbox 947 5750 1131 5805; x_wconf 82' lang='lat' dir='ltr'><strong>Cilicia</strong></span> <span class='ocrx_word' id='word_1_786' title='bbox 1164 5750 1455 5821; x_wconf 84' lang='lat' dir='ltr'><strong>episcopus</strong></span> <span class='ocrx_word' id='word_1_787' title='bbox 1476 5766 1507 5821; x_wconf 15' lang='lat' dir='ltr'><strong>;r</strong></span> <span class='ocrx_word' id='word_1_788' title='bbox 1538 5756 1592 5821; x_wconf 76' lang='lat' dir='ltr'><strong>et</strong></span> <span class='ocrx_word' id='word_1_789' title='bbox 1620 5746 1936 5821; x_wconf 81' lang='lat' dir='ltr'><strong>aliquandiu</strong></span> 
     </span>
    </p>
   </div>
   <div class='ocr_carea' id='block_1_112' title="bbox 374 5816 1943 5878">
    <p class='ocr_par' dir='ltr' id='par_1_112' title="bbox 374 5816 1943 5878">
     <span class='ocr_line' id='line_1_112' title="bbox 374 5816 1943 5878; baseline -0.007 -1"><span class='ocrx_word' id='word_1_790' title='bbox 374 5816 684 5878; x_wconf 77' lang='lat' dir='ltr'><strong>Nestorium</strong></span> <span class='ocrx_word' id='word_1_791' title='bbox 710 5834 758 5877; x_wconf 88' lang='lat' dir='ltr'><strong>et</strong></span> <span class='ocrx_word' id='word_1_792' title='bbox 777 5822 1167 5875; x_wconf 83' lang='lat' dir='ltr'><strong>Thcodoritnnt</strong></span> <span class='ocrx_word' id='word_1_793' title='bbox 1196 5820 1473 5872; x_wconf 82' lang='lat' dir='ltr'><strong>auditores</strong></span> <span class='ocrx_word' id='word_1_794' title='bbox 1500 5816 1704 5870; x_wconf 85' lang='lat' dir='ltr'><strong>habuit.</strong></span> <span class='ocrx_word' id='word_1_795' title='bbox 1730 5817 1943 5869; x_wconf 78' lang='lat' dir='ltr'><strong>(.‘laruit</strong></span> 
     </span>
    </p>
   </div>
   <div class='ocr_carea' id='block_1_113' title="bbox 374 5889 1944 5962">
    <p class='ocr_par' dir='ltr' id='par_1_113' title="bbox 374 5889 1944 5962">
     <span class='ocr_line' id='line_1_113' title="bbox 374 5889 1944 5962; baseline -0.005 -13"><span class='ocrx_word' id='word_1_796' title='bbox 374 5910 517 5948; x_wconf 85' lang='lat' dir='ltr'><strong>anno</strong></span> <span class='ocrx_word' id='word_1_797' title='bbox 547 5894 673 5959; x_wconf 74' lang='grc'>407,</span> <span class='ocrx_word' id='word_1_798' title='bbox 717 5896 845 5962; x_wconf 86' lang='lat' dir='ltr'><strong>quin</strong></span> <span class='ocrx_word' id='word_1_799' title='bbox 889 5893 931 5946; x_wconf 88' lang='lat' dir='ltr'><strong>si</strong></span> <span class='ocrx_word' id='word_1_800' title='bbox 982 5891 1172 5944; x_wconf 88' lang='lat' dir='ltr'><strong>mortis</strong></span> <span class='ocrx_word' id='word_1_801' title='bbox 1205 5889 1322 5958; x_wconf 71' lang='lat' dir='ltr'><strong>ejus</strong></span> <span class='ocrx_word' id='word_1_802' title='bbox 1354 5898 1570 5955; x_wconf 80' lang='lat' dir='ltr'><strong>tempus</strong></span> <span class='ocrx_word' id='word_1_803' title='bbox 1619 5895 1764 5941; x_wconf 80' lang='lat' dir='ltr'><strong>recte</strong></span> <span class='ocrx_word' id='word_1_804' title='bbox 1793 5901 1944 5941; x_wconf 87' lang='lat' dir='ltr'><strong>asse-</strong></span> 
     </span>
    </p>
   </div>
   <div class='ocr_carea' id='block_1_114' title="bbox 2047 5531 3627 5604">
    <p class='ocr_par' dir='ltr' id='par_1_114' title="bbox 2047 5531 3627 5604">
     <span class='ocr_line' id='line_1_114' title="bbox 2047 5531 3627 5604; baseline 0.003 -19"><span class='ocrx_word' id='word_1_805' title='bbox 2047 5550 2205 5604; x_wconf 86' lang='lat' dir='ltr'><strong>quar,</strong></span> <span class='ocrx_word' id='word_1_806' title='bbox 2232 5532 2343 5604; x_wconf 69' lang='lat' dir='ltr'><strong>jam</strong></span> <span class='ocrx_word' id='word_1_807' title='bbox 2372 5531 2439 5585; x_wconf 89' lang='lat' dir='ltr'><strong>ab</strong></span> <span class='ocrx_word' id='word_1_808' title='bbox 2471 5547 2614 5585; x_wconf 91' lang='lat' dir='ltr'><strong>anno</strong></span> <span class='ocrx_word' id='word_1_809' title='bbox 2634 5532 2758 5604; x_wconf 64' lang='grc'><strong>592,</strong></span> <span class='ocrx_word' id='word_1_810' title='bbox 2778 5532 3385 5604; x_wconf 59' lang='lat' dir='ltr'><strong>episcopatunLtenuit.</strong></span> <span class='ocrx_word' id='word_1_811' title='bbox 3414 5532 3627 5604; x_wconf 85' lang='lat' dir='ltr'><strong>Obiisse</strong></span> 
     </span>
    </p>
   </div>
   <div class='ocr_carea' id='block_1_115' title="bbox 2047 5602 3629 5672">
    <p class='ocr_par' dir='ltr' id='par_1_115' title="bbox 2047 5602 3629 5672">
     <span class='ocr_line' id='line_1_115' title="bbox 2047 5602 3629 5672; baseline -0.001 -16"><span class='ocrx_word' id='word_1_812' title='bbox 2047 5602 2190 5657; x_wconf 81' lang='lat' dir='ltr'><strong>enim</strong></span> <span class='ocrx_word' id='word_1_813' title='bbox 2219 5602 2429 5655; x_wconf 81' lang='lat' dir='ltr'><strong>videtur</strong></span> <span class='ocrx_word' id='word_1_814' title='bbox 2469 5618 2612 5655; x_wconf 90' lang='lat' dir='ltr'><strong>anno</strong></span> <span class='ocrx_word' id='word_1_815' title='bbox 2638 5603 2762 5665; x_wconf 64' lang='grc' dir='ltr'><strong>ωε,</strong></span> <span class='ocrx_word' id='word_1_816' title='bbox 2807 5610 3093 5671; x_wconf 84' lang='lat' dir='ltr'><strong>postquam</strong></span> <span class='ocrx_word' id='word_1_817' title='bbox 3141 5602 3442 5656; x_wconf 88' lang='lat' dir='ltr'><strong>Ecclesiam</strong></span> <span class='ocrx_word' id='word_1_818' title='bbox 3479 5603 3629 5672; x_wconf 85' lang='lat' dir='ltr'><strong>Mop-</strong></span> 
     </span>
    </p>
   </div>
   <div class='ocr_carea' id='block_1_116' title="bbox 2049 5672 3626 5741">
    <p class='ocr_par' dir='ltr' id='par_1_116' title="bbox 2049 5672 3626 5741">
     <span class='ocr_line' id='line_1_116' title="bbox 2049 5672 3626 5741; baseline -0.001 -14"><span class='ocrx_word' id='word_1_819' title='bbox 2049 5682 2361 5727; x_wconf 88' lang='lat' dir='ltr'><strong>suestenam</strong></span> <span class='ocrx_word' id='word_1_820' title='bbox 2424 5689 2519 5741; x_wconf 88' lang='lat' dir='ltr'><strong>per</strong></span> <span class='ocrx_word' id='word_1_821' title='bbox 2574 5672 2642 5725; x_wconf 72' lang='lat'><strong>56</strong></span> <span class='ocrx_word' id='word_1_822' title='bbox 2696 5688 2870 5727; x_wconf 91' lang='lat' dir='ltr'><strong>annos</strong></span> <span class='ocrx_word' id='word_1_823' title='bbox 2924 5673 3303 5741; x_wconf 86' lang='lat' dir='ltr'><strong>gubernasset.</strong></span> <span class='ocrx_word' id='word_1_824' title='bbox 3362 5672 3525 5726; x_wconf 84' lang='lat' dir='ltr'><strong>Varia</strong></span> <span class='ocrx_word' id='word_1_825' title='bbox 3561 5676 3626 5727; x_wconf 89' lang='lat' dir='ltr'><strong>de</strong></span> 
     </span>
    </p>
   </div>
   <div class='ocr_carea' id='block_1_117' title="bbox 2050 5742 3628 5813">
    <p class='ocr_par' dir='ltr' id='par_1_117' title="bbox 2050 5742 3628 5813">
     <span class='ocr_line' id='line_1_117' title="bbox 2050 5742 3628 5813; baseline 0.001 -17"><span class='ocrx_word' id='word_1_826' title='bbox 2050 5747 2142 5797; x_wconf 92' lang='lat' dir='ltr'><strong>illo</strong></span> <span class='ocrx_word' id='word_1_827' title='bbox 2174 5743 2647 5813; x_wconf 74' lang='lat' dir='ltr'><strong>ferunturjudieia</strong></span> <span class='ocrx_word' id='word_1_828' title='bbox 2678 5760 2697 5813; x_wconf 10' lang='lat'><strong>7:</strong></span> <span class='ocrx_word' id='word_1_829' title='bbox 2734 5744 2984 5796; x_wconf 79' lang='lat' dir='ltr'><strong>laudatur</strong></span> <span class='ocrx_word' id='word_1_830' title='bbox 3021 5743 3089 5796; x_wconf 90' lang='lat' dir='ltr'><strong>ab</strong></span> <span class='ocrx_word' id='word_1_831' title='bbox 3131 5742 3239 5813; x_wconf 68' lang='lat' dir='ltr'><strong>his.</strong></span> <span class='ocrx_word' id='word_1_832' title='bbox 3273 5745 3528 5813; x_wconf 88' lang='lat' dir='ltr'><strong>culpatur</strong></span> <span class='ocrx_word' id='word_1_833' title='bbox 3558 5744 3628 5799; x_wconf 87' lang='lat' dir='ltr'><strong>ab</strong></span> 
     </span>
    </p>
   </div>
   <div class='ocr_carea' id='block_1_118' title="bbox 2048 5812 3319 5884">
    <p class='ocr_par' dir='ltr' id='par_1_118' title="bbox 2048 5812 3319 5884">
     <span class='ocr_line' id='line_1_118' title="bbox 2048 5812 3319 5884; baseline -0.001 -16"><span class='ocrx_word' id='word_1_834' title='bbox 2048 5816 2180 5870; x_wconf 87' lang='lat' dir='ltr'><strong>illis.</strong></span> <span class='ocrx_word' id='word_1_835' title='bbox 2220 5812 2362 5869; x_wconf 79' lang='lat' dir='ltr'><strong>Guil.</strong></span> <span class='ocrx_word' id='word_1_836' title='bbox 2399 5815 2566 5879; x_wconf 66' lang='lat' dir='ltr'><strong>Cave,</strong></span> <span class='ocrx_word' id='word_1_837' title='bbox 2604 5812 2684 5866; x_wconf 77' lang='lat' dir='ltr'><strong>Ad</strong></span> <span class='ocrx_word' id='word_1_838' title='bbox 2716 5829 2842 5868; x_wconf 78' lang='lat' dir='ltr'><strong>amt.</strong></span> <span class='ocrx_word' id='word_1_839' title='bbox 2877 5814 3002 5879; x_wconf 66' lang='grc'>407,</span> <span class='ocrx_word' id='word_1_840' title='bbox 3040 5828 3164 5884; x_wconf 85' lang='lat' dir='ltr'><strong>pag.</strong></span> <span class='ocrx_word' id='word_1_841' title='bbox 3211 5812 3319 5869; x_wconf 76' lang='grc'><strong>296</strong></span> 
     </span>
    </p>
   </div>
  </div>
