4460 6634
860 426 999 484 1519
2293 424 2621 481 8οΖΟΜΕΝΙ

2328 424 2632 481 ΟΖΟΜΕΝΙ
3952 437 4089 493 πεξο

858 558 1141 621 gereretur
1173 551 1339 620 328
1382 550 1647 606 adversus
1689 549 2007 613 Maximum,
2044 548 2201 601 aiunt
2241 545 2419 600 Theo-
2448 553 2492 607 Α
2522 560 2619 617 χειι

2325 560 2419 600 eo-
2448 553 2492 607 Α
2522 544 2821 617 χειροτονίᾳ
2865 546 3230 611 σπουδάζοντα
3277 549 3458 613 δείσας
3489 550 3812 622 Εὑτρόπιον,
3848 551 3941 604 τὸν
3966 554 4084 607 τότε

857 644 1068 712 philum
1099 642 1244 696 datis
1290 642 1504 697 Isidoro
1533 643 1853 697 nnmeribus
1891 649 1946 695 et
1977 639 2257 709 epistolis,
2304 646 2423 693 tum
2521 652 2618 705 πρε

2330 653 2423 693 um
2521 636 2840 705 προεστῶτα
2863 638 2957 691 τοῦ
2993 639 3256 709 βασιλέως
3279 640 3452 695 οίκου.
3483 642 3584 693 ’⁸ον
3624 660 3789 712 φασιν
3826 642 4085 713 ἄντικρυς,

856 732 922 786 ad
964 732 1371 802 imperatorem,
1414 743 1526 786 tum
1578 733 1645 787 ad
1676 740 1988 802 tyrannum,
2030 728 2326 783 mandasse
2369 726 2421 781 ei
2516 732 2617 785 αὐτ

2369 726 2421 781 ei
2516 730 2672 801 αὐτῷ
2699 732 3010 802 ἀπειλῆσαι,
3060 734 3092 804 ἢ
3132 734 3305 787 ταυτά
3336 737 3448 798 τοῖς
3484 734 3665 798 ἄλλοις
3713 735 3916 807 ἱερεῦσι
3954 752 4090 805 συμ-

857 831 914 877 ut
942 822 1127 877 lloma:
1150 831 1421 891 maneret,
1439 824 1677 893 bellique
1706 830 1959 876 eventum
1985 820 2419 889 praestolaretur,
2513 822 2618 893 ψης

2332 832 2419 882 ur,
2513 822 2851 893 ψηφίσασθαι
2871 863 2886 889 ,
2913 824 2948 895 ἢ
2992 829 3104 889 τοῖς
3136 826 3388 894 ἐγκαλεῖν
3421 826 3766 896 βουλομένοις
3821 828 4087 895 ἀπολογής

855 924 904 970 et
949 917 1161 971 litteras
1213 932 1346 971 suas
1393 931 1519 970 cum
1568 915 1888 969 muneribus
1929 914 2152 966 offerret
2199 909 2418 964 victori.
2516 929 2616 966 σασ

2323 909 2418 963 πὶ.
2516 912 2731 966 σασθαι.
2783 914 3010 983 Ἔτυχον
3042 914 3151 985 γὰρ
3193 914 3357 967 αὐτὸν
3407 914 3593 967 πολλοὶ
3645 914 3766 966 τότε
3822 914 3973 985 παρά
4020 916 4084 984 τῇ

856 1005 1008 1060 llunc
1036 1021 1188 1071 vero,
1220 1022 1345 1061 cum
1372 1007 1521 1062 istud
1546 1007 1793 1068 fecisset,
1827 1008 2037 1061 detecta
2062 1002 2278 1064 fraude,
2312 999 2421 1054 sibi
2514 1018 2617 1055 crw

1372 1007 1521 1062 istud
1546 1007 1793 1068 fecisset,
1827 1008 2037 1061 detecta
2062 1002 2278 1064 fraude,
2312 999 2421 1054 sibi
2514 1002 2715 1072 συνόδῳ
2747 1002 3107 1074 γραψάμενοι.

853 1112 1208 1166 metuentem,
1247 1102 1373 1173 fuga
1405 1102 1795 1157 Alexandriam
1846 1099 2153 1169 repetiisse.
2206 1094 2417 1150 Exinde
2454 1110 2582 1151 vero
2626 1095 3013 1166 Theophilum,
3054 1113 3216 1173 .cum
3261 1098 3402 1154 inter
3473 1098 3820 1155 fidelissimos
3864 1097 4090 1153 haberet

851 1195 1143 1261 lsidorum,
1179 1205 1547 1266 opportunam
1580 1212 1639 1251 se
1668 1196 1976 1251 mercedem
2006 1193 2252 1247 laborum
2316 1205 2455 1258 quos
2526 1206 2629 1260 pro
2671 1191 2790 1260 ipso
2834 1192 3173 1247 sustinuerat
3218 1193 3269 1247 ei
3308 1207 3671 1264 repensurum
3714 1192 4089 1254 existimasse,

848 1289 894 1341 si
929 1288 1441 1359 Constantinopolis
1480 1290 1802 1361 episcopum
1848 1287 2001 1341 illum
2036 1284 2416 1338 constitueret.
2460 1281 2662 1337 Verum
2716 1284 2831 1338 sive
2876 1284 2977 1338 hac
3018 1285 3086 1339 de
3156 1299 3363 1350 causa,
3435 1287 3555 1341 sive
3597 1284 3857 1354 tanquam
3908 1283 4089 1335 virum

849 1382 1347 1448 bonum,ordinaro
1373 1382 1527 1435 illum
1549 1382 1783 1437 voluerit
1845 1379 2209 1449 Theophilus,
2257 1377 2481 1431 tandem
2520 1374 2751 1431 Joannis
2791 1376 3047 1431 electioni
3100 1392 3388 1433 assensum
3442 1378 3715 1449 praebuit,
3765 1375 4089 1441 Eutropiutn

848 1471 1080 1534 veritus,
1118 1469 1420 1540 imperialis
1459 1471 1703 1525 cubiculi
1742 1478 1874 1525 tunc
1907 1470 2286 1541 praepositum,
2317 1468 2412 1537 qui
2449 1465 2681 1521 Joannis
2708 1466 3047 1521 ordinationi
3080 1482 3409 1538 magnOpere
3481 1468 3718 1524 favebat.
3766 1466 3866 1520 IIic
3941 1468 4087 1520 enim

846 1565 1025 1634 palam
1058 1563 1110 1619 ei
1147 1563 1505 1620 denuntiasse
1576 1565 1803 1629 dicitur,
1872 1574 1931 1618 ut
1978 1572 2074 1617 aut
2147 1563 2488 1632 reliquorum
2527 1561 2875 1615 sacerdotum
2915 1561 3192 1629 sull'ragiis
3228 1563 3536 1628 accederet,
3571 1573 3667 1617 aut
3696 1563 3763 1617 iis
3800 1575 3893 1630 qut
3920 1573 4089 1613 accu-

846 1670 972 1710 sare
1020 1656 1201 1725 ipsum
1244 1653 1524 1718 volebant,
1556 1656 1942 1724 responderet.
1993 1651 2208 1723 Quippe
2252 1652 2418 1705 inulti
2453 1658 2568 1704 tum
2602 1650 2851 1715 aderant,
2874 1651 2966 1721 qui
2994 1667 3179 1706 coram
3212 1654 3423 1723 synodo
3450 1668 3574 1708 eum
3610 1660 3967 1709 accusarant.

1491 1750 1642 1805 CAP.
1688 1750 1775 1804 Ill.
2444 1757 2488 1815 Β
3125 1750 3371 1802 ΚΕΦΑΛ.
3406 1748 3483 1802 Γ’.

844 1844 1124 1910 Quomodo
1156 1840 1391 1897 Joannes
1422 1843 1489 1895 ad
1520 1844 1875 1910 episcopatum
1902 1852 2195 1911 promotus,
2232 1841 2413 1894 statim

914 1914 1068 1965 rebus
1098 1913 1337 1982 gerendis
1367 1914 1711 1965 vehementius
1740 1914 2119 1978 incubuerit,et
2152 1911 2411 1964 Ecclesias

915 1982 1104 2050 ubique
1142 1982 1375 2035 locorum
1403 1984 1728 2035 correxerit:
1763 1985 2038 2048 missisque
2078 1982 2297 2035 Romam
2334 1982 2411 2033 le-

912 2056 1074 2123 galis,
1108 2050 1354 2105 Flaviani
1379 2062 1650 2120 peccatum
1678 2054 1998 2106 dissolverit.

918 2208 1090 2262 Porro
1126 2204 1368 2263 Joannes
1401 2208 1565 2263 simul
1592 2217 1754 2278 atque
1800 2208 1853 2262 in
1894 2208 2213 2278 episcopatu
2244 2207 2415 2261 collo-

846 2307 1006 2354 catus
1036 2307 1144 2363 est,
1182 2308 1312 2355 ante
1367 2302 1553 2353 omnia
1604 2302 1931 2355 clericorum
1980 2314 2207 2354 suorum
2247 2298 2412 2353 vitam

845 2391 1139 2447 emendare
1180 2391 1413 2447 studuit.
1461 2391 1526 2444 Et
1563 2393 1617 2445 in
1661 2407 1961 2463 processus
2002 2402 2056 2447 et
2106 2392 2310 2445 victum
2349 2403 2413 2443 ac

846 2484 1111 2554 reliquam
1156 2499 1346 2537 eorum
1392 2486 1869 2538 conversationem
1908 2483 2198 2553 diligenter
2231 2481 2414 2551 inqui-

846 2591 1018 2640 reus,
1072 2576 1430 2645 redarguebat
1483 2577 1606 2631 illos
1657 2586 1713 2631 et
1755 2576 2090 2646 corrigebat.
2134 2574 2411 2640 Quosdam

846 2661 1013 2714 etiam
1042 2659 1291 2714 Ecclesia
1320 2661 1501 2730 ejecit.
1536 2660 1671 2714 Nam
1705 2676 1829 2714 cum
1875 2663 1941 2714 ad
1974 2660 2411 2732 redarguendum

847 2761 1041 2823 suopte
1074 2753 1293 2823 ingenio
1321 2753 1578 2822 proclivis
1608 2760 1776 2817 esset,
1809 2760 1864 2806 et
1884 2751 2151 2807 adversus
2183 2767 2281 2806 eos
2313 2749 2410 2821 qui

846 2848 1107 2917 injuriam
1146 2847 1409 2901 fecissent
1436 2847 1587 2914 justa
1627 2846 2006 2916 indignatione
2036 2859 2413 2900 commovere-

849 2951 961 3002 tur,
1006 2955 1102 2995 eos
1129 2938 1357 2993 allectus
1385 2939 1561 2993 multo
1588 2937 1763 3008 magis
1790 2939 1944 2992 auxit
1983 2938 2039 2993 in
2070 2939 2409 3009 episcopatu.

845 3034 1050 3088 Natura
1082 3033 1228 3088 enim
1259 3032 1538 3087 licentiam
1573 3041 1755 3096 nacta,
1791 3032 2034 3103 linguam
2083 3031 2151 3085 ad
2175 3047 2411 3102 arguen.

848 3127 978 3181 dum
1010 3125 1169 3179 facile
1196 3122 1530 3194 impellebat,
1553 3131 1607 3177 et
1634 3122 1773 3176 iram
1804 3099 2067 3179 adversus
2090 3099 2412 3193 delinquen-
2438 3099 2481 3157 ο

839 3227 933 3274 tes
963 3216 1268 3289 promptius
1312 3216 1597 3270 incitabat.
1645 3213 1832 3287 Neque
1864 3230 1993 3271 vero
2022 3229 2181 3271 suam
2208 3215 2412 3269 dunta-

849 3317 962 3373 xat,
995 3308 1091 3364 scd
1118 3318 1172 3363 et
1200 3307 1437 3377 reliquas
1462 3307 1663 3378 ubique
1690 3307 1934 3361 locorum
1968 3306 2262 3372 Ecclesias,
2290 3318 2412 3362 tan-

847 3416 1011 3472 quam
1046 3400 1226 3455 bonus
1252 3407 1305 3453 et
1355 3399 1573 3454 excelso
1611 3399 1792 3453 animo
1818 3400 2103 3468 praeditus,
2135 3400 2413 3471 corrigere

848 3492 1175 3547 conabatur.
1214 3489 1551 3549 Proinde.in
1593 3489 1714 3559 ipso
1749 3490 2099 3560 episcopatus
2136 3490 2222 3544 sui
2252 3505 2415 3546 exor-

848 3583 959 3645 dio,
988 3596 1111 3635 cum
1143 3578 1527 3633 Occidentales
1552 3586 1607 3634 et
1633 3578 1875 3649 [Egyptii
1918 3578 2237 3634 sacerdotes
2272 3578 2413 3633 Pau-

849 3671 943 3726 lini
973 3672 1146 3742 gratia
1176 3671 1246 3723 ab
1271 3668 1642 3725 Orientalibus
1667 3669 1941 3739 episcOpis
1967 3668 2147 3724 adhuc
2178 3669 2416 3725 disside-

846 3774 987 3827 rent,
1018 3770 1073 3817 et
1105 3762 1381 3831 publicum
1410 3760 1688 3831 quoddam
1725 3760 2015 3817 discidium
2041 3762 2113 3816 ob
2140 3775 2260 3815 eam
2296 3776 2411 3815 rem

842 3857 1018 3910 totius
1060 3854 1275 3924 imperii
1318 3852 1552 3907 Romani
1604 3852 1879 3907 Ecclesias
1922 3852 2236 3917 obtineret,
2294 3852 2411 3921 ipse

844 3944 1204 4015 Theophilum
1237 3944 1463 4012 rogavit,
1491 3951 1549 3996 ut
1595 3958 1751 3998 suam
1787 3942 1889 4011 ipsi
1916 3958 2137 4013 operam
2168 3957 2412 3997 commo-

845 4039 1018 4101 daret,
1060 4044 1113 4091 et
1160 4034 1468 4090 Romanum
1497 4036 1817 4105 episcopum
1848 4034 2112 4090 Flaviano
2164 4037 2411 4091 reconci-

842 4130 1024 4183 liaret.
1068 4127 1222 4193 Quod
1244 4143 1367 4182 cum
1393 4128 1717 4198 placuisset,
1750 4129 1913 4185 electi
1944 4137 2073 4184 sunt
2104 4129 2172 4184 ad
2218 4129 2272 4183 id
2316 4144 2411 4184 ne-

846 4220 1052 4290 gotium
1076 4217 1239 4289 329
1260 4216 1494 4272 Acacins
1526 4219 1820 4289 episcopus
1844 4217 2048 4273 Beroeaa
2069 4229 2123 4274 et
2145 4219 2407 4285 Isidorus;

846 4312 892 4362 is
933 4309 1089 4377 cujus
1125 4308 1298 4378 gratia
1329 4306 1669 4377 Theophilus
1700 4307 1929 4364 Joannis
1954 4307 2289 4362 ordinationi
2317 4307 2411 4360 ad-

2528 1839 2623 1909 Ὠς
2653 1839 2920 1893 ἐπελθὼν
2956 1839 3235 1905 Ἰωάννης
3272 1839 3369 1892 ἐπὶ
3407 1838 3524 1905 τὴν
3552 1839 3917 1906 ἐπισκοπὴν,
3943 1853 4089 1908 σφο-

2584 1911 2867 1977 δρότερον
2930 1910 3149 1975 ἥπτετο
3203 1909 3321 1961 τῶν
3375 1909 3769 1976 πραγμάτων,
3825 1910 3923 1962 καί
3978 1914 4049 1963 τὰ

2582 1980 2931 2045 ἁπανταχοῦ
2973 1977 3329 2044 Ἑκκλησίας
3355 1980 3702 2046 ἐπηνώρθου
3724 1994 3736 2008 ⁸
3775 1980 3872 2032 καὶ
3903 1979 3984 2043 ὡς
4016 1995 4047 2031 τ

2583 2049 2732 2101 κατὰ
2765 2051 2872 2101 τὸν
2916 2049 3251 2102 Φλαόιανὸν
3303 2048 3570 2117 πταῖσμα
3610 2048 4087 2117 διαπρεσϐευσὼ

2576 2135 2758 2186 μενος
2784 2121 2870 2183 είς
2913 2118 3143 2187 Ῥώμην
3183 2116 3448 2172 διέλυσε.

2594 2208 2652 2260 'O
2680 2207 2737 2259 δέ
2763 2206 3015 2277 Ἰωάννης
3042 2208 3133 2259 ἐπὶ
3157 2206 3257 2276 τῆς
3279 2207 3583 2276 ἐπισκοπῆς
3610 2206 3919 2276 γενόμενος,
3950 2208 4087 2279 πρόο

2510 2316 2669 2371 τερον
2708 2298 3048 2368 διορθοῦσθαι
3079 2299 3204 2361 τοὺς
3252 2298 3398 2367 βίους
3429 2297 3538 2351 τῶν
3574 2298 3665 2350 ὑπ’
3699 2298 3862 2350 αὐτὸν
3894 2299 4085 2369 κληρι·

2511 2391 2623 2445 κῶν
2652 2390 2948 2454 ἐσπούδαζε
2975 2407 2989 2420 ·
3025 2390 3281 2460 προόδους
3320 2406 3379 2442 τε
3414 2389 3593 2443 αὐτῶν
3640 2390 3733 2442 καὶ
3756 2390 3961 2443 δίαιταν
3990 2390 4087 2444 καὶ

2510 2483 2609 2553 τὴν
2638 2482 2805 2551 ἄλλην
2839 2481 3059 2551 ἀγωγὴν
3094 2481 3561 2551 πολυπραγμονῶν
3588 2522 3603 2547 ,
3637 2481 3837 2551 ῆλετχέ
3886 2499 3945 2534 τε
3988 2482 4085 2534 καὶ⁸

2512 2574 2849 2646 ἐπέστρεφε·
2896 2574 3021 2637 τοὺς
3057 2574 3113 2626 δέ
3138 2573 3231 2625 καὶ
3260 2573 3359 2643 τῆς
3405 2573 3731 2643 Ἐκκλησίας
3784 2573 3997 2637 ἐξεοῦτο
4030 2584 4080 2628 ο.

2525 2667 2862 2736 Ἐλεγκτικὸς
2887 2667 2994 2738 γὰρ
3022 2665 3095 2718 ὣν
3125 2665 3306 2735 φύσει,
3330 2665 3423 2718 καὶ
3449 2665 3589 2717 κατά
3616 2665 3723 2717 τῶν
3754 2663 4082 2718 ἀδικούντων

2510 2760 2569 2813 ἐν
2595 2760 2718 2831 δίκῃ
2747 2758 3089 2827 ἀγανακτῶν,
3129 2758 3208 2810 ἐτι
3237 2757 3434 2828 μᾶλλον
3477 2759 3535 2810 ἐν
3563 2760 3630 2828 τῇ
3675 2758 3944 2827 ἐπισκοπῇ
3980 2758 4080 2808 ἐπ-

2513 2853 2681 2906 έδωκε
2707 2853 2914 2915 τούτοις
2927 2854 3039 2914 τοῖς
3062 2850 3396 2921 παθήμασιν.
3430 2851 3497 2902 Ἦ
3518 2851 3624 2919 γὰρ
3650 2847 3811 2917 φύσις
3836 2846 4082 2913 ἐξουσίας

2511 2946 2912 3017 ἐπιλαϐομένη,
2947 2945 3142 3018 ῥᾳδίως
3187 2946 3265 3009 εἰς
3295 2945 3515 3014 ἔλεγχον
3564 2942 3725 3013 ἐξῆγε
3757 2942 3856 3012 τὴν
3901 2941 4081 3010 γλῶσ-

2513 3056 2609 3094 σαν
2628 3078 2642 3104 ,
2673 3037 2768 3091 καὶ
2797 3036 2897 3107 τὴν
2932 3036 3102 3107 ὀργὴν
3145 3037 3485 3106 ἑτοιμότερον
3524 3034 3663 3087 κατὰ
3694 3033 3803 3086 τῶν
3833 3034 4081 3104 ἁμαρτα-

2512 3130 2710 3184 νόντων
2752 3126 2943 3179 ἐκίνει.
2967 3125 3041 3179 Οὐ
3092 3125 3251 3195 μόνον
3297 3122 3354 3175 δὲ
3403 3122 3502 3192 τὴν
3534 3120 3625 3175 ὑπ’
3654 3120 3818 3174 αὑτὸν
3855 3118 4080 3188 Ἐκκλη-

2517 3222 2673 3284 σίαν,
2711 3219 2826 3273 ἀλλ’
2870 3219 2947 3281 ὼς
2985 3216 3184 3287 ἀγαθὸς
3237 3216 3329 3269 καὶ
3386 3213 3779 3283 μεγαλόφρων,
3804 3256 3805 3259 η
3833 3211 3926 3263 καὶ
3980 3210 4079 3273 τὰς

2514 3311 2788 3383 πανταχοῦ
2831 3308 3161 3381 ἐπανορθοῦν
3205 3306 3555 3370 ἐσπούδαζεν.
3594 3305 3803 3359 Αὐτίκα
3834 3303 3962 3372 γοῦν
3987 3302 4079 3355 ἐπὶ

2512 3404 2608 3475 τὴν
2640 3401 2942 3471 ἐπισκοπὴν
2963 3396 3267 3469 παρελθὼν,
3303 3394 3383 3449 ἔτι
3409 3396 3517 3447 τῶν
3548 3394 3653 3447 ἀνά
3680 3395 3782 3465 τὴν
3809 3394 4079 3461 Αἴγυπτον

2512 3496 2609 3551 καὶ
2643 3495 2803 3548 Δύσιν
2842 3492 3034 3563 ἱερέων
3058 3490 3194 3562 πρὸς
3225 3489 3351 3553 τοὺς
3378 3490 3435 3541 ἐν
3464 3491 3530 3558 τῇ
3559 3488 3671 3557 ’Έῳ
3699 3485 3787 3539 διά
3817 3486 4078 3539 Παυλῖνον

2510 3585 2945 3657 διαφερομένων,
2988 3585 3085 3636 καὶ
3127 3580 3312 3649 κοινῆς
3356 3597 3499 3642 τινος
3538 3578 3759 3648 ἀμιξίας
3797 3576 3882 3629 διὰ
3924 3575 4081 3629 τοῦτο

2510 3678 2609 3741 τὰς
2656 3678 2761 3730 ὰνά
2807 3677 2914 3728 πᾶν
2959 3673 3022 3726 τὸ
3064 3673 3304 3742 ὑπήκοον
3344 3669 3668 3739 Ἐκκλησίας
3718 3667 4077 3737 κατεχούσης,

2512 3766 2709 3836 ἐδεήθη
2752 3764 3012 3834 Θεοφίλου
3045 3762 3362 3834 συμπρᾶξαι
3405 3759 3583 3830 αὐτῷ,
3613 3758 3709 3812 καὶ
3748 3757 4076 3823 καταλλάξας

2510 3857 2791 3928 Φλαδιανῷ
2840 3857 2930 3909 τὸν
2971 3854 3257 3925 Ῥωμαίων
3288 3852 3605 3906 ἐπίσκοπον.
3638 3846 3767 3904 Ὧδε
3798 3849 3865 3902 δὲ
3896 3850 4075 3915 δόξαν,

2512 3946 2791 4020 αἱροῦνται
2824 3947 2917 3999 ἐπὶ
2944 3945 3100 4000 τοῦτο
3140 3943 3391 4007 Ἀκάκιος
3425 3943 3503 4013 (5)
3532 3942 3562 3995 ὁ
3593 3941 3818 4012 Βεροίας
3857 3940 4072 3993 ἐπίσκο-

2513 4058 2611 4104 πος
2630 4081 2645 4104 ,
2675 4041 2768 4093 καὶ
2810 4039 3073 4109 Ἰσίδωρος
3096 4080 3111 4105 ,
3141 4039 3208 4091 δι’
3232 4039 3289 4091 ὃν
3312 4036 3569 4105 Θεόφιλος
3595 4036 3832 4097 ἐναντίος
3860 4034 4074 4102 ἐγένετο

2510 4134 2576 4201 τῇ
2626 4130 2790 4183 αὑτοῦ
2834 4128 3157 4200 χειροτονίᾳ.
3192 4128 3303 4181 Καὶ
3354 4127 3787 4199 παραγενόμενοι
3818 4128 3898 4189 εἰς
3943 4126 4070 4179 Ῥώ-

2512 4239 2641 4292 μην,
2667 4221 2851 4291 ἐπειδὴ
2886 4220 3026 4274 κατά
3048 4220 3272 4291 γνώμην
3301 4221 3481 4283 αὐτοῖς
3507 4222 3539 4290 ἡ
3579 4219 3843 4291 πρεσὸεία
3870 4219 4071 4289 ἀπέϐη,

2511 4310 2888 4365 κατέπλευσαν
2909 4313 2986 4373 εἰς
3006 4311 3278 4379 Αἴγυπτον
3297 4328 3312 4343 ο
3338 4310 3583 4364 ἐντεῦθεν
3608 4312 3686 4373 είς
3713 4310 3912 4380 Συρίαν
3940 4307 4072 4379 ἧκεν

843 4409 1093 4456 versatus
1126 4399 1324 4454 fuerat.
1349 4400 1414 4453 Ili
1441 4398 1664 4454 Romam
1687 4398 1871 4464 delati,
1899 4398 2238 4469 cumlegatio
2264 4398 2400 4467 ipsis
2439 4422 2484 4478 ι)
2523 4404 2604 4455 Ἀ)

2309 4398 2400 4453 »εἰς
2439 4422 2484 4478 D
2523 4402 2814 4466 Ἀκάκιος,
2857 4402 3169 4469 Αἰγυπτίων
3210 4402 3302 4455 καὶ
3352 4401 3461 4455 τῶν
3494 4402 3630 4472 πρὸς
3677 4400 3837 4453 Λύσιν
3884 4402 4070 4471 ἱερέων

842 4508 907 4545 ex
956 4489 1122 4544 animi
1162 4490 1430 4546 sententia
1475 4491 1856 4554 successisset,
1887 4490 1941 4544 in
1983 4489 2276 4560 Egyptum
2307 4505 2406 4542 na-

842 4582 1116 4650 vigarunt.
1163 4578 1291 4634 Inde
1316 4580 1550 4634 Aeacius
1578 4580 1635 4634 in
1674 4579 1887 4651 Syriam
1926 4596 2201 4646 reversus,
2240 4580 2406 4651 Egy-

841 4674 1077 4743 ptiorum
1105 4680 1159 4728 et
1185 4671 1621 4728 Occidentalium
1661 4674 1968 4729 antistitum
2009 4674 2222 4729 litteras
2254 4674 2404 4742 paci-

842 4767 973 4819 licas
999 4764 1185 4819 attulit
1209 4760 1492 4819 Flaviano.
1528 4763 1662 4819 Sero
1686 4764 1905 4822 tandem
1936 4766 2083 4822 hunc
2104 4767 2158 4821 in
2178 4766 2399 4821 modum

2510 4496 2759 4565 εἰρηναῖα
2784 4494 3087 4564 γράμματα
3118 4495 3230 4557 τοῖς
3251 4495 3392 4564 ἀμφὶ
3413 4493 3709 4545 Φλαὸιανὸν
3739 4492 3938 4563 φέρων.
3963 4494 4068 4545 Καὶ

2510 4583 2567 4635 αἱ
2623 4582 2719 4651 μὲν
2778 4582 3091 4653 Ἐκκλησίαι
3127 4582 3224 4651 ὀψέ
3256 4598 3383 4634 ποτε
3416 4580 3618 4651 ταύτης
3665 4581 3762 4650 τῆς
3806 4580 4067 4649 διχονοίας

2508 4667 2608 4727 ὧδε
2636 4673 3054 4741 ἀπαλλαγεῖσαι,
3076 4675 3175 4743 τὴν
3196 4674 3331 4744 πρὸς
3358 4673 3591 4743 ἀλλήλας
3624 4671 3907 4725 κοινωνίαν
3964 4673 4067 4724 ἀπ-

2508 4765 2719 4819 έλαϐον.
2747 4765 2820 4819 Τὸ
2850 4765 2907 4819 δὲ
2940 4765 3140 4837 πλῆθος
3164 4766 3273 4820 τῶν
3301 4767 3358 4820 ἐν
3390 4764 3689 4835 Ἀντιοχείᾳ
3720 4762 4073 4833 καλουμένων

2033 4946 2299 5003 VALESII
2335 4947 2880 5007 ANNOTATIONES.

906 5055 984 5124 (5)
1005 5054 1315 5130 Aipoﬁr-tat
1343 5054 1656 5130 enitoﬁto
1695 5060 1975 5130 Ἁκάκιος.
2003 5059 2078 5114 De
2111 5060 2211 5114 hac
2253 5067 2402 5130 lega-

837 5127 985 5179 tione
1033 5124 1217 5197 Acacii
1255 5124 1560 5197 ethlsidori
1607 5130 1672 5181 ad
1729 5129 2031 5182 Romanum
2079 5124 2399 5197 pontiﬁCEm

838 5194 1210 5269 Anastasium,
1257 5192 1531 5269 Palladius
1563 5197 1615 5251 in
1644 5198 1867 5269 Dialogo
1915 5199 1978 5251 de
2014 5192 2121 5252 vita
2173 5199 2399 5254 Joannis

837 5264 1197 5333 Chrysostomi
1240 5272 1314 5318 tta
1370 5267 1604 5321 scribit:
1659 5264 1829 5321 Οἷσοᾶ
1875 5269 1931 5321 δὲ
1984 5270 2077 5321 καὶ
2116 5270 2279 5333 aii-rb;
2306 5272 2399 5323 τὸν

836 5334 1064 5420 ἄνδρα,Δ
1088 5334 1249 5420 ἡνίκα
1301 5334 1396 5387 σὺν
1461 5336 1696 5420 Ἀκακίιρ
1744 5338 1931 5420 ἐλθὼν,
1974 5338 2072 5420 τὴν
2101 5340 2397 5420 Φλαςιανοῦ

839 5402 975 5473 πρὸς
1024 5402 1281 5470 Θεόφιλον
1331 5406 1611 5458 κοινωνίαν
1665 5402 1941 5478 ἐκόμισεν,
1991 5402 2164 5461 εἴκοσι
2213 5409 2389 5462 ἐτεσιν

835 5473 1321 5551 ἀπεσχοινισμένην
1360 5475 1623 5551 Εύαχρίου
1678 5478 1881 5541 ἕνεκεν,
1910 5486 2015 5551 etc.
2054 5479 2119 5531 Et
2155 5480 2389 5551 Aeacius

836 5541 1055 5613 quidem
1080 5541 1282 5598 thiasus
1313 5552 1395 5597 est
1416 5561 1445 5597 a
1467 5541 1722 5599 Flaviano
1754 5549 2091 5603 Antiochcno
2113 5550 2393 5619 episcopo,

2495 5064 2655 5133 cujus
2677 5071 2795 5118 erat
2820 5060 3188 5132 sunraganus.
3224 5061 3466 5117 Isidorus
3488 5077 3623 5117 vero
3649 5062 3854 5117 missus
3880 5070 3999 5117 erat
4032 5077 4062 5115 a

2496 5132 2801 5203 Theophilo
2861 5132 3253 5203 Alexandrino.
3307 5140 3368 5185 ut
3413 5133 3621 5188 litteras
3667 5134 3931 5203 pacificas
3967 5148 4065 5186 seu

2494 5200 3015 5257 eomniunicatorias
3044 5216 3177 5270 quas
3203 5200 3506 5270 Theophila
3533 5200 3831 5272 scripserat
3853 5202 4066 5272 I'flavia-

2495 5274 2692 5333 nus,ad
2710 5273 3063 5326 Anastasium
3086 5273 3399 5341 episcopum
3426 5274 3579 5327 urbis
3604 5272 3787 5325 Romae
3802 5271 4062 5326 deferret.

2496 5342 2555 5395 Id
2587 5351 2767 5397 autem
2797 5342 3001 5395 factum
3033 5350 3117 5407 est
3156 5356 3300 5395 anno
3330 5342 3539 5397 Christi
3570 5342 3697 5407 398,
3746 5343 3852 5395 sub
3894 5356 4028 5397 exor

2497 5414 2647 5466 dium
2673 5412 3030 5486 episcopatus
3074 5403 3302 5467 Joannis
3347 5403 3757 5486 Chrysostomi,
3810 5422 3869 5467 ut
3916 5420 4060 5466 recte

2498 5483 2709 5537 monuit
2740 5482 3030 5537 Baronius.

2250 5731 2626 5790 VARIORUM.

907 5850 929 5873 ·
970 5838 1255 5904 Ἐξεοῦτο.
1286 5842 1507 5901 Videtur
1541 5846 1819 5917 legendum
1860 5846 2141 5911 ἐξεώςατο.
2189 5846 2252 5899 ιγ
2287 5847 2509 5905 Lonru.
