4460 6634
731 443 864 498 1533

2163 429 2504 487 SO'LOMENI

3845 399 3986 483 mea

725 563 831 616 rati
867 531 936 615 in.
953 572 1230 620 certamen
1261 561 1664 620 descenderent
1698 574 1822 615 cum
1861 557 2175 612 hominibus
2201 555 2294 627 qui
2332 557 2378 613 Α
2407 552 2486 606 an

2223 555 2294 627 lui
2332 557 2378 613 Α
2407 552 2625 624 ἄνδρας,
2659 549 2902 610 ὑπονοῶν
2925 548 3137 603 ἐναντία
3174 552 3390 622 φρονεῖν
3424 546 3592 618 αὐτῷ,
3626 527 3984 618 ἐζήτησέωγ

691 656 697 662 ’
726 654 794 708 de
828 655 1004 710 salute
1034 671 1132 710 sua
1162 655 1277 725 jam
1305 654 1718 724 desperassent,
1753 649 1941 706 missis
1973 636 2303 704 ad'Cainam

731 746 967 816 nuntiis,
989 747 1157 816 jussit
1193 756 1252 802 ut
1283 751 1500 816 peteret
1528 744 1798 816 quidquid
1829 741 2028 806 vellet;
2059 756 2119 796 se
2149 755 2305 794 nam-
2333 727 2344 740 ’

730 850 836 904 que
867 845 1114 902 paratum
1166 852 1292 893 esse
1317 837 1372 891 in
1405 837 1663 891 omnibus
1691 835 1740 889 ei
1765 831 2084 904 gratiﬁcari.
2113 833 2182 886 At
2215 832 2308 887 ille

730 926 1092 982 Saturninum
1122 935 1178 983 et
1225 928 1584 984 Aurelianum
1619 927 1944 981 consulares
1973 924 2140 986 viros,
2165 938 2306 994 quos

731 1020 1012 1076 adversari
1053 1021 1158 1076 sibi
1211 1022 1626 1089 suspicabatur,
1662 1019 1784 1074 dedi
1825 1019 1928 1074 sibi
1969 1017 2303 1088 postulavit:

730 1127 973 1182 cumque
1017 1114 1368 1183 accepisset,
1416 1113 1482 1167 iis
1544 1111 1812 1182 pepercit.
1868 1107 2312 1178 Progressusque

732 1200 785 1252 in
823 1201 1168 1271 colloqttium
1205 1216 1330 1257 cum
1365 1200 1630 1271 principe,
1681 1201 1735 1254 in
1779 1199 2011 1254 ecclesia
2057 1212 2180 1268 qua:
2226 1202 2311 1252 est

734 1293 887 1360 iuxta
941 1292 1383 1356 CltaICedonem,
1428 1294 1483 1348 in
1534 1307 1642 1363 qua
1692 1290 2011 1362 Euphemize
2053 1289 2312 1362 martyris

734 1383 1053 1452 sepulcrum
1096 1392 1209 1450 est,
1255 1384 1386 1440 dato
1427 1394 1768 1454 acceptoque
1815 1383 2050 1438 invicem
2080 1381 2308 1452 'jureju-

736 1474 914 1528 rando
959 1473 1030 1530 de
1057 1475 1324 1541 amicitia,
1360 1489 1514 1530 arma
1563 1473 1862 1544 deposuit:
1902 1483 1956 1530 et
1991 1473 2314 1529 Constanti-

739 1566 980 1635 nopolim
1033 1567 1290 1636 trajecit,
1340 1567 1615 1637 equestris
1656 1582 1722 1622 ac
1778 1567 2052 1638 pedestris
2105 1567 2316 1620 militiae

738 1657 1000 1726 magister
1049 1657 1118 1713 ab
1165 1659 1498 1730 imperatore
1539 1657 1739 1716 factus.
1797 1659 1903 1713 Sed
1949 1674 2076 1713 cum
2120 1670 2316 1728 praeter

739 1749 994 1801 meritum
1045 1763 1135 1804 res
1179 1748 1225 1803 ei
1280 1762 1538 1818 prospere
1584 1747 1929 1803 successisse
1971 1747 2312 1811 viderentur,

739 1851 856 1888 eam
906 1835 996 1890 ille
1041 1835 1362 1890 felicitatem
1428 1835 1707 1892 moderate
1773 1851 1882 1890 non
1941 1837 2084 1890 tulit.
2112 1835 2314 1892 Verum

741 1929 999 1998 quoniam
1056 1929 1207 1998 prior
1255 1929 1540 1984 temeritas
1590 1945 1655 1982 ex
1716 1937 1844 1982 voto
1891 1929 1994 1998 ipsi
2045 1937 2314 1991 cesserat,
2354 1896 2392 1950 Β

743 2021 1044 2075 Εςτιρεὶοηι
1079 2036 1300 2091 quoque
1348 2021 1672 2090 perturbare
1716 2035 2007 2092 aggressus
2042 2032 2148 2076 est.
2187 2020 2318 2075 Erat

742 2110 892 2164 enim
939 2109 1325 2172 Christianus,
1362 2125 1392 2162 e
1438 2118 1587 2165 secta
1643 2111 2006 2164 barbarorum
2062 2111 2154 2179 qui
2203 2110 2315 2164 Arii

744 2201 1060 2268 opinionem
1093 2210 1392 2257 sectantur.
1417 2200 1887 2258 Persuadentilms
1916 2203 2084 2274 igitur
2103 2203 2319 2274 episeo-

733 2289 829 2357 _pis
861 2287 981 2357 ejus
1019 2298 1207 2355 seetze,
1242 2305 1335 2345 seu
1378 2291 1562 2362 potius
1605 2291 1723 2362 ipse
1764 2293 2061 2349 ambitione
2097 2294 2320 2358 ductus,

745 2381 1042 2448 postulavit
1069 2397 1098 2435 a
1131 2382 1380 2454 principe
1429 2392 1486 2437 ttt
1524 2400 1638 2439 sure
1668 2393 1832 2440 sectae
1862 2386 2182 2442 hominibus
2214 2403 2322 2441 una

744 2489 809 2526 ex
858 2474 1110 2530 ecclesiis
1155 2475 1364 2532 urbicis
1393 2477 1726 2532 traderetur.
1761 2477 2030 2548 lnjustnm
2057 2480 2224 2542 enim,
2261 2495 2325 2533 ac

747 2556 1004 2636 praeterea
1050 2567 1374 2622 indecorum
1425 2584 1550 2623 esse
1581 2570 1944 2639 querebatur.
1985 2579 2044 2626 ut
2079 2570 2198 2641 ipse
2228 2572 2324 2641 qui

747 2659 1014 2729 magister
1041 2668 1162 2714 erat
1194 2657 1456 2714 Romana:
1493 2663 1722 2725 militiae,
1745 2670 1902 2718 extra
1935 2664 2092 2719 urbis
2123 2667 2327 2718 mmnia

747 2753 942 2806 orandi
988 2768 1155 2808 causa
1201 2753 1666 2825 proﬁcisceretur.
1713 2756 1868 2822 Quod
1918 2758 2012 2812 ubi
2058 2757 2328 2827 comperit

747 2843 1013 2905 Joannes.
1047 2860 1159 2899 non
1201 2846 1439 2916 amplius
1469 2846 1695 2916 quievit.
1733 2847 1839 2902 Sed
1889 2849 2189 2918 assumptis
2217 2848 2330 2918 epi~

723 2936 934 3006 scopis
973 2937 1065 3006 qui
1100 2947 1212 2991 tum
1251 2936 1394 2994 forte
1431 2938 1910 3010 ConstantinOpoli
1951 2941 2329 3002 morabantur,

753 3033 808 3092 in
848 3031 1111 3100 palatium
1170 3032 1436 3101 perrexit.
1492 3031 1557 3085 Et
1616 3047 1805 3086 coram
1873 3033 2165 3103 principe,
2213 3034 2332 3104 ipso

751 3138 973 3192 queque
1021 3122 1196 3178 Gaiua
1251 3133 1487 3187 astante,
1523 3125 1712 3181 multis
1759 3126 1940 3180 verbis
1975 3125 2030 3180 in
2081 3141 2205 3181 eum
2244 3127 2333 3181 in-

2406 645 2585 699 ).a6t‘m)
2609 645 2664 698 δέ
2686 685 2699 708 ,
2735 643 3006 714 ἐφείσατο.
3043 643 3153 697 Καὶ
3185 644 3263 706 εἰς
3290 642 3485 698 ταυτὸν
3512 638 3591 710 τῷ
3622 638 3832 710 βασιλεῖ
3865 655 3990 692 συν-

2406 734 2650 807 δραμὼν,
2715 727 2796 798 ἐίς
2846 721 2964 787 ’τδν’
3004 733 3110 805 πρὸ
3170 733 3272 802 τῆς
3307 730 3651 800 Χαλκηδόνος
3698 729 3990 800 εὐκτήριον

2407 813 2578 892 οἷκον,
2605 827 2662 878 ἐν
2714 817 2760 894 ᾧ
2798 822 3220 899 Εὐφημίιιςῆσιῆς
3263 821 3538 895 μάρτυρός
3569 822 3718 874 ἐστιν
3745 822 3774 873 ό
3796 819 3991 888 τάφοςο

2409 918 2603 988 ὅρκους
2635 935 2695 971 τε
2719 917 2898 972 λαϐὼν
2947 918 3042 971 καὶ
3082 916 3207 979 δοὺς
3237 916 3366 987 περὶ
3392 915 3624 979 εὐνοίας,
3667 915 3903 969 ἀπέθετο
3923 912 3995 968 τὰ

2407 1010 2567 1074 ὅπλα,
2589 1010 2682 1064 καὶ
2707 1011 2788 1073 είς
2827 989 3397 1064 Κῶνσταντινούπολιν
3426 1005 3767 1078 ἐπεραιοῦτο,
3810 1004 3996 1071 πεζῶν

2410 1102 2506 1155 καὶ
2542 1101 2750 1155 ἱππέων
2778 1101 2878 1172 τὴν
2917 1099 3214 1172 ἡγεμονίαν
3264 1101 3328 1154 ἐκ
3373 1097 3637 1169 βασιλέως
3663 1097 3824 1169 ἔχων.
3854 1098 3993 1169 Παρ¹

2411 1191 2566 1256 ἀξίαν
2589 1192 2645 1246 δὲ
2682 1191 2839 1258 δόξαν
2872 1187 2930 1246 εὖ
2965 1192 3226 1264 πράττειν
3257 1191 3394 1262 (10),
3418 1191 3519 1244 οὐκ
3559 1190 3756 1260 ἤνεγκε
3781 1189 3998 1261 σωφρό-

2412 1302 2520 1351 νως
2559 1301 2571 1314 ο
2603 1284 2721 1338 ἀλλ’
2747 1285 2869 1338 ἐπεὶ
2895 1284 2956 1338 τὸ
3002 1285 3218 1354 πρῶτον
3249 1283 3562 1355 παράλογον
3595 1280 3738 1335 κατά
3769 1281 4000 1351 γνώμην

2380 1370 2781 1446 ἀὺτῷάπέϐη,
2814 1377 2907 1430 καλ⁵
2960 1377 3060 1446 τὴν
3109 1375 3338 1430 καθόλου
3377 1374 3707 1445 Ἐκκλησίαν
3751 1372 4002 1444 θορυϐεῖν

2414 1469 2792 1540 ἐπεχείρησεν.
2815 1463 2924 1522 Ἦν
2958 1467 3056 1538 μὲν
3085 1466 3194 1538 γὰρ
3218 1465 3560 1538 Χριστιανὸς,
3587 1465 3684 1536 τῆς
3717 1464 3829 1517 τῶν
3861 1462 4003 1534 βαρ⁹

2415 1559 2596 1628 ϐἀρων
2626 1561 2913 1630 αἱρέσεως,
2949 1559 3083 1613 οἳτά
3118 1559 3328 1630 Ἀρείου
3367 1557 3654 1629 φρονοῦσιν
3685 1556 3817 1627 (ll).
3839 1557 4000 1610 Ἀνα-

2415 1651 2658 1714 πεισθε“ις
2681 1651 2738 1705 δὲ
2793 1651 2944 1722 παρὰ
2971 1650 3081 1704 τῶν
3106 1649 3312 1722 ταύτης
3343 1648 3725 1722 προεστώτων,
3763 1647 3796 1718 ἢ
3837 1647 4002 1710 αὐτὸς

2418 1742 2889 1812 φιλοτιμούμενος,
2913 1742 3082 1814 ᾔτησε
3131 1741 3222 1794 τὸν
3271 1739 3495 1810 βασιλέα
3539 1739 3667 1810 μίαν
3701 1737 3808 1790 τῶν
3842 1741 3899 1790 ἐν
3935 1739 4001 1805 τῇ

2432 1835 2586 1888 πόλει
2647 1833 2952 1903 ἐκκλησιῶν
2999 1833 3125 1898 τοὺς
3151 1831 3440 1904 ὁμοδόξους
3476 1830 3626 1902 αὑτῷ
3653 1830 3816 1902 ἔχειν.
3852 1829 4008 1897 Μηδέ

2423 1907 2532 1996 vi?
2587 1921 2726 1979 εἶναι
2780 1925 3007 1988 δίκαιον,
3075 1923 3171 1977 καὶ
3216 1922 3390 1986 ἄλλως
3418 1922 3668 1989 ἀπρεπὲς
3704 1920 4008 1990 ἐμέμφετο,

2436 2018 2724 2088 Ῥωμαίων
2755 2016 2882 2070 ὄντα
2909 2016 3101 2091 ἐαυτὸν
3123 2013 3447 2088 στρατηγὸν,
3478 2013 3584 2079 ἔξω
3610 2012 3805 2084 τειχῶν
3830 2028 4008 2083 παρα-

2425 2108 2716 2178 γενόμενον
2762 2105 3036 2177 εὔχεσθαι.
3093 2104 3294 2159 Μαθὼν
3332 2103 3390 2156 δὲ
3437 2103 3566 2157 τάδε
3608 2103 3881 2173 Ίωάννης.
3909 2104 4012 2155 οὐκ

2427 2199 2760 2270 ἐφησύχασε.
2813 2197 3152 2270 Παραλαϐὼν
3202 2197 3259 2250 δὲ
3313 2198 3439 2261 τοὺς
3483 2195 3816 2259 ἐπισκόπους
3851 2195 4011 2264 οἷπερ

2428 2291 2616 2363 ἔτυχον
2643 2290 3001 2362 ἐνδημοῦντες
3037 2292 3102 2361 τῇ
3156 2289 3331 2355 πόλει,
3357 2284 3492 2360 ἧκεν
3521 2289 3600 2353 εἰς
3628 2287 3698 2341 τὰ
3741 2286 4013 2356 βασίλειαο

2429 2386 2534 2440 καῖ
2592 2383 2687 2438 τοῦ
2739 2383 3002 2454 βασιλέως
3050 2381 3445 2446 ἐπακούοντος,
3499 2379 3666 2435 αὑτοῦ
3721 2397 3780 2432 τε
3843 2380 4016 2433 Γαῖνᾶ

2430 2477 2714 2548 παρόντος,
2737 2477 2902 2530 πολὺν
2926 2476 3148 2546 κατέχεε
3172 2474 3349 2544 λόγον,
3371 2473 3605 2546 πατρίδα
3629 2489 3688 2525 τε
3711 2473 3805 2525 καὶ
3834 2471 4016 2542 φυγὴν

2431 2569 2726 2634 ὀνειδίζων,
2790 2569 2886 2623 καὶ
2937 2567 3014 2631 ὡς
3056 2567 3135 2637 τῷ
3167 2565 3430 2637 βασιλέως
3464 2564 3633 2635 πατρὶ
3659 2563 3778 2616 τότε
3815 2563 4017 2624 σωθεὶς

2433 2660 2648 2731 ῶμοσεν
2683 2656 2719 2731 ἦ
2750 2660 2857 2731 μὴν
2901 2659 3189 2729 Ῥωμαίοις
3237 2658 3462 2721 εὐνοεῖν,
3494 2655 3644 2725 αὐτῷ
3675 2672 3734 2708 τε
3778 2654 3874 2708 καὶ
3903 2656 4017 2716 τοῖς

2433 2751 2598 2807 αὑτοῦ
2629 2753 2804 2821 παισὶ,
2823 2753 2918 2806 καὶ
2931 2752 3134 2824 νόμοις,
3153 2749 3246 2814 οὓς
3267 2749 3501 2821 ἀκύρους
3521 2749 3792 2818 ἐπεχείρει
3819 2748 4014 2800 ποιεῖν.

2435 2847 2546 2902 Καὶ
2581 2847 2706 2900 τάδε
2759 2846 2955 2914 λέγων,
3019 2845 3227 2899 ἐδείκνυ
3281 2845 3373 2897 τὸν
3419 2843 3583 2913 νόμον
3631 2841 3691 2894 ὃν
3739 2841 4020 2902 Θεοδόσιος

2437 2940 2608 3003 ἔθετο,
2632 2941 2756 3004 τοὺς
2781 2938 3120 3010 ἐτεροδόξους
3157 2938 3354 3008 εἴργων
3388 2936 3534 2990 ἔνδον
3568 2934 3762 3007 τειχῶν
3813 2932 4018 3004 ἐκκλη-

2439 3032 2664 3096 σιάζειν.
2708 3032 2802 3084 Ἐκ
2829 3030 3017 3084 τούτου
3046 3030 3102 3082 δὲ
3143 3030 3278 3100 πρὸς
3313 3029 3404 3081 τὸν
3441 3027 3662 3100 βασιλέα
3702 3028 3906 3099 τρέψας
3930 3027 4020 3080 τὸν

2439 3125 2616 3194 λόγον,
2645 3124 2831 3177 ἔπεισε
2857 3124 2944 3176 τὸν
2966 3121 3191 3176 τεθέντα
3225 3123 3388 3193 νόμον
3419 3123 3558 3177 κατά
3599 3123 3709 3176 τῶν
3734 3122 3907 3175 ἄλλων
3935 3123 4015 3173 αἱ·

753 3223 945 3291 vectus
980 3223 1064 3269 est
1103 3233 1115 3268 :
1156 3215 1385 3284 patriam
1420 3216 1496 3270 illi
1529 3225 1584 3270 et
1637 3213 1820 3286 fugam
1853 3215 2142 3286 objiciens,
2181 3225 2237 3272 et
2275 3218 2329 3272 in
2359 3257 2401 3314 ο
2443 3216 2514 3287 ρέι

2275 3218 2329 3272 in
2359 3257 2401 3314 ο
2443 3216 2644 3287 ρέσεων
2674 3216 2861 3286 κύριον
2883 3215 3190 3284 φυλάττειν’
3224 3215 3450 3284 ἄμεινον
3464 3209 3602 3268 εἶναι
3631 3214 4021 3285 συμϐουλεύων

756 3307 1076 3360 memoriam
1113 3321 1382 3362 revocans
1414 3307 1694 3378 quomodo
1725 3315 1839 3360 tum
1872 3308 1943 3362 ab
1982 3310 2332 3380 imperatoris

756 3406 980 3466 parente
1027 3407 1300 3462 servatus,
1337 3397 1585 3468 iurasset
1639 3415 1699 3454 se
1750 3397 2019 3455 Romanis
2072 3401 2332 3465 amicum,

734 3491 973 3561 ipsique
1005 3506 1068 3545 ac
1103 3491 1292 3547 liberis
1321 3492 1442 3560 ejus
1471 3505 1536 3547 ac
1569 3493 1788 3564 legibus
1813 3508 1950 3565 quas
1990 3508 2138 3548 nunc
2173 3493 2338 3549 abro—

759 3595 888 3649 gare
933 3584 1255 3648 conabatur,
1288 3585 1458 3639 ﬁdum
1491 3595 1760 3656 perpetuo
1815 3601 2140 3642 mansurum
2191 3602 2334 3643 esse.

759 3674 892 3736 Quae
925 3689 1049 3728 cum
1092 3675 1322 3741 diceret,
1349 3677 1524 3749 legem
1567 3692 1597 3731 a
1631 3677 1945 3736 Theodosio
1983 3679 2170 3734 datam
2211 3695 2340 3750 pro-

760 3765 992 3829 ferebat,
1012 3782 1120 3837 qua
1150 3776 1399 3823 vetuerat
1425 3786 1494 3824 ne
1521 3769 1764 3825 hmretiei
1790 3771 1931 3826 intra
1957 3773 2111 3828 urbis
2137 3773 2342 3829 mmnia

761 3858 1025 3931 collectas
1081 3860 1444 3915 celebrarent.
1502 3859 1632 3917 Post
1680 3861 1796 3916 hmc
1835 3863 1902 3917 ad
1956 3863 2341 3933 imperatorem

762 3966 1085 4015 conversus,
1114 3954 1290 4008 suasit
1321 3962 1382 4008 ut
1428 3955 1600 4026 legem
1643 3971 1766 4025 qua:
1800 3955 2068 4012 adversus
2101 3957 2343 4028 reliquas

766 4045 1003 4100 haereses
1053 4047 1166 4100 lata
1220 4045 1423 4112 fuerat,
1457 4055 1633 4102 ratam
1669 4057 1936 4104 servaret.
1989 4047 2345 4108 Satius'essc

763 4139 958 4192 dicens
1009 4137 1241 4208 imperio
1282 4139 1500 4208 cedere,
1553 4155 1716 4208 quam
1763 4141 1982 4211 prodita
2032 4140 2128 4196 Dei
2179 4141 2346 4196 domo

765 4231 1044 4302 piaculum
1089 4231 1400 4287 admittere.
1447 4233 1515 4288 Et
1563 4233 1804 4291 Joannes
1844 4235 2064 4306 quidem
2105 4250 2230 4290 cum
2279 4236 2346 4290 ad
2393 4248 2405 4276 -'

769 4324 917 4375 hunc
953 4321 1174 4375 modum
1217 4331 1542 4379 constanter
1578 4339 1642 4380 ac
1685 4327 1856 4382 libere
1904 4327 2125 4382 locutus
2173 4337 2346 4390 esset,
2391 4389 2401 4406 )

767 4412 902 4465 nihil
931 4411 984 4466 in
1021 4413 1281 4469 ecclesiis
1311 4414 1416 4470 sibi
1445 4416 1761 4473 commissis
1792 4418 1984 4472 novari
2014 4432 2212 4487 passus
2239 4425 2347 4474 est.

769 4507 839 4556 At
880 4520 1008 4559 vero
1045 4503 1221 4558 Gaina
1259 4505 1625 4576 jurisjurandi
1671 4507 1827 4565 (idem
1872 4510 1985 4580 jam
2031 4509 2261 4572 violare,
2297 4518 2353 4566 et

2436 3311 2533 3378 τῆς
2577 3307 2849 3378 βασιλείας
2903 3309 3272 3378 παραχωρεῖν,
3320 3307 3353 3377 ἢ
3402 3306 3668 3378 προδότην
3697 3309 3850 3360 οῖκου
3881 3305 4020 3358 Θεοῦ

2436 3400 2745 3470 γενόμενον,
2779 3398 3014 3452 ἀσεϐεῖν.
3042 3400 3152 3452 Καὶ
3195 3400 3222 3451 ό
3257 3399 3354 3468 μὲν
3382 3400 3642 3471 ἀνδρείως
3668 3392 3768 3453 ὧδε
3800 3399 4021 3468 mea“-

2441 3493 2770 3562 σιασάμενος
2791 3533 2805 3557 ,
2845 3492 2997 3546 οὐδὲν
3029 3491 3374 3564 συνεχώρησε
3396 3491 3814 3563 νεωτερισθῆναι
3846 3493 3871 3530 ε
3895 3491 4023 3558 περὶ

2438 3585 2536 3648 τάς
2570 3585 2660 3637 ὑπ’
2687 3568 2848 3638 αὐτόν
2882 3583 3233 3655 ΑἘκκλησίας.
3279 3584 3337 3634 '0
3380 3582 3438 3636 δέ
3485 3583 3703 3651 Γαῖνᾶς,
3743 3583 4023 3652 ἐπιορκεῖν

2432 3676 2540 3746 ἧδη
2595 3677 2868 3739 διενοεῖτο,
2914 3677 3016 3746 ,καὶ
3073 3676 3172 3746 τὴν
3221 3673 3375 3729 πόλιν
3415 3674 3654 3743 πορθεῖν.
3707 3673 3902 3727 Ἢνίκα
3957 3673 4023 3742 δὴ

2441 3769 2642 3839 ταύτην
2670 3768 2768 3839 τὴν
2799 3767 3088 3839 ἐπιϐουλὴν
3121 3768 3462 3838 προεμήνυσε
3494 3768 3762 3837 κομήτης,
3795 3766 3886 3819 ἐπὶ
3929 3765 4024 3832 τῆς

2443 3860 2650 3924 πόλεως
2680 3861 2869 3930 φανεὶς
2903 3861 3176 3930 μέγιστος,
3207 3861 3285 3922 εἰς
3319 3859 3498 3930 αὐτὴν
3549 3860 3734 3930 σχεδὸν
3785 3858 3885 3929 τὴν
3921 3859 4026 3928 γῆν

2442 3953 2662 4023 διήκων,
2695 3952 2788 4006 καὶ
2835 3947 2946 4016 οἷος
2994 3951 3257 4024 πρότερον
3302 3953 3364 4005 οὺ
3414 3951 3740 4022 γεγενῆσθαι
3783 3951 4025 4019 λέγεται.

2457 4045 2742 4116 Ἐπειρᾶτο
2789 4043 2846 4097 δὲ
2880 4043 3140 4114 πρότερον
3183 4046 3296 4105 τοῖς
3352 4043 3812 4116 ἀργυροπωλεέοις
3837 4041 4027 4096 ἐπιθέ-

2449 4138 2592 4200 σθαι,
2622 4137 2919 4209 χρημάτων
2950 4135 3155 4206 πλῆθος
3183 4135 3458 4204 συλλέγειν
3497 4135 3748 4191 ἐντεῦθεν
3775 4135 4023 4199 ἐλπίσας.

2446 4233 2635 4302 Φήμης
2684 4231 2740 4284 δὲ
2796 4230 3093 4302 γενομένης
3129 4231 3210 4284 ὅτι
3238 4231 3364 4284 τάδε
3401 4230 3763 4300 βεϐούλευται,
3793 4231 3888 4284 καὶ
3918 4230 4028 4283 τῶν

2449 4323 2856 4396 ἀργυροπωλῶν
2903 4323 2995 4376 τὸν
3031 4322 3320 4396 πρόχειρον
3374 4323 3605 4386 πλοῆτον
3640 4322 3750 4392 (ιε)
3784 4326 4028 4394 ἀποκρυ-

2449 4415 2732 4486 ψαμένων,
2759 4413 2965 4468 καὶτὸν
2997 4415 3089 4468 ἐπὶ
3109 4414 3218 4468 τῶν
3252 4415 3538 4486 τραπεζῶν
3572 4415 3810 4485 ἄργυρον
3843 4415 4028 4468 οὐκέτι

2457 4507 2703 4578 συνήθως
2729 4506 2965 4578 δημοσίᾳ
2995 4499 3380 4580 προτιθέντων,
3411 4508 3469 4559 ἐν
3499 4508 3654 4560 νυκτὶ
3679 4505 3877 4576 πλῆθος
3903 4507 4020 4560 ἐπι-

1991 4686 2265 4744 VALESII
2304 4684 2857 4749 ANNOTATIONES.

844 4784 924 4846 (9)
957 4779 1264 4853 Ἐζήτησε.
1302 4778 1664 4853 scribendum
1685 4788 1786 4853 _e.st
1812 4781 2061 4853 ἐξῄτησε.

843 4854 954 4923 (10)
984 4854 1125 4920 Hap‘
1146 4852 1326 4916 ἀξίαν
1349 4851 1416 4905 δὲ
1438 4852 1626 4916 δόξαν
1644 4848 1713 4908 εὖ
1742 4848 2036 4920 πράττειν.
2061 4851 2351 4923 Assentior

774 4927 985 4977 Savilio
1046 4924 1136 4990 qui
1194 4923 1261 4977 ad
1319 4923 1459 4978 latus
1515 4923 1600 4978 sui
1658 4923 1865 4979 codicis
1909 4924 2222 4979 emendavit
2266 4922 2346 4976 δόο

772 4995 890 5060 ξας.
929 4995 1124 5066 Atque
1152 4995 1235 5066 ita
1274 4998 1536 5066 scriptum
1571 4993 1731 5050 habet
1775 4993 2115 5066 Nicephorius
2163 4995 2219 5049 in
2249 4993 2348 5066 lib.

773 5083 894 5120 xm.
925 5081 1049 5135 cap.
1096 5064 1147 5128 5,
1182 5065 1276 5120 ubi
1329 5063 1693 5120 SOzomenum
1735 5081 1872 5136 pene
1902 5063 1968 5120 ad
1998 5067 2224 5122 verbum
2265 5063 2354 5119 de-

773 5138 986 5191 scribit.

847 5208 960 5272 (ll)
995 5207 1062 5259 Οἳ
1090 5208 1160 5262 τὰ
1187 5209 1408 5277 Ἀρείου
1436 5207 1746 5278 φρονοῦσι.
1784 5206 1922 5260 Ante
1953 5209 2064 5263 lucc
2095 5207 2258 5262 verba
2298 5206 2350 5260 in

776 5280 964 5331 codice
1012 5278 1312 5332 Fuketiano
1364 5297 1600 5348 superne
1651 5280 1885 5347 ascripta
1935 5287 2057 5332 sunt
2114 5287 2351 5348 quatuor

779 5359 1001 5418 puncta.
1037 5351 1448 5404 similitudinem
1496 5348 1676 5405 (-ru‘eis
1705 5350 2016 5404 referentia.
2049 5348 2180 5414 Qua:
2219 5350 2345 5416 qui-

776 5422 898 5472 dem
935 5431 1131 5491 pzmvta
1178 5421 1230 5474 in
1267 5424 1509 5487 margine
1537 5421 1698 5475 etiam
1751 5422 1994 5488 apposita
2024 5429 2172 5474 sunt.
2222 5419 2344 5473 Haec

777 5499 959 5545 autem
992 5501 1114 5544 nota
1173 5491 1418 5546 indicare
1447 5492 1680 5555 videtur,
1707 5492 1868 5545 verba
1923 5492 2023 5543 ista
2079 5507 2184 5544 non
2219 5507 2339 5545 esse

2377 4782 2425 4842 ι)
2453 4779 2767 4853 Sozomeni,
2798 4785 2894 4842 sed
2919 4784 2986 4838 ab
3020 4784 3128 4838 alio
3157 4783 3389 4852 quodam
3414 4782 3596 4840 addita
3625 4784 3798 4839 instar
3833 4781 4027 4838 sebolii

2456 4855 2574 4910 sive
2628 4855 3115 4928 interpretationis,
3160 4867 3326 4926 atque
3358 4855 3568 4910 idcirco
3610 4856 3676 4910 ad
3723 4853 4029 4923 marginem

2457 4941 2579 4981 esse
2609 4927 2930 4993 reiicienda.

2530 4997 2639 5067 (12)
2683 4999 2793 5053 Τὸν
2825 4998 3142 5067 πρόχειρον
3167 4995 3454 5051 πλοῦτον.
3515 4995 3768 5052 Gemmas
3808 5004 4027 5067 ethvas‘a

2462 5064 2628 5140 aurea
2655 5079 2705 5123 et
2725 5064 3001 5140 argentea.
3024 5064 3090 5122 ac
3113 5069 3376 5135 reliquam
3398 5068 3688 5140 pretiosam
3718 5064 4026 5140 supellecti-

2464 5138 2591 5199 lem,
2633 5140 2717 5193 ltis
2738 5135 2921 5195 verbis
2963 5140 3236 5208 designari
3291 5135 3440 5204 pu:o.
3474 5136 3743 5208 Nummos
3787 5137 3934 5208 enim
3962 5135 4028 5208 in

2460 5224 2648 5262 mensa
2683 5205 3118 5276 argentariorum
3167 5208 3392 5280 proponi
3446 5210 3658 5264 solitos.
3702 5207 3769 5262 ab
3818 5205 4028 5280 bis_di-

2457 5281 2686 5351 stinguit
2752 5275 3112 5336 Sozotnenus.
3167 5275 3365 5346 'Quare
3435 5280 3720 5351 πρόχειρον
3794 5275 4030 5351 πλοῦτον

2455 5350 2800 5422 interpretari
2836 5366 3129 5422 possumus
3157 5365 3290 5419 opes
3335 5349 3495 5422 captu
3527 5359 3581 5404 et
3631 5349 4028 5422 translatu__fa—

2451 5419 2613 5475 ciles.
2638 5421 2727 5476 Sic
2752 5419 2896 5477 enim
2925 5422 3273 5492 interpretari
3305 5421 3484 5474 malim
3507 5461 3522 5482 ,
3552 5436 3716 5491 quam
3747 5435 3870 5473 cum
3914 5419 4028 5472 Mu-

2447 5493 2622 5557 sculo,
2661 5509 2778 5560 opes
2815 5509 2946 5563 qua:
2977 5493 3029 5547 in
3069 5502 3313 5563 promptu
3343 5492 3623 5546 habebant.

2229 5665 2614 5724 VAPJURUM.

856 5767 880 5802 κ
953 5764 1144 5816 Οὐδὲν
1191 5777 1582 5830 συνεχωρησε
1645 5764 2124 5832 νδωτερισθῆιηι.
2201 5765 2362 5820 Nullo

782 5834 942 5889 nmdo
993 5849 1321 5889 consensum
1362 5835 1601 5906 praebuit
1627 5834 2074 5906 Cltrysostcmus.
2114 5844 2171 5890 ut
2217 5837 2358 5906 intra

784 5921 974 5961 uroem
1011 5920 1241 5976 syuaxcs
1270 5905 1588 5974 colligerent
1620 5904 1808 5960 Ariani
1848 5927 1858 5959 :
1899 5906 2206 5962 habuerunt
2236 5904 2355 5978 Qui--

2459 5768 2606 5895 «:ng
2677 5773 2968 5830 ecclesiam
3032 5782 3188 5830 extra
3260 5774 3446 5830 urbem
3553 5771 3618 5828 de
3692 5782 3796 5841 qua
3881 5781 4025 5820 mox.

2538 5880 2549 5894 ο
2617 5858 2813 5895 .OWTII.

2538 5880 2549 5894 .
2591 5858 2813 5901 I.OWTII.
