4460 6634
380 461 513 521 1525

1328 458 1652 517 HISTORIA
1690 459 2241 519 ECCLESIASTICA.
2284 497 2346 504 ——
2388 465 2513 520 LIB.
2561 463 2691 520 Vill.

3469 456 3610 515 {516

377 576 596 647 πέμψᾶς
657 573 983 646 βαρὸάρων,
1016 574 1321 630 ἐνετείλατο
1374 576 1443 631 τὰ
1488 576 1738 646 βασίλεια
1780 579 1941 648 ἐμπι-
1972 578 2138 651 Adep

1856 594 1941 630 πι-
1972 580 2021 636 Δ
2044 578 2346 651 depraedari
2378 582 2568 637 urbem
2607 581 3012 637 meditabaturt.
3034 578 3181 645 Quas
3209 574 3430 649 quidem
3477 574 3616 627 iusi—

375 670 539 739 πρᾷν.
570 667 634 721 οι
658 666 736 730 δέ,
765 667 1035 739 ἄπρακτοι
1053 668 1148 722 καὶ
1172 667 1948 739 κατεπτηχότεςύπέστρειρον.

383 761 473 822 Ὧς
510 758 621 829 γάρ
664 759 892 830 πλησίον
949 759 1215 827 ἐγένοντο,
1258 759 1460 830 πλῆθος
1500 759 1734 814 ὁπλιτῶν
1766 759 1950 823 ἔδοξαν

373 851 506 921 ὸρᾷν
541 851 600 904 ἐν
632 851 888 921 μεγάλοις
919 852 1185 921 σώμασιν.
1224 852 1650 923 ’Υπονοήσαντες
1666 852 1723 905 δε
1756 852 1949 921 νέηλυν

375 940 512 996 εἶναι
548 944 830 1015 στρατιὰν.
864 943 1123 1015 ἢγγειλαν
1159 943 1238 1012 τῷ
1263 944 1429 1015 Γαῖνᾷ
1453 961 1466 975 ·
1500 945 1532 997 ό
1557 945 1613 997 δὲ
1640 944 1659 1016 (
1684 945 1949 1014 ἠπίστατο

375 1034 483 1103 γὰρ
547 1035 621 1103 μὴ
672 1032 891 1095 πλείους
942 1031 1052 1085 τῶν
1105 1031 1372 1085 εἰωθότων
1403 1034 1469 1103 τῇ
1524 1032 1670 1086 πόλει
1698 1033 1950 1103 ἐνδημεῖν

378 1123 735 1195 στρατιώτας)
787 1126 889 1177 ούκ
913 1124 1064 1193 ἠξίου
1120 1126 1233 1187 τοῖς
1282 1123 1601 1195 λεγομένοις
1648 1124 1947 1181 πιστεύειν.

388 1219 542 1271 Ἐπεὶ
580 1218 637 1271 δέ
666 1219 761 1271 καὶ
786 1218 885 1286 τῆς
911 1217 1175 1288 ἐχομένης
1200 1217 1392 1280 νυκτὸς
1415 1217 1810 1281 ἀποσταλέντες
1830 1219 1952 1271 ἓτε-

377 1327 486 1379 ροι,
536 1310 711 1363 ταυτά
759 1313 872 1373 τοῖς
928 1310 1193 1380 πρότερον
1238 1308 1519 1378 ἢγγειλαν,
1565 1308 1724 1371 αὐτὸς
1758 1308 1947 1373 ἐλθὼν,

377 1402 651 1470 αὐτόπτης
680 1400 896 1469 ἐγένετο
914 1399 1010 1453 τοῦ
1044 1399 1349 1468 παραδόξου
1373 1398 1665 1468 θεάματος.
1700 1398 1951 1467 Νομίσας

378 1511 439 1547 τε
493 1492 657 1547 αὑτοῦ
703 1492 863 1561 χάριν
926 1490 1341 1561 συνεληλυθέναι
1370 1492 1495 1553 τοὺς
1542 1492 1607 1543 ἐκ
1633 1491 1743 1544 τῶν
1774 1490 1949 1544 ἄλλων

381 1582 586 1635 πόλεων
617 1579 972 1650 στρατιώτας,
997 1579 1211 1650 νύκτωρ
1240 1581 1337 1650 μὲν
1376 1582 1634 1651 φρουρεῖν
1664 1581 1763 1651 τήν
1795 1581 1949 1634 πόλιν

381 1675 472 1727 καὶ
498 1674 566 1726 τὰ
608 1672 873 1742 βασίλεια,
912 1674 970 1724 ἐν
998 1672 1181 1744 ήμέρᾳ
1218 1672 1274 1725 δὲ
1311 1672 1612 1738 λανθάνειν,
1648 1674 1950 1742 σκήπτεται

374 1766 635 1836 δαιμονᾷν
662 1782 676 1794 ·
731 1764 806 1827 ὡς
857 1764 1143 1834 εύξόμενός
1183 1782 1244 1818 τε
1275 1762 1681 1834 καταλαμϐάνει
1728 1765 1826 1835 τὴν
1854 1767 1946 1818 ὲκ-

2049 674 2172 731 dias
2218 676 2603 746 praenuntiavit
2632 682 2892 742 cometes,
2940 673 3035 743 qui
3076 686 3143 727 eo
3171 678 3417 739 tempore
3448 681 3615 734 supra

2048 767 2326 822 civitatem
2348 768 2619 821 maximus
2642 768 2917 835 apparuit,
2952 765 3018 819 ad
3053 763 3232 833 ipsam
3265 761 3382 815 fere
3406 768 3613 813 terram

2050 859 2385 929 pertingens,
2420 865 2476 913 et
2521 857 2706 927 qualis
2753 870 3032 925 nunquam
3076 860 3236 907 antea
3290 851 3446 905 visus
3494 862 3620 902 esse

2051 957 2406 1006 memoratur.
2455 949 2535 1003 Ac
2574 949 2751 1019 primo
2790 948 3009 1017 quidem
3051 944 3491 1019 argentariorum
3533 945 3617 991 ta-

2050 1044 2251 1099 bernas
2299 1039 2559 1096 invadere
2596 1040 2864 1105 tentavit,
2901 1038 3194 1092 maximam
3250 1035 3609 1105 pecuniarum

2049 1133 2263 1203 copiam
2321 1131 2450 1186 inde
2505 1130 2865 1185 collecturum
2915 1143 2975 1183 se
3020 1140 3269 1196 sperans.
3327 1122 3434 1179 Sed
3487 1137 3612 1176 cum

2048 1238 2238 1279 rumor
2266 1224 2516 1294 vulgatus
2538 1230 2686 1277 esset
2713 1236 2836 1276 eum
2865 1220 2967 1274 ista
2992 1217 3263 1284 meditari,
3284 1225 3339 1271 et
3367 1222 3615 1285 argentap

2048 1316 2116 1370 rii
2162 1314 2430 1386 quidquid
2475 1314 2773 1385 pretiosum
2830 1310 3105 1366 habebant
3154 1306 3613 1365 abscondissent,

2046 1406 2204 1477 331
2245 1420 2347 1460 nec
2378 1404 2667 1474 pecuniam
2700 1402 2754 1456 in
2779 1401 2983 1456 mensis
3014 1413 3167 1453 more
3194 1397 3355 1452 solito
3376 1393 3615 1463 amplius

2050 1498 2266 1566 publice
2312 1502 2717 1564 proponerent;
2757 1500 2870 1546 tum
2915 1490 3086 1545 Gaina
3130 1487 3395 1542 immissis
3448 1492 3615 1538 noctu

2047 1588 2296 1643 barbaris
2332 1585 2628 1651 mandavit,
2650 1594 2707 1638 ut
2738 1583 2997 1654 palatium
3018 1580 3391 1636 incenderent.
3411 1574 3615 1631 Verum

2050 1679 2152 1742 illi,
2188 1695 2247 1733 re
2281 1678 2507 1744 infecta,
2535 1677 2719 1748 pavidi
2746 1677 3052 1731 redierunt.
3077 1672 3212 1727 Nam
3245 1687 3369 1727 cum
3388 1669 3617 1741 propius

2048 1771 2454 1833 accessissent,
2497 1769 2681 1824 videre
2722 1768 2827 1822 sibi
2874 1768 2979 1821 visi
3030 1772 3160 1821 sunt
3208 1761 3617 1817 multitudinem

378 1856 627 1927 κλησίαν,
662 1858 729 1927 ἦν
762 1856 855 1907 ἐπὶ
872 1858 1005 1926 τιμῇ
1039 1856 1284 1908 Ἰωάννου
1316 1854 1409 1907 τοῦ
1438 1855 1761 1915 Βαπτιστοῦ,
1800 1857 1829 1909 ὁ
1853 1855 1944 1908 τοῦ
1978 1863 2139 1950 B‘mil

1853 1855 1944 1908 τοῦ
1978 1863 2280 1950 Bmilitum
2325 1861 2565 1931 ingentis
2608 1867 2853 1913 staturae.
2895 1856 3283 1924 SuSpieatique
3309 1851 3614 1909 exercitum

382 1946 640 2017 βασιλέως
660 1946 842 2015 πατὴρ
863 1944 1176 2016 ᾠκοδόμησε
1205 1944 1341 2016 πρὸς
1369 1945 1447 2016 τῷ
1474 1945 1864 2017 Ἐὁδόμῳ.Τῶν
1889 1946 1945 1999 δὲ

380 2037 697 2109 βαρϐάρων,
732 2038 781 2090 οἱ
810 2038 929 2107 μὲν,
963 2036 1108 2090 ἔνδον
1147 2036 1337 2107 ἔμενον
1360 2055 1373 2068 ’
1419 2039 1467 2090 οί
1508 2038 1587 2102 δὲ,
1626 2039 1792 2109 Γαῖνᾷ
1820 2055 1946 2091 συν-

378 2127 623 2200 εξῄεσαν.
666 2128 857 2200 Λάθρα
903 2130 960 2182 δὲ
1017 2128 1308 2196 συνεεῆγον
1349 2128 1488 2182 ὅπλα
1520 2130 1578 2181 ἐν
1616 2129 1948 2194 γυναικείοις

375 2220 615 2291 ὀχήμασι
643 2220 737 2274 καὶ
760 2219 1032 2291 κεράμους
1056 2219 1225 2290 βελῶν
1255 2220 1364 2289 (ίὸ)
1386 2237 1399 2249 ·
1429 2220 1549 2273 ἐπεὶ
1578 2220 1633 2272 δὲ
1660 2220 1948 2290 ἐφωράθη-

381 2328 498 2373 σαν,
522 2313 646 2375 τοὺς
675 2311 919 2382 φύλακας
938 2311 1046 2364 τῶν
1059 2311 1241 2365 πυλῶν
1264 2310 1565 2381 ἀναιροῦσι.
1592 2312 1947 2382 πειραθέντας

382 2400 619 2455 κωλύσαι
685 2402 782 2471 τὴν
812 2401 917 2454 τῶν
955 2402 1137 2455 ὃπλων
1164 2401 1478 2471 ἐκκομιδὴν.
1525 2402 1618 2455 Ἐκ
1648 2402 1836 2455 τούτου
1888 2404 1945 2455 δὲ

377 2490 619 2560 ταραχῆς
654 2490 745 2542 καὶ
777 2489 1003 2560 θορύϐου
1038 2490 1323 2554 ἀνάπλεως
1350 2493 1383 2561 ή
1418 2491 1571 2554 πόλις
1614 2492 1847 2559 ἐγένετο,
1871 2495 1946 2557 ὡς

377 2579 575 2632 αὐτίκα
604 2578 942 2648 ἀλωσομένη.
982 2578 1185 2649 ’Δγαθὴ
1216 2580 1273 2632 δὲ
1321 2579 1517 2651 γνώμη
1552 2581 1770 2653 ἐκράτει
1812 2584 1946 2654 πρὸς

378 2672 446 2726 τὰ
476 2672 719 2742 παρόντα
750 2672 915 2725 δεινά.
962 2672 1019 2726 Ὀ
1045 2673 1152 2743 γὰρ
1175 2672 1425 2742 βασιλεὺς
1459 2674 1621 2743 μηδὲν
1652 2675 1941 2744 μελλήσας,

375 2764 469 2817 τὸν
508 2764 607 2833 μὲν
635 2764 830 2816 Γαῖνᾶν
870 2764 1122 2833 πολέμιον
1152 2766 1454 2837 ἀνεκήρυξε
1478 2782 1492 2797 ⁶
1543 2768 1667 2829 τοὺς
1704 2768 1757 2819 δὲ
1791 2786 1945 2839 περι-

376 2854 692 2923 λειφθέντας
710 2857 768 2909 ἐν
787 2858 853 2926 τῇ
884 2856 1034 2909 πόλει
1061 2855 1385 2927 βαρϐάρους,
1408 2859 1755 2929 ἀναιρεθῆναι
1781 2877 1947 2931 προσ-

378 2947 584 3011 έταξεν.
626 2947 966 3017 Ἐπιθέμενοι
1003 2947 1059 3001 δέ
1082 2947 1291 3011 τούτοις
1318 2950 1367 3001 οί
1414 2951 1760 3016 στρατιῶται,
1791 2954 1943 3006 ἀναι-

378 3038 531 3108 ροῦσι
555 3040 680 3100 τοὺς
711 3039 991 3102 πλείστους
1013 3040 1139 3110 ’τὴν
1165 3041 1221 3094 δὲ
1248 3041 1588 3113 καλουμένην
1602 3045 1710 3095 τῶν
1736 3045 1944 3099 Γότθων

381 3130 670 3199 ἐκκλησίαν
714 3132 1086 3201 ἐμπιπρῶσιν.
1149 3133 1234 3194 Ὠς
1264 3134 1342 3195 εἰς
1373 3134 1577 3205 συνήθη
1614 3135 1720 3205 γὰρ
1748 3137 1944 3207 εὐκτή-

2050 1968 2171 2007 esse
2197 1952 2291 2022 qui
2330 1966 2526 2006 recens
2548 1950 2881 2013 advenisset,
2910 1964 3022 2002 rem
3047 1946 3234 2001 Gaium
3264 1945 3615 1999 nuntiarunt.

2052 2044 2164 2108 llle,
2200 2053 2387 2113 utpote
2419 2044 2512 2114 qui
2545 2045 2712 2097 sciret
2743 2040 2884 2095 haud
2919 2042 3105 2109 plures
3143 2038 3303 2093 solito
3332 2036 3531 2089 milites
3561 2034 3619 2087 in

2052 2138 2184 2191 urbe
2214 2145 2345 2191 tunc
2368 2134 2700 2198 esse,,dictis
2724 2132 2883 2186 ﬁdem
2910 2132 3111 2186 habere
3136 2129 3329 2184 noluit.
3355 2126 3461 2181 Sed
3490 2141 3617 2179 cuiu

2050 2229 2139 2285 alii
2166 2228 2417 2297 sequenti
2441 2236 2600 2281 nocte
2629 2225 2781 2281 missi
2812 2222 2952 2277 idem
2982 2237 3199 2292 quoque
3234 2219 3376 2289 quod
3403 2217 3620 2289 priores

2050 2322 2125 2375 illi
2154 2319 2589 2382 renuntiassent,
2624 2318 2739 2386 ipse
2772 2315 3061 2379 accedens,
3102 2314 3260 2368 testis
3297 2312 3401 2364 fuit
3439 2309 3619 2363 admi-

2049 2414 2204 2468 randi
2236 2413 2558 2484 spectaculi.
2589 2411 2871 2479 Ratusque
2900 2407 3110 2462 accitos
3142 2422 3205 2461 ex
3232 2404 3356 2458 aliis
3385 2400 3625 2455 urbibus

2049 2506 2250 2559 milites
2303 2503 2638 2558 convenisse
2686 2500 2860 2570 ipsius
2920 2512 3131 2562 causa,
3186 2510 3391 2564 eosque
3446 2499 3616 2548 noctu

2049 2592 2267 2662 quidem
2324 2593 2516 2647 urbem
2571 2600 2625 2646 et
2686 2590 2948 2659 palatium
3009 2587 3326 2648 custodire.
3379 2582 3618 2638 interdiu

2049 2700 2177 2738 vero
2218 2684 2523 2749 occultari;
2556 2683 2779 2736 simulat
2813 2696 2871 2735 se
2916 2686 3227 2749 correptum
3268 2692 3391 2730 esse
3437 2690 3465 2726 a
3512 2674 3620 2728 da:-

2050 2790 2229 2829 mone.
2279 2774 2345 2827 Et
2384 2775 2540 2844 quasi
2584 2773 2750 2827 Deum
2784 2781 3063 2833 oraturus,
3112 2770 3287 2840 pergit
3330 2768 3398 2822 ad
3441 2767 3621 2820 eccle-

2048 2864 2222 2925 siam,
2276 2878 2440 2932 quam
2491 2863 2545 2915 in
2587 2862 2850 2916 honorem
2900 2859 3126 2913 Joannis
3164 2857 3426 2927 Baptista:
3466 2864 3621 2923 pater

2050 2951 2393 3017 imperatoris
2426 2949 2479 3002 in
2531 2949 2775 3018 Septimo
2814 2955 3224 3002 construxerat.
3257 2944 3334 2999 Ex
3370 2944 3622 2999 barbaris

2049 3056 2176 3095 vero
2212 3041 2303 3094 alii
2346 3041 2400 3095 in
2429 3042 2564 3094 urbe
2594 3048 3019 3105 remanserunt,
3074 3038 3166 3091 alii
3202 3037 3367 3092 simul
3408 3036 3619 3105 egressi

2049 3138 2177 3185 sunt
2216 3146 2340 3185 cum
2393 3130 2587 3185 Gaina.
2633 3129 2957 3185 Clanculum
2998 3145 3125 3183 vero
3164 3144 3319 3182 arma
3367 3127 3421 3181 in
3461 3126 3619 3179 vehi-

379 3240 495 3292 ριον
520 3218 668 3275 οἷκον
698 3222 882 3275 ἐνθάδε
927 3223 1274 3292 ἡθροισμένοι
1316 3226 1627 3295 ἐτύγχανον,
1656 3224 1736 3291 οἷς
1763 3228 1945 3281 οὐκέτι
1972 3238 2013 3295 C
2045 3223 2140 3276 culj

1853 3228 1945 3281 ιέτι
1972 3238 2013 3295 C
2045 3223 2185 3278 culis
2213 3222 2536 3276 feminarum
2562 3230 2615 3276 et
2646 3223 2874 3276 telorum
2907 3223 3051 3275 dolia
3082 3221 3468 3291 exportabant.
3505 3218 3614 3272 Sed

378 3318 571 3382 φυγεῖν
632 3311 905 3383 ἐξεγένετο
958 3315 1095 3384 (Η).
1130 3316 1239 3367 τῶν
1297 3318 1479 3371 πυλῶν
1522 3320 1939 3390 κεκλεισμένων.

379 3406 561 3458 Ταῦτα
592 3406 648 3458 δὲ
678 3406 864 3475 μαθὼν
918 3408 947 3458 ό
986 3407 1200 3469 Γαῖνᾶς,
1226 3407 1312 3461 διὰ
1337 3408 1557 3480 Θρᾴκης
1586 3410 1783 3473 ἐλάσας
1810 3408 1944 3481 ἦκεν

376 3500 458 3560 είς
483 3498 843 3567 Χερῤόνησον,
880 3498 972 3549 καὶ
1012 3498 1105 3550 τὸν
1150 3498 1535 3569 Ἑλλήσποντον
1588 3502 1944 3573 περαιοῦσθαι

379 3587 692 3651 ἐσπούδαζε.
721 3590 980 3640 Διενοεῖτο
999 3588 1127 3658 γὰρ,
1146 3589 1218 3651 ῶς
1241 3592 1286 3641 εἰ
1310 3590 1407 3659 τῆς
1438 3592 1731 3663 ἀντιπέραν
1762 3594 1945 3657 Ἀσίας

377 3682 691 3753 κρατήσειε,
725 3680 920 3751 ῥᾳδίως
942 3681 1119 3733 πάντα
1143 3681 1212 3733 τὰ
1243 3682 1377 3750 πρὸς
1410 3683 1484 3735 ’έω
1515 3687 1614 3755 τῆς
1640 3686 1946 3755 ἀρχομένης

377 3774 503 3844 ἔθνη
539 3773 627 3842 ὑφ’
666 3772 855 3825 ἑαυτὸν
902 3774 1136 3842 ποιήσει.
1180 3773 1312 3843 Παρ⁹
1344 3774 1561 3838 ἐλπίδας
1594 3776 1651 3828 δὲ
1688 3776 1948 3846 αὐτῷκαὶ

376 3866 500 3919 τάδε
522 3866 754 3935 ἀπήντα,
790 3864 916 3934 θείᾳ
943 3867 1082 3935 ῥοπῇ
1110 3866 1389 3920 κάνταῦθα
1433 3868 1715 3937 Ῥωμαίων
1739 3886 1945 3938 χρησα-

381 3957 586 4028 μένων..
610 3957 795 4025 Παρῆν
828 3956 927 4025 μὲν
951 3955 1061 4027 γὰρ
1086 3956 1315 4026 στρατιὰ
1339 3959 1480 4010 κατά
1510 3959 1611 4028 γῆν
1639 3959 1729 4011 καὶ
1753 3960 1948 4013 θάλατ-

375 4067 493 4114 ταν,
524 4048 673 4119 παρὰ
703 4048 965 4118 βασιλέως
985 4047 1392 4118 ἀπεσταλμένη,
1428 4045 1496 4121 ἧς
1539 4052 1724 4119 ήγεῖτο
1750 4052 1948 4104 Φλαϐί-

375 4159 473 4205 τας
524 4140 658 4209 (ιδ),
715 4140 853 4209 ἀνὴρ
890 4124 1160 4211 βάρϐαρος
1212 4140 1274 4192 τδ
1312 4139 1490 4208 γένος,
1525 4140 1727 4208 ἀγαθὸς
1772 4142 1828 4194 δὲ
1859 4140 1949 4194 τδν

374 4231 595 4302 τρόπον,
631 4230 726 4283 καὶ
751 4230 1130 4299 στρατηγικός.
1186 4231 1249 4282 Ol
1299 4231 1355 4283 δὲ
1390 4230 1660 4303 βάρϐαροι
1712 4232 1842 4293 ναῦς
1877 4232 1949 4303 μὴ

376 4323 612 4393 ἔχοντες,
643 4320 735 4374 ἐπὶ
769 4322 994 4390 σχεδιῶν
1020 4321 1316 4391 ἐπειρῶντο
1333 4322 1607 4375 διεκπλεῖν
1638 4324 1729 4376 τὸν
1772 4324 1950 4393 Ἐλλή-

376 4429 603 4466 σποντον
636 4411 772 4482 πρὸς
815 4411 912 4481 τὴν
966 4411 1195 4481 ἀντικρὺ
1246 4412 1490 4483 ἤπειρον.
1553 4412 1841 4483 Ἐξαπίνης
1894 4414 1952 4467 δὲ

375 4506 544 4569 πολὺς
601 4504 933 4567 ἐπιπνεύσας
968 4504 1201 4575 ζέφυρος
1232 4506 1331 4568 τὰς
1385 4505 1599 4575 σχεδίας
1618 4506 1829 4560 διέλυσε
1853 4507 1951 4559 σὺν

2044 3331 2167 3370 cum
2218 3315 2543 3383 deprehensi
2600 3322 3163 3383 essent,yportarum
3215 3313 3476 3368 custodes
3519 3311 3617 3382 qui

2042 3412 2473 3475 exportationem
2521 3423 2800 3461 armorum
2857 3408 3145 3477 prohibere
3201 3408 3385 3462 conati
3433 3415 3617 3470 erant,

2046 3499 2459 3552 interfecerunt.
2493 3496 2690 3567 Ingens
2734 3513 2798 3551 ex
2850 3512 2913 3552 ea
2954 3514 3015 3554 re
3046 3498 3389 3568 perturbatio
3431 3512 3497 3551 ac
3528 3504 3621 3551 tu—

2046 3591 2247 3643 multus
2289 3591 2477 3643 urbem
2520 3589 2835 3659 complevit,
2869 3589 3029 3659 quasi
3081 3589 3309 3658 jamjam
3353 3588 3623 3657 capienda

2044 3688 2210 3735 esset.
2241 3678 2442 3734 Verum
2490 3681 2757 3735 adversus
2805 3680 3098 3749 praesentia
3150 3681 3293 3734 mala
3347 3680 3618 3750 optimum

2046 3771 2347 3825 consilium
2378 3769 2575 3826 adluit.
2617 3768 2921 3840 Imperator
2949 3773 3092 3826 enim
3130 3771 3266 3825 nihil
3298 3780 3618 3835 cunctatus,

2045 3864 2272 3918 Gainam
2322 3865 2533 3918 hostem
2587 3863 2864 3932 publicum
2912 3864 3292 3920 renuntiavit:
3348 3864 3621 3920 barbaros

2046 3971 2195 4017 vero,
2238 3956 2328 4025 qui
2364 3956 2418 4009 in
2449 3956 2584 4009 urbe
2612 3963 3017 4019 remanserant,
3073 3954 3250 4010 occidi
3294 3955 3482 4026 jussit.
3514 3954 3620 4011 Mi-

2048 4047 2173 4101 lites
2212 4046 2382 4116 igitur
2415 4046 2621 4115 impetu
2665 4046 2719 4099 in
2760 4061 2857 4100 eos
2908 4046 3077 4111 facto,
3123 4061 3376 4116 magnam
3426 4062 3621 4101 eorum

2049 4146 2259 4207 partem
2286 4136 2712 4193 interfecerunt:
2748 4139 3039 4193 ecclesiam
3087 4154 3216 4193 vero
3240 4156 3362 4210 quae
3395 4141 3619 4195 diceba~

2048 4238 2137 4283 tur
2199 4228 2503 4283 Gothorum
2538 4269 2556 4289 .
2614 4230 2872 4285 incendio
2932 4239 3417 4300 consumpserunt.
3482 4232 3619 4288 Illuc

2046 4322 2216 4384 enim,
2246 4322 2393 4375 velut
2420 4322 2473 4376 in
2507 4322 2677 4376 aedem
2712 4336 2922 4376 sacram
2959 4321 3016 4375 in
3048 4337 3155 4391 qua
3200 4337 3393 4391 preces
3438 4323 3621 4380 facere

2049 4414 2321 4476 solebant,
2354 4413 2749 4485 confugerant:
2784 4428 2884 4467 nec
2920 4414 3156 4482 amplius
3204 4414 3468 4483 aulugere
3517 4431 3620 4485 po-

2051 4514 2251 4571 terant,
2281 4514 2468 4577 utpote
2500 4507 2712 4561 loribus
2741 4506 3013 4561 occlusis.
3051 4504 3147 4561 His
3174 4504 3615 4576 cognitis,Gaina

1567 4666 1834 4722 VALESII
1872 4664 2402 4723 ANNOTATIONES

449 4763 565 4829 (l5)
604 4761 714 4815 Καὶ
763 4760 1054 4831 κεράμοιές
1092 4760 1316 4825 βελῶν.
1353 4758 1553 4831 Eadem
1594 4777 1697 4815 vox
1753 4760 1951 4830 legitur
1981 4763 2025 4816 D
2057 4761 2205 4828 potiu

1863 4769 1951 4814 tur
1981 4763 2025 4816 D
2057 4761 2240 4828 potius
2266 4761 2555 4831 _dicuntur
2587 4773 2753 4831 quam
2796 4756 3007 4831 templi.
3058 4753 3262 4831 Deinde
3293 4763 3439 4831 _a_nte
3466 4826 3477 4831 _
3502 4757 3619 4815 hare

375 4832 519 4902 apud
581 4832 969 4902 Nicephorum.
1005 4830 1106 4884 Ubi
1160 4831 1401 4885 Joannes
1454 4830 1672 4899 Laugus
1725 4834 1879 4886 vertit
1936 4848 1948 4883 :

395 4901 539 4955 Vasa
566 4901 757 4970 ﬁctilia
802 4902 916 4955 telis
950 4901 1122 4969 plena.
1170 4902 1409 4955 Savilius
1460 4916 1589 4953 vero
1624 4902 1677 4953 in
1712 4902 1955 4971 margine

374 4974 461 5025 sui
518 4972 749 5034 codicis,
808 4974 1201 5041 interpretatur
1240 4972 1405 5033 dolia,
1464 4971 1609 5041 quod
1655 4970 1797 5024 idem
1840 4970 1951 5025 est.

375 5042 528 5098 Dolia
548 5044 693 5097 enim
735 5040 1087 5110 antiquorum
1133 5054 1291 5096 erant
1325 5041 1537 5095 ﬁctilia.
1586 5040 1757 5094 Porro
1800 5056 1954 5094 arma

372 5121 428 5165 et
444 5113 551 5166 tela
582 5128 611 5165 a
651 5112 903 5165 barbaris
926 5118 1207 5179 exportata
1234 5112 1403 5166 fuisse
1427 5110 1564 5164 dicit
1594 5110 1950 5175 Sozomcnus,

374 5184 433 5235 ἐν
458 5184 787 5249 γυναικείοις
810 5184 1068 5250 ὀχήμασι,
1107 5182 1157 5233 id
1192 5190 1277 5237 cst
1301 5186 1352 5235 in
1386 5182 1598 5235 lecticis
1620 5196 1712 5236 seu
1740 5182 1947 5234 baster-

374 5254 484 5314 nis.
537 5264 596 5305 ut
630 5254 932 5305 occultiora
973 5260 1180 5315 essent,
1215 5268 1340 5305 cum
1392 5252 1680 5306 mulierum
1723 5252 1946 5308 lecticas

374 5338 537 5378 uenio
572 5322 795 5376 auderet
829 5334 1099 5375 exemere.

446 5392 557 5462 (Η)
581 5388 680 5456 Οἷς
712 5390 908 5445 οὐκέτι
956 5391 1169 5461 φυγεῖν
1200 5391 1525 5459 ἐξεγένετο.
1553 5391 1757 5462 Duplex
1776 5390 1941 5461 hujus

375 5465 481 5519 loci
512 5470 686 5532 potest
714 5478 835 5517 esse
868 5476 1083 5517 sensus.
1113 5463 1219 5515 Aut
1248 5463 1392 5515 enim
1420 5462 1533 5515 vult
1565 5461 1747 5532 dicere
1775 5462 1941 5516 Soza-

376 5531 593 5593 menus,
631 5548 723 5587 eos
758 5534 849 5602 qui
886 5534 939 5586 in
969 5533 1203 5586 ecclesia
1230 5532 1319 5585 illa
1369 5540 1534 5602 erant,
1579 5531 1801 5592 inclusi.
1828 5548 1939 5587 non

376 5606 622 5673 potuisse
648 5600 882 5672 amplius
924 5603 1205 5672 aulugere,
1242 5618 1307 5657 eo
1330 5603 1473 5670 quod
1515 5600 1664 5673 fores
1687 5602 1938 5673 ecclesia:

376 5678 576 5729 clausa:
623 5681 829 5728 essent.
867 5674 973 5726 Aut
1008 5682 1155 5727 certe
1181 5673 1338 5736 dicit,
1369 5688 1464 5725 eos
1492 5672 1582 5740 qui
1613 5688 1737 5725 cum
1768 5672 1939 5727 Gaina

373 5761 439 5799 ex
467 5745 599 5799 urbe
619 5744 855 5813 ell'ugere
882 5759 987 5799 non
1019 5750 1341 5812 patuerant,
1366 5751 1553 5813 utpote
1579 5743 1749 5811 portis
1785 5744 1937 5799 urbis

376 5815 539 5883 regia:
563 5812 766 5869 clausis
790 5856 803 5875 ,
833 5816 882 5867 in
913 5815 1203 5869 ecclesiam
1233 5815 1383 5867 illam
1406 5812 1736 5880 confugisse.
1762 5815 1939 5882 Atque

374 5886 522 5941 hunc
574 5900 795 5941 scnsum
846 5886 1112 5941 veriorem
1178 5892 1325 5954 puto.
1365 5884 1496 5938 Nam
1549 5883 1733 5950 πύλαι,
1786 5887 1935 5942 urbis

2048 4824 2317 4892 verba,oig
2354 4832 2554 4895 οὐκέτι,
2578 4824 2712 4892 etc...
2741 4829 2796 4882 in
2823 4824 3059 4883 editione
3086 4825 3305 4880 Roberti
3335 4824 3614 4895 Stephani,

2049 4916 2211 4973 quam
2266 4898 2935 4973 Genevensis_expressit
2985 4896 3175 4959 editio,
3227 4896 3474 4973 apposita
3530 4910 3619 4954 est

2050 4966 2456 5034 subdistinctio,
2481 4986 2602 5039 quae
2629 4966 2774 5023 hunc
2805 4982 3030 5039 sensum
3062 4980 3286 5036 prorsus
3306 4966 3613 5023 conﬁrmat.

2055 5041 2159 5097 Sed
2196 5037 2618 5110 etNicephorus
2659 5037 2909 5110 eumdem
2950 5051 3175 5110 sensum
3215 5044 3438 5110 secutus
3490 5046 3613 5110 est.

2051 5122 2111 5166 ut
2142 5118 2289 5179 patet
2322 5127 2387 5165 ex
2411 5102 2546 5219 'can.
2604 5111 2638 5164 6
2672 5109 2767 5162 lib.
2799 5122 2918 5171 xtlr,
2964 5107 3017 5160 in
3056 5105 3247 5160 codice
3307 5102 3614 5161 Fuketiano

2054 5192 2178 5219 nnlo
2210 5195 2395 5219 vnnmn
2443 5199 2471 5219 ιι.
2498 5198 2525 5219 ρ·
2600 5179 2775 5219 ηηαίηι
2820 5185 2903 5219 ncl
2933 5177 3107 5219 mmlin
3158 5174 3463 5219 {Iislinmim
3497 5194 3614 5219 num

2052 5175 2178 5235 ante
2210 5195 2396 5235 vocem
2443 5175 2544 5243 οἷς,
2600 5179 2777 5249 posita
2820 5185 2903 5249 est
2933 5177 3109 5231 media
3158 5175 3466 5242 distinctio,
3497 5194 3619 5248 quau

2051 5252 2233 5306 favere
2274 5250 2490 5305 videtur
2512 5248 2679 5320 priori
2714 5248 2919 5320 sensui.

2122 5316 2574 5387 (15)Φλαυῖτᾰς.
2606 5321 2662 5374 In
2687 5319 2876 5373 codice
2923 5316 3225 5372 Fuketiano
3251 5322 3310 5387 et
3336 5317 3478 5385 apud
3515 5316 3611 5369 Ni-

2050 5385 2347 5460 cephorum
2394 5390 2662 5454 Φλαὸίτας
2712 5389 2972 5460 scribitur
3002 5385 3531 5460 rectius.__Zosimu_s
3560 5388 3613 5451 ip

2049 5455 2144 5515 lib'.
2171 5477 2225 5524 v,
2257 5468 2311 5515 et
2343 5460 2620 5529 Eunapius
2649 5457 2943 5529 Φραούῖθον
2984 5469 3201 5529 vocant.
3240 5455 3337 5512 Hic
3364 5456 3614 5529 estiFra-

2046 5534 2178 5596 vita,
2212 5531 2303 5596 qui
2333 5547 2455 5585 eum
2502 5526 2797 5585 ‘Vincentio
2832 5529 3022 5583 consul
3074 5527 3177 5581 fuit
3229 5542 3373 5581 anno
3406 5526 3615 5581 Christi

2045 5602 2170 5655 401.
2210 5602 2337 5667 Ejus
2368 5600 2614 5671 Elogium
2643 5600 2810 5654 habes
2832 5597 3220 5671 apud_Suidan_i
3249 5598 3301 5651 in
3327 5612 3460 5653 voce
3474 5599 3616 5671 ‘I’pi-

2041 5672 2215 5734 ϐιθος,
2262 5687 2327 5724 ex
2386 5668 2626 5724 Historia
2688 5670 2917 5738 Euuapii
2956 5668 3209 5738 Sardiani
3279 5682 3431 5737 :quo
3492 5668 3613 5720 loco

2048 5743 2308 5796 narrabat
2348 5740 2648 5809 Eunapius,
2696 5755 2803 5809 qua
2843 5736 3053 5793 ratione
3101 5736 3320 5809 Fravita
3344 5736 3613 5809 magister

2045 5813 2276 5867 militum
2328 5808 2584 5871 Orientis.
2638 5808 2906 5864 latronum
2937 5810 3128 5881 globos
3156 5808 3249 5877 qui
3298 5822 3394 5875 per
3425 5808 3611 5862 Asiam

2043 5884 2459 5953 grassabantur,
2495 5880 2872 5939 cxstinxissct.
