4460 6634
809 472 946 528 i527

2231 429 2580 519 sonos!le

3930 456 4064 516 1528

800 600 900 658 per
930 582 1220 640 Thraciam
1271 584 1554 655 profectus
1578 624 1593 650 ,
1647 579 1706 639 in
1743 582 2149 658 Chersonesum
2196 582 2366 648 venit,
2399 587 2440 645 Α
2476 575 2561 651 βίᾳ

2340 598 2366 648 ;,
2399 587 2440 645 Α
2476 575 2586 651 βίᾳ,
2617 576 2714 631 καὶ
2771 579 2913 635 κατὰ
2935 582 3138 635 τούτων
3168 579 3267 644 τὰς
3317 577 3607 650 Ῥωμαίων
3655 574 3789 640 ναῦς
3837 575 4058 647 ἦλαυνε,
4095 553 4101 562 ’

797 684 854 733 et
911 673 1320 748 Hellespontum
1372 675 1634 745 trajicere
1695 657 2172 739 conabatur.".Sie
2222 669 2369 726 enim

799 769 1078 841 cogitabat
1123 783 1206 834 se,
1253 768 1299 824 si
1349 769 1535 824 Asiam
1589 781 1714 838 quae
1763 781 1831 819 ex
1885 763 2120 818 adverso
2160 761 2374 830 objecta

798 873 943 926 erat,
969 861 1368 933 occupavisset,
1411 860 1653 931 reliquas
1691 859 1937 914 Orientis
1973 855 2288 926 provincias
2320 853 2373 906 in

799 971 956 1012 suam
1020 961 1344 1024 potestatem
1385 951 1574 1007 ‘l‘acile
1634 950 2011 1005 redacturum.
2063 945 2265 1001 Verum
2329 944 2393 998 is-

797 1063 1022 1125 quoque
1073 1055 1305 1102 conatus
1340 1045 1635 1102 infeliciter
1665 1045 1713 1100 ei
1757 1041 2064 1104 successit,
2113 1037 2378 1096 Romanis

800 1139 984 1194 divina
1024 1151 1126 1212 ope
1157 1137 1250 1190 hic
1287 1135 1452 1202 etiam
1480 1133 1706 1204 adjutis.
1740 1131 1954 1187 Etenim
1985 1131 2271 1201 pedestres
2313 1145 2379 1184 ac

801 1229 1024 1286 navales
1052 1229 1224 1299 copia:
1250 1227 1319 1281 ab
1361 1228 1693 1297 imperatore
1727 1223 1935 1286 missas,
1971 1231 2174 1292 praesto
2202 1223 2381 1286 tuere,

801 1337 1035 1392 quarum
1072 1321 1183 1375 dux
1212 1328 1330 1375 erat
1353 1316 1571 1372 Fravita
1593 1357 1608 1382 ,
1639 1316 1723 1370 vir
1752 1314 1975 1370 natione
2003 1311 2225 1385 quidem
2254 1312 2382 1368 bar-

803 1415 994 1480 barus,
1026 1412 1122 1469 sed
1154 1412 1314 1468 bonis
1339 1411 1611 1476 moribus,
1642 1417 1696 1464 et
1725 1409 1942 1479 peritus
1980 1407 2060 1461 rei
2098 1405 2376 1460 militaris.

802 1505 966 1576 332
1003 1504 1228 1564 Barbari
1277 1519 1410 1559 vero
1441 1518 1569 1558 cum
1616 1486 1784 1556 naves
1823 1515 1930 1562 non
1969 1499 2259 1561 haberent,
2291 1514 2380 1552 ra-

805 1599 955 1651 tibus
991 1599 1152 1660 vecti,
1177 1596 1585 1666 Hellespontum
1613 1591 1892 1662 trajicere,
1913 1597 1968 1645 et
1995 1589 2049 1656 in
2071 1590 2380 1659 oppositam

2480 668 2600 728 Τῶν
2653 668 2712 725 δὲ
2768 670 3078 744 βαρϐάρων,
3112 672 3163 725 οἱ
3217 670 3438 734 πλείους
3471 669 3592 738 μὲν,
3648 667 3835 731 αὐτοῖς
3873 666 4062 728 ἵπποις

2479 763 2804 836 ὑποϐρύχιοι
2851 763 3133 832 ἐγένοντο·
3181 764 3230 815 οι
3279 761 3356 825 δὲ,
3417 759 3524 813 ὑπὸ
3557 757 3670 811 τῶν
3715 754 4065 829 στρατιωτῶν

2482 852 2845 932 ἀνῃρέθησαν.
2889 857 2948 910 '0
2993 855 3051 908 δὲ
3101 855 3300 918 Γαῖνᾶς
3333 853 3450 924 ἅμα
3492 851 3695 918 ὀλίγοις
3733 846 4066 920 περισωθεὶς

2482 951 2626 1012 τότε,
2652 950 2715 1002 ού
2748 947 2927 1020 πολλῷ
2960 947 3186 1018 ὕστερον
3203 945 3306 998 ἀνὰ
3325 946 3423 1014 τὴν
3447 943 3669 1014 Θράκην
3700 938 3978 1008 ἀλώμενός
4003 953 4066 991 τε

2485 1043 2580 1096 καὶ
2603 1039 2840 1111 φεύγων,
2884 1038 3048 1109 ἑτέρα
3089 1037 3317 1108 στρατιᾷ
3359 1034 3682 1106 περιέπεσε,
3713 1031 3807 1084 καὶ
3831 1033 3930 1082 σὺν
3953 1029 4068 1091 τοῖς

2476 1132 2624 1203 ,ἀμφ’
2663 1129 2827 1182 αὐτὸν
2887 1127 3189 1200 βαρϐάροις
3243 1126 3512 1181 ἀπώλετο.
3557 1122 3729 1176 Τοῦτο
3760 1121 3868 1174 τῶν
3897 1119 4069 1172 Γαῖνᾶ

2487 1221 2852 1292 τολμημάτων
2897 1221 2990 1276 καὶ
3015 1219 3110 1274 τοῦ
3142 1218 3258 1290 βίου
3285 1217 3347 1272 τὺ
3373 1217 3548 1280 τέλος.
3582 1215 3642 1268 '0
3666 1213 3724 1266 δὲ
3743 1209 4010 1272 Φλαδίτας
4036 1208 4067 1249 ιι

2487 1309 2742 1383 λαμπρὸς
2769 1312 2826 1363 ὲν
2857 1309 3027 1382 ταύτῃ
3056 1310 3121 1380 τῇ
3159 1308 3307 1381 μάχῃ
3344 1306 3654 1376 γενόμενος,
3684 1302 4070 1373 χειροτονεῖται

2490 1402 2712 1466 ὕπατος.
2740 1403 2829 1456 Ἐν
2849 1401 2907 1456 δὲ
2929 1400 3007 1471 τῷ
3033 1402 3152 1454 τότε
3174 1398 3340 1455 αὑτοῦ
3367 1397 3461 1451 καὶ
3483 1393 3757 1454 Βικεντίου
3773 1389 4070 1446 ὑπατευόν-

2487 1512 2617 1561 των,
2640 1495 2880 1550 τίκτεται
2904 1493 2980 1565 τῷ
3003 1493 3213 1563 βασιλεῖ
3240 1493 3393 1554 παῖς,
3421 1488 3499 1559 τῷ
3525 1487 3735 1557 πάππῳ
3756 1482 4068 1555 ὁμώνυμος.

2500 1586 2834 1662 Ἀρχομίνης
2881 1586 2940 1653 δὲ
2988 1586 3090 1657 τῆς
3145 1584 3274 1655 ἑξῆς
3345 1581 3627 1646 ὑπατείας,
3677 1574 4071 1647 ἀναγορεύεται

805 1689 1180 1751 continentem
1233 1688 1492 1742 invadere
1545 1683 1888 1738 nitebantur.
1942 1680 2048 1735 Sed
2088 1681 2383 1735 vehemens
2480 1681 2769 1746 Σεϐαστός.

812 1781 1085 1855 zephyrus
1137 1786 1364 1852 repente
1413 1779 1700 1847 ingruens,
1754 1781 1904 1826 rates
1953 1771 2174 1841 quidem
2222 1786 2414 1827 eorum
2456 1772 2748 1839 dissolvit;
2799 1773 3172 1828 Romanorum
3225 1779 3408 1825 autem
3456 1781 3631 1822 naves
3687 1764 3957 1818 violenter
4013 1759 4072 1812 in

804 1879 928 1932 illas
989 1877 1227 1952 impulit.
1287 1876 1364 1930 Ac
1417 1873 1778 1928 barbarorum
1829 1868 2048 1940 quidem
2103 1866 2390 1937 plerique,
2430 1868 2593 1922 simul
2635 1884 2758 1924 cum
2825 1868 2984 1939 equis
3023 1869 3140 1924 suis
3187 1865 3459 1924 submersi
3501 1871 3650 1928 sunt,
3699 1859 3824 1914 aliia
3879 1853 4072 1910 militi-

806 1971 910 2025 bus
957 1967 1257 2025 interfecti.
1307 1965 1482 2020 Gaina
1534 1979 1662 2020 vero
1707 1974 1819 2022 tutn
1865 1961 2087 2032 quidem
2119 1975 2228 2014 una
2261 1975 2384 2016 cum
2459 1962 2650 2032 paucis
2700 1963 2992 2026 servatus,
3047 1961 3213 2032 paulo
3260 1967 3384 2029 post
3437 1972 3562 2012 cum
3610 1969 3706 2025 per
3778 1947 4073 2004 Thraciam

805 2065 1027 2136 fugiens
1059 2065 1364 2128 oberraret,
1395 2061 1448 2117 in
1481 2062 1715 2116 alterum
1750 2059 1940 2116 incidit
1967 2059 2295 2119 exercitum,
2323 2065 2379 2111 et
2416 2059 2580 2113 simul
2617 2075 2741 2115 cum
2791 2059 3045 2115 barbaris
3081 2073 3224 2127 quos
3254 2058 3402 2112 circa
3437 2069 3495 2109 se
3562 2050 3797 2106 habebat
3863 2043 4073 2101 exstin-

806 2167 932 2216 ctus
975 2168 1080 2216 est.
1122 2159 1187 2214 Et
1227 2155 1415 2212 Gaina:
1449 2156 1699 2228 quidem,
1737 2155 2078 2226 perditorum
2121 2151 2484 2208 consiliorum
2520 2168 2585 2207 ac
2621 2155 2770 2221 vitm,
2838 2152 3152 2224 hujusmodi
3183 2150 3366 2206 exitus
3436 2147 3560 2202 fuit.
3631 2142 3852 2197 Fravita
3914 2149 4070 2199 vero,

808 2270 932 2314 eum
965 2254 1020 2308 in
1049 2267 1116 2310 eo
1148 2251 1291 2310 bello
1319 2249 1595 2321 egregiam
1627 2261 1849 2318 operam
1885 2251 2164 2308 navasset,
2187 2244 2384 2298 consul
2458 2243 2639 2301 factus
2702 2253 2808 2300 est.
2858 2243 2962 2299 Per
2991 2243 3132 2298 idem
3180 2249 3417 2310 tempus,
3468 2238 3591 2308 ipso
3621 2248 3782 2306 quem
3824 2229 4072 2284 diximus

807 2347 1028 2403 Fravita
1069 2353 1124 2402 et
1169 2341 1458 2398 Vincentio
1497 2355 1640 2396 coss.
1675 2338 1997 2408 imperatori
2070 2343 2234 2392 natus
2281 2342 2365 2388 est
2432 2337 2578 2394 filius
2624 2353 2724 2393 avo
2767 2335 3130 2410 cognominis.
3179 2332 3283 2400 Qui
3331 2331 3435 2389 sub
3503 2328 3718 2384 initium
3787 2316 4073 2393 sequentis

809 2440 1154 2505 consulatus,
1188 2437 1472 2505 Augustus
1508 2431 1858 2488 renuntiatus
1889 2437 1994 2486 est.

1471 2525 1628 2583 CAP.
1669 2525 1738 2579 ν.

813 2623 1364 2701 ριιοηιοάολοωιηει
1407 2623 1769 2701 multitudinis
1797 2623 2017 2701 gnimos
2053 2623 2392 2679 concionibus

884 2701 997 2756 suis
1027 2698 1322 2767 pellexerit,
1349 2705 1398 2750 et
1447 2693 1511 2748 de
1535 2695 1756 2748 muliere
1788 2691 2198 2759 Macedoniam,
2239 2694 2394 2763 cujus

881 2773 1038 2840 panis
1067 2770 1122 2823 in
1156 2769 1382 2836 lapidem
1414 2781 1696 2820 conversus
1725 2773 1828 2819 est.

885 2865 1100 2920 Interea
1122 2861 1366 2917 Joannes
1385 2855 2060 2927 Constantinopolitanam
2092 2854 2398 2911 Ecclesiam

813 2957 1032 3030 egregie
1095 2953 1535 3016 administrans,
1611 2951 1818 3005 multos
1880 2956 1996 3004 tum
2047 2964 2114 3004 ex
2179 2947 2395 3019 gentili-

819 3055 957 3114 bus,
1018 3057 1134 3104 tum
1181 3063 1248 3104 ex
1294 3043 1569 3101 haereticis
1617 3042 1913 3098 alliciebat.
1964 3040 2288 3098 Conﬂuebat
2332 3038 2401 3094 ad

819 3147 972 3203 illum
1053 3141 1298 3211 quotidie
1361 3137 1661 3193 multitudo
1695 3178 1711 3204 ,
1772 3135 1975 3207 partim
2045 3149 2235 3190 eorum
2309 3132 2406 3203 qui

819 3238 974 3292 utilia
1029 3251 1097 3291 ex
1146 3248 1212 3290 eo
1254 3233 1506 3296 discere,
1548 3229 1750 3301 partim
1802 3242 1993 3284 eorum
2049 3227 2142 3297 qui
2193 3225 2408 3297 pericu-

825 3333 937 3386 !utu
983 3327 1105 3398 ejus
1161 3324 1342 3379 facere
1391 3322 1704 3393 cupiebant.
1757 3318 2022 3388 Cupiebat
2073 3327 2258 3372 autem
2319 3316 2410 3371 ille

822 3421 1149 3480 universos,
1207 3424 1380 3486 utque
1449 3390 1589 3468 idem
1648 3427 1774 3466 cum
1839 3411 1959 3480 ipso
2003 3409 2071 3464 de
2129 3407 2410 3464 divinitate
2443 3390 2455 3398 ’

825 3513 1130 3576 sentirent,
1175 3509 1256 3564 eis
1295 3505 1678 3578 persuadebat.
1725 3501 1899 3558 Porro
1935 3501 2178 3572 papulus
2218 3507 2407 3555 tanto-

826 3620 958 3680 pere
998 3604 1119 3673 ejus
1177 3599 1528 3656 sermonibus
1581 3596 1865 3660 inhiabat,
1921 3610 2023 3649 nee
2072 3593 2182 3648 illis
2222 3591 2414 3646 satiari

827 3697 943 3752 ullo
989 3693 1153 3748 modo
1191 3698 1427 3761 poterat,
1477 3696 1558 3753 ut,
1609 3687 1872 3758 quoniam
1907 3700 2028 3740 sese
2079 3694 2269 3739 mutuo
2308 3686 2414 3738 im-

831 3786 1100 3856 pellentes
1132 3799 1196 3834 ac
1233 3786 1548 3850 prementes
1584 3776 2069 3847 periclitabantur,
2115 3772 2246 3827 dum
2296 3773 2413 3827 sin-

832 3879 947 3954 guli
984 3877 1212 3947 propius
1246 3857 1571 3928 nitebantur
1596 3871 1882 3934 accedere,
1932 3875 1991 3920 ttt
2029 3867 2183 3920 illum
2224 3865 2414 3923 dicen-
2441 3896 2487 3958 ϐ

831 3981 946 4027 tem
981 3968 1232 4026 exactius
1267 3966 1523 4020 audirent
1555 3963 1623 4018 de
1659 3961 1910 4032 proximo
1940 3977 1954 4014 :
1983 3959 2104 4029 ipse
2141 3958 2194 4011 in
2233 3955 2419 4009 medio

833 4064 1088 4122 omnium
1127 4060 1465 4123 consistens,
1512 4072 1582 4112 ex
1618 4056 1893 4110 lectorum
1939 4059 2201 4122 suggestu
2241 4063 2420 4120 popu-

837 4161 956 4217 lum
1007 4155 1205 4214 sedens
1248 4151 1524 4210 docuerit.
1561 4148 1664 4204 Hic
1696 4161 1830 4204 vero
1879 4152 2253 4217 opportunum
2286 4143 2420 4197 mihi

837 4253 1084 4316 videtur,
1109 4247 1440 4304 miraculum
1464 4242 1614 4315 quod
1639 4242 1788 4298 illius
1816 4238 2164 4309 temporibus
2192 4235 2418 4300 accidit,

842 4345 1090 4403 historiae
1150 4349 1360 4399 nostra:
1405 4340 1679 4394 inserere.
1729 4333 1828 4389 Vir
1867 4332 2096 4404 quidam
2150 4345 2216 4386 ex
2270 4337 2422 4385 secta

843 4435 1398 4499 Macedonianorutn,
1425 4446 1656 4488 uxorem
1689 4427 1927 4483 habebat
1956 4423 2203 4495 ejusdem
2234 4432 2419 4478 sectae.

848 4532 949 4586 llic
987 4544 1113 4585 cum
1142 4525 1414 4582 Joannem
1449 4519 1754 4593 aliquando
1799 4517 2094 4572 docentem
2131 4513 2424 4574 audiisset,

846 4619 1126 4696 quomodo
1168 4619 1238 4674 de
1267 4617 1560 4672 divinitate
1600 4610 1950 4668 sentiendum
1984 4606 2077 4671 sit,
2114 4605 2272 4659 fidem
2304 4604 2426 4673 ejus

851 4719 1140 4789 amplexus
1170 4718 1256 4767 est
1283 4729 1296 4764 :
1348 4717 1690 4774 uxoremque
1717 4699 1929 4756 hortari
1964 4696 2152 4766 coepit,
2183 4703 2242 4749 ut
2281 4695 2422 4748 idem

854 4788 1040 4870 secum
1071 4805 1278 4864 sentire
1307 4800 1492 4859 vellet.
1528 4794 1636 4851 Sed
1670 4807 1794 4848 cum
1825 4790 1919 4845 illa
1972 4788 2145 4860 priori
2186 4801 2423 4840 consue-

3106 2512 3369 2585 KE¢AA._
3386 2510 3460 2562 ιε’.
3975 2553 3980 2558 .

2507 2618 2602 2682 Ὠς
2639 2613 2982 2684 ὑπηγάγετο
3017 2612 3050 2664 δ
3076 2606 3375 2684 ,Ἰωιέννης
3394 2600 3530 2684 ταῖς.
3560 2589 4076 2684 δεὲασὲἐὲίῗὶἳέἀ

2565 2664 2799 2753 ’ξ
2810 2664 2933 2737 Bisi
2957 2664 3104 2753 ξπερί
3145 2676 3273 2753 τῆςΔ
3289 2664 3586 2753 furum—'55.
3598 2664 4037 2753 ῌξικεδονιανῆι
4053 2699 4071 2724 ν

2565 2757 2642 2810 δι’
2675 2739 2766 2825 ἦν’
2784 2757 2816 2810 ό
2853 2739 3143 2821 ἄρτοςέις
3173 2739 3349 2801 iiber
3372 2739 3729 2812 μετεϐλήθη.

2581 2819 2832 2917 Ἰωάννης
2862 2819 2919 2896 δε
2952 2842 3151 2914 ἄριστα
3177 2838 3274 2908 τῆς
3313 2824 3935 2888 Κωνσταντινουπόλεως
3962 2819 4070 2874 Ἐκο

2500 2940 2727 3012 κλησίας
2753 2915 3147 3008 ἐπιτροπεύων,
3177 2929 3404 2991 πολλοὺς
3429 2926 3526 2997 μὲν
3551 2925 3616 2976 ὲκ
3642 2920 3752 2974 τῶν
3782 2915 4076 3012 Ἑλλήνων,

2503 3004 2729 3095 πολλοὺς
2772 3031 2831 3084 δὲ
2881 3004 2950 3082 εκ
3001 3026 3108 3079 τῶν
3145 3022 3406 3093 αἱρέσεων
3452 3017 3705 3088 ἐπήγετο.
3736 3004 4078 3081 Συνέρῤειδδ

2505 3125 2641 3197 πρὸς
2674 3121 2836 3177 αὑτὸν
2866 3121 3125 3175 ἑκάστοτε
3165 3113 3386 3184 πλῆθος,
3421 3111 3528 3164 τῶν
3577 3107 3696 3178 μὲν,
3727 3104 3812 3157 ἐπ’
3844 3097 4081 3170 ὠφελείᾳ

2506 3193 2911 3286 ἀκουσομένων,
2932 3211 3040 3264 τῶν
3067 3209 3145 3271 δὲ,
3173 3205 3480 3273 ἀπόπειραν
3499 3196 3840 3270 ληψομένων.
3872 3193 4082 3286 "Artav-

2505 3312 2605 3372 τάς
2657 3278 2726 3360 τε·
2760 3306 2902 3377 ᾔρει,
2935 3305 3032 3357 καὶ
3057 3301 3124 3354 τὰ
3155 3298 3294 3354 αὐτὰ
3347 3293 3590 3361 δοξάζειν
3652 3286 3800 3358 αὐτῷ
3856 3284 3985 3350 περὶ
4022 3278 4083 3333 τδ

2509 3402 2664 3456 Θεῖον
2683 3376 2886 3454 ἔπειθε.
2915 3393 3178 3448 Τοσοῦτον
3201 3391 3256 3443 δὲ
3289 3387 3426 3460 πρὸς
3450 3385 3612 3438 αὐτὸν
3640 3382 3700 3434 τὸ
3729 3376 3930 3448 πλῆθος
3947 3377 4081 3460 γὲκε-

2513 3494 2744 3563 χήνεσαν
2783 3485 2917 3557 (l6),
2945 3483 3038 3537 καὶ
3062 3481 3169 3535 τῶν
3197 3459 3360 3533 αὑτοῦ
3392 3476 3566 3542 λόγων
3599 3471 3759 3540 κόρον
3782 3467 3880 3520 οὐκ
3917 3459 4084 3532 εἶχον,

2513 3554 2652 3632 ὣστε
2685 3554 2806 3628 ensi.
2844 3571 3222 3641 ὠστιζόμενοι,
3256 3568 3350 3621 καὶ
3367 3562 3770 3629 περιθλίὸοντες
3800 3554 4083 3625 ἀλλήλους,

2515 3667 2875 3728 ἐκινδύνευον,
2903 3664 3130 3723 ἕκαστος
3170 3656 3502 3730 προσωτέρω
3562 3652 3699 3705 ίέναι
3743 3645 4084 3718 βιαζόμενος,

2514 3764 2660 3825 ὅπως
2688 3759 2851 3828 ἐγγὺς
2878 3751 3186 3826 παρεστὼς,
3217 3731 3604 3821 ἀκριϐέστερον
3634 3738 3797 3796 αὑτοῦ
3839 3737 4088 3801 λέγοντος

2518 3852 2736 3908 ἀκούοι·
2772 3849 2932 3920 μέσον
2965 3843 3156 3899 ἑαυτὸν
3190 3843 3322 3895 πᾶσι
3353 3836 3630 3907 παρέχων,
3665 3832 3758 3884 ἐπὶ
3787 3827 3880 3882 τοῦ
3911 3825 4089 3897 βήμα-

2517 3963 2608 4009 τος
2649 3943 2757 3996 τῶν
2807 3934 3170 4007 ἀναγνωστῶν
3225 3929 3591 3999 καθεζόμενος

2518 4036 2695 4111 καιρῷ
2722 4035 2780 4088 δέ
2814 4049 2900 4103 μοι
2932 4031 3101 4111 δοκεῖ,
3125 4026 3185 4080 τδ
3204 4022 3416 4095 συμϐάν
3443 4020 3536 4074 ἐπὶ
3555 4014 3717 4072 αὐτοῦ
3745 4011 3929 4082 θαῦμα
3954 4025 4092 4078 συμ-

2518 4100 2829 4203 περιλαϐεῖν
2861 4127 2926 4196 τῇ
2961 4104 3166 4194 γραφῇ.
3215 4117 3379 4187 Ἀνήρ
3420 4130 3504 4177 τις
3553 4105 3884 4166 Μακεδονίου
3939 4100 4093 4203 αἱρέὶ

2521 4241 2682 4289 σεως,
2709 4218 2936 4291 τοιαύτῃ
2965 4213 3186 4285 γυναικὶ
3212 4209 3462 4279 συνῴκει.
3493 4200 3806 4274 Περιτυχὼν
3846 4197 3906 4250 δὲ
3943 4191 4092 4263 αὐτῷ

2520 4317 2823 4370 διδάσκοντι
2861 4290 3008 4374 ὅπως
3051 4305 3157 4379 χρὴ
3197 4302 3324 4375 περὶ
3347 4298 3482 4355 Θεοῦ
3508 4295 3770 4362 δοξάζειν,
3803 4290 4094 4379 ἐπαινέτης

2521 4406 2588 4480 ἦν
2614 4407 2706 4461 τοῦ
2759 4405 3048 4474 δόγματος,
3093 4377 3186 4453 καὶ
3222 4395 3319 4466 τὴν
3339 4394 3573 4463 γυναῖκα
3599 4385 3920 4458 ὁμοφρονείν
3945 4377 4095 4480 abst?

2525 4469 3040 4572 riapsxdlst."Ens‘t
3081 4492 3138 4545 δὲ
3187 4492 3253 4561 τῇ
3306 4486 3412 4559 πρὸ
3459 4482 3650 4569 τούτου
3695 4474 3954 4546 συνηθείᾳ.
4001 4469 4096 4524 καὶ

2524 4598 2642 4657 ταῖς
2667 4590 2901 4663 ὁμιλίαις
2946 4585 3053 4640 τῶν
3107 4580 3396 4652 γνωρίμων
3425 4572 3698 4647 γυναικῶν
3737 4569 3954 4640 ἡττᾶτο,
4003 4561 4099 4616 καὶ

2531 4655 2788 4746 πολλάκις
2817 4677 3082 4735 νουθετῶν
3107 4676 3136 4728 ὁ
3160 4673 3299 4744 ἀνὴρ
3323 4669 3474 4724 οὐδὲν
3504 4667 3686 4738 ῆνυεν,
3712 4662 3775 4714 Εἰ
3813 4659 3907 4730 μὴ,
3940 4655 4097 4724 φησὶ,

2530 4776 2874 4846 κοινωνήσεις
2898 4767 3103 4842 μοιτῶν
3117 4765 3293 4830 θείων,
3319 4761 3442 4816 ούδὲ
3458 4758 3554 4814 τοῦ
3595 4757 3710 4828 βίου
3727 4751 3978 4813 κοινωνὸς
4001 4748 4100 4820 ἐστι

858 4841 1040 4870 Βυυυιιι
1072 4841 1278 4864 acut-Iv
1317 4841 1492 4859 vvnv-a
1530 4841 1636 4851 -υ-νν-
1674 4841 1794 4848 -----
1826 4841 1918 4845 ---η
1972 4841 1998 4860 τ
2044 4841 2081 4843 κν

858 4904 1055 4959 tudine
1089 4908 1141 4955 ct
1179 4892 1530 4951 familiarium
1565 4886 1670 4943 sibi
1705 4884 2000 4939 mulierum
2029 4879 2429 4950 congressibus
2538 4888 2619 4943 μοι

2341 4895 2429 4934 )tls
2538 4888 2626 4943 μοι
2653 4841 2757 4922 τοῦ.
2779 4841 2986 4920 λοιποῦ.
3017 4857 3282 4914 Ἐνταῦθα
3297 4856 3354 4914 δὲ
3377 4856 3411 4926 ὴ
3437 4852 3577 4924 γυνὴ
3617 4845 3916 4917 συνθεμένη
3945 4841 4102 4895 τοῦτο

858 4995 1019 5068 quasi
1071 4991 1288 5061 captiva
1340 4989 1643 5045 teneretur,
1692 4992 1793 5032 nec
1825 4973 2058 5028 maritus
2087 4972 2302 5026 crebris
2335 4971 2434 5026 ad.

863 5061 1261 5142 monitionibus
1309 5075 1611 5148 quidquam
1665 5069 1976 5140 proliceret,
2028 5061 2245 5118 tandem
2307 5061 2431 5116 ille:

865 5172 1302 5246 Nisi,inquit,in
1335 5168 1538 5225 divinis
1567 5160 1846 5235 mysteriis
1875 5169 2091 5212 mecum
2124 5152 2437 5209 communi-

2537 4967 2732 5027 ποιεῖν,
2762 4956 3032 5015 κοινοῦταί
3059 4971 3166 5008 τινι
3204 4950 3312 5004 τῶν
3364 4943 3761 5020 θεραπαινίδων
3810 4941 3875 5012 ἢν
3917 4938 4104 5009 ἡγεῖτο

2540 5025 2758 5127 πιστὴν,
2801 5055 2895 5107 καὶ
2931 5045 3343 5121 παραλαμϐάνει
3387 5039 3646 5113 συνεργὸν
3683 5038 3740 5100 ὲς
3772 5033 3986 5100 ἀπάτην
4011 5025 4104 5081 τοῦ

2543 5119 2753 5221 ἄνδράς.
2786 5147 2920 5218 Περὶ
2945 5119 3120 5199 δὲντδν
3150 5136 3338 5209 καιρὸν
3365 5135 3474 5193 τῶν
3503 5128 3816 5205 μυστηρίων
3857 5124 4024 5196 (ἴσασι
4048 5119 4105 5173 δὲ

2067 5339 2341 5404 VALESII
2380 5327 2928 5397 ANNOTATIONES.

940 5472 1056 5548 (16)
1091 5469 1388 5548 133097207-
1413 5469 1482 5548 es
1510 5461 1870 5548 «pec-petor
1893 5461 1959 5514 τὸ
1989 5457 2221 5548 {git-79¢
2236 5452 2444 5548 [efﬁgi-
2471 5441 2517 5495 Ῑ)

2346 5452 2444 5523 pi-
2471 5441 2517 5495 ῐ)
2543 5440 3009 5548 admodumhlegit
3047 5434 3408 5507 Nicephorus.
3463 5427 3580 5484 Nisi
3612 5421 3865 5480 τοσοῦτον
3920 5427 4107 5473 sumas

870 5516 1084 5603 res.
1117 5540 1300 5596 Malim
1327 5516 1961 5596 εστῖυεὶῖἓέιιτὸσοῡτον
1988 5530 2072 5595 δέ,
2095 5516 2211 5585 eici
2235 5516 2439 5593 Queml-
2542 5519 2631 5575 ad!

1186 5516 1306 5594 ira;
1317 5516 1961 5596 ἒὲτῖιὶεὶέἓέιιτὸσοῡτον
1988 5530 2072 5595 δέ,
2095 5516 2211 5585 eici
2235 5516 2439 5593 Queml-
2542 5516 2947 5575 adverbialiter.

2319 5701 2699 5763 VARIORUM.

950 5851 978 5890 ι·
1003 5849 1320 5914 iuuat-ac.
1353 5843 1479 5899 Fuit
1525 5840 1742 5896 Fravita
1776 5831 2262 5914 na‘tione‘Qothus,
2306 5827 2400 5886 sed
2440 5825 2704 5897 religione
2729 5821 3003 5892 Paganus,
3024 5812 3205 5886 inquit
3227 5802 3628 5878 Philostorgius
3658 5799 3756 5857 lib.
3794 5811 3869 5862 ιι,
3901 5805 4020 5864 cap.
4053 5783 4109 5845 8.

883 5901 1533 5986 Suid—a's—etiam'testatur
1558 5925 1683 5970 eum
1710 5907 1970 5982 gentilem
1997 5901 2188 5960 fuisse.
