4460 6634
780 509 914 565 issi
2234 490 2541 570 sozoul'l

2274 472 2601 570 omni?“
3892 525 4033 585 εδδ,

771 632 967 695 utpote
1017 627 1114 697 qui
1165 627 1392 699 indigna
1453 627 1709 684 ministro
1767 627 1860 685 Dei
1908 629 2123 686 locutus
2175 633 2416 693 esset.A
2447 623 2524 682 Ὅ

2269 637 2343 693 et.
2370 633 2416 692 Α
2447 623 2524 682 Ὀ
2550 613 2608 675 δὲ
2637 623 2831 706 ἰατρὸς
2854 635 2929 692 ὣν
2947 636 3186 708 ἀριστος,
3223 637 3318 692 καὶ
3351 636 3674 702 ἀοκνότατος
3707 635 3885 705 λέγειν
3914 639 4030 710 (21)

771 717 922 772 domi
964 719 1033 774 ad
1085 729 1302 787 tempus
1357 734 1607 784 manere,
1657 729 1714 776 et
1761 722 2089 790 panitentia
2138 721 2348 790 expiari
2445 722 2532 776 xal

2270 721 2348 776 ari
2445 722 2547 776 καὶ
2573 721 2809 791 πείθειν,
2849 729 2944 782 καὶ
2976 727 3164 798 φίλους
3197 731 3503 800 περιποιεῖν
3539 729 3746 793 ἱκανὸς,
3769 727 3846 790 ὡς
3868 729 4031 798 ιπεγ-

767 808 1034 876 iusserat.
1081 810 1154 864 At
1185 809 1350 882 335
1393 809 1713 876 Gerontius,
1749 828 1874 867 cum
1900 820 1955 868 et
1983 813 2231 883 optimus
2259 828 2354 870 es-
2451 816 2528 886 γε]

2269 828 2354 870 es-
2451 815 2626 886 γελῶν
2677 819 3006 893 ’Δμσροσίῳ,
3037 814 3174 892 ἦκεν
3199 822 3280 884 είς
3308 820 3898 874 Κωνσταντινούπολιν.
3940 821 4030 874 Ἐν

770 908 856 954 set
896 899 1144 956 medicus
1171 917 1237 956 ac
1265 901 1746 972 diligentissimus,
1777 910 1834 959 et
1868 905 1934 959 ad
1962 905 2255 960 dicendum
2288 920 2354 960 ac
2450 909 2531 963 ὸλί

2288 920 2354 960 ac
2450 909 2617 980 ὀλίγῳ
2636 925 2698 962 τε
2723 910 2900 982 χρόνῳ
2922 910 3073 975 τινὰς
3102 910 3212 964 τῶν
3244 913 3302 964 ἐν
3330 913 3444 974 τοῖς
3478 909 3769 979 βασιλείοις
3797 911 4033 981 δυναμέο

770 991 1239 1060 pcrsuadenduin,
1299 993 1693 1064 parandosque
1745 993 1956 1049 amicos
2009 995 2350 1065 aptissimus.
2450 1019 2531 1054 vio'

2268 1011 2350 1059 us,
2450 1018 2557 1054 νων
2584 1003 2815 1056 ποιεῖται
2842 1001 3031 1072 φίλους
3058 1017 3072 1031 ⁸
3117 1003 3210 1056 καὶ
3252 1003 3368 1073 μετ’
3395 1003 3456 1055 οὐ
3490 1001 3626 1054 πολὺ
3673 1001 4029 1072 ἐπιτρέπεται

771 1083 930 1151 quasi
963 1083 1316 1139 Ambrosium
1343 1085 1624 1148 deridens,
1653 1084 2192 1156 ConstantinOpoliin
2224 1103 2354 1157 per-

770 1173 938 1230 rexit.
970 1173 1088 1229 Illic
1115 1175 1270 1229 brevi
1307 1174 1569 1244 temporis
1596 1177 1777 1246 spatio
1807 1176 1862 1229 in
1891 1177 2190 1231 amicitiam
2222 1191 2354 1246 quo-

772 1266 1022 1320 rumdam
1060 1267 1156 1337 qui
1195 1267 1250 1320 in
1283 1267 1492 1336 palatio
1548 1266 1849 1336 plurimum
1903 1276 2180 1338 poterant,
2229 1283 2353 1324 sese

772 1357 1077 1412 insinuavit
1111 1377 1125 1412 :
1173 1374 1276 1412 nec
1317 1359 1487 1412 multo
1525 1367 1648 1427 post
1678 1357 2120 1414 Nicomediensis
2158 1358 2349 1416 Eccle-

771 1449 869 1502 sia:
906 1449 1286 1519 episcopatum
1327 1449 1562 1520 adeptus
1599 1459 1702 1504 est.
1745 1448 2036 1505 Ordinavit
2070 1459 2252 1505 autem
2284 1450 2352 1506 il-

771 1539 886 1594 lum
937 1539 1222 1596 llelladius
1264 1540 1534 1596 Ciesarea:
1587 1541 1974 1610 Cappadocum
2026 1541 2346 1611 episcopus,

2449 1092 2550 1164 τὴν
2582 1093 2935 1166 Νικομηδέων
2962 1095 3290 1165 ὲπισκοπήν.
3331 1093 3735 1165 Ἑχειροτόνησε
3767 1094 3826 1146 δὲ
3865 1093 4030 1146 αὐτὸν

2459 1185 2733 1250 Ἐλλάδιος
2762 1185 2877 1257 (22)
2897 1187 2927 1240 ό
2949 1185 3280 1259 Καισαρέων
3305 1186 3690 1241 Καππαδοκῶν
3705 1186 4027 1248 ἐπίσκοπος,

2449 1277 2810 1348 ἀμειϐόμενος
2859 1277 3049 1334 καθότι
3095 1278 3246 1332 παιδὶ
3276 1277 3439 1332 αὑτοῦ
3466 1278 3726 1349 πρόξενος
3769 1278 4030 1349 λαμπρᾶς

2451 1369 2788 1443 στρατ[ε]ιᾶς
2805 1371 3021 1440 ἐγένετο
3033 1371 3090 1423 ὲν
3103 1373 3217 1435 τοῖς
3235 1371 3547 1442 βασιλείοις.
3566 1369 3768 1425 Μαθὼν
3779 1370 3837 1423 δὲ
3857 1371 4032 1424 ταῦτα

2462 1461 2805 1533 Ἀμϐρόσιος,
2850 1463 3057 1535 ἔγραψε
3083 1463 3372 1535 Νεκταρίῳ
3404 1463 3483 1534 τῷ
3524 1463 3907 1533 προϊσταμένῳ
3929 1464 4030 1532 τῆς

2461 1553 2788 1626 Ἐκκλησίας
2817 1556 3460 1620 Κωνσταντινουπόλεως,
3507 1555 3805 1624 ἀφελέσθαι
3837 1554 4033 1624 Γερον-

770 1631 918 1687 lianc
957 1632 1037 1686 illi
1073 1632 1309 1703 gratiam
1365 1633 1633 1696 referens,
1665 1649 1730 1688 eo
1767 1633 1914 1702 quod
1947 1633 2211 1704 suffragio
2248 1648 2351 1690 suo
2447 1647 2530 1702 τεο

2268 1650 2351 1690 ιιιο
2447 1647 2563 1702 τίου
2584 1649 2684 1719 τὴν
2713 1649 3035 1719 ἱερωσύνην,
3055 1649 3153 1702 καὶ
3184 1649 3260 1718 μὴ
3285 1648 3548 1720 περιιδεῖν
3576 1647 3740 1700 αὑτὸν
3763 1645 4029 1716 ὑϐρισμέ-

773 1720 1112 1792 splendidam
1157 1721 1213 1775 in
1265 1723 1466 1792 palatio
1491 1723 1744 1778 militiam
1778 1724 1888 1778 tilio
1917 1724 2094 1793 ipsius
2128 1738 2350 1796 compa-
2449 1757 2534 1794 νον

2268 1739 2350 1781 η’
2449 1757 2560 1804 νον,
2591 1739 2686 1793 καὶ
2710 1741 2810 1810 τὴν
2827 1739 3286 1812 ὲκκλησιαστικὴν
3305 1738 3478 1804 τάξιν.
3510 1738 3802 1808 Νεκταρίῳ
3821 1737 3904 1800 δὲ,
3932 1737 4029 1789 καὶ

770 1821 968 1870 rasset.
1017 1814 1150 1880 Qua:
1193 1829 1320 1868 cuin
1369 1813 1652 1869 didicisset
1703 1813 2067 1879 Ambrosius,
2128 1815 2352 1885 scripsit
2453 1827 2530 1897 μά

2268 1815 2352 1871 isit
2453 1826 2600 1897 μάλα
2619 1825 2778 1879 τοῦτο
2797 1827 3426 1896 σπουδάσαντιίγέγονεν
3446 1828 3732 1896 ἀνήνυτον,
3754 1825 4029 1895 πανδημεὶ

767 1903 1027 1959 Nectario
1054 1905 1315 1975 episcopo
1341 1905 1973 1976 ConstantinOpolitano,
1999 1913 2059 1960 ut
2088 1904 2350 1961 Gerontio
2449 1916 2528 1969 τῶ

2264 1906 2350 1960 ιῑίο
2390 1989 2397 1990 7
2449 1916 2562 1969 τῶν
2582 1913 2934 1987 Νικομηδέων
2952 1917 3219 1990 ἀνδρικῶς
3241 1917 3668 1986 ἀνθισταμένων.
3686 1917 3743 1970 ’0
3758 1917 3816 1970 δὲ
3844 1916 4025 1970 Ἰωάν-

767 1997 1136 2053 sacerdotium
1193 1999 1495 2062 adimeret,
1553 2013 1654 2054 nec
1704 2014 1766 2053 se
1811 2009 1866 2054 et
1918 1997 2348 2054 ecclesiasticam
2381 1989 2422 2043 Β
2450 2025 2528 2079 νη,

2267 2013 2348 2052 am
2381 1989 2422 2043 Β
2450 2025 2548 2079 νης
2575 2007 2819 2062 καθελὼν
2839 2009 3020 2074 αὐτὸν,
3049 2009 3424 2080 ἐχειροτόνησε
3446 2009 3766 2078 Πανσόφιονο
3784 2008 3842 2071 ὃς
3875 2007 4028 2064 παιδ-

767 2089 1114 2159 disciplinam
1145 2089 1478 2144 contumelia
1516 2089 1653 2143 allici
1682 2097 1980 2159 pateretur.
2013 2087 2213 2144 Verum
2242 2088 2350 2145 Ne-

765 2183 996 2244 ctarius,
1021 2182 1273 2251 quamvis
1304 2183 1454 2236 omni
1493 2181 1676 2236 studio
1713 2183 1764 2236 id
1801 2182 2061 2253 perficere
2089 2190 2344 2246 conatus,

767 2288 1048 2343 nunquam
1094 2281 1274 2328 tamen
1325 2273 1577 2328 obtinere
1615 2275 1811 2344 potuit,
1861 2275 2136 2330 universis
2183 2275 2346 2330 simul

766 2362 1282 2420 Nicomediensibus
1321 2365 1372 2419 ei
1410 2365 1624 2421 fortiter
1663 2367 2067 2422 resistentibus.
2103 2365 2347 2422 Joannes

763 2470 898 2508 vero
930 2471 1053 2509 cum
1086 2455 1236 2509 illum
1271 2455 1639 2526 deposuisset,
1671 2456 1794 2526 ejus
1823 2457 1944 2510 loco
1975 2455 2343 2527 Pansopliiuin

763 2547 1058 2600 ordinavit.
1113 2545 1212 2599 Hic
1261 2547 1450 2602 uxoris
1489 2546 1709 2603 Arcadii
1766 2548 2115 2618 imperatoris
2163 2549 2343 2618 paeda-

763 2654 936 2709 gogus
968 2639 1167 2694 fuerat.
1197 2637 1296 2692 Vir
1322 2640 1444 2709 pius
1488 2639 1708 2709 quidem
1751 2648 1805 2696 et
1835 2640 2064 2709 placidis
2097 2641 2343 2696 moribus

764 2747 830 2786 ac
860 2731 1188 2786 moderatis:
1219 2730 1729 2788 Nicomediensibus
1755 2743 1935 2786 tamen
1968 2733 2191 2788 minime
2221 2749 2344 2803 gra-

762 2832 874 2879 tiis.
932 2825 1121 2894 Itaque
1169 2825 1494 2880 seditionem
1551 2825 1803 2880 crebrius
1854 2825 2178 2890 excitantes,
2227 2833 2343 2880 tum

763 2917 1040 2985 privatim,
1073 2925 1185 2970 tum
1226 2917 1465 2986 publice,
1498 2915 1745 2971 Gerontii
1778 2917 2040 2971 beneficia
2092 2934 2342 2973 recense-

762 3007 918 3070 bant,
962 3016 1017 3062 et
1043 3007 1377 3062 uberrimam
1407 3008 1696 3062 utilitatem
1730 3023 1891 3077 quam
1925 3023 1992 3063 ex
2041 3008 2187 3063 illius
2226 3019 2344 3065 arte

761 3099 972 3153 medica
1004 3099 1416 3170 percipiebant:
1449 3099 1828 3154 dexteritatem
1863 3100 2100 3170 denique
2143 3117 2205 3156 ac
2250 3117 2340 3156 se-

760 3191 1047 3245 diilitatem
1083 3207 1190 3256 qua
1225 3206 1356 3261 erga
1397 3207 1586 3246 omnes
1617 3207 1682 3246 ex
1712 3207 1891 3261 aequo,
1933 3201 2040 3246 tam
2074 3208 2342 3262 pauperes

759 3299 922 3352 quam
969 3282 1170 3338 divites
1218 3284 1494 3339 utebatur.
1527 3282 1622 3338 llis
1656 3284 1793 3338 alias
1827 3299 2044 3354 quoque
2073 3285 2194 3353 ejus
2232 3285 2342 3340 vii:-

760 3383 910 3431 tutcs
960 3375 1316 3444 adjiciebant,
1367 3382 1554 3445 utpote
1602 3375 1761 3430 amici
1811 3391 1875 3428 ac
1911 3377 2180 3434 benevoli.
2229 3376 2339 3433 Nec

761 3482 924 3522 secus
955 3481 1020 3520 ac
1053 3467 1108 3520 in
1150 3474 1312 3521 terra:
1338 3477 1488 3521 motu
1524 3476 1618 3521 aut
1646 3467 1911 3534 siccitate,
1941 3475 2034 3522 aut
2069 3470 2172 3522 alia
2198 3485 2338 3539 qua-

760 3561 906 3631 piam
938 3561 1252 3615 calamitate
1283 3560 1499 3615 cmlitus
1551 3561 1787 3625 invecta,
1821 3576 1918 3630 per
1944 3562 2156 3631 plateas
2199 3561 2338 3617 civi-

757 3647 890 3702 tatis
922 3665 1036 3703 suae
1073 3656 1128 3703 ct
1166 3650 1680 3721 Constantinopolis
1733 3655 2140 3707 circumeuntes
2194 3653 2339 3722 psal-

757 3739 964 3803 lebant,
1010 3740 1227 3811 Dcoque
1277 3743 1664 3814 supplicabant
1697 3751 1756 3796 ut
1809 3743 1960 3797 illum
2010 3743 2330 3814 episcopum

758 3830 1046 3886 haberent.
1090 3831 1332 3887 Tandem
1374 3848 1504 3887 vero
1535 3834 1733 3896 coacti,
1769 3833 1920 3887 illum
1955 3833 2171 3902 quidem
2202 3850 2328 3888 cum

755 3923 904 3978 luctu
947 3941 1010 3980 ac
1047 3927 1341 3995 gemitibus
1379 3926 1746 3982 dimiserunt:
1792 3926 2163 3996 Pansophium
2198 3942 2330 3982 vero

2448 2115 2663 2168 αγωγος
2690 2100 2931 2168 ἐγεγόνει
2956 2100 3058 2171 τῆς
3073 2100 3167 2154 τοῦ
3203 2100 3468 2171 βασιλέως
3490 2101 3756 2172 γαμετῆς·
3792 2099 4028 2170 εὐλαϐὴς

2447 2192 2528 2257 δὲ,
2555 2192 2732 2246 καὶτὸ
2753 2189 2885 2263 ἦθος
2916 2193 3136 2264 μέτριός
3165 2211 3224 2247 τε
3255 2194 3346 2248 καὶ
3379 2195 3551 2266 πρᾶος
3579 2211 3593 2223 ⁸
3624 2193 3684 2246 οὐ
3723 2193 3831 2264 μὴν
3860 2192 4028 2244 Nixo-

2451 2283 2679 2354 μηδεῦσι
2711 2283 3071 2354 καταθύμιος.
3114 2285 3512 2347 Στασιάσαντες
3555 2284 3687 2352 γοῦν
3739 2282 4024 2348 πολλάκις,

2446 2371 2599 2440 κοινῇ
2630 2387 2690 2422 τε
2719 2371 2816 2424 καὶ
2849 2371 2986 2442 πρὸς
3005 2372 3234 2426 ἕκαστον
3261 2372 3673 2444 ἀπηριθμοῦντο
3699 2372 3799 2436 τάς
3825 2372 4024 2441 Γερον-

2444 2461 2562 2516 τίου
2591 2462 2930 2533 εὐεργεσίας,
2965 2464 3061 2518 καὶ
3089 2465 3188 2536 τὴν
3216 2467 3282 2518 ὲκ
3307 2466 3407 2536 τῆς
3440 2465 3749 2536 ἐπιστήμης
3791 2463 4028 2532 ἄφθονον

2445 2555 2654 2626 χρείαν,
2681 2557 2775 2608 καὶ
2799 2555 2861 2608 τὸ
2889 2556 3017 2627 περὶ
3031 2557 3237 2618 πάντας
3253 2556 3540 2619 πλουσίους
3567 2573 3627 2609 τε
3659 2557 3754 2609 καὶ
3783 2553 4025 2626 πένητας

2445 2647 2642 2718 ἐπίσης
2693 2646 2924 2716 ἄφθονόν
2956 2665 3018 2700 τε
3059 2649 3155 2702 καὶ
3199 2648 3408 2701 ἄοκνον.
3444 2647 3666 2710 Τούτοις
3710 2647 3767 2700 δὲ
3807 2646 3902 2698 καὶ
3925 2645 4026 2707 τὰς

2444 2738 2607 2802 ἄλλας
2659 2739 2864 2809 ἀρετὰς
2914 2739 3287 2810 προσετίθουν,
3328 2735 3417 2794 οἷά
3445 2756 3508 2808 γε
3533 2738 3678 2801 εἰκὸς
3708 2737 4020 2808 φιλοῦντας.

2445 2832 2555 2885 Καὶ
2581 2831 2657 2895 ὡς
2681 2832 2774 2885 ἐπὶ
2825 2834 3088 2902 σεισμοῖς,
3120 2831 3154 2901 ἢ
3182 2831 3431 2900 αὐχμοῖς,
3471 2829 3504 2900 ἢ
3551 2829 3739 2892 ἄλλαις
3765 2828 3878 2882 τισὶ
3907 2826 4023 2879 ea..-

2447 2923 2685 2993 μηνίαις,
2709 2923 3014 2993 περιιόντες
3041 2922 3099 2975 ὲν
3133 2923 3252 2984 ταῖς
3273 2922 3510 2988 ἀγυιαῖς,
3542 2920 3643 2973 ἀνὰ
3665 2919 3764 2989 τὴν
3787 2917 4022 2989 πατρίδα

2441 3014 2539 3085 τὴν
2555 3014 2762 3068 ἑαυτῶν
2790 3015 2883 3067 καὶ
2909 3013 3008 3084 τὴν
3038 3010 3606 3066 Κωνσταντινούπολιν
3645 3009 3892 3079 ἔψαλλον,
3928 3007 4023 3059 καὶ

2445 3107 2683 3160 ἱκέτευον
2707 3106 2800 3159 τὸν
2825 3105 2978 3167 Θεὸν,
3001 3103 3298 3157 ἐπίσκοπον
3339 3103 3500 3157 αὐτὸν
3535 3101 3699 3171 ἔχειν.
3744 3100 3818 3154 Τὸ
3845 3100 3900 3152 δὲ
3932 3117 4022 3152 τε-

2441 3197 2686 3252 λευταῖον
2714 3196 3047 3269 βιασθέντες,
3065 3197 3159 3250 τοῦ
3179 3197 3278 3267 μὲν
3309 3195 3702 3264 ἀπηλλάγησαν
3725 3195 3820 3246 σὺν
3834 3192 4019 3246 πένθει

2443 3291 2538 3345 καλ⁸
2567 3290 2820 3362 ὀδυρμοῖς
2838 3307 2851 3320 ·
2877 3289 2967 3344 τὸν
2992 3289 3070 3354 δὲ,
3098 3289 3234 3360 μετά
3253 3289 3405 3352 δέους
3421 3289 3517 3340 καὶ
3540 3287 3727 3357 μίσους
3748 3285 4016 3349 ὲδέξαντο.

2455 3383 2734 3436 Ἐντεῦθεν
2765 3383 2822 3435 δὲ
2850 3384 2898 3435 οί
2925 3382 3361 3452 καθαιρεθέντες,
3401 3381 3494 3434 καὶ
3519 3380 3570 3432 οί
3603 3378 3805 3432 τούτων
3829 3378 4020 3446 ἐπιτή-

2439 3475 2592 3536 δειοι,
2623 3474 2925 3545 ἐπῃτιῶντο
2958 3473 3234 3544 Ἰωάννην,
3259 3471 3334 3535 ὡς
3381 3470 3621 3542 ἀρχηγὸς
3650 3467 4017 3538 νεωτερισμοῦ

2439 3566 2560 3627 ταῖς
2595 3563 2940 3633 Ἐκκλησίαις
2954 3562 3189 3630 ἐγένετο,
3215 3562 3307 3614 καὶ
3336 3561 3406 3613 τὰ
3434 3560 3616 3613 δίκαια
3640 3559 3750 3612 τῶν
3773 3573 4015 3628 χειροτο-

2441 3655 2568 3707 νιῶν
2627 3655 2778 3723 παρὰ
2833 3656 2962 3718 τοὺς
3020 3655 3280 3725 πατρίους
3322 3653 3520 3723 νόμους
3565 3651 4012 3720 ὲκαινοτόμησεν·

2441 3745 2544 3798 ὑπὸ
2572 3745 2629 3799 δὲ
2655 3745 2851 3817 λύπης,
2888 3746 2982 3798 καὶ
3008 3745 3076 3798 τά
3113 3745 3271 3812 λόγου
3303 3744 3428 3811 ἀξια
3471 3741 3621 3812 αὑτῷ
3649 3740 4018 3811 πεπραγμένα.

2438 3836 2580 3890 κατὰ
2637 3836 2736 3900 τάς
2795 3835 2906 3894 τῶν
2934 3836 3145 3889 πολλῶν
3175 3836 3332 3900 δδξας
3375 3834 3672 3888 διέϋαλλον.
3712 3831 4016 3902 Ἀμέλειτοι

2436 3927 2530 3980 καὶ
2557 3926 2619 3980 τὸ
2653 3927 2747 3980 ἐπὶ
2775 3927 3074 3999 Εὑτροπξου
3102 3927 3224 3980 τότε
3259 3925 3472 3996 συμϐὰν
3501 3926 3560 3978 ὲν
3587 3923 3736 3996 μέσῳ
3767 3923 3904 3994 (‘23).

752 4017 1042 4072 eum-odio
1069 4030 1135 4072 ac
1167 4024 1313 4072 metu
1348 4025 1728 4088 suscvpcrnnt.
1760 4017 1967 4074 Exinde
1995 4018 2046 4071 hi
2091 4019 2185 4088 qui
2232 4018 2468 4088 depositi
2534 4017 2773 4085 fuerant,
2839 4028 2894 4075 et
2929 4018 3148 4073 illorum
3220 4017 3542 4083 necessarii,
3604 4014 3870 4072 Joannem
3915 4030 4015 4071 ac-

1954 4195 2224 4252 VALESII
2261 4193 2820 4253 ANNOTATIONES.

752 4339 902 4393 illum
935 4335 1132 4392 Suidas
1163 4337 1220 4392 in
1252 4352 1383 4392 voce
1411 4337 1680 4406 ἔμπουσά.
1725 4346 1776 4391 cl
1807 4348 1996 4406 auctor
2046 4335 2325 4406 Etymolo-

751 4409 879 4487 εῑετξ.
938 4407 996 4487 In
1044 4423 1174 4487 qiio_
1199 4405 1552 4463 scribendum
1603 4414 1689 4461 est
1759 4405 1996 4487 dvexibln
2063 4405 2164 4487 pro
2209 4405 2327 4487 όνοο

1390 4487 1570 4546 ctruin
1599 4479 1895 4546 apparebat
1924 4476 2198 4546 principue
2222 4476 2327 4531 iter

2125 4563 2323 4612 πουσα,

753 4477 929 4548 πώλη.
961 4477 1130 4532 Porro
1162 4478 1265 4532 hoc
1290 4494 1316 4532 s

756 4545 1133 4609 facientibus.
1190 4558 1248 4602 ut
1303 4545 1466 4601 docet
1519 4545 1879 4616 llarporratio
1928 4545 1946 4600 ':
2010 4547 2120 4616 ’ξΕμ

2510 4335 2624 4397 (22)
2648 4337 3096 4405 Ἐχειροτόνησε
3124 4336 3193 4391 δὲ
3217 4335 3406 4390 αὑτὸν
3469 4334 3802 4405 Ἑλλάδιος.
3837 4333 4013 4391 Hiror

2435 4404 2716 4478 quomodo
2743 4404 2947 4461 factum
2983 4409 3074 4478 sit,
3106 4417 3164 4461 ut
3194 4405 3471 4478 Helladiiis
3498 4404 3861 4478 Caesariensis
3889 4406 4011 4478 epi-

2433 4474 2636 4546 scopus
2655 4474 2979 4532 Gerontium
3008 4477 3340 4531 Nicomedia
3362 4477 3683 4546 episcopum
3703 4474 4007 4546 ordinaret.

2430 4545 2620 4614 Neque
2675 4547 2819 4601 enim
2859 4546 3174 4603 Nicomedia
3213 4549 3320 4602 sub
3371 4545 3596 4601 dioecesi
3651 4545 4009 4603 Caesariensis

754 4617 959 4698 inquit;
995 4619 1186 4688 φάσμα
1216 4618 1313 4698 τῆς
1351 4616 1615 4698 Ἑκάτης,
1634 4615 2142 4698 ίδὶπερμστοιχοζρσιν
2170 4617 2326 4698 ὲιραί-
2359 4639 2406 4695 ι)
2432 4619 2515 4698 epi

2248 4617 2326 4670 iii-
2359 4639 2406 4695 ι)
2432 4617 2698 4698 episcopi.
2733 4615 2850 4698 luto
2883 4617 3132 4698 subjecta
3164 4631 3282 4698 erat
3314 4618 3574 4698 episcopo
3605 4616 4009 4698 Constantino-

749 4686 891 4741 νετο.
920 4687 995 4758 Ex
1028 4686 1137 4754 quo
1162 4686 1471 4758 corrigendi
1495 4696 1623 4740 sunt
1645 4686 1980 4758 SchOliastes
2005 4686 2328 4758 Aristopha-

753 4759 841 4812 nis
869 4759 934 4811 ad
984 4757 1184 4820 Baiias,
1240 4768 1294 4812 et
1327 4756 1543 4811 ‘Siiidas
1597 4765 1653 4811 et
1711 4765 1912 4810 auctor
1946 4756 2325 4827 Etymologici,

751 4829 893 4894 apud
935 4843 1074 4896 quos
1123 4831 1236 4891 τοῖς
1267 4827 1586 4897 δυστυχοῦσι
1641 4828 1837 4897 legitur
1889 4843 1986 4894 pro
2019 4826 2323 4896 στοιχοῦσι.

749 4898 924 4963 Quam
958 4898 1400 4952 emendationem
1437 4896 1726 4951 confirmat
1756 4896 2126 4951 Philostratus
2176 4898 2229 4949 in
2265 4899 2328 4953 li-

750 4969 849 5022 bro
889 4983 948 5029 ii,
983 4967 1056 5021 De
1078 4969 1184 5020 vita
1212 4967 1509 5036 Apollonii,
1542 4983 1664 5036 cap.
1699 4966 1755 5024 2.
1788 4967 1870 5019 his
1893 4967 2071 5020 verbis
2107 4985 2120 5020 :
2169 4967 2325 5020 Ἐπο-

785 5037 971 5107 εύοντο
1002 5037 1111 5107 γάρ
1156 5039 1213 5090 ἐν
1265 5037 1462 5107 σελήνῃ
1511 5036 1758 5107 λαμπρᾷ·
1818 5037 2008 5106 φάσμα
2046 5036 2102 5107 δὲ
2143 5038 2326 5102 αὐτοῖς

785 5055 971 5091 ευοντο
1002 5055 1073 5106 γα
1156 5055 1213 5090 εν
1265 5055 1462 5107 σεληνῃ
1513 5055 1758 5107 Λαμπρᾳο
1818 5055 2008 5106 φασμα
2046 5055 2101 5088 οε
2143 5055 2326 5102 αυτοις

747 5055 1028 5177 ἔμπούσῃς
1069 5055 1313 5168 ἴνέπεσε,
1347 5108 1459 5160 τοδὶ
1482 5107 1739 5177 γινομένη
1766 5109 1862 5160 καὶ
1887 5107 2000 5160 τοδὶ
2037 5101 2103 5160 αὖ
2136 5109 2229 5171 καὶ
2265 5109 2327 5162 τὸ

745 5172 897 5232 οὖδὲν
923 5172 1085 5231 εἶναι.
1112 5179 1256 5232 idem
1295 5180 1349 5230 in
1389 5172 1572 5240 lib.iv,
1597 5172 1795 5246 cap.’8.
1835 5177 1933 5232 has
1970 5193 2229 5244 einpusas
2255 5179 2324 5234 ab

747 5250 872 5304 aliis
924 5248 1115 5304 lamias
1189 5255 1244 5302 et
1318 5248 1673 5301 mormoliicia
1717 5247 1824 5302 dici
1867 5251 1984 5310 ait,
2039 5258 2092 5302 et
2141 5249 2324 5304 carnis

748 5317 1518 5388 humanmappetentissimas
1567 5334 1709 5372 esse.
1750 5315 1856 5370 Sed
1885 5325 1945 5371 ut
1975 5318 2040 5370 ad
2087 5334 2323 5388 onosce-

749 5389 890 5443 Iidas
923 5387 1236 5451 redeamus,
1265 5387 1334 5442 de
1358 5388 1424 5442 iis
1458 5387 1668 5442 Psellus
1703 5388 1756 5441 in
1791 5388 1932 5442 libro
1970 5389 2041 5441 De
2068 5387 2324 5442 dwmoni-

746 5458 841 5512 bus
874 5459 1139 5528 loquitur.
1178 5473 1301 5528 pag.
1333 5459 1402 5512 83
1429 5476 1442 5511 :
1473 5458 1628 5511 Ὅσοι
1659 5459 1722 5528 δὲ
1747 5459 1933 5522 τόποις
1962 5459 2324 5524 ἐνδιατρίὸου-

747 5546 830 5581 σιν
859 5527 1186 5600 αὐχμηροῖς,
1209 5528 1537 5600 ὑπόξηράῌτε
1567 5530 1633 5581 τά
1663 5527 1892 5598 σώματα
1916 5528 2151 5599 ἔχουσιν,
2177 5531 2325 5594 οἴους

743 5601 869 5660 τοὺς
901 5594 1205 5662 Maiam;
1234 5594 1402 5662 φασιν
1432 5594 1596 5652 εἶναι.

817 5669 929 5737 (2|)
968 5670 1075 5722 Καὶ
1096 5670 1458 5735 ἀοκνότατος
1496 5668 1716 5739 λέγειν.
1752 5669 1885 5724 Post
1913 5685 2098 5724 vocem
2133 5671 2322 5726 ἀοκνό-

743 5755 924 5805 τατος,
951 5739 1468 5794 siibdistinctioncin
1499 5740 1875 5809 apponcndain
1909 5749 2075 5810 puto;
2102 5751 2156 5796 et
2192 5743 2323 5797 reii-

746 5823 854 5877 qua
903 5810 976 5862 ita
1005 5810 1230 5878 legenda
1275 5825 1385 5864 uno
1426 5818 1637 5873 tenore,
1670 5810 1850 5877 λέγειν
1899 5828 1958 5864 τε
1995 5813 2086 5864 καὶ
2113 5811 2321 5866 πείθειν

749 5878 840 5953 ξαν.
893 5879 1078 5953 φίλους
1137 5882 1439 5950 περιποιεῖν
1482 5881 1683 5947 ἱκανός.
1726 5885 1902 5951 Atque
1957 5883 2027 5937 ita
2067 5884 2321 5940 distinxit

745 5945 1105 6020 Nicephorus.

2431 4687 2697 4756 politano.
2751 4686 2962 4757 Quippe
2993 4686 3297 4742 Eudoxius
3354 4687 4008 4757 Constantinopolitanus

2428 4754 2721 4826 episc0pus
2741 4825 2763 4828 Δ
2780 4754 3078 4826 Eugenium
3133 4759 3454 4828 episcopum
3488 4754 3683 4828 Nicaeae
3709 4754 4007 4824 ordinavit,

2430 4825 2488 4880 ut
2514 4828 2708 4880 scribit
2739 4825 3341 4896 Pliilostorgiiis.'Adile
3355 4827 3501 4896 quod
3525 4827 3874 4896 Sozomenus
3902 4828 4008 4880 hoc

2430 4897 2550 4950 loco
2582 4905 2769 4966 aperte
2795 4895 3052 4962 testatur,
3087 4895 3439 4953 Ambrosium
3483 4897 3779 4966 scripsisse
3803 4895 4006 4950 Necta-

2429 4967 2512 5020 rio
2563 4964 2824 5038 episcopo
2863 4968 3519 5038 Constantinopolitano,
3559 4973 3618 5020 ut
3679 4964 4005 5038 Gerontium

2426 5035 2746 5106 episcopatu
2776 5037 3178 5092 Nicomediensi
3219 5035 3473 5092 exueret:
3489 5037 3674 5103 Quare
3707 5035 4006 5090 dicendum

2425 5117 2512 5162 est
2575 5105 2878 5162 llelladium
2925 5109 2978 5163 id
3017 5110 3215 5163 fecisse
3271 5107 3532 5162 mandato
3571 5105 3820 5175 episcopi
3858 5106 4008 5160 Cou-

2428 5180 2943 5245 stantinopolitani;
2975 5190 3069 5232 aut
3112 5187 3261 5233 certe
3298 5178 3348 5232 id
3383 5177 3583 5245 fecisse
3618 5183 3745 5230 ante
3777 5177 4006 5230 ordina-

2425 5249 2629 5306 tionem
2659 5244 2924 5314 Nectarii,
2961 5249 3087 5302 dum
3116 5249 3361 5304 Ecclesia
3391 5244 4003 5315 Constantinopolitana

2424 5321 2744 5389 episcopum
2777 5336 2885 5373 non
2922 5320 3166 5373 haberet.
3199 5318 3364 5385 Quod
3384 5319 3606 5386 quidem
3635 5317 3818 5370 verius
3846 5327 3999 5386 puto.

2427 5388 2541 5444 Diri
2579 5388 2744 5445 etiam
2786 5399 2964 5459 potest
3023 5391 3342 5457 episcopum
3389 5392 3695 5459 Caesareae,
3739 5396 4002 5458 tanquam

2426 5461 2711 5530 primatem
2747 5456 2985 5514 Pontica:
3039 5456 3363 5522 dimceSeos,
3399 5460 3501 5515 sibi
3552 5456 3862 5513 vindicasse
3907 5473 4004 5512 or-

2423 5529 2761 5585 dinationem
2802 5530 3239 5585 Nicomediensis
3276 5529 3539 5598 episcopi.

2495 5601 2615 5672 (23l
2642 5601 2977 5672 Εὐτροπίου
3022 5601 3156 5654 τότε
3173 5601 3423 5672 συμϐὰν,
3454 5599 3772 5670 ἐνεμέσων.
3814 5600 4002 5672 luco-

2423 5670 2543 5727 dice
2587 5670 2887 5726 Fuketiano
2931 5672 3198 5739 scriptum
3248 5671 3674 5742 lIIVelliid’Up6iV
3714 5673 3783 5742 ὲν
3825 5670 3996 5741 μέσῳ.

2423 5743 2596 5810 Quam
2623 5743 2952 5812 scripturam
2971 5742 3238 5796 veriorem
3265 5749 3414 5809 puto.
3441 5741 3885 5812 Siibauilicndiiin
3913 5748 3998 5794 est

2424 5821 2607 5868 autem
2669 5810 2895 5866 verbum
2950 5813 3093 5881 quod
3158 5812 3436 5882 prieccssit
3483 5811 3778 5866 διέϐαλλον.
3832 5810 3998 5864 Certe

2423 5882 2744 5954 νεμεσᾷνίτὸ
2779 5882 3029 5954 συμϐάν,
3065 5881 3174 5938 non
3206 5881 3422 5954 videtur
3455 5882 3776 5954 Graecedici
3811 5896 3993 5954 posse.

2425 5951 2616 6010 Porro'
2651 5951 2897 6029 Eutropii
2926 5953 3101 6011 caedes
3161 5953 3390 6025 contigit
3447 5968 3592 6010 anno
3627 5953 3831 6011 Christi
3865 5951 3993 6014 599,
