4460 6634
354 412 490 470 I537

1300 414 1636 472 HISTORIA
1674 411 2244 471 ECCLESIASTICA.
2287 438 2359 453 -—
2384 412 2514 469 LIB.
2567 413 2698 471 VIII.

3481 422 3621 481 I538

350 536 768 607 ἀναμιγνύντες.
799 536 993 603 Δείσας
1021 539 1077 592 δὲ
1120 539 1395 609 Ἰωάννης,
1445 541 1520 611 μή
1547 557 1692 603 τινες
1723 538 1932 601 τούτοις
1961 548 2007 604 Α
2035 551 2111 593 οδε

1858 555 1932 601 ot;
1961 548 2007 604 Α
2035 551 2161 593 esse
2207 538 2427 592 unicam
2463 539 2763 608 potentiam
2798 581 2811 605 ,
2863 551 2916 596 et
2953 541 3059 595 alia
3091 544 3363 612 ejusmodi
3401 546 3619 617 hymnis

351 630 636 699 ὑπαχθῶσι
682 630 790 682 τῶν
829 631 921 684 ὑπ’
971 631 1134 684 αὐτὸν
1184 632 1685 700 ἐκκλησιαζόντων,
1718 632 1811 684 ἐπὶ
1840 631 1932 683 τὸν

349 718 465 774 ἴσον
491 720 692 791 τρόπον
734 722 831 791 τῆς
869 721 1190 791 ψαλμωδίας
1213 724 1307 776 τὸν
1336 723 1499 777 αὑτοῦ
1532 723 1659 776 λαὸν
1697 722 1933 793 προτρέ-

348 830 460 865 πει.
511 813 600 866 Ἐν
636 814 802 883 ὀλίγῳ
831 814 890 866 δὲ
920 814 1309 888 ἐπισημότεροι
1342 818 1643 886 γενόμενοι,
1664 816 1789 880 τοὺς
1822 812 1931 869 ἀπὸ

345 905 445 973 τῆς
478 904 727 967 ἐναντίας
770 905 1033 976 αἱρέσεως
1085 907 1457 978 ὑπερέϐαλλον
1498 907 1577 977 τῷ
1604 907 1797 977 πλήθει
1837 907 1932 960 καὶ

347 1000 413 1066 τῇ
459 986 801 1067 παρασκευῇ,
857 999 966 1051 Καὶ
1005 1000 1114 1071 γὰρ
1160 1000 1225 1070 δὴ
1280 1003 1377 1054 καὶ
1420 1002 1670 1071 σταυρῶν
1710 1001 1931 1073 ἀργυρᾶ

349 1092 553 1159 σημεῖα
600 1090 705 1142 ὑπὸ
776 1092 967 1160 κηροῖς
1012 1090 1278 1162 ἡμμένοις
1324 1091 1663 1161 προηγοῦντο
1717 1092 1925 1147 αὐτῶνθ

347 1183 443 1233 καὶ
489 1180 742 1250 εὐνοῦχος
777 1180 874 1252 τῆς
916 1183 1180 1251 βασιλέως
1218 1184 1468 1254 γαμετῆς
1510 1185 1603 1239 ἐπὶ
1642 1184 1801 1238 τοῦτο
1839 1186 1931 1239 τέ-

344 1292 542 1335 τακτο,
600 1273 701 1344 τὴν
750 1276 878 1345 περὶ
923 1274 1097 1328 ταῦτα
1138 1276 1382 1348 δαπάνην
1434 1277 1529 1331 καὶ
1568 1278 1695 1341 τοὺς
1729 1277 1930 1347 ὕμνους

345 1366 803 1437 παρασκευάζων.
858 1366 1141 1421 Ἐντεῦθεν
1180 1368 1237 1420 δὲ
1284 1368 1318 1439 ἢ
1368 1368 1841 1441 ζηλοτυπήσαντες
1878 1372 1928 1424 οί

346 1458 458 1510 ἀπὸ
496 1460 592 1526 τῆς
634 1458 843 1528 Ἀρείου
888 1459 1613 1531 αίρέσεως,ῆάμυνόμενοι,
1657 1464 1770 1527 τοῖς
1821 1463 1929 1516 άπὸ

345 1548 444 1614 τῆς
478 1545 706 1599 καθόλου
736 1547 1059 1617 Ἐκκλησίας
1110 1552 1189 1611 είς
1219 1551 1398 1619 μάχην
1427 1552 1789 1623 κατέστησαν.
1819 1554 1928 1607 Καὶ

345 1636 653 1688 κτείνονταί
694 1653 840 1699 τινες
888 1638 1250 1707 ἑκατέρωθεν.
1315 1641 1372 1691 '0
1408 1641 1464 1693 δὲ
1498 1641 1708 1712 Βρίσων
1751 1643 1929 1711 (τοῦτο

344 1726 457 1794 γὰρ
506 1725 676 1796 ὄνομα
723 1726 799 1796 τῷ
846 1726 1111 1797 βασιλικῴ
1154 1728 1451 1799 εὐνούχῳ),
1479 1730 1612 1797 λίθῳ
1653 1732 1793 1785 κατὰ
1833 1732 1927 1784 τοῦ

348 1818 607 1887 μετώπου
661 1817 932 1887 βάλλεται.
984 1820 1238 1890 Κινηθεὶς
1263 1822 1317 1873 δὲ
1358 1824 1493 1892 πρὸς
1525 1824 1691 1893 ὀργὴν
1723 1827 1751 1877 ὁ
1775 1825 1929 1894 βασι-

2040 628 2157 683 suis
2210 630 2696 685 intermiscentes?
2744 629 2987 688 Joannes
3035 634 3243 703 itaque,
3294 638 3501 691 veritus
3552 655 3621 694 ne

2036 719 2164 789 quis
2213 735 2279 774 ex
2318 719 2566 775 Ecclesia
2618 735 2717 776 sua
2746 738 2843 792 per
2867 724 2982 779 haec
3027 725 3081 779 in
3117 725 3363 780 fraudem
3391 728 3622 784 induce-

2038 821 2211 873 retur,
2236 811 2447 880 plebem
2479 827 2603 881 qua:
2632 813 2736 868 sub
2761 814 2880 883 ipso
2914 824 3055 881 erat,
3088 826 3147 869 ut
3186 818 3442 872 similiter
3474 820 3621 889 pSnI-

2038 902 2195 965 levet,
2227 902 2619 970 ineitavit.Qui
2646 905 2799 959 brevi
2831 914 3076 977 tempore
3104 908 3440 965 illustriores
3466 909 3617 972 facti,

2038 995 2276 1051 Arianos
2297 1004 2352 1051 et
2375 996 2729 1050 multitudine
2754 1004 2809 1051 et
2826 1010 3116 1067 apparatus
3145 1000 3434 1070 splendore
3459 1002 3619 1072 longe

2039 1094 2393 1156 superarunt.
2430 1085 2567 1141 Nam
2594 1096 2649 1143 et
2679 1088 2929 1142 crucium
2967 1100 3227 1161 argentea
3268 1093 3447 1163 signa,
3482 1108 3620 1163 pra:-

2037 1179 2358 1233 cedentibus
2391 1178 2589 1241 cereis,
2618 1193 2714 1233 eos
2746 1180 3061 1234 anteibant:
3102 1191 3155 1236 et
3184 1183 3472 1236 eunuchus
3514 1183 3618 1236 itu-

2036 1270 2325 1339 peratricis
2377 1269 2506 1325 huic
2554 1270 2631 1324 rei
2684 1271 3011 1340 praepositus
3042 1282 3182 1335 erat,
3217 1274 3309 1343 qui
3357 1272 3615 1328 idoneum

2038 1363 2105 1416 ad
2154 1362 2270 1417 haec
2322 1370 2597 1432 sumptum
2627 1372 2682 1417 et
2709 1363 2940 1432 hymnos
2969 1363 3035 1417 ad
3066 1364 3374 1419 canendum
3407 1381 3614 1436 μικρα-

2039 1462 2204 1508 raret.
2252 1455 2393 1508 Hinc
2436 1454 2627 1508 Ariani
2663 1469 2759 1508 seu
2795 1454 2999 1509 invidia
3034 1458 3190 1519 moti,
3222 1472 3321 1511 seu
3355 1459 3616 1511 vindicta:

2037 1544 2359 1614 cupiditate,
2388 1546 2706 1601 Catholicos
2736 1563 2916 1618 pugna
2952 1549 3127 1603 adorti
3168 1557 3317 1604 sunt.
3351 1552 3431 1604 Ae
3476 1565 3617 1604 non-

2038 1636 2171 1689 nulli
2210 1635 2431 1705 quidem
2478 1651 2543 1689 ex
2595 1645 2828 1705 tttraque
2882 1646 3036 1706 parte
3082 1640 3419 1695 ceciderunt.
3458 1637 3615 1693 Briso

2036 1740 2189 1791 vero,
2239 1725 2293 1779 id
2371 1726 2532 1796 337
2570 1724 2715 1780 enim
2751 1742 2945 1781 nomen
2977 1738 3095 1781 erat
3119 1728 3485 1797 imperatrieis
3514 1743 3614 1783 cu-

2035 1817 2325 1882 biculario,
2364 1834 2501 1873 saxo
2527 1819 2582 1872 in
2614 1818 2791 1873 fronte
2819 1834 3119 1887 percussus
3149 1828 3253 1874 est.
3280 1819 3399 1884 Qua
3430 1836 3488 1875 re
3512 1821 3611 1874 im-

345 1909 495 1972 λεὺς,
541 1910 747 1964 ἔπαυσε
792 1911 901 1964 τῶν
946 1912 1054 1965 άπὸ
1104 1916 1203 1981 τῆς
1269 1914 1478 1983 ’Λρείου
1523 1916 1787 1982 αἱρέσεως
1834 1914 1932 1980 τὰς
1967 1910 2101 1977 Bpe

1850 1914 1932 1980 τὰς
1967 1910 2009 1965 Β
2034 1917 2256 1977 perator
2275 1909 3281 1978 commotus,hujusmodiArianorum
3307 1923 3611 1967 conventus

345 2000 601 2065 τοιαύτας
630 2003 905 2065 συνόδους.
956 2006 1019 2056 Ol
1052 2005 1108 2057 δὲ
1146 2006 1255 2059 ἀπὸ
1283 2009 1381 2075 τῆς
1406 2006 1720 2077 καθολικῆς,
1754 2007 1812 2073 ἐξ
1848 2008 1931 2059 αί-

344 2093 471 2156 τίας
497 2093 709 2147 τοιᾶσδε
733 2092 828 2146 τὸν
855 2095 1145 2166 εἰρημένον
1172 2096 1374 2166 τρόπον
1401 2098 1587 2167 ὑμνεῖν
1612 2098 1930 2168 ἀρξάμενοι,

346 2185 445 2239 καὶ
477 2186 644 2238 εἰσέτι
669 2184 764 2239 νῦν
810 2185 956 2239 οὕτω
991 2188 1285 2256 διέμειναν.
1349 2189 1601 2260 Ἰωάννης
1638 2190 1693 2243 δὲ
1727 2191 1793 2243 ἐκ
1819 2190 1934 2244 τού-

342 2295 459 2331 των
620 2319 635 2344 ,
700 2279 797 2333 καὶ
839 2279 948 2331 τῶν
998 2280 1085 2331 ἐπ’
1118 2281 1415 2351 ἐκκλησίας
1448 2283 1644 2351 λόγων,
1671 2284 1807 2353 πρὸς
1836 2285 1934 2355 μὲν

344 2370 441 2422 τὸν
473 2370 648 2440 δῆμον
691 2371 935 2425 ἐπεδίδου
976 2372 1037 2424 τὸ
1064 2373 1316 2444 φίλτρον,
1369 2377 1523 2444 μῖσος
1559 2375 1615 2427 δὲ
1650 2376 1783 2446 πρὸς
1804 2379 1926 2440 τοὺς

343 2461 679 2531 δυναμένους
723 2464 816 2515 καὶ
858 2463 985 2526 τοὺς
1028 2463 1323 2535 κληρικους
1371 2468 1436 2519 ἐκ
1484 2467 1580 2536 τῆς,
1620 2468 1738 2520 κατ’
1767 2469 1927 2521 αὑτὸν

345 2554 684 2623 παρρησίας.
713 2554 853 2618 Τοὺς
887 2554 986 2625 μὲν
1018 2556 1126 2625 γάρ
1158 2556 1478 2620 ἀδικοῦντας
1504 2557 1664 2627 ὀρῶν,
1692 2558 1888 2628 ἤλεγχε
1911 2573 1926 2588 ⁸

344 2647 478 2708 τοὺς
507 2646 561 2699 δέ
585 2646 800 2718 πλούτῳ
820 2689 835 2713 ,
876 2648 969 2700 καὶ
1000 2649 1255 2720 ἀσεϐείᾳ,
1298 2649 1393 2703 καὶ
1425 2650 1641 2720 ἡδοναῖς
1674 2651 1929 2722 ἀσέμνοις

343 2737 799 2810 διεφθαρμένους,
838 2740 1009 2811 ἀνῆγε
1036 2744 1171 2812 πρὸς
1203 2742 1426 2813 ἀρετήν.

981 3015 1233 3069 ΚΕΦΑΛ.
1256 3015 1333 3070 θ’.

348 3105 493 3172 Περὶ
517 3105 889 3178 Σεραπίων-ος
911 3104 1476 3178 τοῦᾷᾀρχιόιακόνου,
1498 3107 1613 3178 καί
1634 3107 1744 3176 τῆς
1757 3109 1930 3178 ἁγίας

423 3175 824 3243 Ὀλυμπιάδος
853 3192 867 3206 ο
900 3175 1091 3241 καλῶς
1112 3192 1271 3242 τινες
1303 3176 1657 3245 ὑϐριστικῶς
1694 3175 1928 3233 14375.10-

424 3246 621 3315 τάδων
667 3248 817 3317 κατὰ
873 3246 979 3298 τοῦ
1024 3245 1298 3317 Ἰωάννου
1348 3247 1668 3317 ἐφέροντο,
1713 3251 1931 3305 σκαιὸν

422 3316 524 3369 καὶ
560 3316 801 3383 θυμώδη
839 3315 1316 3383 ἀποκαλοῦντες.

423 3404 642 3475 Ηῦξησε
702 3406 759 3459 δὲ
802 3407 956 3475 αὐτῷ
1001 3407 1100 3475 τὴν
1132 3406 1268 3477 πρὸς
1320 3408 1438 3471 τοὺς
1482 3407 1777 3479 κληρικοὺς
1822 3410 1930 3462 ἀπ-

349 3496 571 3567 έχθειαν
598 3498 902 3569 Σεραπίων,
952 3497 1012 3550 ὃν
1056 3498 1430 3569 ἀρχιδιάκονον
1461 3501 1571 3570 (5|)
1600 3501 1763 3555 αὐτοῦ
1801 3518 1935 3555 κατ-

349 3590 599 3660 έστησεν·
628 3589 770 3660 ἀνὴρ
801 3589 1117 3658 Αἰγύπτιος,
1152 3591 1323 3660 ταχὺς
1354 3593 1435 3656 είς
1455 3592 1645 3664 ὀργὴν,
1672 3596 1753 3656 είς
1775 3592 1931 3661 ὓϐριν

348 3682 566 3751 ἕτοιμος
590 3697 602 3710 ·
632 3682 730 3751 οὑχ
762 3682 963 3751 ἥκιστα
998 3682 1053 3735 δὲ
1104 3683 1194 3735 καὶ
1252 3684 1309 3735 αἰ
1357 3683 1492 3754 πρὸς
1551 3681 1928 3755 Ὀλυμπιάδαί

353 3769 681 3841 συμϐουλαί.
733 3769 949 3841 Ταύτην
1007 3773 1114 3843 γὰρ
1169 3773 1233 3824 ἐκ
1286 3772 1477 3839 γένους
1522 3775 1933 3847 ἐπισημοτάτην

350 3855 541 3922 οὖσαν,
578 3856 780 3931 καίπερ
838 3860 965 3912 νέαν
1015 3862 1191 3931 χήραν
1231 3862 1554 3932 γενομένην,
1599 3866 1679 3928 εἰς
1709 3865 1846 3932 ἄγαν
1877 3864 1935 3919 δέ

354 3949 761 4021 φιλοσοφοῧσαν
795 3951 936 4005 κατὰ
956 3951 1047 4005 τὸν
1080 3954 1179 4023 τῆς
1218 3952 1546 4025 Ἐκκλησίας
1575 3955 1796 4023 θεσαὺν,
1822 3955 1935 4011 διά-

425 4129 444 4161 ¹
478 4129 631 4198 Soc.,
653 4128 751 4186 lib.
788 4146 865 4197 vt,
900 4145 954 4186 c.
986 4132 1042 4188 4.

2026 1999 2289 2069 deinceps
2342 2000 2598 2054 inhibuit.
2629 1999 2898 2056 Catholici
2946 2018 3094 2069 vero,
3141 2018 3265 2057 cum
3305 2019 3373 2057 ex
3419 2004 3612 2074 hujus-

2028 2091 2175 2147 modi
2211 2108 2379 2147 causa
2412 2094 2645 2164 hymnos
2684 2110 2749 2149 eo
2780 2110 2888 2163 quo
2917 2093 3160 2149 diximus
3214 2097 3378 2151 modo
3413 2112 3613 2153 canere

2030 2188 2350 2257 ett-pissent,
2401 2186 2455 2239 in
2507 2187 2652 2241 hunc
2684 2204 2859 2256 usque
2887 2188 3031 2241 diem
3062 2189 3133 2240 ita
3167 2199 3609 2257 perseverarunt.

2030 2279 2106 2334 Ex
2144 2280 2228 2333 his
2266 2280 2431 2334 rebus
2476 2289 2530 2333 et
2570 2295 2634 2334 ex
2671 2280 3063 2335 ecclesiasticis
3094 2282 3478 2347 concionibus,
3512 2298 3613 2353 po-

2031 2370 2147 2442 puli
2195 2370 2415 2437 quidem
2464 2369 2847 2424 bcncvolentia
2894 2385 3026 2438 erga
3070 2366 3340 2423 Joannem
3391 2370 3448 2424 in
3493 2370 3612 2427 dies

2028 2464 2351 2527 augebatur.
2400 2462 2706 2516 I'otentium
2752 2471 2933 2515 autem
2979 2462 3266 2515 hominum
3296 2470 3349 2516 et
3380 2464 3615 2518 clerico-

2033 2570 2151 2608 rum
2186 2554 2370 2607 odium
2404 2554 2457 2607 in
2486 2568 2608 2607 eum
2639 2553 2925 2623 gliscebat,
2961 2568 3028 2606 ex
3071 2553 3327 2622 loquendi
3363 2554 3615 2609 libertate

2031 2661 2137 2715 qua
2183 2646 2449 2699 adversus
2495 2660 2589 2699 eos
2625 2644 2898 2698 utebatur.
2952 2643 3063 2699 Hos
3086 2645 3235 2699 enim
3276 2645 3370 2699 ille
3397 2646 3614 2716 quoties

2036 2737 2241 2805 injuste
2287 2744 2511 2806 agentes
2551 2735 2783 2799 viderat,
2818 2736 3272 2805 reprehendebat.
3322 2738 3451 2793 Illos
3484 2754 3614 2795 vero

2034 2831 2252 2899 opibus,
2293 2838 2347 2884 et
2397 2829 2699 2899 impietate,
2730 2837 2785 2885 et
2816 2827 2981 2887 laedis
3012 2830 3386 2902 voluptatibus
3414 2847 3612 2890 corru-

2036 2934 2180 2994 ptos.
2210 2922 2278 2975 ad
2308 2924 2564 2976 virtutem
2594 2921 2911 2978 revocabat.

2677 3010 2832 3067 CAP.
2873 3010 2966 3066 1X.

2036 3103 2113 3159 De
2143 3101 2432 3174 Serapione
2460 3101 2856 3174 archidiacono,
2881 3112 2933 3156 et
2960 3101 3026 3157 de
3047 3112 3236 3158 sancta
3263 3103 3615 3174 Olympiade:

2104 3184 2154 3229 et
2199 3172 2459 3243 quomodo
2503 3172 2716 3239 quidam
2752 3174 2949 3242 egregii
2983 3175 3083 3227 viri
3114 3172 3375 3228 Joannem
3424 3172 3616 3229 contu-

2106 3245 2318 3297 meliose
2346 3244 2590 3296 inseclali
2632 3252 2777 3306 sunt,
2813 3259 3010 3298 saevum
3051 3254 3100 3298 et
3130 3246 3413 3299 violentum
3437 3248 3617 3316 appel-

1957 3301 2001 3361 (ἶ
2102 3316 2294 3368 (antes.

2103 3405 2299 3461 Odium
2349 3420 2514 3476 porro
2568 3406 2899 3461 clericorum
2946 3405 3212 3465 adversus
3252 3409 3408 3465 illum
3460 3411 3617 3467 auxit

2036 3497 2324 3565 Serapion,
2355 3511 2517 3566 quem
2546 3497 2664 3567 ipse
2695 3497 3145 3553 archidiaconum
3186 3501 3561 3557 constituerat
3595 3523 3609 3557 :

2034 3591 2198 3645 homo
2246 3588 2568 3660 Egyptins,
2623 3597 2912 3659 promptus
2973 3590 3042 3645 ad
3092 3590 3477 3658 iracundiam,
3545 3594 3614 3648 ad

2033 3681 2419 3736 contumeliam
2446 3686 2671 3749 paratus
2693 3680 2733 3732 ¹.
2766 3679 3136 3737 Accesserunt
3153 3697 3375 3753 quoque
3411 3684 3617 3739 exhor-

2034 3773 2273 3828 tationes
2316 3773 2385 3825 ab
2410 3786 2476 3826 eo
2508 3770 2668 3826 facta
2705 3771 2774 3826 ad
2813 3770 3212 3843 Olympiadem.
3248 3774 3402 3829 Hanc
3442 3777 3613 3841 enim,

2036 3879 2163 3920 cum
2195 3863 2543 3918 nobilissimo
2577 3879 2775 3934 genere
2805 3872 2926 3919 orta
2968 3872 3136 3928 esset,
3168 3866 3420 3934 quamvis
3457 3866 3617 3936 juve-

2035 3958 2136 4014 nili
2162 3966 2325 4013 tetate
2353 3956 2599 4023 viduam,
2627 3966 2808 4013 tamen
2836 3956 2968 4028 quia
2987 3957 3148 4028 juxta
3173 3957 3321 4032 leges
3350 3959 3618 4017 ecclesia-

1551 4279 1823 4335 VALESII
1861 4279 2307 4337 ANNOTATION
2314 4285 2422 4340 ES.

350 4378 437 4459 vir
463 4400 838 4465 doctissimus,
892 4408 1020 4454 ante
1066 4413 1271 4469 paucos
1323 4410 1683 4469 annos‘eu_m_
1715 4393 1926 4447 auctori

352 4486 458 4529 suo
495 4471 739 4526 restituit
764 4471 819 4525 in
866 4479 1016 4524 tomo
1058 4464 1221 4524 tertio
1260 4466 1542 4537 spicilegii.
1583 4464 1719 4537 Male
1746 4472 1928 4537 tamen

2106 4395 2224 4478 (50)_
2266 4396 2557 4478 _’I¢_.lgia:1_rne
2604 4401 2795 4478 eaex
2841 4406 3089 4463 τούτων.
3135 4408 3496 4464 Scribendum
3529 4419 3615 4466 est

2034 4468 2227 4545 procul
2248 4466 2653 4545 dubio'lwc'twn
2678 4473 2755 4537 δέ,
2785 4483 2914 4539 etc.,
2933 4493 3041 4545 qua
3072 4480 3454 4534 emendatione
3478 4482 3613 4535 nihil

353 4543 414 4597 in
446 4540 852 4620 __r_nanuscripto
882 4540 1217 4620 deice‘hic
1262 4534 1465 4620 sermo
1490 4534 1813 4620 inscribitur
1859 4534 1927 4620 de
1961 4596 2005 4620 ἢ
2033 4536 2240 4615 certius
2264 4534 3061 4620 5.statimquefem'endandttm
3105 4558 3190 4604 est
3222 4550 3323 4620 τῆς
3362 4534 3612 4605 acaciae-7

353 4596 556 4684 vigiliis
586 4596 871 4684 servorum
908 4608 1028 4684 Dei.
1062 4609 1187 4684 “Non
1236 4608 1380 4684 enim
1410 4608 1477 4661 de
1510 4605 1925 4684 monachorum,
1958 4596 2006 4653 Ι)
2028 4605 2114 4684 τῶς

1312 4608 1380 4659 im
1410 4608 1477 4661 de
1510 4605 1925 4684 monachorum,
1958 4596 2006 4653 Ι)
2028 4605 2151 4684 τῶν
2169 4608 2500 4684 παρρησίας,
2536 4596 3073 4684 ut_legitinterpres.

353 4672 451 4739 sed
498 4681 568 4737 de
610 4682 877 4757 laicorum
924 4680 1126 4757 vigiliis
1179 4679 1381 4757 agitur,
1434 4690 1536 4757 nec
1573 4673 1787 4757 abbatis
1831 4672 1920 4757 hic

354 4766 539 4808 sermo
567 4762 650 4807 est
673 4750 741 4805 ad
771 4742 1092 4814 monachos,
1150 4742 1245 4805 sed
1286 4746 1540 4818 episcopi
1550 4745 1814 4818 populum
1843 4742 1922 4795 al-

353 4823 661 4895 loquentis,
679 4829 749 4895 u_t_
766 4829 911 4895 patet
943 4821 1117 4895 velent
1141 4818 1434 4895 bisverbis
1465 4835 1476 4869 :
1510 4818 1781 4895 Nec-sane
1809 4829 1924 4895 one:

352 4884 556 4965 rosum,
584 4894 663 4946 vel
695 4884 903 4965 difﬁcile
953 4891 1116 4965 videri
1154 4892 1301 4965 debet
1347 4890 1506 4965 etiam
1556 4885 1808 4965 delicatis.
1844 4884 1923 4937 vel

352 4964 583 5035 inﬁrmis
608 4962 932 5035 corporibus,
968 4962 1045 5035 in_
1061 4964 1359 5035 septimana
1396 4960 1619 5035 duorum
1670 4960 1923 5035 noctium,

353 5027 515 5105 idest
540 5027 759 5105 δαί)ὺὰιὶ
810 5043 963 5105 atque
1012 5027 1320 5105 Dominicw,
1346 5033 1657 5105 portionem
1691 5027 1925 5105 aliquam

354 5104 454 5158 Dei
492 5104 781 5157 ministerio
804 5098 1053 5170 deputare
1095 5119 1111 5155 :
1143 5102 1243 5154 ista
1272 5101 1409 5153 enim
1437 5101 1588 5170 quasi
1626 5098 1925 5164 purificatio

354 5184 433 5229 est
460 5175 663 5228 dierum
693 5175 918 5242 quinque
951 5173 1029 5225 vel
1063 5174 1307 5247 noctiunr
1348 5172 1535 5247 quibus
1564 5183 1782 5247 stupore
1804 5184 1927 5247 σαι-τ

366 5246 479 5297 nali
536 5240 964 5313 ingraoescimus,
994 5253 1085 5295 aut
1147 5242 1431 5295 mundanis
1478 5244 1680 5295 actibus
1731 5240 1928 5294 obsessi

355 5316 623 5370 lwtamur.

2101 4676 2547 4759 (δίλὶςεραπίων
2582 4681 2654 4759 ραις
2677 4676 3133 4759 ᾆρχιδςάἓιονονι
3162 4686 3321 4742 Ilunc
3352 4687 3613 4759 Serapio-

2028 4760 2153 4829 nem
2177 4744 2467 4829 .Pallatlius
2492 4750 2545 4804 in
2581 4744 2807 4822 Dialoqo
2838 4755 3051 4829 devita
3096 4756 3323 4811 Joannis
3376 4744 3611 4829 limi/so-

2029 4819 2219 4899 stanti,
2251 4819 2968 4899 presbyterpm_voéat._Sic
3000 4829 3144 4899 enim
3176 4829 3252 4881 ait
3294 4819 3614 4899 Σεραπίωνα

2028 4886 2125 4938 καὶ
2156 4886 2347 4970 Ἰξίγριν
2386 4890 2813 4970 πρεσϐυτέρους.
2846 4892 3011 4970 orte
3036 4896 3275 4953 Joannes
3297 4886 3616 4970 (ΞΙιίὙδοδιο-

2031 4971 2155 5037 mus
2190 4958 2343 5037 illum
2374 4974 2438 5037 ex
2473 4958 2707 5037 diacono
2746 4966 3124 5037 presbyterum
3158 4959 3520 5037 promoverat.
3554 4971 3613 5024 Id

2031 5034 2183 5107 certe
2218 5034 2489 5107 testantur
2520 5030 2657 5083 Acta
2696 5034 2889 5101 synodi
2914 5030 2987 5089 ad
3011 5030 3305 5101 Quercum.
3330 5039 3387 5093 In
3411 5041 3614 5107 quibus

2034 5105 2286 5171 octavum
2351 5097 2625 5171 decimum
2684 5097 2849 5171 caput
2912 5097 3280 5163 accusationis
3344 5097 3612 5165 adversus

2035 5166 2511 5247 Chrysostomum,
2539 5170 2642 5247 hoc
2666 5166 2771 5233 est,
2805 5174 3338 5247 quodSerapionem
3370 5180 3425 5233 in
3455 5190 3611 5235 reatu

2035 5238 2415 5320 ex_sistenten_t_.
2447 5238 2838 5320 presbyterum
2871 5238 3210 5303 ordinasset.
3236 5249 3380 5304 Idem
3420 5260 3616 5320 postea

2035 5309 2327 5377 eoiscopus
2362 5309 2639 5365 Heraclea:
2666 5313 2847 5369 laetus
2869 5322 2974 5370 est.

1795 5483 2186 5543 VARIORUM.

431 5634 447 5673 ί
495 5632 882 5700 Ὀλυμπιάδα.
936 5632 1010 5687 De
1062 5648 1123 5686 ea
1148 5632 1314 5685 multa
1378 5630 1651 5683 Palladius
1715 5625 1769 5679 in
1803 5626 1921 5700 vita
2021 5626 2233 5697 Elpidio
2262 5615 2613 5700 imperatoris
2648 5638 2882 5697 cognato
2905 5628 3228 5683 sollicitata.
3265 5626 3346 5683 0b
3369 5630 3605 5687 eximias

352 5700 577 5773 Joannis
631 5696 1007 5773 Cltrysostomi
1063 5720 1091 5755 a
1140 5719 1259 5770 pag.
1323 5701 1740 5773 H-9,_ud_pag.
1796 5696 1919 5749 ltiti.

357 5771 569 5841 Sponsa
596 5770 987 5842 luitquoudam
1014 5773 1253 5827 Nebridii
1279 5770 1593 5841 expraelecti
1624 5781 1923 5842 :quontor-

354 5835 469 5910 tuo,
518 5835 787 5901 secundas
842 5846 1059 5913 nuptias
1116 5835 1428 5913 respuebat,
1486 5835 1798 5910 quanquam
1844 5835 1911 5889 ab

2022 5701 2257 5753 virtutes
2298 5697 2594 5764 laudatur;
2647 5714 2905 5768 agrorum
2952 5701 3340 5769 possessiones
3367 5701 3605 5757 contulit

2023 5771 2314 5839 pascendis
2349 5770 2567 5825 clericis
2597 5771 2956 5840 pauperibus.
