4460 6634
831 529 968 586 1539

2270 415 2673 563 εΟΦΟΜΕΝΙ

3956 530 4094 586 1540

835 644 1002 697 sticas
1053 655 1268 712 egregie
1302 638 1807 710 philosophabatur,
1861 635 2138 694 Nectarius
2182 629 2385 686 diaco-
2421 590 2596 712 Αξξνε

2334 637 2385 673 i-
2421 590 2475 667 Α
2496 592 2665 712 ξξνον
2711 632 3076 712 ἐχειροτόνησε
3108 640 3218 710 (52)
3256 639 3270 689 i
3305 638 3629 708 Νεκτάριος.
3655 637 3804 694 Ἰδὼν
3828 638 3886 693 δὲ
3921 639 4095 712 αὐτὴν

833 734 1042 788 nissam
1072 732 1444 786 ordinaverat.
1483 730 1720 786 Joannes
1749 746 1878 786 vero
1914 745 2034 784 cum
2064 743 2178 784 eam
2211 717 2396 778 lacul-

835 831 978 876 tates
1010 835 1141 876 suas
1183 821 1492 890 petentibus
1519 835 1748 890 erogare
1780 828 2054 882 cerneret,
2097 825 2151 872 et
2181 815 2397 883 reliqua

836 912 1058 980 quidem
1118 911 1344 979 insuper
1399 910 1604 965 habere
1649 928 1664 965 :
1707 925 1924 963 onmem
1969 916 2146 962 autem
2208 917 2403 959 curam

837 999 1041 1053 divinis
1068 998 1232 1068 338
1265 1001 1432 1053 rebus
1468 998 1787 1068 impendere
1821 1015 1836 1051 :
1872 997 2160 1066 Equidem,
2201 995 2402 1066 inquit,

838 1088 1088 1144 studium
1120 1099 1270 1142 tuum
1327 1087 1512 1143 laudo.
1557 1087 1759 1142 Verum
1786 1088 1881 1157 qui
1926 1088 2180 1157 perlecta:
2215 1102 2414 1142 secun-

839 1168 970 1235 dum
1013 1178 1186 1233 Deum
1211 1181 1436 1234 virtutis
1466 1180 1748 1250 fastigium
1798 1180 2069 1248 consequi
2111 1179 2414 1245 desiderat,

838 1285 962 1325 eum
1011 1285 1111 1324 sua
1154 1282 1305 1325 recte
1343 1271 1664 1341 dispensare
1709 1281 1952 1342 oportet.
2003 1271 2086 1326 Tu
2116 1286 2247 1326 vero
2285 1270 2416 1324 dum

838 1364 1116 1434 opulentis
1161 1378 1296 1432 opes
1327 1362 1716 1432 superadjicis,
1755 1364 1896 1418 idem
1945 1363 2105 1427 facis,
2141 1378 2205 1417 ac
2237 1363 2282 1418 si
2325 1370 2416 1415 tua

840 1457 897 1511 in
959 1470 1111 1510 mare
1158 1454 1489 1510 ell‘underes.
1543 1456 1626 1508 An
1660 1455 1910 1524 ignoras,
1957 1464 2012 1510 te
2073 1463 2168 1508 tua
2225 1463 2420 1524 sponte

839 1547 1132 1602 facultates
1175 1556 1301 1602 tuas
1360 1547 1740 1618 indigentibus
1784 1556 2009 1618 propter
2051 1545 2222 1601 Deum
2263 1545 2422 1600 dedi-

838 1654 997 1694 casse
1028 1656 1041 1692 :
1067 1648 1121 1693 et
1154 1648 1415 1709 tanquam
1442 1640 1499 1692 in
1521 1639 1684 1694 bonis
1714 1655 1836 1709 quae
1865 1654 1974 1694 non
2011 1648 2140 1694 sunt
2183 1638 2422 1707 amplius

839 1731 1067 1786 dominii
1131 1730 1252 1794 tui,
1324 1730 1782 1800 dispensatricem
1838 1738 1890 1784 te
1949 1733 2307 1799 appositam,
2369 1743 2423 1786 et

839 1820 1151 1874 rationibus
1192 1819 1487 1874 reddendis
1519 1819 1819 1873 obnoxiam
1854 1821 2018 1875 esse?
2057 1819 2213 1884 Quod
2258 1820 2302 1874 si
2337 1835 2424 1873 me

840 1913 1025 1974 audis,
1059 1926 1157 1981 pro
1179 1912 1509 1966 necessitate
1542 1910 1871 1980 petentium,
1901 1911 2246 1979 largitionem
2274 1918 2422 1962 tuam

2547 717 2789 796 (υάννης
2836 734 2946 795 τοῖς
2998 733 3208 786 αἰτοῦσι
3253 729 3351 802 τὴν
3383 729 3570 784 οὐσίαν
3608 731 3961 802 προϊεμένην,
4001 734 4095 784 καὶ

2498 792 2566 855 τὰ
2606 815 2718 883 μὲν
2739 792 2883 874 ’ἀλλα
2919 792 3471 894 ύπερορῶσανίμὸνα
3499 821 3558 875 δὲ
3593 792 3668 874 τά
3697 792 3817 874 θεῖα
3860 792 4096 876 σίλουδά-

2504 895 2735 974 ζουσαν,
2761 912 2999 968 Ἐπαινῶ
3033 930 3148 976 σου,
3169 911 3296 981 ἔφη,
3323 913 3422 982 τὴν
3459 911 3780 982 προαίρεσιν
3807 929 3823 943 ’
3863 912 3980 965 ἀλλ’
4015 914 4095 964 οῖ-

2508 1001 2802 1070 κονομικὸν
2830 999 2969 1056 εἶναι
3001 1003 3105 1067 δεῖ,
3143 1003 3236 1056 τὸν
3265 1003 3407 1056 κατὰ
3425 1002 3558 1055 Θεὸν
3594 1003 3696 1072 τῆς
3732 1003 3909 1073 ἄκρας
3961 1004 4094 1073 ἀρε-

2511 1087 2610 1158 τῆς
2627 1089 2934 1158 ἐφιέμενον.
2962 1091 3033 1144 Σὺ
3053 1092 3130 1154 δὲ,
3149 1091 3436 1145 πλουτοῦσι
3459 1089 3687 1143 πλοῦτον
3703 1092 4094 1160 ἐπεισάγουσα,

2517 1179 2618 1250 οὐχ
2661 1177 2823 1252 ἦττον
2853 1183 2888 1252 ἦ
2936 1185 3016 1246 εἰς
3053 1182 3328 1237 Θάλασσαν
3384 1183 3594 1252 ἐκχέεις
3633 1183 3702 1237 τὰ
3732 1183 3824 1237 σά.
3885 1186 3953 1236 Ἢ
3997 1185 4099 1238 ούκ

2516 1274 2828 1338 ἐπίστασαι,
2860 1275 2942 1326 ὅτι
2972 1273 3174 1328 ἑκοῦσα
3203 1275 3316 1337 τοῖς
3374 1274 3651 1344 δεομένοις
3691 1274 3780 1327 διὰ
3822 1274 3956 1328 Θεὸν
4000 1277 4098 1346 τὴν

2517 1363 2707 1416 οὐσίαν
2731 1365 3000 1435 ἀνέθηκας
3042 1383 3053 1392 ·
3091 1367 3186 1418 καὶ
3215 1364 3288 1428 ὡς
3326 1366 3417 1418 ἐπὶ
3446 1367 3692 1437 χρήμασι
3733 1366 3834 1436 τῆς
3873 1367 3974 1435 σῆς
4015 1366 4100 1420 δε-

2521 1451 2775 1516 σποτείας
2787 1453 3084 1519 ἐξελθοῦσι,
3106 1455 3326 1508 διοικεῖν
3345 1454 3598 1526 ἐτάχθης,
3617 1457 3714 1509 καὶ
3727 1456 3904 1524 λόγοις
3917 1457 4100 1526 ἔνοχος

2521 1541 2742 1609 ἐγένου;
2782 1546 2881 1595 Ἢν
2904 1541 2996 1598 οὖν
3015 1547 3138 1616 ἐμοὶ
3167 1546 3350 1616 πείθῃ,
3376 1546 3510 1617 πρὸς
3542 1547 3642 1616 τὴν
3665 1548 3854 1618 χρείαν
3884 1548 3991 1600 τῶν
4019 1553 4100 1601 αἱ·

2522 1631 2759 1697 τούντων
2800 1634 2892 1685 τοῦ
2911 1634 3100 1687 λοιποῦ
3141 1637 3252 1706 (55)
3295 1637 3586 1706 μετρήσεις
3618 1637 3715 1704 τὴν
3737 1637 3883 1690 δόσιν
3916 1652 3929 1664 ·
3958 1637 4098 1688 οὕτω

2523 1723 2632 1792 γὰρ
2668 1723 2884 1787 πλείους
2911 1743 2971 1778 τε
3010 1728 3416 1796 εὑεργετήσεις,
3447 1728 3542 1781 καὶ
3577 1729 3758 1791 ἐλέους
3803 1728 3898 1782 καὶ
3936 1745 4103 1780 σπου.

2523 1814 2807 1884 δαιοτὰπης
2831 1816 3154 1886 κηδεμονίας
3176 1817 3419 1888 ἀμοιϐὦν
3442 1817 3607 1889 τεύξῃ
3635 1819 3769 1890 πρὸς
3794 1819 3952 1872 Θεοῦ.
3995 1820 4035 1870 Γ
4038 1820 4098 1872 έ-

2526 1922 2650 1974 γονε
2674 1906 2731 1959 δέ
2757 1923 2838 1969 τις
2867 1907 3016 1975 αὑτῷ
3041 1907 3277 1978 διαφορά
3309 1908 3402 1962 καὶ
3433 1909 3568 1980 πρὸς
3596 1909 3825 1974 πολλοὺς
3858 1913 3966 1966 τῶν
3999 1928 4097 1980 μο-

841 2004 1101 2072 deinceps
1164 2002 1563 2056 moderaberis.
1616 2000 1710 2056 Sic
1743 2005 1890 2056 enim
1945 2000 2057 2065 lict,
2114 2008 2172 2053 ut
2229 2001 2415 2070 plures
2449 2002 2602 2067 Βνα)

2336 2015 2415 2054 res
2449 2002 2488 2056 B
2517 1998 2718 2067 ναχῶν,
2741 1999 2834 2052 καὶ
2867 1999 3100 2069 μάλιστα
3124 2001 3217 2052 τὸν
3249 2001 3540 2054 Ἰσαάκιον.
3592 2001 3962 2071 Ἦρεμοῦντας
3999 2004 4097 2075 μὲν

837 2093 1124 2150 beneﬁciis
1173 2108 1204 2146 a
1249 2101 1302 2148 te
1334 2093 1672 2157 afﬁciantur,
1721 2101 1777 2146 et
1813 2102 1871 2145 tu
1914 2091 2310 2146 misericordiae
2346 2105 2410 2144 ac

839 2185 1279 2257 diligentissima”:
1313 2183 1670 2254 benignitatis
1710 2197 1741 2236 a
1780 2182 1890 2237 Deo
1919 2182 2226 2238 mercedem
2257 2184 2410 2236 acci~

839 2277 981 2348 pias.
1013 2273 1142 2328 Fuit
1176 2275 1341 2329 etiam
1375 2275 1452 2328 illi
1484 2274 1742 2329 simultas
1765 2273 2014 2344 quendam
2041 2289 2103 2328 ac
2140 2274 2412 2330 dissensio

839 2384 965 2423 eum
997 2367 1288 2422 monachis
1309 2366 1610 2431 nunnullis,
1641 2380 1705 2419 ac
1727 2366 2003 2436 praecipue
2026 2379 2150 2419 cum
2179 2364 2409 2420 lsaacio.

841 2458 1020 2529 llujus
1041 2459 1185 2514 enim
1211 2457 1571 2529 phil050phite
1603 2465 1905 2513 sectatores
1933 2456 2027 2526 qui
2055 2459 2110 2510 in
2136 2465 2411 2510 monaste-

840 2553 942 2607 riis
990 2552 1109 2607 suis
1156 2551 1342 2620 quiete
1389 2549 1683 2619 degerent,
1739 2563 2067 2618 magnopere
2112 2547 2408 2600 laudabat:

842 2651 1015 2712 utque
1051 2657 1084 2697 a
1113 2640 1334 2696 nomine
1376 2638 1724 2695 adicerentur
1760 2639 1984 2708 injuria,
2021 2645 2076 2692 et
2101 2639 2410 2692 necessaria

842 2743 1040 2789 cuncta
1097 2733 1384 2798 haberent,
1425 2732 1664 2788 sollicite
1710 2732 2064 2801 procurabat.
2117 2729 2223 2784 Eos
2276 2745 2408 2783 vero

842 2827 938 2898 qui
975 2826 1124 2881 l‘oras
1157 2824 1572 2896 egrederentur,
1605 2839 1667 2880 ac
1693 2839 1789 2895 per
1816 2825 1967 2880 vicos
2005 2823 2159 2878 urbis
2185 2823 2408 2893 conspi-

2511 2090 2620 2160 γὰρ
2647 2090 2706 2142 ἐν
2737 2093 2848 2153 τοῖς
2878 2090 3055 2143 αὐτῶν
3081 2091 3458 2161 μοναστηρίοις
3473 2091 3598 2154 τοὺς
3627 2086 3728 2144 ὦδε
3758 2093 4099 2164 φιλοσοφοῦν-

2509 2198 2628 2245 τας,
2669 2184 2746 2244 εἰς
2771 2183 2908 2250 ἄγαν
2942 2183 3132 2254 ἐπῄνει
3167 2199 3227 2235 τε
3276 2185 3370 2235 καὶ
3399 2184 3543 2246 ὃπως
3575 2183 3650 2254 μὴ
3677 2184 3963 2250 ἀδικοῖντο,
4004 2186 4098 2239 καὶ

2511 2273 2578 2325 τὰ
2594 2273 2871 2348 ἐπιτήδεια
2891 2273 3062 2343 ἔχοιεν
3077 2274 3210 2344 (54),
3237 2273 3444 2344 σφόδρα
3467 2275 3784 2346 ἐπεμελεῖτο
3809 2291 3822 2303 ·
3856 2277 4097 2340 ἐξιόντας

2509 2359 2565 2411 δέ
2593 2358 2793 2428 Θύραζε
2822 2362 2916 2412 καὶ
2943 2363 3081 2414 κατά
3111 2361 3208 2430 τὴν
3240 2363 3394 2414 πόλιν
3431 2364 3809 2434 φαινομένους,
3860 2367 3938 2429 ὼς
3995 2366 4096 2440 τὴν

2517 2449 2833 2518 φιλοσοφίαν
2858 2451 3255 2518 ἐνυϐρίζοντας,
3285 2452 3545 2524 ἐλοιδόρει
3594 2457 3688 2508 καὶ
3737 2458 4092 2529 ἐπέστρεφεν.

2529 2539 2623 2593 Ἐκ
2647 2543 2900 2594 τοιούτων
2941 2543 3004 2612 δὴ
3033 2546 3359 2618 προφάσεων
3408 2546 3782 2616 ἀπηχθάνοντο
3825 2551 3960 2620 πρὸς
3998 2552 4096 2605 αὑ-

2517 2631 2610 2684 τὸν
2644 2633 2896 2704 κληρικοὶ
2927 2635 3022 2687 καὶ⁹
3055 2635 3241 2687 πολλοὶ
3277 2635 3385 2688 τῶν
3421 2637 3693 2706 μοναχῶν,
3728 2640 3820 2692 καὶ
3864 2642 4095 2708 xulem?"

2517 2723 2612 2774 καὶ
2641 2725 2877 2795 ὀργίλον,
2906 2726 3090 2778 σκαιόν
3133 2743 3193 2777 τε
3233 2726 3329 2778 καὶ
3374 2727 3718 2796 ὑπερήφανον
3761 2729 4089 2784 ἀπεκάλουν.

2527 2804 2875 2886 Ἐπεχείρουν
2903 2818 2958 2869 δέ
2995 2818 3236 2888 καὶπερὶ
3257 2817 3348 2869 τὸν
3369 2816 3480 2887 βίον
3510 2819 3813 2872 διαϐάλλειν
3844 2821 3977 2891 πρὸς
4002 2824 4094 2876 τὸν

2039 2953 2308 3008 VALESII
2345 2953 2900 3011 ANNOTATIONES.

916 3052 1348 3126 (32)7Aidxoror
1365 3049 1810 3126 exeipOtémas.
1828 3047 1943 3126 Duo
1965 3045 2418 3126 hicobservanda

845 3118 1553 3195 sunt.'Primumkquotl‘ait
1599 3118 1999 3195 Olympiadem,
2056 3118 2199 3195 licet.
2231 3118 2420 3195 junior

844 3207 993 3252 esset
1019 3195 1209 3256 vidua.
1240 3186 1627 3254 5diaconls‘ahm
1669 3186 1870 3248 'ta'titen
1910 3202 2032 3242 esse
2083 3186 2417 3240 ordinatam.

2522 3048 2741 3119 abunde
2799 3062 2894 3102 eos
2956 3046 3222 3119 refutant.
3281 3048 3512 3104 Ruﬁnus
3561 3063 3781 3119 quoque
3827 3050 3880 3104 in
3932 3050 4027 3105 lib.
4059 3068 4090 3107 x

2521 3115 2912 3171 Ecciesiastica:
2962 3116 3239 3183 llistoriw,
3273 3135 3395 3189 cap.
3425 3120 3477 3183 ti,
3516 3115 3780 3174 canonum
3834 3122 3986 3174 illum
4023 3123 4093 3177 de

2521 3189 2852 3258 diaconissis
2884 3192 3141 3243 omnibus
3175 3191 3504 3258 generaliter
3557 3193 3787 3258 accepit.
3823 3191 3992 3244 l’orro
4023 3195 4090 3246 ad

847 3264 1102 3336 Secundo
1124 3262 1268 3336 qi_t_0d
1294 3277 1412 3317 eam
1438 3259 1746 3336 ordinatam
1773 3273 1894 3336 esse
1920 3257 2053 3336 dicit
2070 3257 2136 3336 ab
2154 3257 2418 3335 episcotio
2446 3273 2491 3336 ρ
2521 3258 2755 3311 ollicium
2774 3257 3228 3336 diaconissarnm
3279 3277 3387 3336 non
3439 3261 3526 3313 vid
3539 3275 3616 3311 uie
3647 3257 3847 3336 solum,
3885 3277 4091 3336 verunt

845 3325 1473 3401 licentia-Utrumque
1506 3332 1653 3385 enim
1683 3329 1924 3401 antiquis
1956 3325 2418 3401 Ecclesiaetnori-

845 3407 949 3460 bus
978 3420 1040 3459 ac
1071 3403 1296 3474 regulis
1324 3395 1664 3474 contrarium
1699 3395 1965 3474 vide—tura
1991 3395 2419 3474 _Certe‘Epipha-

844 3478 971 3531 nius
1005 3477 1058 3528 in
1112 3465 1874 3542 liacresiiCollyridianoruin,
1916 3467 2111 3521 viduas
2149 3465 2418 3542 duntaxat

846 3561 910 3599 ac
941 3545 1148 3599 vetulas
1180 3543 1246 3595 ad
1287 3541 1340 3596 id
1378 3535 1580 3595 munus
1612 3548 1890 3607 promotas
1917 3552 2041 3592 esse
2066 3536 2279 3590 scribit.
2295 3535 2416 3607 ASed

845 3625 899 3670 et
923 3617 1006 3668 lex
1040 3615 1170 3683 imp.
1195 3603 1676 3683 TlieodosiLcujiis
1703 3622 1867 3676 supra
1900 3607 2252 3683 _me_ntionem
2285 3603 2417 3660 fecit

847 3675 1207 3746 Sozotnenus,
1273 3680 1477 3736 diserte
1511 3675 1726 3744 vetabat
1774 3675 1842 3730 ne
1895 3675 2111 3746 feiiiinm
2140 3683 2269 3729 ante
2308 3689 2418 3746 an-

844 3770 976 3808 nutn
1016 3745 1200 3807 aetatis
1246 3750 1645 3820 sexagesimum
1697 3746 1764 3820 ad
1810 3746 1914 3800 hoc
1959 3745 2197 3799 ollicium
2249 3745 2418 3820 elige--

845 3833 1060 3880 rentur.
1101 3820 1334 3876 Proinde
1364 3815 1500 3874 satis
1541 3818 1726 3871 mirari
1756 3831 1865 3869 non
1905 3830 2150 3885 possum,
2187 3830 2286 3868 cur
2307 3815 2416 3870 Ne-

843 3895 1051 3948 ctarius
1073 3893 1166 3962 qui
1190 3901 1307 3946 erat
1330 3891 1443 3962 sub,
1461 3889 1670 3962 ditione
1692 3886 2006 3962 Theodosii,
2032 3885 2412 3962 “Olympiadem

841 3965 1027 4018 adhuc
1078 3955 1538 4016 adolescentulam
1603 3956 1972 4011 diaconissam
2026 3955 2246 4020 fecerit;
2305 3955 2412 4010 nisi

845 4037 989 4089 forte
1047 4033 1294 4086 dicamus
1349 4031 1405 4084 id
1439 4028 2166 4098 privilegiumHconcessum
2216 4039 2340 4078 esse
2381 4041 2412 4077 a

843 4103 1172 4158 Theodosio.
1219 4100 1373 4166 Quod
1425 4096 1555 4153 vero
1604 4097 1673 4150 ad
1723 4096 2125 4149 ordinationem
2176 4101 2410 4162 spectat,

843 4176 961 4230 scio
989 4171 1586 4243 quidein_diaco_nissas
1617 4166 2013 4243 posterioribus
2063 4167 2411 4243 temporibus

843 4259 940 4314 per
975 4233 1170 4297 manus
1220 4233 1631 4314 impositioneni
1672 4233 2235 4314 esse.ordi‘i_iat_as._ld
2263 4236 2410 4314 enim

842 4304 1047 4368 diserte
1077 4304 1313 4365 testatur
1338 4323 1519 4362 canon
1550 4306 1617 4359 l5
1667 4306 1888 4358 concilii
1921 4304 2408 4358 Chalcedonensis.

847 4382 1043 4437 Verum
1071 4380 1214 4451 apud
1269 4381 1526 4451 antiquos
1551 4376 1690 4451 alius
1734 4391 1853 4429 mos
1896 4375 2016 4440 I‘uit,
2051 4373 2294 4451 utﬁdocet
2313 4389 2412 4427 ca-

841 4469 952 4508 non
1007 4454 1073 4506 19
1107 4442 1344 4504 ’θοιιοίιιί
1383 4442 1604 4500 Νὶειειιὶ.
1651 4449 1711 4498 In
1745 4459 1856 4512 quo
1889 4445 2066 4498 sancti
2103 4442 2294 4496 Patres
2326 4459 2413 4512 ge-

842 4522 1106 4577 neraliter
1149 4521 1528 4589 pronuntiant,
1566 4515 2141 4589 diaconissasmanus
2185 4514 2412 4582 imposi-

843 4593 1048 4646 tionem
1073 4585 1185 4645 non
1211 4590 1432 4650 habere,
1455 4601 1655 4654 easque
1681 4585 1824 4639 inter
1848 4585 2034 4654 ilaicos
2061 4599 2185 4638 esse
2213 4599 2409 4638 nume-

841 4662 1042 4716 randa:
1096 4659 1414 4727 Quanquam
1449 4653 1692 4709 Zonaras
1731 4669 1794 4708 ac
1842 4653 2095 4727 Balsama
2142 4668 2407 4727 canonein

841 4731 995 4785 illum
1037 4723 1502 4783 concilii'Nicaani
1533 4741 1643 4779 non
1677 4725 2007 4793 generaliter
2047 4723 2125 4793 _de
2156 4724 2411 4780 omnibus

840 4800 1191 4863 diaconissis,
1217 4797 1311 4852 sed
1350 4805 1558 4849 tantum
1587 4791 2019 4863 degdiaconissis
2046 4791 2411 4848 PaulianiSta-

839 4885 960 4924 rutn
996 4885 1116 4938 quae
1153 4862 1222 4921 ad
1251 4867 1582 4938 catholicam
1632 4862 1934 4938 Ecclesiam
1965 4864 2226 4938 redirent,
2255 4864 2414 4938 intel-

841 4933 1115 5010 ligendum
1149 4944 1434 5007 putarunt.
1481 4934 1586 4989 Sed
1620 4935 1788 4988 verba
1845 4935 1964 5002 ipsa
1993 4934 2225 4986 canonis
2258 4933 2409 4988 illius

2520 3339 2682 3382 etiam
2717 3328 2974 3400 virgines
3038 3331 3164 3399 eligi
3225 3331 3442 3384 tandem
3502 3344 3736 3397 cmpere.
3795 3331 3966 3400 Cujus
4013 3333 4090 3385 rei

2516 3399 3134 3469 exentplumghabemus
3183 3403 3238 3452 in
3300 3401 3553 3454 Nicarete
3613 3401 3865 3469 Bithyna,
3927 3404 4090 3468 cujus

2517 3469 2773 3521 meminit
2823 3467 3164 3523 Sozomenus
3194 3470 3336 3524 infra
3362 3473 3416 3524 in
3435 3470 3538 3522 hoc
3565 3467 3902 3524 libroJldem
3926 3467 4092 3524 etiam

2516 3538 2584 3591 de
2608 3537 2850 3608 Macrina
2877 3554 3068 3591 sorore
3101 3556 3198 3592 sua
3226 3549 3458 3594 testatur
3496 3538 3790 3608 Gregorius
3810 3540 4092 3608 Nyssenus

2517 3608 2571 3660 in
2607 3609 2726 3675 ejus
2754 3606 2873 3660 Vita
2895 3609 2979 3661 his
3000 3611 3179 3662 verbis
3204 3629 3217 3662 :
3259 3609 3422 3663 Ἀ).λά
3445 3606 3629 3676 ἐπειδὴ
3655 3612 3775 3670 ταῖς
3803 3606 4093 3678 μῦστικαῖς

2517 3678 2843 3749 ὑπηρεσίαις
2861 3679 2959 3738 τὰς
2983 3679 3168 3748 χεῖρας
3208 3680 3410 3749 ἑαυτῆς
3440 3678 3913 3749 ἐχρησε,πρέπειν
3947 3683 4088 3749 ἡγη-

2518 3749 2726 3816 σαμένη
2779 3746 2855 3816 τῷ
2904 3746 3294 3818 ἐπιτηδεύματι
3331 3746 3426 3801 τοῦ
3472 3746 3587 3817 βίον
3625 3746 3740 3818 τὴν
3774 3750 3900 3818 περὶ
3935 3746 4092 3802 τοῦτο

2517 3818 2774 3886 σπουδήν,
2793 3827 2898 3872 etc.
2928 3819 2984 3870 ln
3013 3819 3117 3872 line
3138 3817 3265 3872 vero
3287 3819 3530 3888 ejusdem
3557 3817 3687 3871 libri
3709 3821 3772 3872 de
3797 3817 4092 3888 Lanpadia

2515 3885 2754 3956 quadam
2817 3889 3026 3958 virgine
3064 3889 3224 3958 idem
3269 3885 3448 3956 prodit
3482 3887 3550 3941 iis
3605 3888 3786 3958 verbis
3821 3906 3832 3940 :
3871 3885 3976 3940 Ἦν
4007 3907 4092 3952 τις

2515 3957 2929 4030 προτεταγμένῄ
2980 3957 3089 4030 Ατοῦ
3146 3960 3320 4030 χοροῦ,
3370 3958 3478 4030 τῷν
3531 3957 3815 4030 παρθένων
3864 3960 3940 4028 τῷ
3989 3959 4090 4028 τῆς

2512 4026 2784 4090 διακονίας
2819 4026 3032 4098 βαθμῷ,
3068 4026 3360 4097 Λαμπαδία
3397 4028 3566 4097 ὄνομα
3591 4029 3751 4097 αὐτῇ.
3787 4028 3891 4081 Sed
3914 4026 4091 4082 inter-

2514 4111 2636 4163 pres
2674 4107 2928 4151 neutrum
2961 4100 3155 4149 horum
3193 4100 3438 4152 locorum
3474 4099 3692 4151 videtur
3726 4101 4086 4153 intellexisse.

2584 4167 2695 4236 (55)
2768 4167 2889 4220 Τῶν
2941 4168 3267 4219 αἰτούντων
3320 4167 3426 4220 τοῦ
3471 4167 3644 4220 λαοῦ.
3702 4168 3856 4222 Hunc
3907 4171 4086 4221 locum

2513 4237 2800 4306 emendavi
2836 4252 2914 4306 ex,
2938 4238 3128 4290 codice
3159 4236 3484 4300 Fuketiano,
3523 4238 3708 4305 inquo
3749 4240 3822 4291 ita
3849 4240 4045 4306 legitur
4066 4277 4082 4292 .

2514 4305 2776 4428 πρὸὲότὴν
2798 4305 2987 4376 χρείαν
3012 4306 3116 4359 τῶν
3141 4308 3430 4362 αἰτούντων
3453 4306 3548 4358 τοῦ
3575 4307 3761 4359 λοιποῦ
3794 4305 4088 4378 μετρήσεις

2514 4393 2608 4428 την
2693 4393 2796 4428 σιν.

2512 4393 2608 4428 την
2629 4393 2796 4428 οοσιν.

2546 4394 2845 4514 ηἴὲιῒῖιιῖξιὶ
2893 4447 2965 4499 τὰ
3007 4446 3309 4511 ἐπιτήδεια
3345 4445 3564 4515 ἔχοιεν.
3603 4445 3870 4515 Loquitur
3914 4446 4084 4502 Sozo-

2513 4531 2704 4568 menus
2733 4518 2798 4570 de
2831 4519 3136 4578 monachis,
3181 4519 3275 4586 qui
3322 4521 3404 4571 vel
3439 4519 3492 4569 in
3523 4521 3658 4571 urbe
3686 4521 4084 4572 Constantino-

2515 4587 2645 4656 poli,
2685 4587 2764 4640 vel
2801 4587 2853 4640 in
2878 4587 3000 4640 aliis
3026 4586 3240 4656 Oppidis
3274 4602 3336 4641 ac
3369 4587 3503 4640 vicis
3533 4589 3836 4642 dimceseos
3856 4586 4086 4643 Joannis

2516 4655 2895 4725 Chrysostonii
2928 4655 3214 4726 degebant.
3245 4656 3407 4710 Plura
3431 4657 3577 4710 enim
3611 4673 3706 4727 per
3742 4667 3909 4710 totam
3937 4660 4083 4712 illam

2516 4727 2798 4797 dioecesim
2849 4737 3010 4780 erant
3053 4728 3410 4789 monasteria,
3442 4727 3552 4793 jam
3613 4728 3740 4780 inde
3792 4742 3821 4778 a
3871 4737 4086 4797 tempo-

2477 4798 2480 4802 ’
2519 4797 2676 4850 ribus
2711 4795 3012 4850 MacedOnii
3056 4798 3298 4867 episcopi
3351 4797 3956 4866 Constantinopolitani,
3988 4795 4081 4866 qui

2519 4867 2687 4919 multa
2749 4867 3072 4919 monasteria
3131 4867 3608 4934 Constantinopoli
3650 4867 3974 4927 aediﬁcavit,
4030 4875 4083 4920 tt

2517 4937 2912 4990 monachorum
2944 4938 2999 4989 in
3039 4937 3106 4990 iis
3134 4937 3445 5006 degentium
3494 4937 3737 4991 subsidio
3765 4937 3958 5001 iullus,
3991 4945 4084 4989 ad-

2221 5026 2227 5035 ’
2269 5065 2659 5126 νΑιιιοιιυΜ.

909 5198 922 5236 ι
961 5181 1248 5238 Διὰκονον
1267 5182 1702 5252 ἐχειροτόνησε.
1736 5178 2001 5248 Pleraque
2029 5177 2094 5252 ad
2133 5179 2408 5252 diaconis-

842 5273 1027 5311 sarum
1067 5251 1366 5308 ministeria
1403 5251 1736 5321 pertinentia
1765 5252 2029 5321 describit
2061 5251 2119 5302 ὃ.
2159 5251 2408 5304 Clemens

841 5326 1152 5388 Constitut.,
1191 5324 1286 5376 lib.
1326 5319 1557 5390 tiu—cap.
1606 5322 1672 5373 15
1711 5339 1724 5373 :
1760 5319 1933 5388 Eliges
1972 5335 2170 5389 quoque
2220 5321 2406 5371 diaco-

841 5399 1041 5448 nissam
1069 5394 1271 5461 ﬁdelem
1317 5404 1363 5446 et
1405 5402 1645 5446 sanctam
1678 5397 1745 5442 ad
1780 5392 2200 5461 ministrantium
2223 5390 2408 5440 mulie-

840 5470 1004 5518 ribus.
1041 5459 1257 5516 Evenire
1305 5465 1442 5516 enim
1484 5463 1616 5515 solet
1663 5461 1950 5529 aliquando
1999 5462 2051 5512 iu
2092 5459 2406 5525 quibusdam

838 5535 1105 5592 domibus.
1142 5543 1197 5585 ut
1223 5551 1321 5584 non
1350 5534 1516 5600 possis
1539 5541 1746 5598 propter
1787 5531 2023 5596 infideles
2054 5531 2257 5600 mittere
2285 5530 2406 5580 diu-

824 5623 1024 5659 ronum
1047 5604 1114 5656 ad
1145 5598 1408 5665 mulieres,
1444 5613 1646 5654 mittere
1674 5616 1789 5652 vero
1833 5617 2000 5667 possis
2045 5598 2402 5650 diaconissam

834 5689 1043 5743 propter
1081 5676 1421 5741 cogitationes
1484 5671 1861 5743 improborum.
1927 5670 2017 5743 Ad
2042 5670 2211 5720 multa
2261 5670 2399 5721 enim

835 5740 1127 5814 indigemus
1151 5740 1472 5796 diaconissa.
1524 5745 1596 5795 At:
1627 5741 1853 5814 primum
1890 5740 2099 5814 quidem
2127 5755 2245 5790 cum
2266 5755 2401 5814 Amu-

835 5809 985 5869 lieres
1022 5814 1380 5882 baptizaretur,
1418 5823 1569 5881 unget
1601 5811 1810 5880 quidem
1851 5812 1924 5862 eis
1951 5812 2206 5882 diaconus
2252 5809 2402 5874 fran-

837 5897 936 5937 tem
960 5879 1164 5937 tantum
1199 5885 1312 5937 oleo
1347 5879 1566 5945 sancto;
1599 5879 1718 5950 post
1765 5897 1882 5934 eum
1916 5895 2036 5933 vero
2094 5879 2261 5931 illinet
2306 5895 2397 5931 eas

832 5956 1153 6010 diaconissa.
1189 5951 1309 6008 Non
1329 5954 1466 6008 enim
1492 5969 1619 6022 opus
1647 5961 1725 6006 est
1760 5960 1813 6004 ut
1839 5951 1939 6004 viri
1982 5950 2266 6018 inspiciunt
2316 5950 2394 6016 fc-

2511 5183 2706 5253 mittas,
2739 5191 2848 5253 etc.
2881 5180 3018 5236 Vide
3044 5189 3097 5237 et
3131 5182 3226 5236 lib.
3258 5197 3382 5245 vni,
3418 5197 3539 5252 cap.
3573 5183 3662 5238 28.
3708 5185 3900 5240 Exstat
3939 5186 4081 5253 apud

2509 5252 2773 5306 Joannem
2798 5252 3091 5316 Morinum,
3131 5263 3275 5322 part.
3309 5268 3372 5317 ll,
3407 5269 3529 5322 pag.
3562 5255 3653 5316 80,
3695 5255 3834 5308 ritus
3858 5252 4082 5311 Graccus

2510 5322 2802 5375 ordinandi
2839 5323 3235 5387 diaconissam,
3265 5338 3332 5376 ex
3375 5340 3479 5378 nis.
3536 5324 3883 5377 bibliotheca:
3934 5323 4081 5377 Vati-

2509 5408 2659 5445 cana:
2689 5395 3021 5461 descriptus,
3053 5395 3143 5460 qui
3169 5392 3338 5445 codex
3367 5394 3788 5461 quingentorum
3813 5410 4080 5447 annorum

2507 5472 2724 5516 aetatem
2751 5478 3013 5530 superare
3069 5463 3117 5515 ei
3158 5463 3311 5516 visus
3349 5474 3456 5517 est.
3491 5463 3630 5524 ,Tota
3667 5467 3757 5516 illa
3785 5463 4080 5532 disciplina

2510 5533 2562 5583 in
2619 5533 2980 5596 diaconissas,
3022 5541 3074 5585 et
3113 5534 3244 5600 ipsa:
3299 5533 3647 5594 diaconissas,
3684 5535 3880 5586 abhinc
3906 5551 4082 5587 annos

2503 5602 2824 5670 quingentos
2844 5602 3049 5670 etquid
3071 5603 3329 5670 amplius,
3346 5605 3558 5657 abolitae
3575 5614 3701 5658 sunt
3720 5613 3772 5657 et
3796 5605 4080 5657 exstincta’

2505 5672 2557 5724 in
2591 5680 2819 5740 utraque
2849 5672 3095 5725 Ecclesia
3127 5671 3314 5725 Graeca
3349 5684 3403 5726 et
3439 5673 3653 5726 Latina.
3698 5675 3800 5727 Sed
3837 5675 4076 5740 antiqui-

2504 5750 2592 5795 tus
2656 5745 2824 5794 multo
2881 5741 3340 5809 infrequentiores
3389 5744 3608 5797 fuerunt
3665 5746 3717 5797 in
3781 5743 4078 5797 Occidente

2501 5828 2664 5877 quam
2696 5813 2751 5864 in
2785 5811 3028 5884 Oriente.
3061 5811 3160 5864 Vix
3191 5830 3334 5866 enim
3362 5817 3572 5884 antiqui
3599 5815 3826 5867 rituales
3866 5829 3963 5866 seu
3989 5828 4077 5884 sia-

2501 5883 2861 5934 crautentaria
2905 5897 3092 5935 earum
3144 5884 3474 5937 intentionem
3502 5883 3510 5884 ί
3538 5885 3766 5939 faciunt.
3802 5885 3954 5950 lusit,
4000 5883 4077 5938 L‘e

2500 5968 2635 6004 δατ-Γ.
2663 5952 2804 6018 ord.,
2833 5960 2974 6023 part.
3008 5967 3092 6018 III,
3129 5969 3253 6024 pag.
3298 5952 3419 6008 ΜΕ).
