4460 6634
346 456 499 520 ltili~

1311 467 1635 525 HISTORIA
1671 466 2222 537 ECCLESIASTICA.
2260 506 2326 515 —-
2366 477 2493 532 LIB.
2539 478 2671 534 V'lli.

3471 484 3609 542 15ιῖ

340 581 527 649 δῆμον.
564 582 655 633 καὶ
685 580 870 635 τοῦτον
902 584 1105 637 πείθειν
1141 586 1252 655 (55)
1284 586 1816 657 ως’ἅληοἦ,).ἐγοιεν,
1836 588 1917 641 ὅτι
1950 600 2101 658 Αοθι

1844 588 1917 641 ὅτι
1950 600 2278 658 Αοοτεηιυι-
2304 635 2318 660 ,
2357 603 2618 666 tanquam
2667 597 2761 666 qui
2814 596 3210 667 professionem
3240 614 3396 671 suam
3439 600 3605 657 dede—

344 672 527 741 μηδενὶ
554 672 859 743 συνήσθιεν,
878 674 1000 727 οὔτε
1029 675 1121 728 ἐπὶ
1151 676 1393 729 ἑστίασιν
1448 677 1782 749 καλούμενος
1816 680 1922 731 ὑπ-

342 764 526 833 ήκουε.
553 766 767 817 ,Τούτου
794 766 849 819 δὲ
886 766 1153 838 πρόφασιν
1210 769 1403 840 ἑτέραν
1441 770 1619 837 λέγειν
1649 772 1748 824 οὐκ
1796 770 1923 840 ἔχω,

342 856 475 925 πλὴν
504 857 583 909 ὅτι
611 857 851 929 ἀψευδής
875 877 981 923 τις,
1010 857 1185 930 οἶμαι,
1203 861 1590 933 πυνθανομένῳ
1628 863 1756 933 περὶ
1797 862 1923 915 τού·
1952 888 1958 893 ’

338 940 588 1016 τουέφη,
613 949 687 1010 ὡς
718 950 822 1001 ὑπὸ
849 951 1135 1021 ἀσκήσεως
1162 954 1261 1023 τὴν
1295 954 1536 1025 κεφαλὴν
1575 956 1668 1007 καὶ
1715 954 1775 1006 τὸ
1806 954 1926 1007 στό-

341 1055 414 1105 μα
448 1040 543 1108 τῆς
572 1042 807 1112 γαστρὸς
839 1035 1024 1106 κακῶς
1049 1044 1316 1109 διατεθεὶς
1346 1086 1360 1108 ,
1395 1048 1691 1116 παρῃτεῖτο
1719 1046 1817 1108 τὰς
1866 1048 1924 1099 ἐν

334 1136 443 1195 τοῖς
472 1134 709 1202 ἀρίστοις
737 1137 1043 1200 συνουσίας.
1076 1139 1185 1192 Καὶ
1222 1140 1272 1192 οἱ
1322 1141 1421 1211 μὲν
1453 1138 1707 1193 ἐντεῦθεν
1758 1140 1919 1211 μάλι-

334 1239 432 1275 στα
461 1220 558 1289 τάξ
593 1228 856 1294 μεγίστας
882 1228 1099 1297 ὕφαινον
1132 1232 1251 1283 κατ’
1287 1230 1453 1283 αὐτοῦ
1479 1231 1752 1295 διαϐολάς.

2026 698 2155 738 core
2184 685 2488 751 aﬂicerent,
2524 690 2784 758 carpebat
2818 698 2983 761 atque
3008 691 3354 761 obiurgabat.
3396 692 3601 763 Hujus.

2027 776 2174 830 modi
2232 792 2295 831 ex
2348 780 2566 843 causis,
2625 780 2811 835 clerici
2866 793 2920 837 et
2978 784 3231 837 monachi
3286 785 3602 850 complures

2031 864 2233 920 Joanni
2288 866 2488 923 infensi
2547 851 2731 932 erant,
2765 880 2817 927 et
2856 889 3136 929 morosum
3157 882 3339 951 Latque
3384 876 3603 929 iracun-

2028 956 2179 1021 dum,
2238 975 2554 1030 smvumque
2600 978 2664 1016 ac
2718 965 3016 1032 superbum
3057 982 3182 1021 eum
3234 968 3603 1037 appellabant.

2031 1047 2339 1105 Tentarunt
2370 1053 2534 1106 etiam
2567 1054 2688 1123 ejus
2724 1056 2891 1110 vitam
2923 1058 3204 1112 criminari
3250 1060 3394 1129 apud
3433 1076 3607 1131 popu-

2028 1140 2137 1194 lum
2171 1161 2183 1196 :
2215 1158 2391 1213 eaque
2432 1146 2779 1214 petissimum
2821 1149 3038 1204 ratione
3069 1150 3228 1204 fidem
3278 1152 3446 1208 dictis
3492 1153 3611 1207 suis

2023 1242 2310 1301 astruere,
2347 1239 2491 1308 quod
2544 1240 2635 1295 ille
2683 1256 2807 1296 cum
2849 1242 3070 1298 nemine
3114 1243 3298 1297 cibum
3339 1252 3607 1306 sumeret,

334 1334 438 1373 nec
466 1322 531 1411 ad
563 1322 876 1375 convivium
911 1332 1138 1379 \ocatus
1178 1325 1488 1381 accederet.
1530 1324 1708 1395 llujns
1737 1333 1916 1380 autem
1957 1327 2035 1381 rei
2085 1343 2306 1385 causam
2354 1334 2560 1387 nullam
2618 1334 2779 1389 aliam
2853 1336 3047 1393 afferre
3117 1354 3365 1408 possum,
3412 1347 3609 1409 printer

334 1426 454 1465 ram
495 1430 657 1483 quam
687 1416 908 1484 quidam
942 1420 1043 1481 vir,
1087 1429 1144 1471 ut
1179 1418 1399 1487 opinor.
1434 1419 1658 1472 minime
1684 1418 1918 1473 mendax
1957 1418 2322 1492 interroganti
2366 1426 2501 1479 mihi
2533 1428 2762 1481 retulit:
2797 1442 2860 1481 eo
2883 1428 3028 1498 quod
3063 1430 3277 1485 scilicet
3337 1432 3407 1484 ob
3469 1430 3609 1486 assi-

332 1504 497 1559 duam
549 1508 603 1561 in
639 1509 862 1564 virtutis
919 1512 1103 1567 studio
1148 1513 1587 1580 contentionem,
1659 1514 1858 1581 capitis
1899 1521 1954 1564 et
1992 1516 2265 1569 stomachi
2332 1520 2661 1588 aegritudine
2692 1521 2974 1587 laborans,
3024 1522 3381 1592 prandiorum
3426 1529 3608 1575 cintus

331 1611 397 1649 ac
447 1595 815 1677 frequentiam
864 1600 1216 1658 detrectaret.
1270 1603 1337 1657 Et
1386 1605 1478 1659 isti
1522 1602 1743 1674 quidem
1791 1602 1922 1656 hinc
1960 1604 2310 1672 potissimum
2386 1610 2747 1679 gravissimas
2789 1611 3053 1667 adversus
3096 1627 3221 1667 eum
3298 1611 3607 1665 calumnias

333 1686 616 1743 texebant.

969 1786 1224 1839 ΚΕΦΑΛ.
1258 1787 1314 1839 I'.

333 1872 471 1937 Περὶ
493 1873 856 1938 Σευηριανοῦ
882 1874 983 1926 τοῦ
1010 1874 1320 1938 Γαϐάλων,
1350 1874 1449 1927 καὶ
1478 1857 1797 1941 ﬂuctuum}
1815 1873 1939 1937 τοῦ,⁴

408 1942 827 2009 Πτολεμαΐδος
847 1960 859 1973 ο
899 1944 996 1996 καὶ
1029 1942 1388 2013 ὅσαμεταξὺ
1419 1940 1793 2009 Σεραπίωνος
1823 1945 1919 1996 καὶ

408 2013 771 2079 Σευηριανοῦ
802 2013 1034 2082 γέγενε.
1066 2015 1163 2066 καὶ
1194 2015 1273 2079 ὡς
1305 2014 1401 2066 διὰ
1446 2014 1556 2081 τῆς
1580 2013 1920 2078 βασιλίδος

412 2082 483 2133 τὰ
506 2082 733 2149 μεταξὺ
763 2082 962 2137 αὐτῶν
985 2083 1375 2151 διελύθησαν.
1400 2128 1404 2134 .
1468 2106 1473 2113 ~

406 2172 727 2241 Ἐπεγένετο
754 2174 811 2226 δέ
838 2191 921 2235 τις
950 2174 1096 2244 αὐτῷ
1120 2174 1415 2251 ’πρόφασις
1442 2159 1634 2244 μίσους
1661 2175 1754 2225 καὶ
1786 2150 1924 2243 πρὸς
1986 2228 1989 2231 λ

331 2266 432 2333 τὴν
459 2263 723 2333 βασιλέως
758 2267 1025 2337 γαμετὴν,
1059 2267 1147 2319 διὰ
1191 2268 1519 2337 Σευηριανὸν
1560 2268 1624 2318 ἐκ
1666 2266 1922 2320 Γαϐἁλων

330 2360 434 2430 τῆς
466 2360 667 2430 Συρίας
694 2361 1009 2413 ἐπίσκοπον.
1044 2355 1211 2424 Οὗτός
1244 2346 1303 2413 τε
1328 2361 1435 2431 γὰρ
1468 2360 1561 2412 καὶ
1590 2360 1859 2429 ’Λντίοχος
1893 2362 1921 2411 ὁ

337 2450 696 2521 Πτολεμαΐδος
741 2452 1012 2522 (φοίνισσα
1063 2453 1118 2505 δὲ
1154 2453 1308 2515 πόλις
1338 2446 1493 2522 ἣδε),
1543 2433 1682 2505 κάτὰ
1725 2448 1920 2504 ταυτὸν

334 2546 501 2614 ἄμφω
535 2545 848 2614 ἐγενέσθην,
910 2546 1183 2617 ἐλλογίμω
1229 2564 1288 2599 τε
1338 2547 1431 2599 καὶ
1492 2548 1582 2599 ἐπὶ
1625 2547 1918 2617 ἐκκλησίας

340 2635 510 2689 ικανὼ
562 2636 881 2689 διδάσκειν·
926 2638 1041 2691 ἀλλ’
1104 2641 1132 2691 ό
1193 2640 1289 2708 μὲν
1336 2620 1573 2702 εὐκόλῴς
1621 2620 1743 2692 καὶ,
1778 2638 1921 2710 μάλα

336 2729 548 2797 εὺήχως
616 2728 818 2795 ἔλεγεν,
876 2730 951 2793 ὡς
1004 2731 1097 2782 καὶ
1140 2732 1525 2801 Χρυσόστομος
1568 2731 1704 2801 πρός
1762 2749 1921 2783 τινων

336 2817 697 2887 ὀνομάζεσθαι
730 2834 742 2848 ⁸
799 2820 827 2871 ὁ
873 2820 928 2872 δὲ
981 2821 1312 2889 Σευηριανὸς
1360 2821 1459 2890 τὴν
1492 2832 1501 2843 ’·
1520 2820 1704 2892 Σύρων
1754 2821 1921 2873 δασύ-

334 2927 473 2980 τητα
508 2911 641 2981 (36),
667 2912 870 2981 καίπερ
901 2915 1012 2975 τοῖς
1034 2914 1267 2983 νοήμασι
1292 2913 1385 2965 καὶ
1433 2915 1555 2977 ταῖς
1595 2914 1921 2984 μαρτυρίαις

334 3000 443 3051 τῶν
470 3001 703 3071 Γραφῶν
731 3002 970 3071 ἀμείνων
1013 2998 1152 3056 εἶναι
1193 3004 1385 3069 δοκῶν,
1417 3005 1508 3057 ἐπὶ
1538 3005 1635 3074 τῆς
1676 3005 1922 3074 γλώττης

334 3092 548 3163 ἔφερεν.
592 3093 794 3146 Ἐλθὼν
830 3094 885 3145 δὲ
918 3092 1177 3165 τέρότερος
1220 3091 1490 3165 Ἀντίοχος
1516 3098 1594 3159 εἰς
1626 3098 1917 3149 Κωνσταν-
1948 3130 1989 3186 C

334 3182 662 3245 τινούπολιν,
700 3185 791 3235 ἐπὶ
821 3187 932 3247 τοῖς
974 3184 1150 3250 λόγοις
1193 3184 1428 3255 ἐπηνέοη
1457 3202 1470 3215 ·
1523 3185 1616 3237 καὶ
1663 3188 1919 3255 χρήματα

336 3273 618 3344 ἀθροίσας,
655 3276 734 3336 εἰς
762 3275 859 3344 τὴν
894 3275 1056 3327 αὐτοῦ
1094 3276 1246 3328 πόλιν
1297 3275 1587 3343 ἐπανῆλθε.
1650 3277 1807 3329 Κατὰ
1833 3278 1922 3345 ζῆ·

336 3363 427 3416 λον
456 3366 512 3417 δὲ
535 3364 723 3417 τούτου
771 3367 866 3418 καὶ
918 3367 1250 3436 Σευηριανὸς
1294 3366 1520 3436 ὓστερον
1569 3368 1917 3437 ἀφικόμενος,

334 3453 490 3507 εὔνου
518 3454 695 3525 τυχὼν
737 3456 1008 3517 Ἰωάννου,
1044 3458 1303 3519 πολλάκις
1325 3458 1416 3510 ἐπὶ
1468 3459 1565 3527 τῆς
1615 3458 1916 3527 ἐκκλησίας

331 3550 509 3616 λέγων
560 3548 937 3619 ἐθαυμάζετοο
996 3551 1086 3603 καὶ
1142 3553 1198 3601 ἐν
1234 3554 1367 3620 τιμῇ
1409 3546 1496 3619 ἦν,
1529 3552 1623 3603 καὶ
1668 3551 1832 3611 πολὺς
1860 3554 1918 3604 ἐν

331 3641 561 3708 δυνάμει
594 3654 607 3667 ⁸
641 3640 735 3691 καὶ
767 3640 915 3709 αὐτῷ
953 3640 1161 3709 βασιλεῖ
1193 3644 1286 3694 καὶ
1326 3646 1392 3712 τῇ
1449 3642 1680 3710 βασιλίδι
1722 3640 1918 3711 γνώρι-

335 3748 439 3801 μος
492 3730 728 3798 ἐγένετο.
799 3731 991 3785 Ἦνίκα
1046 3732 1101 3784 δὲ
1160 3733 1408 3802 Ἰωάννης
1460 3736 1537 3794 εἰς
1593 3733 1688 3803 τὴν
1734 3734 1918 3786 Ἀσίαν

332 3823 677 3893 ἀπεδήμησε,
712 3822 806 3894 τὴν
835 3824 1161 3894 Ἐκκλησίαν
1203 3825 1351 3893 αὐτῷ
1392 3826 1661 3893 παρέθετο
1695 3843 1705 3853 ·
1755 3827 1915 3877 κολα-

332 3914 511 3976 κείαις
542 3915 649 3985 γὰρ
679 3915 842 3966 αὑτὸν
877 3917 1229 3986 περιέποντα,
1268 3917 1418 3983 φίλον
1465 3913 1602 3970 εἶναι
1636 3917 1919 3970 σπουδαῖον

332 4005 601 4075 ἐνόμισεν.
666 4006 723 4058 'U
771 4006 827 4059 δὲ
884 4006 1043 4059 πλέον
1099 4009 1413 4076 ἐπεμελεῖτο
1463 4011 1573 4071 τοῖς
1629 4010 1921 4078 ἀκροαταῖς

332 4096 692 4167 χαρίζεσθαι,
744 4098 838 4149 καὶ
883 4098 973 4151 τὸν
1023 4099 1148 4152 λαὸν
1202 4104 1312 4163 τοῖς
1360 4102 1535 4168 λόγοις
1586 4102 1734 4171 ἥδειν
1783 4101 1917 4169 (57).

347 4188 601 4258 Ἰωάννης
631 4188 684 4241 δὲ
729 4188 902 4242 ταῦτα
933 4190 1253 4261 πυθόμενος,
1289 4193 1659 4263 ἐζηλοτύπησε
1694 4193 1813 4262 μὲν,
1843 4192 1919 4257 ὣς

335 4296 500 4347 φασι,
547 4279 897 4347 Σαραπίωνος
951 4282 1113 4334 αὑτὸν
1163 4283 1255 4334 ἐπὶ
1299 4284 1508 4346 τούτοις
1557 4284 1919 4353 παρακινοῦν-

410 4412 426 4442 ¹
459 4409 639 4478 Socr.,
672 4412 766 4467 lib.
796 4429 872 4479 v1,
900 4428 1019 4484 cap.
1055 4415 1135 4473 ll.

2682 1788 2834 1843 CAP.
2878 1788 2943 1843 Χ.

2024 1873 2104 1929 De
2148 1875 2431 1931 Severiano
2481 1878 2823 1945 Gabalitano,
2868 1892 2917 1935 et
2953 1881 3208 1933 Antiocho
3253 1879 3605 1938 Ptolemaidis

2093 1948 2335 2014 episcopo
2362 1965 2380 2001 :
2412 1958 2460 2001 et
2495 1950 2558 2003 de
2592 1950 2670 2001 his
2694 1967 2810 2014 qua:
2854 1952 2994 2003 inter
3029 1950 3373 2003 Severianum
3415 1968 3476 2005 ac
3513 1951 3607 2006 Se-

2095 2018 2367 2089 rapionem
2403 2029 2551 2085 gesta
2593 2032 2756 2073 sunt:
2787 2030 2836 2073 et
2865 2019 3125 2089 quomodo
3163 2022 3479 2088 imperatrix
3516 2039 3604 2076 eos

2094 2084 2231 2138 inter
2256 2103 2310 2139 sc
2340 2084 2776 2144 reconciliaverit.

2092 2177 2343 2232 Accessit
2372 2188 2549 2233 autem
2597 2181 2673 2233 illi
2707 2182 2811 2233 alia
2844 2196 3063 2251 quoque
3104 2182 3402 2238 simultatis
3434 2199 3602 2241 causa

2022 2263 2292 2338 adversus
2323 2266 2755 2336 imperatricem,
2788 2278 3016 2323 auctore
3043 2268 3345 2328 Severiano
3366 2272 3605 2327 Gabalo-

1992 2371 2166 2433 .rum_
2200 2352 2373 2427 Syria:
2430 2352 2754 2433 episcOpO'.
2810 2359 2911 2415 llic
2972 2362 3139 2426 enim,
3189 2372 3242 2417 et
3293 2360 3627 2423 Antiochus-

2008 2432 2318 2523 .episcOpus
2362 2432 2739 2514 Ptolemaidis,
2788 2468 2909 2521 quae
2942 2454 3074 2507 urbs
3125 2461 3208 2508 est
3243 2456 3295 2509 in
3341 2454 3605 2513 Phtenice

2021 2540 2347 2621 sita,fambo
2382 2541 2610 2606 eruditi,
2640 2534 2719 2595 et'
2741 2542 2808 2596 ad
2839 2543 3100 2627 populum
3133 2544 3189 2598 in
3226 2544 3392 2616 339
3420 2550 3601 2605 eccle-

2024 2633 2106 2687 sia
2142 2616 2689 2697 docenduni.idonei,
2741 2633 2934 2689 eodem
2971 2616 3215 2706 tempore
3249 2638 3599 2694 exstiterunt.

2023 2718 2585 2780 Verum'Antiochus
2638 2720 2857 2795 quidem
2896 2728 3153 2797 expedite
3205 2731 3499 2789 admodum
3547 2740 3605 2787 et

2025 2833 2224 2874 sonora
2258 2834 2391 2873 voce
2424 2818 2751 2888 loquebatur
2784 2819 2902 2873 :‘ita
2934 2830 2991 2874 ut
3020 2835 3049 2874 a
3075 2821 3355 2878 nonnullis
3384 2824 3604 2881 dicere-

2028 2920 2118 2965 tur
2155 2911 2604 2982 Chrysostomus.
2645 2890 2979 2981 Severianus
3027 2922 3209 2968 autem
3245 2916 3600 2984 asperitatem

2026 3000 2289 3071 Syrorum
2345 3002 2398 3054 in
2446 3001 2723 3069 loquendo
2777 3002 3075 3066 retinebat,
3124 3002 3251 3077 licet
3296 3005 3501 3073 alioqui
3545 3007 3604 3060 in

2024 3096 2336 3157 sententiis,
2369 3106 2420 3148 et
2458 3094 2512 3147 in
2545 3094 2681 3147 locis
2714 3107 2887 3148 sacrae
2921 3093 3218 3163 Scriptura!
3261 3096 3603 3163 exponendis

2023 3186 2375 3256 praestantior
2423 3184 2739 3237 haberetur.
2776 3183 3047 3263 Cq’terum
3095 3180 3424 3250 Antiochus,
3474 3200 3602 3240 cum

2032 3278 2186 3347 prior
2221 3276 2461 3331 venisset
2492 3275 3055 3345 Constantinopolim,
3083 3275 3409 3345 eloquentiae
3434 3292 3602 3333 causa

2023 3384 2277 3438 magnam
2325 3367 2541 3421 laudem
2594 3368 2858 3421 retulerat
2908 3384 2921 3421 :
2967 3368 3326 3437 collectisque
3384 3368 3602 3423 abunde
3670 3372 3673 3373 ⁷

2022 3459 2293 3528 pecuniis,
2328 3458 2394 3512 ad
2421 3458 2700 3512 civitatem
2730 3472 2888 3511 suam
2929 3456 3188 3511 redierat.
3221 3458 3395 3525 Cujus
3424 3473 3601 3512 exem-

2022 3550 2169 3620 plum
2204 3558 2426 3604 secutus
2453 3547 2811 3611 Severianus,
2845 3563 2971 3602 cum
3007 3556 3131 3617 post
3158 3548 3310 3600 illum
3335 3550 3598 3614 venisset,

2024 3650 2077 3696 et
2102 3640 2367 3696 Joannem
2401 3640 2541 3695 forte
2572 3641 2895 3695 benevolum
2945 3648 3141 3693 nactus
3172 3651 3339 3705 esset,
3374 3656 3516 3709 saepe
3544 3642 3598 3694 in

2023 3733 2271 3787 Ecclesia
2313 3733 2698 3795 concinnatus,
2748 3738 2999 3801 magnam
3047 3731 3132 3784 sui
3179 3730 3598 3786 admirationem

2024 3826 2283 3880 excitavit
2316 3845 2329 3879 :
2378 3823 2723 3893 multumque
2759 3822 2985 3876 honoris
3017 3830 3070 3875 et
3101 3822 3446 3875 auctoritatis
3472 3824 3601 3878 ade-

2017 3926 2145 3987 ptus
2202 3925 2339 3971 est:
2392 3916 2609 3985 ipsique
2656 3915 2793 3968 adeo
2846 3914 3183 3983 imperatori,
3247 3926 3299 3968 et
3354 3926 3599 3984 augusta:

2016 4008 2307 4063 familiaris
2346 4008 2584 4062 exstitit.
2624 4006 2689 4059 lit
2719 4022 2841 4059 cum
2868 4004 3110 4061 Joannes
3148 4008 3201 4060 in
3246 4008 3431 4061 Asiam
3472 4024 3598 4077 pro-

2019 4100 2382 4163 ﬁcisceretur,
2406 4100 2706 4154 Ecclesiam
2737 4112 2891 4153 suam
2911 4098 2960 4151 ci
2991 4100 3413 4153 conmendavit.
3440 4100 3594 4154 Illum

2016 4196 2163 4249 enim
2221 4194 2460 4247 amicum
2504 4201 2557 4245 et
2592 4192 2897 4246 studiosum
2956 4193 3040 4247 sui
3103 4192 3471 4256 existimabat,
3531 4207 3597 4246 eo

2018 4286 2165 4358 quod
2216 4284 2685 4341 assentationibus
2730 4285 2908 4355 ipsum
2941 4284 3207 4355 palparet.
3258 4282 3459 4339 Verum
3506 4283 3596 4339 ille

1528 4567 1797 4623 VALESII
1836 4567 2388 4624 ANNOTATIONES.

335 4674 529 4712 versus
591 4656 997 4711 liomousianos
1058 4659 1291 4727 plurima
1330 4660 1589 4711 atrociter
1630 4661 1819 4727 gessit,
1855 4672 1911 4713 ut
1945 4666 1988 4720 D
2020 4661 2341 4714 monasterii
2377 4656 2826 4727 Musciasccnsis,
2870 4655 2966 4725 qui
2996 4669 3143 4707 nunc
3172 4654 3592 4727 cst_iubihlio-

335 4730 414 4781 ait
449 4728 788 4782 Sozomenus
826 4728 1060 4797 inlibro
1087 4744 1159 4791 iv,
1214 4744 1334 4797 cap.
1372 4728 1423 4781 2.
1468 4729 1523 4781 In
1587 4730 1671 4782 his
1701 4732 1912 4786 celebre

336 4799 438 4852 fuit
471 4799 862 4852 monasterium
896 4796 1244 4862 Marathonii,
1274 4796 1432 4867 cujus
1492 4802 1737 4853 meminit
1768 4801 1909 4855 idem

336 4868 677 4922 Sozomenus
736 4870 785 4921 in
848 4868 988 4921 libro
1044 4885 1091 4921 v.
1156 4870 1233 4920 Ac
1291 4868 1524 4923 fortasse
1581 4870 1763 4924 dehis
1797 4886 1913 4923 mo-

335 4940 591 4993 nastcriis
623 4938 1007 5007 intelligendus
1048 4948 1131 4994 est
1187 4940 1475 4991 Sozomcni
1530 4940 1685 4994 locus
1748 4957 1911 5008 supra

334 5010 558 5069 citatus,
596 5009 661 5060 de
684 5008 969 5061 Heraclide
996 5010 1225 5063 diacono
1252 5010 1480 5062 Joannis
1508 5011 1908 5080 Chrysostonti,

332 5096 494 5147 quem
521 5080 854 5133 Sozomenus
886 5091 1042 5131 vocat
1068 5081 1309 5132 διάκονον
1337 5082 1441 5131 τῶν
1473 5082 1562 5147 ὑφ’
1589 5083 1779 5133 ἑαυτὸν
1807 5099 1902 5149 μο-

332 5150 512 5218 ναχῶν
534 5150 639 5201 τῶν
667 5151 730 5200 ἐκ
762 5150 859 5217 τῆς
894 5150 1163 5217 Σκήτεωντ,
1198 5152 1245 5202 id
1276 5162 1378 5211 est,
1419 5153 1699 5203 diaconum
1726 5168 1911 5203 mona-

333 5221 551 5273 chorum
587 5222 674 5289 qui
710 5230 861 5291 erant
902 5220 996 5291 sub
1031 5222 1373 5287 dispositione
1418 5221 1643 5274 Joannis
1682 5221 1912 5291 Chryso-

333 5292 513 5353 stomi,
548 5308 687 5358 quos
724 5290 812 5343 illc
853 5290 1097 5361 exASeeli
1148 5293 1685 5361 (loustailtiriopoliiii
1720 5290 1913 5346 eveca-

334 5370 507 5426 verat,
534 5363 676 5416 sicut
709 5371 892 5429 postea
923 5359 1161 5482 Opilius
1198 5359 1585 5417 'l‘abennens'es
1617 5364 1912 5418 monachos

334 5433 617 5482 (Iunonum
670 5432 933 5482 traduxit.
1011 5448 1139 5482 orm
1187 5433 1581 5482 monachorum
1641 5434 1911 5482 cuiusmm

333 5433 617 5501 Campum
670 5432 933 5484 traduxit.
967 5432 1139 5485 Porro
1187 5433 1581 5487 monachorum
1641 5434 1911 5501 cujusque

333 5504 588 5556 iiimcesis
617 5517 746 5556 cura
778 5504 842 5553 ad
878 5502 1191 5571 episcopum
1247 5504 1542 5571 provinciae
1576 5506 1908 5572 pertinebat,

331 5577 424 5643 qui
446 5575 649 5626 vietum
675 5574 784 5626 illis
816 5583 975 5643 atque
1004 5589 1253 5625 annonas
1278 5582 1330 5627 et
1364 5575 1571 5641 reliqua
1598 5577 1910 5629 necessaria

331 5642 808 5697 siibininistrabat.
847 5642 1103 5696 Testatur
1143 5644 1193 5696 id
1228 5643 1512 5699 Possidius
1544 5646 1596 5697 in
1643 5644 1761 5697 Vita
1793 5645 1913 5697 bea-

334 5717 373 5767 ti
413 5715 692 5784 Augustini
733 5714 835 5769 sub
869 5717 1029 5766 linem
1066 5716 1138 5766 ita
1167 5716 1414 5769 scribens
1450 5734 1462 5769 :
1493 5714 1705 5769 Clerum
1770 5716 1913 5783 sulﬁ-

332 5785 711 5839 cimitiasimum
748 5797 795 5840 ct
833 5786 1157 5855 monasteria
1197 5789 1427 5839 virorum
1476 5802 1537 5838 ac
1588 5787 1911 5855 feminarum

332 5855 573 5926 diligenti
616 5872 743 5907 cura
797 5854 1169 5926 constabilita,
1221 5858 1396 5909 omnia
1451 5854 1911 5925 quw'rwressaria

333 5924 485 5981 erant
520 5929 726 5996 provisa
748 5926 970 5981 dimisit.
1000 5924 1090 5981 Sic
1125 5929 1321 5996 legitur
1374 5928 1425 5981 in
1464 5924 1683 5997 optimo
1721 5928 1910 5984 codice

2017 4732 2171 4784 theca
2205 4730 2309 4783 viri
2350 4731 2431 4785 Cl.
2473 4728 2684 4783 Claudii
2734 4726 2899 4797 Jolly,
2951 4726 3204 4779 canonici
3264 4725 3591 4781 Parisiensis

2015 4800 2292 4856 Ecclesiae.

2085 4873 2198 4940 ('55)
2228 4869 2335 4923 Καὶ
2388 4868 2605 4921 τοῦτον
2662 4867 2908 4940 πείθειν.
2973 4864 3156 4940 Malim
3206 4865 3589 4940 scriberem}.

2014 4937 2187 5012 τούτῳ
2220 4940 2449 5000 πείθειν,
2507 4949 2640 5003 etc.,
2683 4953 2849 5008 quam
2897 4937 3186 4991 lectionem
3226 4937 3279 4989 in
3338 4937 3591 4991 versione

2015 5029 2131 5066 mea
2164 5022 2389 5065 secutus
2417 5026 2559 5064 sum.

2088 5084 2196 5150 (56)
2246 5082 2365 5149 Τὴν
2416 5082 2619 5150 Σύρων
2670 5078 3001 5145 δασύτητα.
3064 5075 3339 5129 Suffridus
3391 5073 3590 5150 Petrus

2016 5148 2187 5206 vertit
2202 5152 2536 5221 asperitatem
2570 5149 2881 5221 δεμ-ονιιηι.υ
2903 5150 3181 5221 Musculus
3240 5161 3367 5221 vero
3391 5148 3589 5221 Crassi-

2017 5225 2159 5285 tiem,
2184 5216 2332 5293 quod
2378 5223 2557 5275 minus
2592 5216 2780 5289 probo.
2839 5218 3025 5288 Neque
3063 5218 3209 5293 enim
3249 5217 3299 5293 id
3334 5216 3590 5269 convenit

2018 5287 2321 5364 Syrisfqui
2368 5287 2663 5345 tinnulaet
2713 5300 2872 5364 acuta
2916 5287 3048 5364 voce
3094 5287 3480 5364 loquebantur,
3532 5298 3588 5339 Ill.

2016 5358 2217 5418 alicubi
2250 5358 2488 5419 iestatur
2521 5363 2821 5430 imperator
2842 5358 3114 5413 Julianus.
3142 5358 3381 5430 Joannes
3404 5369 3586 5410 autem

2014 5436 2236 5505 Langus
2268 5436 2434 5488 vertit
2472 5427 2806 5506 densitatem.
2848 5430 3059 5506 idcirco
3096 5437 3289 5506 _autem
3326 5427 3587 5506 Sozome:

2016 5496 2500 5575 nusvasperitatem
2533 5520 2627 5558 seu
2654 5503 2984 5575 densitatem
3010 5501 3060 5552 in
3096 5500 3369 5567 loquendo
3400 5496 3591 5551 tribuit

2016 5576 2191 5647 Syris,
2216 5570 2373 5644 quod
2400 5575 2613 5647 crebris
2644 5570 3408 5647 aspir-ationihus_uterentur.

2085 5638 2198 5712 (ὅτι
2228 5638 2334 5701 Καὶ
2371 5647 2478 5699 τὸν
2510 5646 2662 5700 λαὸν
2685 5638 2810 5708 τόῖς
2835 5643 3037 5709 λόγοις
3069 5641 3261 5709 ἢδειν.
3293 5638 3590 5712 Proverbo

2013 5718 2162 5789 ᾔδειν
2194 5716 2538 5786 Nicephorius
2572 5715 3055 5789 triaqposuit_hoc_
3075 5712 3240 5789 modo
3280 5729 3291 5762 :
3331 5711 3423 5763 καὶ
3475 5712 3587 5789 τοῖς

2013 5779 2189 5855 λόγοις
2218 5779 2461 5855 ἐπάγειν,
2490 5790 2583 5839 καὶ
2605 5779 2741 5858 πρὸξ
2766 5784 2952 5839 ἑαυτὸν
2981 5784 3114 5835 πᾶσι
3147 5782 3366 5852 τρόποις
3400 5779 3587 5846 μεθέλ-

2015 5876 2131 5912 κειν
2157 5861 2249 5912 καὶ
2283 5860 2565 5913 ίόιοῦσυαι.
