4460 6634
373 424 518 481 ιβιδ
1307 416 1633 473 IIISTOIIIA
1673 411 2225 471 ECCLESIASTICA.
2264 445 2333 454 —
2389 414 2518 469 LIB.
2552 412 2681 471 VIII.
3505 417 3642 476 ιδισ

369 542 614 597 latium.
654 538 716 594 '0
743 537 802 591 δὲ
836 536 967 607 παρ’
995 534 1192 588 αὐτίκα
1221 533 1406 603 φανεὶς
1448 532 1528 586 ἐτι
1556 532 1958 595 στασιάζουσιν,
1991 536 2034 591 Α
2064 544 2125 600 gr

1882 548 1958 593 ἰν,
1991 536 2034 591 Α
2064 530 2275 600 gregali
2307 530 2630 585 tumultuari
2664 540 2974 600 cmperunt.
3007 547 3069 587 ac
3102 532 3466 604 Theophilum
3492 538 3643 589 velut

371 611 567 695 Οὖτῖἑ
592 632 758 701 ὑμᾶς,
797 628 925 697 εφη,
954 622 1092 680 είδον
1132 628 1209 691 ὡς
1239 624 1374 680 Θεοῦ
1421 624 1733 696 πρόσωπον.
1768 624 1843 677 To
1898 622 1957 676 δὲ
2066 620 2132 700 im

1898 622 1957 676 δὲ
2066 620 2291 700 impium
2328 634 2361 674 e
2406 619 2587 674 medio
2632 619 2826 675 tollere
2858 622 3134 678 volebant.
3184 622 3388 679 Verum
3438 625 3530 679 ille
3573 626 3643 679 ad

374 722 542 793 ῥηθὲν
594 718 792 781 ίκανῶς
835 716 1067 787 ἐφύλαξε
1110 720 1236 781 τοὺς
1286 718 1483 788 ἄνδρας
1522 718 1654 787 (42).
1706 716 1818 768 Καὶ
1859 717 1958 786 τῆς
1986 714 2001 727 ’
2065 726 2131 766 eo

1879 714 2001 786 τῆς¹
2065 726 2161 766 eos
2222 710 2403 765 adhuc
2470 711 2876 767 tumultuantes
2936 716 3310 785 progressus‘,
3371 714 3640 782 Perinde,

369 816 546 885 ὀργῆς
593 810 945 879 καθυφέντες,
985 809 1216 873 Οὐκοῦν,
1253 812 1437 879 φασὶν,
1486 811 1533 863 εί
1579 809 1703 863 τάδε
1740 809 1956 880 ἀληθῶς
2064 804 2130 857 int

1880 809 1956 873 ῶς
2064 804 2266 873 inquit,
2318 817 2418 857 vos
2465 805 2651 873 aspexi
2701 817 2766 857 ac
2820 805 3028 859 vultum
3094 805 3212 862 Dei.
3262 805 3377 863 Hoc
3425 809 3641 863 dictum

372 904 642 969 δοξάζεις,
668 902 764 955 καὶ
789 901 887 965 τάς
924 900 1232 972 Ὠριγένους
1251 901 1594 971 ἀττοκήρυξον
1624 899 1859 970 βίϐλους,
1879 900 1955 965 ὡς
2064 896 2133 949 Ito

1881 900 1955 965 ὡς
2064 896 2317 950 homines
2376 895 2645 965 tantisper
2678 896 2949 951 cohibuit.
3004 896 3245 955 Proinde
3297 900 3398 965 illi,
3451 901 3642 956 sedato

372 994 488 1047 τῶν
508 993 864 1063 ἀσκουμένων
888 991 1090 1053 ταύτας
1114 989 1258 1043 οὕτω
1286 994 1501 1062 φρονεῖν
1533 990 1957 1061 εἰσηγουμένων.

386 1084 531 1137 Ἀλλ’
583 1086 728 1155 ἐμοὶ,
774 1084 903 1154 ἔφη,
951 1082 1108 1136 τοῦτο
1148 1084 1315 1138 πάλαι
1365 1084 1686 1155 δεδογμένον
1729 1079 1818 1154 ἦν,
1866 1083 1961 1136 καὶΙ

374 1178 595 1247 ποιήσω
637 1178 712 1241 ὡς
760 1179 890 1247 ὑμῖν
939 1175 1126 1230 δοκεῖ·
1180 1177 1465 1247 μέμφομαι
1510 1177 1618 1248 γὰρ
1661 1177 1760 1246 οὐχ
1799 1173 1959 1248 ἦττον

372 1274 535 1341 κάγὼ
585 1277 698 1337 τοῖς
748 1274 819 1325 τὰ
867 1272 1177 1343 Ὠριγένους
1223 1272 1528 1338 δοξάζουσι.
1598 1274 1707 1326 Καὶ
1755 1275 1785 1326 ὁ
1836 1273 1957 1343 μὲν,

369 1364 520 1417 οὕτω
593 1365 925 1435 βουκολήσας
995 1364 1121 1429 τοὺς
1201 1366 1468 1436 μοναχοὺς
1492 1404 1507 1429 ,
1582 1364 1793 1419 διέλυσε
1855 1365 1955 1435 τὴν

372 1472 587 1509 στασιν.

968 1732 1217 1785 ΚΕΦΑΔ.
1253 1732 1351 1787 IB'.

369 1825 513 1892 Περὶ
547 1825 663 1880 τῶν
694 1823 1006 1892 τεσσάρων
1048 1823 1326 1892 ᾆδε-,ιερῶν
1357 1820 1657 1889 ἀσκητῶν,
1690 1824 1810 1877 τῶν
1839 1826 1962 1878 Μα-

443 1889 601 2019 ap?
624 1889 983 1963 λεγομένων,
1016 1889 1105 1958 οἷς
1136 1889 1209 1945 διἱ
1238 1894 1461 1963 ἔχθραν
1490 1895 1727 1962 ἐγένετο
1761 1898 1794 1949 ὁ
1822 1898 1958 1950 Θεό-

442 1984 507 2033 φι
555 1982 639 2029 ος.

449 2058 609 2118 Ἴσως
645 2054 689 2108 δ’
722 2054 789 2109 ἂν
822 2055 918 2107 καὶ
942 2054 1037 2124 ἥδε
1080 2054 1113 2124 ἡ
1144 2051 1371 2123 ζήτησις
1400 2054 1681 2117 παντελῶς
1725 2055 1845 2107 τότε
1870 2055 1955 2108 δι-

366 2146 563 2217 ελύθη,
589 2148 637 2199 εί
660 2146 734 2217 μὴ
751 2138 1108 2216 πεπαυμένην
1130 2146 1229 2218 ἥδη
1254 2149 1324 2199 δι’
1356 2146 1554 2217 ἔχθραν
1578 2148 1710 2200 ἰδίαν
1741 2149 1959 2218 ἐκίνησε

365 2238 652 2307 Θεόφιλος,
673 2238 1043 2291 ὶπιδουλεύων
1066 2239 1363 2309 ’Δμμωνίῳ
1402 2240 1496 2291 καὶ
1528 2240 1823 2309 Διοσκόρω,
1856 2241 1960 2292 Εὐ-

368 2328 539 2397 σεὸίῳ
578 2346 637 2381 τε
682 2329 776 2382 καὶ
816 2328 1092 2399 Εὐθυμίῳ,
1131 2332 1243 2391 τοῖς
1277 2328 1508 2400 ιπίκλην
1546 2332 1811 2400 Μακροῖς.
1854 2330 1959 2393 Οὓς

366 2419 633 2488 ἀδελφοὺς
650 2421 829 2483 ὄντας,
849 2422 1163 2490 εὐδοκίμους
1185 2420 1437 2489 γενέσθαι
1462 2420 1613 2492 παρά
1627 2425 1735 2485 τοῖς
1752 2424 1808 2474 ὲν
1829 2423 1963 2491 Σκή-

366 2532 455 2568 τει
476 2514 858 2583 φιλοσοφοῦσιν
881 2515 945 2566 ἐκ
970 2514 1078 2566 τῶν
1100 2513 1335 2583 πρόσθεν
1362 2513 1627 2583 ἔγνωμεν.
1657 2510 1817 2567 Οὗτοι
1852 2514 1960 2584 γάρ

368 2602 409 2676 ἦ
418 2623 517 2658 σαν
541 2606 689 2675 αὑτῷ
708 2606 777 2657 τὰ
801 2607 1035 2673 μάλιστα
1065 2606 1176 2657 τῶν
1206 2607 1264 2657 ὲν
1297 2606 1559 2674 Αἰγύπτῳ
1592 2607 1840 2675 μοναχῶν
1869 2623 1962 2659 κε-

369 2698 717 2770 χαρισμένοι,
756 2698 851 2749 καὶ
886 2696 951 2749 τὰ
987 2696 1151 2749 πολλά
1189 2698 1509 2767 συνομίλους
1543 2698 1637 2751 κα)⁵
1684 2698 1961 2762 συνοίκους

370 2793 571 2854 αὐτοὺς
606 2792 860 2843 ἐποιεῖτο.
899 2788 1002 2842 Τὸν
1029 2790 1085 2841 δὲ
1121 2790 1412 2861 Διόσκορον
1456 2791 1551 2843 καὶ
1588 2791 1686 2859 τῆς
1728 2792 1958 2861 Ἐρμουο

372 2884 587 2945 πόλεως
618 2884 916 2935 ἐπίσκοπον
958 2884 1312 2951 κατέστησεν.
1355 2881 1451 2945 Εἰς
1489 2885 1643 2952 μῖσος
1680 2882 1736 2935 δὲ
1778 2884 1960 2948 αὐτοῖς

369 2977 611 3045 κατέστη
632 2978 694 3027 ἐκ
710 2975 807 3044 τῆς
830 2974 962 3043 πρὸς
978 2975 1248 3044 Ἰσίδωρον
1267 2974 1485 3045 ἔχθρας,
1503 2975 1561 3026 ὃν
1593 2975 1729 3045 μετά
1756 2975 1962 3028 Νεκτά-

376 3086 495 3141 ριον
542 3070 599 3119 ὲν
650 3067 1212 3120 Κωνσταντινουπόλει
1250 3070 1574 3136 χειροτονεῖν
1606 3067 1957 3131 ἐσπούδαζεν.

372 3162 441 3213 ΟΞ
482 3160 578 3230 μὲν
607 3159 713 3228 γάρ
748 3176 909 3227 φασιν
955 3158 1087 3227 (45),
1132 3158 1205 3221 ὡς
1241 3161 1373 3226 γυνὴ
1416 3176 1496 3221 τις
1542 3160 1605 3211 ἐκ
1641 3162 1739 3229 τῆς
1787 3160 1959 3211 Μανι-

370 3253 546 3323 χαίων
568 3252 834 3322 αἱρέσεως
874 3250 1129 3320 μετέθετο
1160 3250 1293 3321 πρὸς
1336 3250 1431 3321 τὴν
1464 3251 1690 3303 καθόλου
1736 3251 1961 3323 Ἐκκλη-

374 3346 516 3399 σίαν.
557 3345 644 3407 Ὠς
670 3344 1086 3413 ἀπερισκέπτως
1108 3344 1163 3395 δὲ
1188 3342 1389 3413 ταύτης
1412 3345 1819 3414 κοινωνησάσης
1856 3363 1959 3413 μυ-

374 3435 615 3507 στηρίων
662 3437 791 3504 πρὶν
844 3435 1217 3505 ἀπαγορεῦσαι
1269 3434 1366 3504 τὴν
1414 3435 1684 3506 προτέραν
1728 3435 1960 3505 αἵρεσιν,

371 3530 636 3600 ὲπῃτιᾶτο
688 3528 943 3597 Θεόφιλος
993 3529 1084 3581 τὸν
1132 3528 1251 3580 τότε
1282 3528 1813 3599 ἁρχιπρεσὸύτερον’
1859 3529 1963 3580 ἀπ-

370 3621 640 3689 ηχθάνετο
670 3620 779 3691 γὰρ
810 3620 959 3690 αὑτῷ
992 3622 1084 3673 καὶ
1117 3620 1311 3683 ἄλλως.
1358 3622 1415 3673 Ὀ
1444 3620 1500 3672 δὲ
1552 3620 1753 3691 Πέτρος
1786 3618 1965 3689 (τοῦτο

374 3714 485 3783 γὰρ
510 3709 578 3783 ἦν
610 3712 777 3783 ὄνομα
797 3712 989 3782 αύτῷ),
1015 3714 1107 3765 καὶ
1140 3713 1279 3765 κατά
1300 3713 1391 3764 τὸν
1417 3713 1579 3782 νόμον
1611 3714 1711 3781 τῆς
1737 3711 1965 3781 Ἐκκλη-

378 3806 521 3870 σίας,
553 3807 647 3859 καὶ
678 3807 872 3878 γνώμῃ
894 3807 1149 3875 Θεοφίλου
1177 3805 1631 3875 κεκοινωνηκέναι
1660 3805 1719 3857 τὸ
1744 3804 1963 3873 γύναιον

378 3898 701 3967 ίσχυρίζετο.
764 3898 872 3948 Καὶ
941 3898 1190 3967 μάρτυρα
1239 3896 1441 3948 τούτων
1474 3936 1487 3955 ,
1533 3895 1796 3964 Ἰσίδωρον
1850 3894 1964 3947 ἔλεσ

375 4005 491 4055 γεν.
542 3986 599 4037 ὐ
631 3986 687 4037 δὲ
736 3986 890 4055 ἔτυχε
947 3989 1043 4056 μὲν
1076 3988 1195 4039 τότε
1231 3986 1305 4047 ὡς
1338 3986 1555 4055 Ῥώμην
1606 3985 1959 4047 ἀποσταλείς·

376 4077 686 4132 ἐπανελθὼν
742 4079 840 4142 δὲ,
902 4078 1077 4149 ἀληθῆ
1136 4078 1312 4147 λέγειν
1370 4079 1461 4129 τὸν
1522 4076 1727 4147 Πέτρον
1788 4078 1962 4147 ὲμαρο

375 4170 630 4242 τύρησεν.
696 4171 780 4233 Ὠς
843 4170 1264 4239 συκοφαντηθείς
1322 4170 1379 4222 δὲ
1438 4168 1692 4237 Θεόφιλος
1724 4208 1739 4232 ,
1794 4168 1965 4237 χαλε-

377 4262 576 4330 πήνας,
626 4262 790 4330 ἄμφω
831 4263 928 4329 τῆς
967 4260 1289 4329 Ἐκκλησίας
1332 4258 1579 4330 ἐξήλασε.
1625 4260 1734 4311 Καὶ
1771 4261 1820 4311 οί
1866 4260 1964 4328 μὲν

372 4353 503 4405 τάδε
542 4352 775 4419 λέγουσι.
834 4352 954 4403 Τῶν
1007 4370 1071 4420 γε
1136 4352 1239 4423 μὴν
1299 4352 1706 4421 συγγενομένων
1758 4350 1964 4415 τούτοις

373 4444 496 4496 τότε
546 4448 657 4505 τοῖς
707 4447 955 4513 μοναχοίς
1002 4445 1191 4516 ἀνδρὸς
1231 4446 1340 4497 οἴου
1376 4444 1720 4498 πιστεύεσθαι
1771 4443 1964 4496 ἐπυθόο

2059 986 2269 1053 furore,
2322 984 2402 1051 Si,
2445 987 2724 1058 inquiunt,
2759 1003 2831 1043 ex
2871 989 3057 1044 animo
3087 991 3162 1045 ita
3200 993 3405 1057 credis,
3447 992 3643 1063 Orige-

2058 1081 2146 1134 nis
2190 1080 2363 1135 libros
2416 1080 2766 1148 condemno,
2818 1097 2944 1137 cum
2991 1083 3073 1137 illi
3121 1084 3361 1141 lectores
3392 1100 3527 1141 suos
3585 1084 3640 1138 in

2054 1188 2177 1227 eam
2212 1173 2537 1229 sententiam
2568 1172 2856 1229 inducant.
2884 1172 3023 1229 Tum
3053 1173 3420 1254 Theophilus,
3463 1176 3641 1239 Istud,

2057 1265 2257 1335 inquit,
2288 1265 2619 1337 jampridem
2658 1268 3082 1332 constitueram,
3133 1267 3449 1340 faciamque
3492 1271 3642 1325 sicut

2056 1359 2215 1414 vobis
2252 1356 2489 1413 videtur.
2521 1358 2656 1413 Nam
2686 1370 2742 1415 et
2770 1360 2914 1431 ipse,
2948 1376 3105 1433 teque
3134 1376 3200 1416 ac
3236 1376 3358 1425 vos,
3407 1362 3477 1418 iis
3509 1377 3638 1416 suc-

2054 1451 2255 1506 censeo
2312 1450 2406 1519 qui
2459 1449 2715 1522 Origeuis
2776 1452 3068 1522 opiniones
3128 1465 3463 1525 sequuntur.
3529 1453 3643 1509 llac

2058 1543 2271 1597 ratione
2309 1541 2670 1613 Theophilus.
2721 1541 2933 1600 delusis
2963 1546 3274 1610 monachis.
3310 1545 3641 1602 seditionem

2054 1636 2328 1691 dissolvit.

2684 1728 2838 1784 CAP.
2893 1728 3008 1784 XII.

1994 1840 2035 1894 Β
2069 1818 2143 1873 De
2177 1829 2407 1889 quatuor
2440 1819 2697 1894 fratribus
2737 1822 3030 1894 monachis,
3067 1823 3161 1894 qui
3185 1821 3358 1894 Longi
3386 1821 3639 1878 diceban-

2296 1902 2403 1955 tur,
2439 1890 2626 1960 quibus
2667 1892 2901 1961 infensus
2928 1892 3031 1962 fuit
3063 1890 3399 1961 Theophilus.

2127 2053 2206 2103 Ac
2244 2050 2503 2105 fortassis
2536 2051 2758 2119 penitus
2784 2053 3059 2107 exstincta
3104 2052 3304 2109 fuisset
3336 2052 3453 2109 haec
3486 2070 3641 2126 quae-

2058 2142 2187 2206 stio,
2228 2142 2335 2196 nisi
2372 2142 2519 2195 illam
2545 2141 2658 2211 jam
2695 2142 2933 2213 sopitam
2970 2142 3313 2216 Theophilus
3345 2146 3417 2201 ob
3462 2147 3643 2218 priva-

2060 2241 2145 2287 tas
2202 2232 2520 2287 inimicitias
2570 2232 2755 2289 denuo
2809 2234 3142 2303 excitasset,
3210 2238 3342 2292 dum
3404 2239 3640 2295 insidias

2058 2324 2223 2378 struit
2253 2324 2565 2388 Ammonio,
2611 2323 2897 2390 Dioscoro,
2945 2324 3183 2381 Eusebio
3230 2335 3396 2398 atque
3428 2327 3640 2401 Euthy-

2060 2415 2192 2479 mio,
2233 2415 2327 2484 qui
2372 2414 2547 2485 Longi
2598 2416 2761 2485 vulgo
2809 2417 3159 2472 dicebantur.
3207 2417 3360 2483 Quos
3388 2420 3639 2491 quidem,

2059 2522 2183 2561 cum
2211 2506 2411 2562 fratres
2437 2517 2645 2574 esseut,
2671 2510 2917 2564 celebres
2937 2510 3221 2565 exstitisse
3250 2512 3395 2567 inter
3419 2527 3518 2568 eos
3542 2513 3638 2584 qui

2060 2600 2205 2671 apud
2286 2600 2490 2656 Seetim
2559 2604 3053 2673 philosophantur,
3124 2621 3192 2659 ex
3257 2608 3640 2677 superioribus

2058 2695 2421 2762 cognovimus
2447 2696 2485 2747 ί.
2529 2693 2593 2750 lli
2634 2698 2803 2761 enim,
2842 2713 2955 2764 prte
3004 2698 3223 2755 caeteris
3256 2697 3479 2771 Egypti
3524 2717 3642 2756 mo-

2062 2786 2277 2848 nachis,
2312 2786 2619 2858 Theophilo
2656 2789 2809 2843 chari
2846 2798 3045 2844 erant:
3084 2806 3295 2862 eosque
3344 2792 3398 2846 in
3439 2803 3639 2849 contu-

2059 2876 2259 2931 bernio
2303 2888 2357 2932 et
2392 2879 2654 2933 familiari
2704 2896 3004 2950 congressu
3042 2892 3102 2937 ut
3136 2885 3435 2954 plurimutn
3471 2886 3643 2943 liabe-

2062 2969 2180 3025 bat.
2234 2970 2478 3043 Denique
2534 2973 2862 3028 Dioscorum
2914 2975 3081 3029 etiam
3137 2975 3485 3048 Hermupolis
3530 2981 3642 3050 epi-

2062 3080 2289 3133 scopum
2367 3067 2683 3123 constituit.
2750 3068 2949 3121 Odium
3013 3084 3147 3123 vero
3212 3070 3481 3127 adversus
3541 3089 3641 3129 eos

1987 3191 2030 3249 Ο
2064 3158 2336 3227 concepit,
2399 3175 2464 3211 cx
2524 3160 2828 3215 inimicitiis
2889 3161 2958 3215 ab
3008 3161 3130 3231 ipso
3180 3164 3459 3234 susceptis
3512 3180 3641 3220 cum

2064 3246 2296 3313 Isidoro,
2328 3265 2513 3320 quem,
2548 3258 2766 3305 mortuo
2809 3250 3090 3319 Nectario,
3141 3254 3209 3309 ad
3258 3255 3641 3327 episcopatum

2065 3339 2219 3393 urbis
2269 3339 2898 3411 Constantinopolitanae
2950 3358 3274 3412 promovere
3330 3344 3640 3402 studuerat.

2063 3428 2222 3501 341
2261 3428 2401 3483 Sunt
2447 3432 2592 3485 enim
2644 3432 2736 3501 qui
2782 3432 2970 3488 dicant
3013 3435 3297 3491 mulierem
3345 3438 3643 3507 quamdam

2063 3537 2129 3574 ex
2171 3520 2596 3576 Manichaeorum
2640 3533 2787 3578 secta
2839 3524 2907 3580 ad
2952 3524 3258 3583 Ecclesiam
3304 3528 3641 3585 catholicam

2064 3612 2373 3669 transiisse.
2437 3612 2777 3684 Theophilus
2844 3632 3013 3683 vero,
3071 3619 3298 3688 perinde
3363 3622 3520 3692 quasi
3578 3638 3644 3676 ea

2065 3706 2263 3760 mulier
2283 3716 2486 3761 temere
2514 3718 2677 3777 alque
2708 3709 3022 3765 inconsulte
3050 3726 3207 3767 sacra
3240 3713 3503 3784 mysteria
3523 3729 3645 3787 par-

2066 3799 2372 3868 ticipasset,
2408 3807 2703 3869 antequam
2748 3800 2915 3869 priori
2949 3801 3147 3858 haeresi
3184 3806 3642 3872 renuntiavisset,

2065 3905 2189 3942 eum
2221 3890 2312 3959 qui
2346 3898 2478 3943 tunc
2498 3902 2615 3943 erat
2646 3890 3097 3963 archipresbyter
3148 3894 3481 3965 objurgavit.
3505 3894 3643 3950 Nam

2066 3991 2120 4037 et
2156 3983 2205 4037 ei
2245 3984 2496 4037 infensus
2534 3991 2652 4037 erat
2692 3984 2937 4038 aliunde.
2991 3985 3061 4039 At
3114 3983 3345 4053 Petrus,
3393 3986 3448 4041 id
3494 3988 3642 4044 enim

2067 4093 2263 4132 nomen
2317 4087 2438 4132 erat
2494 4077 3009 4148 arcliipresbytero,
3060 4078 3341 4134 mulierem
3386 4095 3453 4134 ex
3503 4096 3645 4150 praa~

2067 4170 2274 4238 scripto
2348 4170 2525 4240 legum
2582 4167 2840 4224 Ecclesiae
2899 4177 2954 4224 et
3010 4184 3075 4224 ex
3136 4186 3412 4227 consensu
3465 4172 3642 4241 ipsius

2068 4260 2352 4331 TheOphili
2400 4261 2845 4316 communicasse
2895 4260 3250 4317 aﬂirmabat:
3298 4263 3529 4334 ejusque
3562 4266 3643 4320 rei

2067 4353 2337 4409 Isidorum
2364 4360 2556 4407 testem
2576 4368 2701 4408 esse
2728 4353 2967 4407 dicebat.
3001 4352 3101 4407 Hic
3126 4369 3256 4409 vero
3283 4363 3397 4408 tum
3422 4356 3643 4426 quidem

2067 4446 2293 4506 aberat,
2329 4444 2557 4497 Romam
2609 4443 2812 4499 missus
2852 4458 2883 4496 a
2927 4440 3253 4513 Theophilo.
3302 4443 3408 4499 Sed
3450 4452 3644 4515 postea

378 4548 507 4604 μην,
544 4534 727 4605 διττὴν
758 4536 934 4586 αἰτίαν
978 4534 1220 4605 Θεοφίλῳ
1251 4535 1500 4603 γενέσθαι
1539 4535 1635 4606 τῆς
1663 4534 1799 4605 πρὸς
1839 4534 1960 4587 Ἰσί-
1993 4532 2035 4585 D
2070 4554 2139 4591 ret

1881 4534 1960 4586 σί-
1993 4532 2035 4585 D
2070 4552 2342 4600 reversus,
2391 4534 2610 4589 Petrum
2665 4550 2794 4588 vera
2825 4534 3038 4590 dixisse
3072 4544 3309 4591 testatus
3348 4543 3452 4592 est.
3499 4534 3639 4589 Tmu

373 4626 546 4696 δωρον
604 4627 962 4698 δυσμενείας·
1020 4630 1201 4700 κοινὴν
1262 4630 1359 4700 μὲν
1404 4627 1553 4697 αὐτῷ
1595 4644 1655 4679 τε
1698 4626 1793 4679 καὶ
1853 4625 1959 4678 Πέ-

373 4726 491 4789 τρῳ
539 4718 615 4788 τῷ
659 4721 1036 4792 πρεσϐυτέρῳ,
1090 4722 1277 4775 καθότι
1331 4721 1673 4793 μαρτυρῆσαι
1717 4721 1957 4792 παρῃτή-

379 4829 560 4876 σαντο,
597 4813 670 4876 ὼς
712 4817 812 4883 τῆς
848 4814 1107 4882 Θεοφίλου
1143 4813 1372 4882 ἀδελφῆς
1407 4812 1543 4883 πρὸς
1574 4812 1668 4864 τοῦ
1696 4810 1958 4882 κληρονό-

381 4920 482 4973 μου
515 4904 625 4971 (Mi
658 4904 989 4975 γραφείσης·
1030 4905 1164 4960 ίδίαν
1200 4905 1277 4970 δὲ,
1315 4904 1447 4958 καθὸ
1480 4904 1774 4976 χρημάτων
1810 4902 1957 4973 αὐτῷ

457 5041 472 5072 ³
500 5039 653 5095 Socr.
686 5042 781 5096 lib.
817 5058 890 5106 vt,
926 5057 974 5096 c.
1004 5044 1056 5106 7,
1080 5044 1133 5096 9.

2068 4642 2200 4680 vero
2258 4626 2575 4693 indignatus
2636 4624 3011 4694 Theophilus,
3077 4626 3237 4696 quasi
3303 4625 3640 4681 calumniam

2066 4732 2264 4788 passus
2294 4726 2464 4779 esset,
2486 4723 2784 4785 utrumque
2821 4713 3067 4771 Ecclesia
3092 4717 3275 4786 ejecit.
3322 4718 3500 4789 Atque
3525 4718 3643 4770 lucc

2064 4808 2285 4877 quidem
2319 4805 2583 4859 dicuntur
2621 4819 2651 4857 a
2679 4803 3029 4873 quibusdam.
3069 4804 3182 4877 Ego
3211 4822 3341 4863 vero
3389 4823 3457 4861 ex
3505 4822 3643 4877 quo-

2064 4902 2190 4956 dam
2220 4901 2338 4955 viro
2362 4899 2469 4953 [ide
2493 4898 2683 4969 digno,
2718 4897 2812 4967 qui
2840 4912 2964 4952 cum
2990 4901 3325 4971 supradictis
3354 4902 3643 4958 monachis

1591 5196 1864 5253 VALESII
1904 5197 2461 5254 ANNOTATIONES.

451 5292 561 5362 (42)
579 5294 811 5362 Ἰκανῶς
828 5297 1093 5366 ἐφύλαξε
1110 5295 1251 5363 τοὺς
1266 5296 1510 5363 ἄνδρας,
1536 5296 1697 5349 Forte
1715 5296 1959 5350 scriben-

380 5363 507 5437 dum
522 5372 598 5437 est
623 5363 879 5436 ὲμάλαξεζ
905 5368 1039 5421 Nam
1060 5370 1277 5437 vulgata
1298 5368 1572 5437 scriptura
1592 5381 1714 5419 meo
1734 5366 1953 5437 quidem

382 5433 588 5501 judicio
612 5433 832 5490 tolerari
855 5454 962 5491 non
990 5433 1183 5506 potest:
1205 5437 1339 5503 Quis
1354 5433 1499 5491 enim
1518 5433 1957 5504 verbum'cpuldtt-

381 5520 494 5556 τειν
518 5520 583 5556 eo
616 5522 778 5560 sensu
815 5518 1137 5578 usurpatum
1199 5522 1439 5576 unquam
1471 5507 1621 5577 legit,
1674 5522 1772 5576 pro
1804 5522 1955 5561 com-

382 5590 604 5642 pescere
640 5593 733 5631 seu
769 5580 1024 5632 cohibere
1058 5579 1081 5631 ?

455 5645 565 5715 (45)
612 5650 672 5699 Οἱ
699 5648 817 5716 μὲν
840 5650 949 5718 γάρ
984 5664 1153 5718 φασι.
1181 5648 1485 5716 Intelligere
1513 5648 1727 5718 videtur
1756 5646 1955 5701 Socra-

385 5719 515 5787 tem,
550 5718 633 5771 vel
670 5734 766 5772 eos
808 5734 837 5771 a
884 5717 1087 5787 quibus
1121 5719 1169 5771 id
1220 5728 1501 5771 mutuatus
1544 5726 1629 5772 est
1678 5717 1953 5772 Socrates.

384 5784 549 5840 Certe
596 5788 855 5843 Socrates
904 5784 955 5842 in
1007 5792 1142 5842 libro
1176 5806 1223 5841 ν]
1249 5827 1264 5848 .
1307 5805 1427 5851 cap.
1470 5789 1517 5851 7,
1555 5789 1697 5841 hanc
1730 5804 1955 5841 causam

387 5852 551 5913 fuisse
611 5860 743 5913 dicit
797 5860 907 5913 odii
960 5858 1248 5928 Theophili
1323 5852 1587 5915 adversus
1656 5859 1951 5914 Isidorunt.

663 5952 936 6013 PATROL.
991 5950 1108 6010 Gs.
1161 5950 1411 6011 LXVII.

2064 5298 2240 5349 Aliam
2268 5304 2450 5349 tamen
2487 5295 2607 5364 ejus
2652 5296 2731 5351 rei
2761 5310 2988 5351 causam
3046 5294 3218 5351 refert
3257 5293 3536 5352 Palladius
3583 5298 3638 5353 in

2064 5366 2184 5420 Vita
2219 5365 2626 5437 Chrysostomi.

2134 5437 2247 5505 (44)
2288 5434 2444 5503 Πρὸς
2481 5436 2589 5490 τοῦ
2619 5438 3021 5507 κληρονόμου.
3076 5434 3237 5491 Ηιιηο
3287 5436 3464 5492 locum
3526 5452 3639 5493 non

2068 5507 2452 5560 intellexerunt.
2496 5509 2847 5577 interpretes.
2885 5505 3039 5561 Nam
3088 5507 3373 5562 Musculus
3415 5507 3635 5577 quidem

2066 5578 2136 5629 ita
2180 5578 2341 5631 vertit
2377 5594 2391 5629 :
2425 5578 2578 5643 Quod
2606 5576 2759 5631 ambo
2796 5576 2859 5629 de
2889 5594 3068 5631 sorore
3111 5578 3411 5646 Theophili,
3434 5576 3511 5629 fab
3540 5579 3639 5630 iliis

2065 5664 2120 5699 se
2145 5646 2594 5713 Itmredemfuisse
2617 5649 2905 5715 ascriptum
2931 5649 3207 5715 testiﬁcari
3234 5650 3632 5701 detrectassent.

2067 5717 2343 5772 Suﬂ‘ridus
2372 5726 2551 5772 autem
2586 5718 2781 5773 Petrus
2823 5720 2901 5773 sic
2949 5722 3111 5772 vertit
3145 5737 3158 5773 :
3196 5718 3350 5785 Quod
3384 5718 3437 5769 Iti
3465 5720 3636 5784 ipsum

2065 5806 2097 5839 α
2122 5804 2299 5842 sorore
2337 5805 2434 5842 sua
2463 5790 2717 5844 ltwredem
2750 5788 2914 5856 fuisse
2941 5791 3197 5858 scriptum
3244 5789 3425 5843 testari
3461 5789 3634 5841 detre—

2064 5869 2311 5913 ctassent.
2364 5859 2468 5918 Sed
2508 5861 2671 5916 verba
2704 5858 2891 5915 Greca
2940 5876 3045 5914 non
3078 5862 3226 5915 hunc
3272 5876 3493 5916 sensum
3539 5862 3632 5913 ha-

3089 5949 3162 6009 49
