4460 6634
374 421 517 479 1545
1305 412 1631 470 HISTORIA
1672 408 2223 467 ECCLESIASTICA.
2262 442 2330 451 —
2387 410 2516 465 LIB.
2550 409 2680 468 VIII.
3503 414 3640 473 ιδιε

371 539 613 595 λεύοντο.
652 535 715 591 '0
742 534 801 588 δὲ
835 533 965 604 παρ’
994 531 1191 585 αὐτίκα
1219 530 1404 600 φανεὶς
1447 529 1526 583 ἔτι
1554 528 1956 591 στασιάζουσιν,
1988 532 2032 587 Α
2063 541 2132 597 gn

1880 545 1956 589 ἰν,
1988 532 2032 587 Α
2063 527 2273 597 gregali
2305 527 2629 582 tumultuari
2663 537 2973 597 rmperunt.
3006 545 3068 584 ac
3100 529 3464 602 Theophilum
3490 536 3641 586 velut

372 608 565 692 οετῦξ
590 630 757 697 ὑμᾶς.
796 625 923 695 ἔφη,
952 619 1090 677 εἶδον
1130 624 1207 687 ὡς
1237 621 1373 677 Θεοῦ
1419 621 1731 693 πρόσωπον.
1766 620 1840 674 Τὸ
1897 619 1955 673 δὲ
2064 617 2133 697 IIII

1897 619 1955 673 δὲ
2064 617 2289 697 impium
2327 631 2359 671 e
2404 616 2585 671 medio
2631 616 2825 672 tollere
2857 620 3133 675 volebant.
3184 619 3386 677 Verum
3437 622 3529 677 ille
3571 623 3641 677 ad

376 719 540 790 ῥηθὲν
592 715 791 777 ἱκανῶς
834 713 1065 784 ἐφύλαξε
1108 716 1235 777 τοὺς
1284 714 1482 785 ἄνδρας
1520 715 1652 783 (Β).
1704 713 1816 765 Καὶ
1857 714 1955 783 τῆς
1984 711 1997 724 ’
2062 723 2137 762 co:

1878 711 1997 783 γῆς’
2062 723 2158 762 cos
2220 708 2402 761 adhuc
2468 708 2875 764 tumultuantes
2935 713 3308 782 progressus‘,
3369 712 3639 779 Perinde,

371 812 544 883 ὀργῆς
591 806 943 875 καθυφέντες,
984 805 1214 871 Οὐκοῦν,
1252 808 1435 875 φασὶν,
1483 808 1531 860 εί
1577 806 1701 859 τάδε
1738 806 1953 876 ἀληθῶς
2061 801 2132 853 im

1879 806 1953 870 ὥς
2061 800 2264 869 inquit,
2316 814 2417 854 vos
2464 802 2649 870 aspexi
2700 815 2765 854 ac
2819 802 3027 856 vultum
3092 802 3211 859 Dei.
3260 802 3374 859 Hoc
3430 806 3640 860 dictum

373 901 640 967 δοξάζεις,
667 899 762 952 καὶ
788 898 885 961 τὰς
923 897 1230 969 Ὠριγένους
1250 898 1592 968 ἀποκήρυξον
1622 896 1857 966 βίϐλους.
1877 898 1952 962 ὡς
2062 892 2133 946 Ito

1879 898 1952 962 ὡς
2062 892 2315 947 homines
2374 892 2645 963 tantisper
2678 892 2948 949 cohibuit.
3004 894 3243 952 Proinde
3295 898 3397 963 illi,
3450 898 3640 953 sedato

373 990 486 1044 τῶν
506 990 862 1060 ἀσκουμένων
887 988 1088 1051 ταύτας
1112 986 1256 1040 οὕτω
1284 991 1499 1059 φρονεῖν
1531 987 1955 1057 εἰσηγουμένων.

2056 983 2267 1051 furore,
2320 981 2400 1048 Si,
2444 984 2723 1055 inquiunt,
2758 1000 2829 1040 ex
2870 986 3056 1041 animo
3085 988 3160 1042 ita
3199 990 3404 1055 credis,
3446 990 3641 1060 Orige-

387 1082 530 1134 Ἀλλ’
581 1082 726 1152 ἐμοὶ,
773 1081 901 1151 ἔφη,
949 1079 1106 1133 τοῦτο
1146 1080 1313 1135 πάλαι
1363 1081 1685 1151 δεδογμένον
1727 1076 1815 1151 ἦν,
1864 1080 1959 1133 καὶ
2056 1078 2143 1131 nis

1877 1080 1959 1133 ιιαὶ
2056 1078 2143 1131 nis
2188 1078 2361 1133 libros
2414 1078 2765 1145 condemna,
2818 1094 2944 1134 cum
2990 1080 3072 1134 illi
3120 1082 3358 1138 lectores
3390 1098 3525 1138 suos
3584 1082 3638 1136 in

375 1175 593 1245 ποιήσω
636 1175 710 1237 ὡς
758 1176 888 1243 ὑμῖν
938 1172 1125 1226 δοκεῖ·
1178 1174 1463 1245 μέμφομαι
1509 1174 1616 1245 γάρ
1659 1174 1758 1243 οὐχ
1797 1171 1957 1245 ἦττον

372 1270 533 1338 κάγὼ
583 1274 695 1334 τοῖς
746 1271 817 1322 τὰ
865 1268 1175 1339 Ὠριγένους
1221 1268 1526 1335 δοξάζουσι.
1596 1270 1705 1323 Καὶ
1753 1272 1782 1323 ό
1834 1269 1955 1339 μὲν,

370 1360 518 1414 οὕτω
590 1362 923 1433 βουκολήσας
994 1361 1119 1425 τοὺς
1199 1363 1505 1433 μοναχοὺς,
1580 1360 1791 1415 διέλυσε
1853 1362 1953 1433 τὴν

373 1469 585 1506 στασιν.

967 1729 1215 1782 ΚΕΦΔΛ.
1252 1729 1349 1783 IB'.

2053 1185 2175 1224 eam
2209 1170 2536 1226 sententiam
2566 1170 2855 1226 inducant.
2882 1169 3022 1226 Tum
3053 1170 3418 1251 Theophilus,
3462 1174 3639 1237 Istud,

2054 1262 2254 1332 inquit,
2286 1262 2617 1334 jampridem
2657 1265 3081 1329 constitueram,
3132 1265 3447 1337 faciamque
3491 1268 3641 1322 sicut

2054 1356 2213 1411 vobis
2250 1354 2487 1410 videtur.
2519 1355 2655 1410 Nam
2685 1368 2741 1413 et
2769 1357 2913 1428 ipse,
2946 1373 3104 1430 atque
3133 1373 3199 1413 ac
3235 1374 3356 1423 vos,
3406 1360 3475 1415 iis
3508 1375 3636 1413 suc-

2052 1448 2253 1503 censeo
2310 1448 2404 1516 qui
2457 1446 2714 1519 Origeuis
2774 1449 3067 1520 opiniones
3127 1462 3460 1523 sequuntur.
3528 1451 3641 1506 lIac

2056 1541 2269 1594 ratione
2307 1539 2669 1611 Theophilus,
2720 1538 2933 1597 delusis
2962 1544 3273 1607 monachis,
3309 1542 3639 1600 seditionem

2052 1634 2326 1689 dissolvit.

2684 1725 2837 1781 CAP.
2892 1726 3007 1782 XII.

369 1823 511 1889 Περὶ
545 1822 661 1877 τῶν
693 1820 1005 1889 τεσσάρων
1046 1820 1324 1891 ἀδελφῶν
1355 1817 1655 1886 ἀσκητῶν,
1688 1821 1808 1873 τῶν
1837 1823 1960 1875 Ma-
1993 1836 2033 1891 Β
2067 1816 2130 1871 οι

1876 1824 1960 1875 fa-
1993 1836 2033 1891 Β
2067 1816 2141 1871 De
2175 1826 2406 1886 quatuor
2439 1817 2696 1891 fratribus
2736 1820 3029 1891 monachis,
3068 1821 3159 1891 qui
3183 1820 3357 1891 Louqi
3384 1819 3637 1876 diceban-

442 1886 599 2017 Scpjir
622 1886 981 1961 λεγομένων,
1014 1886 1103 1955 οἷς
1135 1886 1207 1942 διὅ
1236 1892 1459 1960 ἔχθραν
1488 1892 1725 1959 ἐγένετο
1759 1895 1792 1946 ό
1819 1894 1956 1947 Θεόο

443 1981 505 2017 cr:
553 1980 637 2017 oc.

440 1980 637 2031 φίλος.

447 2055 608 2115 ἰσως
643 2052 687 2106 δ’
721 2051 787 2106 ἂν
820 2052 915 2104 καὶ
940 2051 1035 2121 ἥδε
1078 2052 1112 2121 ἡ
1143 2048 1368 2120 ζήτησις
1398 2051 1678 2113 παντελῶς
1723 2052 1843 2104 τότε
1868 2052 1953 2105 δι-

366 2144 561 2215 ελύθη,
587 2145 635 2197 εἰ
658 2143 732 2214 μὴ
749 2136 1107 2213 πεπαυμένην
1129 2143 1227 2214 ἤδη
1252 2146 1322 2197 δι’
1353 2143 1552 2214 ἔχθραν
1575 2145 1708 2197 ἰδίαν
1738 2146 1958 2215 ἐκίνησε

364 2236 650 2305 Θεόφιλος,
671 2235 1041 2289 επιϐουλεύων
1065 2236 1361 2306 ’Δμμωνίῳ
1400 2237 1494 2289 καὶ
1526 2237 1821 2306 Διοσκόρω,
1855 2238 1959 2290 Εὐ-

367 2326 537 2395 σεδίῳ
576 2344 635 2379 τε
680 2327 774 2379 καὶ
813 2325 1090 2397 Εὐθυμίῳ,
1130 2329 1242 2388 τοίς
1275 2326 1505 2397 ἐπίκλην
1544 2329 1809 2397 Μακροῖς.
1852 2328 1958 2391 Οὓς

365 2416 631 2485 ἀδελφοὺς
648 2419 827 2481 ὄντας,
846 2419 1162 2488 εὐδοκίμους
1183 2417 1435 2486 γενέσθαι
1459 2418 1611 2489 παρὰ
1625 2422 1733 2482 τοῖς
1750 2422 1807 2471 ὲν
1828 2420 1961 2489 Σκή-

365 2530 453 2565 τει
474 2512 855 2580 φιλοσοφοῦσιν
878 2513 942 2564 ὲκ
968 2511 1076 2563 τῶν
1098 2511 1333 2581 πρόσθεν
1360 2511 1625 2580 ἔγνωμεν.
1656 2507 1815 2565 Οὗτοι
1850 2512 1959 2582 γὰρ

367 2600 515 2673 ἦσαν
539 2604 687 2673 αὐτῷ
706 2603 775 2655 τὰ
798 2604 1033 2671 μάλιστα
1063 2603 1173 2654 τῶν
1204 2604 1261 2655 ὲν
1295 2603 1557 2672 Αἰγύπτῳ
1590 2604 1837 2672 μοναχῶν
1867 2621 1960 2656 κε-

368 2695 714 2768 χαρισμένοι,
754 2695 848 2747 καὶ
883 2694 949 2747 τὰ
985 2694 1150 2747 πολλά
1186 2695 1507 2765 συνομίλους
1542 2695 1635 2748 κα)⁸
1682 2696 1961 2759 συνοίκους

368 2790 569 2851 αὐτοὺς
604 2790 858 2840 ἐποιεῖτο.
896 2786 999 2839 Τὸν
1027 2788 1083 2839 δὲ
1119 2788 1410 2858 Διόσκορον
1454 2788 1549 2841 καὶ
1586 2788 1684 2857 τῆς
1726 2790 1957 2860 Ἑρμουι

371 2881 584 2943 πόλεως
615 2881 913 2933 ἐπίσκοπον
955 2881 1310 2948 κατέστησεν.
1353 2878 1448 2943 Εἰς
1487 2883 1641 2950 μῖσος
1678 2880 1735 2933 δὲ
1777 2882 1959 2946 αὐτοῖς

368 2974 609 3043 κατέστη
630 2976 691 3025 ἐκ
707 2972 805 3042 τῆς
827 2972 960 3041 πρὸς
977 2972 1246 3041 Ἰσίδωρον
1265 2972 1483 3041 ἔχθρας,
1501 2972 1559 3023 δν
1592 2972 1727 3042 μετά
1755 2973 1961 3026 Νεκτά-

374 3084 493 3138 ριον
540 3068 596 3117 ὲν
647 3064 1210 3117 Κωνσταντινουπόλει
1247 3068 1572 3134 χειροτονεῖν
1605 3066 1955 3129 ἐσπούδαζεν.

370 3160 438 3211 Οί
480 3158 575 3227 μὲν
603 3157 710 3225 γάρ
746 3173 907 3225 φασιν
952 3156 1085 3224 (45),
1129 3155 1203 3218 ὡς
1238 3158 1371 3224 γυνή
1414 3174 1494 3218 τις
1540 3158 1603 3209 ὲκ
1639 3159 1737 3227 τῆς
1785 3158 1958 3210 Μανι-

368 3250 543 3321 χαίων
566 3249 831 3320 αἱρέσεως
871 3247 1127 3317 μετέθετο
1158 3248 1291 3319 πρὸς
1334 3248 1429 3318 τὴν
1462 3249 1688 3301 καθόλου
1734 3248 1959 3321 Ἐκκλη-

372 3344 514 3396 σίαν.
555 3342 641 3404 Ὠς
667 3341 1083 3410 ἀπερισκέπτως
1106 3341 1162 3393 δὲ
1185 3340 1387 3411 ταύτης
1410 3342 1818 3411 κοινωνησάσης
1854 3360 1957 3411 μυ-

372 3433 611 3505 στηρίων
658 3434 789 3501 πρὶν
841 3432 1214 3503 ἀπαγορεῦσαι
1266 3432 1365 3502 τὴν
1412 3432 1682 3504 προτέραν
1727 3433 1958 3503 αἵρεσιν,

369 3528 632 3598 ὲπῃτιᾶτο
685 3526 941 3594 Θεόφιλος
990 3526 1082 3579 τὸν
1130 3526 1249 3578 τότε
1280 3525 1811 3596 ἁρχιπρεσδύτερονο
1856 3526 1961 3577 ἀπ-

368 3618 637 3687 ηχθάνετο
667 3618 776 3689 γὰρ
807 3618 956 3688 αύτῷ
989 3619 1081 3671 καὶ
1114 3618 1309 3682 ἄλλως.
1356 3619 1413 3671 Ὀ
1441 3618 1498 3670 δὲ
1548 3618 1752 3689 Πέτρος
1784 3616 1963 3686 (τοῦτο

370 3712 483 3781 γὰρ
508 3706 575 3781 ἦν
606 3710 774 3781 ὄνομα
794 3710 987 3780 αὐτῷ),
1012 3712 1105 3763 καὶ
1138 3712 1278 3763 κατά
1298 3711 1389 3762 τὸν
1414 3710 1577 3779 νόμον
1608 3711 1708 3778 τῆς
1735 3708 1963 3778 Ἐκκλη-

375 3804 517 3867 σίας,
550 3805 643 3856 καὶ
676 3804 869 3875 γνώμῃ
891 3804 1147 3872 Θεοφίλου
1175 3802 1629 3873 κεκοινωνηκέναι
1658 3802 1717 3855 τὸ
1742 3802 1961 3870 γύναιον

376 3896 698 3964 ἰσχυρίζετο.
761 3896 869 3945 Καὶ
938 3896 1188 3966 μάρτυρα
1237 3894 1439 3946 τούτων
1472 3933 1485 3951 .
1530 3892 1794 3961 Ἰσίδωρον
1848 3891 1962 3944 ἔλε-

372 4002 489 4052 γεν.
539 3984 596 4035 ὐ
628 3983 684 4035 δὲ
734 3984 888 4053 ἔτυχε
944 3986 1041 4054 μὲν
1074 3985 1193 4037 τότε
1228 3984 1303 4046 ὡς
1336 3983 1553 4053 Ῥώμην
1604 3982 1957 4045 ἀποσταλείς·

374 4074 683 4129 ἐπανελθὼν
740 4076 837 4139 δὲ,
900 4076 1075 4146 ἁληθῆ
1134 4076 1310 4144 λέγειν
1368 4078 1459 4127 τον
1520 4074 1725 4145 Πέτρον
1786 4076 1961 4145 ὲμαρ⁶

373 4167 627 4239 τύρησεν.
692 4168 778 4231 Ὠς
840 4168 1262 4236 συκοφαντηθείς
1320 4168 1377 4221 δὲ
1436 4167 1690 4235 Θεόφιλος
1722 4206 1738 4231 ,
1792 4166 1962 4235 χαλε-

374 4258 573 4326 πήνας,
623 4259 787 4328 ἄμφω
828 4261 925 4327 τῆς
964 4257 1287 4327 Ἐκκλησίας
1331 4256 1577 4329 ἐξήλασε.
1624 4258 1732 4310 Καὶ
1769 4259 1819 4309 oi
1864 4258 1963 4327 μὲν

370 4350 500 4403 τάδε
538 4349 773 4417 λέγουσι.
832 4349 951 4401 Τῶν
1005 4366 1068 4417 γε
1134 4350 1236 4419 μὴν
1296 4350 1704 4419 συγγενομένων
1756 4348 1962 4413 τούτοις

370 4442 493 4494 τότε
543 4445 654 4502 τοῖς
704 4444 953 4510 μοναχοῖς
999 4442 1187 4513 ἀνδρὸς
1228 4442 1338 4495 οἴου
1374 4442 1719 4495 πιστεύεσθαι
1770 4441 1962 4494 ἐπυθό-

2295 1898 2402 1952 tur,
2438 1888 2625 1958 quibus
2667 1890 2901 1959 infensus
2928 1890 3030 1960 fuit
3062 1888 3397 1959 Theophilus.

2126 2051 2204 2101 Ac
2243 2048 2502 2102 fortassis
2535 2049 2758 2117 penitus
2783 2050 3058 2105 exstincta
3103 2050 3302 2106 fuisset
3334 2050 3451 2107 haec
3484 2068 3639 2123 qua:-

2056 2139 2185 2204 stio,
2227 2140 2334 2194 nisi
2372 2139 2519 2193 illam
2545 2138 2657 2209 jam
2695 2141 2932 2211 sopitam
2969 2140 3311 2213 Theophilus
3344 2144 3415 2199 ob
3460 2146 3642 2215 priva-

2058 2238 2144 2285 tas
2200 2230 2520 2285 inimicitias
2570 2231 2754 2287 denuo
2808 2232 3141 2300 excitasset,
3209 2236 3341 2290 dum
3402 2237 3638 2293 insidias

2056 2322 2221 2376 struit
2252 2322 2564 2386 Ammonio,
2610 2321 2897 2387 Dioscoro,
2944 2322 3181 2379 Eusebio
3229 2333 3395 2396 atque
3428 2325 3638 2399 Euthy-

2058 2413 2191 2476 mio,
2232 2414 2326 2482 qui
2372 2412 2547 2483 Longi
2597 2414 2760 2483 vulgo
2808 2414 3158 2470 dicebantur.
3206 2416 3359 2481 Quos
3387 2418 3637 2489 quidem,

2057 2520 2182 2559 cum
2210 2504 2410 2560 fratres
2436 2515 2645 2572 essent,
2670 2508 2917 2562 celebres
2936 2508 3219 2564 exstitisse
3249 2509 3394 2565 inter
3418 2525 3516 2566 eos
3541 2511 3637 2582 qui

2058 2598 2204 2668 apud
2286 2598 2489 2654 Scetim
2558 2602 3051 2671 philosophantur,
3123 2619 3191 2657 ex
3255 2606 3638 2676 superioribus

2057 2694 2419 2760 cognovimus
2446 2695 2485 2746 ί.
2528 2691 2591 2748 lli
2633 2696 2803 2760 enim,
2842 2711 2954 2762 przn
3004 2697 3221 2753 ceteris
3255 2696 3477 2770 Egypti
3522 2715 3640 2754 mo-

2060 2784 2276 2846 nachis,
2310 2784 2617 2856 Theophilo
2655 2787 2808 2841 chari
2845 2796 3045 2842 erant:
3083 2804 3295 2860 eosque
3343 2790 3397 2845 in
3437 2801 3637 2847 contu-

2058 2874 2257 2929 bernio
2302 2885 2356 2929 et
2391 2876 2653 2931 familiari
2703 2894 3003 2949 congressu
3041 2890 3101 2935 ut
3135 2883 3434 2952 plurimutn
3470 2883 3641 2941 habe-

2060 2967 2179 3023 hat.
2233 2968 2477 3040 Denique
2533 2971 2862 3026 Dioscorum
2913 2973 3080 3027 etiam
3136 2973 3484 3046 Hermupolis
3530 2978 3641 3048 epi-

2061 3078 2288 3131 scopum
2366 3064 2681 3121 constituit.
2750 3067 2948 3120 Odium
3012 3082 3147 3122 vero
3210 3069 3480 3125 adversus
3540 3087 3639 3127 cos

1986 3189 2028 3246 ε
2062 3156 2334 3225 concepit,
2398 3173 2462 3209 ex
2523 3158 2827 3213 inimicitiis
2889 3159 2957 3212 ab
3007 3159 3129 3230 ipso
3178 3162 3457 3231 susceptis
3511 3178 3639 3218 cum

2063 3244 2295 3311 Isidoro,
2327 3263 2512 3318 quem,
2548 3257 2765 3304 mortuo
2808 3248 3089 3317 Nectario,
3140 3252 3208 3307 ad
3257 3253 3639 3325 episcopatum

2063 3337 2218 3390 urbis
2268 3336 2897 3408 Constantinopolitana:
2949 3356 3273 3410 promovere
3329 3342 3638 3399 studuerat.

2061 3426 2220 3498 341
2259 3426 2399 3481 Sunt
2446 3430 2591 3483 enim
2642 3430 2735 3499 qui
2781 3430 2969 3485 dicant
3012 3432 3295 3489 mulierem
3344 3435 3641 3505 quamdam

2062 3534 2127 3571 ex
2169 3517 2595 3574 Manichaeorum
2639 3531 2786 3576 secta
2838 3522 2907 3577 ad
2952 3522 3257 3580 Ecclesiam
3303 3527 3640 3583 catholicam

2063 3610 2371 3667 transiisse.
2435 3610 2776 3682 Theophilus
2843 3630 3013 3681 vero,
3070 3617 3297 3686 perinde
3361 3620 3519 3689 quasi
3577 3636 3642 3674 ea

2064 3704 2262 3759 mulier
2281 3713 2485 3759 temere
2513 3716 2676 3775 atque
2706 3707 3021 3763 inconsulte
3049 3724 3207 3764 sacra
3239 3711 3501 3782 mysteria
3522 3727 3643 3784 par-

2064 3797 2371 3865 ticipasset,
2408 3805 2702 3867 antequam
2747 3798 2914 3867 priori
2948 3799 3145 3855 hasresi
3182 3803 3641 3870 renuntiavisset,

2063 3903 2188 3939 eum
2219 3888 2311 3957 qui
2344 3896 2476 3941 tunc
2496 3900 2614 3941 erat
2644 3888 3096 3961 archipresbyter
3146 3891 3479 3963 objurgavit.
3504 3892 3641 3948 Nam

2064 3989 2118 4034 et
2154 3981 2204 4034 ei
2244 3982 2494 4035 infensus
2533 3989 2650 4035 erat
2691 3981 2936 4035 aliunde.
2990 3983 3060 4036 At
3113 3980 3344 4050 Petrus,
3392 3984 3447 4038 id
3492 3986 3640 4042 enim

2065 4091 2262 4130 nomen
2316 4085 2436 4129 erat
2492 4074 3008 4146 archipresbytero,
3058 4076 3340 4132 mulierem
3385 4092 3452 4132 ex
3502 4093 3642 4147 prae-

2065 4168 2273 4236 scripto
2346 4168 2524 4238 legum
2581 4164 2839 4222 Ecclesia:
2897 4175 2953 4222 et
3008 4182 3075 4222 ex
3136 4183 3411 4225 consensu
3464 4169 3641 4239 ipsius

2066 4258 2351 4329 TheOphili
2398 4258 2844 4314 communicasse
2893 4258 3197 4315 affirmabat
3236 4279 3249 4315 :
3296 4260 3527 4331 ejusque
3560 4264 3641 4317 rei

2066 4351 2336 4406 Isidorum
2362 4358 2554 4405 testem
2575 4365 2700 4406 esse
2727 4351 2965 4405 dicebat.
2999 4349 3100 4405 Hic
3124 4367 3254 4407 vero
3281 4360 3395 4406 tum
3420 4354 3641 4423 quidem

2066 4445 2291 4505 aberat,
2328 4442 2555 4495 Romam
2607 4441 2810 4496 missus
2851 4456 2881 4494 a
2926 4439 3252 4511 Theophila.
3300 4440 3407 4496 Sed
3448 4449 3642 4511 postea

375 4546 504 4601 μην,
541 4531 725 4602 διττὴν
754 4532 931 4583 αίτίαν
975 4531 1217 4602 Θεοφίλῳ
1248 4532 1498 4601 γενέσθαι
1537 4534 1633 4604 τῆς
1662 4533 1797 4603 πρὸς
1838 4532 1957 4585 ’Ῑσίο
1992 4530 2034 4583 D
2068 4552 2136 4589 rei

1880 4532 1957 4584 σί-
1992 4530 2034 4583 D
2068 4551 2341 4599 reversus,
2390 4533 2608 4589 Petrum
2664 4547 2793 4586 vera
2824 4532 3037 4588 dixisse
3070 4541 3307 4589 testatus
3346 4541 3451 4590 est.
3497 4532 3637 4587 Tutu

370 4623 543 4693 δωρον
600 4624 959 4694 δυσμενείας·
1016 4627 1198 4696 κοινὴν
1260 4627 1357 4696 μὲν
1402 4625 1550 4694 αύτῷ
1594 4642 1653 4676 τε
1697 4624 1791 4677 καὶ
1851 4624 1957 4676 Πέ-

370 4723 487 4785 τρῳ
536 4716 611 4785 τῷ
656 4718 1033 4787 πρεσὸυτέρῳ,
1087 4719 1274 4771 καθότι
1328 4718 1671 4790 μαρτυρῆσαι
1714 4718 1955 4789 παρῃτήο

376 4826 556 4872 σαντο,
593 4810 667 4873 ὡς
709 4814 808 4879 τῆς
845 4811 1104 4879 Θεοφίλου
1140 4810 1369 4879 ἀδελφῆς
1404 4810 1540 4880 πρὸς
1572 4810 1665 4861 τοῦ
1694 4808 1956 4880 κληρονό-

378 4916 479 4969 μου
511 4901 622 4967 (Mi
654 4902 987 4971 γραφείσης·
1027 4902 1161 4957 ίδίαν
1197 4902 1274 4968 δὲ,
1312 4902 1445 4955 καθὸ
1477 4902 1771 4974 χρημάτων
1808 4900 1955 4971 αὐτῷ

453 5038 468 5068 ³
496 5036 650 5092 Socr.
684 5039 779 5093 lib.
814 5055 887 5104 vt,
923 5054 971 5093 c.
1001 5041 1054 5104 7,
1078 5041 1130 5094 9.

2066 4641 2198 4679 vero
2256 4624 2573 4691 indignatus
2634 4622 3009 4692 Theophilus,
3075 4624 3235 4694 quasi
3301 4622 3639 4679 calumniam

2065 4731 2263 4786 passus
2292 4724 2462 4777 esset,
2484 4721 2782 4783 utrumque
2820 4710 3065 4768 Ecclesia
3090 4714 3273 4784 ejecit.
3320 4716 3498 4787 Atque
3524 4716 3641 4768 [nec

2062 4806 2283 4875 quidem
2317 4804 2581 4857 dicuntur
2619 4817 2649 4855 a
2677 4801 3027 4871 quibusdam.
3067 4802 3180 4875 Ego
3209 4820 3340 4861 vero
3388 4821 3455 4860 ex
3504 4820 3641 4875 quo-

2063 4900 2189 4954 dam
2218 4900 2336 4953 viro
2360 4897 2467 4952 fide
2491 4896 2682 4967 digno,
2716 4896 2810 4966 qui
2838 4910 2962 4951 cum
2989 4900 3324 4969 supradictis
3352 4900 3641 4956 monachis

1589 5194 1861 5250 VALESII
1902 5194 2459 5252 ANNOTATIONES.

448 5288 558 5359 (ιῖ)
576 5292 808 5359 Ἰκανῶς
825 5294 1090 5363 ἐφύλαξε
1108 5293 1248 5361 τοὺς
1263 5294 1507 5361 ἄνδρας.
1534 5293 1695 5347 Forte
1713 5293 1957 5348 scriben-

378 5360 504 5436 dum
519 5370 596 5436 est
620 5360 875 5434 ἐμάλαξεζ
902 5365 1036 5418 Nam
1058 5367 1274 5436 vulgata
1293 5360 1569 5436 scriptura
1589 5380 1712 5418 meo
1732 5364 1951 5436 quidem

379 5430 584 5499 judicio
609 5430 828 5487 tolerari
852 5451 959 5489 non
986 5430 1180 5503 potest:
1202 5434 1336 5501 Quis
1350 5430 1497 5489 en‘im
1515 5430 1954 5502 νει-ὺιιιηφυλὰτ-

379 5518 490 5553 τειν
515 5518 579 5553 eo
612 5520 775 5557 sensu
812 5514 1134 5575 usurpatum
1196 5520 1438 5574 unquam
1469 5506 1619 5575 legit,
1672 5520 1770 5575 pro
1802 5520 1952 5559 com-

380 5587 601 5639 pescere
637 5591 729 5628 seu
765 5578 1021 5629 cohibere
1055 5576 1078 5628 ’ί

452 5643 561 5712 (65)
610 5648 669 5697 Ol
695 5646 813 5713 μὲν
836 5647 947 5715 γάρ
981 5660 1149 5715 φησι.
1178 5646 1483 5715 Intelligere
1511 5646 1725 5700 videtur
1754 5644 1953 5699 Socra-

382 5716 512 5785 tem,
547 5716 630 5768 vel
667 5731 763 5769 eos
805 5732 833 5768 a
882 5720 1083 5785 quibus
1118 5717 1166 5768 id
1217 5727 1500 5769 mutuatus
1542 5725 1627 5770 est
1676 5716 1950 5770 Socrates.

381 5781 545 5857 Certe
595 5786 852 5841 Socrates
900 5781 1139 5857 in_lihro
1173 5804 1221 5840 V1
1247 5825 1261 5847 ,
1305 5804 1425 5857 cap.
1468 5788 1515 5850 7,
1553 5788 1695 5839 hanc
1727 5802 1952 5841 causam

384 5849 549 5910 fuisse
608 5857 740 5909 dicit
794 5858 904 5911 odii
958 5855 1246 5926 Theophili
1321 5849 1585 5913 πάγει-ειη
1654 5857 1949 5912 Isidorum.

660 5949 933 6011 PATROL.
988 5948 1105 6008 Gn.
1158 5947 1409 6009 LXVII.

2062 5295 2238 5347 Aliam
2267 5302 2449 5348 tamen
2486 5293 2605 5363 ejus
2650 5294 2729 5349 rei
2760 5308 2987 5349 causam
3045 5291 3216 5349 refert
3255 5291 3535 5349 Palladius
3582 5296 3637 5351 in

2062 5364 2182 5417 Vita
2218 5363 2624 5435 Chrysostomi.

2132 5435 2246 5503 (Μ)
2286 5432 2442 5501 Πρὸς
2479 5434 2587 5488 τοῦ
2617 5436 3019 5505 κληρονόμου.
3076 5432 3235 5505 Hunc
3285 5434 3463 5490 locum
3525 5450 3637 5505 non

2065 5504 2450 5558 intellexerunt
2495 5507 2845 5575 interpretes.
2882 5503 3037 5559 ‘Nam
3086 5504 3371 5560 Musculus
3414 5504 3633 5575 quidem

2064 5575 2134 5626 ita
2178 5576 2340 5629 vertit
2375 5593 2389 5627 :
2423 5576 2576 5641 Quod
2604 5574 2757 5629 ambo
2794 5574 2857 5627 de
2888 5592 3067 5630 sorore
3110 5575 3409 5644 Theophili,
3434 5574 3510 5627 ab
3538 5576 3637 5628 ὶίί.ι

2063 5662 2117 5697 se
2144 5644 2592 5711 hwredemfuisse
2615 5647 2903 5714 ascriptum
2930 5647 3205 5714 testiﬁcari
3233 5649 3630 5699 detrectassent.

2065 5716 2341 5771 Suﬂ'ridus
2370 5724 2548 5770 autem
2585 5716 2779 5771 Petrus
2821 5718 2899 5771 sic
2948 5719 3109 5770 vertit
3143 5736 3156 5771 :
3195 5717 3349 5783 Quod
3382 5716 3435 5767 lii
3464 5718 3634 5783 ipsum

2063 5804 2095 5838 a
2120 5803 2297 5841 sorore
2335 5804 2431 5857 sua
2460 5788 2715 5842 liwredem
2748 5786 2913 5854 fuisse
2939 5790 3196 5857 scriptum
3242 5788 3425 5841 testari
3460 5787 3631 5839 detre-

2063 5867 2309 5911 ctasseut.
2362 5856 2466 5913 Sed
2506 5859 2669 5913 verba
2702 5857 2889 5913 Grmca
2938 5875 3043 5913 nun
3076 5859 3225 5913 hunc
3270 5874 3492 5914 sensum
3537 5860 3629 5911 ha-

3087 5948 3160 6007 49
