4460 6634
820 474 949 532 1547

2284 466 2447 526 $010
2454 465 2496 524 11
2503 455 2604 522 ΕΝ
2615 450 2634 512 Ι

3938 466 4082 525 15ἲὸ

813 569 945 644 tunc
987 596 1231 644 versatus
1277 585 1489 653 fuerat,
1545 584 1751 642 audivi'
1783 584 1942 643 duas,
1969 585 2142 644 fuisse
2189 600 2387 642 causas
2417 595 2460 652 Α
2489 581 2574 639 πολ

2320 601 2387 642 .as
2417 595 2460 652 Α
2489 575 2700 639 πολλῶν
2747 581 3213 656 προσφερομένων
3250 579 3324 645 ὼς
3361 579 3640 650 ἐπιτρόπῳ
3671 579 3919 649 πτωχῶν,
3954 579 4081 632 ἐπι-

815 679 1120 750 Tlieopliilo
1164 679 1275 734 odii
1329 694 1392 735 ac
1435 675 1733 736 simultatis
1782 670 2046 736 adversus
2075 668 2381 734 Isidorum'E

817 771 1044 841 alteram
1087 763 1674 850 IsidOro'communem
1712 785 1836 840 cum
1858 769 2023 826 Petro
2049 770 2386 840 presbytero,

817 876 884 916 eo
926 857 1081 932 quod
1143 863 1304 917 ambo
1357 861 1640 926 testificari
1703 869 2093 926 recusassent,
2145 852 2390 916 sororem

817 949 1104 1023 Theophili
1136 967 1167 1006 ι
1195 945 1379 1008 nescio
1414 967 1524 1024 quo
1549 951 1815 1006 haeredem
1866 954 2127 1023 scriptam
2180 951 2389 1019 fuisse;

819 1045 1086 1114 privatam
1122 1045 1369 1109 alteram,
1408 1045 1556 1116 quod
1590 1043 1834 1100 Isidorus
1866 1061 1931 1100 ex
1964 1042 2235 1114 pecuniis,
2272 1057 2395 1114 quae

823 1136 888 1187 ad
935 1130 1120 1204 ipsum"
1151 1135 1511 1205 tanquamiad
1549 1143 1858 1205 curatorem
1884 1150 2180 1207 pauperum
2214 1135 2396 1189 multae
2434 1203 2439 1208 ι

824 1224 1222 1294 aﬂ'erebantur,
1257 1227 1560 1298 Theophilo
1597 1227 1802 1297 aliquid
1847 1229 2096 1297 accipere
2136 1227 2394 1294 conanti,

823 1323 1008 1386 utpote
1038 1318 1161 1374 aliis
1193 1319 1306 1389 jam
1339 1319 1683 1390 consumptis
1715 1319 1768 1373 in
1799 1326 2108 1375 structuras
2137 1319 2407 1374 ecclesia--

823 1420 969 1470 rum,
1003 1407 1306 1463 concedere
1360 1392 1685 1463 noluisset:
1736 1408 2101 1478 praestabilius
2151 1424 2272 1464 esse
2316 1407 2400 1463 di-

825 1493 960 1550 cens
1007 1509 1280 1566 aegrorum
1342 1511 1576 1568 corpora
1609 1497 1959 1553 convenienti
1997 1512 2130 1552 cura
2174 1497 2401 1552 reﬁcere

825 1593 991 1655 atque
1034 1587 1367 1654 instaurare,
1403 1603 1523 1658 quae
1569 1587 1665 1642 Dei
1721 1589 1920 1658 templa
1974 1589 2156 1658 potius
2207 1589 2399 1644 existi-

826 1678 1026 1734 manda
1067 1687 1218 1745 sunt,
1249 1687 1305 1735 et
1339 1695 1573 1751 quorum
1601 1681 1776 1752 gratia
1807 1679 2046 1750 praebita:
2075 1687 2260 1735 essent
2307 1694 2402 1750 pe-

827 1771 1035 1837 cunia,
1077 1785 1241 1841 quam
1289 1767 1525 1844 parietes
1566 1779 1873 1827 exstruere.
1924 1769 2124 1826 Verum
2174 1771 2288 1826 sive
2329 1771 2401 1827 ob

828 1847 1156 1926 lianc,"Sive
1199 1862 1268 1918 Ob
1309 1864 1469 1918 aliam
1504 1846 2008 1933 causamdsidorus
2036 1875 2066 1915 a
2097 1850 2402 1931 TheOphilo

2496 672 2768 748 χειροῦντι
2798 672 3044 743 Θεοφίλῳ
3082 670 3284 724 τούτων
3325 669 3640 740 λαμϐάνειν,
3673 667 3747 730 ὡς
3785 666 4083 735 δεδαπανηο

2500 768 2643 840 μένῳ
2695 767 2774 830 είς
2814 751 3100 838 οίκοδομὰς
3140 760 3462 834 ἐκκλησιῶν,
3495 759 3595 812 οὑκ
3633 757 3893 842 ἐνεδίδου⁶
3927 757 4084 826 ἄμει-

2502 877 2590 914 νον
2626 854 2766 922 εἶναι
2792 857 2966 924 λέγων
2991 855 3059 908 τὰ
3089 843 3316 924 σώματα
3343 853 3450 905 τῶν
3493 848 3889 936 καμνόντωνηᾶ
3924 849 4081 917 ναοὺς

2497 951 2632 1006 Θεοῦ
2658 935 3011 1022 ,κυριώτερον
3043 950 3184 1001 νοεῖν
3222 950 3358 1012 ἐστι,
3385 946 3450 1018 δι’
3477 946 3570 1008 οὓς
3607 945 3698 997 καὶ
3718 942 3802 997 ’τά
3829 943 4083 1013 χρήματα

2500 1028 2810 1112 παρείχετο,
2837 1043 2957 1102 ταῖς
2995 1038 3395 1110 προσηκούσαις
3443 1035 3760 1106 θεραπείαις
3788 1023 4083 1092 άνανεοῦν,

2501 1133 2534 1206 ἥ
2579 1132 2791 1207 τοίχους
2832 1130 3156 1200 οἰκοδομεῖν.
3206 1129 3339 1183 Ἀλλ’
3389 1128 3498 1181 εἴτε
3549 1125 3816 1190 ἐντεῦθεν,
3871 1125 3981 1177 εἴτε
4028 1123 4086 1188 ἐξ

2503 1227 2681 1288 αἰτίας
2714 1225 2926 1296 ἐτέρας,
2955 1222 3271 1294 ἀφαιρεθεὶς
3304 1221 3454 1294 παρὰ
3483 1220 3740 1291 Θεοφίλου
3771 1219 3869 1290 τῆς
3895 1234 4089 1271 κοινωο

2502 1317 2620 1380 νίας
2655 1317 2942 1388 Ἰσίδωρος,
2976 1308 3140 1387 ἦλθεν
3185 1317 3264 1382 είς
3305 1316 3521 1386 Σκῆτιν,
3547 1314 3622 1377 ὡς
3659 1312 3796 1385 πρὸς
3837 1311 4088 1382 ἑταίρους

2503 1409 2627 1472 τοὺς
2656 1409 2839 1462 ἐνθάδε
2871 1408 3158 1478 μοναχοὺς.
3200 1405 3538 1478 Παραλαϐὼν
3578 1406 3634 1459 δέ
3674 1422 3826 1468 τινας
3860 1403 4086 1474 ’Λμμὼ-

2504 1517 2635 1566 νιος,
2668 1499 2997 1570 παρεγένετο
3044 1500 3178 1570 πρὸς
3220 1498 3496 1568 Θεόφιλον,
3537 1498 3631 1550 καὶ
3673 1497 3769 1568 τὴν
3801 1491 4088 1571 κοινωνίαν

2504 1591 2806 1663 ἀποδοῦναι,
2850 1589 3100 1661 Ἰσιδώρῳ
3150 1590 3337 1644 ἐδεῖτο.
3381 1591 3437 1644 Ὀ
3495 1591 3572 1656 δὲ,
3625 1590 3746 1643 τότε
3779 1577 3897 1660 ’μέν
3951 1604 4088 1659 προ-

2506 1681 2694 1752 θύμως
2723 1681 3050 1751 ὑποσχέσθαι
3085 1681 3318 1750 λέγεται.
3350 1682 3555 1752 Χρόνου
3592 1681 3648 1734 δέ
3679 1679 4084 1750 διαγενομένου,

2506 1775 2581 1838 ὡς
2623 1774 2772 1828 οὑδέν
2816 1773 2996 1838 αὑτοῖς
3052 1774 3210 1828 πλέον
3262 1775 3488 1844 ἠνύετο,
3526 1774 3682 1843 δῆλος
3735 1772 3793 1825 δέ
3841 1771 4088 1850 ἐγεγόνει

2505 1866 2759 1936 Θεόφιλος
2793 1867 3291 1937 παρακρουόμενος,
3338 1865 3749 1936 σπουδαιότερόν
3794 1880 3910 1926 πως
3939 1862 4089 1932 αὑτῷ

828 1955 1215 2011 communione
1260 1955 1506 2025 privatus
1529 1994 1544 2020 ,
1595 1954 1663 2009 ad
1699 1954 2004 2009 monachos
2052 1951 2251 2017 Sectis,
2283 1960 2402 2007 tan-
2435 1955 2476 2011 Β
2504 1975 2589 2030 πμ

2326 1969 2402 2006 In-
2435 1955 2476 2011 B
2504 1958 2910 2030 προσελθόντες,
2959 1957 3199 2030 ἀπῄτουν
3243 1957 3343 2028 τὴν
3399 1958 3688 2027 ὑπόσχεσιν
3733 1953 3992 2025 πληροῦν.
4027 1953 4087 2005 Ὀ

840 2061 997 2101 ruam
1040 2046 1110 2101 ad
1155 2034 1373 2103 sodales
1402 2062 1556 2111 suos,
1583 2048 1840 2118 perrexit.
1879 2047 2035 2104 Tunc
2063 2048 2404 2112 Ammonius,

859 2138 1134 2208 ssumptis
1171 2153 1358 2194 secum
1394 2141 1745 2210 quibusdam,
1775 2141 1841 2196 ad
1883 2140 2247 2213 Theophilum
2280 2157 2408 2212 pro-

835 2231 1012 2286 fectus
1031 2237 1138 2296 est,
1163 2238 1330 2302 utque
1350 2230 1560 2289 Isidoro
1582 2234 2027 2289 communionem
2095 2235 2409 2289 restitueret

835 2325 1068 2396 rogavit.
1111 2322 1204 2378 ille
1235 2332 1354 2378 tum
1402 2324 1621 2394 quidem
1660 2325 1712 2379 id
1749 2342 1808 2381 se
1844 2325 2116 2380 facturum
2161 2333 2409 2396 prompte

837 2418 1108 2488 pollicitus
1135 2433 1258 2474 esse
1283 2418 1510 2475 dicitur.
1555 2418 1755 2488 Elapso
1780 2428 1955 2474 autem
1985 2429 2248 2488 tempore,
2283 2432 2408 2472 cum

838 2511 974 2564 nihil
1029 2510 1266 2580 amplius
1320 2510 1688 2580 proficerent,
1730 2520 1784 2566 ct
1823 2511 2110 2568 manifeste
2147 2511 2410 2582 patuisset

838 2596 1199 2668 Tli'cOphilum
1256 2593 1416 2653 nihil
1491 2598 1642 2653 aliud
1717 2615 1879 2670 quam
1949 2599 2170 2664 fallere,
2229 2599 2408 2670 ipsum

839 2693 1128 2756 adeuntes,
1175 2691 1482 2763 impensius
1515 2688 1832 2762 ﬂagitarunt
1875 2700 1932 2745 ut
1962 2691 2230 2762 promissa
2271 2706 2410 2761 prm-

841 2795 1030 2842 staret.
1105 2783 1297 2842 Verum
1363 2784 1699 2857 Theophilus
1767 2800 1934 2840 unum
1993 2799 2058 2840 ex
2131 2784 2411 2840 monachis

841 2877 1107 2933 custodire
1137 2877 1372 2947 publica:
1410 2877 1762 2949 mancipavit,
1803 2891 1914 2948 quo
1959 2877 2186 2946 reliquis
2231 2883 2412 2930 terro-

844 2986 960 3026 rem
1003 2969 1276 3040 injiceret.
1321 2968 1426 3024 Sed
1479 2985 1604 3041 spes
1651 2986 1774 3025 eum
1826 2968 2035 3025 fefellit.
2091 2969 2412 3026 Ammonius

842 3061 986 3115 enim
1032 3067 1085 3115 et
1105 3059 1290 3115 cuncti
1339 3060 1434 3130 qui
1469 3057 1600 3115 eum
1633 3060 1726 3114 illo
1767 3066 1923 3115 erant
1972 3059 2249 3125 monachi,
2288 3074 2411 3114 cum

845 3162 1030 3209 custos
1081 3151 1319 3207 carceris
1367 3165 1463 3206 eos
1509 3150 1578 3205 ad
1622 3151 1930 3207 necessaria
1972 3149 2173 3206 vinctis
2207 3151 2415 3205 submi-

846 3242 1133 3300 nistranda
1159 3243 1346 3298 venire
1375 3241 1773 3306 existimasset,
1809 3241 1968 3296 facile
1999 3243 2146 3296 intro
2187 3241 2412 3296 admissi

847 3343 1000 3394 sunt.
1036 3333 1276 3405 Ingressi
1323 3348 1474 3398 vero,
1510 3333 1658 3388 exire
1693 3340 1882 3403 postea
1929 3333 2244 3389 noluerunt.
2294 3330 2414 3398 Quo

847 3426 1085 3497 cognito,
1121 3425 1455 3496 Theophilus
1499 3440 1593 3481 eos
1625 3425 1692 3480 ad
1735 3441 1795 3481 se
1824 3426 2090 3481 .accersit.
2131 3423 2210 3479 Illi
2258 3425 2415 3480 initio

849 3515 1070 3587 quidem
1117 3516 1452 3586 poscebant,
1482 3524 1541 3570 ut
1572 3517 1686 3587 ipse
1734 3515 2049 3582 adveniens,
2095 3516 2242 3570 illinc
2269 3515 2416 3586 ipsos

848 3607 1125 3662 educeret.
1188 3605 1378 3678 Neque
1433 3607 1579 3661 enim
1642 3623 1856 3677 acquum
1897 3621 2050 3672 esse,
2095 3614 2155 3662 ut
2201 3606 2418 3676 publice

850 3687 1414 3764 cont'umclia'alfecti,
1442 3700 1583 3753 clam
1627 3715 1692 3755 ex
1735 3715 1958 3754 carcere
1992 3698 2414 3754 dimitterentur.

853 3790 1200 3845 Postmodum
1225 3804 1355 3845 vero
1381 3789 1658 3855 cedentes,
1687 3804 1745 3844 se
1770 3790 1836 3844 ad
1863 3790 2014 3844 illum
2044 3789 2411 3845 contulerunt.

853 3881 966 3946 ille,
999 3880 1164 3950 petita
1195 3877 1264 3934 ab
1290 3879 1372 3934 eis
1400 3879 1578 3942 venia,
1598 3879 1678 3934 sic
1709 3893 1803 3933 eos
1832 3877 2054 3943 dimisit,
2075 3875 2235 3948 342
2257 3877 2416 3946 quasi

854 3974 1005 4027 nulla
1047 3971 1307 4042 deinceps
1347 3970 1595 4041 molestia
1644 3970 1766 4026 illos
1814 3968 2125 4026 alfecturus.
2168 3969 2316 4022 Intra
2359 3983 2419 4024 se

859 4073 1043 4119 tamen
1091 4063 1328 4118 fremens
1358 4061 1765 4132 indignabatur,
1800 4068 1855 4117 et
1901 4061 2044 4116 malo
2077 4074 2171 4116 eos
2210 4059 2421 4116 allicere

857 4155 1154 4226 cogitabat.
1191 4155 1436 4226 Cumque
1466 4154 1668 4210 dubius
1728 4158 1957 4210 haereret
1985 4167 2220 4224 quonam
2260 4152 2420 4209 modo

2507 2049 2583 2115 δέ,
2608 2049 2728 2102 τινὰ
2753 2049 2860 2102 τῶν
2886 2049 3135 2120 μοναχῶν
3162 2050 3218 2102 ἑν
3247 2047 3482 2119 δημοσίᾳ
3506 2048 3716 2118 φρουρᾷ
3752 2048 3914 2111 ποιεῖ,
3945 2043 4087 2098 ὥστε

2509 2141 2672 2213 φόϐον
2711 2146 2823 2205 τοῖς
2859 2143 3038 2205 ἄλλοις
3081 2140 3356 2212 ἐμϐαλεῖν.
3386 2141 3635 2210 Ἥμαρτε
3673 2139 3730 2192 δέ
3773 2137 3984 2190 τούτου.
4024 2135 4086 2188 '0

2509 2235 2618 2305 γὰρ
2660 2234 2964 2305 Ἀμμώνιος
3006 2234 3122 2305 ἆμα
3163 2235 3298 2287 πᾶσι
3333 2235 3447 2296 τοῖς
3485 2231 3580 2286 σὺν
3633 2229 3780 2301 αὑτῷ
3812 2231 4085 2300 μοναχοῖς,

2506 2328 2754 2393 δόξαντες
2787 2328 2896 2390 τοῖς
2923 2325 3228 2397 προεστῶσι
3264 2325 3363 2395 τῆς
3393 2325 3634 2396 φρουρᾶς
3680 2325 3761 2385 εἰς
3804 2321 4088 2390 μετάδοσιν

2509 2419 2829 2491 ἐπιτηδείων
2862 2421 2973 2482 τοῖς
3003 2417 3417 2490 καθειργμένοις
3455 2417 3648 2481 ἐλθεῖν,
3684 2415 3910 2484 ἑτοίμως
3943 2412 4088 2466 ἔνδον

2509 2509 2918 2582 είσεδέχθησαν·
2956 2509 3282 2572 εἰσελθόντες
3331 2507 3408 2573 δέ,
3459 2507 3643 2561 οὐκέτι
3689 2505 3889 2572 ἐξιέναι
3941 2503 4089 2572 ὴνείυ

2507 2620 2680 2673 χοντο.
2713 2600 2914 2655 Μαθὼν
2947 2601 3003 2654 δὲ
3047 2601 3173 2654 τάδε
3203 2601 3476 2665 Θεόφιλος,
3509 2599 3694 2669 ἐδήλου
3727 2596 3860 2666 πρὸς
3897 2594 4088 2675 ἐαυτὸν

2513 2693 2687 2748 καλῶν
2731 2693 2856 2756 τοὺς
2902 2692 3120 2764 ἄνδρας.
3175 2693 3239 2744 υἱ
3281 2691 3357 2757 δὲ,
3404 2691 3474 2744 τὰ
3536 2691 3632 2760 μὲν
3664 2689 3878 2760 πρῶτα,
3927 2687 4088 2740 αὑτὸν

2513 2785 2950 2860 παραγενόμενον
2981 2785 3120 2852 σφᾶς
3147 2782 3362 2852 ἐξάγειν
3389 2783 3592 2853 ἠξίουν.
3639 2781 3791 2850 Μηδὲ
3818 2779 3925 2851 γὰρ
3951 2774 4090 2832 εἶναι

2512 2877 2719 2929 δίκαιον
2763 2875 2997 2944 δημοσίᾳ
3047 2872 3426 2945 ὑϐρισμένους,
3481 2873 3653 2944 λάθρα
3705 2875 3804 2942 τῆς
3853 2873 4092 2942 φρουρᾶς

2513 2966 2778 3022 ἀνίεσθαι.
2829 2967 3092 3036 Ὕστερον
3136 2967 3192 3019 δέ
3245 2966 3521 3029 ἐνδόντες,
3572 2967 3647 3028 ὼς
3695 2964 3854 3019 αὑτὸν
3906 2959 4090 3036 ἦλθον.

2515 3058 3032 3131 Παραιτησαμένους
3062 3057 3119 3111 δέ
3165 3059 3359 3120 αὑτοὺς
3395 3057 3527 3128 (45),
3559 3056 3634 3120 ὡς
3679 3058 3740 3109 οὑ
3785 3054 4093 3126 περαιτέρω

2514 3151 2790 3223 λυπήσων,
2829 3149 3172 3221 ἀπέπεμψεν.
3209 3149 3344 3202 Καθ’
3371 3148 3560 3202 ἐαυτὸν
3597 3148 3652 3200 δὲ
3691 3147 3963 3210 ἐδάκνετο,
3997 3145 4092 3198 καὶ

2515 3243 2830 3316 ἠγανάκτει,
2866 3243 2960 3296 καὶ
2991 3242 3176 3304 κακῶς
3220 3243 3392 3294 ποιεῖν
3440 3239 3813 3294 ἐπεϐούλευεν.
3849 3236 4094 3308 Ἀπορῶν

2521 3333 2577 3386 δὲ
2605 3333 2632 3388 δ
2657 3349 2709 3385 τι
2742 3332 2988 3403 δράσειεν
3021 3331 3215 3393 αὑτοὺς
3246 3329 3433 3394 κακὸν,
3458 3331 3766 3400 άκτήμονας
3795 3328 3968 3391 ὄντας,
3999 3326 4095 3379 καὶ

2523 3425 2739 3478 πάντων
2779 3423 2917 3494 πλὴν
2967 3423 3157 3492 σοφίας
3191 3422 3302 3492 (46)
3335 3421 3734 3492 ὑπερορῶντας,
3769 3419 3911 3487 ἔγνω
3963 3420 4096 3488 περὶ

2520 3514 2619 3584 τὴν
2647 3514 2874 3584 ἡσυχίαν
2903 3513 3120 3584 βλάψαι.
3163 3515 3274 3567 Καὶ
3304 3513 3425 3565 ἐπεὶ
3453 3511 3718 3582 ἠπίστατο
3752 3511 3812 3576 ἐξ
3844 3504 3918 3565 ὧν
3945 3508 4096 3578 αὑτῷ

2527 3604 2770 3668 συνόντες
2799 3605 3116 3674 διελέγοντο,
3150 3604 3529 3676 μεμφομένους
3559 3607 3671 3668 τοῖς
3708 3586 4095 3674 ἀνθρωπόμορ-

2525 3714 2623 3766 (ρον
2657 3695 2746 3750 τὸν
2771 3695 2903 3749 Θεὸν
2925 3696 3258 3762 δοξάζουσιν,
3291 3696 3364 3759 ὠς
3395 3695 3462 3749 τὰ
3503 3696 3808 3766 Ὠριγένους
3839 3693 4096 3765 φρονοῦν-

2520 3804 2640 3851 τας,
2695 3788 3020 3860 συνέκρουσε
3071 3786 3206 3858 πρὸς
3257 3787 3318 3840 τὸ
3371 3787 3661 3858 μοναχικδν
3713 3787 3820 3858 (47)
3870 3786 4091 3858 πλῆθος,

2519 3877 2692 3942 ἄλλως
2726 3877 2846 3949 ἔχον
2885 3877 3060 3948 δόξης.
3099 3879 3195 3932 Ἐκ
3241 3879 3432 3932 τούτου
3473 3878 3528 3931 δὲ
3570 3879 3716 3949 δεινή
3762 3895 3844 3942 τις
3882 3877 3998 3949 ἐρις
4032 3877 4094 3932 ἐν

2524 3974 2636 4036 τοῖς
2677 3973 2929 4042 μοναχοῖς
2982 3970 3235 4041 ἐκράτει·
3290 3971 3382 4026 καὶ
3429 3971 3527 4036 τὰς
3575 3971 3832 4038 διαλέξεις
3879 3972 3978 4024 οὑκ
4032 3971 4095 4024 ἐν

2526 4063 2716 4135 κόσμῳ
2767 4064 2903 4134 πρὸς
2949 4063 3172 4127 ἑαυτοὺς
3223 4062 3552 4132 ποιούμενοι,
3586 4063 3792 4116 πείθειν
3833 4062 4090 4133 ἀλλήλους

2527 4155 2628 4208 οὑκ
2652 4153 2856 4226 ἠξίουν,
2881 4153 2994 4210 ἀλλ’
3022 4155 3103 4219 είς
3144 4153 3329 4224 ὕϐρεις
3379 4154 3718 4209 καθίσταντο.
3763 4153 3870 4208 Καὶ
3911 4153 3960 4207 οἱ
3995 4153 4093 4222 μὲν

2050 4358 2320 4418 VALESII
2350 4356 2795 4415 ANNOTATION
2803 4355 2904 4411 ES.

867 4513 1235 4586 bentaNeque
1287 4519 1433 4572 enim
1469 4515 1848 4586 Theophilus,
1905 4496 2000 4572 sed
2051 4534 2208 4574 soror
2250 4515 2425 4572 Theo-

866 4584 1221 4656 p|_ii|i_h:eres_
1246 4588 1454 4656 scripta
1498 4584 1666 4640 fuisse
1703 4588 1904 4642 dicitur
1941 4588 2075 4656 πρός
2108 4605 2222 4650 του,
2256 4589 2310 4641 id
2341 4594 2428 4642 est

866 4653 931 4726 ab
962 4654 1157 4726 aliqua.
1191 4653 1282 4710 Sic
1305 4653 1457 4726 enim
1483 4656 1767 4726 legendum
1807 4667 1891 4711 est
1924 4653 2135 4712 mutato
2167 4667 2423 4712 accentu.

2535 4525 2777 4587 uterque
2806 4515 3114 4573 dissimulat
3164 4516 3216 4571 id
3253 4517 3397 4585 quod
3446 4517 3722 4587 praecipue
3759 4518 4094 4574 narrandum

2536 4587 2636 4640 fuit
2675 4585 2701 4658 ἐν
2738 4585 3098 4656 Theophilum
3155 4589 3383 4658 scilicet,
3427 4585 3658 4658 collecta
3711 4591 4093 4658 episcoporum

2535 4657 2744 4726 synodo
2790 4659 2844 4710 in
2873 4660 3007 4712 urbe
3036 4657 3384 4718 Alexandria,
3412 4656 3706 4712 damnasse
3741 4656 4094 4713 Ammonium

864 4723 1019 4788 Quod
1051 4723 1334 4796 icuininon
1379 4723 1646 4796 vidissent
1685 4729 2046 4796 interpretes,
2105 4729 2246 4796 [φάο
2290 4727 2426 4796 lapsi
2463 4731 2504 4785 D
2531 4723 2784 4796 duosque
2819 4726 2942 4794 ejus
2981 4727 3216 4792 fratres,
3268 4737 3525 4795 tanquam
3571 4728 3861 4783 hmrcticos
3891 4737 3944 4782 et
3974 4728 4098 4782 Ori-

865 4802 991 4867 sunt
1049 4795 1151 4867 hoc
1194 4795 1338 4867 loco.
1365 4793 1466 4867 _Dc
1515 4797 1614 4850 hac
1670 4793 1849 4867 porro
1881 4813 2086 4867 sorore
2118 4793 2429 4867 Theophili,

864 4864 1066 4936 deun
1101 4863 1242 4919 foeda
1298 4865 1448 4920 illius
1499 4863 1713 4930 morte',
1772 4868 2020 4936 loquitur
2071 4863 2346 4922 Palladi—us
2381 4869 2434 4920 in

871 4931 988 4986 Vita
1008 4933 1408 5004 Chrysostomi.

938 5004 1049 5072 (ίὸ)
1080 5004 1644 5072 Παραιτησαμένους
1671 5004 1739 5056 δὲ
1770 5007 2010 5071 αὐτούς.
2050 5005 2192 5076 Lego
2230 5023 2435 5076 παραι-

865 5076 1200 5145 τησάμενος,
1224 5076 1679 5145 quemadmodum
1710 5079 1874 5128 etiam
1923 5078 2048 5145 Legit
2075 5075 2430 5145 Nireplio’rus.

939 5146 1048 5214 (Mi)
1090 5143 1260 5211 Πλὴὺ
1309 5147 1545 5213 σοφίας.
1597 5144 1650 5197 In
1697 5145 1887 5199 codice
1923 5143 2223 5199 Fnketiano
2283 5147 2424 5200 scri-

872 5224 1018 5281 ptum
1057 5215 1402 5286 invenird-iyr
1441 5214 1776 5283 φιλοσοφίας.
1833 5215 1986 5281 Quod
2027 5216 2198 5285 magis
2231 5217 2421 5284 probo.

873 5285 961 5336 Sic
1016 5287 1160 5338 enim
1219 5283 1561 5340 Sozo'menus
1613 5299 1810 5341 vocare
1860 5286 2002 5340 solet
2057 5283 2420 5340 monasticam

871 5355 1082 5406 vivendi
1117 5356 1406 5408 rationem.

940 5423 1050 5493 (47)
1107 5425 1481 5494 Συνέκρουσε
1540 5424 1685 5490 πρὸς
1737 5423 1804 5477 τὸ
1863 5425 2215 5493 μοναχικόν.
2252 5423 2420 5494 fidem

867 5493 1034 5548 etiam
1095 5495 1161 5548 de
1221 5495 1522 5562 Theopliilo
1589 5502 1824 5550 testatur
1887 5497 2164 5550 Socrates.
2222 5493 2422 5549 Verum

2531 4795 2795 4866 genistas.
2829 4795 3075 4868 Cumque
3102 4813 3197 4868 eos
3226 4798 3366 4865 apud
3393 4796 3704 4868 praefectum
3737 4799 4096 4868 Augustalem

2531 4865 2941 4930 accusavisset,
2984 4865 3290 4938 perfecisse
3327 4865 3618 4938 utgexsilio
3669 4865 4094 4929 damnarentur,

2529 4945 2585 4988 et
2639 4936 3094 5006 impetrasse'ah
3155 4938 3250 4990 illo
3298 4936 3534 4992 militare
3593 4938 3930 5006 praesidium.
3973 4937 4096 5003 Quo

2531 5007 2886 5075 succinctus,
2948 5023 3072 5062 cum
3122 5009 3188 5060 ad
3238 5007 3590 5061 solitudinem
3641 5010 3922 5068 venisset,
3975 5009 4098 5075 plus

2531 5091 2694 5144 quam
2749 5088 3028 5133 trecentos
3057 5078 3356 5132 monachos
3407 5085 3460 5130 et
3495 5078 3724 5130 clericos
3756 5093 3820 5132 ex
3852 5076 4094 5147 Egypto

2533 5147 2763 5214 fugavit.
2813 5148 2852 5203 Ii
2884 5158 3064 5203 autem
3103 5147 3310 5215 fugati.
3358 5147 3410 5199 in
3444 5147 3789 5202 Palaestinam
3835 5163 3895 5202 se
3947 5163 4098 5201 rece-

2531 5221 2775 5287 perunt.
2808 5227 2868 5274 ut
2903 5219 3114 5287 scribit
3139 5216 3416 5270 Palladius
3444 5217 3498 5270 in
3540 5215 3664 5270 Vita
3700 5217 4097 5287 Clirysostomi.

2533 5287 2586 5356 lu
2615 5284 2848 5343 Historia
2880 5297 3061 5342 autem
3096 5286 3383 5350 Lausiaca,
3414 5302 3534 5356 cap.
3567 5289 3690 5349 H7,
3722 5284 3910 5356 paule'
3941 5288 4101 5340 aliter

2531 5355 2584 5409 id
2621 5367 2829 5428 narrat.
2863 5357 3051 5428 Neque
3080 5358 3224 5412 enim
3260 5355 3582 5428 trecentos.
3637 5357 3731 5412 sed
3781 5367 3998 5428 centum
4044 5366 4097 5410 et

2530 5427 2720 5495 viginti
2757 5444 2850 5484 sex
2893 5426 3064 5508 fuisse
3105 5427 3295 5484 scribit
3318 5469 3334 5494 ,
3371 5441 3470 5482 nec
3497 5427 3721 5493 Alliam,
3757 5428 3854 5483 sed
3896 5426 4102 5481 Diocae-

2536 5511 2746 5552 saream
2780 5515 2839 5556 SC
2876 5513 3175 5569 recepisse.
3812 5512 3822 5518 “

2313 5673 2690 5730 V'ARIORUM.

942 5829 966 5903 ‘_
1003 5824 1290 5879 Manifesto
1328 5826 1606 5903 memoriae
1642 5825 1937 5903 lapsulioc
1989 5826 2189 5903 asserit
2230 5823 2514 5903 valesius;
2554 5844 2674 5883 cum
2727 5831 2799 5885 ibi
2852 5831 3132 5888 Palladius
3177 5833 3377 5890 referat
3425 5848 3542 5889 rem
3592 5831 3754 5889 aliam
3798 5834 4103 5903 imperante

876 5895 1100 5952 Vaiciite
1129 5907 1354 5966 gestam.
1391 5901 1536 5966 (Ant.
1574 5895 1719 5968 Pagi,
1765 5898 1829 5951 ad
1860 5912 1988 5950 ann.
2031 5895 2153 5958 400,
2190 5913 2241 5948 u.
2278 5899 2355 5967 9.)
