  <div class='ocr_page' id='page_1' title='image "/cluster/home/n/w/nwhite01/storage/ocr_20150623/67/pst.000009865921/844.png"; bbox 0 0 4460 6634; ppageno 0'>
   <div class='ocr_carea' id='block_1_1' title="bbox 347 426 3603 509">
    <p class='ocr_par' dir='ltr' id='par_1_1' title="bbox 347 426 3603 509">
     <span class='ocr_line' id='line_1_1' title="bbox 347 426 3603 509; baseline -0.008 -2"><span class='ocrx_word' id='word_1_1' title='bbox 347 451 483 509; x_wconf 65' lang='grc' dir='ltr'>ίὲίθ</span> <span class='ocrx_word' id='word_1_2' title='bbox 1300 441 1621 498; x_wconf 65' lang='lat' dir='ltr'><strong>HISTORIA</strong></span> <span class='ocrx_word' id='word_1_3' title='bbox 1661 436 2208 493; x_wconf 70' lang='lat' dir='ltr'><strong>liCCLESIASTICA.</strong></span> <span class='ocrx_word' id='word_1_4' title='bbox 2250 467 2316 475; x_wconf 88' lang='lat'><strong>--</strong></span> <span class='ocrx_word' id='word_1_5' title='bbox 2359 435 2484 488; x_wconf 81' lang='lat' dir='ltr'><strong>LIB.</strong></span> <span class='ocrx_word' id='word_1_6' title='bbox 2529 434 2653 490; x_wconf 75' lang='lat' dir='ltr'><strong>Vlll</strong></span> <span class='ocrx_word' id='word_1_7' title='bbox 3465 426 3603 480; x_wconf 57' lang='lat' dir='ltr'><strong>lilii!)</strong></span> 
     </span>
    </p>
   </div>
   <div class='ocr_carea' id='block_1_2' title="bbox 344 545 2105 638">
    <p class='ocr_par' dir='ltr' id='par_1_2' title="bbox 344 554 2102 638">
     <span class='ocr_line' id='line_1_2' title="bbox 344 554 2102 638; baseline -0.011 -13"><span class='ocrx_word' id='word_1_8' title='bbox 344 578 468 633; x_wconf 75' lang='grc' dir='ltr'>τοὺς</span> <span class='ocrx_word' id='word_1_9' title='bbox 496 570 783 638; x_wconf 85' lang='grc' dir='ltr'>ἀσώματον</span> <span class='ocrx_word' id='word_1_10' title='bbox 813 566 904 619; x_wconf 72' lang='grc' dir='ltr'><strong>τὸν</strong></span> <span class='ocrx_word' id='word_1_11' title='bbox 947 565 1078 618; x_wconf 79' lang='grc' dir='ltr'><strong>Θεὸν</strong></span> <span class='ocrx_word' id='word_1_12' title='bbox 1107 560 1474 634; x_wconf 49' lang='grc' dir='ltr'>ὁριζομέιους,</span> <span class='ocrx_word' id='word_1_13' title='bbox 1513 554 1914 628; x_wconf 76' lang='grc' dir='ltr'>Ὠριγενιαστὰς</span> <span class='ocrx_word' id='word_1_14' title='bbox 1946 565 1986 620; x_wconf 76' lang='grc' dir='ltr'>Α</span> <span class='ocrx_word' id='word_1_15' title='bbox 2034 569 2102 607; x_wconf 99' lang='lat' dir='ltr'><strong>no</strong></span> 
     </span>
    </p>
   </div>
   <div class='ocr_carea' id='block_1_3' title="bbox 1843 545 3604 638">
    <p class='ocr_par' dir='ltr' id='par_1_3' title="bbox 1843 545 3604 622">
     <span class='ocr_line' id='line_1_3' title="bbox 1843 545 3604 622; baseline -0.003 -18"><span class='ocrx_word' id='word_1_16' title='bbox 1843 554 1914 616; x_wconf 72' lang='grc' dir='ltr'><strong>τὰς</strong></span> <span class='ocrx_word' id='word_1_17' title='bbox 1946 565 1986 620; x_wconf 76' lang='grc' dir='ltr'>Α</span> <span class='ocrx_word' id='word_1_18' title='bbox 2034 567 2232 607; x_wconf 83' lang='lat' dir='ltr'><strong>nocere</strong></span> <span class='ocrx_word' id='word_1_19' title='bbox 2265 560 2450 622; x_wconf 90' lang='lat' dir='ltr'><strong>posset</strong></span> <span class='ocrx_word' id='word_1_20' title='bbox 2480 550 2798 606; x_wconf 89' lang='lat' dir='ltr'><strong>hominibus</strong></span> <span class='ocrx_word' id='word_1_21' title='bbox 2838 549 2928 620; x_wconf 86' lang='lat' dir='ltr'><strong>qui</strong></span> <span class='ocrx_word' id='word_1_22' title='bbox 2967 549 3102 603; x_wconf 83' lang='lat' dir='ltr'><strong>nihil</strong></span> <span class='ocrx_word' id='word_1_23' title='bbox 3143 545 3520 617; x_wconf 86' lang='lat' dir='ltr'><strong>possidebant,</strong></span> <span class='ocrx_word' id='word_1_24' title='bbox 3550 556 3604 599; x_wconf 87' lang='lat' dir='ltr'><strong>et</strong></span> 
     </span>
    </p>
   </div>
   <div class='ocr_carea' id='block_1_4' title="bbox 347 638 2108 726">
    <p class='ocr_par' dir='ltr' id='par_1_4' title="bbox 347 646 2108 726">
     <span class='ocr_line' id='line_1_4' title="bbox 347 646 2108 726; baseline -0.01 -12"><span class='ocrx_word' id='word_1_25' title='bbox 347 659 652 714; x_wconf 77' lang='grc' dir='ltr'>ἀπεκάλουν</span> <span class='ocrx_word' id='word_1_26' title='bbox 674 675 685 687; x_wconf 94' lang='grc'><strong>·</strong></span> <span class='ocrx_word' id='word_1_27' title='bbox 718 660 765 711; x_wconf 73' lang='lat' dir='ltr'><strong>oi</strong></span> <span class='ocrx_word' id='word_1_28' title='bbox 815 658 892 722; x_wconf 82' lang='grc' dir='ltr'>δὲ,</span> <span class='ocrx_word' id='word_1_29' title='bbox 943 651 1576 726; x_wconf 73' lang='grc' dir='ltr'>’Λνθρωπομορφιανοὺς,</span> <span class='ocrx_word' id='word_1_30' title='bbox 1609 648 1733 710; x_wconf 74' lang='grc' dir='ltr'>τοὺς</span> <span class='ocrx_word' id='word_1_31' title='bbox 1767 648 1917 698; x_wconf 81' lang='grc' dir='ltr'>ἐναν-</span> <span class='ocrx_word' id='word_1_32' title='bbox 2024 646 2108 714; x_wconf 74' lang='lat' dir='ltr'><strong>qui</strong></span> 
     </span>
    </p>
   </div>
   <div class='ocr_carea' id='block_1_5' title="bbox 1841 638 3602 726">
    <p class='ocr_par' dir='ltr' id='par_1_5' title="bbox 1841 638 3602 714">
     <span class='ocr_line' id='line_1_5' title="bbox 1841 638 3602 714; baseline -0.007 -16"><span class='ocrx_word' id='word_1_33' title='bbox 1841 663 1917 698; x_wconf 84' lang='grc' dir='ltr'><strong>ιν-</strong></span> <span class='ocrx_word' id='word_1_34' title='bbox 2024 645 2118 714; x_wconf 85' lang='lat' dir='ltr'><strong>qui</strong></span> <span class='ocrx_word' id='word_1_35' title='bbox 2169 644 2350 697; x_wconf 85' lang='lat' dir='ltr'><strong>omnia</strong></span> <span class='ocrx_word' id='word_1_36' title='bbox 2409 654 2610 713; x_wconf 72' lang='lat' dir='ltr'><strong>prreter</strong></span> <span class='ocrx_word' id='word_1_37' title='bbox 2667 642 3076 712; x_wconf 84' lang='lat' dir='ltr'><strong>philosophiam</strong></span> <span class='ocrx_word' id='word_1_38' title='bbox 3141 638 3602 710; x_wconf 62' lang='lat' dir='ltr'><strong>aSpernabantur.</strong></span> 
     </span>
    </p>
   </div>
   <div class='ocr_carea' id='block_1_6' title="bbox 347 730 2108 821">
    <p class='ocr_par' dir='ltr' id='par_1_6' title="bbox 347 738 2108 821">
     <span class='ocr_line' id='line_1_6' title="bbox 347 738 2108 821; baseline 0.002 -19"><span class='ocrx_word' id='word_1_39' title='bbox 347 752 477 812; x_wconf 85' lang='grc' dir='ltr'>τίως</span> <span class='ocrx_word' id='word_1_40' title='bbox 511 749 858 821; x_wconf 73' lang='grc' dir='ltr'>φρονοῦντας.</span> <span class='ocrx_word' id='word_1_41' title='bbox 2027 738 2108 805; x_wconf 61' lang='grc' dir='ltr'>(ιιι</span> 
     </span>
    </p>
   </div>
   <div class='ocr_carea' id='block_1_7' title="bbox 1844 730 3605 821">
    <p class='ocr_par' dir='ltr' id='par_1_7' title="bbox 2027 730 3605 805">
     <span class='ocr_line' id='line_1_7' title="bbox 2027 730 3605 805; baseline -0.006 -16"><span class='ocrx_word' id='word_1_42' title='bbox 2027 736 2268 805; x_wconf 88' lang='lat' dir='ltr'><strong>quietem</strong></span> <span class='ocrx_word' id='word_1_43' title='bbox 2315 734 2534 786; x_wconf 75' lang='lat' dir='ltr'><strong>illorum</strong></span> <span class='ocrx_word' id='word_1_44' title='bbox 2569 735 2792 788; x_wconf 86' lang='lat' dir='ltr'><strong>turbare</strong></span> <span class='ocrx_word' id='word_1_45' title='bbox 2841 734 3056 788; x_wconf 89' lang='lat' dir='ltr'><strong>statuit.</strong></span> <span class='ocrx_word' id='word_1_46' title='bbox 3108 732 3174 786; x_wconf 86' lang='lat' dir='ltr'><strong>Et</strong></span> <span class='ocrx_word' id='word_1_47' title='bbox 3226 730 3484 801; x_wconf 89' lang='lat' dir='ltr'><strong>quoniam</strong></span> <span class='ocrx_word' id='word_1_48' title='bbox 3541 741 3605 781; x_wconf 80' lang='lat' dir='ltr'><strong>ex</strong></span> 
     </span>
    </p>
   </div>
   <div class='ocr_carea' id='block_1_8' title="bbox 350 823 3613 915">
    <p class='ocr_par' dir='ltr' id='par_1_8' title="bbox 350 823 3613 915">
     <span class='ocr_line' id='line_1_8' title="bbox 350 823 3613 915; baseline -0.009 -14"><span class='ocrx_word' id='word_1_49' title='bbox 350 847 723 911; x_wconf 78' lang='lat' dir='ltr'><strong>sermonibus,</strong></span> <span class='ocrx_word' id='word_1_50' title='bbox 757 861 898 915; x_wconf 90' lang='lat' dir='ltr'><strong>quos</strong></span> <span class='ocrx_word' id='word_1_51' title='bbox 951 859 1074 898; x_wconf 91' lang='lat' dir='ltr'><strong>cum</strong></span> <span class='ocrx_word' id='word_1_52' title='bbox 1122 842 1229 896; x_wconf 88' lang='lat' dir='ltr'><strong>illis</strong></span> <span class='ocrx_word' id='word_1_53' title='bbox 1283 840 1549 893; x_wconf 76' lang='lat' dir='ltr'><strong>habuerat</strong></span> <span class='ocrx_word' id='word_1_54' title='bbox 1599 836 1728 889; x_wconf 89' lang='lat' dir='ltr'><strong>dum</strong></span> <span class='ocrx_word' id='word_1_55' title='bbox 1786 833 1928 903; x_wconf 90' lang='lat' dir='ltr'><strong>apud</strong></span> <span class='ocrx_word' id='word_1_56' title='bbox 1972 835 2149 903; x_wconf 89' lang='lat' dir='ltr'><strong>ipsum</strong></span> <span class='ocrx_word' id='word_1_57' title='bbox 2191 840 2396 896; x_wconf 88' lang='lat' dir='ltr'><strong>essent,</strong></span> <span class='ocrx_word' id='word_1_58' title='bbox 2427 839 2589 885; x_wconf 89' lang='lat' dir='ltr'><strong>norat</strong></span> <span class='ocrx_word' id='word_1_59' title='bbox 2626 831 2768 893; x_wconf 89' lang='lat' dir='ltr'><strong>illos,</strong></span> <span class='ocrx_word' id='word_1_60' title='bbox 2800 836 2987 900; x_wconf 88' lang='lat' dir='ltr'><strong>utpote</strong></span> <span class='ocrx_word' id='word_1_61' title='bbox 3051 823 3304 894; x_wconf 81' lang='lat' dir='ltr'><strong>Origenis</strong></span> <span class='ocrx_word' id='word_1_62' title='bbox 3374 829 3613 915; x_wconf 75' lang='lat' dir='ltr'><strong>sectato-</strong></span> 
     </span>
    </p>
   </div>
   <div class='ocr_carea' id='block_1_9' title="bbox 351 913 3612 1008">
    <p class='ocr_par' dir='ltr' id='par_1_9' title="bbox 351 913 3612 1008">
     <span class='ocr_line' id='line_1_9' title="bbox 351 913 3612 1008; baseline -0.009 -15"><span class='ocrx_word' id='word_1_63' title='bbox 351 955 460 1003; x_wconf 87' lang='lat' dir='ltr'><strong>res,</strong></span> <span class='ocrx_word' id='word_1_64' title='bbox 497 913 808 1008; x_wconf 83' lang='lat' dir='ltr'><strong>opinionem</strong></span> <span class='ocrx_word' id='word_1_65' title='bbox 847 937 1063 990; x_wconf 91' lang='lat' dir='ltr'><strong>illorum</strong></span> <span class='ocrx_word' id='word_1_66' title='bbox 1110 933 1202 1003; x_wconf 90' lang='lat' dir='ltr'><strong>qui</strong></span> <span class='ocrx_word' id='word_1_67' title='bbox 1270 932 1439 985; x_wconf 90' lang='lat' dir='ltr'><strong>Dcum</strong></span> <span class='ocrx_word' id='word_1_68' title='bbox 1518 928 1760 980; x_wconf 87' lang='lat' dir='ltr'><strong>humana</strong></span> <span class='ocrx_word' id='word_1_69' title='bbox 1820 923 1995 978; x_wconf 83' lang='lat' dir='ltr'><strong>forma</strong></span> <span class='ocrx_word' id='word_1_70' title='bbox 2068 923 2354 992; x_wconf 56' lang='lat' dir='ltr'><strong>pra&#39;ditum</strong></span> <span class='ocrx_word' id='word_1_71' title='bbox 2400 937 2522 977; x_wconf 88' lang='lat' dir='ltr'><strong>esse</strong></span> <span class='ocrx_word' id='word_1_72' title='bbox 2572 922 2828 976; x_wconf 83' lang='lat' dir='ltr'><strong>dicebant</strong></span> <span class='ocrx_word' id='word_1_73' title='bbox 2870 917 3288 987; x_wconf 81' lang='lat' dir='ltr'><strong>reprehendere,</strong></span> <span class='ocrx_word' id='word_1_74' title='bbox 3336 913 3612 967; x_wconf 75' lang='lat' dir='ltr'><strong>commisit</strong></span> 
     </span>
    </p>
   </div>
   <div class='ocr_carea' id='block_1_10' title="bbox 350 1008 3613 1090">
    <p class='ocr_par' dir='ltr' id='par_1_10' title="bbox 350 1008 3613 1090">
     <span class='ocr_line' id='line_1_10' title="bbox 350 1008 3613 1090; baseline -0.011 -2"><span class='ocrx_word' id='word_1_75' title='bbox 350 1049 448 1088; x_wconf 93' lang='lat' dir='ltr'><strong>eos</strong></span> <span class='ocrx_word' id='word_1_76' title='bbox 475 1048 597 1087; x_wconf 90' lang='lat' dir='ltr'><strong>cum</strong></span> <span class='ocrx_word' id='word_1_77' title='bbox 644 1030 992 1086; x_wconf 87' lang='lat' dir='ltr'><strong>multitudine</strong></span> <span class='ocrx_word' id='word_1_78' title='bbox 1040 1027 1430 1080; x_wconf 80' lang='lat' dir='ltr'><strong>monachorum</strong></span> <span class='ocrx_word' id='word_1_79' title='bbox 1463 1021 1554 1090; x_wconf 90' lang='lat' dir='ltr'><strong>qui</strong></span> <span class='ocrx_word' id='word_1_80' title='bbox 1588 1021 1745 1074; x_wconf 85' lang='lat' dir='ltr'><strong>aliter</strong></span> <span class='ocrx_word' id='word_1_81' title='bbox 1795 1016 2126 1072; x_wconf 87' lang='lat' dir='ltr'><strong>sentiebant.</strong></span> <span class='ocrx_word' id='word_1_82' title='bbox 2175 1015 2314 1069; x_wconf 84' lang='lat' dir='ltr'><strong>Hinc</strong></span> <span class='ocrx_word' id='word_1_83' title='bbox 2346 1031 2478 1070; x_wconf 89' lang='lat' dir='ltr'><strong>vero</strong></span> <span class='ocrx_word' id='word_1_84' title='bbox 2549 1015 2875 1086; x_wconf 83' lang='lat' dir='ltr'><strong>gravissima</strong></span> <span class='ocrx_word' id='word_1_85' title='bbox 2940 1009 3222 1067; x_wconf 79' lang='lat' dir='ltr'><strong>contentio</strong></span> <span class='ocrx_word' id='word_1_86' title='bbox 3287 1008 3425 1061; x_wconf 89' lang='lat' dir='ltr'><strong>inter</strong></span> <span class='ocrx_word' id='word_1_87' title='bbox 3493 1019 3613 1056; x_wconf 84' lang='lat' dir='ltr'><strong>mo-</strong></span> 
     </span>
    </p>
   </div>
   <div class='ocr_carea' id='block_1_11' title="bbox 358 1099 3610 1189">
    <p class='ocr_par' dir='ltr' id='par_1_11' title="bbox 358 1099 3610 1189">
     <span class='ocr_line' id='line_1_11' title="bbox 358 1099 3610 1189; baseline -0.009 -11"><span class='ocrx_word' id='word_1_88' title='bbox 358 1124 569 1178; x_wconf 75' lang='lat' dir='ltr'><strong>nat-hos</strong></span> <span class='ocrx_word' id='word_1_89' title='bbox 623 1131 814 1178; x_wconf 78' lang='lat' dir='ltr'><strong>exorta</strong></span> <span class='ocrx_word' id='word_1_90' title='bbox 879 1129 981 1175; x_wconf 90' lang='lat' dir='ltr'><strong>est.</strong></span> <span class='ocrx_word' id='word_1_91' title='bbox 1037 1118 1226 1189; x_wconf 85' lang='lat' dir='ltr'><strong>Neque</strong></span> <span class='ocrx_word' id='word_1_92' title='bbox 1277 1116 1420 1171; x_wconf 88' lang='lat' dir='ltr'><strong>enim</strong></span> <span class='ocrx_word' id='word_1_93' title='bbox 1485 1112 1805 1183; x_wconf 90' lang='lat' dir='ltr'><strong>compositis</strong></span> <span class='ocrx_word' id='word_1_94' title='bbox 1869 1111 1935 1165; x_wconf 88' lang='lat' dir='ltr'><strong>ad</strong></span> <span class='ocrx_word' id='word_1_95' title='bbox 1978 1109 2800 1179; x_wconf 88' lang='lat' dir='ltr'><strong>modestiamdisputationibus</strong></span> <span class='ocrx_word' id='word_1_96' title='bbox 2823 1107 3149 1175; x_wconf 85' lang='lat' dir='ltr'><strong>persuadere</strong></span> <span class='ocrx_word' id='word_1_97' title='bbox 3216 1101 3318 1157; x_wconf 83' lang='lat' dir='ltr'><strong>sibi</strong></span> <span class='ocrx_word' id='word_1_98' title='bbox 3379 1099 3610 1154; x_wconf 77' lang='lat' dir='ltr'><strong>invicem</strong></span> 
     </span>
    </p>
   </div>
   <div class='ocr_carea' id='block_1_12' title="bbox 352 1190 3610 1278">
    <p class='ocr_par' dir='ltr' id='par_1_12' title="bbox 352 1190 3610 1278">
     <span class='ocr_line' id='line_1_12' title="bbox 352 1190 3610 1278; baseline -0.008 -7"><span class='ocrx_word' id='word_1_99' title='bbox 352 1215 714 1278; x_wconf 90' lang='lat' dir='ltr'><strong>conabantur,</strong></span> <span class='ocrx_word' id='word_1_100' title='bbox 745 1213 841 1268; x_wconf 91' lang='lat' dir='ltr'><strong>sed</strong></span> <span class='ocrx_word' id='word_1_101' title='bbox 885 1213 1088 1268; x_wconf 90' lang='lat' dir='ltr'><strong>mutuis</strong></span> <span class='ocrx_word' id='word_1_102' title='bbox 1129 1227 1187 1267; x_wconf 90' lang='lat' dir='ltr'><strong>se</strong></span> <span class='ocrx_word' id='word_1_103' title='bbox 1221 1210 1486 1266; x_wconf 77' lang='lat' dir='ltr'><strong>conviciis</strong></span> <span class='ocrx_word' id='word_1_104' title='bbox 1557 1209 1928 1262; x_wconf 89' lang='lat' dir='ltr'><strong>incessebant.</strong></span> <span class='ocrx_word' id='word_1_105' title='bbox 1971 1205 2150 1274; x_wconf 85' lang='lat' dir='ltr'><strong>Atque</strong></span> <span class='ocrx_word' id='word_1_106' title='bbox 2190 1205 2243 1258; x_wconf 89' lang='lat' dir='ltr'><strong>bi</strong></span> <span class='ocrx_word' id='word_1_107' title='bbox 2280 1202 2524 1273; x_wconf 84' lang='lat' dir='ltr'><strong>quidem,</strong></span> <span class='ocrx_word' id='word_1_108' title='bbox 2551 1218 2645 1258; x_wconf 91' lang='lat' dir='ltr'><strong>eos</strong></span> <span class='ocrx_word' id='word_1_109' title='bbox 2679 1203 2772 1273; x_wconf 87' lang='lat' dir='ltr'><strong>qui</strong></span> <span class='ocrx_word' id='word_1_110' title='bbox 2802 1190 2972 1256; x_wconf 87' lang='lat' dir='ltr'><strong>Deum</strong></span> <span class='ocrx_word' id='word_1_111' title='bbox 3005 1199 3388 1267; x_wconf 66' lang='lat' dir='ltr'><strong>incorporeum</strong></span> <span class='ocrx_word' id='word_1_112' title='bbox 3456 1205 3610 1246; x_wconf 88' lang='lat' dir='ltr'><strong>asse-</strong></span> 
     </span>
    </p>
   </div>
   <div class='ocr_carea' id='block_1_13' title="bbox 352 1297 3020 1380">
    <p class='ocr_par' dir='ltr' id='par_1_13' title="bbox 352 1297 3020 1380">
     <span class='ocr_line' id='line_1_13' title="bbox 352 1297 3020 1380; baseline -0.006 -16"><span class='ocrx_word' id='word_1_113' title='bbox 352 1311 570 1372; x_wconf 85' lang='lat' dir='ltr'><strong>rebaut,</strong></span> <span class='ocrx_word' id='word_1_114' title='bbox 599 1308 939 1380; x_wconf 82' lang='lat' dir='ltr'><strong>Origcnistas</strong></span> <span class='ocrx_word' id='word_1_115' title='bbox 971 1307 1237 1361; x_wconf 87' lang='lat' dir='ltr'><strong>vocabant</strong></span> <span class='ocrx_word' id='word_1_116' title='bbox 1266 1323 1279 1358; x_wconf 94' lang='lat'><strong>:</strong></span> <span class='ocrx_word' id='word_1_117' title='bbox 1312 1305 1387 1358; x_wconf 89' lang='lat' dir='ltr'><strong>illi</strong></span> <span class='ocrx_word' id='word_1_118' title='bbox 1421 1319 1550 1359; x_wconf 81' lang='lat' dir='ltr'><strong>vero</strong></span> <span class='ocrx_word' id='word_1_119' title='bbox 1575 1319 1670 1358; x_wconf 90' lang='lat' dir='ltr'><strong>eos</strong></span> <span class='ocrx_word' id='word_1_120' title='bbox 1699 1303 1793 1373; x_wconf 91' lang='lat' dir='ltr'><strong>qui</strong></span> <span class='ocrx_word' id='word_1_121' title='bbox 1817 1312 2006 1357; x_wconf 87' lang='lat' dir='ltr'><strong>contra</strong></span> <span class='ocrx_word' id='word_1_122' title='bbox 2043 1300 2330 1364; x_wconf 89' lang='lat' dir='ltr'><strong>sentirent,</strong></span> <span class='ocrx_word' id='word_1_123' title='bbox 2358 1297 3020 1368; x_wconf 85' lang='lat' dir='ltr'><strong>Anthropomorphianos.</strong></span> 
     </span>
    </p>
   </div>
   <div class='ocr_carea' id='block_1_14' title="bbox 947 1397 1347 1454">
    <p class='ocr_par' dir='ltr' id='par_1_14' title="bbox 947 1397 1347 1454">
     <span class='ocr_line' id='line_1_14' title="bbox 947 1397 1347 1454; baseline -0.01 0"><span class='ocrx_word' id='word_1_124' title='bbox 947 1401 1206 1454; x_wconf 80' lang='grc' dir='ltr'><strong>ΚΕΦΑΛ.</strong></span> <span class='ocrx_word' id='word_1_125' title='bbox 1247 1397 1347 1451; x_wconf 73' lang='lat' dir='ltr'>II&quot;.</span> 
     </span>
    </p>
   </div>
   <div class='ocr_carea' id='block_1_15' title="bbox 366 1484 1942 1559">
    <p class='ocr_par' dir='ltr' id='par_1_15' title="bbox 366 1484 1942 1559">
     <span class='ocr_line' id='line_1_15' title="bbox 366 1484 1942 1559; baseline -0.006 -11"><span class='ocrx_word' id='word_1_126' title='bbox 366 1484 466 1559; x_wconf 67' lang='grc' dir='ltr'>Ὠς</span> <span class='ocrx_word' id='word_1_127' title='bbox 520 1496 574 1546; x_wconf 81' lang='lat' dir='ltr'><strong>vI</strong></span> <span class='ocrx_word' id='word_1_128' title='bbox 611 1493 784 1546; x_wconf 70' lang='grc' dir='ltr'><strong>αὐτοὶ</strong></span> <span class='ocrx_word' id='word_1_129' title='bbox 835 1490 1056 1558; x_wconf 76' lang='lat' dir='ltr'><strong>Maxpol</strong></span> <span class='ocrx_word' id='word_1_130' title='bbox 1107 1489 1204 1542; x_wconf 84' lang='grc' dir='ltr'>διὰ</span> <span class='ocrx_word' id='word_1_131' title='bbox 1253 1488 1359 1541; x_wconf 76' lang='grc' dir='ltr'><strong>τὸν</strong></span> <span class='ocrx_word' id='word_1_132' title='bbox 1409 1487 1592 1554; x_wconf 74' lang='grc' dir='ltr'><strong>ζῆλον</strong></span> <span class='ocrx_word' id='word_1_133' title='bbox 1652 1486 1942 1559; x_wconf 69' lang='grc' dir='ltr'>Ἰωάννου,</span> 
     </span>
    </p>
   </div>
   <div class='ocr_carea' id='block_1_16' title="bbox 427 1555 1945 1630">
    <p class='ocr_par' dir='ltr' id='par_1_16' title="bbox 427 1555 1945 1630">
     <span class='ocr_line' id='line_1_16' title="bbox 427 1555 1945 1630; baseline -0.005 -15"><span class='ocrx_word' id='word_1_134' title='bbox 427 1555 588 1626; x_wconf 77' lang='grc' dir='ltr'><strong>ἀὺτῷ</strong></span> <span class='ocrx_word' id='word_1_135' title='bbox 613 1555 1033 1630; x_wconf 71' lang='grc' dir='ltr'>προσχωροῦὶγι</span> <span class='ocrx_word' id='word_1_136' title='bbox 1054 1559 1196 1630; x_wconf 9' lang='grc' dir='ltr'>’ᾐκαὶ</span> <span class='ocrx_word' id='word_1_137' title='bbox 1223 1561 1302 1624; x_wconf 81' lang='grc' dir='ltr'><strong>ὡς</strong></span> <span class='ocrx_word' id='word_1_138' title='bbox 1335 1559 1611 1630; x_wconf 64' lang='grc' dir='ltr'>ἐντεῦθεν</span> <span class='ocrx_word' id='word_1_139' title='bbox 1633 1555 1945 1625; x_wconf 82' lang='grc' dir='ltr'><strong>ἀχθεσθεὶς</strong></span> 
     </span>
    </p>
   </div>
   <div class='ocr_carea' id='block_1_17' title="bbox 430 1626 1597 1701">
    <p class='ocr_par' dir='ltr' id='par_1_17' title="bbox 430 1626 1597 1701">
     <span class='ocr_line' id='line_1_17' title="bbox 430 1626 1597 1701; baseline -0.006 -14"><span class='ocrx_word' id='word_1_140' title='bbox 430 1626 740 1701; x_wconf 58' lang='grc' dir='ltr'>Θεόφιλος,</span> <span class='ocrx_word' id='word_1_141' title='bbox 774 1626 930 1684; x_wconf 65' lang='grc' dir='ltr'>’κατὰ</span> <span class='ocrx_word' id='word_1_142' title='bbox 971 1628 1246 1683; x_wconf 76' lang='grc' dir='ltr'><strong>Ἰωάννου</strong></span> <span class='ocrx_word' id='word_1_143' title='bbox 1280 1626 1597 1688; x_wconf 73' lang='grc' dir='ltr'>ὀπλίζεται.</span> 
     </span>
    </p>
   </div>
   <div class='ocr_carea' id='block_1_18' title="bbox 428 1779 1930 1857">
    <p class='ocr_par' dir='ltr' id='par_1_18' title="bbox 428 1779 1930 1857">
     <span class='ocr_line' id='line_1_18' title="bbox 428 1779 1930 1857; baseline -0.008 -15"><span class='ocrx_word' id='word_1_144' title='bbox 428 1788 749 1857; x_wconf 77' lang='grc' dir='ltr'>Αίσθόμενοι</span> <span class='ocrx_word' id='word_1_145' title='bbox 793 1783 848 1838; x_wconf 80' lang='grc' dir='ltr'>δὲ</span> <span class='ocrx_word' id='word_1_146' title='bbox 889 1784 987 1853; x_wconf 85' lang='grc' dir='ltr'>τῆς</span> <span class='ocrx_word' id='word_1_147' title='bbox 1039 1780 1326 1849; x_wconf 77' lang='grc' dir='ltr'>ἐπιϐουλῆς</span> <span class='ocrx_word' id='word_1_148' title='bbox 1372 1779 1421 1831; x_wconf 82' lang='grc' dir='ltr'><strong>οἱ</strong></span> <span class='ocrx_word' id='word_1_149' title='bbox 1471 1780 1599 1850; x_wconf 75' lang='grc' dir='ltr'>περὶ</span> <span class='ocrx_word' id='word_1_150' title='bbox 1644 1779 1930 1844; x_wconf 77' lang='grc' dir='ltr'>Διόσκορον</span> 
     </span>
    </p>
   </div>
   <div class='ocr_carea' id='block_1_19' title="bbox 2630 1387 2967 1444">
    <p class='ocr_par' dir='ltr' id='par_1_19' title="bbox 2630 1387 2967 1444">
     <span class='ocr_line' id='line_1_19' title="bbox 2630 1387 2967 1444; baseline -0.006 0"><span class='ocrx_word' id='word_1_151' title='bbox 2630 1388 2784 1444; x_wconf 84' lang='lat' dir='ltr'><strong>CAP.</strong></span> <span class='ocrx_word' id='word_1_152' title='bbox 2833 1387 2967 1442; x_wconf 79' lang='lat' dir='ltr'>XIII.</span> 
     </span>
    </p>
   </div>
   <div class='ocr_carea' id='block_1_20' title="bbox 2042 1472 3612 1549">
    <p class='ocr_par' dir='ltr' id='par_1_20' title="bbox 2042 1472 3612 1549">
     <span class='ocr_line' id='line_1_20' title="bbox 2042 1472 3612 1549; baseline -0.007 -13"><span class='ocrx_word' id='word_1_153' title='bbox 2042 1483 2317 1549; x_wconf 81' lang='lat' dir='ltr'><strong>Quomodo</strong></span> <span class='ocrx_word' id='word_1_154' title='bbox 2354 1483 2517 1536; x_wconf 84' lang='lat' dir='ltr'><strong>iidem</strong></span> <span class='ocrx_word' id='word_1_155' title='bbox 2565 1481 2809 1534; x_wconf 83' lang='lat' dir='ltr'><strong>monac/ii</strong></span> <span class='ocrx_word' id='word_1_156' title='bbox 2855 1479 2922 1530; x_wconf 83' lang='lat' dir='ltr'><strong>ad</strong></span> <span class='ocrx_word' id='word_1_157' title='bbox 2961 1476 3218 1530; x_wconf 75' lang='lat' dir='ltr'><strong>Joannem</strong></span> <span class='ocrx_word' id='word_1_158' title='bbox 3261 1472 3612 1549; x_wconf 72' lang='lat' dir='ltr'><strong>confugerint,</strong></span> 
     </span>
    </p>
   </div>
   <div class='ocr_carea' id='block_1_21' title="bbox 2104 1545 3614 1624">
    <p class='ocr_par' dir='ltr' id='par_1_21' title="bbox 2104 1545 3614 1624">
     <span class='ocr_line' id='line_1_21' title="bbox 2104 1545 3614 1624; baseline -0.007 -17"><span class='ocrx_word' id='word_1_159' title='bbox 2104 1555 2170 1607; x_wconf 81' lang='lat' dir='ltr'><strong>ob</strong></span> <span class='ocrx_word' id='word_1_160' title='bbox 2221 1553 2545 1624; x_wconf 65' lang='lat' dir='ltr'><strong>singularem</strong></span> <span class='ocrx_word' id='word_1_161' title='bbox 2603 1553 2714 1624; x_wconf 68' lang='lat' dir='ltr'><strong>eius</strong></span> <span class='ocrx_word' id='word_1_162' title='bbox 2774 1551 3018 1624; x_wconf 66' lang='lat' dir='ltr'><strong>virtutem</strong></span> <span class='ocrx_word' id='word_1_163' title='bbox 3060 1561 3078 1599; x_wconf 90' lang='lat'><em>:</em></span> <span class='ocrx_word' id='word_1_164' title='bbox 3117 1557 3162 1624; x_wconf 82' lang='lat' dir='ltr'><strong>e_t</strong></span> <span class='ocrx_word' id='word_1_165' title='bbox 3214 1548 3473 1624; x_wconf 75' lang='lat' dir='ltr'><strong>quomodo</strong></span> <span class='ocrx_word' id='word_1_166' title='bbox 3517 1545 3614 1596; x_wconf 76' lang='lat' dir='ltr'><strong>hac</strong></span> 
     </span>
    </p>
   </div>
   <div class='ocr_carea' id='block_1_22' title="bbox 2115 1615 3615 1690">
    <p class='ocr_par' dir='ltr' id='par_1_22' title="bbox 2115 1615 3615 1690">
     <span class='ocr_line' id='line_1_22' title="bbox 2115 1615 3615 1690; baseline -0.006 -16"><span class='ocrx_word' id='word_1_167' title='bbox 2115 1625 2180 1676; x_wconf 86' lang='lat' dir='ltr'><strong>de</strong></span> <span class='ocrx_word' id='word_1_168' title='bbox 2227 1615 2391 1676; x_wconf 64' lang='lat' dir='ltr'><strong>causa</strong></span> <span class='ocrx_word' id='word_1_169' title='bbox 2448 1621 2760 1690; x_wconf 80' lang='lat' dir='ltr'><strong>Theophilus</strong></span> <span class='ocrx_word' id='word_1_170' title='bbox 2813 1619 3065 1672; x_wconf 81' lang='lat' dir='ltr'><strong>adversus</strong></span> <span class='ocrx_word' id='word_1_171' title='bbox 3121 1615 3380 1668; x_wconf 86' lang='lat' dir='ltr'><strong>Joannem</strong></span> <span class='ocrx_word' id='word_1_172' title='bbox 3436 1616 3615 1667; x_wconf 85' lang='lat' dir='ltr'><strong>insur-</strong></span> 
     </span>
    </p>
   </div>
   <div class='ocr_carea' id='block_1_23' title="bbox 2116 1695 2328 1745">
    <p class='ocr_par' dir='ltr' id='par_1_23' title="bbox 2116 1695 2328 1745">
     <span class='ocr_line' id='line_1_23' title="bbox 2116 1695 2328 1745; baseline 0.005 -1"><span class='ocrx_word' id='word_1_173' title='bbox 2116 1695 2328 1745; x_wconf 76' lang='lat' dir='ltr'><strong>rexerit.</strong></span> 
     </span>
    </p>
   </div>
   <div class='ocr_carea' id='block_1_24' title="bbox 2113 1778 3614 1848">
    <p class='ocr_par' dir='ltr' id='par_1_24' title="bbox 2113 1778 3614 1848">
     <span class='ocr_line' id='line_1_24' title="bbox 2113 1778 3614 1848; baseline -0.002 -14"><span class='ocrx_word' id='word_1_174' title='bbox 2113 1781 2288 1836; x_wconf 92' lang='lat' dir='ltr'><strong>Porro</strong></span> <span class='ocrx_word' id='word_1_175' title='bbox 2318 1782 2618 1838; x_wconf 89' lang='lat' dir='ltr'><strong>Dioscorus</strong></span> <span class='ocrx_word' id='word_1_176' title='bbox 2644 1789 2696 1836; x_wconf 93' lang='lat' dir='ltr'><strong>et</strong></span> <span class='ocrx_word' id='word_1_177' title='bbox 2721 1781 3042 1836; x_wconf 86' lang='lat' dir='ltr'><strong>Ammonius</strong></span> <span class='ocrx_word' id='word_1_178' title='bbox 3068 1794 3131 1834; x_wconf 92' lang='lat' dir='ltr'><strong>ac</strong></span> <span class='ocrx_word' id='word_1_179' title='bbox 3171 1778 3390 1848; x_wconf 86' lang='lat' dir='ltr'><strong>reliqui,</strong></span> <span class='ocrx_word' id='word_1_180' title='bbox 3420 1779 3614 1848; x_wconf 78' lang='lat' dir='ltr'><strong>cogni-</strong></span> 
     </span>
    </p>
   </div>
   <div class='ocr_carea' id='block_1_25' title="bbox 356 1866 2117 1950">
    <p class='ocr_par' dir='ltr' id='par_1_25' title="bbox 356 1866 2110 1950">
     <span class='ocr_line' id='line_1_25' title="bbox 356 1866 2110 1950; baseline -0.01 -14"><span class='ocrx_word' id='word_1_181' title='bbox 356 1882 453 1936; x_wconf 72' lang='grc' dir='ltr'>καὶ</span> <span class='ocrx_word' id='word_1_182' title='bbox 483 1879 810 1950; x_wconf 83' lang='grc' dir='ltr'><strong>Ἀμμώνιον,</strong></span> <span class='ocrx_word' id='word_1_183' title='bbox 839 1875 1191 1945; x_wconf 79' lang='grc' dir='ltr'><strong>ἀνεχώρησαν</strong></span> <span class='ocrx_word' id='word_1_184' title='bbox 1224 1873 1304 1934; x_wconf 83' lang='grc' dir='ltr'><strong>είς</strong></span> <span class='ocrx_word' id='word_1_185' title='bbox 1338 1871 1680 1941; x_wconf 87' lang='grc' dir='ltr'>Ἰεροσόλυμα</span> <span class='ocrx_word' id='word_1_186' title='bbox 1698 1884 1712 1898; x_wconf 90' lang='grc'><strong>·</strong></span> <span class='ocrx_word' id='word_1_187' title='bbox 1754 1869 1941 1922; x_wconf 79' lang='grc' dir='ltr'>κάκεῖ·</span> <span class='ocrx_word' id='word_1_188' title='bbox 1970 1866 2011 1921; x_wconf 85' lang='grc' dir='ltr'><strong>Β</strong></span> <span class='ocrx_word' id='word_1_189' title='bbox 2040 1873 2110 1927; x_wconf 83' lang='lat' dir='ltr'><strong>tis</strong></span> 
     </span>
    </p>
   </div>
   <div class='ocr_carea' id='block_1_26' title="bbox 1850 1866 3611 1950">
    <p class='ocr_par' dir='ltr' id='par_1_26' title="bbox 1850 1866 3611 1942">
     <span class='ocr_line' id='line_1_26' title="bbox 1850 1866 3611 1942; baseline 0.002 -23"><span class='ocrx_word' id='word_1_190' title='bbox 1850 1869 1941 1920; x_wconf 83' lang='grc' dir='ltr'><strong>ιεί-</strong></span> <span class='ocrx_word' id='word_1_191' title='bbox 1970 1866 2011 1921; x_wconf 85' lang='grc' dir='ltr'><strong>Β</strong></span> <span class='ocrx_word' id='word_1_192' title='bbox 2040 1873 2110 1927; x_wconf 91' lang='lat' dir='ltr'><strong>tis</strong></span> <span class='ocrx_word' id='word_1_193' title='bbox 2131 1871 2414 1942; x_wconf 88' lang='lat' dir='ltr'><strong>Theophili</strong></span> <span class='ocrx_word' id='word_1_194' title='bbox 2440 1873 2675 1939; x_wconf 91' lang='lat' dir='ltr'><strong>insidiis,</strong></span> <span class='ocrx_word' id='word_1_195' title='bbox 2702 1871 3132 1941; x_wconf 78' lang='lat' dir='ltr'><strong>Hierosolymam</strong></span> <span class='ocrx_word' id='word_1_196' title='bbox 3154 1887 3211 1926; x_wconf 90' lang='lat' dir='ltr'><strong>se</strong></span> <span class='ocrx_word' id='word_1_197' title='bbox 3232 1870 3611 1925; x_wconf 89' lang='lat' dir='ltr'><strong>contulerunt:</strong></span> 
     </span>
    </p>
   </div>
   <div class='ocr_carea' id='block_1_27' title="bbox 357 1961 1944 2035">
    <p class='ocr_par' dir='ltr' id='par_1_27' title="bbox 357 1961 1944 2035">
     <span class='ocr_line' id='line_1_27' title="bbox 357 1961 1944 2035; baseline -0.013 -9"><span class='ocrx_word' id='word_1_198' title='bbox 357 1974 450 2026; x_wconf 85' lang='grc' dir='ltr'><strong>θεν</strong></span> <span class='ocrx_word' id='word_1_199' title='bbox 497 1975 574 2034; x_wconf 83' lang='grc' dir='ltr'><strong>εἰς</strong></span> <span class='ocrx_word' id='word_1_200' title='bbox 624 1968 954 2022; x_wconf 85' lang='grc' dir='ltr'>Σκυθόπολιν</span> <span class='ocrx_word' id='word_1_201' title='bbox 985 1961 1206 2035; x_wconf 76' lang='grc' dir='ltr'><strong>1ιῆκον,</strong></span> <span class='ocrx_word' id='word_1_202' title='bbox 1252 1961 1562 2032; x_wconf 76' lang='grc' dir='ltr'>ἐπιτηδείαν</span> <span class='ocrx_word' id='word_1_203' title='bbox 1604 1961 1944 2030; x_wconf 74' lang='grc' dir='ltr'><strong>ἡγησάμενοι</strong></span> 
     </span>
    </p>
   </div>
   <div class='ocr_carea' id='block_1_28' title="bbox 355 2043 1944 2136">
    <p class='ocr_par' dir='ltr' id='par_1_28' title="bbox 355 2043 1944 2136">
     <span class='ocr_line' id='line_1_28' title="bbox 355 2043 1944 2136; baseline -0.009 -18"><span class='ocrx_word' id='word_1_204' title='bbox 355 2067 455 2136; x_wconf 82' lang='grc' dir='ltr'><strong>τὴν</strong></span> <span class='ocrx_word' id='word_1_205' title='bbox 495 2063 678 2116; x_wconf 71' lang='grc' dir='ltr'>ἐνθάδε</span> <span class='ocrx_word' id='word_1_206' title='bbox 724 2061 933 2131; x_wconf 71' lang='grc' dir='ltr'>οἴκησιν</span> <span class='ocrx_word' id='word_1_207' title='bbox 981 2057 1068 2110; x_wconf 74' lang='grc' dir='ltr'><strong>διὰ</strong></span> <span class='ocrx_word' id='word_1_208' title='bbox 1119 2058 1240 2119; x_wconf 79' lang='grc' dir='ltr'>τοὺς</span> <span class='ocrx_word' id='word_1_209' title='bbox 1298 2054 1523 2116; x_wconf 70' lang='grc' dir='ltr'>πολλοὺς</span> <span class='ocrx_word' id='word_1_210' title='bbox 1567 2051 1832 2120; x_wconf 82' lang='grc' dir='ltr'>φοίνικας,</span> <span class='ocrx_word' id='word_1_211' title='bbox 1871 2043 1944 2104; x_wconf 83' lang='grc' dir='ltr'>ὧν</span> 
     </span>
    </p>
   </div>
   <div class='ocr_carea' id='block_1_29' title="bbox 358 2145 1945 2226">
    <p class='ocr_par' dir='ltr' id='par_1_29' title="bbox 358 2145 1945 2226">
     <span class='ocr_line' id='line_1_29' title="bbox 358 2145 1945 2226; baseline -0.009 -18"><span class='ocrx_word' id='word_1_212' title='bbox 358 2159 474 2219; x_wconf 86' lang='grc' dir='ltr'>τοῖς</span> <span class='ocrx_word' id='word_1_213' title='bbox 511 2154 726 2224; x_wconf 75' lang='grc' dir='ltr'>φύλλοις</span> <span class='ocrx_word' id='word_1_214' title='bbox 766 2151 1003 2222; x_wconf 81' lang='grc' dir='ltr'>ἐχρῶντο</span> <span class='ocrx_word' id='word_1_215' title='bbox 1034 2148 1167 2218; x_wconf 82' lang='grc' dir='ltr'>πρὸς</span> <span class='ocrx_word' id='word_1_216' title='bbox 1199 2147 1267 2198; x_wconf 78' lang='grc' dir='ltr'>τὰ</span> <span class='ocrx_word' id='word_1_217' title='bbox 1304 2145 1530 2226; x_wconf 77' lang='grc' dir='ltr'><strong>εἰωθότα</strong></span> <span class='ocrx_word' id='word_1_218' title='bbox 1556 2145 1668 2204; x_wconf 82' lang='grc' dir='ltr'>τοῖς</span> <span class='ocrx_word' id='word_1_219' title='bbox 1695 2145 1945 2212; x_wconf 85' lang='grc' dir='ltr'>μοναχοῖς</span> 
     </span>
    </p>
   </div>
   <div class='ocr_carea' id='block_1_30' title="bbox 360 2233 1938 2317">
    <p class='ocr_par' dir='ltr' id='par_1_30' title="bbox 360 2233 1938 2317">
     <span class='ocr_line' id='line_1_30' title="bbox 360 2233 1938 2317; baseline -0.01 -17"><span class='ocrx_word' id='word_1_220' title='bbox 360 2246 519 2317; x_wconf 73' lang='grc' dir='ltr'>ἔργα.</span> <span class='ocrx_word' id='word_1_221' title='bbox 553 2245 782 2297; x_wconf 82' lang='grc' dir='ltr'>Εἴποντο</span> <span class='ocrx_word' id='word_1_222' title='bbox 819 2243 926 2310; x_wconf 77' lang='grc' dir='ltr'><strong>γὰρ</strong></span> <span class='ocrx_word' id='word_1_223' title='bbox 959 2239 1138 2300; x_wconf 68' lang='grc' dir='ltr'>αὖτοῖς</span> <span class='ocrx_word' id='word_1_224' title='bbox 1184 2236 1326 2305; x_wconf 68' lang='grc' dir='ltr'>ἀμφὶ</span> <span class='ocrx_word' id='word_1_225' title='bbox 1359 2234 1548 2304; x_wconf 80' lang='grc' dir='ltr'>ἄνδρες</span> <span class='ocrx_word' id='word_1_226' title='bbox 1593 2233 1938 2302; x_wconf 76' lang='grc' dir='ltr'>ὀγδοήκοντα.</span> 
     </span>
    </p>
   </div>
   <div class='ocr_carea' id='block_1_31' title="bbox 372 2326 1940 2406">
    <p class='ocr_par' dir='ltr' id='par_1_31' title="bbox 372 2326 1940 2406">
     <span class='ocr_line' id='line_1_31' title="bbox 372 2326 1940 2406; baseline -0.011 -14"><span class='ocrx_word' id='word_1_227' title='bbox 372 2340 460 2391; x_wconf 87' lang='grc' dir='ltr'><strong>Ἐν</strong></span> <span class='ocrx_word' id='word_1_228' title='bbox 497 2338 671 2406; x_wconf 87' lang='grc' dir='ltr'>τούτῳ</span> <span class='ocrx_word' id='word_1_229' title='bbox 703 2335 757 2387; x_wconf 80' lang='grc' dir='ltr'>δὲ</span> <span class='ocrx_word' id='word_1_230' title='bbox 787 2332 1042 2400; x_wconf 64' lang='grc' dir='ltr'>Θεόφιλος</span> <span class='ocrx_word' id='word_1_231' title='bbox 1095 2329 1300 2399; x_wconf 82' lang='grc' dir='ltr'>πέμπει</span> <span class='ocrx_word' id='word_1_232' title='bbox 1345 2326 1498 2389; x_wconf 85' lang='grc' dir='ltr'>τινὰς</span> <span class='ocrx_word' id='word_1_233' title='bbox 1514 2327 1617 2388; x_wconf 88' lang='grc' dir='ltr'>··εἰς</span> <span class='ocrx_word' id='word_1_234' title='bbox 1651 2327 1940 2378; x_wconf 52' lang='grc' dir='ltr'>Κιυνστανφ</span> 
     </span>
    </p>
   </div>
   <div class='ocr_carea' id='block_1_32' title="bbox 357 2415 1941 2494">
    <p class='ocr_par' dir='ltr' id='par_1_32' title="bbox 357 2415 1941 2494">
     <span class='ocr_line' id='line_1_32' title="bbox 357 2415 1941 2494; baseline -0.01 -14"><span class='ocrx_word' id='word_1_235' title='bbox 357 2426 684 2489; x_wconf 86' lang='grc' dir='ltr'>τινούπολιν,</span> <span class='ocrx_word' id='word_1_236' title='bbox 722 2425 835 2494; x_wconf 73' lang='grc' dir='ltr'>ἅμα</span> <span class='ocrx_word' id='word_1_237' title='bbox 868 2439 925 2474; x_wconf 84' lang='grc' dir='ltr'>τε</span> <span class='ocrx_word' id='word_1_238' title='bbox 971 2421 1088 2473; x_wconf 83' lang='grc' dir='ltr'>κατ’</span> <span class='ocrx_word' id='word_1_239' title='bbox 1131 2415 1604 2476; x_wconf 72' lang='grc' dir='ltr'>αύτῶνδιαϐολὰς</span> <span class='ocrx_word' id='word_1_240' title='bbox 1653 2431 1941 2484; x_wconf 83' lang='grc' dir='ltr'>προπαρα-</span> 
     </span>
    </p>
   </div>
   <div class='ocr_carea' id='block_1_33' title="bbox 362 2505 1943 2583">
    <p class='ocr_par' dir='ltr' id='par_1_33' title="bbox 362 2505 1943 2583">
     <span class='ocr_line' id='line_1_33' title="bbox 362 2505 1943 2583; baseline -0.011 -10"><span class='ocrx_word' id='word_1_241' title='bbox 362 2510 754 2579; x_wconf 78' lang='grc' dir='ltr'>σκευάσοντας,</span> <span class='ocrx_word' id='word_1_242' title='bbox 783 2516 875 2568; x_wconf 70' lang='grc' dir='ltr'><strong>καὶ</strong></span> <span class='ocrx_word' id='word_1_243' title='bbox 906 2515 952 2566; x_wconf 88' lang='grc' dir='ltr'><strong>εί</strong></span> <span class='ocrx_word' id='word_1_244' title='bbox 985 2511 1246 2583; x_wconf 83' lang='grc' dir='ltr'>βασιλέως</span> <span class='ocrx_word' id='word_1_245' title='bbox 1275 2511 1399 2580; x_wconf 85' lang='grc' dir='ltr'>περί</span> <span class='ocrx_word' id='word_1_246' title='bbox 1428 2526 1519 2561; x_wconf 89' lang='grc' dir='ltr'><strong>του</strong></span> <span class='ocrx_word' id='word_1_247' title='bbox 1550 2505 1766 2568; x_wconf 74' lang='grc' dir='ltr'>δέοιντο,</span> <span class='ocrx_word' id='word_1_248' title='bbox 1796 2507 1943 2558; x_wconf 81' lang='grc' dir='ltr'>ἀντι-</span> 
     </span>
    </p>
   </div>
   <div class='ocr_carea' id='block_1_34' title="bbox 360 2594 1940 2681">
    <p class='ocr_par' dir='ltr' id='par_1_34' title="bbox 360 2594 1940 2681">
     <span class='ocr_line' id='line_1_34' title="bbox 360 2594 1940 2681; baseline -0.011 -18"><span class='ocrx_word' id='word_1_249' title='bbox 360 2610 686 2681; x_wconf 78' lang='grc' dir='ltr'>πράξοντας.</span> <span class='ocrx_word' id='word_1_250' title='bbox 716 2606 988 2665; x_wconf 79' lang='grc' dir='ltr'>Μαθὸντες</span> <span class='ocrx_word' id='word_1_251' title='bbox 1017 2603 1070 2654; x_wconf 78' lang='grc' dir='ltr'>δὲ</span> <span class='ocrx_word' id='word_1_252' title='bbox 1099 2601 1222 2654; x_wconf 78' lang='grc' dir='ltr'>τάδε</span> <span class='ocrx_word' id='word_1_253' title='bbox 1250 2601 1295 2652; x_wconf 88' lang='grc' dir='ltr'>οί</span> <span class='ocrx_word' id='word_1_254' title='bbox 1325 2600 1462 2668; x_wconf 75' lang='grc' dir='ltr'>ἀμφὶ</span> <span class='ocrx_word' id='word_1_255' title='bbox 1487 2597 1576 2650; x_wconf 72' lang='grc' dir='ltr'><strong>τὸν</strong></span> <span class='ocrx_word' id='word_1_256' title='bbox 1615 2594 1940 2665; x_wconf 76' lang='grc' dir='ltr'>’Λμμώνιον,</span> 
     </span>
    </p>
   </div>
   <div class='ocr_carea' id='block_1_35' title="bbox 361 2688 1942 2761">
    <p class='ocr_par' dir='ltr' id='par_1_35' title="bbox 361 2688 1942 2761">
     <span class='ocr_line' id='line_1_35' title="bbox 361 2688 1942 2761; baseline -0.011 -5"><span class='ocrx_word' id='word_1_257' title='bbox 361 2702 712 2757; x_wconf 76' lang='grc' dir='ltr'><strong>ἀπέπλευσαν</strong></span> <span class='ocrx_word' id='word_1_258' title='bbox 765 2700 844 2761; x_wconf 82' lang='grc' dir='ltr'><strong>είς</strong></span> <span class='ocrx_word' id='word_1_259' title='bbox 886 2691 1482 2748; x_wconf 76' lang='grc' dir='ltr'>Κωνπαντινούπολιν’</span> <span class='ocrx_word' id='word_1_260' title='bbox 1518 2690 1613 2741; x_wconf 75' lang='grc' dir='ltr'>σὺν</span> <span class='ocrx_word' id='word_1_261' title='bbox 1655 2689 1837 2750; x_wconf 75' lang='grc' dir='ltr'>αὐτοῖς</span> <span class='ocrx_word' id='word_1_262' title='bbox 1870 2688 1942 2739; x_wconf 75' lang='grc' dir='ltr'><strong>,δὲ</strong></span> 
     </span>
    </p>
   </div>
   <div class='ocr_carea' id='block_1_36' title="bbox 362 2775 1944 2857">
    <p class='ocr_par' dir='ltr' id='par_1_36' title="bbox 362 2775 1944 2857">
     <span class='ocr_line' id='line_1_36' title="bbox 362 2775 1944 2857; baseline -0.009 -13"><span class='ocrx_word' id='word_1_263' title='bbox 362 2775 457 2844; x_wconf 75' lang='grc' dir='ltr'>καὶ</span> <span class='ocrx_word' id='word_1_264' title='bbox 499 2790 782 2857; x_wconf 75' lang='grc' dir='ltr'>Ἰσίδωρος.</span> <span class='ocrx_word' id='word_1_265' title='bbox 842 2787 1007 2854; x_wconf 80' lang='grc' dir='ltr'>Κοινῇ</span> <span class='ocrx_word' id='word_1_266' title='bbox 1056 2799 1113 2836; x_wconf 88' lang='grc' dir='ltr'>τε</span> <span class='ocrx_word' id='word_1_267' title='bbox 1160 2779 1511 2841; x_wconf 77' lang='grc' dir='ltr'><strong>ἐσπούδαζον,</strong></span> <span class='ocrx_word' id='word_1_268' title='bbox 1544 2778 1704 2849; x_wconf 74' lang='grc' dir='ltr'>παρᾶ</span> <span class='ocrx_word' id='word_1_269' title='bbox 1737 2778 1944 2848; x_wconf 86' lang='grc' dir='ltr'>βασιλεῖ</span> 
     </span>
    </p>
   </div>
   <div class='ocr_carea' id='block_1_37' title="bbox 362 2869 1939 2951">
    <p class='ocr_par' dir='ltr' id='par_1_37' title="bbox 362 2869 1939 2951">
     <span class='ocr_line' id='line_1_37' title="bbox 362 2869 1939 2951; baseline -0.008 -17"><span class='ocrx_word' id='word_1_270' title='bbox 362 2885 522 2951; x_wconf 84' lang='grc' dir='ltr'>κριτῇ</span> <span class='ocrx_word' id='word_1_271' title='bbox 557 2881 649 2931; x_wconf 79' lang='grc' dir='ltr'>καὶ</span> <span class='ocrx_word' id='word_1_272' title='bbox 693 2876 912 2950; x_wconf 79' lang='grc' dir='ltr'><strong>Ἰωάννῃ</strong></span> <span class='ocrx_word' id='word_1_273' title='bbox 936 2876 1011 2945; x_wconf 75' lang='grc' dir='ltr'><strong>τῷ</strong></span> <span class='ocrx_word' id='word_1_274' title='bbox 1047 2873 1330 2942; x_wconf 78' lang='grc' dir='ltr'>ἑπισκὸπῳ</span> <span class='ocrx_word' id='word_1_275' title='bbox 1361 2869 1673 2940; x_wconf 44' lang='lat' dir='ltr'><strong>summa;</strong></span> <span class='ocrx_word' id='word_1_276' title='bbox 1697 2871 1795 2932; x_wconf 66' lang='lat' dir='ltr'><strong>vi;</strong></span> <span class='ocrx_word' id='word_1_277' title='bbox 1823 2871 1939 2922; x_wconf 83' lang='grc' dir='ltr'>κατ’</span> 
     </span>
    </p>
   </div>
   <div class='ocr_carea' id='block_1_38' title="bbox 361 2963 1943 3038">
    <p class='ocr_par' dir='ltr' id='par_1_38' title="bbox 361 2963 1943 3038">
     <span class='ocr_line' id='line_1_38' title="bbox 361 2963 1943 3038; baseline -0.007 -12"><span class='ocrx_word' id='word_1_278' title='bbox 361 2973 543 3026; x_wconf 70' lang='grc' dir='ltr'>αὐτῶν</span> <span class='ocrx_word' id='word_1_279' title='bbox 594 2970 902 3030; x_wconf 76' lang='grc' dir='ltr'>ἐπιϐουλάς.</span> <span class='ocrx_word' id='word_1_280' title='bbox 956 2971 1144 3038; x_wconf 80' lang='grc' dir='ltr'>’ῼοντο</span> <span class='ocrx_word' id='word_1_281' title='bbox 1195 2966 1300 3034; x_wconf 75' lang='grc' dir='ltr'>γὰρ</span> <span class='ocrx_word' id='word_1_282' title='bbox 1370 2964 1576 3017; x_wconf 77' lang='grc' dir='ltr'>ἐνδίκου</span> <span class='ocrx_word' id='word_1_283' title='bbox 1634 2963 1943 3034; x_wconf 69' lang='grc' dir='ltr'>παρρησίας</span> 
     </span>
    </p>
   </div>
   <div class='ocr_carea' id='block_1_39' title="bbox 361 3042 1943 3134">
    <p class='ocr_par' dir='ltr' id='par_1_39' title="bbox 361 3057 1943 3134">
     <span class='ocr_line' id='line_1_39' title="bbox 361 3057 1943 3134; baseline -0.008 -14"><span class='ocrx_word' id='word_1_284' title='bbox 361 3069 524 3120; x_wconf 54' lang='lat' dir='ltr'><strong>aet“)</strong></span> <span class='ocrx_word' id='word_1_285' title='bbox 579 3062 1026 3134; x_wconf 59' lang='grc' dir='ltr'>ἐπιμελούμενον,</span> <span class='ocrx_word' id='word_1_286' title='bbox 1081 3058 1336 3112; x_wconf 76' lang='grc' dir='ltr'>δύνασθαι</span> <span class='ocrx_word' id='word_1_287' title='bbox 1387 3057 1453 3110; x_wconf 74' lang='grc' dir='ltr'>τὰ</span> <span class='ocrx_word' id='word_1_288' title='bbox 1500 3057 1679 3109; x_wconf 74' lang='grc' dir='ltr'>δίκαια</span> <span class='ocrx_word' id='word_1_289' title='bbox 1730 3058 1943 3126; x_wconf 76' lang='grc' dir='ltr'>βοηθεῖν</span> 
     </span>
    </p>
   </div>
   <div class='ocr_carea' id='block_1_40' title="bbox 363 3133 1944 3222">
    <p class='ocr_par' dir='ltr' id='par_1_40' title="bbox 363 3147 1944 3222">
     <span class='ocr_line' id='line_1_40' title="bbox 363 3147 1944 3222; baseline -0.008 -10"><span class='ocrx_word' id='word_1_290' title='bbox 363 3159 566 3218; x_wconf 66' lang='grc' dir='ltr'>αὐτοῖς.</span> <span class='ocrx_word' id='word_1_291' title='bbox 603 3155 658 3207; x_wconf 89' lang='lat'><strong>&#39;0</strong></span> <span class='ocrx_word' id='word_1_292' title='bbox 691 3154 767 3216; x_wconf 78' lang='grc' dir='ltr'>δὲ,</span> <span class='ocrx_word' id='word_1_293' title='bbox 800 3151 1187 3222; x_wconf 64' lang='grc' dir='ltr'><strong>προσελθόντας</strong></span> <span class='ocrx_word' id='word_1_294' title='bbox 1216 3148 1361 3218; x_wconf 82' lang='grc' dir='ltr'><strong>αύτῷ</strong></span> <span class='ocrx_word' id='word_1_295' title='bbox 1401 3149 1524 3210; x_wconf 79' lang='grc' dir='ltr'>τοὺς</span> <span class='ocrx_word' id='word_1_296' title='bbox 1565 3148 1762 3216; x_wconf 79' lang='grc' dir='ltr'>ἄνδρας</span> <span class='ocrx_word' id='word_1_297' title='bbox 1793 3147 1944 3216; x_wconf 77' lang='grc' dir='ltr'>φιλο-</span> 
     </span>
    </p>
   </div>
   <div class='ocr_carea' id='block_1_41' title="bbox 365 3237 1942 3321">
    <p class='ocr_par' dir='ltr' id='par_1_41' title="bbox 365 3237 1942 3321">
     <span class='ocr_line' id='line_1_41' title="bbox 365 3237 1942 3321; baseline -0.008 -19"><span class='ocrx_word' id='word_1_298' title='bbox 365 3251 578 3321; x_wconf 77' lang='grc' dir='ltr'>φρόνως</span> <span class='ocrx_word' id='word_1_299' title='bbox 613 3247 846 3312; x_wconf 76' lang='grc' dir='ltr'><strong>ἐδέξατο,</strong></span> <span class='ocrx_word' id='word_1_300' title='bbox 882 3245 974 3297; x_wconf 69' lang='grc' dir='ltr'>καὶ</span> <span class='ocrx_word' id='word_1_301' title='bbox 1005 3245 1062 3295; x_wconf 76' lang='grc' dir='ltr'>ἐν</span> <span class='ocrx_word' id='word_1_302' title='bbox 1106 3245 1236 3311; x_wconf 81' lang='grc' dir='ltr'>τιμῇ</span> <span class='ocrx_word' id='word_1_303' title='bbox 1254 3237 1400 3311; x_wconf 66' lang='grc' dir='ltr'>εἶχε,</span> <span class='ocrx_word' id='word_1_304' title='bbox 1437 3241 1529 3292; x_wconf 71' lang='grc' dir='ltr'>καὶ</span> <span class='ocrx_word' id='word_1_305' title='bbox 1563 3237 1820 3309; x_wconf 74' lang='grc' dir='ltr'>εὔχεσθαι</span> <span class='ocrx_word' id='word_1_306' title='bbox 1849 3239 1942 3291; x_wconf 74' lang='grc' dir='ltr'><strong>ἐπὶ</strong></span> 
     </span>
    </p>
   </div>
   <div class='ocr_carea' id='block_1_42' title="bbox 363 3331 1941 3410">
    <p class='ocr_par' dir='ltr' id='par_1_42' title="bbox 363 3331 1941 3410">
     <span class='ocr_line' id='line_1_42' title="bbox 363 3331 1941 3410; baseline -0.008 -16"><span class='ocrx_word' id='word_1_307' title='bbox 363 3341 656 3410; x_wconf 76' lang='grc' dir='ltr'><strong>ἐκκλησίας</strong></span> <span class='ocrx_word' id='word_1_308' title='bbox 706 3338 765 3390; x_wconf 88' lang='grc' dir='ltr'><strong>ού</strong></span> <span class='ocrx_word' id='word_1_309' title='bbox 812 3335 1134 3389; x_wconf 79' lang='grc' dir='ltr'>διεκώλυσε·</span> <span class='ocrx_word' id='word_1_310' title='bbox 1169 3335 1472 3386; x_wconf 58' lang='grc' dir='ltr'>ηικοινωνείν</span> <span class='ocrx_word' id='word_1_311' title='bbox 1513 3333 1566 3384; x_wconf 76' lang='grc' dir='ltr'>δὲ</span> <span class='ocrx_word' id='word_1_312' title='bbox 1630 3331 1941 3401; x_wconf 81' lang='grc' dir='ltr'><strong>μυστηρίων</strong></span> 
     </span>
    </p>
   </div>
   <div class='ocr_carea' id='block_1_43' title="bbox 364 3424 1940 3502">
    <p class='ocr_par' dir='ltr' id='par_1_43' title="bbox 364 3424 1940 3502">
     <span class='ocr_line' id='line_1_43' title="bbox 364 3424 1940 3502; baseline -0.008 -15"><span class='ocrx_word' id='word_1_313' title='bbox 364 3435 548 3496; x_wconf 73' lang='grc' dir='ltr'>αὐτοῖς</span> <span class='ocrx_word' id='word_1_314' title='bbox 577 3433 674 3502; x_wconf 85' lang='grc' dir='ltr'><strong>οὐχ</strong></span> <span class='ocrx_word' id='word_1_315' title='bbox 698 3430 962 3501; x_wconf 79' lang='grc' dir='ltr'>ἡγήσατο,</span> <span class='ocrx_word' id='word_1_316' title='bbox 995 3427 1068 3490; x_wconf 92' lang='grc' dir='ltr'><strong>ώς</strong></span> <span class='ocrx_word' id='word_1_317' title='bbox 1095 3427 1155 3478; x_wconf 80' lang='grc' dir='ltr'>οὐ</span> <span class='ocrx_word' id='word_1_318' title='bbox 1189 3425 1404 3495; x_wconf 82' lang='grc' dir='ltr'>θεμιτὸν</span> <span class='ocrx_word' id='word_1_319' title='bbox 1454 3426 1558 3495; x_wconf 83' lang='grc' dir='ltr'>πρὸ</span> <span class='ocrx_word' id='word_1_320' title='bbox 1601 3424 1940 3492; x_wconf 68' lang='grc' dir='ltr'><strong>διαγνώσεως</strong></span> 
     </span>
    </p>
   </div>
   <div class='ocr_carea' id='block_1_44' title="bbox 363 3517 1942 3590">
    <p class='ocr_par' dir='ltr' id='par_1_44' title="bbox 363 3517 1942 3590">
     <span class='ocr_line' id='line_1_44' title="bbox 363 3517 1942 3590; baseline -0.008 -12"><span class='ocrx_word' id='word_1_321' title='bbox 363 3525 522 3578; x_wconf 77' lang='grc' dir='ltr'>τοῦτο</span> <span class='ocrx_word' id='word_1_322' title='bbox 547 3527 738 3577; x_wconf 83' lang='grc' dir='ltr'><strong>ποιεῖν.</strong></span> <span class='ocrx_word' id='word_1_323' title='bbox 775 3519 1020 3590; x_wconf 69' lang='grc' dir='ltr'>Ἔγραψε</span> <span class='ocrx_word' id='word_1_324' title='bbox 1059 3519 1116 3571; x_wconf 75' lang='grc' dir='ltr'>δὲ</span> <span class='ocrx_word' id='word_1_325' title='bbox 1141 3517 1401 3587; x_wconf 60' lang='grc' dir='ltr'>Θεοφίλῳ,</span> <span class='ocrx_word' id='word_1_326' title='bbox 1438 3517 1720 3570; x_wconf 82' lang='grc' dir='ltr'>κοινωνίαν</span> <span class='ocrx_word' id='word_1_327' title='bbox 1760 3517 1942 3578; x_wconf 80' lang='grc' dir='ltr'>αὐτοῖς</span> 
     </span>
    </p>
   </div>
   <div class='ocr_carea' id='block_1_45' title="bbox 367 3607 1942 3682">
    <p class='ocr_par' dir='ltr' id='par_1_45' title="bbox 367 3607 1942 3682">
     <span class='ocr_line' id='line_1_45' title="bbox 367 3607 1942 3682; baseline -0.006 -12"><span class='ocrx_word' id='word_1_328' title='bbox 367 3616 657 3671; x_wconf 81' lang='grc' dir='ltr'>ἀποδοῦναι</span> <span class='ocrx_word' id='word_1_329' title='bbox 719 3615 793 3676; x_wconf 90' lang='grc' dir='ltr'><strong>ώς</strong></span> <span class='ocrx_word' id='word_1_330' title='bbox 839 3611 1013 3682; x_wconf 83' lang='grc' dir='ltr'>ὀρθῶς</span> <span class='ocrx_word' id='word_1_331' title='bbox 1062 3611 1186 3680; x_wconf 72' lang='grc' dir='ltr'>περὶ</span> <span class='ocrx_word' id='word_1_332' title='bbox 1235 3609 1368 3660; x_wconf 84' lang='grc' dir='ltr'>Θεοῦ</span> <span class='ocrx_word' id='word_1_333' title='bbox 1418 3607 1748 3671; x_wconf 76' lang='grc' dir='ltr'><strong>δοξάζουσιν,</strong></span> <span class='ocrx_word' id='word_1_334' title='bbox 1799 3609 1846 3660; x_wconf 84' lang='grc' dir='ltr'>εί</span> <span class='ocrx_word' id='word_1_335' title='bbox 1885 3607 1942 3661; x_wconf 76' lang='grc' dir='ltr'>δὲ</span> 
     </span>
    </p>
   </div>
   <div class='ocr_carea' id='block_1_46' title="bbox 365 3700 1941 3779">
    <p class='ocr_par' dir='ltr' id='par_1_46' title="bbox 365 3700 1941 3779">
     <span class='ocr_line' id='line_1_46' title="bbox 365 3700 1941 3779; baseline -0.008 -16"><span class='ocrx_word' id='word_1_336' title='bbox 365 3711 489 3779; x_wconf 82' lang='grc' dir='ltr'>δίκη</span> <span class='ocrx_word' id='word_1_337' title='bbox 520 3708 630 3761; x_wconf 84' lang='grc' dir='ltr'>δέοι</span> <span class='ocrx_word' id='word_1_338' title='bbox 655 3705 933 3778; x_wconf 85' lang='grc' dir='ltr'>κρίνεσθαι</span> <span class='ocrx_word' id='word_1_339' title='bbox 981 3704 1048 3756; x_wconf 75' lang='grc' dir='ltr'>τὰ</span> <span class='ocrx_word' id='word_1_340' title='bbox 1097 3704 1214 3775; x_wconf 75' lang='grc' dir='ltr'>κατ’</span> <span class='ocrx_word' id='word_1_341' title='bbox 1246 3702 1462 3764; x_wconf 72' lang='grc' dir='ltr'>αὐτοὺς,</span> <span class='ocrx_word' id='word_1_342' title='bbox 1505 3700 1851 3753; x_wconf 79' lang='grc' dir='ltr'>ἀποστέλλειν</span> <span class='ocrx_word' id='word_1_343' title='bbox 1882 3700 1941 3752; x_wconf 87' lang='grc' dir='ltr'>ὃν</span> 
     </span>
    </p>
   </div>
   <div class='ocr_carea' id='block_1_47' title="bbox 368 3792 1937 3870">
    <p class='ocr_par' dir='ltr' id='par_1_47' title="bbox 368 3792 1937 3870">
     <span class='ocr_line' id='line_1_47' title="bbox 368 3792 1937 3870; baseline -0.006 -16"><span class='ocrx_word' id='word_1_344' title='bbox 368 3800 516 3870; x_wconf 78' lang='grc' dir='ltr'>αὐτῷ</span> <span class='ocrx_word' id='word_1_345' title='bbox 562 3799 706 3852; x_wconf 60' lang='grc' dir='ltr'>δοκεῖ</span> <span class='ocrx_word' id='word_1_346' title='bbox 747 3796 1120 3866; x_wconf 84' lang='grc' dir='ltr'>δικασόμενον.</span> <span class='ocrx_word' id='word_1_347' title='bbox 1162 3795 1218 3845; x_wconf 86' lang='grc' dir='ltr'><strong>Ὀ</strong></span> <span class='ocrx_word' id='word_1_348' title='bbox 1265 3793 1341 3855; x_wconf 80' lang='grc' dir='ltr'>δὲ,</span> <span class='ocrx_word' id='word_1_349' title='bbox 1387 3792 1536 3843; x_wconf 71' lang='grc' dir='ltr'>οὐδὲν</span> <span class='ocrx_word' id='word_1_350' title='bbox 1583 3792 1937 3861; x_wconf 82' lang='grc' dir='ltr'>ἁντεδήλωσε.</span> 
     </span>
    </p>
   </div>
   <div class='ocr_carea' id='block_1_48' title="bbox 367 3882 1971 3963">
    <p class='ocr_par' dir='ltr' id='par_1_48' title="bbox 367 3882 1971 3963">
     <span class='ocr_line' id='line_1_48' title="bbox 367 3882 1971 3963; baseline -0.007 -17"><span class='ocrx_word' id='word_1_351' title='bbox 367 3891 573 3963; x_wconf 81' lang='grc' dir='ltr'>Χρόνου</span> <span class='ocrx_word' id='word_1_352' title='bbox 613 3889 668 3942; x_wconf 79' lang='grc' dir='ltr'>δὲ</span> <span class='ocrx_word' id='word_1_353' title='bbox 709 3888 901 3950; x_wconf 76' lang='grc' dir='ltr'>πολλοῦ</span> <span class='ocrx_word' id='word_1_354' title='bbox 946 3885 1346 3955; x_wconf 78' lang='grc' dir='ltr'>διαγενομένου,</span> <span class='ocrx_word' id='word_1_355' title='bbox 1381 3882 1640 3954; x_wconf 80' lang='grc' dir='ltr'>προϊούσῃ</span> <span class='ocrx_word' id='word_1_356' title='bbox 1680 3886 1744 3952; x_wconf 84' lang='grc' dir='ltr'><strong>τῇ</strong></span> <span class='ocrx_word' id='word_1_357' title='bbox 1792 3883 1971 3952; x_wconf 74' lang='grc' dir='ltr'>βασιο⁴</span> 
     </span>
    </p>
   </div>
   <div class='ocr_carea' id='block_1_49' title="bbox 369 3977 1940 4052">
    <p class='ocr_par' dir='ltr' id='par_1_49' title="bbox 369 3977 1940 4052">
     <span class='ocr_line' id='line_1_49' title="bbox 369 3977 1940 4052; baseline -0.006 -14"><span class='ocrx_word' id='word_1_358' title='bbox 369 3986 506 4046; x_wconf 81' lang='grc' dir='ltr'>λέως</span> <span class='ocrx_word' id='word_1_359' title='bbox 532 3984 740 4052; x_wconf 83' lang='grc' dir='ltr'>γαμετῇ</span> <span class='ocrx_word' id='word_1_360' title='bbox 779 3979 1079 4049; x_wconf 85' lang='grc' dir='ltr'>προσῆλθον</span> <span class='ocrx_word' id='word_1_361' title='bbox 1108 3980 1157 4030; x_wconf 85' lang='grc' dir='ltr'><strong>οἱ</strong></span> <span class='ocrx_word' id='word_1_362' title='bbox 1191 3978 1331 4048; x_wconf 72' lang='grc' dir='ltr'>ἀμφὶ</span> <span class='ocrx_word' id='word_1_363' title='bbox 1366 3977 1693 4046; x_wconf 80' lang='grc' dir='ltr'>Ἀμμώνιον,</span> <span class='ocrx_word' id='word_1_364' title='bbox 1717 3977 1788 4028; x_wconf 79' lang='grc' dir='ltr'>τὰ</span> <span class='ocrx_word' id='word_1_365' title='bbox 1822 3977 1940 4030; x_wconf 86' lang='grc' dir='ltr'>κατ’</span> 
     </span>
    </p>
   </div>
   <div class='ocr_carea' id='block_1_50' title="bbox 368 4067 1940 4142">
    <p class='ocr_par' dir='ltr' id='par_1_50' title="bbox 368 4067 1940 4142">
     <span class='ocr_line' id='line_1_50' title="bbox 368 4067 1940 4142; baseline -0.004 -15"><span class='ocrx_word' id='word_1_366' title='bbox 368 4074 548 4128; x_wconf 81' lang='grc' dir='ltr'>αὐτῶν</span> <span class='ocrx_word' id='word_1_367' title='bbox 606 4071 999 4142; x_wconf 80' lang='grc' dir='ltr'>βεϐουλευμένα</span> <span class='ocrx_word' id='word_1_368' title='bbox 1044 4069 1282 4139; x_wconf 77' lang='grc' dir='ltr'>Θεοφίλῳ</span> <span class='ocrx_word' id='word_1_369' title='bbox 1337 4068 1690 4138; x_wconf 73' lang='grc' dir='ltr'>μεμφόμενοι.</span> <span class='ocrx_word' id='word_1_370' title='bbox 1731 4067 1814 4122; x_wconf 86' lang='grc' dir='ltr'><strong>-Ἡ</strong></span> <span class='ocrx_word' id='word_1_371' title='bbox 1863 4069 1940 4130; x_wconf 83' lang='grc' dir='ltr'>δὲ,</span> 
     </span>
    </p>
   </div>
   <div class='ocr_carea' id='block_1_51' title="bbox 369 4160 1938 4231">
    <p class='ocr_par' dir='ltr' id='par_1_51' title="bbox 369 4160 1938 4231">
     <span class='ocr_line' id='line_1_51' title="bbox 369 4160 1938 4231; baseline -0.003 -13"><span class='ocrx_word' id='word_1_372' title='bbox 369 4163 847 4224; x_wconf 76' lang='grc' dir='ltr'>ὲπιϐουλευθέντας</span> <span class='ocrx_word' id='word_1_373' title='bbox 891 4162 1087 4223; x_wconf 76' lang='grc' dir='ltr'>αὐτοὺς</span> <span class='ocrx_word' id='word_1_374' title='bbox 1138 4161 1350 4231; x_wconf 72' lang='grc' dir='ltr'>ᾔσθετο,</span> <span class='ocrx_word' id='word_1_375' title='bbox 1395 4162 1486 4212; x_wconf 75' lang='grc' dir='ltr'>καὶ</span> <span class='ocrx_word' id='word_1_376' title='bbox 1529 4160 1741 4230; x_wconf 80' lang='grc' dir='ltr'>τιμῶσα</span> <span class='ocrx_word' id='word_1_377' title='bbox 1786 4160 1938 4230; x_wconf 79' lang='grc' dir='ltr'>ἔστη.</span> 
     </span>
    </p>
   </div>
   <div class='ocr_carea' id='block_1_52' title="bbox 369 4252 1940 4328">
    <p class='ocr_par' dir='ltr' id='par_1_52' title="bbox 369 4252 1940 4328">
     <span class='ocr_line' id='line_1_52' title="bbox 369 4252 1940 4328; baseline -0.004 -17"><span class='ocrx_word' id='word_1_378' title='bbox 369 4260 478 4311; x_wconf 72' lang='grc' dir='ltr'><strong>Καὶ</strong></span> <span class='ocrx_word' id='word_1_379' title='bbox 522 4256 847 4328; x_wconf 63' lang='grc' dir='ltr'>προκύψασα</span> <span class='ocrx_word' id='word_1_380' title='bbox 894 4252 985 4306; x_wconf 78' lang='grc' dir='ltr'><strong>τοῦ</strong></span> <span class='ocrx_word' id='word_1_381' title='bbox 1026 4253 1301 4322; x_wconf 75' lang='grc' dir='ltr'>βασιλικοῦ</span> <span class='ocrx_word' id='word_1_382' title='bbox 1341 4253 1634 4323; x_wconf 81' lang='grc' dir='ltr'>ὀχήματος,</span> <span class='ocrx_word' id='word_1_383' title='bbox 1685 4253 1940 4306; x_wconf 79' lang='grc' dir='ltr'>ἐπένευσε</span> 
     </span>
    </p>
   </div>
   <div class='ocr_carea' id='block_1_53' title="bbox 368 4340 1944 4413">
    <p class='ocr_par' dir='ltr' id='par_1_53' title="bbox 368 4340 1944 4413">
     <span class='ocr_line' id='line_1_53' title="bbox 368 4340 1944 4413; baseline -0.002 -17"><span class='ocrx_word' id='word_1_384' title='bbox 368 4347 434 4413; x_wconf 86' lang='grc' dir='ltr'>τῇ</span> <span class='ocrx_word' id='word_1_385' title='bbox 465 4344 700 4413; x_wconf 75' lang='grc' dir='ltr'><strong>κεφαλῇ⁸</strong></span> <span class='ocrx_word' id='word_1_386' title='bbox 734 4341 848 4403; x_wconf 75' lang='grc' dir='ltr'>καὶ,</span> <span class='ocrx_word' id='word_1_387' title='bbox 893 4340 1198 4408; x_wconf 77' lang='grc' dir='ltr'>Εύλογεῖτε,</span> <span class='ocrx_word' id='word_1_388' title='bbox 1239 4340 1362 4410; x_wconf 71' lang='grc' dir='ltr'>ἔφη,</span> <span class='ocrx_word' id='word_1_389' title='bbox 1399 4343 1491 4394; x_wconf 73' lang='grc' dir='ltr'><strong>καὶ</strong></span> <span class='ocrx_word' id='word_1_390' title='bbox 1529 4341 1751 4410; x_wconf 73' lang='grc' dir='ltr'>εὔχεσθε</span> <span class='ocrx_word' id='word_1_391' title='bbox 1802 4342 1944 4413; x_wconf 79' lang='grc' dir='ltr'>ὑπὲρ</span> 
     </span>
    </p>
   </div>
   <div class='ocr_carea' id='block_1_54' title="bbox 371 4433 1943 4504">
    <p class='ocr_par' dir='ltr' id='par_1_54' title="bbox 371 4433 1943 4504">
     <span class='ocr_line' id='line_1_54' title="bbox 371 4433 1943 4504; baseline 0 -17"><span class='ocrx_word' id='word_1_392' title='bbox 371 4434 634 4504; x_wconf 80' lang='grc' dir='ltr'>βασιλέως</span> <span class='ocrx_word' id='word_1_393' title='bbox 662 4434 755 4488; x_wconf 69' lang='grc' dir='ltr'>καὶ</span> <span class='ocrx_word' id='word_1_394' title='bbox 786 4433 939 4502; x_wconf 73' lang='grc' dir='ltr'>ἐμοῦ,</span> <span class='ocrx_word' id='word_1_395' title='bbox 981 4435 1073 4486; x_wconf 74' lang='grc' dir='ltr'>καὶ</span> <span class='ocrx_word' id='word_1_396' title='bbox 1125 4433 1230 4484; x_wconf 84' lang='grc' dir='ltr'>τῶν</span> <span class='ocrx_word' id='word_1_397' title='bbox 1279 4433 1562 4503; x_wconf 82' lang='grc' dir='ltr'><strong>ἡμετέρων</strong></span> <span class='ocrx_word' id='word_1_398' title='bbox 1600 4435 1820 4501; x_wconf 81' lang='grc' dir='ltr'>παίδων,</span> <span class='ocrx_word' id='word_1_399' title='bbox 1851 4435 1943 4487; x_wconf 78' lang='grc' dir='ltr'>καὶ</span> 
     </span>
    </p>
   </div>
   <div class='ocr_carea' id='block_1_55' title="bbox 368 4510 1943 4596">
    <p class='ocr_par' dir='ltr' id='par_1_55' title="bbox 368 4510 1943 4596">
     <span class='ocr_line' id='line_1_55' title="bbox 368 4510 1943 4596; baseline 0.003 -20"><span class='ocrx_word' id='word_1_400' title='bbox 368 4527 466 4594; x_wconf 82' lang='grc' dir='ltr'>τῆς</span> <span class='ocrx_word' id='word_1_401' title='bbox 496 4526 683 4596; x_wconf 78' lang='grc' dir='ltr'>ἀρχῆς.</span> <span class='ocrx_word' id='word_1_402' title='bbox 728 4527 882 4595; x_wconf 70' lang='grc' dir='ltr'>Ἐμοὶ</span> <span class='ocrx_word' id='word_1_403' title='bbox 919 4525 973 4577; x_wconf 82' lang='grc' dir='ltr'>δὲ</span> <span class='ocrx_word' id='word_1_404' title='bbox 1011 4527 1067 4577; x_wconf 83' lang='grc' dir='ltr'><strong>ὲν</strong></span> <span class='ocrx_word' id='word_1_405' title='bbox 1110 4526 1260 4595; x_wconf 84' lang='grc' dir='ltr'>τάχει</span> <span class='ocrx_word' id='word_1_406' title='bbox 1308 4527 1529 4596; x_wconf 78' lang='grc' dir='ltr'>μελήσει</span> <span class='ocrx_word' id='word_1_407' title='bbox 1576 4528 1817 4589; x_wconf 81' lang='grc' dir='ltr'>συνόδου,</span> <span class='ocrx_word' id='word_1_408' title='bbox 1850 4510 1943 4580; x_wconf 69' lang='grc' dir='ltr'>καὶ</span> 
     </span>
    </p>
   </div>
   <div class='ocr_carea' id='block_1_56' title="bbox 368 4611 1942 4686">
    <p class='ocr_par' dir='ltr' id='par_1_56' title="bbox 368 4611 1942 4686">
     <span class='ocr_line' id='line_1_56' title="bbox 368 4611 1942 4686; baseline 0.003 -20"><span class='ocrx_word' id='word_1_409' title='bbox 368 4617 468 4686; x_wconf 82' lang='grc' dir='ltr'>τῆς</span> <span class='ocrx_word' id='word_1_410' title='bbox 510 4615 764 4684; x_wconf 68' lang='grc' dir='ltr'>Θεοφίλου</span> <span class='ocrx_word' id='word_1_411' title='bbox 811 4615 1065 4682; x_wconf 70' lang='grc' dir='ltr'>ἀφίξεως.</span> <span class='ocrx_word' id='word_1_412' title='bbox 1119 4617 1224 4667; x_wconf 80' lang='grc' dir='ltr'><strong>Καὶ</strong></span> <span class='ocrx_word' id='word_1_413' title='bbox 1272 4618 1303 4686; x_wconf 80' lang='grc' dir='ltr'>ἡ</span> <span class='ocrx_word' id='word_1_414' title='bbox 1353 4611 1448 4686; x_wconf 75' lang='grc' dir='ltr'><strong>μὲν</strong></span> <span class='ocrx_word' id='word_1_415' title='bbox 1481 4617 1601 4669; x_wconf 85' lang='grc' dir='ltr'>τάδε</span> <span class='ocrx_word' id='word_1_416' title='bbox 1629 4617 1942 4680; x_wconf 79' lang='grc' dir='ltr'>ἐσπούδαζε.</span> 
     </span>
    </p>
   </div>
   <div class='ocr_carea' id='block_1_57' title="bbox 370 4705 1948 4778">
    <p class='ocr_par' dir='ltr' id='par_1_57' title="bbox 370 4705 1948 4778">
     <span class='ocr_line' id='line_1_57' title="bbox 370 4705 1948 4778; baseline 0 -18"><span class='ocrx_word' id='word_1_417' title='bbox 370 4705 613 4768; x_wconf 79' lang='grc' dir='ltr'>Ψευδοῦς</span> <span class='ocrx_word' id='word_1_418' title='bbox 657 4706 712 4758; x_wconf 81' lang='grc' dir='ltr'>δὲ</span> <span class='ocrx_word' id='word_1_419' title='bbox 754 4707 943 4775; x_wconf 80' lang='grc' dir='ltr'>φήμης</span> <span class='ocrx_word' id='word_1_420' title='bbox 989 4707 1046 4757; x_wconf 83' lang='grc' dir='ltr'>ὲν</span> <span class='ocrx_word' id='word_1_421' title='bbox 1089 4705 1460 4776; x_wconf 82' lang='grc' dir='ltr'>Ἀλεξανδρείᾳ</span> <span class='ocrx_word' id='word_1_422' title='bbox 1503 4707 1828 4778; x_wconf 78' lang='grc' dir='ltr'>κρατούσης,</span> <span class='ocrx_word' id='word_1_423' title='bbox 1873 4709 1948 4773; x_wconf 90' lang='grc' dir='ltr'><strong>ώς</strong></span> 
     </span>
    </p>
   </div>
   <div class='ocr_carea' id='block_1_58' title="bbox 372 4796 1947 4872">
    <p class='ocr_par' dir='ltr' id='par_1_58' title="bbox 372 4796 1947 4872">
     <span class='ocr_line' id='line_1_58' title="bbox 372 4796 1947 4872; baseline 0.003 -22"><span class='ocrx_word' id='word_1_424' title='bbox 372 4796 722 4867; x_wconf 80' lang='grc' dir='ltr'>ἐκοινώνησεν</span> <span class='ocrx_word' id='word_1_425' title='bbox 765 4796 1012 4866; x_wconf 75' lang='grc' dir='ltr'>Ἰωάννης</span> <span class='ocrx_word' id='word_1_426' title='bbox 1041 4800 1150 4860; x_wconf 89' lang='grc' dir='ltr'>τοῖς</span> <span class='ocrx_word' id='word_1_427' title='bbox 1186 4799 1311 4868; x_wconf 80' lang='grc' dir='ltr'>περὶ</span> <span class='ocrx_word' id='word_1_428' title='bbox 1352 4799 1656 4870; x_wconf 71' lang='grc' dir='ltr'>Διόσκορον,</span> <span class='ocrx_word' id='word_1_429' title='bbox 1692 4801 1784 4853; x_wconf 75' lang='grc' dir='ltr'><strong>καὶ</strong></span> <span class='ocrx_word' id='word_1_430' title='bbox 1813 4819 1947 4872; x_wconf 89' lang='grc' dir='ltr'>προ-</span> 
     </span>
    </p>
   </div>
   <div class='ocr_carea' id='block_1_59' title="bbox 373 4889 1944 4961">
    <p class='ocr_par' dir='ltr' id='par_1_59' title="bbox 373 4889 1944 4961">
     <span class='ocr_line' id='line_1_59' title="bbox 373 4889 1944 4961; baseline 0.001 -16"><span class='ocrx_word' id='word_1_431' title='bbox 373 4892 622 4960; x_wconf 84' lang='grc' dir='ltr'>θυμεῖται</span> <span class='ocrx_word' id='word_1_432' title='bbox 675 4890 849 4942; x_wconf 85' lang='grc' dir='ltr'>πάντα</span> <span class='ocrx_word' id='word_1_433' title='bbox 897 4889 1105 4959; x_wconf 81' lang='grc' dir='ltr'>βοηθεῖν</span> <span class='ocrx_word' id='word_1_434' title='bbox 1139 4892 1338 4954; x_wconf 78' lang='grc' dir='ltr'>αὐτοῖς,</span> <span class='ocrx_word' id='word_1_435' title='bbox 1379 4892 1627 4944; x_wconf 84' lang='grc' dir='ltr'>διενοεῖτο</span> <span class='ocrx_word' id='word_1_436' title='bbox 1673 4894 1944 4961; x_wconf 74' lang='grc' dir='ltr'>Θεόφιλος,</span> 
     </span>
    </p>
   </div>
   <div class='ocr_carea' id='block_1_60' title="bbox 373 4979 1947 5053">
    <p class='ocr_par' dir='ltr' id='par_1_60' title="bbox 373 4979 1947 5053">
     <span class='ocr_line' id='line_1_60' title="bbox 373 4979 1947 5053; baseline 0 -19"><span class='ocrx_word' id='word_1_437' title='bbox 373 4983 526 5034; x_wconf 77' lang='grc' dir='ltr'>εἵπου</span> <span class='ocrx_word' id='word_1_438' title='bbox 547 4980 758 5033; x_wconf 78' lang='grc' dir='ltr'>δύναιτο</span> <span class='ocrx_word' id='word_1_439' title='bbox 787 4979 916 5050; x_wconf 70' lang='grc'>(48),</span> <span class='ocrx_word' id='word_1_440' title='bbox 941 4984 1032 5033; x_wconf 58' lang='grc' dir='ltr'><strong>καί⁵</strong></span> <span class='ocrx_word' id='word_1_441' title='bbox 1059 4981 1219 5035; x_wconf 82' lang='grc' dir='ltr'>αὑτὸν</span> <span class='ocrx_word' id='word_1_442' title='bbox 1248 4982 1496 5052; x_wconf 83' lang='grc' dir='ltr'>Ἰωάννην</span> <span class='ocrx_word' id='word_1_443' title='bbox 1523 4983 1619 5050; x_wconf 76' lang='grc' dir='ltr'>τῆς</span> <span class='ocrx_word' id='word_1_444' title='bbox 1648 4983 1947 5053; x_wconf 76' lang='grc' dir='ltr'>ἐπισκοπῆς</span> 
     </span>
    </p>
   </div>
   <div class='ocr_carea' id='block_1_61' title="bbox 375 5071 1186 5124">
    <p class='ocr_par' dir='ltr' id='par_1_61' title="bbox 375 5071 1186 5124">
     <span class='ocr_line' id='line_1_61' title="bbox 375 5071 1186 5124; baseline 0 0"><span class='ocrx_word' id='word_1_445' title='bbox 375 5071 641 5124; x_wconf 84' lang='grc' dir='ltr'>καθελεῖν.</span> <span class='ocrx_word' id='word_1_446' title='bbox 1182 5077 1186 5082; x_wconf 75' lang='grc'><em>’</em></span> 
     </span>
    </p>
   </div>
   <div class='ocr_carea' id='block_1_62' title="bbox 2047 1961 3614 2033">
    <p class='ocr_par' dir='ltr' id='par_1_62' title="bbox 2047 1961 3614 2033">
     <span class='ocr_line' id='line_1_62' title="bbox 2047 1961 3614 2033; baseline 0 -19"><span class='ocrx_word' id='word_1_447' title='bbox 2047 1972 2210 2033; x_wconf 90' lang='lat' dir='ltr'><strong>atque</strong></span> <span class='ocrx_word' id='word_1_448' title='bbox 2251 1964 2380 2016; x_wconf 88' lang='lat' dir='ltr'><strong>inde</strong></span> <span class='ocrx_word' id='word_1_449' title='bbox 2415 1971 2774 2032; x_wconf 79' lang='lat' dir='ltr'><strong>perrexerunt</strong></span> <span class='ocrx_word' id='word_1_450' title='bbox 2811 1961 3221 2033; x_wconf 79' lang='lat' dir='ltr'><strong>Scythopolim;</strong></span> <span class='ocrx_word' id='word_1_451' title='bbox 3267 1963 3614 2017; x_wconf 87' lang='lat' dir='ltr'><strong>commodum</strong></span> 
     </span>
    </p>
   </div>
   <div class='ocr_carea' id='block_1_63' title="bbox 2045 2051 3617 2121">
    <p class='ocr_par' dir='ltr' id='par_1_63' title="bbox 2045 2051 3617 2121">
     <span class='ocr_line' id='line_1_63' title="bbox 2045 2051 3617 2121; baseline -0.003 -15"><span class='ocrx_word' id='word_1_452' title='bbox 2045 2052 2149 2106; x_wconf 88' lang='lat' dir='ltr'><strong>sibi</strong></span> <span class='ocrx_word' id='word_1_453' title='bbox 2187 2052 2308 2121; x_wconf 90' lang='lat' dir='ltr'><strong>ejus</strong></span> <span class='ocrx_word' id='word_1_454' title='bbox 2336 2053 2440 2106; x_wconf 93' lang='lat' dir='ltr'><strong>loci</strong></span> <span class='ocrx_word' id='word_1_455' title='bbox 2471 2053 2810 2106; x_wconf 83' lang='lat' dir='ltr'><strong>domicilium</strong></span> <span class='ocrx_word' id='word_1_456' title='bbox 2845 2052 2961 2107; x_wconf 81' lang='lat' dir='ltr'><strong>fore</strong></span> <span class='ocrx_word' id='word_1_457' title='bbox 2993 2053 3260 2117; x_wconf 90' lang='lat' dir='ltr'><strong>arbitrati,</strong></span> <span class='ocrx_word' id='word_1_458' title='bbox 3295 2052 3367 2107; x_wconf 92' lang='lat' dir='ltr'><strong>ob</strong></span> <span class='ocrx_word' id='word_1_459' title='bbox 3405 2051 3617 2120; x_wconf 89' lang='lat' dir='ltr'><strong>copiam</strong></span> 
     </span>
    </p>
   </div>
   <div class='ocr_carea' id='block_1_64' title="bbox 2045 2144 3616 2214">
    <p class='ocr_par' dir='ltr' id='par_1_64' title="bbox 2045 2144 3616 2214">
     <span class='ocr_line' id='line_1_64' title="bbox 2045 2144 3616 2214; baseline 0 -18"><span class='ocrx_word' id='word_1_460' title='bbox 2045 2144 2372 2214; x_wconf 87' lang='lat' dir='ltr'><strong>palmarum,</strong></span> <span class='ocrx_word' id='word_1_461' title='bbox 2398 2159 2629 2212; x_wconf 90' lang='lat' dir='ltr'><strong>quarum</strong></span> <span class='ocrx_word' id='word_1_462' title='bbox 2661 2144 2809 2198; x_wconf 81' lang='lat' dir='ltr'><strong>foliis</strong></span> <span class='ocrx_word' id='word_1_463' title='bbox 2835 2144 2898 2198; x_wconf 90' lang='lat' dir='ltr'><strong>ad</strong></span> <span class='ocrx_word' id='word_1_464' title='bbox 2933 2153 3194 2199; x_wconf 89' lang='lat' dir='ltr'><strong>consueta</strong></span> <span class='ocrx_word' id='word_1_465' title='bbox 3223 2145 3616 2197; x_wconf 89' lang='lat' dir='ltr'><strong>monachorum</strong></span> 
     </span>
    </p>
   </div>
   <div class='ocr_carea' id='block_1_65' title="bbox 2043 2235 3620 2306">
    <p class='ocr_par' dir='ltr' id='par_1_65' title="bbox 2043 2235 3620 2306">
     <span class='ocr_line' id='line_1_65' title="bbox 2043 2235 3620 2306; baseline -0.003 -14"><span class='ocrx_word' id='word_1_466' title='bbox 2043 2251 2212 2306; x_wconf 84' lang='lat' dir='ltr'><strong>opera</strong></span> <span class='ocrx_word' id='word_1_467' title='bbox 2241 2236 2559 2291; x_wconf 89' lang='lat' dir='ltr'><strong>utebantur.</strong></span> <span class='ocrx_word' id='word_1_468' title='bbox 2592 2235 2974 2306; x_wconf 87' lang='lat' dir='ltr'><strong>Sequebantur</strong></span> <span class='ocrx_word' id='word_1_469' title='bbox 3005 2237 3148 2290; x_wconf 90' lang='lat' dir='ltr'><strong>enim</strong></span> <span class='ocrx_word' id='word_1_470' title='bbox 3183 2237 3306 2290; x_wconf 90' lang='lat' dir='ltr'><strong>illos</strong></span> <span class='ocrx_word' id='word_1_471' title='bbox 3332 2236 3430 2289; x_wconf 91' lang='lat' dir='ltr'><strong>viri</strong></span> <span class='ocrx_word' id='word_1_472' title='bbox 3457 2235 3620 2289; x_wconf 90' lang='lat' dir='ltr'><strong>circi-</strong></span> 
     </span>
    </p>
   </div>
   <div class='ocr_carea' id='block_1_66' title="bbox 2043 2326 3615 2399">
    <p class='ocr_par' dir='ltr' id='par_1_66' title="bbox 2043 2326 3615 2399">
     <span class='ocr_line' id='line_1_66' title="bbox 2043 2326 3615 2399; baseline 0.001 -17"><span class='ocrx_word' id='word_1_473' title='bbox 2043 2337 2126 2384; x_wconf 85' lang='lat' dir='ltr'><strong>ter</strong></span> <span class='ocrx_word' id='word_1_474' title='bbox 2152 2328 2448 2396; x_wconf 74' lang='lat' dir='ltr'><strong>octoginta.</strong></span> <span class='ocrx_word' id='word_1_475' title='bbox 2473 2328 2676 2383; x_wconf 85' lang='lat' dir='ltr'><strong>Eodem</strong></span> <span class='ocrx_word' id='word_1_476' title='bbox 2709 2338 2956 2398; x_wconf 91' lang='lat' dir='ltr'><strong>tempore</strong></span> <span class='ocrx_word' id='word_1_477' title='bbox 2983 2326 3316 2398; x_wconf 89' lang='lat' dir='ltr'><strong>Theophilus</strong></span> <span class='ocrx_word' id='word_1_478' title='bbox 3345 2330 3615 2399; x_wconf 91' lang='lat' dir='ltr'><strong>quosdam</strong></span> 
     </span>
    </p>
   </div>
   <div class='ocr_carea' id='block_1_67' title="bbox 2041 2419 3619 2497">
    <p class='ocr_par' dir='ltr' id='par_1_67' title="bbox 2041 2419 3619 2497">
     <span class='ocr_line' id='line_1_67' title="bbox 2041 2419 3619 2497; baseline 0.004 -26"><span class='ocrx_word' id='word_1_479' title='bbox 2041 2419 2766 2497; x_wconf 84' lang='lat' dir='ltr'><strong>misit&#39;ConstantinOpolim,</strong></span> <span class='ocrx_word' id='word_1_480' title='bbox 2799 2421 2892 2490; x_wconf 92' lang='lat' dir='ltr'><strong>qui</strong></span> <span class='ocrx_word' id='word_1_481' title='bbox 2923 2429 2979 2475; x_wconf 89' lang='lat' dir='ltr'><strong>et</strong></span> <span class='ocrx_word' id='word_1_482' title='bbox 3013 2421 3325 2477; x_wconf 86' lang='lat' dir='ltr'><strong>calumnias</strong></span> <span class='ocrx_word' id='word_1_483' title='bbox 3353 2423 3619 2478; x_wconf 86' lang='lat' dir='ltr'><strong>adversus</strong></span> 
     </span>
    </p>
   </div>
   <div class='ocr_carea' id='block_1_68' title="bbox 2043 2496 3621 2584">
    <p class='ocr_par' dir='ltr' id='par_1_68' title="bbox 2043 2496 3621 2584">
     <span class='ocr_line' id='line_1_68' title="bbox 2043 2496 3621 2584; baseline 0.003 -21"><span class='ocrx_word' id='word_1_484' title='bbox 2043 2510 2168 2566; x_wconf 91' lang='lat' dir='ltr'><strong>illos</strong></span> <span class='ocrx_word' id='word_1_485' title='bbox 2213 2496 2637 2580; x_wconf 64' lang='lat' dir='ltr'><strong>piaesuuercm,</strong></span> <span class='ocrx_word' id='word_1_486' title='bbox 2668 2519 2722 2566; x_wconf 92' lang='lat' dir='ltr'><strong>et</strong></span> <span class='ocrx_word' id='word_1_487' title='bbox 2763 2514 2810 2568; x_wconf 90' lang='lat' dir='ltr'><strong>si</strong></span> <span class='ocrx_word' id='word_1_488' title='bbox 2851 2513 2980 2582; x_wconf 89' lang='lat' dir='ltr'><strong>quid</strong></span> <span class='ocrx_word' id='word_1_489' title='bbox 3037 2512 3116 2566; x_wconf 90' lang='lat' dir='ltr'><strong>illi</strong></span> <span class='ocrx_word' id='word_1_490' title='bbox 3176 2514 3245 2572; x_wconf 85' lang='lat' dir='ltr'><strong>ab</strong></span> <span class='ocrx_word' id='word_1_491' title='bbox 3292 2514 3621 2584; x_wconf 87' lang='lat' dir='ltr'><strong>imperatore</strong></span> 
     </span>
    </p>
   </div>
   <div class='ocr_carea' id='block_1_69' title="bbox 2019 2603 3620 2680">
    <p class='ocr_par' dir='ltr' id='par_1_69' title="bbox 2019 2603 3620 2680">
     <span class='ocr_line' id='line_1_69' title="bbox 2019 2603 3620 2680; baseline 0.004 -25"><span class='ocrx_word' id='word_1_492' title='bbox 2019 2611 2319 2680; x_wconf 74' lang='lat' dir='ltr'><strong>peterent,</strong></span> <span class='ocrx_word' id='word_1_493' title='bbox 2384 2603 2487 2674; x_wconf 91' lang='lat' dir='ltr'><strong>ipsi</strong></span> <span class='ocrx_word' id='word_1_494' title='bbox 2546 2605 2902 2658; x_wconf 86' lang='lat' dir='ltr'><strong>obsisterent.</strong></span> <span class='ocrx_word' id='word_1_495' title='bbox 2967 2603 3099 2669; x_wconf 73' lang='lat' dir='ltr'><strong>Qua:</strong></span> <span class='ocrx_word' id='word_1_496' title='bbox 3148 2618 3271 2658; x_wconf 90' lang='lat' dir='ltr'><strong>eum</strong></span> <span class='ocrx_word' id='word_1_497' title='bbox 3335 2606 3620 2661; x_wconf 82' lang='lat' dir='ltr'><strong>didicisset</strong></span> 
     </span>
    </p>
   </div>
   <div class='ocr_carea' id='block_1_70' title="bbox 2043 2697 3617 2767">
    <p class='ocr_par' dir='ltr' id='par_1_70' title="bbox 2043 2697 3617 2767">
     <span class='ocr_line' id='line_1_70' title="bbox 2043 2697 3617 2767; baseline 0.003 -19"><span class='ocrx_word' id='word_1_498' title='bbox 2043 2697 2366 2751; x_wconf 84' lang='lat' dir='ltr'><strong>Ammonius</strong></span> <span class='ocrx_word' id='word_1_499' title='bbox 2387 2703 2439 2750; x_wconf 84' lang='lat' dir='ltr'><strong>et</strong></span> <span class='ocrx_word' id='word_1_500' title='bbox 2469 2698 2561 2765; x_wconf 91' lang='lat' dir='ltr'><strong>qui</strong></span> <span class='ocrx_word' id='word_1_501' title='bbox 2597 2712 2720 2750; x_wconf 90' lang='lat' dir='ltr'><strong>cum</strong></span> <span class='ocrx_word' id='word_1_502' title='bbox 2751 2698 2844 2751; x_wconf 92' lang='lat' dir='ltr'><strong>illo</strong></span> <span class='ocrx_word' id='word_1_503' title='bbox 2875 2705 3052 2760; x_wconf 86' lang='lat' dir='ltr'><strong>erant,</strong></span> <span class='ocrx_word' id='word_1_504' title='bbox 3085 2698 3617 2767; x_wconf 84' lang='lat' dir='ltr'><strong>Constantinopolim</strong></span> 
     </span>
    </p>
   </div>
   <div class='ocr_carea' id='block_1_71' title="bbox 2044 2787 3620 2858">
    <p class='ocr_par' dir='ltr' id='par_1_71' title="bbox 2044 2787 3620 2858">
     <span class='ocr_line' id='line_1_71' title="bbox 2044 2787 3620 2858; baseline 0.001 -15"><span class='ocrx_word' id='word_1_505' title='bbox 2044 2789 2402 2857; x_wconf 83' lang='lat' dir='ltr'><strong>navigarunt,</strong></span> <span class='ocrx_word' id='word_1_506' title='bbox 2441 2791 2741 2843; x_wconf 89' lang='lat' dir='ltr'><strong>comitante</strong></span> <span class='ocrx_word' id='word_1_507' title='bbox 2775 2803 2870 2843; x_wconf 89' lang='lat' dir='ltr'><strong>eos</strong></span> <span class='ocrx_word' id='word_1_508' title='bbox 2893 2787 3121 2843; x_wconf 88' lang='lat' dir='ltr'><strong>Isidoro.</strong></span> <span class='ocrx_word' id='word_1_509' title='bbox 3153 2788 3446 2858; x_wconf 77' lang='lat' dir='ltr'><strong>Juactique</strong></span> <span class='ocrx_word' id='word_1_510' title='bbox 3477 2793 3620 2845; x_wconf 90' lang='lat' dir='ltr'><strong>inter</strong></span> 
     </span>
    </p>
   </div>
   <div class='ocr_carea' id='block_1_72' title="bbox 2045 2880 3618 2953">
    <p class='ocr_par' dir='ltr' id='par_1_72' title="bbox 2045 2880 3618 2953">
     <span class='ocr_line' id='line_1_72' title="bbox 2045 2880 3618 2953; baseline 0.003 -17"><span class='ocrx_word' id='word_1_511' title='bbox 2045 2896 2124 2944; x_wconf 91' lang='lat' dir='ltr'><strong>se,</strong></span> <span class='ocrx_word' id='word_1_512' title='bbox 2168 2881 2221 2934; x_wconf 89' lang='lat' dir='ltr'><strong>id</strong></span> <span class='ocrx_word' id='word_1_513' title='bbox 2264 2880 2524 2950; x_wconf 86' lang='lat' dir='ltr'><strong>perlicere</strong></span> <span class='ocrx_word' id='word_1_514' title='bbox 2559 2881 2877 2944; x_wconf 85' lang='lat' dir='ltr'><strong>studebant,</strong></span> <span class='ocrx_word' id='word_1_515' title='bbox 2949 2889 3010 2934; x_wconf 91' lang='lat' dir='ltr'><strong>ut.</strong></span> <span class='ocrx_word' id='word_1_516' title='bbox 3055 2896 3239 2935; x_wconf 93' lang='lat' dir='ltr'><strong>coram</strong></span> <span class='ocrx_word' id='word_1_517' title='bbox 3287 2884 3618 2953; x_wconf 88' lang='lat' dir='ltr'><strong>imperatore</strong></span> 
     </span>
    </p>
   </div>
   <div class='ocr_carea' id='block_1_73' title="bbox 2016 2969 3622 3045">
    <p class='ocr_par' dir='ltr' id='par_1_73' title="bbox 2016 2969 3622 3045">
     <span class='ocr_line' id='line_1_73' title="bbox 2016 2969 3622 3045; baseline 0.006 -22"><span class='ocrx_word' id='word_1_518' title='bbox 2016 2970 2246 3040; x_wconf 46' lang='lat' dir='ltr'><strong>ljudice,</strong></span> <span class='ocrx_word' id='word_1_519' title='bbox 2267 2979 2322 3025; x_wconf 91' lang='lat' dir='ltr'><strong>et</strong></span> <span class='ocrx_word' id='word_1_520' title='bbox 2342 2969 2558 3035; x_wconf 72' lang='lat' dir='ltr'><strong>Joanne</strong></span> <span class='ocrx_word' id='word_1_521' title='bbox 2586 2971 2864 3042; x_wconf 88' lang='lat' dir='ltr'><strong>episcopo,</strong></span> <span class='ocrx_word' id='word_1_522' title='bbox 2894 2972 3102 3026; x_wconf 61' lang='lat' dir='ltr'><strong>insidia:</strong></span> <span class='ocrx_word' id='word_1_523' title='bbox 3129 2973 3264 3042; x_wconf 90' lang='lat' dir='ltr'><strong>ipsis</strong></span> <span class='ocrx_word' id='word_1_524' title='bbox 3289 2985 3622 3045; x_wconf 65' lang='lat' dir='ltr'><strong>comparatae</strong></span> 
     </span>
    </p>
   </div>
   <div class='ocr_carea' id='block_1_74' title="bbox 2045 3063 3609 3138">
    <p class='ocr_par' dir='ltr' id='par_1_74' title="bbox 2045 3063 3609 3138">
     <span class='ocr_line' id='line_1_74' title="bbox 2045 3063 3609 3138; baseline 0.004 -21"><span class='ocrx_word' id='word_1_525' title='bbox 2045 3063 2518 3119; x_wconf 88' lang='lat' dir='ltr'><strong>convincerentur.</strong></span> <span class='ocrx_word' id='word_1_526' title='bbox 2546 3064 2761 3118; x_wconf 86' lang='lat' dir='ltr'><strong>Etenim</strong></span> <span class='ocrx_word' id='word_1_527' title='bbox 2785 3064 3193 3118; x_wconf 86' lang='lat' dir='ltr'><strong>arbitrabantur</strong></span> <span class='ocrx_word' id='word_1_528' title='bbox 3222 3066 3387 3132; x_wconf 90' lang='lat' dir='ltr'><strong>hunc,</strong></span> <span class='ocrx_word' id='word_1_529' title='bbox 3414 3077 3609 3138; x_wconf 88' lang='lat' dir='ltr'><strong>utpote</strong></span> 
     </span>
    </p>
   </div>
   <div class='ocr_carea' id='block_1_75' title="bbox 2041 3149 3619 3226">
    <p class='ocr_par' dir='ltr' id='par_1_75' title="bbox 2041 3149 3619 3226">
     <span class='ocr_line' id='line_1_75' title="bbox 2041 3149 3619 3226; baseline 0.008 -24"><span class='ocrx_word' id='word_1_530' title='bbox 2041 3149 2201 3218; x_wconf 72' lang='lat' dir='ltr'><strong>justze</strong></span> <span class='ocrx_word' id='word_1_531' title='bbox 2235 3151 2505 3208; x_wconf 73' lang='lat' dir='ltr'><strong>libertatis</strong></span> <span class='ocrx_word' id='word_1_532' title='bbox 2539 3153 2868 3226; x_wconf 79' lang='lat' dir='ltr'><strong>studiosum,</strong></span> <span class='ocrx_word' id='word_1_533' title='bbox 2905 3153 2958 3207; x_wconf 91' lang='lat' dir='ltr'><strong>in</strong></span> <span class='ocrx_word' id='word_1_534' title='bbox 2993 3153 3059 3208; x_wconf 92' lang='lat' dir='ltr'><strong>iis</strong></span> <span class='ocrx_word' id='word_1_535' title='bbox 3090 3170 3213 3224; x_wconf 68' lang='lat' dir='ltr'><strong>qua:</strong></span> <span class='ocrx_word' id='word_1_536' title='bbox 3240 3156 3390 3224; x_wconf 89' lang='lat' dir='ltr'><strong>justa</strong></span> <span class='ocrx_word' id='word_1_537' title='bbox 3429 3169 3619 3213; x_wconf 89' lang='lat' dir='ltr'><strong>essent</strong></span> 
     </span>
    </p>
   </div>
   <div class='ocr_carea' id='block_1_76' title="bbox 2050 3242 3622 3314">
    <p class='ocr_par' dir='ltr' id='par_1_76' title="bbox 2050 3242 3622 3314">
     <span class='ocr_line' id='line_1_76' title="bbox 2050 3242 3622 3314; baseline 0.007 -20"><span class='ocrx_word' id='word_1_538' title='bbox 2050 3257 2210 3311; x_wconf 92' lang='lat' dir='ltr'><strong>posse</strong></span> <span class='ocrx_word' id='word_1_539' title='bbox 2265 3242 2401 3312; x_wconf 88' lang='lat' dir='ltr'><strong>ipsis</strong></span> <span class='ocrx_word' id='word_1_540' title='bbox 2457 3245 2736 3314; x_wconf 87' lang='lat' dir='ltr'><strong>opitulari.</strong></span> <span class='ocrx_word' id='word_1_541' title='bbox 2779 3243 3022 3301; x_wconf 83' lang='lat' dir='ltr'><strong>Joannes</strong></span> <span class='ocrx_word' id='word_1_542' title='bbox 3075 3262 3206 3301; x_wconf 89' lang='lat' dir='ltr'><strong>vero</strong></span> <span class='ocrx_word' id='word_1_543' title='bbox 3261 3249 3386 3304; x_wconf 91' lang='lat' dir='ltr'><strong>illos</strong></span> <span class='ocrx_word' id='word_1_544' title='bbox 3443 3251 3510 3304; x_wconf 89' lang='lat' dir='ltr'><strong>ad</strong></span> <span class='ocrx_word' id='word_1_545' title='bbox 3562 3265 3622 3304; x_wconf 90' lang='lat' dir='ltr'><strong>se</strong></span> 
     </span>
    </p>
   </div>
   <div class='ocr_carea' id='block_1_77' title="bbox 2049 3334 3622 3411">
    <p class='ocr_par' dir='ltr' id='par_1_77' title="bbox 2049 3334 3622 3411">
     <span class='ocr_line' id='line_1_77' title="bbox 2049 3334 3622 3411; baseline 0.006 -27"><span class='ocrx_word' id='word_1_546' title='bbox 2049 3334 2329 3389; x_wconf 87' lang='lat' dir='ltr'><strong>venientes</strong></span> <span class='ocrx_word' id='word_1_547' title='bbox 2399 3335 2631 3406; x_wconf 82' lang='lat' dir='ltr'><strong>benigne</strong></span> <span class='ocrx_word' id='word_1_548' title='bbox 2689 3337 2938 3406; x_wconf 79' lang='lat' dir='ltr'><strong>excepit,</strong></span> <span class='ocrx_word' id='word_1_549' title='bbox 3015 3346 3072 3392; x_wconf 91' lang='lat' dir='ltr'><strong>et</strong></span> <span class='ocrx_word' id='word_1_550' title='bbox 3140 3340 3195 3394; x_wconf 90' lang='lat' dir='ltr'><strong>in</strong></span> <span class='ocrx_word' id='word_1_551' title='bbox 3270 3342 3446 3411; x_wconf 90' lang='lat' dir='ltr'><strong>pretio</strong></span> <span class='ocrx_word' id='word_1_552' title='bbox 3520 3343 3622 3395; x_wconf 87' lang='lat' dir='ltr'><strong>lm-</strong></span> 
     </span>
    </p>
   </div>
   <div class='ocr_carea' id='block_1_78' title="bbox 2049 3423 3624 3503">
    <p class='ocr_par' dir='ltr' id='par_1_78' title="bbox 2049 3423 3624 3503">
     <span class='ocr_line' id='line_1_78' title="bbox 2049 3423 3624 3503; baseline 0.007 -27"><span class='ocrx_word' id='word_1_553' title='bbox 2049 3423 2211 3503; x_wconf 70' lang='lat' dir='ltr'><strong>buit,</strong></span> <span class='ocrx_word' id='word_1_554' title='bbox 2283 3431 2338 3478; x_wconf 87' lang='lat' dir='ltr'><strong>et</strong></span> <span class='ocrx_word' id='word_1_555' title='bbox 2427 3425 2480 3478; x_wconf 91' lang='lat' dir='ltr'><strong>in</strong></span> <span class='ocrx_word' id='word_1_556' title='bbox 2542 3427 2774 3480; x_wconf 88' lang='lat' dir='ltr'><strong>ecclesia</strong></span> <span class='ocrx_word' id='word_1_557' title='bbox 2851 3442 3010 3482; x_wconf 87' lang='lat' dir='ltr'><strong>orare</strong></span> <span class='ocrx_word' id='word_1_558' title='bbox 3080 3445 3422 3502; x_wconf 81' lang='lat' dir='ltr'><strong>nequaquam</strong></span> <span class='ocrx_word' id='word_1_559' title='bbox 3492 3448 3624 3502; x_wconf 84' lang='lat' dir='ltr'><strong>pro-</strong></span> 
     </span>
    </p>
   </div>
   <div class='ocr_carea' id='block_1_79' title="bbox 2049 3514 3626 3593">
    <p class='ocr_par' dir='ltr' id='par_1_79' title="bbox 2049 3514 3626 3593">
     <span class='ocr_line' id='line_1_79' title="bbox 2049 3514 3626 3593; baseline 0.006 -25"><span class='ocrx_word' id='word_1_560' title='bbox 2049 3515 2248 3569; x_wconf 90' lang='lat' dir='ltr'><strong>hibuit.</strong></span> <span class='ocrx_word' id='word_1_561' title='bbox 2304 3514 2440 3570; x_wconf 88' lang='lat' dir='ltr'><strong>Cum</strong></span> <span class='ocrx_word' id='word_1_562' title='bbox 2489 3517 2595 3571; x_wconf 87' lang='lat' dir='ltr'><strong>illis</strong></span> <span class='ocrx_word' id='word_1_563' title='bbox 2657 3527 2838 3574; x_wconf 88' lang='lat' dir='ltr'><strong>tamen</strong></span> <span class='ocrx_word' id='word_1_564' title='bbox 2897 3522 3320 3593; x_wconf 88' lang='lat' dir='ltr'><strong>haudquaquam</strong></span> <span class='ocrx_word' id='word_1_565' title='bbox 3381 3539 3626 3579; x_wconf 85' lang='lat' dir='ltr'><strong>commu-</strong></span> 
     </span>
    </p>
   </div>
   <div class='ocr_carea' id='block_1_80' title="bbox 2051 3608 3625 3689">
    <p class='ocr_par' dir='ltr' id='par_1_80' title="bbox 2051 3608 3625 3689">
     <span class='ocr_line' id='line_1_80' title="bbox 2051 3608 3625 3689; baseline 0.007 -27"><span class='ocrx_word' id='word_1_566' title='bbox 2051 3608 2348 3663; x_wconf 90' lang='lat' dir='ltr'><strong>nicandum</strong></span> <span class='ocrx_word' id='word_1_567' title='bbox 2407 3611 2509 3665; x_wconf 92' lang='lat' dir='ltr'><strong>sibi</strong></span> <span class='ocrx_word' id='word_1_568' title='bbox 2559 3627 2681 3666; x_wconf 91' lang='lat' dir='ltr'><strong>esse</strong></span> <span class='ocrx_word' id='word_1_569' title='bbox 2731 3615 3095 3680; x_wconf 76' lang='lat' dir='ltr'><strong>existimavit,</strong></span> <span class='ocrx_word' id='word_1_570' title='bbox 3139 3627 3427 3687; x_wconf 80' lang='lat' dir='ltr'><strong>propterea</strong></span> <span class='ocrx_word' id='word_1_571' title='bbox 3474 3618 3625 3689; x_wconf 91' lang='lat' dir='ltr'><strong>quod</strong></span> 
     </span>
    </p>
   </div>
   <div class='ocr_carea' id='block_1_81' title="bbox 2048 3701 3628 3777">
    <p class='ocr_par' dir='ltr' id='par_1_81' title="bbox 2048 3701 3628 3777">
     <span class='ocr_line' id='line_1_81' title="bbox 2048 3701 3628 3777; baseline 0.005 -25"><span class='ocrx_word' id='word_1_572' title='bbox 2048 3707 2177 3754; x_wconf 89' lang='lat' dir='ltr'><strong>ante</strong></span> <span class='ocrx_word' id='word_1_573' title='bbox 2199 3714 2419 3754; x_wconf 87' lang='lat' dir='ltr'><strong>causam</strong></span> <span class='ocrx_word' id='word_1_574' title='bbox 2447 3701 2721 3771; x_wconf 70' lang='lat' dir='ltr'><strong>cognitam</strong></span> <span class='ocrx_word' id='word_1_575' title='bbox 2750 3702 2801 3755; x_wconf 90' lang='lat' dir='ltr'><strong>id</strong></span> <span class='ocrx_word' id='word_1_576' title='bbox 2835 3703 2948 3758; x_wconf 72' lang='lat' dir='ltr'><strong>fieri</strong></span> <span class='ocrx_word' id='word_1_577' title='bbox 2979 3719 3086 3758; x_wconf 87' lang='lat' dir='ltr'><strong>non</strong></span> <span class='ocrx_word' id='word_1_578' title='bbox 3113 3705 3321 3760; x_wconf 87' lang='lat' dir='ltr'><strong>liceret.</strong></span> <span class='ocrx_word' id='word_1_579' title='bbox 3340 3705 3499 3777; x_wconf 60' lang='lat'><strong>343</strong></span> <span class='ocrx_word' id='word_1_580' title='bbox 3519 3709 3628 3760; x_wconf 70' lang='lat' dir='ltr'><strong>Ca2-</strong></span> 
     </span>
    </p>
   </div>
   <div class='ocr_carea' id='block_1_82' title="bbox 2050 3791 3625 3862">
    <p class='ocr_par' dir='ltr' id='par_1_82' title="bbox 2050 3791 3625 3862">
     <span class='ocr_line' id='line_1_82' title="bbox 2050 3791 3625 3862; baseline 0.003 -17"><span class='ocrx_word' id='word_1_581' title='bbox 2050 3801 2227 3845; x_wconf 86' lang='lat' dir='ltr'><strong>terum</strong></span> <span class='ocrx_word' id='word_1_582' title='bbox 2280 3792 2498 3861; x_wconf 77' lang='lat' dir='ltr'><strong>Scripsit</strong></span> <span class='ocrx_word' id='word_1_583' title='bbox 2548 3791 2880 3862; x_wconf 86' lang='lat' dir='ltr'><strong>Theophilo,</strong></span> <span class='ocrx_word' id='word_1_584' title='bbox 2928 3803 2986 3848; x_wconf 88' lang='lat' dir='ltr'><strong>ut</strong></span> <span class='ocrx_word' id='word_1_585' title='bbox 3030 3796 3470 3850; x_wconf 89' lang='lat' dir='ltr'><strong>communionem</strong></span> <span class='ocrx_word' id='word_1_586' title='bbox 3512 3796 3625 3849; x_wconf 89' lang='lat' dir='ltr'><strong>illis</strong></span> 
     </span>
    </p>
   </div>
   <div class='ocr_carea' id='block_1_83' title="bbox 2049 3883 3626 3954">
    <p class='ocr_par' dir='ltr' id='par_1_83' title="bbox 2049 3883 3626 3954">
     <span class='ocr_line' id='line_1_83' title="bbox 2049 3883 3626 3954; baseline 0.006 -20"><span class='ocrx_word' id='word_1_587' title='bbox 2049 3883 2384 3945; x_wconf 87' lang='lat' dir='ltr'><strong>restitueret,</strong></span> <span class='ocrx_word' id='word_1_588' title='bbox 2412 3883 2611 3953; x_wconf 90' lang='lat' dir='ltr'><strong>quippe</strong></span> <span class='ocrx_word' id='word_1_589' title='bbox 2649 3887 2741 3954; x_wconf 91' lang='lat' dir='ltr'><strong>qui</strong></span> <span class='ocrx_word' id='word_1_590' title='bbox 2773 3885 2841 3940; x_wconf 90' lang='lat' dir='ltr'><strong>de</strong></span> <span class='ocrx_word' id='word_1_591' title='bbox 2873 3884 2983 3940; x_wconf 89' lang='lat' dir='ltr'><strong>Deo</strong></span> <span class='ocrx_word' id='word_1_592' title='bbox 3016 3895 3164 3941; x_wconf 90' lang='lat' dir='ltr'><strong>recte</strong></span> <span class='ocrx_word' id='word_1_593' title='bbox 3208 3888 3511 3942; x_wconf 90' lang='lat' dir='ltr'><strong>sentirent:</strong></span> <span class='ocrx_word' id='word_1_594' title='bbox 3541 3890 3626 3943; x_wconf 91' lang='lat' dir='ltr'><strong>vel</strong></span> 
     </span>
    </p>
   </div>
   <div class='ocr_carea' id='block_1_84' title="bbox 2025 3966 3622 4048">
    <p class='ocr_par' dir='ltr' id='par_1_84' title="bbox 2025 3966 3622 4048">
     <span class='ocr_line' id='line_1_84' title="bbox 2025 3966 3622 4048; baseline 0.007 -25"><span class='ocrx_word' id='word_1_595' title='bbox 2025 3972 2095 4027; x_wconf 81' lang='lat' dir='ltr'><strong>.si</strong></span> <span class='ocrx_word' id='word_1_596' title='bbox 2120 3987 2346 4027; x_wconf 83' lang='lat' dir='ltr'><strong>causam</strong></span> <span class='ocrx_word' id='word_1_597' title='bbox 2392 3989 2584 4027; x_wconf 89' lang='lat' dir='ltr'><strong>eorum</strong></span> <span class='ocrx_word' id='word_1_598' title='bbox 2622 3975 2676 4029; x_wconf 92' lang='lat' dir='ltr'><strong>in</strong></span> <span class='ocrx_word' id='word_1_599' title='bbox 2699 3974 2909 4044; x_wconf 87' lang='lat' dir='ltr'><strong>judicio</strong></span> <span class='ocrx_word' id='word_1_600' title='bbox 2943 3966 3360 4032; x_wconf 80' lang='lat' dir='ltr'><strong>examinandam</strong></span> <span class='ocrx_word' id='word_1_601' title='bbox 3386 3986 3622 4048; x_wconf 86' lang='lat' dir='ltr'><strong>putaret,</strong></span> 
     </span>
    </p>
   </div>
   <div class='ocr_carea' id='block_1_85' title="bbox 2049 4056 3622 4139">
    <p class='ocr_par' dir='ltr' id='par_1_85' title="bbox 2049 4056 3622 4139">
     <span class='ocr_line' id='line_1_85' title="bbox 2049 4056 3622 4139; baseline 0.006 -23"><span class='ocrx_word' id='word_1_602' title='bbox 2049 4063 2291 4118; x_wconf 81' lang='lat' dir='ltr'><strong>mitteret</strong></span> <span class='ocrx_word' id='word_1_603' title='bbox 2320 4056 2560 4135; x_wconf 87' lang='lat' dir='ltr'><strong>aliquem</strong></span> <span class='ocrx_word' id='word_1_604' title='bbox 2594 4068 2687 4136; x_wconf 91' lang='lat' dir='ltr'><strong>qui</strong></span> <span class='ocrx_word' id='word_1_605' title='bbox 2724 4070 3066 4124; x_wconf 85' lang='lat' dir='ltr'><strong>accusatoris</strong></span> <span class='ocrx_word' id='word_1_606' title='bbox 3093 4077 3274 4139; x_wconf 90' lang='lat' dir='ltr'><strong>partes</strong></span> <span class='ocrx_word' id='word_1_607' title='bbox 3301 4070 3622 4126; x_wconf 76' lang='lat' dir='ltr'><strong>sustineret.</strong></span> 
     </span>
    </p>
   </div>
   <div class='ocr_carea' id='block_1_86' title="bbox 2051 4151 3627 4230">
    <p class='ocr_par' dir='ltr' id='par_1_86' title="bbox 2051 4151 3627 4230">
     <span class='ocr_line' id='line_1_86' title="bbox 2051 4151 3627 4230; baseline 0.005 -25"><span class='ocrx_word' id='word_1_608' title='bbox 2051 4151 2251 4208; x_wconf 82' lang='lat' dir='ltr'><strong>Verum</strong></span> <span class='ocrx_word' id='word_1_609' title='bbox 2293 4155 2627 4226; x_wconf 85' lang='lat' dir='ltr'><strong>Theophilus</strong></span> <span class='ocrx_word' id='word_1_610' title='bbox 2656 4159 2792 4212; x_wconf 92' lang='lat' dir='ltr'><strong>nihil</strong></span> <span class='ocrx_word' id='word_1_611' title='bbox 2840 4159 3145 4229; x_wconf 88' lang='lat' dir='ltr'><strong>rescripsit.</strong></span> <span class='ocrx_word' id='word_1_612' title='bbox 3195 4159 3393 4230; x_wconf 84' lang='lat' dir='ltr'><strong>Elapso</strong></span> <span class='ocrx_word' id='word_1_613' title='bbox 3427 4159 3627 4215; x_wconf 85' lang='lat' dir='ltr'><strong>deinde</strong></span> 
     </span>
    </p>
   </div>
   <div class='ocr_carea' id='block_1_87' title="bbox 2048 4244 3620 4323">
    <p class='ocr_par' dir='ltr' id='par_1_87' title="bbox 2048 4244 3620 4323">
     <span class='ocr_line' id='line_1_87' title="bbox 2048 4244 3620 4323; baseline 0.005 -26"><span class='ocrx_word' id='word_1_614' title='bbox 2048 4244 2194 4300; x_wconf 90' lang='lat' dir='ltr'><strong>haud</strong></span> <span class='ocrx_word' id='word_1_615' title='bbox 2225 4248 2440 4303; x_wconf 79' lang='lat' dir='ltr'><strong>modico</strong></span> <span class='ocrx_word' id='word_1_616' title='bbox 2473 4257 2737 4319; x_wconf 90' lang='lat' dir='ltr'><strong>tempore,</strong></span> <span class='ocrx_word' id='word_1_617' title='bbox 2775 4266 2899 4305; x_wconf 93' lang='lat' dir='ltr'><strong>cum</strong></span> <span class='ocrx_word' id='word_1_618' title='bbox 2945 4253 3192 4322; x_wconf 80' lang='lat' dir='ltr'><strong>Augusta</strong></span> <span class='ocrx_word' id='word_1_619' title='bbox 3238 4253 3292 4307; x_wconf 86' lang='lat' dir='ltr'><strong>in</strong></span> <span class='ocrx_word' id='word_1_620' title='bbox 3339 4253 3620 4323; x_wconf 88' lang='lat' dir='ltr'><strong>publicum</strong></span> 
     </span>
    </p>
   </div>
   <div class='ocr_carea' id='block_1_88' title="bbox 2048 4337 3623 4414">
    <p class='ocr_par' dir='ltr' id='par_1_88' title="bbox 2048 4337 3623 4414">
     <span class='ocr_line' id='line_1_88' title="bbox 2048 4337 3623 4414; baseline 0.001 -18"><span class='ocrx_word' id='word_1_621' title='bbox 2048 4337 2388 4412; x_wconf 89' lang='lat' dir='ltr'><strong>procederet,</strong></span> <span class='ocrx_word' id='word_1_622' title='bbox 2424 4338 2749 4414; x_wconf 86' lang='lat' dir='ltr'><strong>accedentes</strong></span> <span class='ocrx_word' id='word_1_623' title='bbox 2778 4341 2846 4394; x_wconf 88' lang='lat' dir='ltr'><strong>ad</strong></span> <span class='ocrx_word' id='word_1_624' title='bbox 2877 4356 2997 4396; x_wconf 90' lang='lat' dir='ltr'><strong>eam</strong></span> <span class='ocrx_word' id='word_1_625' title='bbox 3038 4343 3130 4412; x_wconf 93' lang='lat' dir='ltr'><strong>qui</strong></span> <span class='ocrx_word' id='word_1_626' title='bbox 3175 4357 3301 4396; x_wconf 91' lang='lat' dir='ltr'><strong>cum</strong></span> <span class='ocrx_word' id='word_1_627' title='bbox 3331 4343 3623 4398; x_wconf 80' lang='lat' dir='ltr'><strong>Ammonio</strong></span> 
     </span>
    </p>
   </div>
   <div class='ocr_carea' id='block_1_89' title="bbox 2049 4430 3626 4503">
    <p class='ocr_par' dir='ltr' id='par_1_89' title="bbox 2049 4430 3626 4503">
     <span class='ocr_line' id='line_1_89' title="bbox 2049 4430 3626 4503; baseline -0.002 -14"><span class='ocrx_word' id='word_1_628' title='bbox 2049 4440 2231 4497; x_wconf 88' lang='lat' dir='ltr'><strong>erant,</strong></span> <span class='ocrx_word' id='word_1_629' title='bbox 2256 4431 2324 4487; x_wconf 86' lang='lat' dir='ltr'><strong>de</strong></span> <span class='ocrx_word' id='word_1_630' title='bbox 2353 4430 2572 4486; x_wconf 81' lang='lat' dir='ltr'><strong>insidiis</strong></span> <span class='ocrx_word' id='word_1_631' title='bbox 2599 4447 2737 4502; x_wconf 89' lang='lat' dir='ltr'><strong>quas</strong></span> <span class='ocrx_word' id='word_1_632' title='bbox 2770 4430 3107 4502; x_wconf 82' lang='lat' dir='ltr'><strong>TheOphilus</strong></span> <span class='ocrx_word' id='word_1_633' title='bbox 3149 4433 3284 4503; x_wconf 88' lang='lat' dir='ltr'><strong>ipsis</strong></span> <span class='ocrx_word' id='word_1_634' title='bbox 3330 4435 3626 4491; x_wconf 78' lang='lat' dir='ltr'><strong>struxisset</strong></span> 
     </span>
    </p>
   </div>
   <div class='ocr_carea' id='block_1_90' title="bbox 1983 4523 3621 4616">
    <p class='ocr_par' dir='ltr' id='par_1_90' title="bbox 1983 4523 3621 4616">
     <span class='ocr_line' id='line_1_90' title="bbox 1983 4523 3621 4616; baseline 0 -36"><span class='ocrx_word' id='word_1_635' title='bbox 1983 4563 2025 4616; x_wconf 63' lang='grc' dir='ltr'><strong>Β</strong></span> <span class='ocrx_word' id='word_1_636' title='bbox 2054 4524 2344 4594; x_wconf 89' lang='lat' dir='ltr'><strong>conquesti</strong></span> <span class='ocrx_word' id='word_1_637' title='bbox 2373 4532 2520 4580; x_wconf 88' lang='lat' dir='ltr'><strong>sunt.</strong></span> <span class='ocrx_word' id='word_1_638' title='bbox 2556 4523 2650 4577; x_wconf 90' lang='lat' dir='ltr'><strong>Illa</strong></span> <span class='ocrx_word' id='word_1_639' title='bbox 2683 4539 2806 4578; x_wconf 91' lang='lat' dir='ltr'><strong>cum</strong></span> <span class='ocrx_word' id='word_1_640' title='bbox 2841 4540 2937 4580; x_wconf 89' lang='lat' dir='ltr'><strong>eos</strong></span> <span class='ocrx_word' id='word_1_641' title='bbox 2967 4527 3182 4581; x_wconf 90' lang='lat' dir='ltr'><strong>insidiis</strong></span> <span class='ocrx_word' id='word_1_642' title='bbox 3212 4527 3621 4582; x_wconf 89' lang='lat' dir='ltr'><strong>circumventos</strong></span> 
     </span>
    </p>
   </div>
   <div class='ocr_carea' id='block_1_91' title="bbox 2052 4615 3623 4684">
    <p class='ocr_par' dir='ltr' id='par_1_91' title="bbox 2052 4615 3623 4684">
     <span class='ocr_line' id='line_1_91' title="bbox 2052 4615 3623 4684; baseline 0 -12"><span class='ocrx_word' id='word_1_643' title='bbox 2052 4631 2175 4672; x_wconf 89' lang='lat' dir='ltr'><strong>esse</strong></span> <span class='ocrx_word' id='word_1_644' title='bbox 2209 4616 2377 4684; x_wconf 88' lang='lat' dir='ltr'><strong>probe</strong></span> <span class='ocrx_word' id='word_1_645' title='bbox 2410 4615 2594 4679; x_wconf 90' lang='lat' dir='ltr'><strong>sciret,</strong></span> <span class='ocrx_word' id='word_1_646' title='bbox 2627 4615 2855 4670; x_wconf 92' lang='lat' dir='ltr'><strong>honoris</strong></span> <span class='ocrx_word' id='word_1_647' title='bbox 2885 4631 3053 4673; x_wconf 88' lang='lat' dir='ltr'><strong>causa</strong></span> <span class='ocrx_word' id='word_1_648' title='bbox 3076 4618 3342 4673; x_wconf 86' lang='lat' dir='ltr'><strong>substitit.</strong></span> <span class='ocrx_word' id='word_1_649' title='bbox 3373 4618 3438 4671; x_wconf 83' lang='lat' dir='ltr'><strong>Et</strong></span> <span class='ocrx_word' id='word_1_650' title='bbox 3468 4627 3623 4674; x_wconf 64' lang='lat' dir='ltr'><strong>extra</strong></span> 
     </span>
    </p>
   </div>
   <div class='ocr_carea' id='block_1_92' title="bbox 2052 4705 3623 4778">
    <p class='ocr_par' dir='ltr' id='par_1_92' title="bbox 2052 4705 3623 4778">
     <span class='ocr_line' id='line_1_92' title="bbox 2052 4705 3623 4778; baseline 0 -16"><span class='ocrx_word' id='word_1_651' title='bbox 2052 4707 2337 4776; x_wconf 90' lang='lat' dir='ltr'><strong>imperiale</strong></span> <span class='ocrx_word' id='word_1_652' title='bbox 2381 4705 2691 4760; x_wconf 88' lang='lat' dir='ltr'><strong>vehiculum</strong></span> <span class='ocrx_word' id='word_1_653' title='bbox 2739 4708 3106 4778; x_wconf 88' lang='lat' dir='ltr'><strong>prospiciens,</strong></span> <span class='ocrx_word' id='word_1_654' title='bbox 3140 4711 3317 4778; x_wconf 89' lang='lat' dir='ltr'><strong>capite</strong></span> <span class='ocrx_word' id='word_1_655' title='bbox 3363 4709 3623 4763; x_wconf 91' lang='lat' dir='ltr'><strong>inclinato</strong></span> 
     </span>
    </p>
   </div>
   <div class='ocr_carea' id='block_1_93' title="bbox 2051 4797 3624 4873">
    <p class='ocr_par' dir='ltr' id='par_1_93' title="bbox 2051 4797 3624 4873">
     <span class='ocr_line' id='line_1_93' title="bbox 2051 4797 3624 4873; baseline 0.001 -20"><span class='ocrx_word' id='word_1_656' title='bbox 2051 4800 2287 4854; x_wconf 83' lang='lat' dir='ltr'><strong>annuit:</strong></span> <span class='ocrx_word' id='word_1_657' title='bbox 2318 4797 2652 4873; x_wconf 79' lang='lat' dir='ltr'><strong>Benedicite,</strong></span> <span class='ocrx_word' id='word_1_658' title='bbox 2688 4797 2966 4868; x_wconf 89' lang='lat' dir='ltr'><strong>inquiens,</strong></span> <span class='ocrx_word' id='word_1_659' title='bbox 3004 4801 3057 4855; x_wconf 80' lang='lat' dir='ltr'><strong>et</strong></span> <span class='ocrx_word' id='word_1_660' title='bbox 3091 4807 3243 4857; x_wconf 81' lang='lat' dir='ltr'><strong>orate</strong></span> <span class='ocrx_word' id='word_1_661' title='bbox 3273 4815 3370 4872; x_wconf 89' lang='lat' dir='ltr'><strong>pro</strong></span> <span class='ocrx_word' id='word_1_662' title='bbox 3397 4802 3624 4872; x_wconf 89' lang='lat' dir='ltr'><strong>impera-</strong></span> 
     </span>
    </p>
   </div>
   <div class='ocr_carea' id='block_1_94' title="bbox 2050 4890 3618 4963">
    <p class='ocr_par' dir='ltr' id='par_1_94' title="bbox 2050 4890 3618 4963">
     <span class='ocr_line' id='line_1_94' title="bbox 2050 4890 3618 4963; baseline 0.004 -20"><span class='ocrx_word' id='word_1_663' title='bbox 2050 4900 2187 4953; x_wconf 88' lang='lat' dir='ltr'><strong>tore,</strong></span> <span class='ocrx_word' id='word_1_664' title='bbox 2217 4897 2271 4943; x_wconf 88' lang='lat' dir='ltr'><strong>et</strong></span> <span class='ocrx_word' id='word_1_665' title='bbox 2301 4906 2399 4959; x_wconf 88' lang='lat' dir='ltr'><strong>pro</strong></span> <span class='ocrx_word' id='word_1_666' title='bbox 2434 4905 2520 4945; x_wconf 88' lang='lat' dir='ltr'><strong>me</strong></span> <span class='ocrx_word' id='word_1_667' title='bbox 2564 4904 2627 4943; x_wconf 92' lang='lat' dir='ltr'><strong>ac</strong></span> <span class='ocrx_word' id='word_1_668' title='bbox 2676 4890 2862 4945; x_wconf 90' lang='lat' dir='ltr'><strong>liberis</strong></span> <span class='ocrx_word' id='word_1_669' title='bbox 2918 4893 3073 4956; x_wconf 92' lang='lat' dir='ltr'><strong>meis,</strong></span> <span class='ocrx_word' id='word_1_670' title='bbox 3126 4904 3178 4948; x_wconf 90' lang='lat' dir='ltr'><strong>et</strong></span> <span class='ocrx_word' id='word_1_671' title='bbox 3222 4909 3323 4963; x_wconf 91' lang='lat' dir='ltr'><strong>pro</strong></span> <span class='ocrx_word' id='word_1_672' title='bbox 3372 4894 3618 4963; x_wconf 89' lang='lat' dir='ltr'><strong>imperio.</strong></span> 
     </span>
    </p>
   </div>
   <div class='ocr_carea' id='block_1_95' title="bbox 2051 4983 3623 5053">
    <p class='ocr_par' dir='ltr' id='par_1_95' title="bbox 2051 4983 3623 5053">
     <span class='ocr_line' id='line_1_95' title="bbox 2051 4983 3623 5053; baseline 0 -16"><span class='ocrx_word' id='word_1_673' title='bbox 2051 4985 2163 5053; x_wconf 82' lang='lat' dir='ltr'><strong>Ego</strong></span> <span class='ocrx_word' id='word_1_674' title='bbox 2190 4983 2332 5037; x_wconf 89' lang='lat' dir='ltr'><strong>dabo</strong></span> <span class='ocrx_word' id='word_1_675' title='bbox 2366 4995 2606 5052; x_wconf 87' lang='lat' dir='ltr'><strong>operam,</strong></span> <span class='ocrx_word' id='word_1_676' title='bbox 2637 4989 2694 5034; x_wconf 93' lang='lat' dir='ltr'><strong>ut</strong></span> <span class='ocrx_word' id='word_1_677' title='bbox 2727 4983 2968 5053; x_wconf 87' lang='lat' dir='ltr'><strong>synodus</strong></span> <span class='ocrx_word' id='word_1_678' title='bbox 2996 4983 3144 5037; x_wconf 83' lang='lat' dir='ltr'><strong>brevi</strong></span> <span class='ocrx_word' id='word_1_679' title='bbox 3181 4992 3530 5046; x_wconf 86' lang='lat' dir='ltr'><strong>convocetur,</strong></span> <span class='ocrx_word' id='word_1_680' title='bbox 3567 4992 3623 5038; x_wconf 90' lang='lat' dir='ltr'><strong>et</strong></span> 
     </span>
    </p>
   </div>
   <div class='ocr_carea' id='block_1_96' title="bbox 2053 5072 3623 5145">
    <p class='ocr_par' dir='ltr' id='par_1_96' title="bbox 2053 5072 3623 5145">
     <span class='ocr_line' id='line_1_96' title="bbox 2053 5072 3623 5145; baseline 0.002 -20"><span class='ocrx_word' id='word_1_681' title='bbox 2053 5073 2386 5142; x_wconf 85' lang='lat' dir='ltr'><strong>Theophilus</strong></span> <span class='ocrx_word' id='word_1_682' title='bbox 2439 5072 2546 5126; x_wconf 90' lang='lat' dir='ltr'><strong>huc</strong></span> <span class='ocrx_word' id='word_1_683' title='bbox 2587 5072 2791 5127; x_wconf 89' lang='lat' dir='ltr'><strong>veniat.</strong></span> <span class='ocrx_word' id='word_1_684' title='bbox 2835 5072 2901 5126; x_wconf 87' lang='lat' dir='ltr'><strong>Et</strong></span> <span class='ocrx_word' id='word_1_685' title='bbox 2951 5079 3198 5145; x_wconf 80' lang='lat' dir='ltr'><strong>Augusta</strong></span> <span class='ocrx_word' id='word_1_686' title='bbox 3236 5076 3453 5145; x_wconf 88' lang='lat' dir='ltr'><strong>quidem</strong></span> <span class='ocrx_word' id='word_1_687' title='bbox 3505 5075 3623 5128; x_wconf 76' lang='lat' dir='ltr'><strong>lucc</strong></span> 
     </span>
    </p>
   </div>
   <div class='ocr_carea' id='block_1_97' title="bbox 377 5157 3621 5231">
    <p class='ocr_par' dir='ltr' id='par_1_97' title="bbox 377 5157 3621 5231">
     <span class='ocr_line' id='line_1_97' title="bbox 377 5157 3621 5231; baseline 0 -16"><span class='ocrx_word' id='word_1_688' title='bbox 377 5162 492 5215; x_wconf 88' lang='lat' dir='ltr'><strong>lieri</strong></span> <span class='ocrx_word' id='word_1_689' title='bbox 562 5163 908 5231; x_wconf 76' lang='lat' dir='ltr'><strong>procumbat.</strong></span> <span class='ocrx_word' id='word_1_690' title='bbox 977 5161 1315 5216; x_wconf 73' lang='lat' dir='ltr'><strong>Alexandriae</strong></span> <span class='ocrx_word' id='word_1_691' title='bbox 1351 5177 1512 5223; x_wconf 84' lang='lat' dir='ltr'><strong>vero,</strong></span> <span class='ocrx_word' id='word_1_692' title='bbox 1566 5175 1688 5216; x_wconf 82' lang='lat' dir='ltr'><strong>cum</strong></span> <span class='ocrx_word' id='word_1_693' title='bbox 1740 5163 1909 5218; x_wconf 82' lang='lat' dir='ltr'><strong>falsus</strong></span> <span class='ocrx_word' id='word_1_694' title='bbox 1949 5157 2791 5225; x_wconf 82' lang='lat' dir='ltr'><strong>rumorinvaluissct,Joantietn</strong></span> <span class='ocrx_word' id='word_1_695' title='bbox 2835 5176 2958 5217; x_wconf 93' lang='lat' dir='ltr'><strong>cum</strong></span> <span class='ocrx_word' id='word_1_696' title='bbox 3025 5162 3287 5218; x_wconf 88' lang='lat' dir='ltr'><strong>Dioscoro</strong></span> <span class='ocrx_word' id='word_1_697' title='bbox 3351 5178 3416 5219; x_wconf 87' lang='lat' dir='ltr'><strong>ac</strong></span> <span class='ocrx_word' id='word_1_698' title='bbox 3492 5164 3621 5216; x_wconf 78' lang='lat' dir='ltr'><strong>reli-</strong></span> 
     </span>
    </p>
   </div>
   <div class='ocr_carea' id='block_1_98' title="bbox 1578 5315 2446 5394">
    <p class='ocr_par' dir='ltr' id='par_1_98' title="bbox 1578 5315 2446 5394">
     <span class='ocr_line' id='line_1_98' title="bbox 1578 5315 2446 5394; baseline 0.002 -23"><span class='ocrx_word' id='word_1_699' title='bbox 1578 5317 1845 5373; x_wconf 76' lang='lat' dir='ltr'><strong>VALESll</strong></span> <span class='ocrx_word' id='word_1_700' title='bbox 1885 5315 2446 5394; x_wconf 71' lang='lat' dir='ltr'><strong>ANNOTATIONES.</strong></span> 
     </span>
    </p>
   </div>
   <div class='ocr_carea' id='block_1_99' title="bbox 449 5410 2210 5486">
    <p class='ocr_par' dir='ltr' id='par_1_99' title="bbox 449 5410 2210 5484">
     <span class='ocr_line' id='line_1_99' title="bbox 449 5410 2210 5484; baseline -0.001 -17"><span class='ocrx_word' id='word_1_701' title='bbox 449 5412 560 5482; x_wconf 66' lang='grc'><strong>(48)</strong></span> <span class='ocrx_word' id='word_1_702' title='bbox 598 5413 667 5464; x_wconf 87' lang='lat' dir='ltr'><strong>EZ</strong></span> <span class='ocrx_word' id='word_1_703' title='bbox 709 5429 826 5466; x_wconf 76' lang='grc' dir='ltr'><strong>που</strong></span> <span class='ocrx_word' id='word_1_704' title='bbox 852 5411 1112 5466; x_wconf 76' lang='grc' dir='ltr'>δύναιτο.</span> <span class='ocrx_word' id='word_1_705' title='bbox 1152 5410 1209 5466; x_wconf 82' lang='grc' dir='ltr'>1η</span> <span class='ocrx_word' id='word_1_706' title='bbox 1243 5413 1430 5468; x_wconf 87' lang='lat' dir='ltr'><strong>codice</strong></span> <span class='ocrx_word' id='word_1_707' title='bbox 1467 5411 1770 5467; x_wconf 83' lang='lat' dir='ltr'><strong>Fuketiano</strong></span> <span class='ocrx_word' id='word_1_708' title='bbox 1798 5415 2062 5484; x_wconf 87' lang='lat' dir='ltr'><strong>scriptum</strong></span> <span class='ocrx_word' id='word_1_709' title='bbox 2108 5416 2210 5467; x_wconf 64' lang='lat' dir='ltr'><strong>inve</strong></span> 
     </span>
    </p>
   </div>
   <div class='ocr_carea' id='block_1_100' title="bbox 1608 5410 3369 5486">
    <p class='ocr_par' dir='ltr' id='par_1_100' title="bbox 1608 5414 3369 5486">
     <span class='ocr_line' id='line_1_100' title="bbox 1608 5414 3369 5486; baseline 0.003 -22"><span class='ocrx_word' id='word_1_710' title='bbox 1608 5415 1770 5467; x_wconf 69' lang='lat' dir='ltr'><strong>:tiano</strong></span> <span class='ocrx_word' id='word_1_711' title='bbox 1798 5415 2062 5484; x_wconf 86' lang='lat' dir='ltr'><strong>scriptum</strong></span> <span class='ocrx_word' id='word_1_712' title='bbox 2108 5416 2305 5469; x_wconf 88' lang='lat' dir='ltr'><strong>inveni.</strong></span> <span class='ocrx_word' id='word_1_713' title='bbox 2333 5416 2385 5468; x_wconf 80' lang='grc' dir='ltr'><strong>εἰ</strong></span> <span class='ocrx_word' id='word_1_714' title='bbox 2419 5432 2492 5485; x_wconf 88' lang='grc' dir='ltr'><strong>πη</strong></span> <span class='ocrx_word' id='word_1_715' title='bbox 2522 5415 2758 5483; x_wconf 78' lang='grc' dir='ltr'>δύναιτο,</span> <span class='ocrx_word' id='word_1_716' title='bbox 2788 5414 2930 5486; x_wconf 90' lang='lat' dir='ltr'><strong>quod</strong></span> <span class='ocrx_word' id='word_1_717' title='bbox 2971 5415 3143 5485; x_wconf 77' lang='lat' dir='ltr'><strong>magis</strong></span> <span class='ocrx_word' id='word_1_718' title='bbox 3171 5414 3369 5484; x_wconf 89' lang='lat' dir='ltr'><strong>placet.</strong></span> 
     </span>
    </p>
   </div>
   <div class='ocr_carea' id='block_1_101' title="bbox 1803 5522 2202 5625">
    <p class='ocr_par' dir='ltr' id='par_1_101' title="bbox 1803 5522 2202 5625">
     <span class='ocr_line' id='line_1_101' title="bbox 1803 5522 2202 5625; baseline 0.008 -4"><span class='ocrx_word' id='word_1_719' title='bbox 1803 5522 2202 5625; x_wconf 44' lang='lat' dir='ltr'><strong>&#39;vmtoaun.</strong></span> 
     </span>
    </p>
   </div>
   <div class='ocr_carea' id='block_1_102' title="bbox 451 5657 1937 5730">
    <p class='ocr_par' dir='ltr' id='par_1_102' title="bbox 451 5657 1937 5730">
     <span class='ocr_line' id='line_1_102' title="bbox 451 5657 1937 5730; baseline 0.003 -18"><span class='ocrx_word' id='word_1_720' title='bbox 451 5661 474 5699; x_wconf 66' lang='grc' dir='ltr'>ι</span> <span class='ocrx_word' id='word_1_721' title='bbox 516 5657 911 5713; x_wconf 54' lang='grc' dir='ltr'>Σκυθόπολιν.</span> <span class='ocrx_word' id='word_1_722' title='bbox 953 5658 1298 5730; x_wconf 69' lang='lat' dir='ltr'><strong>Scythopolis</strong></span> <span class='ocrx_word' id='word_1_723' title='bbox 1326 5699 1338 5722; x_wconf 96' lang='lat'><strong>,</strong></span> <span class='ocrx_word' id='word_1_724' title='bbox 1379 5661 1510 5716; x_wconf 86' lang='lat' dir='ltr'><strong>urbs</strong></span> <span class='ocrx_word' id='word_1_725' title='bbox 1561 5660 1732 5730; x_wconf 67' lang='lat' dir='ltr'><strong>Syria:</strong></span> <span class='ocrx_word' id='word_1_726' title='bbox 1778 5661 1937 5717; x_wconf 65' lang='lat' dir='ltr'><strong>Cavic</strong></span> 
     </span>
    </p>
   </div>
   <div class='ocr_carea' id='block_1_103' title="bbox 379 5731 1938 5800">
    <p class='ocr_par' dir='ltr' id='par_1_103' title="bbox 379 5731 1938 5800">
     <span class='ocr_line' id='line_1_103' title="bbox 379 5731 1938 5800; baseline 0.001 -16"><span class='ocrx_word' id='word_1_727' title='bbox 379 5748 408 5784; x_wconf 89' lang='lat' dir='ltr'><strong>a</strong></span> <span class='ocrx_word' id='word_1_728' title='bbox 441 5731 730 5784; x_wconf 67' lang='lat' dir='ltr'><strong>Ptolemaeo</strong></span> <span class='ocrx_word' id='word_1_729' title='bbox 781 5747 874 5798; x_wconf 86' lang='lat' dir='ltr'><strong>per</strong></span> <span class='ocrx_word' id='word_1_730' title='bbox 920 5746 1160 5784; x_wconf 85' lang='lat' dir='ltr'><strong>errorem</strong></span> <span class='ocrx_word' id='word_1_731' title='bbox 1212 5732 1471 5800; x_wconf 74' lang='lat' dir='ltr'><strong>ascripta,</strong></span> <span class='ocrx_word' id='word_1_732' title='bbox 1528 5749 1556 5784; x_wconf 89' lang='lat' dir='ltr'><strong>a</strong></span> <span class='ocrx_word' id='word_1_733' title='bbox 1604 5732 1840 5800; x_wconf 83' lang='lat' dir='ltr'><strong>Joscpho</strong></span> <span class='ocrx_word' id='word_1_734' title='bbox 1883 5743 1938 5787; x_wconf 92' lang='lat' dir='ltr'><strong>et</strong></span> 
     </span>
    </p>
   </div>
   <div class='ocr_carea' id='block_1_104' title="bbox 378 5801 1937 5869">
    <p class='ocr_par' dir='ltr' id='par_1_104' title="bbox 378 5801 1937 5869">
     <span class='ocr_line' id='line_1_104' title="bbox 378 5801 1937 5869; baseline 0.001 -15"><span class='ocrx_word' id='word_1_735' title='bbox 378 5803 638 5855; x_wconf 71' lang='lat' dir='ltr'><strong>uiittiibus</strong></span> <span class='ocrx_word' id='word_1_736' title='bbox 685 5801 807 5853; x_wconf 87' lang='lat' dir='ltr'><strong>aliis</strong></span> <span class='ocrx_word' id='word_1_737' title='bbox 839 5801 1140 5854; x_wconf 65' lang='lat' dir='ltr'><strong>Palaestina:</strong></span> <span class='ocrx_word' id='word_1_738' title='bbox 1190 5803 1485 5865; x_wconf 86' lang='lat' dir='ltr'><strong>tribuitur,</strong></span> <span class='ocrx_word' id='word_1_739' title='bbox 1545 5811 1772 5869; x_wconf 82' lang='lat' dir='ltr'><strong>eratque</strong></span> <span class='ocrx_word' id='word_1_740' title='bbox 1809 5805 1937 5855; x_wconf 88' lang='lat' dir='ltr'><strong>olim</strong></span> 
     </span>
    </p>
   </div>
   <div class='ocr_carea' id='block_1_105' title="bbox 383 5871 1935 5942">
    <p class='ocr_par' dir='ltr' id='par_1_105' title="bbox 383 5871 1935 5942">
     <span class='ocr_line' id='line_1_105' title="bbox 383 5871 1935 5942; baseline 0.001 -17"><span class='ocrx_word' id='word_1_741' title='bbox 383 5877 435 5926; x_wconf 90' lang='lat' dir='ltr'><strong>in</strong></span> <span class='ocrx_word' id='word_1_742' title='bbox 466 5871 686 5924; x_wconf 87' lang='lat' dir='ltr'><strong>dimidia</strong></span> <span class='ocrx_word' id='word_1_743' title='bbox 723 5873 866 5925; x_wconf 85' lang='lat' dir='ltr'><strong>tribu</strong></span> <span class='ocrx_word' id='word_1_744' title='bbox 916 5872 1183 5937; x_wconf 81' lang='lat' dir='ltr'><strong>Manasse,</strong></span> <span class='ocrx_word' id='word_1_745' title='bbox 1221 5882 1404 5940; x_wconf 86' lang='lat' dir='ltr'><strong>postea</strong></span> <span class='ocrx_word' id='word_1_746' title='bbox 1441 5872 1492 5924; x_wconf 87' lang='lat' dir='ltr'><strong>in</strong></span> <span class='ocrx_word' id='word_1_747' title='bbox 1531 5871 1772 5924; x_wconf 79' lang='lat' dir='ltr'><strong>Samaria</strong></span> <span class='ocrx_word' id='word_1_748' title='bbox 1811 5889 1935 5942; x_wconf 85' lang='lat' dir='ltr'><strong>pro-</strong></span> 
     </span>
    </p>
   </div>
   <div class='ocr_carea' id='block_1_106' title="bbox 2045 5659 3616 5725">
    <p class='ocr_par' dir='ltr' id='par_1_106' title="bbox 2045 5659 3616 5725">
     <span class='ocr_line' id='line_1_106' title="bbox 2045 5659 3616 5725; baseline -0.003 -11"><span class='ocrx_word' id='word_1_749' title='bbox 2045 5663 2261 5725; x_wconf 83' lang='lat' dir='ltr'><strong>vincia,</strong></span> <span class='ocrx_word' id='word_1_750' title='bbox 2323 5668 2376 5714; x_wconf 85' lang='lat' dir='ltr'><strong>et</strong></span> <span class='ocrx_word' id='word_1_751' title='bbox 2421 5661 2472 5713; x_wconf 89' lang='lat' dir='ltr'><strong>in</strong></span> <span class='ocrx_word' id='word_1_752' title='bbox 2506 5674 2601 5713; x_wconf 87' lang='lat' dir='ltr'><strong>ora</strong></span> <span class='ocrx_word' id='word_1_753' title='bbox 2657 5660 3002 5716; x_wconf 88' lang='lat' dir='ltr'><strong>meridionali</strong></span> <span class='ocrx_word' id='word_1_754' title='bbox 3057 5660 3208 5714; x_wconf 87' lang='lat' dir='ltr'><strong>lacus</strong></span> <span class='ocrx_word' id='word_1_755' title='bbox 3258 5659 3616 5725; x_wconf 76' lang='lat' dir='ltr'><strong>Genesareth,</strong></span> 
     </span>
    </p>
   </div>
   <div class='ocr_carea' id='block_1_107' title="bbox 2047 5730 3617 5791">
    <p class='ocr_par' dir='ltr' id='par_1_107' title="bbox 2047 5730 3617 5791">
     <span class='ocr_line' id='line_1_107' title="bbox 2047 5730 3617 5791; baseline -0.003 -5"><span class='ocrx_word' id='word_1_756' title='bbox 2047 5749 2141 5786; x_wconf 77' lang='lat' dir='ltr'><strong>seu</strong></span> <span class='ocrx_word' id='word_1_757' title='bbox 2177 5732 2344 5784; x_wconf 89' lang='lat' dir='ltr'><strong>maris</strong></span> <span class='ocrx_word' id='word_1_758' title='bbox 2372 5730 2637 5791; x_wconf 56' lang='lat' dir='ltr'><strong>Galilzere,</strong></span> <span class='ocrx_word' id='word_1_759' title='bbox 2689 5732 2776 5784; x_wconf 92' lang='lat' dir='ltr'><strong>ubi</strong></span> <span class='ocrx_word' id='word_1_760' title='bbox 2834 5748 2899 5786; x_wconf 86' lang='lat' dir='ltr'><strong>ex</strong></span> <span class='ocrx_word' id='word_1_761' title='bbox 2929 5747 2994 5786; x_wconf 90' lang='lat' dir='ltr'><strong>eo</strong></span> <span class='ocrx_word' id='word_1_762' title='bbox 3039 5730 3204 5784; x_wconf 86' lang='lat' dir='ltr'><strong>ellluit</strong></span> <span class='ocrx_word' id='word_1_763' title='bbox 3231 5730 3483 5783; x_wconf 84' lang='lat' dir='ltr'><strong>Jordanis</strong></span> <span class='ocrx_word' id='word_1_764' title='bbox 3520 5731 3617 5782; x_wconf 88' lang='lat' dir='ltr'><strong>llu-</strong></span> 
     </span>
    </p>
   </div>
   <div class='ocr_carea' id='block_1_108' title="bbox 2048 5799 3614 5869">
    <p class='ocr_par' dir='ltr' id='par_1_108' title="bbox 2048 5799 3614 5869">
     <span class='ocr_line' id='line_1_108' title="bbox 2048 5799 3614 5869; baseline 0.003 -17"><span class='ocrx_word' id='word_1_765' title='bbox 2048 5805 2193 5854; x_wconf 88' lang='lat' dir='ltr'><strong>vius.</strong></span> <span class='ocrx_word' id='word_1_766' title='bbox 2241 5803 2395 5853; x_wconf 85' lang='lat' dir='ltr'><strong>Dicta</strong></span> <span class='ocrx_word' id='word_1_767' title='bbox 2449 5800 2552 5853; x_wconf 83' lang='lat' dir='ltr'><strong>fuit</strong></span> <span class='ocrx_word' id='word_1_768' title='bbox 2581 5803 2709 5853; x_wconf 91' lang='lat' dir='ltr'><strong>olim</strong></span> <span class='ocrx_word' id='word_1_769' title='bbox 2751 5802 3006 5868; x_wconf 72' lang='lat' dir='ltr'><strong>llethsan,</strong></span> <span class='ocrx_word' id='word_1_770' title='bbox 3049 5810 3100 5855; x_wconf 90' lang='lat' dir='ltr'><strong>et</strong></span> <span class='ocrx_word' id='word_1_771' title='bbox 3149 5815 3178 5853; x_wconf 84' lang='lat' dir='ltr'><strong>a</strong></span> <span class='ocrx_word' id='word_1_772' title='bbox 3225 5800 3406 5854; x_wconf 81' lang='lat' dir='ltr'><strong>Plinio</strong></span> <span class='ocrx_word' id='word_1_773' title='bbox 3449 5799 3614 5869; x_wconf 67' lang='lat' dir='ltr'><strong>Nysa.</strong></span> 
     </span>
    </p>
   </div>
   <div class='ocr_carea' id='block_1_109' title="bbox 2054 5872 2753 5939">
    <p class='ocr_par' dir='ltr' id='par_1_109' title="bbox 2054 5872 2753 5939">
     <span class='ocr_line' id='line_1_109' title="bbox 2054 5872 2753 5939; baseline 0.003 -16"><span class='ocrx_word' id='word_1_774' title='bbox 2054 5874 2385 5939; x_wconf 54' lang='lat' dir='ltr'><strong>thronum,</strong></span> <span class='ocrx_word' id='word_1_775' title='bbox 2431 5872 2753 5926; x_wconf 65' lang='lat' dir='ltr'><strong>(Summus.</strong></span> 
     </span>
    </p>
   </div>
  </div>
