  <div class='ocr_page' id='page_1' title='image "/cluster/home/n/w/nwhite01/storage/ocr_20150623/67/pst.000009865921/846.png"; bbox 0 0 4460 6634; ppageno 0'>
   <div class='ocr_carea' id='block_1_1' title="bbox 1352 459 2711 532">
    <p class='ocr_par' dir='ltr' id='par_1_1' title="bbox 1352 459 2711 532">
     <span class='ocr_line' id='line_1_1' title="bbox 1352 459 2711 532; baseline 0.001 -18"><span class='ocrx_word' id='word_1_1' title='bbox 1352 459 1673 515; x_wconf 77' lang='lat' dir='ltr'><strong>HISTORIA</strong></span> <span class='ocrx_word' id='word_1_2' title='bbox 1715 459 2276 532; x_wconf 40' lang='lat' dir='ltr'><strong>ECCLESIAS‘I&#39;ICA.</strong></span> <span class='ocrx_word' id='word_1_3' title='bbox 2319 494 2390 503; x_wconf 94' lang='lat'><strong>—</strong></span> <span class='ocrx_word' id='word_1_4' title='bbox 2415 462 2541 516; x_wconf 85' lang='lat' dir='ltr'><strong>LIB.</strong></span> <span class='ocrx_word' id='word_1_5' title='bbox 2578 462 2711 517; x_wconf 85' lang='lat' dir='ltr'><strong>VIII.</strong></span> 
     </span>
    </p>
   </div>
   <div class='ocr_carea' id='block_1_2' title="bbox 3511 459 3647 517">
    <p class='ocr_par' dir='ltr' id='par_1_2' title="bbox 3511 459 3647 517">
     <span class='ocr_line' id='line_1_2' title="bbox 3511 459 3647 517; baseline 0.015 -2"><span class='ocrx_word' id='word_1_6' title='bbox 3511 459 3647 517; x_wconf 69' lang='grc'><strong>15⁵4</strong></span> 
     </span>
    </p>
   </div>
   <div class='ocr_carea' id='block_1_3' title="bbox 394 566 2155 649">
    <p class='ocr_par' dir='ltr' id='par_1_3' title="bbox 394 577 2155 649">
     <span class='ocr_line' id='line_1_3' title="bbox 394 577 2155 649; baseline -0.002 -18"><span class='ocrx_word' id='word_1_7' title='bbox 394 577 492 642; x_wconf 75' lang='grc' dir='ltr'><strong>ξας</strong></span> <span class='ocrx_word' id='word_1_8' title='bbox 523 579 642 639; x_wconf 87' lang='grc' dir='ltr'><strong>ταῖς</strong></span> <span class='ocrx_word' id='word_1_9' title='bbox 691 578 812 631; x_wconf 81' lang='grc' dir='ltr'><strong>κατ’</strong></span> <span class='ocrx_word' id='word_1_10' title='bbox 853 578 1015 631; x_wconf 77' lang='grc' dir='ltr'><strong>αὑτοῦ</strong></span> <span class='ocrx_word' id='word_1_11' title='bbox 1063 577 1334 640; x_wconf 89' lang='grc' dir='ltr'><strong>διαϐολαῖς</strong></span> <span class='ocrx_word' id='word_1_12' title='bbox 1355 594 1368 606; x_wconf 89' lang='grc'><strong>·</strong></span> <span class='ocrx_word' id='word_1_13' title='bbox 1399 579 1737 647; x_wconf 75' lang='grc' dir='ltr'><strong>προτραπεὶς</strong></span> <span class='ocrx_word' id='word_1_14' title='bbox 1771 578 1878 649; x_wconf 73' lang='grc' dir='ltr'><strong>γάρ</strong></span> <span class='ocrx_word' id='word_1_15' title='bbox 1926 579 1983 630; x_wconf 85' lang='grc' dir='ltr'><strong>ἐν</strong></span> <span class='ocrx_word' id='word_1_16' title='bbox 2013 586 2059 637; x_wconf 76' lang='grc' dir='ltr'>Α</span> <span class='ocrx_word' id='word_1_17' title='bbox 2087 587 2155 629; x_wconf 77' lang='lat' dir='ltr'><strong>tm</strong></span> 
     </span>
    </p>
   </div>
   <div class='ocr_carea' id='block_1_4' title="bbox 1894 566 3655 649">
    <p class='ocr_par' dir='ltr' id='par_1_4' title="bbox 1926 566 3655 648">
     <span class='ocr_line' id='line_1_4' title="bbox 1926 566 3655 648; baseline -0.002 -19"><span class='ocrx_word' id='word_1_18' title='bbox 1926 579 1983 630; x_wconf 83' lang='grc' dir='ltr'><strong>ἐν</strong></span> <span class='ocrx_word' id='word_1_19' title='bbox 2013 586 2059 637; x_wconf 75' lang='grc' dir='ltr'>Α</span> <span class='ocrx_word' id='word_1_20' title='bbox 2087 587 2197 632; x_wconf 91' lang='lat' dir='ltr'><strong>tur.</strong></span> <span class='ocrx_word' id='word_1_21' title='bbox 2238 566 2346 632; x_wconf 82' lang='lat' dir='ltr'><strong>Nec</strong></span> <span class='ocrx_word' id='word_1_22' title='bbox 2389 578 2562 632; x_wconf 91' lang='lat' dir='ltr'><strong>multo</strong></span> <span class='ocrx_word' id='word_1_23' title='bbox 2601 584 2726 647; x_wconf 86' lang='lat' dir='ltr'><strong>post</strong></span> <span class='ocrx_word' id='word_1_24' title='bbox 2763 576 3127 648; x_wconf 69' lang='lat' dir='ltr'><strong>Epiphanius,</strong></span> <span class='ocrx_word' id='word_1_25' title='bbox 3164 588 3287 629; x_wconf 92' lang='lat' dir='ltr'><strong>cum</strong></span> <span class='ocrx_word' id='word_1_26' title='bbox 3329 574 3539 644; x_wconf 91' lang='lat' dir='ltr'><strong>primus</strong></span> <span class='ocrx_word' id='word_1_27' title='bbox 3587 587 3655 627; x_wconf 78' lang='lat' dir='ltr'><strong>ex</strong></span> 
     </span>
    </p>
   </div>
   <div class='ocr_carea' id='block_1_5' title="bbox 393 670 1983 742">
    <p class='ocr_par' dir='ltr' id='par_1_5' title="bbox 393 670 1983 742">
     <span class='ocr_line' id='line_1_5' title="bbox 393 670 1983 742; baseline -0.001 -20"><span class='ocrx_word' id='word_1_28' title='bbox 393 671 689 739; x_wconf 75' lang='grc' dir='ltr'><strong>οἰκήμασιν</strong></span> <span class='ocrx_word' id='word_1_29' title='bbox 759 672 1229 742; x_wconf 67' lang='grc' dir='ltr'><strong>ἐκκλησιαστικαῖς</strong></span> <span class='ocrx_word' id='word_1_30' title='bbox 1303 670 1661 739; x_wconf 82' lang='grc' dir='ltr'><strong>καταμένειν,</strong></span> <span class='ocrx_word' id='word_1_31' title='bbox 1733 670 1832 722; x_wconf 82' lang='grc' dir='ltr'><strong>οὐκ</strong></span> <span class='ocrx_word' id='word_1_32' title='bbox 1890 671 1983 738; x_wconf 80' lang='grc' dir='ltr'><strong>ὴν-</strong></span> 
     </span>
    </p>
   </div>
   <div class='ocr_carea' id='block_1_6' title="bbox 399 757 1982 831">
    <p class='ocr_par' dir='ltr' id='par_1_6' title="bbox 399 757 1982 831">
     <span class='ocr_line' id='line_1_6' title="bbox 399 757 1982 831; baseline 0.002 -20"><span class='ocrx_word' id='word_1_33' title='bbox 399 760 610 827; x_wconf 71' lang='grc' dir='ltr'><strong>έσχετο.</strong></span> <span class='ocrx_word' id='word_1_34' title='bbox 651 757 759 813; x_wconf 76' lang='grc' dir='ltr'><strong>Καὶ</strong></span> <span class='ocrx_word' id='word_1_35' title='bbox 802 760 1054 831; x_wconf 80' lang='grc' dir='ltr'><strong>Ἰωάννης</strong></span> <span class='ocrx_word' id='word_1_36' title='bbox 1092 761 1195 827; x_wconf 85' lang='grc' dir='ltr'><strong>μὲν</strong></span> <span class='ocrx_word' id='word_1_37' title='bbox 1231 762 1312 823; x_wconf 90' lang='grc' dir='ltr'><strong>εἰς</strong></span> <span class='ocrx_word' id='word_1_38' title='bbox 1339 760 1533 813; x_wconf 85' lang='grc' dir='ltr'><strong>ταυτὸν</strong></span> <span class='ocrx_word' id='word_1_39' title='bbox 1567 759 1838 813; x_wconf 83' lang='grc' dir='ltr'><strong>συνελθεῖν</strong></span> <span class='ocrx_word' id='word_1_40' title='bbox 1870 759 1982 828; x_wconf 75' lang='grc'><strong>(52)</strong></span> 
     </span>
    </p>
   </div>
   <div class='ocr_carea' id='block_1_7' title="bbox 394 849 1982 922">
    <p class='ocr_par' dir='ltr' id='par_1_7' title="bbox 394 849 1982 922">
     <span class='ocr_line' id='line_1_7' title="bbox 394 849 1982 922; baseline 0.003 -21"><span class='ocrx_word' id='word_1_41' title='bbox 394 849 711 917; x_wconf 70' lang='grc' dir='ltr'><strong>ἀπέφυγεν·</strong></span> <span class='ocrx_word' id='word_1_42' title='bbox 767 851 871 922; x_wconf 79' lang='grc' dir='ltr'><strong>ίδίᾳ</strong></span> <span class='ocrx_word' id='word_1_43' title='bbox 916 852 973 905; x_wconf 81' lang='grc' dir='ltr'><strong>δὲ</strong></span> <span class='ocrx_word' id='word_1_44' title='bbox 1021 851 1302 920; x_wconf 79' lang='grc' dir='ltr'><strong>συγκαλῶν</strong></span> <span class='ocrx_word' id='word_1_45' title='bbox 1338 853 1464 916; x_wconf 79' lang='grc' dir='ltr'><strong>τοὺς</strong></span> <span class='ocrx_word' id='word_1_46' title='bbox 1511 852 1880 921; x_wconf 73' lang='grc' dir='ltr'><strong>ἐνδημοῦντας</strong></span> <span class='ocrx_word' id='word_1_47' title='bbox 1916 853 1982 905; x_wconf 81' lang='grc' dir='ltr'><strong>ὲν</strong></span> 
     </span>
    </p>
   </div>
   <div class='ocr_carea' id='block_1_8' title="bbox 400 946 1985 1019">
    <p class='ocr_par' dir='ltr' id='par_1_8' title="bbox 400 946 1985 1019">
     <span class='ocr_line' id='line_1_8' title="bbox 400 946 1985 1019; baseline 0.005 -22"><span class='ocrx_word' id='word_1_48' title='bbox 400 946 965 1001; x_wconf 76' lang='grc' dir='ltr'><strong>Κωνσταντινουπόλει</strong></span> <span class='ocrx_word' id='word_1_49' title='bbox 998 949 1359 1011; x_wconf 83' lang='grc' dir='ltr'><strong>ἐπισκόπους,</strong></span> <span class='ocrx_word' id='word_1_50' title='bbox 1410 950 1688 1002; x_wconf 74' lang='grc' dir='ltr'><strong>ἐπεδείκνυ</strong></span> <span class='ocrx_word' id='word_1_51' title='bbox 1721 950 1790 1003; x_wconf 85' lang='grc' dir='ltr'><strong>τὰ</strong></span> <span class='ocrx_word' id='word_1_52' title='bbox 1813 948 1985 1019; x_wconf 75' lang='grc' dir='ltr'><strong>ψηφι-</strong></span> 
     </span>
    </p>
   </div>
   <div class='ocr_carea' id='block_1_9' title="bbox 398 1035 1981 1109">
    <p class='ocr_par' dir='ltr' id='par_1_9' title="bbox 398 1035 1981 1109">
     <span class='ocr_line' id='line_1_9' title="bbox 398 1035 1981 1109; baseline 0.003 -23"><span class='ocrx_word' id='word_1_53' title='bbox 398 1035 588 1088; x_wconf 82' lang='grc' dir='ltr'><strong>σθέντα</strong></span> <span class='ocrx_word' id='word_1_54' title='bbox 630 1038 767 1091; x_wconf 83' lang='grc' dir='ltr'><strong>κατὰ</strong></span> <span class='ocrx_word' id='word_1_55' title='bbox 800 1038 910 1090; x_wconf 84' lang='grc' dir='ltr'><strong>τῶν</strong></span> <span class='ocrx_word' id='word_1_56' title='bbox 942 1040 1266 1109; x_wconf 74' lang='grc' dir='ltr'><strong>Ὦριγένουςο</strong></span> <span class='ocrx_word' id='word_1_57' title='bbox 1289 1041 1482 1108; x_wconf 84' lang='grc' dir='ltr'><strong>λόγων.</strong></span> <span class='ocrx_word' id='word_1_58' title='bbox 1526 1040 1635 1094; x_wconf 84' lang='grc' dir='ltr'><strong>Καί</strong></span> <span class='ocrx_word' id='word_1_59' title='bbox 1672 1058 1826 1103; x_wconf 89' lang='grc' dir='ltr'><strong>τινας</strong></span> <span class='ocrx_word' id='word_1_60' title='bbox 1854 1042 1981 1092; x_wconf 87' lang='grc' dir='ltr'><strong>ἐπι-</strong></span> 
     </span>
    </p>
   </div>
   <div class='ocr_carea' id='block_1_10' title="bbox 396 1127 1976 1204">
    <p class='ocr_par' dir='ltr' id='par_1_10' title="bbox 396 1127 1976 1204">
     <span class='ocr_line' id='line_1_10' title="bbox 396 1127 1976 1204; baseline 0.004 -26"><span class='ocrx_word' id='word_1_61' title='bbox 396 1127 741 1197; x_wconf 68' lang='grc' dir='ltr'><strong>ψηφίσασθαι</strong></span> <span class='ocrx_word' id='word_1_62' title='bbox 789 1130 1034 1183; x_wconf 74' lang='grc' dir='ltr'><strong>ἔπεισεν⁹</strong></span> <span class='ocrx_word' id='word_1_63' title='bbox 1089 1134 1137 1184; x_wconf 83' lang='grc' dir='ltr'><strong>οἱ</strong></span> <span class='ocrx_word' id='word_1_64' title='bbox 1194 1132 1251 1185; x_wconf 84' lang='grc' dir='ltr'><strong>δὲ</strong></span> <span class='ocrx_word' id='word_1_65' title='bbox 1300 1133 1517 1195; x_wconf 81' lang='grc' dir='ltr'><strong>πλείους</strong></span> <span class='ocrx_word' id='word_1_66' title='bbox 1571 1133 1976 1204; x_wconf 80' lang='grc' dir='ltr'><strong>παρῃτήσαντο.</strong></span> 
     </span>
    </p>
   </div>
   <div class='ocr_carea' id='block_1_11' title="bbox 396 1204 1983 1296">
    <p class='ocr_par' dir='ltr' id='par_1_11' title="bbox 396 1204 1983 1296">
     <span class='ocr_line' id='line_1_11' title="bbox 396 1204 1983 1296; baseline 0.004 -24"><span class='ocrx_word' id='word_1_67' title='bbox 396 1221 654 1291; x_wconf 75' lang='grc' dir='ltr'><strong>θεότιμος</strong></span> <span class='ocrx_word' id='word_1_68' title='bbox 682 1221 739 1274; x_wconf 69' lang='grc' dir='ltr'><strong>δὲ</strong></span> <span class='ocrx_word' id='word_1_69' title='bbox 760 1204 1047 1286; x_wconf 58' lang='grc' dir='ltr'><strong>ὁῖκυθίας</strong></span> <span class='ocrx_word' id='word_1_70' title='bbox 1080 1225 1395 1288; x_wconf 81' lang='grc' dir='ltr'><strong>ἐπίσκοπος,</strong></span> <span class='ocrx_word' id='word_1_71' title='bbox 1422 1227 1515 1279; x_wconf 76' lang='grc' dir='ltr'><strong>καὶ</strong></span> <span class='ocrx_word' id='word_1_72' title='bbox 1543 1226 1798 1296; x_wconf 79' lang='grc' dir='ltr'><strong>ἄντικρυς</strong></span> <span class='ocrx_word' id='word_1_73' title='bbox 1834 1227 1983 1279; x_wconf 81' lang='grc' dir='ltr'><strong>Ἐπι-</strong></span> 
     </span>
    </p>
   </div>
   <div class='ocr_carea' id='block_1_12' title="bbox 398 1312 1982 1387">
    <p class='ocr_par' dir='ltr' id='par_1_12' title="bbox 398 1312 1982 1387">
     <span class='ocr_line' id='line_1_12' title="bbox 398 1312 1982 1387; baseline 0.004 -24"><span class='ocrx_word' id='word_1_74' title='bbox 398 1314 587 1379; x_wconf 87' lang='grc' dir='ltr'><strong>φανίου</strong></span> <span class='ocrx_word' id='word_1_75' title='bbox 631 1312 934 1383; x_wconf 76' lang='grc' dir='ltr'><strong>καθήψατο.</strong></span> <span class='ocrx_word' id='word_1_76' title='bbox 967 1312 1103 1368; x_wconf 76' lang='grc' dir='ltr'><strong>Οὔτε</strong></span> <span class='ocrx_word' id='word_1_77' title='bbox 1163 1315 1271 1385; x_wconf 80' lang='grc' dir='ltr'><strong>γὰρ</strong></span> <span class='ocrx_word' id='word_1_78' title='bbox 1326 1315 1429 1387; x_wconf 80' lang='grc' dir='ltr'><strong>ἐφη</strong></span> <span class='ocrx_word' id='word_1_79' title='bbox 1481 1317 1626 1369; x_wconf 85' lang='grc' dir='ltr'><strong>ὅσιον</strong></span> <span class='ocrx_word' id='word_1_80' title='bbox 1677 1312 1835 1379; x_wconf 83' lang='grc' dir='ltr'><strong>εἶναι,</strong></span> <span class='ocrx_word' id='word_1_81' title='bbox 1889 1316 1982 1370; x_wconf 77' lang='grc' dir='ltr'><strong>τὸν</strong></span> 
     </span>
    </p>
   </div>
   <div class='ocr_carea' id='block_1_13' title="bbox 399 1404 1983 1479">
    <p class='ocr_par' dir='ltr' id='par_1_13' title="bbox 399 1404 1983 1479">
     <span class='ocr_line' id='line_1_13' title="bbox 399 1404 1983 1479; baseline 0.004 -24"><span class='ocrx_word' id='word_1_82' title='bbox 399 1404 562 1456; x_wconf 78' lang='grc' dir='ltr'><strong>πάλαι</strong></span> <span class='ocrx_word' id='word_1_83' title='bbox 616 1405 1037 1477; x_wconf 75' lang='grc' dir='ltr'><strong>τετελευτηκότα</strong></span> <span class='ocrx_word' id='word_1_84' title='bbox 1106 1408 1383 1479; x_wconf 81' lang='grc' dir='ltr'><strong>ὑϐρίζειν·</strong></span> <span class='ocrx_word' id='word_1_85' title='bbox 1451 1407 1576 1461; x_wconf 73' lang='grc' dir='ltr'><strong>οὔτε</strong></span> <span class='ocrx_word' id='word_1_86' title='bbox 1635 1407 1983 1478; x_wconf 71' lang='grc' dir='ltr'><strong>βλασφημίας</strong></span> 
     </span>
    </p>
   </div>
   <div class='ocr_carea' id='block_1_14' title="bbox 397 1494 1984 1571">
    <p class='ocr_par' dir='ltr' id='par_1_14' title="bbox 397 1494 1984 1571">
     <span class='ocr_line' id='line_1_14' title="bbox 397 1494 1984 1571; baseline 0.006 -26"><span class='ocrx_word' id='word_1_87' title='bbox 397 1494 575 1556; x_wconf 82' lang='grc' dir='ltr'><strong>ἐκτὸς.</strong></span> <span class='ocrx_word' id='word_1_88' title='bbox 603 1496 699 1566; x_wconf 82' lang='grc' dir='ltr'><strong>τὴν</strong></span> <span class='ocrx_word' id='word_1_89' title='bbox 746 1497 858 1550; x_wconf 84' lang='grc' dir='ltr'><strong>τῶν</strong></span> <span class='ocrx_word' id='word_1_90' title='bbox 902 1498 1273 1571; x_wconf 77' lang='grc' dir='ltr'><strong>παλαιοτέρων</strong></span> <span class='ocrx_word' id='word_1_91' title='bbox 1305 1500 1609 1555; x_wconf 91' lang='grc' dir='ltr'><strong>διαϐάλλειν</strong></span> <span class='ocrx_word' id='word_1_92' title='bbox 1641 1502 1840 1569; x_wconf 86' lang='grc' dir='ltr'><strong>κρίσιν,</strong></span> <span class='ocrx_word' id='word_1_93' title='bbox 1889 1503 1984 1556; x_wconf 80' lang='grc' dir='ltr'><strong>καὶ</strong></span> 
     </span>
    </p>
   </div>
   <div class='ocr_carea' id='block_1_15' title="bbox 396 1584 1984 1663">
    <p class='ocr_par' dir='ltr' id='par_1_15' title="bbox 396 1584 1984 1663">
     <span class='ocr_line' id='line_1_15' title="bbox 396 1584 1984 1663; baseline 0.006 -27"><span class='ocrx_word' id='word_1_94' title='bbox 396 1584 469 1636; x_wconf 76' lang='grc' dir='ltr'><strong>τὰ</strong></span> <span class='ocrx_word' id='word_1_95' title='bbox 514 1586 646 1657; x_wconf 83' lang='grc' dir='ltr'><strong>παρ’</strong></span> <span class='ocrx_word' id='word_1_96' title='bbox 690 1589 914 1641; x_wconf 81' lang='grc' dir='ltr'><strong>ἐκείνων</strong></span> <span class='ocrx_word' id='word_1_97' title='bbox 966 1590 1399 1661; x_wconf 82' lang='grc' dir='ltr'><strong>δεδοκιμασμένα</strong></span> <span class='ocrx_word' id='word_1_98' title='bbox 1448 1593 1684 1648; x_wconf 84' lang='grc' dir='ltr'><strong>ἀθετεῖν.</strong></span> <span class='ocrx_word' id='word_1_99' title='bbox 1719 1594 1869 1663; x_wconf 77' lang='grc' dir='ltr'><strong>Ἀμα</strong></span> <span class='ocrx_word' id='word_1_100' title='bbox 1924 1611 1984 1647; x_wconf 86' lang='grc' dir='ltr'><strong>τε</strong></span> 
     </span>
    </p>
   </div>
   <div class='ocr_carea' id='block_1_16' title="bbox 398 1674 1985 1755">
    <p class='ocr_par' dir='ltr' id='par_1_16' title="bbox 398 1674 1985 1755">
     <span class='ocr_line' id='line_1_16' title="bbox 398 1674 1985 1755; baseline 0.008 -30"><span class='ocrx_word' id='word_1_101' title='bbox 398 1674 594 1741; x_wconf 85' lang='grc' dir='ltr'><strong>λέγων,</strong></span> <span class='ocrx_word' id='word_1_102' title='bbox 642 1678 735 1730; x_wconf 79' lang='grc' dir='ltr'><strong>καὶ</strong></span> <span class='ocrx_word' id='word_1_103' title='bbox 784 1678 987 1747; x_wconf 86' lang='grc' dir='ltr'><strong>βιϐλίον</strong></span> <span class='ocrx_word' id='word_1_104' title='bbox 1031 1698 1083 1733; x_wconf 92' lang='grc' dir='ltr'><strong>τι</strong></span> <span class='ocrx_word' id='word_1_105' title='bbox 1127 1682 1236 1735; x_wconf 84' lang='grc' dir='ltr'><strong>τῶν</strong></span> <span class='ocrx_word' id='word_1_106' title='bbox 1287 1682 1591 1753; x_wconf 82' lang='grc' dir='ltr'><strong>Ὤριγένους</strong></span> <span class='ocrx_word' id='word_1_107' title='bbox 1643 1688 1985 1755; x_wconf 86' lang='grc' dir='ltr'><strong>προκομίσας</strong></span> 
     </span>
    </p>
   </div>
   <div class='ocr_carea' id='block_1_17' title="bbox 397 1767 1984 1846">
    <p class='ocr_par' dir='ltr' id='par_1_17' title="bbox 397 1767 1984 1846">
     <span class='ocr_line' id='line_1_17' title="bbox 397 1767 1984 1846; baseline 0.008 -29"><span class='ocrx_word' id='word_1_108' title='bbox 397 1767 629 1836; x_wconf 79' lang='grc' dir='ltr'><strong>διεξῄει·</strong></span> <span class='ocrx_word' id='word_1_109' title='bbox 670 1771 763 1821; x_wconf 77' lang='grc' dir='ltr'><strong>καὶ</strong></span> <span class='ocrx_word' id='word_1_110' title='bbox 809 1772 1041 1842; x_wconf 84' lang='grc' dir='ltr'><strong>χρειώδη</strong></span> <span class='ocrx_word' id='word_1_111' title='bbox 1080 1776 1199 1835; x_wconf 88' lang='grc' dir='ltr'><strong>ταῖς</strong></span> <span class='ocrx_word' id='word_1_112' title='bbox 1234 1774 1579 1845; x_wconf 85' lang='grc' dir='ltr'><strong>Ἐκκλησίαις</strong></span> <span class='ocrx_word' id='word_1_113' title='bbox 1626 1776 1694 1828; x_wconf 76' lang='grc' dir='ltr'><strong>τὰ</strong></span> <span class='ocrx_word' id='word_1_114' title='bbox 1745 1777 1984 1846; x_wconf 80' lang='grc' dir='ltr'><strong>ἀνεγνω-</strong></span> 
     </span>
    </p>
   </div>
   <div class='ocr_carea' id='block_1_18' title="bbox 401 1859 1986 1935">
    <p class='ocr_par' dir='ltr' id='par_1_18' title="bbox 401 1859 1986 1935">
     <span class='ocr_line' id='line_1_18' title="bbox 401 1859 1986 1935; baseline 0.008 -27"><span class='ocrx_word' id='word_1_115' title='bbox 401 1859 575 1927; x_wconf 87' lang='grc' dir='ltr'><strong>σμένα</strong></span> <span class='ocrx_word' id='word_1_116' title='bbox 623 1859 821 1925; x_wconf 78' lang='grc' dir='ltr'><strong>δείξας,</strong></span> <span class='ocrx_word' id='word_1_117' title='bbox 854 1863 1109 1927; x_wconf 75' lang='grc' dir='ltr'><strong>Ἄτοπον,</strong></span> <span class='ocrx_word' id='word_1_118' title='bbox 1147 1864 1274 1933; x_wconf 74' lang='grc' dir='ltr'><strong>ἔφη,</strong></span> <span class='ocrx_word' id='word_1_119' title='bbox 1304 1865 1664 1935; x_wconf 85' lang='grc' dir='ltr'><strong>ὑπομένουσιν</strong></span> <span class='ocrx_word' id='word_1_120' title='bbox 1717 1869 1763 1919; x_wconf 89' lang='grc' dir='ltr'><strong>οί</strong></span> <span class='ocrx_word' id='word_1_121' title='bbox 1811 1867 1986 1921; x_wconf 89' lang='grc' dir='ltr'><strong>ταῦτα</strong></span> 
     </span>
    </p>
   </div>
   <div class='ocr_carea' id='block_1_19' title="bbox 398 1931 2060 2028">
    <p class='ocr_par' dir='ltr' id='par_1_19' title="bbox 398 1931 2060 2028">
     <span class='ocr_line' id='line_1_19' title="bbox 398 1931 2060 2028; baseline 0.008 -29"><span class='ocrx_word' id='word_1_122' title='bbox 398 1948 791 2013; x_wconf 88' lang='grc' dir='ltr'><strong>διαϐάλλοντες.</strong></span> <span class='ocrx_word' id='word_1_123' title='bbox 822 1931 1205 2007; x_wconf 79' lang='grc' dir='ltr'><strong>Κινδυνεύουσι</strong></span> <span class='ocrx_word' id='word_1_124' title='bbox 1234 1931 1341 2028; x_wconf 59' lang='grc' dir='ltr'><strong>χάρ</strong></span> <span class='ocrx_word' id='word_1_125' title='bbox 1365 1931 1537 2010; x_wconf 78' lang='grc' dir='ltr'><strong>ταῦτα</strong></span> <span class='ocrx_word' id='word_1_126' title='bbox 1568 1958 1826 2028; x_wconf 86' lang='grc' dir='ltr'><strong>ὑϐρίζειν,</strong></span> <span class='ocrx_word' id='word_1_127' title='bbox 1855 1960 1988 2028; x_wconf 79' lang='grc' dir='ltr'><strong>περὶ</strong></span> <span class='ocrx_word' id='word_1_128' title='bbox 2018 1931 2060 1985; x_wconf 68' lang='grc' dir='ltr'><strong>Β</strong></span> 
     </span>
    </p>
   </div>
   <div class='ocr_carea' id='block_1_20' title="bbox 398 2030 1987 2119">
    <p class='ocr_par' dir='ltr' id='par_1_20' title="bbox 398 2030 1987 2119">
     <span class='ocr_line' id='line_1_20' title="bbox 398 2030 1987 2119; baseline 0.006 -29"><span class='ocrx_word' id='word_1_129' title='bbox 398 2030 473 2090; x_wconf 80' lang='grc' dir='ltr'><strong>ὧν</strong></span> <span class='ocrx_word' id='word_1_130' title='bbox 506 2040 555 2091; x_wconf 84' lang='lat' dir='ltr'><strong>oi</strong></span> <span class='ocrx_word' id='word_1_131' title='bbox 584 2040 749 2108; x_wconf 73' lang='grc' dir='ltr'><strong>λόγοι.</strong></span> <span class='ocrx_word' id='word_1_132' title='bbox 784 2042 844 2095; x_wconf 88' lang='lat'><strong>&#39;0</strong></span> <span class='ocrx_word' id='word_1_133' title='bbox 874 2044 932 2096; x_wconf 80' lang='grc' dir='ltr'><strong>δὲ</strong></span> <span class='ocrx_word' id='word_1_134' title='bbox 973 2045 1242 2115; x_wconf 80' lang='grc' dir='ltr'><strong>Ἰωάννης,</strong></span> <span class='ocrx_word' id='word_1_135' title='bbox 1271 2046 1339 2098; x_wconf 88' lang='grc' dir='ltr'><strong>δι’</strong></span> <span class='ocrx_word' id='word_1_136' title='bbox 1380 2047 1560 2110; x_wconf 87' lang='grc' dir='ltr'><strong>αῖδοῦς</strong></span> <span class='ocrx_word' id='word_1_137' title='bbox 1590 2044 1735 2119; x_wconf 84' lang='grc' dir='ltr'><strong>εῖχεν</strong></span> <span class='ocrx_word' id='word_1_138' title='bbox 1772 2050 1851 2102; x_wconf 79' lang='grc' dir='ltr'><strong>ἐτι</strong></span> <span class='ocrx_word' id='word_1_139' title='bbox 1895 2049 1987 2101; x_wconf 80' lang='grc' dir='ltr'><strong>τὸν</strong></span> 
     </span>
    </p>
   </div>
   <div class='ocr_carea' id='block_1_21' title="bbox 416 2132 1985 2210">
    <p class='ocr_par' dir='ltr' id='par_1_21' title="bbox 416 2132 1985 2210">
     <span class='ocr_line' id='line_1_21' title="bbox 416 2132 1985 2210; baseline 0.006 -27"><span class='ocrx_word' id='word_1_140' title='bbox 416 2132 753 2200; x_wconf 79' lang='grc' dir='ltr'><strong>Ἐπιφάνιον,</strong></span> <span class='ocrx_word' id='word_1_141' title='bbox 799 2136 895 2187; x_wconf 70' lang='grc' dir='ltr'><strong>καὶ</strong></span> <span class='ocrx_word' id='word_1_142' title='bbox 947 2137 1244 2207; x_wconf 81' lang='grc' dir='ltr'><strong>παρεκάλει</strong></span> <span class='ocrx_word' id='word_1_143' title='bbox 1294 2137 1455 2192; x_wconf 79' lang='grc' dir='ltr'><strong>αὑτὸν</strong></span> <span class='ocrx_word' id='word_1_144' title='bbox 1487 2138 1985 2210; x_wconf 77' lang='grc' dir='ltr'><strong>συνεκκλησιάζειν,</strong></span> 
     </span>
    </p>
   </div>
   <div class='ocr_carea' id='block_1_22' title="bbox 401 2224 1978 2296">
    <p class='ocr_par' dir='ltr' id='par_1_22' title="bbox 401 2224 1978 2296">
     <span class='ocr_line' id='line_1_22' title="bbox 401 2224 1978 2296; baseline 0.004 -19"><span class='ocrx_word' id='word_1_145' title='bbox 401 2225 496 2277; x_wconf 78' lang='grc' dir='ltr'><strong>καὶ</strong></span> <span class='ocrx_word' id='word_1_146' title='bbox 530 2224 772 2279; x_wconf 87' lang='grc' dir='ltr'><strong>σύνοικον</strong></span> <span class='ocrx_word' id='word_1_147' title='bbox 809 2226 969 2296; x_wconf 80' lang='grc' dir='ltr'><strong>ἔχειν.</strong></span> <span class='ocrx_word' id='word_1_148' title='bbox 1012 2230 1069 2281; x_wconf 84' lang='grc' dir='ltr'><strong>Ὀ</strong></span> <span class='ocrx_word' id='word_1_149' title='bbox 1107 2229 1183 2294; x_wconf 75' lang='grc' dir='ltr'><strong>δὲ,</strong></span> <span class='ocrx_word' id='word_1_150' title='bbox 1211 2228 1334 2283; x_wconf 76' lang='grc' dir='ltr'><strong>οὔτε</strong></span> <span class='ocrx_word' id='word_1_151' title='bbox 1382 2233 1666 2295; x_wconf 79' lang='grc' dir='ltr'><strong>συνοικεῖν,</strong></span> <span class='ocrx_word' id='word_1_152' title='bbox 1695 2230 1818 2284; x_wconf 74' lang='grc' dir='ltr'><strong>οὔτε</strong></span> <span class='ocrx_word' id='word_1_153' title='bbox 1850 2249 1978 2284; x_wconf 86' lang='grc' dir='ltr'><strong>συν-</strong></span> 
     </span>
    </p>
   </div>
   <div class='ocr_carea' id='block_1_23' title="bbox 401 2313 1984 2391">
    <p class='ocr_par' dir='ltr' id='par_1_23' title="bbox 401 2313 1984 2391">
     <span class='ocr_line' id='line_1_23' title="bbox 401 2313 1984 2391; baseline 0.005 -27"><span class='ocrx_word' id='word_1_154' title='bbox 401 2313 654 2382; x_wconf 88' lang='grc' dir='ltr'><strong>εύχεσθαι</strong></span> <span class='ocrx_word' id='word_1_155' title='bbox 679 2317 827 2385; x_wconf 83' lang='grc' dir='ltr'><strong>αὑτῷ</strong></span> <span class='ocrx_word' id='word_1_156' title='bbox 858 2317 1166 2387; x_wconf 87' lang='grc' dir='ltr'><strong>ἀντεδήλου,</strong></span> <span class='ocrx_word' id='word_1_157' title='bbox 1197 2320 1246 2371; x_wconf 90' lang='grc' dir='ltr'><strong>εί</strong></span> <span class='ocrx_word' id='word_1_158' title='bbox 1282 2319 1357 2389; x_wconf 73' lang='grc' dir='ltr'><strong>μὴ</strong></span> <span class='ocrx_word' id='word_1_159' title='bbox 1398 2320 1846 2391; x_wconf 81' lang='grc' dir='ltr'><strong>καταψηφίσηται</strong></span> <span class='ocrx_word' id='word_1_160' title='bbox 1876 2321 1984 2373; x_wconf 84' lang='grc' dir='ltr'><strong>τῶν</strong></span> 
     </span>
    </p>
   </div>
   <div class='ocr_carea' id='block_1_24' title="bbox 414 2404 1987 2480">
    <p class='ocr_par' dir='ltr' id='par_1_24' title="bbox 414 2404 1987 2480">
     <span class='ocr_line' id='line_1_24' title="bbox 414 2404 1987 2480; baseline 0.004 -25"><span class='ocrx_word' id='word_1_161' title='bbox 414 2404 719 2474; x_wconf 76' lang='grc' dir='ltr'><strong>Ὠριγένους</strong></span> <span class='ocrx_word' id='word_1_162' title='bbox 748 2407 944 2474; x_wconf 86' lang='grc' dir='ltr'><strong>λόγων,</strong></span> <span class='ocrx_word' id='word_1_163' title='bbox 976 2408 1069 2461; x_wconf 78' lang='grc' dir='ltr'><strong>καὶ</strong></span> <span class='ocrx_word' id='word_1_164' title='bbox 1111 2410 1400 2478; x_wconf 85' lang='grc' dir='ltr'><strong>Διόσκορον</strong></span> <span class='ocrx_word' id='word_1_165' title='bbox 1430 2411 1521 2461; x_wconf 81' lang='grc' dir='ltr'><strong>καὶ</strong></span> <span class='ocrx_word' id='word_1_166' title='bbox 1554 2411 1679 2473; x_wconf 73' lang='grc' dir='ltr'><strong>τοὺς</strong></span> <span class='ocrx_word' id='word_1_167' title='bbox 1716 2412 1811 2464; x_wconf 85' lang='grc' dir='ltr'><strong>σὺν</strong></span> <span class='ocrx_word' id='word_1_168' title='bbox 1836 2411 1987 2480; x_wconf 81' lang='grc' dir='ltr'><strong>αύτῷ</strong></span> 
     </span>
    </p>
   </div>
   <div class='ocr_carea' id='block_1_25' title="bbox 402 2500 1988 2574">
    <p class='ocr_par' dir='ltr' id='par_1_25' title="bbox 402 2500 1988 2574">
     <span class='ocr_line' id='line_1_25' title="bbox 402 2500 1988 2574; baseline 0.004 -24"><span class='ocrx_word' id='word_1_169' title='bbox 402 2500 653 2571; x_wconf 77' lang='grc' dir='ltr'><strong>ἐξελάσῃ.</strong></span> <span class='ocrx_word' id='word_1_170' title='bbox 694 2503 846 2555; x_wconf 74' lang='grc' dir='ltr'><strong>Ἐπεὶ</strong></span> <span class='ocrx_word' id='word_1_171' title='bbox 876 2503 932 2555; x_wconf 84' lang='grc' dir='ltr'><strong>δὲ</strong></span> <span class='ocrx_word' id='word_1_172' title='bbox 966 2502 1135 2556; x_wconf 84' lang='grc' dir='ltr'><strong>ταῦτα</strong></span> <span class='ocrx_word' id='word_1_173' title='bbox 1164 2505 1336 2555; x_wconf 82' lang='grc' dir='ltr'><strong>ποιεῖν</strong></span> <span class='ocrx_word' id='word_1_174' title='bbox 1365 2504 1470 2574; x_wconf 85' lang='grc' dir='ltr'><strong>πρὸ</strong></span> <span class='ocrx_word' id='word_1_175' title='bbox 1499 2504 1653 2574; x_wconf 87' lang='grc' dir='ltr'><strong>δίκης</strong></span> <span class='ocrx_word' id='word_1_176' title='bbox 1693 2505 1754 2557; x_wconf 82' lang='grc' dir='ltr'><strong>οὐ</strong></span> <span class='ocrx_word' id='word_1_177' title='bbox 1780 2504 1988 2557; x_wconf 87' lang='grc' dir='ltr'><strong>δίκαιον</strong></span> 
     </span>
    </p>
   </div>
   <div class='ocr_carea' id='block_1_26' title="bbox 403 2594 1989 2665">
    <p class='ocr_par' dir='ltr' id='par_1_26' title="bbox 403 2594 1989 2665">
     <span class='ocr_line' id='line_1_26' title="bbox 403 2594 1989 2665; baseline 0.002 -22"><span class='ocrx_word' id='word_1_178' title='bbox 403 2595 589 2659; x_wconf 77' lang='grc' dir='ltr'><strong>ἡγεῖτο</strong></span> <span class='ocrx_word' id='word_1_179' title='bbox 626 2594 720 2646; x_wconf 77' lang='grc' dir='ltr'><strong>καὶ</strong></span> <span class='ocrx_word' id='word_1_180' title='bbox 753 2594 1094 2659; x_wconf 84' lang='grc' dir='ltr'><strong>ἀνεϐάλλετο,</strong></span> <span class='ocrx_word' id='word_1_181' title='bbox 1130 2594 1427 2665; x_wconf 79' lang='grc' dir='ltr'><strong>μελλούσης</strong></span> <span class='ocrx_word' id='word_1_182' title='bbox 1460 2595 1823 2649; x_wconf 72' lang='grc' dir='ltr'><strong>ἐπιτελεῖσθαι</strong></span> <span class='ocrx_word' id='word_1_183' title='bbox 1861 2613 1989 2648; x_wconf 70' lang='lat' dir='ltr'><strong>aov-</strong></span> 
     </span>
    </p>
   </div>
   <div class='ocr_carea' id='block_1_27' title="bbox 402 2684 1984 2757">
    <p class='ocr_par' dir='ltr' id='par_1_27' title="bbox 402 2684 1984 2757">
     <span class='ocr_line' id='line_1_27' title="bbox 402 2684 1984 2757; baseline 0.003 -22"><span class='ocrx_word' id='word_1_184' title='bbox 402 2684 577 2749; x_wconf 79' lang='grc' dir='ltr'><strong>άξεως</strong></span> <span class='ocrx_word' id='word_1_185' title='bbox 627 2685 685 2736; x_wconf 87' lang='grc' dir='ltr'><strong>ἐν</strong></span> <span class='ocrx_word' id='word_1_186' title='bbox 733 2688 799 2755; x_wconf 81' lang='grc' dir='ltr'><strong>τῇ</strong></span> <span class='ocrx_word' id='word_1_187' title='bbox 853 2685 1125 2755; x_wconf 85' lang='grc' dir='ltr'><strong>ἐπωνύμῳ</strong></span> <span class='ocrx_word' id='word_1_188' title='bbox 1181 2684 1289 2738; x_wconf 83' lang='grc' dir='ltr'><strong>τῶν</strong></span> <span class='ocrx_word' id='word_1_189' title='bbox 1331 2686 1667 2739; x_wconf 81' lang='grc' dir='ltr'><strong>’Δποστόλων</strong></span> <span class='ocrx_word' id='word_1_190' title='bbox 1698 2688 1984 2757; x_wconf 80' lang='grc' dir='ltr'><strong>ἐκκλησίᾳ,</strong></span> 
     </span>
    </p>
   </div>
   <div class='ocr_carea' id='block_1_28' title="bbox 407 2775 1989 2848">
    <p class='ocr_par' dir='ltr' id='par_1_28' title="bbox 407 2775 1989 2848">
     <span class='ocr_line' id='line_1_28' title="bbox 407 2775 1989 2848; baseline 0.003 -23"><span class='ocrx_word' id='word_1_191' title='bbox 407 2775 808 2838; x_wconf 85' lang='grc' dir='ltr'><strong>κατεσκεύαζον</strong></span> <span class='ocrx_word' id='word_1_192' title='bbox 846 2776 897 2827; x_wconf 78' lang='grc' dir='ltr'><strong>οῖ</strong></span> <span class='ocrx_word' id='word_1_193' title='bbox 938 2776 1182 2828; x_wconf 86' lang='grc' dir='ltr'><strong>Ἰωάννου</strong></span> <span class='ocrx_word' id='word_1_194' title='bbox 1207 2775 1491 2845; x_wconf 86' lang='grc' dir='ltr'><strong>δυσμενεῖς</strong></span> <span class='ocrx_word' id='word_1_195' title='bbox 1516 2776 1797 2848; x_wconf 83' lang='grc' dir='ltr'><strong>προελθεῖν</strong></span> <span class='ocrx_word' id='word_1_196' title='bbox 1838 2778 1989 2829; x_wconf 76' lang='grc' dir='ltr'><strong>Ἐπι-</strong></span> 
     </span>
    </p>
   </div>
   <div class='ocr_carea' id='block_1_29' title="bbox 405 2864 1992 2937">
    <p class='ocr_par' dir='ltr' id='par_1_29' title="bbox 405 2864 1992 2937">
     <span class='ocr_line' id='line_1_29' title="bbox 405 2864 1992 2937; baseline 0.004 -22"><span class='ocrx_word' id='word_1_197' title='bbox 405 2864 613 2931; x_wconf 82' lang='grc' dir='ltr'><strong>φάνιον,</strong></span> <span class='ocrx_word' id='word_1_198' title='bbox 642 2867 735 2918; x_wconf 78' lang='grc' dir='ltr'><strong>καὶ</strong></span> <span class='ocrx_word' id='word_1_199' title='bbox 763 2866 999 2937; x_wconf 80' lang='grc' dir='ltr'><strong>δημοσία</strong></span> <span class='ocrx_word' id='word_1_200' title='bbox 1045 2866 1389 2935; x_wconf 80' lang='grc' dir='ltr'><strong>ἀποκηρῦξαι</strong></span> <span class='ocrx_word' id='word_1_201' title='bbox 1436 2866 1528 2919; x_wconf 81' lang='grc' dir='ltr'><strong>ἐπὶ</strong></span> <span class='ocrx_word' id='word_1_202' title='bbox 1569 2866 1663 2919; x_wconf 89' lang='grc' dir='ltr'><strong>τοῦ</strong></span> <span class='ocrx_word' id='word_1_203' title='bbox 1714 2866 1841 2919; x_wconf 89' lang='grc' dir='ltr'><strong>λαοῦ</strong></span> <span class='ocrx_word' id='word_1_204' title='bbox 1892 2870 1992 2932; x_wconf 87' lang='grc' dir='ltr'><strong>τὰς</strong></span> 
     </span>
    </p>
   </div>
   <div class='ocr_carea' id='block_1_30' title="bbox 416 2955 1991 3030">
    <p class='ocr_par' dir='ltr' id='par_1_30' title="bbox 416 2955 1991 3030">
     <span class='ocr_line' id='line_1_30' title="bbox 416 2955 1991 3030; baseline 0.003 -22"><span class='ocrx_word' id='word_1_205' title='bbox 416 2955 721 3027; x_wconf 81' lang='grc' dir='ltr'><strong>Ὠριγένους</strong></span> <span class='ocrx_word' id='word_1_206' title='bbox 757 2958 992 3027; x_wconf 86' lang='grc' dir='ltr'><strong>βίϐλους,</strong></span> <span class='ocrx_word' id='word_1_207' title='bbox 1044 2957 1137 3010; x_wconf 76' lang='grc' dir='ltr'><strong>καὶ</strong></span> <span class='ocrx_word' id='word_1_208' title='bbox 1183 2959 1310 3020; x_wconf 84' lang='grc' dir='ltr'><strong>τοὺς</strong></span> <span class='ocrx_word' id='word_1_209' title='bbox 1355 2958 1497 3026; x_wconf 80' lang='grc' dir='ltr'><strong>ἀμφὶ</strong></span> <span class='ocrx_word' id='word_1_210' title='bbox 1542 2957 1633 3011; x_wconf 82' lang='grc' dir='ltr'><strong>τὸν</strong></span> <span class='ocrx_word' id='word_1_211' title='bbox 1678 2960 1991 3030; x_wconf 86' lang='grc' dir='ltr'><strong>Διόσκορον,</strong></span> 
     </span>
    </p>
   </div>
   <div class='ocr_carea' id='block_1_31' title="bbox 404 3048 1994 3121">
    <p class='ocr_par' dir='ltr' id='par_1_31' title="bbox 404 3048 1994 3121">
     <span class='ocr_line' id='line_1_31' title="bbox 404 3048 1994 3121; baseline 0.003 -20"><span class='ocrx_word' id='word_1_212' title='bbox 404 3048 482 3111; x_wconf 84' lang='grc' dir='ltr'><strong>ὡς</strong></span> <span class='ocrx_word' id='word_1_213' title='bbox 524 3050 595 3101; x_wconf 84' lang='grc' dir='ltr'><strong>τὰ</strong></span> <span class='ocrx_word' id='word_1_214' title='bbox 636 3048 828 3101; x_wconf 86' lang='grc' dir='ltr'><strong>τούτου</strong></span> <span class='ocrx_word' id='word_1_215' title='bbox 873 3048 1241 3118; x_wconf 77' lang='grc' dir='ltr'><strong>φρονοῦντας·</strong></span> <span class='ocrx_word' id='word_1_216' title='bbox 1303 3052 1362 3102; x_wconf 87' lang='grc' dir='ltr'><strong>ἐν</strong></span> <span class='ocrx_word' id='word_1_217' title='bbox 1416 3051 1598 3121; x_wconf 88' lang='grc' dir='ltr'><strong>ταυτῷ</strong></span> <span class='ocrx_word' id='word_1_218' title='bbox 1644 3051 1701 3103; x_wconf 82' lang='grc' dir='ltr'><strong>δὲ</strong></span> <span class='ocrx_word' id='word_1_219' title='bbox 1758 3052 1853 3105; x_wconf 80' lang='grc' dir='ltr'><strong>καὶ</strong></span> <span class='ocrx_word' id='word_1_220' title='bbox 1901 3052 1994 3106; x_wconf 85' lang='grc' dir='ltr'><strong>τὸν</strong></span> 
     </span>
    </p>
   </div>
   <div class='ocr_carea' id='block_1_32' title="bbox 411 3139 1992 3213">
    <p class='ocr_par' dir='ltr' id='par_1_32' title="bbox 411 3139 1992 3213">
     <span class='ocr_line' id='line_1_32' title="bbox 411 3139 1992 3213; baseline 0.002 -21"><span class='ocrx_word' id='word_1_221' title='bbox 411 3140 711 3193; x_wconf 82' lang='grc' dir='ltr'><strong>ἐπίσκοπον</strong></span> <span class='ocrx_word' id='word_1_222' title='bbox 737 3140 835 3209; x_wconf 80' lang='grc' dir='ltr'><strong>τῆς</strong></span> <span class='ocrx_word' id='word_1_223' title='bbox 873 3140 1079 3202; x_wconf 86' lang='grc' dir='ltr'><strong>πόλεως</strong></span> <span class='ocrx_word' id='word_1_224' title='bbox 1104 3139 1398 3204; x_wconf 87' lang='grc' dir='ltr'><strong>διαϐαλεῖν,</strong></span> <span class='ocrx_word' id='word_1_225' title='bbox 1436 3142 1512 3203; x_wconf 84' lang='grc' dir='ltr'><strong>ὡς</strong></span> <span class='ocrx_word' id='word_1_226' title='bbox 1561 3142 1791 3205; x_wconf 89' lang='grc' dir='ltr'><strong>ἐκείνοις</strong></span> <span class='ocrx_word' id='word_1_227' title='bbox 1821 3160 1992 3213; x_wconf 78' lang='grc' dir='ltr'><strong>προσ-</strong></span> 
     </span>
    </p>
   </div>
   <div class='ocr_carea' id='block_1_33' title="bbox 405 3230 1989 3307">
    <p class='ocr_par' dir='ltr' id='par_1_33' title="bbox 405 3230 1989 3307">
     <span class='ocr_line' id='line_1_33' title="bbox 405 3230 1989 3307; baseline 0.003 -23"><span class='ocrx_word' id='word_1_228' title='bbox 405 3230 673 3300; x_wconf 84' lang='grc' dir='ltr'><strong>κείμενον.</strong></span> <span class='ocrx_word' id='word_1_229' title='bbox 712 3232 821 3284; x_wconf 78' lang='grc' dir='ltr'><strong>Καὶ</strong></span> <span class='ocrx_word' id='word_1_230' title='bbox 876 3233 927 3283; x_wconf 80' lang='lat' dir='ltr'><strong>oi</strong></span> <span class='ocrx_word' id='word_1_231' title='bbox 977 3232 1074 3301; x_wconf 82' lang='grc' dir='ltr'><strong>μὲν</strong></span> <span class='ocrx_word' id='word_1_232' title='bbox 1120 3231 1245 3285; x_wconf 83' lang='grc' dir='ltr'><strong>τάδε</strong></span> <span class='ocrx_word' id='word_1_233' title='bbox 1286 3232 1635 3295; x_wconf 80' lang='grc' dir='ltr'><strong>ἐσπούδαζον.</strong></span> <span class='ocrx_word' id='word_1_234' title='bbox 1666 3235 1853 3305; x_wconf 82' lang='grc' dir='ltr'><strong>ᾭοντο</strong></span> <span class='ocrx_word' id='word_1_235' title='bbox 1877 3236 1989 3307; x_wconf 82' lang='grc' dir='ltr'><strong>γὰρ</strong></span> 
     </span>
    </p>
   </div>
   <div class='ocr_carea' id='block_1_34' title="bbox 404 3322 1989 3399">
    <p class='ocr_par' dir='ltr' id='par_1_34' title="bbox 404 3322 1989 3399">
     <span class='ocr_line' id='line_1_34' title="bbox 404 3322 1989 3399; baseline 0.004 -24"><span class='ocrx_word' id='word_1_236' title='bbox 404 3324 567 3375; x_wconf 83' lang='grc' dir='ltr'><strong>αὐτὸν</strong></span> <span class='ocrx_word' id='word_1_237' title='bbox 613 3322 757 3376; x_wconf 82' lang='grc' dir='ltr'><strong>οὕτω</strong></span> <span class='ocrx_word' id='word_1_238' title='bbox 812 3324 1165 3395; x_wconf 83' lang='grc' dir='ltr'><strong>συγκρούσειν</strong></span> <span class='ocrx_word' id='word_1_239' title='bbox 1235 3325 1370 3395; x_wconf 81' lang='grc' dir='ltr'><strong>πρὸς</strong></span> <span class='ocrx_word' id='word_1_240' title='bbox 1418 3328 1477 3379; x_wconf 90' lang='grc' dir='ltr'><strong>τὸ</strong></span> <span class='ocrx_word' id='word_1_241' title='bbox 1535 3325 1758 3396; x_wconf 86' lang='grc' dir='ltr'><strong>πλῆθος.</strong></span> <span class='ocrx_word' id='word_1_242' title='bbox 1804 3329 1882 3399; x_wconf 77' lang='grc' dir='ltr'><strong>Τῇ</strong></span> <span class='ocrx_word' id='word_1_243' title='bbox 1932 3329 1989 3382; x_wconf 83' lang='grc' dir='ltr'><strong>δὲ</strong></span> 
     </span>
    </p>
   </div>
   <div class='ocr_carea' id='block_1_35' title="bbox 406 3414 1990 3491">
    <p class='ocr_par' dir='ltr' id='par_1_35' title="bbox 406 3414 1990 3491">
     <span class='ocr_line' id='line_1_35' title="bbox 406 3414 1990 3491; baseline 0.006 -26"><span class='ocrx_word' id='word_1_244' title='bbox 406 3414 533 3485; x_wconf 70' lang='grc' dir='ltr'>ἑξῆς</span> <span class='ocrx_word' id='word_1_245' title='bbox 559 3414 837 3469; x_wconf 74' lang='grc' dir='ltr'><strong>ἐπὶτοῦτο</strong></span> <span class='ocrx_word' id='word_1_246' title='bbox 882 3416 1159 3485; x_wconf 87' lang='grc' dir='ltr'><strong>προελθὼν</strong></span> <span class='ocrx_word' id='word_1_247' title='bbox 1194 3418 1526 3486; x_wconf 85' lang='grc' dir='ltr'><strong>Ἐπιφάνιος,</strong></span> <span class='ocrx_word' id='word_1_248' title='bbox 1557 3420 1721 3486; x_wconf 81' lang='grc' dir='ltr'><strong>ἐγγὺς</strong></span> <span class='ocrx_word' id='word_1_249' title='bbox 1751 3420 1849 3490; x_wconf 74' lang='grc' dir='ltr'><strong>ήδη</strong></span> <span class='ocrx_word' id='word_1_250' title='bbox 1892 3422 1990 3491; x_wconf 84' lang='grc' dir='ltr'><strong>τῆς</strong></span> 
     </span>
    </p>
   </div>
   <div class='ocr_carea' id='block_1_36' title="bbox 410 3506 1989 3582">
    <p class='ocr_par' dir='ltr' id='par_1_36' title="bbox 410 3506 1989 3582">
     <span class='ocr_line' id='line_1_36' title="bbox 410 3506 1989 3582; baseline 0.005 -24"><span class='ocrx_word' id='word_1_251' title='bbox 410 3507 707 3577; x_wconf 86' lang='grc' dir='ltr'><strong>ἐκκλησίας</strong></span> <span class='ocrx_word' id='word_1_252' title='bbox 791 3506 1129 3575; x_wconf 83' lang='grc' dir='ltr'><strong>ἐτύγχανεν·</strong></span> <span class='ocrx_word' id='word_1_253' title='bbox 1200 3510 1521 3580; x_wconf 83' lang='grc' dir='ltr'><strong>ἀπαντήσας</strong></span> <span class='ocrx_word' id='word_1_254' title='bbox 1584 3510 1640 3563; x_wconf 77' lang='grc' dir='ltr'><strong>δὲ</strong></span> <span class='ocrx_word' id='word_1_255' title='bbox 1696 3512 1844 3582; x_wconf 77' lang='grc' dir='ltr'><strong>αὐτῷ</strong></span> <span class='ocrx_word' id='word_1_256' title='bbox 1890 3514 1989 3566; x_wconf 82' lang='grc' dir='ltr'><strong>Σε-</strong></span> 
     </span>
    </p>
   </div>
   <div class='ocr_carea' id='block_1_37' title="bbox 409 3594 1994 3671">
    <p class='ocr_par' dir='ltr' id='par_1_37' title="bbox 409 3594 1994 3671">
     <span class='ocr_line' id='line_1_37' title="bbox 409 3594 1994 3671; baseline 0.006 -25"><span class='ocrx_word' id='word_1_257' title='bbox 409 3594 615 3666; x_wconf 88' lang='grc' dir='ltr'><strong>ραπίων</strong></span> <span class='ocrx_word' id='word_1_258' title='bbox 657 3596 807 3667; x_wconf 77' lang='grc' dir='ltr'><strong>παρὰ</strong></span> <span class='ocrx_word' id='word_1_259' title='bbox 846 3596 1091 3649; x_wconf 84' lang='grc' dir='ltr'><strong>Ἰωάννου</strong></span> <span class='ocrx_word' id='word_1_260' title='bbox 1139 3596 1463 3661; x_wconf 81' lang='grc' dir='ltr'><strong>ἀποσταλεὶς</strong></span> <span class='ocrx_word' id='word_1_261' title='bbox 1511 3599 1727 3668; x_wconf 75' lang='grc' dir='ltr'><strong>(ᾔσθετο</strong></span> <span class='ocrx_word' id='word_1_262' title='bbox 1771 3601 1878 3671; x_wconf 74' lang='grc' dir='ltr'><strong>γὰρ</strong></span> <span class='ocrx_word' id='word_1_263' title='bbox 1924 3602 1994 3655; x_wconf 66' lang='grc' dir='ltr'><strong>τὰ</strong></span> 
     </span>
    </p>
   </div>
   <div class='ocr_carea' id='block_1_38' title="bbox 405 3688 1995 3761">
    <p class='ocr_par' dir='ltr' id='par_1_38' title="bbox 405 3688 1995 3761">
     <span class='ocr_line' id='line_1_38' title="bbox 405 3688 1995 3761; baseline 0.004 -22"><span class='ocrx_word' id='word_1_264' title='bbox 405 3689 474 3757; x_wconf 79' lang='grc' dir='ltr'><strong>τῇ</strong></span> <span class='ocrx_word' id='word_1_265' title='bbox 497 3689 797 3759; x_wconf 78' lang='grc' dir='ltr'><strong>προτεραίᾳ</strong></span> <span class='ocrx_word' id='word_1_266' title='bbox 822 3688 1260 3759; x_wconf 77' lang='grc' dir='ltr'><strong>βεϐουλευμένα),</strong></span> <span class='ocrx_word' id='word_1_267' title='bbox 1280 3690 1625 3759; x_wconf 80' lang='grc' dir='ltr'><strong>ἐμαρτύρατο</strong></span> <span class='ocrx_word' id='word_1_268' title='bbox 1650 3694 1783 3761; x_wconf 87' lang='grc' dir='ltr'><strong>μήτε</strong></span> <span class='ocrx_word' id='word_1_269' title='bbox 1812 3693 1995 3747; x_wconf 88' lang='grc' dir='ltr'><strong>δίκαια</strong></span> 
     </span>
    </p>
   </div>
   <div class='ocr_carea' id='block_1_39' title="bbox 410 3780 1996 3857">
    <p class='ocr_par' dir='ltr' id='par_1_39' title="bbox 410 3780 1996 3857">
     <span class='ocr_line' id='line_1_39' title="bbox 410 3780 1996 3857; baseline 0.005 -26"><span class='ocrx_word' id='word_1_270' title='bbox 410 3782 606 3844; x_wconf 88' lang='grc' dir='ltr'><strong>ποιεῖν,</strong></span> <span class='ocrx_word' id='word_1_271' title='bbox 642 3783 779 3851; x_wconf 80' lang='grc' dir='ltr'><strong>μήτε</strong></span> <span class='ocrx_word' id='word_1_272' title='bbox 827 3780 974 3851; x_wconf 82' lang='grc' dir='ltr'><strong>αὐτῷ</strong></span> <span class='ocrx_word' id='word_1_273' title='bbox 1026 3782 1392 3852; x_wconf 84' lang='grc' dir='ltr'><strong>συμφέροντα,</strong></span> <span class='ocrx_word' id='word_1_274' title='bbox 1447 3784 1495 3834; x_wconf 87' lang='grc' dir='ltr'><strong>εί</strong></span> <span class='ocrx_word' id='word_1_275' title='bbox 1544 3785 1788 3855; x_wconf 81' lang='grc' dir='ltr'><strong>ταραχῆς</strong></span> <span class='ocrx_word' id='word_1_276' title='bbox 1822 3788 1877 3838; x_wconf 88' lang='grc' dir='ltr'><strong>ἐν</strong></span> <span class='ocrx_word' id='word_1_277' title='bbox 1918 3786 1996 3857; x_wconf 85' lang='grc' dir='ltr'><strong>τῷ</strong></span> 
     </span>
    </p>
   </div>
   <div class='ocr_carea' id='block_1_40' title="bbox 413 3874 1995 3945">
    <p class='ocr_par' dir='ltr' id='par_1_40' title="bbox 413 3874 1995 3945">
     <span class='ocr_line' id='line_1_40' title="bbox 413 3874 1995 3945; baseline 0.003 -18"><span class='ocrx_word' id='word_1_278' title='bbox 413 3874 608 3944; x_wconf 76' lang='grc' dir='ltr'><strong>πλήθει</strong></span> <span class='ocrx_word' id='word_1_279' title='bbox 653 3875 685 3943; x_wconf 84' lang='grc' dir='ltr'>ῆ</span> <span class='ocrx_word' id='word_1_280' title='bbox 738 3874 981 3937; x_wconf 83' lang='grc' dir='ltr'><strong>στάσεως</strong></span> <span class='ocrx_word' id='word_1_281' title='bbox 1028 3876 1376 3945; x_wconf 83' lang='grc' dir='ltr'><strong>κινηθείσης,</strong></span> <span class='ocrx_word' id='word_1_282' title='bbox 1426 3876 1585 3938; x_wconf 81' lang='grc' dir='ltr'><strong>αὐτὸς</strong></span> <span class='ocrx_word' id='word_1_283' title='bbox 1641 3878 1995 3943; x_wconf 86' lang='grc' dir='ltr'><strong>κινδυνεύσει,</strong></span> 
     </span>
    </p>
   </div>
   <div class='ocr_carea' id='block_1_41' title="bbox 412 3959 1997 4038">
    <p class='ocr_par' dir='ltr' id='par_1_41' title="bbox 412 3959 1997 4038">
     <span class='ocr_line' id='line_1_41' title="bbox 412 3959 1997 4038; baseline 0.004 -23"><span class='ocrx_word' id='word_1_284' title='bbox 412 3964 489 4026; x_wconf 82' lang='grc' dir='ltr'><strong>ὡς</strong></span> <span class='ocrx_word' id='word_1_285' title='bbox 516 3965 687 4028; x_wconf 86' lang='grc' dir='ltr'><strong>αῖτιος</strong></span> <span class='ocrx_word' id='word_1_286' title='bbox 713 3966 973 4033; x_wconf 85' lang='grc' dir='ltr'><strong>γεγονώς.</strong></span> <span class='ocrx_word' id='word_1_287' title='bbox 1026 3966 1135 4019; x_wconf 72' lang='grc' dir='ltr'><strong>Καὶ</strong></span> <span class='ocrx_word' id='word_1_288' title='bbox 1163 3968 1191 4017; x_wconf 90' lang='grc' dir='ltr'>ὁ</span> <span class='ocrx_word' id='word_1_289' title='bbox 1224 3965 1322 4036; x_wconf 81' lang='grc' dir='ltr'><strong>μὲν</strong></span> <span class='ocrx_word' id='word_1_290' title='bbox 1354 3959 1456 4018; x_wconf 80' lang='grc' dir='ltr'><strong>ὧδε</strong></span> <span class='ocrx_word' id='word_1_291' title='bbox 1499 3967 1739 4038; x_wconf 81' lang='grc' dir='ltr'><strong>ἀνεκόπη</strong></span> <span class='ocrx_word' id='word_1_292' title='bbox 1773 3967 1872 4037; x_wconf 85' lang='grc' dir='ltr'><strong>τῆς</strong></span> <span class='ocrx_word' id='word_1_293' title='bbox 1906 3970 1997 4022; x_wconf 80' lang='grc' dir='ltr'><strong>ἐπὶ</strong></span> 
     </span>
    </p>
   </div>
   <div class='ocr_carea' id='block_1_42' title="bbox 411 4056 793 4128">
    <p class='ocr_par' dir='ltr' id='par_1_42' title="bbox 411 4056 793 4128">
     <span class='ocr_line' id='line_1_42' title="bbox 411 4056 793 4128; baseline 0 -19"><span class='ocrx_word' id='word_1_294' title='bbox 411 4056 571 4109; x_wconf 87' lang='grc' dir='ltr'><strong>τοῦτο</strong></span> <span class='ocrx_word' id='word_1_295' title='bbox 598 4059 793 4128; x_wconf 74' lang='grc' dir='ltr'><strong>ὁρμῆς.</strong></span> 
     </span>
    </p>
   </div>
   <div class='ocr_carea' id='block_1_43' title="bbox 2086 664 3657 742">
    <p class='ocr_par' dir='ltr' id='par_1_43' title="bbox 2086 664 3657 742">
     <span class='ocr_line' id='line_1_43' title="bbox 2086 664 3657 742; baseline -0.005 -17"><span class='ocrx_word' id='word_1_296' title='bbox 2086 670 2266 725; x_wconf 84' lang='lat' dir='ltr'><strong>insula</strong></span> <span class='ocrx_word' id='word_1_297' title='bbox 2311 669 2491 742; x_wconf 85' lang='lat' dir='ltr'><strong>Cypro</strong></span> <span class='ocrx_word' id='word_1_298' title='bbox 2533 671 2811 735; x_wconf 71' lang='lat' dir='ltr'><strong>solvisset,</strong></span> <span class='ocrx_word' id='word_1_299' title='bbox 2847 670 2912 724; x_wconf 92' lang='lat' dir='ltr'><strong>ad</strong></span> <span class='ocrx_word' id='word_1_300' title='bbox 2957 670 3137 723; x_wconf 92' lang='lat' dir='ltr'><strong>locum</strong></span> <span class='ocrx_word' id='word_1_301' title='bbox 3184 666 3329 721; x_wconf 82' lang='lat' dir='ltr'><strong>haud</strong></span> <span class='ocrx_word' id='word_1_302' title='bbox 3358 665 3549 736; x_wconf 86' lang='lat' dir='ltr'><strong>procul</strong></span> <span class='ocrx_word' id='word_1_303' title='bbox 3587 664 3657 718; x_wconf 89' lang='lat' dir='ltr'><strong>ab</strong></span> 
     </span>
    </p>
   </div>
   <div class='ocr_carea' id='block_1_44' title="bbox 2086 757 3653 832">
    <p class='ocr_par' dir='ltr' id='par_1_44' title="bbox 2086 757 3653 832">
     <span class='ocr_line' id='line_1_44' title="bbox 2086 757 3653 832; baseline -0.005 -15"><span class='ocrx_word' id='word_1_304' title='bbox 2086 763 2219 817; x_wconf 84' lang='lat' dir='ltr'><strong>urbe</strong></span> <span class='ocrx_word' id='word_1_305' title='bbox 2256 762 2866 832; x_wconf 87' lang='lat' dir='ltr'><strong>Constantinopolitana</strong></span> <span class='ocrx_word' id='word_1_306' title='bbox 2895 775 3056 830; x_wconf 86' lang='lat' dir='ltr'><strong>quem</strong></span> <span class='ocrx_word' id='word_1_307' title='bbox 3092 757 3393 829; x_wconf 76' lang='lat' dir='ltr'><strong>Septimum</strong></span> <span class='ocrx_word' id='word_1_308' title='bbox 3433 762 3653 817; x_wconf 83' lang='lat' dir='ltr'><strong>vocant,</strong></span> 
     </span>
    </p>
   </div>
   <div class='ocr_carea' id='block_1_45' title="bbox 2083 848 3655 923">
    <p class='ocr_par' dir='ltr' id='par_1_45' title="bbox 2083 848 3655 923">
     <span class='ocr_line' id='line_1_45' title="bbox 2083 848 3655 923; baseline -0.004 -18"><span class='ocrx_word' id='word_1_309' title='bbox 2083 853 2378 921; x_wconf 73' lang='lat' dir='ltr'><strong>applicuit,</strong></span> <span class='ocrx_word' id='word_1_310' title='bbox 2435 853 2688 923; x_wconf 81' lang='lat' dir='ltr'><strong>factaque</strong></span> <span class='ocrx_word' id='word_1_311' title='bbox 2732 852 2981 907; x_wconf 90' lang='lat' dir='ltr'><strong>oratione</strong></span> <span class='ocrx_word' id='word_1_312' title='bbox 3024 851 3081 905; x_wconf 89' lang='lat' dir='ltr'><strong>in</strong></span> <span class='ocrx_word' id='word_1_313' title='bbox 3128 850 3361 905; x_wconf 84' lang='lat' dir='ltr'><strong>ecclesia</strong></span> <span class='ocrx_word' id='word_1_314' title='bbox 3393 863 3511 917; x_wconf 76' lang='lat' dir='ltr'><strong>qua:</strong></span> <span class='ocrx_word' id='word_1_315' title='bbox 3545 848 3655 900; x_wconf 91' lang='lat' dir='ltr'><strong>illic</strong></span> 
     </span>
    </p>
   </div>
   <div class='ocr_carea' id='block_1_46' title="bbox 2081 936 3656 1012">
    <p class='ocr_par' dir='ltr' id='par_1_46' title="bbox 2081 936 3656 1012">
     <span class='ocr_line' id='line_1_46' title="bbox 2081 936 3656 1012; baseline -0.004 -13"><span class='ocrx_word' id='word_1_316' title='bbox 2081 954 2187 1007; x_wconf 88' lang='lat' dir='ltr'><strong>est,</strong></span> <span class='ocrx_word' id='word_1_317' title='bbox 2223 946 2278 999; x_wconf 92' lang='lat' dir='ltr'><strong>in</strong></span> <span class='ocrx_word' id='word_1_318' title='bbox 2306 944 2496 999; x_wconf 85' lang='lat' dir='ltr'><strong>urbem</strong></span> <span class='ocrx_word' id='word_1_319' title='bbox 2531 944 2794 999; x_wconf 91' lang='lat' dir='ltr'><strong>introivit.</strong></span> <span class='ocrx_word' id='word_1_320' title='bbox 2825 942 2961 997; x_wconf 78' lang='lat' dir='ltr'><strong>Eum</strong></span> <span class='ocrx_word' id='word_1_321' title='bbox 2992 940 3386 1012; x_wconf 79' lang='lat' dir='ltr'><strong>ingredientem</strong></span> <span class='ocrx_word' id='word_1_322' title='bbox 3414 936 3656 993; x_wconf 82' lang='lat' dir='ltr'><strong>Joannes</strong></span> 
     </span>
    </p>
   </div>
   <div class='ocr_carea' id='block_1_47' title="bbox 2081 1029 3655 1100">
    <p class='ocr_par' dir='ltr' id='par_1_47' title="bbox 2081 1029 3655 1100">
     <span class='ocr_line' id='line_1_47' title="bbox 2081 1029 3655 1100; baseline -0.004 -10"><span class='ocrx_word' id='word_1_323' title='bbox 2081 1051 2315 1091; x_wconf 92' lang='lat' dir='ltr'><strong>occursu</strong></span> <span class='ocrx_word' id='word_1_324' title='bbox 2345 1036 2477 1091; x_wconf 92' lang='lat' dir='ltr'><strong>cleri</strong></span> <span class='ocrx_word' id='word_1_325' title='bbox 2502 1036 2670 1091; x_wconf 92' lang='lat' dir='ltr'><strong>totius</strong></span> <span class='ocrx_word' id='word_1_326' title='bbox 2701 1034 3013 1090; x_wconf 85' lang='lat' dir='ltr'><strong>honoravit.</strong></span> <span class='ocrx_word' id='word_1_327' title='bbox 3056 1033 3126 1085; x_wconf 81' lang='lat' dir='ltr'><strong>At</strong></span> <span class='ocrx_word' id='word_1_328' title='bbox 3155 1046 3281 1085; x_wconf 90' lang='lat' dir='ltr'><strong>vero</strong></span> <span class='ocrx_word' id='word_1_329' title='bbox 3320 1029 3655 1100; x_wconf 87' lang='lat' dir='ltr'><strong>Epiphanius</strong></span> 
     </span>
    </p>
   </div>
   <div class='ocr_carea' id='block_1_48' title="bbox 2082 1120 3655 1198">
    <p class='ocr_par' dir='ltr' id='par_1_48' title="bbox 2082 1120 3655 1198">
     <span class='ocr_line' id='line_1_48' title="bbox 2082 1120 3655 1198; baseline -0.005 -16"><span class='ocrx_word' id='word_1_330' title='bbox 2082 1130 2375 1198; x_wconf 88' lang='lat' dir='ltr'><strong>perspicue</strong></span> <span class='ocrx_word' id='word_1_331' title='bbox 2437 1127 2766 1189; x_wconf 90' lang='lat' dir='ltr'><strong>declaravit,</strong></span> <span class='ocrx_word' id='word_1_332' title='bbox 2826 1123 2973 1195; x_wconf 91' lang='lat' dir='ltr'><strong>quod</strong></span> <span class='ocrx_word' id='word_1_333' title='bbox 3034 1122 3324 1178; x_wconf 87' lang='lat' dir='ltr'><strong>calumniis</strong></span> <span class='ocrx_word' id='word_1_334' title='bbox 3393 1120 3655 1174; x_wconf 84' lang='lat' dir='ltr'><strong>adversus</strong></span> 
     </span>
    </p>
   </div>
   <div class='ocr_carea' id='block_1_49' title="bbox 2080 1213 3656 1276">
    <p class='ocr_par' dir='ltr' id='par_1_49' title="bbox 2080 1213 3656 1276">
     <span class='ocr_line' id='line_1_49' title="bbox 2080 1213 3656 1276; baseline -0.006 -1"><span class='ocrx_word' id='word_1_335' title='bbox 2080 1220 2343 1276; x_wconf 83' lang='lat' dir='ltr'><strong>Joannem</strong></span> <span class='ocrx_word' id='word_1_336' title='bbox 2398 1219 2741 1275; x_wconf 80' lang='lat' dir='ltr'><strong>concinnatis</strong></span> <span class='ocrx_word' id='word_1_337' title='bbox 2808 1218 2965 1273; x_wconf 89' lang='lat' dir='ltr'><strong>tidem</strong></span> <span class='ocrx_word' id='word_1_338' title='bbox 3022 1216 3324 1272; x_wconf 88' lang='lat' dir='ltr'><strong>habuisset.</strong></span> <span class='ocrx_word' id='word_1_339' title='bbox 3389 1213 3656 1266; x_wconf 84' lang='lat' dir='ltr'><strong>Invitatus</strong></span> 
     </span>
    </p>
   </div>
   <div class='ocr_carea' id='block_1_50' title="bbox 2081 1305 3651 1369">
    <p class='ocr_par' dir='ltr' id='par_1_50' title="bbox 2081 1305 3651 1369">
     <span class='ocr_line' id='line_1_50' title="bbox 2081 1305 3651 1369; baseline -0.008 -1"><span class='ocrx_word' id='word_1_340' title='bbox 2081 1315 2227 1369; x_wconf 91' lang='lat' dir='ltr'><strong>enim</strong></span> <span class='ocrx_word' id='word_1_341' title='bbox 2272 1320 2331 1367; x_wconf 91' lang='lat' dir='ltr'><strong>ut</strong></span> <span class='ocrx_word' id='word_1_342' title='bbox 2377 1313 2431 1366; x_wconf 93' lang='lat' dir='ltr'><strong>in</strong></span> <span class='ocrx_word' id='word_1_343' title='bbox 2484 1312 2700 1366; x_wconf 58' lang='lat' dir='ltr'><strong>adibus</strong></span> <span class='ocrx_word' id='word_1_344' title='bbox 2742 1308 3135 1365; x_wconf 82' lang='lat' dir='ltr'><strong>ecclesiasticis</strong></span> <span class='ocrx_word' id='word_1_345' title='bbox 3184 1318 3405 1359; x_wconf 89' lang='lat' dir='ltr'><strong>manere</strong></span> <span class='ocrx_word' id='word_1_346' title='bbox 3455 1305 3651 1367; x_wconf 87' lang='lat' dir='ltr'><strong>vellet,</strong></span> 
     </span>
    </p>
   </div>
   <div class='ocr_carea' id='block_1_51' title="bbox 2084 1396 3655 1476">
    <p class='ocr_par' dir='ltr' id='par_1_51' title="bbox 2084 1396 3655 1476">
     <span class='ocr_line' id='line_1_51' title="bbox 2084 1396 3655 1476; baseline -0.008 -15"><span class='ocrx_word' id='word_1_347' title='bbox 2084 1407 2400 1476; x_wconf 87' lang='lat' dir='ltr'><strong>neutiquam</strong></span> <span class='ocrx_word' id='word_1_348' title='bbox 2435 1404 2731 1475; x_wconf 85' lang='lat' dir='ltr'><strong>acquievit.</strong></span> <span class='ocrx_word' id='word_1_349' title='bbox 2769 1402 2832 1455; x_wconf 86' lang='lat' dir='ltr'><strong>Et</strong></span> <span class='ocrx_word' id='word_1_350' title='bbox 2867 1417 2992 1457; x_wconf 93' lang='lat' dir='ltr'><strong>cum</strong></span> <span class='ocrx_word' id='word_1_351' title='bbox 3020 1398 3232 1454; x_wconf 78' lang='lat' dir='ltr'><strong>Joanne</strong></span> <span class='ocrx_word' id='word_1_352' title='bbox 3272 1396 3489 1467; x_wconf 86' lang='lat' dir='ltr'><strong>quidem</strong></span> <span class='ocrx_word' id='word_1_353' title='bbox 3517 1410 3655 1449; x_wconf 81' lang='lat' dir='ltr'><strong>con—</strong></span> 
     </span>
    </p>
   </div>
   <div class='ocr_carea' id='block_1_52' title="bbox 2083 1488 3657 1565">
    <p class='ocr_par' dir='ltr' id='par_1_52' title="bbox 2083 1488 3657 1565">
     <span class='ocr_line' id='line_1_52' title="bbox 2083 1488 3657 1565; baseline -0.005 -16"><span class='ocrx_word' id='word_1_354' title='bbox 2083 1496 2233 1565; x_wconf 91' lang='lat' dir='ltr'><strong>gredi</strong></span> <span class='ocrx_word' id='word_1_355' title='bbox 2256 1497 2474 1565; x_wconf 85' lang='lat' dir='ltr'><strong>penitus</strong></span> <span class='ocrx_word' id='word_1_356' title='bbox 2498 1496 2822 1549; x_wconf 79' lang='lat' dir='ltr'><strong>detrectavit</strong></span> <span class='ocrx_word' id='word_1_357' title='bbox 2852 1512 2865 1548; x_wconf 96' lang='lat'>:</span> <span class='ocrx_word' id='word_1_358' title='bbox 2903 1492 3154 1562; x_wconf 88' lang='lat' dir='ltr'><strong>privatim</strong></span> <span class='ocrx_word' id='word_1_359' title='bbox 3178 1504 3311 1544; x_wconf 85' lang='lat' dir='ltr'><strong>vero</strong></span> <span class='ocrx_word' id='word_1_360' title='bbox 3340 1488 3657 1541; x_wconf 83' lang='lat' dir='ltr'><strong>convocatis</strong></span> 
     </span>
    </p>
   </div>
   <div class='ocr_carea' id='block_1_53' title="bbox 2084 1581 3657 1657">
    <p class='ocr_par' dir='ltr' id='par_1_53' title="bbox 2084 1581 3657 1657">
     <span class='ocr_line' id='line_1_53' title="bbox 2084 1581 3657 1657; baseline -0.008 -15"><span class='ocrx_word' id='word_1_361' title='bbox 2084 1589 2356 1656; x_wconf 85' lang='lat' dir='ltr'><strong>episcopis</strong></span> <span class='ocrx_word' id='word_1_362' title='bbox 2391 1588 2483 1657; x_wconf 92' lang='lat' dir='ltr'><strong>qui</strong></span> <span class='ocrx_word' id='word_1_363' title='bbox 2521 1595 2638 1639; x_wconf 92' lang='lat' dir='ltr'><strong>tum</strong></span> <span class='ocrx_word' id='word_1_364' title='bbox 2676 1582 3150 1653; x_wconf 79' lang='lat' dir='ltr'><strong>Constantinopoli</strong></span> <span class='ocrx_word' id='word_1_365' title='bbox 3181 1581 3559 1642; x_wconf 85' lang='lat' dir='ltr'><strong>morabantur,</strong></span> <span class='ocrx_word' id='word_1_366' title='bbox 3591 1595 3657 1631; x_wconf 83' lang='lat' dir='ltr'><strong>ea</strong></span> 
     </span>
    </p>
   </div>
   <div class='ocr_carea' id='block_1_54' title="bbox 2085 1670 3659 1750">
    <p class='ocr_par' dir='ltr' id='par_1_54' title="bbox 2085 1670 3659 1750">
     <span class='ocr_line' id='line_1_54' title="bbox 2085 1670 3659 1750; baseline -0.009 -15"><span class='ocrx_word' id='word_1_367' title='bbox 2085 1696 2207 1750; x_wconf 70' lang='lat' dir='ltr'><strong>qua:</strong></span> <span class='ocrx_word' id='word_1_368' title='bbox 2233 1681 2499 1734; x_wconf 87' lang='lat' dir='ltr'><strong>adversus</strong></span> <span class='ocrx_word' id='word_1_369' title='bbox 2533 1679 2702 1732; x_wconf 90' lang='lat' dir='ltr'><strong>libros</strong></span> <span class='ocrx_word' id='word_1_370' title='bbox 2734 1676 2994 1747; x_wconf 83' lang='lat' dir='ltr'><strong>Origenis</strong></span> <span class='ocrx_word' id='word_1_371' title='bbox 3025 1674 3241 1729; x_wconf 88' lang='lat' dir='ltr'><strong>decreta</strong></span> <span class='ocrx_word' id='word_1_372' title='bbox 3280 1671 3520 1729; x_wconf 80' lang='lat' dir='ltr'><strong>fuerant,</strong></span> <span class='ocrx_word' id='word_1_373' title='bbox 3545 1670 3659 1722; x_wconf 82' lang='lat' dir='ltr'><strong>illis</strong></span> 
     </span>
    </p>
   </div>
   <div class='ocr_carea' id='block_1_55' title="bbox 2086 1762 3658 1837">
    <p class='ocr_par' dir='ltr' id='par_1_55' title="bbox 2086 1762 3658 1837">
     <span class='ocr_line' id='line_1_55' title="bbox 2086 1762 3658 1837; baseline -0.009 -10"><span class='ocrx_word' id='word_1_374' title='bbox 2086 1773 2344 1827; x_wconf 81' lang='lat' dir='ltr'><strong>ostendit.</strong></span> <span class='ocrx_word' id='word_1_375' title='bbox 2376 1773 2452 1825; x_wconf 82' lang='lat' dir='ltr'><strong>Ac</strong></span> <span class='ocrx_word' id='word_1_376' title='bbox 2492 1770 2772 1825; x_wconf 92' lang='lat' dir='ltr'><strong>nonnullis</strong></span> <span class='ocrx_word' id='word_1_377' title='bbox 2803 1768 3026 1837; x_wconf 89' lang='lat' dir='ltr'><strong>quidem</strong></span> <span class='ocrx_word' id='word_1_378' title='bbox 3068 1765 3344 1835; x_wconf 88' lang='lat' dir='ltr'><strong>persuasit</strong></span> <span class='ocrx_word' id='word_1_379' title='bbox 3376 1770 3436 1815; x_wconf 89' lang='lat' dir='ltr'><strong>ut</strong></span> <span class='ocrx_word' id='word_1_380' title='bbox 3462 1762 3658 1815; x_wconf 83' lang='lat' dir='ltr'><strong>decre-</strong></span> 
     </span>
    </p>
   </div>
   <div class='ocr_carea' id='block_1_56' title="bbox 2087 1855 3662 1930">
    <p class='ocr_par' dir='ltr' id='par_1_56' title="bbox 2087 1855 3662 1930">
     <span class='ocr_line' id='line_1_56' title="bbox 2087 1855 3662 1930; baseline -0.009 -12"><span class='ocrx_word' id='word_1_381' title='bbox 2087 1866 2159 1918; x_wconf 91' lang='lat' dir='ltr'><strong>tis</strong></span> <span class='ocrx_word' id='word_1_382' title='bbox 2207 1863 2623 1917; x_wconf 86' lang='lat' dir='ltr'><strong>subscriherent</strong></span> <span class='ocrx_word' id='word_1_383' title='bbox 2658 1881 2670 1913; x_wconf 90' lang='lat'><strong>:</strong></span> <span class='ocrx_word' id='word_1_384' title='bbox 2710 1862 2892 1930; x_wconf 89' lang='lat' dir='ltr'><strong>plures</strong></span> <span class='ocrx_word' id='word_1_385' title='bbox 2927 1872 3059 1913; x_wconf 81' lang='lat' dir='ltr'><strong>vero</strong></span> <span class='ocrx_word' id='word_1_386' title='bbox 3110 1858 3162 1911; x_wconf 94' lang='lat' dir='ltr'><strong>id</strong></span> <span class='ocrx_word' id='word_1_387' title='bbox 3205 1855 3389 1909; x_wconf 83' lang='lat' dir='ltr'><strong>facere</strong></span> <span class='ocrx_word' id='word_1_388' title='bbox 3437 1867 3662 1907; x_wconf 84' lang='lat' dir='ltr'><strong>recusa-</strong></span> 
     </span>
    </p>
   </div>
   <div class='ocr_carea' id='block_1_57' title="bbox 2089 1946 3658 2023">
    <p class='ocr_par' dir='ltr' id='par_1_57' title="bbox 2089 1946 3658 2023">
     <span class='ocr_line' id='line_1_57' title="bbox 2089 1946 3658 2023; baseline -0.009 -12"><span class='ocrx_word' id='word_1_389' title='bbox 2089 1966 2237 2011; x_wconf 88' lang='lat' dir='ltr'><strong>runt.</strong></span> <span class='ocrx_word' id='word_1_390' title='bbox 2264 1956 2405 2023; x_wconf 84' lang='lat' dir='ltr'><strong>Quin</strong></span> <span class='ocrx_word' id='word_1_391' title='bbox 2429 1966 2481 2011; x_wconf 92' lang='lat' dir='ltr'><strong>et</strong></span> <span class='ocrx_word' id='word_1_392' title='bbox 2503 1956 2845 2020; x_wconf 88' lang='lat' dir='ltr'><strong>Theotimus,</strong></span> <span class='ocrx_word' id='word_1_393' title='bbox 2877 1954 3168 2023; x_wconf 78' lang='lat' dir='ltr'><strong>episcopus</strong></span> <span class='ocrx_word' id='word_1_394' title='bbox 3198 1949 3454 2019; x_wconf 70' lang='lat' dir='ltr'><strong>Scythiae,</strong></span> <span class='ocrx_word' id='word_1_395' title='bbox 3482 1946 3658 2015; x_wconf 85' lang='lat' dir='ltr'><strong>palam</strong></span> 
     </span>
    </p>
   </div>
   <div class='ocr_carea' id='block_1_58' title="bbox 2090 2042 3659 2119">
    <p class='ocr_par' dir='ltr' id='par_1_58' title="bbox 2090 2042 3659 2119">
     <span class='ocr_line' id='line_1_58' title="bbox 2090 2042 3659 2119; baseline -0.006 -17"><span class='ocrx_word' id='word_1_396' title='bbox 2090 2047 2443 2118; x_wconf 84' lang='lat' dir='ltr'><strong>reprehendit</strong></span> <span class='ocrx_word' id='word_1_397' title='bbox 2486 2047 2876 2119; x_wconf 89' lang='lat' dir='ltr'><strong>Epiphanium.</strong></span> <span class='ocrx_word' id='word_1_398' title='bbox 2926 2044 3061 2097; x_wconf 81' lang='lat' dir='ltr'><strong>Nam</strong></span> <span class='ocrx_word' id='word_1_399' title='bbox 3114 2058 3294 2111; x_wconf 88' lang='lat' dir='ltr'><strong>neque</strong></span> <span class='ocrx_word' id='word_1_400' title='bbox 3340 2042 3485 2110; x_wconf 90' lang='lat' dir='ltr'><strong>pium</strong></span> <span class='ocrx_word' id='word_1_401' title='bbox 3537 2054 3659 2093; x_wconf 83' lang='lat' dir='ltr'><strong>esse</strong></span> 
     </span>
    </p>
   </div>
   <div class='ocr_carea' id='block_1_59' title="bbox 2088 2136 3657 2213">
    <p class='ocr_par' dir='ltr' id='par_1_59' title="bbox 2088 2136 3657 2213">
     <span class='ocr_line' id='line_1_59' title="bbox 2088 2136 3657 2213; baseline -0.008 -17"><span class='ocrx_word' id='word_1_402' title='bbox 2088 2143 2330 2208; x_wconf 88' lang='lat' dir='ltr'><strong>dicebat,</strong></span> <span class='ocrx_word' id='word_1_403' title='bbox 2356 2157 2482 2197; x_wconf 91' lang='lat' dir='ltr'><strong>eum</strong></span> <span class='ocrx_word' id='word_1_404' title='bbox 2521 2142 2614 2213; x_wconf 90' lang='lat' dir='ltr'><strong>qui</strong></span> <span class='ocrx_word' id='word_1_405' title='bbox 2653 2140 2767 2209; x_wconf 88' lang='lat' dir='ltr'><strong>jam</strong></span> <span class='ocrx_word' id='word_1_406' title='bbox 2798 2136 3007 2209; x_wconf 91' lang='lat' dir='ltr'><strong>pridem</strong></span> <span class='ocrx_word' id='word_1_407' title='bbox 3036 2142 3288 2190; x_wconf 85' lang='lat' dir='ltr'><strong>mortuus</strong></span> <span class='ocrx_word' id='word_1_408' title='bbox 3325 2140 3492 2195; x_wconf 87' lang='lat' dir='ltr'><strong>esset,</strong></span> <span class='ocrx_word' id='word_1_409' title='bbox 3521 2146 3657 2184; x_wconf 87' lang='lat' dir='ltr'><strong>con-</strong></span> 
     </span>
    </p>
   </div>
   <div class='ocr_carea' id='block_1_60' title="bbox 2089 2222 3659 2301">
    <p class='ocr_par' dir='ltr' id='par_1_60' title="bbox 2089 2222 3659 2301">
     <span class='ocr_line' id='line_1_60' title="bbox 2089 2222 3659 2301; baseline -0.008 -14"><span class='ocrx_word' id='word_1_410' title='bbox 2089 2236 2315 2289; x_wconf 90' lang='lat' dir='ltr'><strong>tumelia</strong></span> <span class='ocrx_word' id='word_1_411' title='bbox 2362 2234 2576 2288; x_wconf 79' lang='lat' dir='ltr'><strong>allicere</strong></span> <span class='ocrx_word' id='word_1_412' title='bbox 2614 2251 2627 2286; x_wconf 92' lang='lat'><strong>:</strong></span> <span class='ocrx_word' id='word_1_413' title='bbox 2662 2246 2839 2301; x_wconf 91' lang='lat' dir='ltr'><strong>neque</strong></span> <span class='ocrx_word' id='word_1_414' title='bbox 2890 2230 3028 2285; x_wconf 87' lang='lat' dir='ltr'><strong>citra</strong></span> <span class='ocrx_word' id='word_1_415' title='bbox 3076 2227 3406 2285; x_wconf 88' lang='lat' dir='ltr'><strong>calumniam</strong></span> <span class='ocrx_word' id='word_1_416' title='bbox 3452 2222 3659 2293; x_wconf 81' lang='lat' dir='ltr'><strong>judicia</strong></span> 
     </span>
    </p>
   </div>
   <div class='ocr_carea' id='block_1_61' title="bbox 2089 2317 3662 2397">
    <p class='ocr_par' dir='ltr' id='par_1_61' title="bbox 2089 2317 3662 2397">
     <span class='ocr_line' id='line_1_61' title="bbox 2089 2317 3662 2397; baseline -0.008 -17"><span class='ocrx_word' id='word_1_417' title='bbox 2089 2328 2463 2397; x_wconf 84' lang='lat' dir='ltr'><strong>antiquiorum</strong></span> <span class='ocrx_word' id='word_1_418' title='bbox 2521 2323 2883 2395; x_wconf 89' lang='lat' dir='ltr'><strong>reprehendi,</strong></span> <span class='ocrx_word' id='word_1_419' title='bbox 2915 2332 2969 2378; x_wconf 90' lang='lat' dir='ltr'><strong>et</strong></span> <span class='ocrx_word' id='word_1_420' title='bbox 3014 2338 3135 2392; x_wconf 67' lang='lat' dir='ltr'><strong>qua:</strong></span> <span class='ocrx_word' id='word_1_421' title='bbox 3180 2322 3247 2375; x_wconf 86' lang='lat' dir='ltr'><strong>ab</strong></span> <span class='ocrx_word' id='word_1_422' title='bbox 3294 2320 3405 2373; x_wconf 91' lang='lat' dir='ltr'><strong>illis</strong></span> <span class='ocrx_word' id='word_1_423' title='bbox 3436 2317 3662 2387; x_wconf 88' lang='lat' dir='ltr'><strong>probata</strong></span> 
     </span>
    </p>
   </div>
   <div class='ocr_carea' id='block_1_62' title="bbox 2088 2409 3666 2487">
    <p class='ocr_par' dir='ltr' id='par_1_62' title="bbox 2088 2409 3666 2487">
     <span class='ocr_line' id='line_1_62' title="bbox 2088 2409 3666 2487; baseline -0.01 -14"><span class='ocrx_word' id='word_1_424' title='bbox 2088 2426 2275 2474; x_wconf 91' lang='lat' dir='ltr'><strong>essent</strong></span> <span class='ocrx_word' id='word_1_425' title='bbox 2304 2418 2556 2472; x_wconf 89' lang='lat' dir='ltr'><strong>damnari</strong></span> <span class='ocrx_word' id='word_1_426' title='bbox 2588 2431 2769 2487; x_wconf 85' lang='lat' dir='ltr'><strong>posse.</strong></span> <span class='ocrx_word' id='word_1_427' title='bbox 2806 2417 2983 2485; x_wconf 85' lang='lat' dir='ltr'><strong>Atque</strong></span> <span class='ocrx_word' id='word_1_428' title='bbox 3028 2415 3144 2468; x_wconf 66' lang='lat' dir='ltr'><strong>haec</strong></span> <span class='ocrx_word' id='word_1_429' title='bbox 3192 2414 3400 2471; x_wconf 91' lang='lat' dir='ltr'><strong>dicens,</strong></span> <span class='ocrx_word' id='word_1_430' title='bbox 3450 2409 3666 2477; x_wconf 86' lang='lat' dir='ltr'><strong>prolato</strong></span> 
     </span>
    </p>
   </div>
   <div class='ocr_carea' id='block_1_63' title="bbox 2090 2496 3663 2579">
    <p class='ocr_par' dir='ltr' id='par_1_63' title="bbox 2090 2496 3663 2579">
     <span class='ocr_line' id='line_1_63' title="bbox 2090 2496 3663 2579; baseline -0.008 -16"><span class='ocrx_word' id='word_1_431' title='bbox 2090 2508 2343 2579; x_wconf 89' lang='lat' dir='ltr'><strong>Origenis</strong></span> <span class='ocrx_word' id='word_1_432' title='bbox 2397 2508 2653 2577; x_wconf 87' lang='lat' dir='ltr'><strong>quopiam</strong></span> <span class='ocrx_word' id='word_1_433' title='bbox 2706 2506 2880 2566; x_wconf 89' lang='lat' dir='ltr'><strong>libro,</strong></span> <span class='ocrx_word' id='word_1_434' title='bbox 2934 2506 3111 2558; x_wconf 91' lang='lat' dir='ltr'><strong>locum</strong></span> <span class='ocrx_word' id='word_1_435' title='bbox 3161 2518 3227 2556; x_wconf 78' lang='lat' dir='ltr'><strong>ex</strong></span> <span class='ocrx_word' id='word_1_436' title='bbox 3278 2515 3344 2554; x_wconf 92' lang='lat' dir='ltr'><strong>eo</strong></span> <span class='ocrx_word' id='word_1_437' title='bbox 3391 2496 3663 2551; x_wconf 79' lang='lat' dir='ltr'><strong>recitavit.</strong></span> 
     </span>
    </p>
   </div>
   <div class='ocr_carea' id='block_1_64' title="bbox 2089 2588 3666 2671">
    <p class='ocr_par' dir='ltr' id='par_1_64' title="bbox 2089 2588 3666 2671">
     <span class='ocr_line' id='line_1_64' title="bbox 2089 2588 3666 2671; baseline -0.009 -19"><span class='ocrx_word' id='word_1_438' title='bbox 2089 2600 2337 2668; x_wconf 86' lang='lat' dir='ltr'><strong>Cumque</strong></span> <span class='ocrx_word' id='word_1_439' title='bbox 2369 2613 2433 2651; x_wconf 86' lang='lat' dir='ltr'><strong>ea</strong></span> <span class='ocrx_word' id='word_1_440' title='bbox 2480 2612 2604 2667; x_wconf 72' lang='lat' dir='ltr'><strong>qua:</strong></span> <span class='ocrx_word' id='word_1_441' title='bbox 2648 2596 3013 2657; x_wconf 85' lang='lat' dir='ltr'><strong>recitaverat,</strong></span> <span class='ocrx_word' id='word_1_442' title='bbox 3045 2592 3310 2671; x_wconf 67' lang='lat' dir='ltr'><strong>chlesiis</strong></span> <span class='ocrx_word' id='word_1_443' title='bbox 3357 2588 3510 2643; x_wconf 84' lang='lat' dir='ltr'><strong>utilia</strong></span> <span class='ocrx_word' id='word_1_444' title='bbox 3544 2600 3666 2640; x_wconf 89' lang='lat' dir='ltr'><strong>esse</strong></span> 
     </span>
    </p>
   </div>
   <div class='ocr_carea' id='block_1_65' title="bbox 2089 2677 3668 2754">
    <p class='ocr_par' dir='ltr' id='par_1_65' title="bbox 2089 2677 3668 2754">
     <span class='ocr_line' id='line_1_65' title="bbox 2089 2677 3668 2754; baseline -0.011 -10"><span class='ocrx_word' id='word_1_445' title='bbox 2089 2690 2439 2754; x_wconf 84' lang='lat' dir='ltr'><strong>ostendisset,</strong></span> <span class='ocrx_word' id='word_1_446' title='bbox 2480 2686 2734 2742; x_wconf 84' lang='lat' dir='ltr'><strong>Absurde</strong></span> <span class='ocrx_word' id='word_1_447' title='bbox 2766 2685 2998 2747; x_wconf 82' lang='lat' dir='ltr'><strong>faciunt,</strong></span> <span class='ocrx_word' id='word_1_448' title='bbox 3035 2683 3235 2753; x_wconf 86' lang='lat' dir='ltr'><strong>inquit,</strong></span> <span class='ocrx_word' id='word_1_449' title='bbox 3267 2682 3358 2751; x_wconf 91' lang='lat' dir='ltr'><strong>qui</strong></span> <span class='ocrx_word' id='word_1_450' title='bbox 3392 2680 3495 2732; x_wconf 89' lang='lat' dir='ltr'><strong>ista</strong></span> <span class='ocrx_word' id='word_1_451' title='bbox 3525 2677 3668 2729; x_wconf 85' lang='lat' dir='ltr'><strong>vitu-</strong></span> 
     </span>
    </p>
   </div>
   <div class='ocr_carea' id='block_1_66' title="bbox 2090 2770 3671 2850">
    <p class='ocr_par' dir='ltr' id='par_1_66' title="bbox 2090 2770 3671 2850">
     <span class='ocr_line' id='line_1_66' title="bbox 2090 2770 3671 2850; baseline -0.009 -15"><span class='ocrx_word' id='word_1_452' title='bbox 2090 2787 2308 2850; x_wconf 85' lang='lat' dir='ltr'><strong>perant.</strong></span> <span class='ocrx_word' id='word_1_453' title='bbox 2343 2778 2661 2833; x_wconf 87' lang='lat' dir='ltr'><strong>Cavendum</strong></span> <span class='ocrx_word' id='word_1_454' title='bbox 2692 2780 2835 2831; x_wconf 85' lang='lat' dir='ltr'><strong>enim</strong></span> <span class='ocrx_word' id='word_1_455' title='bbox 2875 2786 2957 2830; x_wconf 92' lang='lat' dir='ltr'><strong>est</strong></span> <span class='ocrx_word' id='word_1_456' title='bbox 2990 2776 3121 2838; x_wconf 91' lang='lat' dir='ltr'><strong>illis,</strong></span> <span class='ocrx_word' id='word_1_457' title='bbox 3146 2789 3215 2829; x_wconf 93' lang='lat' dir='ltr'><strong>ne</strong></span> <span class='ocrx_word' id='word_1_458' title='bbox 3246 2781 3300 2827; x_wconf 89' lang='lat' dir='ltr'><strong>et</strong></span> <span class='ocrx_word' id='word_1_459' title='bbox 3320 2788 3383 2827; x_wconf 89' lang='lat' dir='ltr'><strong>ea</strong></span> <span class='ocrx_word' id='word_1_460' title='bbox 3409 2770 3671 2824; x_wconf 88' lang='lat' dir='ltr'><strong>damnent</strong></span> 
     </span>
    </p>
   </div>
   <div class='ocr_carea' id='block_1_67' title="bbox 2092 2858 3669 2940">
    <p class='ocr_par' dir='ltr' id='par_1_67' title="bbox 2092 2858 3669 2940">
     <span class='ocr_line' id='line_1_67' title="bbox 2092 2858 3669 2940; baseline -0.01 -14"><span class='ocrx_word' id='word_1_461' title='bbox 2092 2872 2161 2926; x_wconf 91' lang='lat' dir='ltr'><strong>de</strong></span> <span class='ocrx_word' id='word_1_462' title='bbox 2194 2871 2397 2940; x_wconf 90' lang='lat' dir='ltr'><strong>quibus</strong></span> <span class='ocrx_word' id='word_1_463' title='bbox 2428 2869 2726 2938; x_wconf 88' lang='lat' dir='ltr'><strong>conscripti</strong></span> <span class='ocrx_word' id='word_1_464' title='bbox 2764 2875 2895 2923; x_wconf 86' lang='lat' dir='ltr'><strong>sunt</strong></span> <span class='ocrx_word' id='word_1_465' title='bbox 2923 2867 2977 2919; x_wconf 92' lang='lat' dir='ltr'><strong>hi</strong></span> <span class='ocrx_word' id='word_1_466' title='bbox 3014 2866 3161 2921; x_wconf 91' lang='lat' dir='ltr'><strong>libri.</strong></span> <span class='ocrx_word' id='word_1_467' title='bbox 3209 2862 3381 2917; x_wconf 90' lang='lat' dir='ltr'><strong>Porro</strong></span> <span class='ocrx_word' id='word_1_468' title='bbox 3428 2858 3669 2913; x_wconf 87' lang='lat' dir='ltr'><strong>Joannes</strong></span> 
     </span>
    </p>
   </div>
   <div class='ocr_carea' id='block_1_68' title="bbox 2095 2950 3668 3020">
    <p class='ocr_par' dir='ltr' id='par_1_68' title="bbox 2095 2950 3668 3020">
     <span class='ocr_line' id='line_1_68' title="bbox 2095 2950 3668 3020; baseline -0.009 -6"><span class='ocrx_word' id='word_1_469' title='bbox 2095 2960 2274 3016; x_wconf 88' lang='lat' dir='ltr'><strong>adhuc</strong></span> <span class='ocrx_word' id='word_1_470' title='bbox 2306 2960 2669 3013; x_wconf 86' lang='lat' dir='ltr'><strong>nihilominus</strong></span> <span class='ocrx_word' id='word_1_471' title='bbox 2706 2957 3070 3012; x_wconf 89' lang='lat' dir='ltr'><strong>reverentiam</strong></span> <span class='ocrx_word' id='word_1_472' title='bbox 3105 2953 3403 3010; x_wconf 75' lang='lat' dir='ltr'><strong>exhibebat</strong></span> <span class='ocrx_word' id='word_1_473' title='bbox 3431 2950 3668 3020; x_wconf 82' lang='lat' dir='ltr'><strong>Epipha-</strong></span> 
     </span>
    </p>
   </div>
   <div class='ocr_carea' id='block_1_69' title="bbox 2093 3042 3670 3120">
    <p class='ocr_par' dir='ltr' id='par_1_69' title="bbox 2093 3042 3670 3120">
     <span class='ocr_line' id='line_1_69' title="bbox 2093 3042 3670 3120; baseline -0.008 -15"><span class='ocrx_word' id='word_1_474' title='bbox 2093 3052 2206 3117; x_wconf 91' lang='lat' dir='ltr'><strong>nio,</strong></span> <span class='ocrx_word' id='word_1_475' title='bbox 2237 3066 2475 3120; x_wconf 89' lang='lat' dir='ltr'><strong>eumque</strong></span> <span class='ocrx_word' id='word_1_476' title='bbox 2527 3049 2849 3103; x_wconf 82' lang='lat' dir='ltr'><strong>hortabatur</strong></span> <span class='ocrx_word' id='word_1_477' title='bbox 2882 3058 2940 3101; x_wconf 94' lang='lat' dir='ltr'><strong>ut</strong></span> <span class='ocrx_word' id='word_1_478' title='bbox 2984 3048 3245 3101; x_wconf 89' lang='lat' dir='ltr'><strong>collectas</strong></span> <span class='ocrx_word' id='word_1_479' title='bbox 3288 3059 3473 3099; x_wconf 90' lang='lat' dir='ltr'><strong>secum</strong></span> <span class='ocrx_word' id='word_1_480' title='bbox 3526 3042 3670 3096; x_wconf 85' lang='lat' dir='ltr'><strong>cele-</strong></span> 
     </span>
    </p>
   </div>
   <div class='ocr_carea' id='block_1_70' title="bbox 2093 3130 3666 3208">
    <p class='ocr_par' dir='ltr' id='par_1_70' title="bbox 2093 3130 3666 3208">
     <span class='ocr_line' id='line_1_70' title="bbox 2093 3130 3666 3208; baseline -0.008 -13"><span class='ocrx_word' id='word_1_481' title='bbox 2093 3142 2288 3208; x_wconf 91' lang='lat' dir='ltr'><strong>brare,</strong></span> <span class='ocrx_word' id='word_1_482' title='bbox 2350 3150 2405 3195; x_wconf 91' lang='lat' dir='ltr'><strong>et</strong></span> <span class='ocrx_word' id='word_1_483' title='bbox 2468 3140 2916 3194; x_wconf 87' lang='lat' dir='ltr'><strong>contubernalem</strong></span> <span class='ocrx_word' id='word_1_484' title='bbox 2978 3140 3159 3208; x_wconf 91' lang='lat' dir='ltr'><strong>ipsum</strong></span> <span class='ocrx_word' id='word_1_485' title='bbox 3222 3135 3421 3189; x_wconf 86' lang='lat' dir='ltr'><strong>habere</strong></span> <span class='ocrx_word' id='word_1_486' title='bbox 3485 3130 3666 3184; x_wconf 77' lang='lat' dir='ltr'><strong>vellet.</strong></span> 
     </span>
    </p>
   </div>
   <div class='ocr_carea' id='block_1_71' title="bbox 2018 3228 3669 3326">
    <p class='ocr_par' dir='ltr' id='par_1_71' title="bbox 2018 3228 3669 3326">
     <span class='ocr_line' id='line_1_71' title="bbox 2018 3228 3669 3326; baseline -0.001 -39"><span class='ocrx_word' id='word_1_487' title='bbox 2018 3268 2060 3326; x_wconf 62' lang='grc' dir='ltr'>α</span> <span class='ocrx_word' id='word_1_488' title='bbox 2095 3232 2297 3289; x_wconf 81' lang='lat' dir='ltr'><strong>Verum</strong></span> <span class='ocrx_word' id='word_1_489' title='bbox 2330 3234 2687 3304; x_wconf 87' lang='lat' dir='ltr'><strong>Epiphanius,</strong></span> <span class='ocrx_word' id='word_1_490' title='bbox 2724 3248 2783 3288; x_wconf 89' lang='lat' dir='ltr'><strong>se</strong></span> <span class='ocrx_word' id='word_1_491' title='bbox 2829 3246 3008 3301; x_wconf 91' lang='lat' dir='ltr'><strong>neque</strong></span> <span class='ocrx_word' id='word_1_492' title='bbox 3042 3230 3162 3299; x_wconf 87' lang='lat' dir='ltr'><strong>ejus</strong></span> <span class='ocrx_word' id='word_1_493' title='bbox 3210 3228 3389 3326; x_wconf 70' lang='lat' dir='ltr'><strong>domo</strong></span> <span class='ocrx_word' id='word_1_494' title='bbox 3416 3238 3669 3326; x_wconf 53' lang='lat' dir='ltr'><strong>usuruut.</strong></span> 
     </span>
    </p>
   </div>
   <div class='ocr_carea' id='block_1_72' title="bbox 2097 3314 3673 3390">
    <p class='ocr_par' dir='ltr' id='par_1_72' title="bbox 2097 3314 3673 3390">
     <span class='ocr_line' id='line_1_72' title="bbox 2097 3314 3673 3390; baseline -0.01 -9"><span class='ocrx_word' id='word_1_495' title='bbox 2097 3341 2197 3381; x_wconf 89' lang='lat' dir='ltr'><strong>nec</strong></span> <span class='ocrx_word' id='word_1_496' title='bbox 2227 3342 2351 3381; x_wconf 92' lang='lat' dir='ltr'><strong>cum</strong></span> <span class='ocrx_word' id='word_1_497' title='bbox 2381 3343 2447 3381; x_wconf 91' lang='lat' dir='ltr'><strong>eo</strong></span> <span class='ocrx_word' id='word_1_498' title='bbox 2472 3335 2766 3381; x_wconf 89' lang='lat' dir='ltr'><strong>oraturum</strong></span> <span class='ocrx_word' id='word_1_499' title='bbox 2790 3340 2916 3380; x_wconf 90' lang='lat' dir='ltr'><strong>esse</strong></span> <span class='ocrx_word' id='word_1_500' title='bbox 2945 3322 3248 3390; x_wconf 80' lang='lat' dir='ltr'><strong>respondit,</strong></span> <span class='ocrx_word' id='word_1_501' title='bbox 3285 3317 3390 3373; x_wconf 89' lang='lat' dir='ltr'><strong>nisi</strong></span> <span class='ocrx_word' id='word_1_502' title='bbox 3418 3314 3673 3384; x_wconf 86' lang='lat' dir='ltr'><strong>Origenis</strong></span> 
     </span>
    </p>
   </div>
   <div class='ocr_carea' id='block_1_73' title="bbox 2097 3416 3671 3488">
    <p class='ocr_par' dir='ltr' id='par_1_73' title="bbox 2097 3416 3671 3488">
     <span class='ocr_line' id='line_1_73' title="bbox 2097 3416 3671 3488; baseline -0.008 -17"><span class='ocrx_word' id='word_1_503' title='bbox 2097 3418 2268 3472; x_wconf 91' lang='lat' dir='ltr'><strong>libros</strong></span> <span class='ocrx_word' id='word_1_504' title='bbox 2311 3420 2465 3488; x_wconf 89' lang='lat' dir='ltr'><strong>prius</strong></span> <span class='ocrx_word' id='word_1_505' title='bbox 2514 3418 2864 3481; x_wconf 88' lang='lat' dir='ltr'><strong>damnasset,</strong></span> <span class='ocrx_word' id='word_1_506' title='bbox 2918 3425 2971 3471; x_wconf 91' lang='lat' dir='ltr'><strong>et</strong></span> <span class='ocrx_word' id='word_1_507' title='bbox 3023 3416 3345 3468; x_wconf 91' lang='lat' dir='ltr'><strong>Dioscorum</strong></span> <span class='ocrx_word' id='word_1_508' title='bbox 3391 3426 3501 3465; x_wconf 87' lang='lat' dir='ltr'><strong>una</strong></span> <span class='ocrx_word' id='word_1_509' title='bbox 3545 3424 3671 3462; x_wconf 90' lang='lat' dir='ltr'><strong>cum</strong></span> 
     </span>
    </p>
   </div>
   <div class='ocr_carea' id='block_1_74' title="bbox 2097 3501 3674 3579">
    <p class='ocr_par' dir='ltr' id='par_1_74' title="bbox 2097 3501 3674 3579">
     <span class='ocr_line' id='line_1_74' title="bbox 2097 3501 3674 3579; baseline -0.008 -14"><span class='ocrx_word' id='word_1_510' title='bbox 2097 3512 2266 3565; x_wconf 88' lang='lat' dir='ltr'><strong>sociis</strong></span> <span class='ocrx_word' id='word_1_511' title='bbox 2296 3510 2617 3579; x_wconf 77' lang='lat' dir='ltr'><strong>expulisset.</strong></span> <span class='ocrx_word' id='word_1_512' title='bbox 2667 3510 2772 3563; x_wconf 85' lang='lat' dir='ltr'><strong>Sed</strong></span> <span class='ocrx_word' id='word_1_513' title='bbox 2806 3525 2930 3562; x_wconf 91' lang='lat' dir='ltr'><strong>cum</strong></span> <span class='ocrx_word' id='word_1_514' title='bbox 2967 3509 3055 3563; x_wconf 89' lang='lat' dir='ltr'><strong>ille</strong></span> <span class='ocrx_word' id='word_1_515' title='bbox 3094 3515 3223 3560; x_wconf 86' lang='lat' dir='ltr'><strong>ante</strong></span> <span class='ocrx_word' id='word_1_516' title='bbox 3256 3520 3437 3559; x_wconf 63' lang='lat' dir='ltr'><strong>causae</strong></span> <span class='ocrx_word' id='word_1_517' title='bbox 3483 3501 3674 3570; x_wconf 86' lang='lat' dir='ltr'><strong>cogni-</strong></span> 
     </span>
    </p>
   </div>
   <div class='ocr_carea' id='block_1_75' title="bbox 2098 3591 3675 3668">
    <p class='ocr_par' dir='ltr' id='par_1_75' title="bbox 2098 3591 3675 3668">
     <span class='ocr_line' id='line_1_75' title="bbox 2098 3591 3675 3668; baseline -0.007 -12"><span class='ocrx_word' id='word_1_518' title='bbox 2098 3603 2305 3657; x_wconf 89' lang='lat' dir='ltr'><strong>tionem</strong></span> <span class='ocrx_word' id='word_1_519' title='bbox 2334 3602 2448 3656; x_wconf 78' lang='lat' dir='ltr'><strong>hzec</strong></span> <span class='ocrx_word' id='word_1_520' title='bbox 2478 3600 2679 3667; x_wconf 82' lang='lat' dir='ltr'><strong>facere,</strong></span> <span class='ocrx_word' id='word_1_521' title='bbox 2717 3600 3139 3668; x_wconf 87' lang='lat' dir='ltr'><strong>haudquaquam</strong></span> <span class='ocrx_word' id='word_1_522' title='bbox 3168 3596 3379 3666; x_wconf 85' lang='lat' dir='ltr'><strong>justum</strong></span> <span class='ocrx_word' id='word_1_523' title='bbox 3416 3609 3541 3648; x_wconf 88' lang='lat' dir='ltr'><strong>esse</strong></span> <span class='ocrx_word' id='word_1_524' title='bbox 3570 3591 3675 3646; x_wconf 83' lang='lat' dir='ltr'><strong>du—</strong></span> 
     </span>
    </p>
   </div>
   <div class='ocr_carea' id='block_1_76' title="bbox 2098 3685 3673 3762">
    <p class='ocr_par' dir='ltr' id='par_1_76' title="bbox 2098 3685 3673 3762">
     <span class='ocr_line' id='line_1_76' title="bbox 2098 3685 3673 3762; baseline -0.007 -15"><span class='ocrx_word' id='word_1_525' title='bbox 2098 3702 2267 3759; x_wconf 85' lang='lat' dir='ltr'><strong>ceret,</strong></span> <span class='ocrx_word' id='word_1_526' title='bbox 2296 3703 2351 3747; x_wconf 89' lang='lat' dir='ltr'><strong>et</strong></span> <span class='ocrx_word' id='word_1_527' title='bbox 2379 3693 2917 3762; x_wconf 84' lang='lat' dir='ltr'><strong>procrastinaretur;</strong></span> <span class='ocrx_word' id='word_1_528' title='bbox 2954 3692 3041 3745; x_wconf 91' lang='lat' dir='ltr'><strong>die</strong></span> <span class='ocrx_word' id='word_1_529' title='bbox 3071 3705 3184 3759; x_wconf 90' lang='lat' dir='ltr'><strong>quo</strong></span> <span class='ocrx_word' id='word_1_530' title='bbox 3210 3688 3439 3742; x_wconf 89' lang='lat' dir='ltr'><strong>collecta</strong></span> <span class='ocrx_word' id='word_1_531' title='bbox 3462 3685 3673 3754; x_wconf 79' lang='lat' dir='ltr'><strong>agenda</strong></span> 
     </span>
    </p>
   </div>
   <div class='ocr_carea' id='block_1_77' title="bbox 2098 3777 3673 3855">
    <p class='ocr_par' dir='ltr' id='par_1_77' title="bbox 2098 3777 3673 3855">
     <span class='ocr_line' id='line_1_77' title="bbox 2098 3777 3673 3855; baseline -0.006 -15"><span class='ocrx_word' id='word_1_532' title='bbox 2098 3794 2217 3840; x_wconf 88' lang='lat' dir='ltr'><strong>erat</strong></span> <span class='ocrx_word' id='word_1_533' title='bbox 2251 3786 2305 3838; x_wconf 91' lang='lat' dir='ltr'><strong>iu</strong></span> <span class='ocrx_word' id='word_1_534' title='bbox 2338 3786 2571 3839; x_wconf 87' lang='lat' dir='ltr'><strong>ecclesia</strong></span> <span class='ocrx_word' id='word_1_535' title='bbox 2605 3784 3016 3855; x_wconf 83' lang='lat' dir='ltr'><strong>Apostolorum,</strong></span> <span class='ocrx_word' id='word_1_536' title='bbox 3046 3788 3415 3853; x_wconf 86' lang='lat' dir='ltr'><strong>procurarunt</strong></span> <span class='ocrx_word' id='word_1_537' title='bbox 3440 3777 3673 3832; x_wconf 87' lang='lat' dir='ltr'><strong>Joannis</strong></span> 
     </span>
    </p>
   </div>
   <div class='ocr_carea' id='block_1_78' title="bbox 2100 3871 3675 3947">
    <p class='ocr_par' dir='ltr' id='par_1_78' title="bbox 2100 3871 3675 3947">
     <span class='ocr_line' id='line_1_78' title="bbox 2100 3871 3675 3947; baseline -0.008 -15"><span class='ocrx_word' id='word_1_538' title='bbox 2100 3879 2329 3944; x_wconf 88' lang='lat' dir='ltr'><strong>inimici,</strong></span> <span class='ocrx_word' id='word_1_539' title='bbox 2382 3886 2440 3931; x_wconf 93' lang='lat' dir='ltr'><strong>ut</strong></span> <span class='ocrx_word' id='word_1_540' title='bbox 2491 3877 2825 3947; x_wconf 86' lang='lat' dir='ltr'><strong>Epiphanius</strong></span> <span class='ocrx_word' id='word_1_541' title='bbox 2881 3877 2933 3930; x_wconf 91' lang='lat' dir='ltr'><strong>in</strong></span> <span class='ocrx_word' id='word_1_542' title='bbox 2979 3875 3270 3929; x_wconf 83' lang='lat' dir='ltr'><strong>ecclesiam</strong></span> <span class='ocrx_word' id='word_1_543' title='bbox 3323 3871 3567 3933; x_wconf 90' lang='lat' dir='ltr'><strong>veniret,</strong></span> <span class='ocrx_word' id='word_1_544' title='bbox 3619 3875 3675 3921; x_wconf 87' lang='lat' dir='ltr'><strong>et</strong></span> 
     </span>
    </p>
   </div>
   <div class='ocr_carea' id='block_1_79' title="bbox 2100 3964 3671 4040">
    <p class='ocr_par' dir='ltr' id='par_1_79' title="bbox 2100 3964 3671 4040">
     <span class='ocr_line' id='line_1_79' title="bbox 2100 3964 3671 4040; baseline -0.009 -16"><span class='ocrx_word' id='word_1_545' title='bbox 2100 3971 2319 4040; x_wconf 89' lang='lat' dir='ltr'><strong>publice</strong></span> <span class='ocrx_word' id='word_1_546' title='bbox 2358 3985 2542 4023; x_wconf 91' lang='lat' dir='ltr'><strong>coram</strong></span> <span class='ocrx_word' id='word_1_547' title='bbox 2599 3970 2800 4039; x_wconf 90' lang='lat' dir='ltr'><strong>populo</strong></span> <span class='ocrx_word' id='word_1_548' title='bbox 2844 3978 2956 4022; x_wconf 91' lang='lat' dir='ltr'><strong>tum</strong></span> <span class='ocrx_word' id='word_1_549' title='bbox 2998 3965 3252 4036; x_wconf 86' lang='lat' dir='ltr'><strong>Origenis</strong></span> <span class='ocrx_word' id='word_1_550' title='bbox 3300 3964 3499 4023; x_wconf 86' lang='lat' dir='ltr'><strong>libros,</strong></span> <span class='ocrx_word' id='word_1_551' title='bbox 3555 3968 3671 4013; x_wconf 91' lang='lat' dir='ltr'><strong>tum</strong></span> 
     </span>
    </p>
   </div>
   <div class='ocr_carea' id='block_1_80' title="bbox 2102 4052 3673 4129">
    <p class='ocr_par' dir='ltr' id='par_1_80' title="bbox 2102 4052 3673 4129">
     <span class='ocr_line' id='line_1_80' title="bbox 2102 4052 3673 4129; baseline -0.007 -17"><span class='ocrx_word' id='word_1_552' title='bbox 2102 4059 2426 4115; x_wconf 85' lang='lat' dir='ltr'><strong>Dioscorum</strong></span> <span class='ocrx_word' id='word_1_553' title='bbox 2449 4067 2504 4113; x_wconf 90' lang='lat' dir='ltr'><strong>et</strong></span> <span class='ocrx_word' id='word_1_554' title='bbox 2525 4074 2620 4114; x_wconf 91' lang='lat' dir='ltr'><strong>eos</strong></span> <span class='ocrx_word' id='word_1_555' title='bbox 2648 4059 2740 4129; x_wconf 83' lang='lat' dir='ltr'><strong>qui</strong></span> <span class='ocrx_word' id='word_1_556' title='bbox 2767 4074 2890 4113; x_wconf 92' lang='lat' dir='ltr'><strong>cum</strong></span> <span class='ocrx_word' id='word_1_557' title='bbox 2916 4058 3010 4111; x_wconf 92' lang='lat' dir='ltr'><strong>illo</strong></span> <span class='ocrx_word' id='word_1_558' title='bbox 3036 4066 3212 4121; x_wconf 88' lang='lat' dir='ltr'><strong>erant,</strong></span> <span class='ocrx_word' id='word_1_559' title='bbox 3241 4063 3501 4123; x_wconf 89' lang='lat' dir='ltr'><strong>tanquam</strong></span> <span class='ocrx_word' id='word_1_560' title='bbox 3528 4052 3673 4103; x_wconf 87' lang='lat' dir='ltr'><strong>idem</strong></span> 
     </span>
    </p>
   </div>
   <div class='ocr_carea' id='block_1_81' title="bbox 413 4147 3670 4221">
    <p class='ocr_par' dir='ltr' id='par_1_81' title="bbox 413 4147 3670 4221">
     <span class='ocr_line' id='line_1_81' title="bbox 413 4147 3670 4221; baseline 0 -23"><span class='ocrx_word' id='word_1_561' title='bbox 413 4163 538 4200; x_wconf 90' lang='lat' dir='ltr'><strong>cum</strong></span> <span class='ocrx_word' id='word_1_562' title='bbox 594 4148 829 4219; x_wconf 82' lang='lat' dir='ltr'><strong>Origene</strong></span> <span class='ocrx_word' id='word_1_563' title='bbox 892 4151 1227 4214; x_wconf 89' lang='lat' dir='ltr'><strong>sentientes,</strong></span> <span class='ocrx_word' id='word_1_564' title='bbox 1281 4150 1631 4203; x_wconf 87' lang='lat' dir='ltr'><strong>anathemate</strong></span> <span class='ocrx_word' id='word_1_565' title='bbox 1688 4149 2017 4205; x_wconf 88' lang='lat' dir='ltr'><strong>damnaret:</strong></span> <span class='ocrx_word' id='word_1_566' title='bbox 2093 4152 2395 4221; x_wconf 86' lang='lat' dir='ltr'><strong>eademque</strong></span> <span class='ocrx_word' id='word_1_567' title='bbox 2468 4165 2639 4221; x_wconf 89' lang='lat' dir='ltr'><strong>opera</strong></span> <span class='ocrx_word' id='word_1_568' title='bbox 2687 4151 3004 4220; x_wconf 90' lang='lat' dir='ltr'><strong>episcopum</strong></span> <span class='ocrx_word' id='word_1_569' title='bbox 3051 4148 3203 4202; x_wconf 90' lang='lat' dir='ltr'><strong>urbis</strong></span> <span class='ocrx_word' id='word_1_570' title='bbox 3254 4147 3670 4216; x_wconf 86' lang='lat' dir='ltr'><strong>perstringerel,</strong></span> 
     </span>
    </p>
   </div>
   <div class='ocr_carea' id='block_1_82' title="bbox 415 4237 3674 4313">
    <p class='ocr_par' dir='ltr' id='par_1_82' title="bbox 415 4237 3674 4313">
     <span class='ocr_line' id='line_1_82' title="bbox 415 4237 3674 4313; baseline -0.001 -20"><span class='ocrx_word' id='word_1_571' title='bbox 415 4248 473 4293; x_wconf 87' lang='lat' dir='ltr'><strong>ut</strong></span> <span class='ocrx_word' id='word_1_572' title='bbox 509 4240 601 4307; x_wconf 91' lang='lat' dir='ltr'><strong>qui</strong></span> <span class='ocrx_word' id='word_1_573' title='bbox 652 4239 759 4294; x_wconf 86' lang='lat' dir='ltr'><strong>illis</strong></span> <span class='ocrx_word' id='word_1_574' title='bbox 787 4238 1040 4294; x_wconf 81' lang='lat' dir='ltr'><strong>addictus</strong></span> <span class='ocrx_word' id='word_1_575' title='bbox 1069 4247 1237 4294; x_wconf 87' lang='lat' dir='ltr'><strong>esset.</strong></span> <span class='ocrx_word' id='word_1_576' title='bbox 1287 4238 1465 4308; x_wconf 82' lang='lat' dir='ltr'><strong>Atque</strong></span> <span class='ocrx_word' id='word_1_577' title='bbox 1503 4238 1558 4293; x_wconf 90' lang='lat' dir='ltr'><strong>hi</strong></span> <span class='ocrx_word' id='word_1_578' title='bbox 1596 4239 1811 4307; x_wconf 91' lang='lat' dir='ltr'><strong>quidem</strong></span> <span class='ocrx_word' id='word_1_579' title='bbox 1846 4241 1989 4295; x_wconf 91' lang='lat' dir='ltr'><strong>istud</strong></span> <span class='ocrx_word' id='word_1_580' title='bbox 2029 4243 2419 4297; x_wconf 88' lang='lat' dir='ltr'><strong>moliebantur.</strong></span> <span class='ocrx_word' id='word_1_581' title='bbox 2462 4242 2672 4313; x_wconf 86' lang='lat' dir='ltr'><strong>Quippe</strong></span> <span class='ocrx_word' id='word_1_582' title='bbox 2716 4241 3125 4305; x_wconf 74' lang='lat' dir='ltr'><strong>existimabant,</strong></span> <span class='ocrx_word' id='word_1_583' title='bbox 3188 4255 3247 4295; x_wconf 89' lang='lat' dir='ltr'><strong>se</strong></span> <span class='ocrx_word' id='word_1_584' title='bbox 3303 4240 3405 4293; x_wconf 88' lang='lat' dir='ltr'><strong>hac</strong></span> <span class='ocrx_word' id='word_1_585' title='bbox 3463 4237 3674 4291; x_wconf 90' lang='lat' dir='ltr'><strong>ratione</strong></span> 
     </span>
    </p>
   </div>
   <div class='ocr_carea' id='block_1_83' title="bbox 416 4330 3673 4405">
    <p class='ocr_par' dir='ltr' id='par_1_83' title="bbox 416 4330 3673 4405">
     <span class='ocr_line' id='line_1_83' title="bbox 416 4330 3673 4405; baseline 0.001 -24"><span class='ocrx_word' id='word_1_586' title='bbox 416 4330 625 4399; x_wconf 86' lang='lat' dir='ltr'><strong>plebem</strong></span> <span class='ocrx_word' id='word_1_587' title='bbox 659 4332 725 4383; x_wconf 80' lang='lat' dir='ltr'><strong>ab</strong></span> <span class='ocrx_word' id='word_1_588' title='bbox 757 4330 847 4382; x_wconf 92' lang='lat' dir='ltr'><strong>illo</strong></span> <span class='ocrx_word' id='word_1_589' title='bbox 878 4330 1241 4385; x_wconf 85' lang='lat' dir='ltr'><strong>alienaturos.</strong></span> <span class='ocrx_word' id='word_1_590' title='bbox 1297 4330 1525 4383; x_wconf 80' lang='lat' dir='ltr'><strong>Postero</strong></span> <span class='ocrx_word' id='word_1_591' title='bbox 1559 4330 1724 4399; x_wconf 77' lang='lat' dir='ltr'><strong>igitur</strong></span> <span class='ocrx_word' id='word_1_592' title='bbox 1762 4332 1873 4395; x_wconf 89' lang='lat' dir='ltr'><strong>die,</strong></span> <span class='ocrx_word' id='word_1_593' title='bbox 1926 4348 2049 4386; x_wconf 87' lang='lat' dir='ltr'><strong>cum</strong></span> <span class='ocrx_word' id='word_1_594' title='bbox 2087 4333 2156 4387; x_wconf 87' lang='lat' dir='ltr'><strong>ad</strong></span> <span class='ocrx_word' id='word_1_595' title='bbox 2195 4334 2250 4389; x_wconf 91' lang='lat' dir='ltr'><strong>id</strong></span> <span class='ocrx_word' id='word_1_596' title='bbox 2285 4335 2552 4405; x_wconf 87' lang='lat' dir='ltr'><strong>agendum</strong></span> <span class='ocrx_word' id='word_1_597' title='bbox 2588 4349 2917 4405; x_wconf 88' lang='lat' dir='ltr'><strong>progressus</strong></span> <span class='ocrx_word' id='word_1_598' title='bbox 2970 4331 3307 4402; x_wconf 87' lang='lat' dir='ltr'><strong>Epiphanius</strong></span> <span class='ocrx_word' id='word_1_599' title='bbox 3346 4331 3458 4398; x_wconf 90' lang='lat' dir='ltr'><strong>jam</strong></span> <span class='ocrx_word' id='word_1_600' title='bbox 3497 4330 3673 4383; x_wconf 87' lang='lat' dir='ltr'><strong>eccle-</strong></span> 
     </span>
    </p>
   </div>
   <div class='ocr_carea' id='block_1_84' title="bbox 415 4421 3670 4496">
    <p class='ocr_par' dir='ltr' id='par_1_84' title="bbox 415 4421 3670 4496">
     <span class='ocr_line' id='line_1_84' title="bbox 415 4421 3670 4496; baseline 0.001 -23"><span class='ocrx_word' id='word_1_601' title='bbox 415 4422 511 4474; x_wconf 74' lang='lat' dir='ltr'><strong>sia:</strong></span> <span class='ocrx_word' id='word_1_602' title='bbox 544 4421 1026 4489; x_wconf 84' lang='lat' dir='ltr'><strong>appropinquaret,</strong></span> <span class='ocrx_word' id='word_1_603' title='bbox 1060 4422 1277 4475; x_wconf 84' lang='lat' dir='ltr'><strong>obviam</strong></span> <span class='ocrx_word' id='word_1_604' title='bbox 1326 4421 1374 4476; x_wconf 88' lang='lat' dir='ltr'><strong>ei</strong></span> <span class='ocrx_word' id='word_1_605' title='bbox 1423 4423 1663 4477; x_wconf 88' lang='lat' dir='ltr'><strong>occurrit</strong></span> <span class='ocrx_word' id='word_1_606' title='bbox 1694 4422 1954 4493; x_wconf 89' lang='lat' dir='ltr'><strong>Serapio,</strong></span> <span class='ocrx_word' id='word_1_607' title='bbox 1995 4424 2157 4496; x_wconf 61' lang='lat'><strong>345</strong></span> <span class='ocrx_word' id='word_1_608' title='bbox 2184 4428 2387 4483; x_wconf 90' lang='lat' dir='ltr'><strong>missus</strong></span> <span class='ocrx_word' id='word_1_609' title='bbox 2431 4444 2459 4481; x_wconf 90' lang='lat' dir='ltr'><strong>a</strong></span> <span class='ocrx_word' id='word_1_610' title='bbox 2498 4425 2707 4481; x_wconf 90' lang='lat' dir='ltr'><strong>Joanne</strong></span> <span class='ocrx_word' id='word_1_611' title='bbox 2729 4426 3115 4495; x_wconf 71' lang='lat' dir='ltr'><strong>(praesenserat</strong></span> <span class='ocrx_word' id='word_1_612' title='bbox 3146 4425 3289 4479; x_wconf 92' lang='lat' dir='ltr'><strong>enim</strong></span> <span class='ocrx_word' id='word_1_613' title='bbox 3326 4422 3565 4478; x_wconf 88' lang='lat' dir='ltr'><strong>Joannes</strong></span> <span class='ocrx_word' id='word_1_614' title='bbox 3605 4437 3670 4476; x_wconf 88' lang='lat' dir='ltr'><strong>ea</strong></span> 
     </span>
    </p>
   </div>
   <div class='ocr_carea' id='block_1_85' title="bbox 412 4510 3670 4590">
    <p class='ocr_par' dir='ltr' id='par_1_85' title="bbox 412 4510 3670 4590">
     <span class='ocr_line' id='line_1_85' title="bbox 412 4510 3670 4590; baseline 0.001 -26"><span class='ocrx_word' id='word_1_615' title='bbox 412 4526 534 4580; x_wconf 66' lang='lat' dir='ltr'><strong>quae</strong></span> <span class='ocrx_word' id='word_1_616' title='bbox 586 4510 760 4579; x_wconf 81' lang='lat' dir='ltr'><strong>pridie</strong></span> <span class='ocrx_word' id='word_1_617' title='bbox 825 4512 1048 4566; x_wconf 81' lang='lat' dir='ltr'><strong>fuerant</strong></span> <span class='ocrx_word' id='word_1_618' title='bbox 1105 4515 1457 4583; x_wconf 81' lang='lat' dir='ltr'><strong>constituta),</strong></span> <span class='ocrx_word' id='word_1_619' title='bbox 1504 4514 1795 4585; x_wconf 90' lang='lat' dir='ltr'><strong>palamque</strong></span> <span class='ocrx_word' id='word_1_620' title='bbox 1851 4517 2199 4572; x_wconf 90' lang='lat' dir='ltr'><strong>denuntiavit</strong></span> <span class='ocrx_word' id='word_1_621' title='bbox 2251 4519 2588 4590; x_wconf 88' lang='lat' dir='ltr'><strong>Epiphanio,</strong></span> <span class='ocrx_word' id='word_1_622' title='bbox 2632 4521 2786 4575; x_wconf 90' lang='lat' dir='ltr'><strong>illum</strong></span> <span class='ocrx_word' id='word_1_623' title='bbox 2847 4536 2910 4575; x_wconf 82' lang='lat' dir='ltr'><strong>ea</strong></span> <span class='ocrx_word' id='word_1_624' title='bbox 2963 4534 3152 4589; x_wconf 84' lang='lat' dir='ltr'><strong>gerere</strong></span> <span class='ocrx_word' id='word_1_625' title='bbox 3200 4533 3322 4587; x_wconf 75' lang='lat' dir='ltr'><strong>qua:</strong></span> <span class='ocrx_word' id='word_1_626' title='bbox 3374 4532 3473 4571; x_wconf 93' lang='lat' dir='ltr'><strong>nec</strong></span> <span class='ocrx_word' id='word_1_627' title='bbox 3522 4516 3670 4584; x_wconf 88' lang='lat' dir='ltr'><strong>justa</strong></span> 
     </span>
    </p>
   </div>
   <div class='ocr_carea' id='block_1_86' title="bbox 414 4603 3669 4683">
    <p class='ocr_par' dir='ltr' id='par_1_86' title="bbox 414 4603 3669 4683">
     <span class='ocr_line' id='line_1_86' title="bbox 414 4603 3669 4683; baseline 0.002 -27"><span class='ocrx_word' id='word_1_628' title='bbox 414 4612 620 4667; x_wconf 83' lang='lat' dir='ltr'><strong>essent,</strong></span> <span class='ocrx_word' id='word_1_629' title='bbox 654 4618 753 4656; x_wconf 86' lang='lat' dir='ltr'><strong>nec</strong></span> <span class='ocrx_word' id='word_1_630' title='bbox 785 4603 884 4670; x_wconf 87' lang='lat' dir='ltr'><strong>ipsi</strong></span> <span class='ocrx_word' id='word_1_631' title='bbox 918 4605 1167 4672; x_wconf 88' lang='lat' dir='ltr'><strong>privatim</strong></span> <span class='ocrx_word' id='word_1_632' title='bbox 1204 4606 1361 4658; x_wconf 90' lang='lat' dir='ltr'><strong>utilia</strong></span> <span class='ocrx_word' id='word_1_633' title='bbox 1394 4627 1403 4660; x_wconf 92' lang='lat'><strong>:</strong></span> <span class='ocrx_word' id='word_1_634' title='bbox 1438 4606 1710 4675; x_wconf 92' lang='lat' dir='ltr'><strong>siquidem</strong></span> <span class='ocrx_word' id='word_1_635' title='bbox 1747 4608 1986 4663; x_wconf 87' lang='lat' dir='ltr'><strong>tumultu</strong></span> <span class='ocrx_word' id='word_1_636' title='bbox 2024 4624 2089 4665; x_wconf 91' lang='lat' dir='ltr'><strong>ac</strong></span> <span class='ocrx_word' id='word_1_637' title='bbox 2113 4612 2384 4667; x_wconf 89' lang='lat' dir='ltr'><strong>seditione</strong></span> <span class='ocrx_word' id='word_1_638' title='bbox 2410 4613 2596 4683; x_wconf 92' lang='lat' dir='ltr'><strong>populi</strong></span> <span class='ocrx_word' id='word_1_639' title='bbox 2649 4614 2907 4674; x_wconf 79' lang='lat' dir='ltr'><strong>excitata,</strong></span> <span class='ocrx_word' id='word_1_640' title='bbox 2943 4611 3059 4681; x_wconf 91' lang='lat' dir='ltr'><strong>ipse</strong></span> <span class='ocrx_word' id='word_1_641' title='bbox 3088 4621 3349 4680; x_wconf 87' lang='lat' dir='ltr'><strong>tanquam</strong></span> <span class='ocrx_word' id='word_1_642' title='bbox 3406 4609 3527 4676; x_wconf 82' lang='lat' dir='ltr'><strong>ejus</strong></span> <span class='ocrx_word' id='word_1_643' title='bbox 3592 4611 3669 4663; x_wconf 89' lang='lat' dir='ltr'><strong>rei</strong></span> 
     </span>
    </p>
   </div>
   <div class='ocr_carea' id='block_1_87' title="bbox 417 4696 3103 4775">
    <p class='ocr_par' dir='ltr' id='par_1_87' title="bbox 417 4696 3103 4775">
     <span class='ocr_line' id='line_1_87' title="bbox 417 4696 3103 4775; baseline 0.003 -29"><span class='ocrx_word' id='word_1_644' title='bbox 417 4706 613 4749; x_wconf 90' lang='lat' dir='ltr'><strong>auctor</strong></span> <span class='ocrx_word' id='word_1_645' title='bbox 679 4696 979 4765; x_wconf 86' lang='lat' dir='ltr'><strong>periculum</strong></span> <span class='ocrx_word' id='word_1_646' title='bbox 1045 4697 1332 4750; x_wconf 88' lang='lat' dir='ltr'><strong>subiturus</strong></span> <span class='ocrx_word' id='word_1_647' title='bbox 1417 4704 1584 4753; x_wconf 87' lang='lat' dir='ltr'><strong>esset.</strong></span> <span class='ocrx_word' id='word_1_648' title='bbox 1652 4696 1763 4752; x_wconf 85' lang='lat' dir='ltr'><strong>llac</strong></span> <span class='ocrx_word' id='word_1_649' title='bbox 1818 4699 2031 4755; x_wconf 85' lang='lat' dir='ltr'><strong>ratione</strong></span> <span class='ocrx_word' id='word_1_650' title='bbox 2106 4704 2380 4760; x_wconf 90' lang='lat' dir='ltr'><strong>cohibitus</strong></span> <span class='ocrx_word' id='word_1_651' title='bbox 2410 4713 2495 4759; x_wconf 87' lang='lat' dir='ltr'><strong>est</strong></span> <span class='ocrx_word' id='word_1_652' title='bbox 2525 4706 2761 4775; x_wconf 92' lang='lat' dir='ltr'><strong>impetus</strong></span> <span class='ocrx_word' id='word_1_653' title='bbox 2792 4702 3103 4771; x_wconf 82' lang='lat' dir='ltr'><strong>Epiphanii.</strong></span> 
     </span>
    </p>
   </div>
   <div class='ocr_carea' id='block_1_88' title="bbox 1000 4784 2761 4847">
    <p class='ocr_par' dir='ltr' id='par_1_88' title="bbox 1000 4784 2068 4847">
     <span class='ocr_line' id='line_1_88' title="bbox 1000 4784 2068 4847; baseline 0.007 -7"><span class='ocrx_word' id='word_1_654' title='bbox 1000 4784 1251 4840; x_wconf 80' lang='grc' dir='ltr'><strong>ΚΕΦΑΛ.</strong></span> <span class='ocrx_word' id='word_1_655' title='bbox 1293 4786 1372 4838; x_wconf 84' lang='lat' dir='ltr'><strong>IE’</strong></span> <span class='ocrx_word' id='word_1_656' title='bbox 2023 4792 2068 4847; x_wconf 91' lang='lat' dir='ltr'><strong>D</strong></span> 
     </span>
    </p>
   </div>
   <div class='ocr_carea' id='block_1_89' title="bbox 1308 4784 3069 4847">
    <p class='ocr_par' dir='ltr' id='par_1_89' title="bbox 1308 4786 3069 4847">
     <span class='ocr_line' id='line_1_89' title="bbox 1308 4786 3069 4847; baseline 0.005 -10"><span class='ocrx_word' id='word_1_657' title='bbox 1308 4786 1372 4838; x_wconf 64' lang='grc' dir='ltr'>[Β</span> <span class='ocrx_word' id='word_1_658' title='bbox 2023 4792 2068 4847; x_wconf 92' lang='lat' dir='ltr'><strong>D</strong></span> <span class='ocrx_word' id='word_1_659' title='bbox 2770 4791 2922 4847; x_wconf 75' lang='lat' dir='ltr'><strong>CAP.</strong></span> <span class='ocrx_word' id='word_1_660' title='bbox 2956 4789 3069 4845; x_wconf 81' lang='lat' dir='ltr'><strong>XV.</strong></span> 
     </span>
    </p>
   </div>
   <div class='ocr_carea' id='block_1_90' title="bbox 418 4877 2179 4950">
    <p class='ocr_par' dir='ltr' id='par_1_90' title="bbox 418 4877 2167 4950">
     <span class='ocr_line' id='line_1_90' title="bbox 418 4877 2167 4950; baseline 0.003 -20"><span class='ocrx_word' id='word_1_661' title='bbox 418 4877 553 4950; x_wconf 75' lang='grc' dir='ltr'><strong>Περὶ</strong></span> <span class='ocrx_word' id='word_1_662' title='bbox 602 4877 707 4930; x_wconf 86' lang='grc' dir='ltr'><strong>τοῦ</strong></span> <span class='ocrx_word' id='word_1_663' title='bbox 754 4878 963 4950; x_wconf 73' lang='grc' dir='ltr'><strong>παιδὸς</strong></span> <span class='ocrx_word' id='word_1_664' title='bbox 990 4877 1099 4950; x_wconf 64' lang='grc' dir='ltr'><strong>τῆς</strong></span> <span class='ocrx_word' id='word_1_665' title='bbox 1140 4877 1465 4944; x_wconf 73' lang='grc' dir='ltr'><strong>βασιλίδος</strong></span> <span class='ocrx_word' id='word_1_666' title='bbox 1488 4916 1503 4941; x_wconf 88' lang='grc'><strong>,</strong></span> <span class='ocrx_word' id='word_1_667' title='bbox 1535 4888 1631 4950; x_wconf 60' lang='grc' dir='ltr'><strong>καί</strong></span> <span class='ocrx_word' id='word_1_668' title='bbox 1661 4879 1768 4950; x_wconf 72' lang='grc' dir='ltr'><strong>τοῦ</strong></span> <span class='ocrx_word' id='word_1_669' title='bbox 1794 4878 1991 4950; x_wconf 12' lang='grc' dir='ltr'><strong>ᾼάγίου</strong></span> <span class='ocrx_word' id='word_1_670' title='bbox 2089 4881 2167 4936; x_wconf 87' lang='lat' dir='ltr'><strong>De</strong></span> 
     </span>
    </p>
   </div>
   <div class='ocr_carea' id='block_1_91' title="bbox 1911 4877 3672 4950">
    <p class='ocr_par' dir='ltr' id='par_1_91' title="bbox 1911 4879 3660 4950">
     <span class='ocr_line' id='line_1_91' title="bbox 1911 4879 3660 4950; baseline -0.005 -17"><span class='ocrx_word' id='word_1_671' title='bbox 1911 4879 1991 4933; x_wconf 90' lang='grc' dir='ltr'><strong>ὀυ</strong></span> <span class='ocrx_word' id='word_1_672' title='bbox 2089 4881 2167 4936; x_wconf 87' lang='lat' dir='ltr'><strong>De</strong></span> <span class='ocrx_word' id='word_1_673' title='bbox 2202 4882 2315 4950; x_wconf 79' lang='lat' dir='ltr'><strong>ﬁlio</strong></span> <span class='ocrx_word' id='word_1_674' title='bbox 2347 4884 2703 4947; x_wconf 79' lang='lat' dir='ltr'><strong>imperatricis</strong></span> <span class='ocrx_word' id='word_1_675' title='bbox 2743 4893 2791 4936; x_wconf 83' lang='lat' dir='ltr'><strong>et</strong></span> <span class='ocrx_word' id='word_1_676' title='bbox 2822 4882 2886 4935; x_wconf 83' lang='lat' dir='ltr'><strong>de</strong></span> <span class='ocrx_word' id='word_1_677' title='bbox 2913 4882 3062 4935; x_wconf 84' lang='lat' dir='ltr'><strong>beato</strong></span> <span class='ocrx_word' id='word_1_678' title='bbox 3099 4879 3418 4947; x_wconf 78' lang='lat' dir='ltr'><strong>Epiphanio;</strong></span> <span class='ocrx_word' id='word_1_679' title='bbox 3450 4887 3499 4931; x_wconf 82' lang='lat' dir='ltr'><strong>et</strong></span> <span class='ocrx_word' id='word_1_680' title='bbox 3541 4894 3660 4945; x_wconf 85' lang='lat' dir='ltr'><strong>quo.</strong></span> 
     </span>
    </p>
   </div>
   <div class='ocr_carea' id='block_1_92' title="bbox 503 4948 2264 5022">
    <p class='ocr_par' dir='ltr' id='par_1_92' title="bbox 503 4948 2264 5022">
     <span class='ocr_line' id='line_1_92' title="bbox 503 4948 2264 5022; baseline 0.003 -23"><span class='ocrx_word' id='word_1_681' title='bbox 503 4948 849 5022; x_wconf 54' lang='lat' dir='ltr'><strong>:Ertzyayr&#39;ov</strong></span> <span class='ocrx_word' id='word_1_682' title='bbox 882 4964 893 4976; x_wconf 91' lang='grc'><strong>·</strong></span> <span class='ocrx_word' id='word_1_683' title='bbox 923 4948 1019 5022; x_wconf 74' lang='grc' dir='ltr'><strong>καὶ</strong></span> <span class='ocrx_word' id='word_1_684' title='bbox 1062 4949 1141 5013; x_wconf 87' lang='grc' dir='ltr'><strong>ὼς</strong></span> <span class='ocrx_word' id='word_1_685' title='bbox 1167 4950 1487 5022; x_wconf 21' lang='grc' dir='ltr'><strong>μοί-Μακροὶ</strong></span> <span class='ocrx_word' id='word_1_686' title='bbox 1527 4948 1675 5016; x_wconf 80' lang='grc' dir='ltr'><strong>πρὸς</strong></span> <span class='ocrx_word' id='word_1_687' title='bbox 1707 4948 1994 5022; x_wconf 69' lang='grc' dir='ltr'><strong>διάλογον</strong></span> <span class='ocrx_word' id='word_1_688' title='bbox 2161 4948 2264 5007; x_wconf 67' lang='grc' dir='ltr'><strong>πίοι</strong></span> 
     </span>
    </p>
   </div>
   <div class='ocr_carea' id='block_1_93' title="bbox 1909 4948 3670 5022">
    <p class='ocr_par' dir='ltr' id='par_1_93' title="bbox 1909 4948 3670 5022">
     <span class='ocr_line' id='line_1_93' title="bbox 1909 4948 3670 5022; baseline -0.004 -16"><span class='ocrx_word' id='word_1_689' title='bbox 1909 4966 1994 5022; x_wconf 68' lang='grc' dir='ltr'><strong>ὀν</strong></span> <span class='ocrx_word' id='word_1_690' title='bbox 2161 4948 2315 5007; x_wconf 76' lang='lat' dir='ltr'><strong>modo</strong></span> <span class='ocrx_word' id='word_1_691' title='bbox 2356 4956 2599 5007; x_wconf 82' lang='lat' dir='ltr'><strong>monachi</strong></span> <span class='ocrx_word' id='word_1_692' title='bbox 2644 4953 2810 5022; x_wconf 84' lang='lat' dir='ltr'><strong>Longi</strong></span> <span class='ocrx_word' id='word_1_693' title='bbox 2842 4955 2900 5022; x_wconf 4' lang='lat' dir='ltr'><strong>in,</strong></span> <span class='ocrx_word' id='word_1_694' title='bbox 2924 4952 3243 5020; x_wconf 58' lang='lat' dir='ltr'><strong>colloquium</strong></span> <span class='ocrx_word' id='word_1_695' title='bbox 3279 4967 3395 5002; x_wconf 88' lang='lat' dir='ltr'><strong>cum</strong></span> <span class='ocrx_word' id='word_1_696' title='bbox 3421 4954 3485 5022; x_wconf 76' lang='lat' dir='ltr'><strong>eo</strong></span> <span class='ocrx_word' id='word_1_697' title='bbox 3522 4965 3670 5000; x_wconf 80' lang='lat' dir='ltr'><strong>vene-</strong></span> 
     </span>
    </p>
   </div>
   <div class='ocr_carea' id='block_1_94' title="bbox 488 5014 2249 5090">
    <p class='ocr_par' dir='ltr' id='par_1_94' title="bbox 488 5014 2246 5090">
     <span class='ocr_line' id='line_1_94' title="bbox 488 5014 2246 5090; baseline 0.003 -21"><span class='ocrx_word' id='word_1_698' title='bbox 488 5014 679 5083; x_wconf 69' lang='grc' dir='ltr'><strong>ἦλθον</strong></span> <span class='ocrx_word' id='word_1_699' title='bbox 715 5018 1054 5090; x_wconf 60' lang='lat' dir='ltr'><strong>‘Emgparlrp,</strong></span> <span class='ocrx_word' id='word_1_700' title='bbox 1086 5018 1191 5090; x_wconf 13' lang='grc' dir='ltr'><strong>καὶ»</strong></span> <span class='ocrx_word' id='word_1_701' title='bbox 1221 5019 1301 5082; x_wconf 85' lang='grc' dir='ltr'><strong>ὡς</strong></span> <span class='ocrx_word' id='word_1_702' title='bbox 1336 5014 1724 5071; x_wconf 62' lang='grc' dir='ltr'><strong>ἀπέπλευσεν</strong></span> <span class='ocrx_word' id='word_1_703' title='bbox 1750 5020 1837 5081; x_wconf 84' lang='grc' dir='ltr'><strong>είς</strong></span> <span class='ocrx_word' id='word_1_704' title='bbox 1875 5014 1994 5090; x_wconf 82' lang='grc' dir='ltr'><strong>Κύ-</strong></span> <span class='ocrx_word' id='word_1_705' title='bbox 2165 5023 2246 5075; x_wconf 85' lang='lat' dir='ltr'><strong>rin</strong></span> 
     </span>
    </p>
   </div>
   <div class='ocr_carea' id='block_1_95' title="bbox 1903 5014 3664 5090">
    <p class='ocr_par' dir='ltr' id='par_1_95' title="bbox 1903 5014 3664 5090">
     <span class='ocr_line' id='line_1_95' title="bbox 1903 5014 3664 5090; baseline -0.001 -19"><span class='ocrx_word' id='word_1_706' title='bbox 1903 5021 1994 5090; x_wconf 70' lang='grc' dir='ltr'><strong>ἰύ-</strong></span> <span class='ocrx_word' id='word_1_707' title='bbox 2165 5023 2292 5084; x_wconf 82' lang='lat' dir='ltr'><strong>rint,</strong></span> <span class='ocrx_word' id='word_1_708' title='bbox 2322 5034 2368 5075; x_wconf 82' lang='lat' dir='ltr'><strong>el</strong></span> <span class='ocrx_word' id='word_1_709' title='bbox 2402 5023 2732 5090; x_wconf 74' lang='lat' dir='ltr'><strong>Epiphanius</strong></span> <span class='ocrx_word' id='word_1_710' title='bbox 2760 5014 2827 5076; x_wconf 47' lang='lat' dir='ltr'><strong>vin</strong></span> <span class='ocrx_word' id='word_1_711' title='bbox 2871 5014 3102 5090; x_wconf 71' lang='lat' dir='ltr'><strong>Cyprum</strong></span> <span class='ocrx_word' id='word_1_712' title='bbox 3134 5036 3370 5073; x_wconf 81' lang='lat' dir='ltr'><strong>reversus</strong></span> <span class='ocrx_word' id='word_1_713' title='bbox 3414 5020 3502 5074; x_wconf 74' lang='lat' dir='ltr'><strong>sit.</strong></span> <span class='ocrx_word' id='word_1_714' title='bbox 3533 5022 3664 5072; x_wconf 81' lang='lat' dir='ltr'><strong>Item</strong></span> 
     </span>
    </p>
   </div>
   <div class='ocr_carea' id='block_1_96' title="bbox 491 5083 2252 5162">
    <p class='ocr_par' dir='ltr' id='par_1_96' title="bbox 491 5083 2230 5157">
     <span class='ocr_line' id='line_1_96' title="bbox 491 5083 2230 5157; baseline 0.005 -20"><span class='ocrx_word' id='word_1_715' title='bbox 491 5104 643 5152; x_wconf 81' lang='grc' dir='ltr'><strong>προν</strong></span> <span class='ocrx_word' id='word_1_716' title='bbox 683 5083 873 5152; x_wconf 67' lang='grc' dir='ltr'><strong>αὖθις.</strong></span> <span class='ocrx_word' id='word_1_717' title='bbox 911 5088 1017 5140; x_wconf 80' lang='grc' dir='ltr'><strong>Καὶ</strong></span> <span class='ocrx_word' id='word_1_718' title='bbox 1067 5088 1199 5154; x_wconf 76' lang='grc' dir='ltr'><strong>περὶ</strong></span> <span class='ocrx_word' id='word_1_719' title='bbox 1252 5090 1599 5157; x_wconf 77' lang='grc' dir='ltr'><strong>Ἐπιφανίου</strong></span> <span class='ocrx_word' id='word_1_720' title='bbox 1646 5090 1745 5142; x_wconf 78' lang='grc' dir='ltr'><strong>καὶ</strong></span> <span class='ocrx_word' id='word_1_721' title='bbox 1804 5089 1997 5142; x_wconf 79' lang='grc' dir='ltr'><strong>Ἰωάν-</strong></span> <span class='ocrx_word' id='word_1_722' title='bbox 2167 5092 2230 5146; x_wconf 86' lang='lat' dir='ltr'><strong>de</strong></span> 
     </span>
    </p>
   </div>
   <div class='ocr_carea' id='block_1_97' title="bbox 1495 5083 3256 5162">
    <p class='ocr_par' dir='ltr' id='par_1_97' title="bbox 1495 5083 3256 5162">
     <span class='ocr_line' id='line_1_97' title="bbox 1495 5083 3256 5162; baseline 0.001 -21"><span class='ocrx_word' id='word_1_723' title='bbox 1495 5090 1599 5142; x_wconf 80' lang='grc' dir='ltr'><strong>’ίου</strong></span> <span class='ocrx_word' id='word_1_724' title='bbox 1646 5090 1745 5142; x_wconf 78' lang='grc' dir='ltr'><strong>καὶ</strong></span> <span class='ocrx_word' id='word_1_725' title='bbox 1804 5089 1997 5142; x_wconf 79' lang='grc' dir='ltr'><strong>Ἰωάν-</strong></span> <span class='ocrx_word' id='word_1_726' title='bbox 2167 5092 2230 5146; x_wconf 86' lang='lat' dir='ltr'><strong>de</strong></span> <span class='ocrx_word' id='word_1_727' title='bbox 2253 5083 2462 5147; x_wconf 72' lang='lat' dir='ltr'><strong>Joanne</strong></span> <span class='ocrx_word' id='word_1_728' title='bbox 2486 5083 2535 5147; x_wconf 67' lang='lat' dir='ltr'><strong>et</strong></span> <span class='ocrx_word' id='word_1_729' title='bbox 2558 5096 2619 5147; x_wconf 87' lang='lat' dir='ltr'><strong>de</strong></span> <span class='ocrx_word' id='word_1_730' title='bbox 2654 5083 2959 5162; x_wconf 63' lang='lat' dir='ltr'><strong>Epiphanio</strong></span> <span class='ocrx_word' id='word_1_731' title='bbox 2982 5091 3256 5144; x_wconf 81' lang='lat' dir='ltr'><strong>nonnulla.</strong></span> 
     </span>
    </p>
   </div>
   <div class='ocr_carea' id='block_1_98' title="bbox 492 5174 623 5209">
    <p class='ocr_par' dir='ltr' id='par_1_98' title="bbox 492 5174 623 5209">
     <span class='ocr_line' id='line_1_98' title="bbox 492 5174 623 5209; baseline -0.008 0"><span class='ocrx_word' id='word_1_732' title='bbox 492 5174 623 5209; x_wconf 78' lang='grc' dir='ltr'><strong>νου.</strong></span> 
     </span>
    </p>
   </div>
   <div class='ocr_carea' id='block_1_99' title="bbox 503 5242 2264 5317">
    <p class='ocr_par' dir='ltr' id='par_1_99' title="bbox 503 5246 2264 5317">
     <span class='ocr_line' id='line_1_99' title="bbox 503 5246 2264 5317; baseline 0.002 -19"><span class='ocrx_word' id='word_1_733' title='bbox 503 5247 591 5299; x_wconf 84' lang='grc' dir='ltr'><strong>Ἑν</strong></span> <span class='ocrx_word' id='word_1_734' title='bbox 619 5246 791 5315; x_wconf 78' lang='grc' dir='ltr'><strong>τούτῳ</strong></span> <span class='ocrx_word' id='word_1_735' title='bbox 816 5246 870 5300; x_wconf 80' lang='grc' dir='ltr'><strong>δὲ</strong></span> <span class='ocrx_word' id='word_1_736' title='bbox 905 5246 1099 5317; x_wconf 79' lang='grc' dir='ltr'><strong>συνέϐη</strong></span> <span class='ocrx_word' id='word_1_737' title='bbox 1122 5251 1295 5302; x_wconf 80' lang='grc' dir='ltr'><strong>νοσεῖν</strong></span> <span class='ocrx_word' id='word_1_738' title='bbox 1327 5249 1420 5301; x_wconf 90' lang='grc' dir='ltr'><strong>τοῦ</strong></span> <span class='ocrx_word' id='word_1_739' title='bbox 1453 5248 1713 5317; x_wconf 83' lang='grc' dir='ltr'><strong>βασιλέως</strong></span> <span class='ocrx_word' id='word_1_740' title='bbox 1748 5249 1956 5302; x_wconf 83' lang='grc' dir='ltr'><strong>παιδίον</strong></span> <span class='ocrx_word' id='word_1_741' title='bbox 1981 5268 1994 5279; x_wconf 90' lang='grc'><strong>·</strong></span> <span class='ocrx_word' id='word_1_742' title='bbox 2168 5250 2264 5304; x_wconf 78' lang='grc' dir='ltr'><strong>Ιηι‹</strong></span> 
     </span>
    </p>
   </div>
   <div class='ocr_carea' id='block_1_100' title="bbox 1902 5242 3663 5317">
    <p class='ocr_par' dir='ltr' id='par_1_100' title="bbox 1902 5242 3663 5315">
     <span class='ocr_line' id='line_1_100' title="bbox 1902 5242 3663 5315; baseline -0.004 -14"><span class='ocrx_word' id='word_1_743' title='bbox 1902 5268 1994 5301; x_wconf 87' lang='grc' dir='ltr'><strong>ον’</strong></span> <span class='ocrx_word' id='word_1_744' title='bbox 2168 5250 2382 5305; x_wconf 91' lang='lat' dir='ltr'><strong>Interea</strong></span> <span class='ocrx_word' id='word_1_745' title='bbox 2438 5250 2642 5305; x_wconf 90' lang='lat' dir='ltr'><strong>accidit</strong></span> <span class='ocrx_word' id='word_1_746' title='bbox 2677 5258 2736 5302; x_wconf 91' lang='lat' dir='ltr'><strong>ut</strong></span> <span class='ocrx_word' id='word_1_747' title='bbox 2780 5247 3132 5315; x_wconf 84' lang='lat' dir='ltr'><strong>imperatoris</strong></span> <span class='ocrx_word' id='word_1_748' title='bbox 3173 5245 3323 5299; x_wconf 76' lang='lat' dir='ltr'><strong>[ilius</strong></span> <span class='ocrx_word' id='word_1_749' title='bbox 3370 5242 3663 5296; x_wconf 89' lang='lat' dir='ltr'><strong>admodum</strong></span> 
     </span>
    </p>
   </div>
   <div class='ocr_carea' id='block_1_101' title="bbox 423 5336 2184 5413">
    <p class='ocr_par' dir='ltr' id='par_1_101' title="bbox 423 5336 2184 5413">
     <span class='ocr_line' id='line_1_101' title="bbox 423 5336 2184 5413; baseline 0.002 -23"><span class='ocrx_word' id='word_1_750' title='bbox 423 5339 675 5409; x_wconf 83' lang='grc' dir='ltr'><strong>περιδεὴς</strong></span> <span class='ocrx_word' id='word_1_751' title='bbox 720 5340 775 5392; x_wconf 84' lang='grc' dir='ltr'><strong>δὲ</strong></span> <span class='ocrx_word' id='word_1_752' title='bbox 822 5336 957 5393; x_wconf 79' lang='grc' dir='ltr'><strong>οὖσα</strong></span> <span class='ocrx_word' id='word_1_753' title='bbox 992 5342 1031 5411; x_wconf 77' lang='grc' dir='ltr'><strong>η</strong></span> <span class='ocrx_word' id='word_1_754' title='bbox 1076 5342 1255 5411; x_wconf 87' lang='grc' dir='ltr'><strong>μήτηρ</strong></span> <span class='ocrx_word' id='word_1_755' title='bbox 1293 5343 1364 5412; x_wconf 85' lang='grc' dir='ltr'><strong>μή</strong></span> <span class='ocrx_word' id='word_1_756' title='bbox 1413 5360 1465 5395; x_wconf 89' lang='grc' dir='ltr'><strong>τι</strong></span> <span class='ocrx_word' id='word_1_757' title='bbox 1514 5343 1709 5407; x_wconf 85' lang='grc' dir='ltr'><strong>πάθοι,</strong></span> <span class='ocrx_word' id='word_1_758' title='bbox 1740 5342 2001 5413; x_wconf 75' lang='grc' dir='ltr'><strong>πέμψασα</strong></span> <span class='ocrx_word' id='word_1_759' title='bbox 2098 5357 2184 5410; x_wconf 72' lang='lat' dir='ltr'><strong>put</strong></span> 
     </span>
    </p>
   </div>
   <div class='ocr_carea' id='block_1_102' title="bbox 1921 5336 3682 5413">
    <p class='ocr_par' dir='ltr' id='par_1_102' title="bbox 1921 5337 3682 5411">
     <span class='ocr_line' id='line_1_102' title="bbox 1921 5337 3682 5411; baseline -0.003 -16"><span class='ocrx_word' id='word_1_760' title='bbox 1921 5361 2001 5395; x_wconf 83' lang='grc' dir='ltr'><strong>ισα</strong></span> <span class='ocrx_word' id='word_1_761' title='bbox 2098 5357 2237 5410; x_wconf 89' lang='lat' dir='ltr'><strong>puer</strong></span> <span class='ocrx_word' id='word_1_762' title='bbox 2274 5343 2468 5397; x_wconf 86' lang='lat' dir='ltr'><strong>morbo</strong></span> <span class='ocrx_word' id='word_1_763' title='bbox 2512 5341 2908 5411; x_wconf 90' lang='lat' dir='ltr'><strong>corriperetur.</strong></span> <span class='ocrx_word' id='word_1_764' title='bbox 2949 5339 3121 5393; x_wconf 79' lang='lat' dir='ltr'><strong>Mater</strong></span> <span class='ocrx_word' id='word_1_765' title='bbox 3153 5354 3287 5392; x_wconf 84' lang='lat' dir='ltr'><strong>vero</strong></span> <span class='ocrx_word' id='word_1_766' title='bbox 3327 5337 3563 5393; x_wconf 89' lang='lat' dir='ltr'><strong>sollicita</strong></span> <span class='ocrx_word' id='word_1_767' title='bbox 3600 5351 3682 5390; x_wconf 88' lang='lat' dir='ltr'><strong>ne-</strong></span> 
     </span>
    </p>
   </div>
   <div class='ocr_carea' id='block_1_103' title="bbox 1616 5516 2474 5573">
    <p class='ocr_par' dir='ltr' id='par_1_103' title="bbox 1616 5516 2474 5573">
     <span class='ocr_line' id='line_1_103' title="bbox 1616 5516 2474 5573; baseline 0.003 -4"><span class='ocrx_word' id='word_1_768' title='bbox 1616 5516 1885 5571; x_wconf 79' lang='lat' dir='ltr'><strong>VALESII</strong></span> <span class='ocrx_word' id='word_1_769' title='bbox 1927 5516 2474 5573; x_wconf 74' lang='lat' dir='ltr'><strong>ANNOTATIONES.</strong></span> 
     </span>
    </p>
   </div>
   <div class='ocr_carea' id='block_1_104' title="bbox 504 5712 2004 5779">
    <p class='ocr_par' dir='ltr' id='par_1_104' title="bbox 504 5712 2004 5779">
     <span class='ocr_line' id='line_1_104' title="bbox 504 5712 2004 5779; baseline 0.001 -16"><span class='ocrx_word' id='word_1_770' title='bbox 504 5713 615 5779; x_wconf 59' lang='lat'><strong>(523</strong></span> <span class='ocrx_word' id='word_1_771' title='bbox 658 5712 762 5765; x_wconf 79' lang='grc' dir='ltr'><strong>Καὶ</strong></span> <span class='ocrx_word' id='word_1_772' title='bbox 797 5712 1067 5779; x_wconf 69' lang='grc' dir='ltr'><strong>Ἰωάννης</strong></span> <span class='ocrx_word' id='word_1_773' title='bbox 1111 5712 1226 5779; x_wconf 63' lang='grc' dir='ltr'><strong>μὲν</strong></span> <span class='ocrx_word' id='word_1_774' title='bbox 1278 5715 1363 5775; x_wconf 82' lang='grc' dir='ltr'><strong>είς</strong></span> <span class='ocrx_word' id='word_1_775' title='bbox 1411 5714 1630 5766; x_wconf 75' lang='grc' dir='ltr'><strong>ταυτὸν</strong></span> <span class='ocrx_word' id='word_1_776' title='bbox 1667 5714 2004 5767; x_wconf 66' lang='grc' dir='ltr'><strong>συνελθεῖν.</strong></span> 
     </span>
    </p>
   </div>
   <div class='ocr_carea' id='block_1_105' title="bbox 450 5782 2003 5852">
    <p class='ocr_par' dir='ltr' id='par_1_105' title="bbox 450 5782 2003 5852">
     <span class='ocr_line' id='line_1_105' title="bbox 450 5782 2003 5852; baseline 0.003 -17"><span class='ocrx_word' id='word_1_777' title='bbox 450 5782 806 5836; x_wconf 86' lang='lat' dir='ltr'><strong>Scribendum</strong></span> <span class='ocrx_word' id='word_1_778' title='bbox 839 5792 920 5837; x_wconf 81' lang='lat' dir='ltr'><strong>cst</strong></span> <span class='ocrx_word' id='word_1_779' title='bbox 949 5787 1138 5850; x_wconf 81' lang='lat' dir='ltr'><strong>procul</strong></span> <span class='ocrx_word' id='word_1_780' title='bbox 1170 5784 1336 5837; x_wconf 87' lang='lat' dir='ltr'><strong>dubio</strong></span> <span class='ocrx_word' id='word_1_781' title='bbox 1366 5786 1457 5836; x_wconf 74' lang='grc' dir='ltr'><strong>καὶ</strong></span> <span class='ocrx_word' id='word_1_782' title='bbox 1498 5784 1714 5852; x_wconf 80' lang='grc' dir='ltr'><strong>Ἰωάννῃ</strong></span> <span class='ocrx_word' id='word_1_783' title='bbox 1744 5786 1860 5851; x_wconf 78' lang='grc' dir='ltr'><strong>μὲν,</strong></span> <span class='ocrx_word' id='word_1_784' title='bbox 1898 5797 2003 5839; x_wconf 81' lang='lat' dir='ltr'><strong>etc.</strong></span> 
     </span>
    </p>
   </div>
   <div class='ocr_carea' id='block_1_106' title="bbox 443 5849 1988 5920">
    <p class='ocr_par' dir='ltr' id='par_1_106' title="bbox 443 5849 1988 5920">
     <span class='ocr_line' id='line_1_106' title="bbox 443 5849 1988 5920; baseline 0.001 -13"><span class='ocrx_word' id='word_1_785' title='bbox 443 5852 725 5920; x_wconf 74' lang='lat' dir='ltr'><strong>Quomodo</strong></span> <span class='ocrx_word' id='word_1_786' title='bbox 756 5866 917 5907; x_wconf 74' lang='lat' dir='ltr'><strong>etiam</strong></span> <span class='ocrx_word' id='word_1_787' title='bbox 952 5849 1191 5907; x_wconf 79' lang='lat' dir='ltr'><strong>Savilius</strong></span> <span class='ocrx_word' id='word_1_788' title='bbox 1229 5856 1283 5907; x_wconf 88' lang='lat' dir='ltr'><strong>iu</strong></span> <span class='ocrx_word' id='word_1_789' title='bbox 1317 5871 1416 5908; x_wconf 85' lang='lat' dir='ltr'><strong>suo</strong></span> <span class='ocrx_word' id='word_1_790' title='bbox 1448 5849 1635 5909; x_wconf 75' lang='lat' dir='ltr'><strong>codice</strong></span> <span class='ocrx_word' id='word_1_791' title='bbox 1665 5849 1988 5909; x_wconf 76' lang='lat' dir='ltr'><strong>emendavit.</strong></span> 
     </span>
    </p>
   </div>
   <div class='ocr_carea' id='block_1_107' title="bbox 2110 5708 3671 5784">
    <p class='ocr_par' dir='ltr' id='par_1_107' title="bbox 2110 5708 3671 5784">
     <span class='ocr_line' id='line_1_107' title="bbox 2110 5708 3671 5784; baseline -0.004 -13"><span class='ocrx_word' id='word_1_792' title='bbox 2110 5716 2213 5772; x_wconf 89' lang='lat' dir='ltr'><strong>Sed</strong></span> <span class='ocrx_word' id='word_1_793' title='bbox 2251 5727 2304 5771; x_wconf 82' lang='lat' dir='ltr'><strong>et</strong></span> <span class='ocrx_word' id='word_1_794' title='bbox 2352 5715 2717 5784; x_wconf 82' lang='lat' dir='ltr'><strong>Nicephorum</strong></span> <span class='ocrx_word' id='word_1_795' title='bbox 2766 5714 2837 5767; x_wconf 90' lang='lat' dir='ltr'><strong>ita</strong></span> <span class='ocrx_word' id='word_1_796' title='bbox 2890 5712 2944 5766; x_wconf 92' lang='lat' dir='ltr'><strong>in</strong></span> <span class='ocrx_word' id='word_1_797' title='bbox 2996 5710 3301 5767; x_wconf 89' lang='lat' dir='ltr'><strong>Sozomeno</strong></span> <span class='ocrx_word' id='word_1_798' title='bbox 3348 5708 3544 5781; x_wconf 86' lang='lat' dir='ltr'><strong>legisse</strong></span> <span class='ocrx_word' id='word_1_799' title='bbox 3571 5724 3671 5781; x_wconf 84' lang='lat' dir='ltr'><strong>ap-</strong></span> 
     </span>
    </p>
   </div>
   <div class='ocr_carea' id='block_1_108' title="bbox 2107 5786 2941 5856">
    <p class='ocr_par' dir='ltr' id='par_1_108' title="bbox 2107 5786 2941 5856">
     <span class='ocr_line' id='line_1_108' title="bbox 2107 5786 2941 5856; baseline -0.005 -15"><span class='ocrx_word' id='word_1_800' title='bbox 2107 5799 2258 5855; x_wconf 88' lang='lat' dir='ltr'><strong>paret</strong></span> <span class='ocrx_word' id='word_1_801' title='bbox 2300 5804 2365 5843; x_wconf 79' lang='lat' dir='ltr'><strong>cx</strong></span> <span class='ocrx_word' id='word_1_802' title='bbox 2408 5802 2530 5856; x_wconf 79' lang='lat' dir='ltr'><strong>cap.</strong></span> <span class='ocrx_word' id='word_1_803' title='bbox 2568 5787 2651 5853; x_wconf 84' lang='grc'><strong>15,</strong></span> <span class='ocrx_word' id='word_1_804' title='bbox 2688 5786 2781 5839; x_wconf 90' lang='lat' dir='ltr'><strong>lib.</strong></span> <span class='ocrx_word' id='word_1_805' title='bbox 2817 5799 2941 5838; x_wconf 81' lang='lat' dir='ltr'><strong>xm.</strong></span> 
     </span>
    </p>
   </div>
  </div>
