4460 6634
775 511 909 571 ιὺδδ
2158 423 2558 564 ἐιηωιιῧΝι
3899 516 4040 572 ,δεῖ

776 628 906 698 quid
941 627 1155 682 tristius
1188 627 1237 682 ei
1277 628 1642 699 contingeret,
1673 628 1842 685 misso
1868 606 1932 684 ad
1963 625 2312 698 Epiphanium
2342 624 2389 684 Α

2253 637 2312 678 ιω
2342 624 2389 684 Δ
2606 590 2969 703 ἒΕπιφάνιον,
3006 631 3169 686 ἐδεῖτο
3199 631 3452 703 εὔχεσθαι
3483 633 3623 702 ὑπὲρ
3645 630 3828 686 αὑτοῦ.
3864 632 3922 685 '0
3954 633 4014 692 δι

778 691 992 782 nuntio,
1046 726 1101 773 ut
1147 733 1249 790 pro
1283 718 1379 774 illo
1427 691 1598 775 Deum
1630 691 1964 791 precaretur
2010 691 2321 792 postulavit.
2437 691 2539 771 ζή(

2276 725 2321 772 .t.
2437 691 2704 771 ζήσεσθαι
2747 691 2851 771 τὸν
2883 691 3151 794 κάμνοντα
3174 691 3457 794 ὑπέσχετο,
3479 725 3528 776 εί
3559 691 3685 787 τοὺς
3713 723 3856 792 ἀμφὶ
3883 691 4037 778 Διόσ-

781 810 876 866 llle
909 825 1139 881 puerum
1186 811 1459 866 victurum
1501 826 1625 867 esse
1671 813 1975 884 respondit,
2015 814 2060 868 si
2094 812 2335 883 Augusta
2437 806 2542 868 κοέ

2275 818 2335 864 ,ιιι
2437 806 2604 868 κορον
2637 805 2957 879 αἱρετικοὺς
2999 812 3156 877 ὄντας
3203 813 3600 884 ἀποστραφείη.
3631 815 3696 867 Ἡ
3725 814 3782 868 δὲ
3807 814 4036 885 βασιλὶς,

782 905 1074 960 haereticos
1126 904 1220 975 qui
1273 919 1397 958 cum
1457 903 1724 960 Dioscoro
1770 915 1925 961 erant
1977 912 2340 961 aversaretur.
2444 897 2528 955 Τὸ

2276 919 2340 958 tr.
2444 897 2528 955 Τὸ
2563 894 2869 974 ὲμδνέφη,
2901 904 3131 970 παιδίον,
3167 906 3280 973 εῖγε
3305 905 3449 958 δοκεῖ
3467 905 3545 976 τῷ
3583 905 3701 976 Θεῷ
3723 905 4037 976 λαμϐάνειν,

782 993 983 1051 Verum
1011 995 1258 1066 Augusta
1289 1014 1302 1050 :
1326 1013 1344 1047 ι
1367 995 1422 1050 Si
1452 994 1619 1063 Deus,
1643 1016 1662 1049 ι
1697 996 1896 1066 inquit,
1921 1017 1939 1050 ι
1967 997 2138 1052 filium
2171 1011 2348 1052 meum
2450 991 2543 1048 ταί

2276 1011 2348 1050 tm
2450 990 2626 1067 ταύτῃ
2672 994 2832 1053 ἔστω.
2883 997 3085 1067 Κύριος
3120 997 3228 1068 γὰρ
3260 999 3287 1050 ὁ
3327 998 3470 1061 δοὺς,
3505 999 3668 1052 πάλιν
3705 1000 4037 1070 ἀφαιρεῖται.

782 1086 996 1156 eripere
1035 1086 1169 1142 mihi
1205 1086 1465 1151 voluerit,
1503 1088 1578 1142 ita
1612 1087 1722 1144 fiat.
1755 1087 2023 1145 Dominus
2060 1089 2208 1143 enim
2260 1088 2352 1157 qui
2456 1085 2543 1138 At’r

2280 1088 2352 1157 lui
2456 1085 2626 1148 Αὐτὸς
2663 1086 2722 1139 δὲ
2754 1086 2912 1157 εἴπερ
2951 1081 3060 1151 οἷός
3099 1104 3160 1140 τε
3210 1082 3278 1158 ἦς
3313 1090 3540 1159 νεκροὺς
3573 1089 3908 1162 ἀνεγείρειν,
3941 1091 4041 1144 οὐκ

783 1174 956 1238 dedit,
983 1174 1127 1230 idem
1157 1181 1211 1230 et
1238 1175 1436 1232 aufert.
1471 1177 1626 1243 Quod
1658 1179 1703 1234 si
1737 1187 1793 1233 tu
1824 1192 2074 1236 mortuos
2097 1178 2162 1234 ad
2193 1179 2358 1233 vitam

784 1279 1046 1321 revocare
1075 1280 1302 1336 posses,
1335 1275 1590 1324 mortuus
1621 1285 1732 1324 non
1755 1280 1900 1326 esset
1925 1270 2354 1326 archidiaconus

785 1364 934 1411 tuus.
961 1375 980 1409 ι
1020 1355 1228 1413 Etenim
1257 1359 1404 1414 haud
1444 1361 1618 1415 multo
1657 1369 1818 1417 antea
1847 1377 1877 1417 e
1923 1361 2061 1416 vivis
2101 1377 2361 1418 excesse-

784 1456 871 1501 rat
913 1447 1151 1519 Crispio,
1185 1449 1356 1506 frater
1400 1450 1674 1508 Fusconis
1716 1462 1770 1508 et
1816 1452 2126 1510 Salamanis
2171 1468 2364 1509 mona-

786 1539 1041 1605 chorum,
1071 1555 1305 1611 quorum
1339 1545 1669 1599 mentionem
1697 1545 1948 1612 fecimus,
1984 1561 2109 1600 cum
2140 1560 2229 1602 res
2259 1543 2366 1599 Va-

787 1631 953 1687 lentis
973 1633 1206 1705 Augusti
1226 1636 1566 1706 temporibus
1588 1645 1774 1707 gestas
1797 1636 2148 1702 referremus,
2192 1652 2354 1708 quem

786 1721 1128 1794 Epiphanius
1158 1740 1282 1780 cum
1314 1728 1770 1784 contubernalem
1810 1729 2062 1796 haberet,
2095 1728 2370 1784 archidia-

783 1831 991 1872 conum
1036 1832 1199 1873 suum
1236 1821 1625 1876 constituerat.
1655 1821 1983 1878 Ammonius
2026 1837 2160 1878 vero
2186 1830 2242 1878 et
2275 1818 2369 1892 qui

785 1923 915 1963 cum
942 1910 1036 1965 illo
1059 1922 1238 1976 erant,
1274 1911 1644 1982 Epiphanium
1673 1915 1960 1982 adierunt;
1992 1915 2043 1970 id
2076 1915 2224 1970 enim
2257 1915 2365 1984 ipsi

2459 1175 2526 1230 ἂν
2554 1177 2582 1230 ὁ
2630 1177 2720 1240 σὸς
2753 1177 3124 1248 ἀρχιδιάκονος
3165 1179 3434 1249 τεθνήκει.
3476 1182 3677 1252 Ἔτυχε
3707 1181 3816 1253 γὰρ
3846 1183 3907 1236 οὐ
3935 1183 4046 1254 πρὸ

2464 1267 2661 1321 πολλοῦ
2691 1267 3018 1333 τελευτήσας
3050 1271 3336 1340 Κρισπίων
3355 1312 3370 1335 ,
3411 1271 3471 1326 ὃν
3501 1273 3726 1342 ἀδελφὺν
3753 1274 3880 1327 ὅντα
3909 1272 4044 1327 Φού-

2467 1377 2671 1426 σκωνος
2713 1363 2807 1416 καὶ
2836 1363 3151 1434 Σαλαμάνου
3183 1363 3294 1433 (55)
3347 1364 3454 1419 τῶν
3498 1365 3590 1418 ἐπὶ
3627 1365 3922 1429 Οὐάλεντος
3951 1366 4047 1437 δη-

2466 1453 2742 1508 λωθέντων
2805 1456 3052 1526 μοναχῶν
3074 1496 3089 1522 ,
3139 1455 3386 1516 σύνοικον
3444 1457 3583 1527 ἔχων
3611 1498 3626 1523 ,
3671 1457 4047 1529 ἀρχιδιάκονον

2468 1543 2645 1615 ἐαυτῷ
2668 1545 3016 1616 κατέστησεν.
3041 1548 3102 1600 Ol
3135 1546 3191 1600 δέ
3223 1547 3352 1620 περὶ
3395 1546 3704 1619 Ἀμμώνιον
3729 1548 3906 1618 (τοῦτο
3935 1549 4043 1620 γὰρ

2470 1637 2604 1708 αὐτῇ
2624 1638 2689 1707 τῇ
2714 1635 2942 1706 βασιλίδι
2963 1637 3177 1710 ἐδόκει),
3197 1639 3331 1711 πρὸς
3347 1639 3657 1707 Ἐπιφάνιον
3676 1635 3858 1710 ἦλθον.
3878 1639 4046 1693 Πυθο-

2477 1729 2639 1800 μένου
2674 1729 2733 1782 δὲ
2762 1728 2927 1784 αὐτοῦ
2959 1730 3103 1795 τίνες
3142 1727 3270 1798 εἷεν,
3297 1731 3580 1786 ὑπολαϐὼν
3621 1731 3950 1803 Ἀμμώνιος,
3981 1734 4042 1786 οι

2472 1820 2719 1890 Μακροὶ,
2751 1819 2886 1891 ἔφη,
2920 1815 2964 1874 ὧ
3004 1823 3206 1894 Πάτερ.
3252 1823 3389 1876 Ἀλλ’
3416 1825 3464 1877 εί
3512 1822 3731 1877 πώποτε
3781 1823 4048 1894 μαθηταῖς

2475 1910 2812 1981 ἡμετέροιςῆ
2843 1913 3212 1983 συντάγμασιν
3244 1913 3694 1985 ἐνέτυχες,ήδέως
3723 1912 4041 1984 ἐμάνθανον.

761 2014 1011 2086 quoque
1059 2001 1320 2072 Augustae
1374 2003 1679 2073 placuerat.
1723 2006 1974 2075 Cumque
2022 2005 2362 2077 Epiphanius
2395 1989 2436 2043 Β
2466 2003 2522 2054 Τ‹

2284 2008 2362 2062 ius
2395 1989 2436 2043 Β
2466 2002 2571 2056 Τοῦ
2599 2003 2653 2056 δὲ
2684 2004 3084 2074 ἀποφήσαντος,
3118 2006 3277 2058 πάλιν
3307 2007 3488 2076 ἤρετο·
3520 2007 3690 2060 Πόθεν
3719 2001 3812 2059 οὖν
3843 2007 4045 2076 αἱρετι-

786 2090 1186 2163 interrogasset
1207 2094 1432 2166 quinam
1455 2104 1661 2158 essent,
1687 2097 1972 2167 respondit
1991 2097 2320 2153 Ammonius
2347 2117 2360 2153 :

788 2181 964 2254 Longi
989 2199 1201 2250 sumus,
1229 2199 1262 2240 o
1292 2185 1472 2242 Pater.
1503 2185 1610 2241 Sed
1639 2188 1871 2243 libenter
1896 2188 2151 2259 equidem
2183 2189 2364 2244 disce-

789 2289 928 2340 rem,
973 2286 1152 2332 utrum
1196 2279 1494 2350 aliquando
1523 2281 1576 2334 in
1621 2281 1926 2353 discipulos
1974 2289 2069 2336 aut
2107 2283 2162 2337 in
2193 2282 2364 2339 libros

791 2373 1014 2420 nostros
1067 2367 1350 2424 incideris.
1396 2368 1494 2426 lllo
1545 2379 1809 2442 negante,
1866 2373 2061 2427 iterum
2115 2372 2367 2442 quaesivit

792 2457 1117 2512 Ammonius
1148 2479 1162 2514 :
1195 2459 1348 2516 Unde
1389 2477 1521 2533 ergo
1556 2463 1851 2520 haereticos
1895 2464 2022 2519 illos
2062 2479 2184 2519 esse
2216 2463 2353 2535 judi-

792 2551 954 2618 easti,
994 2553 1088 2622 qui
1124 2555 1336 2608 nullum
1369 2554 1541 2611 babes
1575 2567 1960 2627 argumentum
1995 2574 2105 2628 quo
2142 2567 2366 2614 senten-

795 2646 926 2696 tiam
973 2645 1193 2701 illorum
1240 2649 1422 2716 possis
1461 2650 1828 2706 convincere?
1869 2652 1935 2705 Et
1968 2667 2095 2706 cum
2131 2652 2366 2722 Epipha-

795 2737 921 2792 nius
955 2737 1179 2804 diceret,
1209 2740 1262 2794 id
1295 2757 1355 2796 se
1380 2741 1571 2796 auditu
1606 2745 1886 2812 accepisse
1917 2762 1930 2798 :
1964 2743 2076 2799 Nos
2101 2760 2255 2809 vero,
2287 2745 2366 2798 ait

794 2829 1141 2896 Ammonius,
1172 2832 1330 2900 plane
1357 2833 1697 2888 contrarium
1729 2836 1978 2890 fecimus.
2009 2834 2144 2887 Nam
2163 2843 2216 2890 et
2246 2835 2365 2891 dis-

796 2908 1165 2990 cipulos—tuos
1211 2940 1584 2994 swpenumero
1621 2925 1861 2981 vidimus
1911 2933 1964 2979 ct
2019 2926 2188 2980 libros
2235 2941 2358 2996 per-

799 3013 1031 3085 legimus
1063 3034 1077 3070 :
1109 3031 1173 3070 ex
1213 3018 1417 3087 quibus
1465 3033 1605 3072 unus
1656 3027 1744 3073 est
1791 3017 1882 3088 qui
1931 3019 2244 3072 Ancoratus
2283 3018 2368 3073 in-

2467 2095 2598 2158 κοὺς
2629 2090 2769 2150 εἶναι
2796 2097 2934 2165 σφᾶς
2959 2097 3269 2168 νενόμικας,
3307 2098 3510 2168 μηδένα
3538 2097 3754 2168 ἔλεγχον
3782 2097 3920 2166 ἔχων
3949 2099 4048 2167 τῆς

2463 2187 2641 2241 αὐτῶν
2676 2187 2927 2260 γνώμηςς
2973 2189 3290 2258 Ἀκηκοέναι
3323 2190 3379 2241 δὲ
3424 2189 3740 2259 Ἑπιφανίου
3773 2189 4044 2262 λέγοντος,

2475 2279 2664 2348 Ἡμεῖς
2690 2280 2768 2345 δὲ,
2807 2279 2944 2350 ἔφη,
2973 2281 3082 2333 πᾶν
3109 2280 3414 2334 τούναντίον
3454 2279 3804 2350 πεπόνθαμεν
3823 2295 3836 2308 ·
3869 2263 4046 2350 μαθη-

2462 2376 2582 2436 ταῖς
2617 2374 2726 2445 γὰρ
2750 2377 2862 2438 σοῖς
2899 2374 3258 2446 συνετύχομεν
3279 2373 3537 2438 πολλάκις
3563 2373 3657 2428 καὶ
3681 2373 4049 2443 συγγράμμα-

2466 2482 2550 2518 σιν
2582 2481 2595 2495 °
2626 2457 2701 2519 ὧν
2738 2465 2913 2519 ἐκεῖνό
2945 2466 3008 2534 γέ
3045 2467 3192 2519 ἐστιν
3223 2466 3251 2518 ὃ
3291 2466 3391 2536 τὴν
3424 2465 3736 2536 ἐπιγραφὴν
3771 2465 4052 2533 ’Δγκυρω-

2462 2557 2553 2622 τὸς
2591 2557 2732 2630 ἔχον.
2759 2557 3104 2629 Βουλομένων
3142 2575 3202 2612 τε
3227 2558 3438 2612 πολλῶν
3464 2558 3820 2629 λοιδορεῖσθαι
3846 2556 3941 2637 καὶ
3969 2556 4048 2618 ὡς

2464 2650 2737 2721 αἱρετικὸν
2779 2650 3085 2704 διαϐάλλειν
3106 2690 3122 2715 ,
3162 2649 3682 2722 ὑπερηγωνιζόμεθα
3709 2689 3724 2714 ,
3753 2649 3829 2712 ὡς
3875 2646 4049 2719 εἰκὸς,

2465 2741 2702 2812 πατρὸς,
2749 2742 2843 2796 καὶ
2882 2741 3456 2813 ύπεραπελογούμεθα.
3504 2741 3711 2794 Οὔκουν
3768 2739 3935 2810 ἐχρῆν
3988 2735 4052 2802 ἐξ

2465 2833 2630 2904 ἀκοῆς
2682 2835 2894 2904 ἐρήμην
2928 2834 3310 2897 καταδικάζειν
3330 2873 3344 2898 ,
3369 2827 3444 2887 ὧν
3482 2835 3581 2886 οὒκ
3612 2831 3773 2895 αὐτὸς
3810 2828 4055 2891 πεισθεὶς

2467 2928 2740 2996 κατέγνως
2768 2927 3037 3002 (54),οῠτε
3066 2926 3318 2996 τοιαύτην
3357 2925 3588 2996 ἀμοιϐὴν
3627 2927 3740 2986 τοῖς
3773 2917 3831 2976 εὖ
3861 2921 4050 2990 λέγου-

2471 3036 2553 3073 σιν
2596 3018 2907 3073 ἀποδοῦναι.
2941 3020 2999 3073 'O
3029 3020 3086 3073 δὲ
3111 3019 3443 3088 Ἐπιφάνιος,
3465 3018 3586 3072 τότε
3622 3016 3720 3087 μὲν
3757 3012 4055 3086 μετριώτεε-

798 3109 1083 3164 scribitur.
1127 3109 1373 3180 Cumque
1414 3112 1567 3165 multi
1600 3111 1914 3182 vituperare
1942 3118 1995 3167 te
2022 3119 2078 3166 et
2111 3121 2368 3181 tanquam
2473 3126 2559 3181 ρον

2294 3125 2368 3165 tm
2473 3126 2562 3181 ρον
2587 3108 3348 3179 προσδιαλεχθεὶς,ἀπέπεμπε
3375 3109 3499 3170 τοὺς
3528 3106 3744 3176 ἄνδρας.
3771 3105 3844 3158 Οὐ
3873 3099 4055 3173 πολλῷ

799 3198 1116 3254 ltreretieum
1155 3201 1482 3256 calumniari
1537 3202 1756 3267 vellent,
1791 3217 1892 3257 nos
1935 3217 2033 3276 pro
2077 3210 2254 3272 patre,
2288 3203 2369 3257 uti
2469 3202 2560 3256 δὲῐ

2289 3203 2369 3257 uti
2469 3202 2526 3256 δὲ
2551 3201 2773 3272 ὕστερον
2805 3201 3142 3256 ἀπέπλευσεν
3169 3205 3249 3266 είς
3277 3202 3500 3273 Κύπρον
3528 3217 3540 3230 ·
3567 3200 3600 3271 ἢ
3631 3201 3726 3270 τῆς
3757 3197 3850 3251 ἐπὶ
3893 3199 4050 3250 Κωνε

800 3303 900 3358 par
920 3301 1053 3357 erat,
1085 3293 1550 3362 propugnavimus
1572 3300 1627 3348 et
1658 3308 1840 3348 causae
1867 3303 1971 3348 tua:
1995 3292 2369 3349 defensionem
2399 3333 2442 3393 ο
2475 3311 2561 3347 ora

2290 3309 2369 3349 em
2399 3333 2442 3393 c
2475 3295 2961 3355 σταντινουπόλεως
3019 3293 3253 3363 ἀφίξεως
3307 3292 3608 3360 καταγνούς
3643 3291 3718 3360 ’ἢ
3766 3287 3862 3343 τοῦ
3915 3284 4051 3340 Θεοῦ

801 3383 1172 3452 suscepimus.
1202 3383 1440 3440 Proinde
1465 3401 1568 3440 nec
1601 3395 1658 3440 tu
1688 3401 1755 3440 ex
1783 3386 1904 3440 solo
1943 3386 2134 3440 auditu
2178 3388 2375 3441 abscn-
2402 3377 2442 3393 ν
2474 3389 2562 3456 χρὶ

2292 3402 2375 3441 :n-
2402 3377 2442 3393 ν
2474 3387 2776 3456 χρήσαντος
2802 3427 2815 3450 ,
2847 3387 2942 3440 καὶ
2986 3386 3076 3439 τὸν
3106 3385 3269 3438 αὐτοῦ
3302 3385 3528 3438 θάνατον
3549 3425 3562 3448 ,
3593 3384 3669 3446 ὡς
3713 3381 3878 3446 εἰκὸς,
3905 3377 4053 3448 αύτῷ

802 3481 884 3529 tes
930 3474 1191 3531 damnare
1241 3477 1503 3541 debuisti,
1547 3494 1686 3548 quos
1739 3493 2086 3548 nequaquam
2144 3490 2203 3532 tu
2258 3480 2376 3549 ipse
2477 3496 2563 3549 πρ‹

2292 3495 2376 3549 pse
2477 3479 2942 3549 προμηνύσαντος.
2984 3478 3168 3531 Πλέων
3199 3477 3328 3549 γὰρ,
3369 3477 3498 3548 πρὶν
3527 3479 3604 3538 εἰς
3634 3475 3860 3544 Κύπρον
3881 3471 4053 3524 ἐλθεῖν

800 3569 968 3623 certis
1007 3571 1344 3638 argumentis
1393 3571 1652 3626 inductus
1705 3572 2023 3626 conviceras
2051 3589 2066 3637 ;
2098 3587 2201 3626 nec
2229 3569 2377 3642 ejus-
2475 3570 2561 3621 ὲτε

2296 3588 2377 3626 ts-
2475 3568 2811 3639 ἐτελεύτησε.
2845 3569 3078 3636 Λέγεται
3110 3567 3236 3636 γοῢν
3262 3569 3375 3629 τοῖς
3403 3565 3549 3635 αὐτῷ
3579 3562 3917 3616 συνελθοῦσιν
3943 3563 4057 3612 ἐπι-

802 3660 948 3713 modi
994 3661 1224 3730 gratiam
1275 3661 1482 3718 referre
1531 3661 1912 3719 laudatoribus
1949 3663 2080 3718 tuis.
2123 3662 2376 3718 Posthaec
2479 3663 2563 3712 σκέ

2297 3678 2376 3718 sec
2479 3661 2701 3723 σκόποις
2739 3661 2828 3712 ἐπὶ
2862 3661 3136 3714 θάλασσαν
3166 3662 3339 3713 εἰπεῖν
3359 3699 3372 3722 ,
3411 3658 3618 3728 μέλλων
3642 3655 3938 3708 ἐπιϐαίνειν
3959 3649 4054 3704 τοῦ

801 3750 1144 3822 Epiphanius
1195 3754 1377 3810 lenius
1417 3769 1514 3810 eos
1560 3755 1858 3819 allocutus,
1899 3764 2010 3807 tum
2061 3753 2281 3824 quidem
2308 3755 2376 3810 ab
2479 3767 2562 3805 σκι

2308 3755 2376 3810 ab
2479 3749 2718 3819 σκάφους
2737 3767 2748 3780 ·
2777 3749 3002 3821 Ἀφίημι
3028 3750 3154 3820 ὑμῖν
3184 3751 3282 3819 τὴν
3306 3748 3455 3801 πόλιν
3473 3747 3567 3801 καὶ
3588 3747 3655 3800 τὰ
3681 3744 3945 3815 βασίλεια,
3964 3743 4058 3795 καί

805 3861 863 3899 se
894 3846 1121 3899 dimisit.
1155 3846 1310 3901 Brevi
1337 3855 1518 3900 autem
1545 3847 1830 3917 interjecto
1850 3846 2113 3917 tempore,
2136 3847 2373 3918 Cyprum

803 3937 1084 4006 navigavit
1121 3955 1134 3991 :
1168 3953 1263 3992 seu
1319 3937 1468 4008 quod
1519 3939 2141 4007 Conmantinopolitanze
2197 3937 2376 4008 profe-

802 4029 1003 4085 ctionis
1047 4030 1222 4098 ipsum
1262 4031 1584 4100 paeniteret;
1629 4047 1725 4086 seu
1766 4031 1912 4100 quod
1961 4029 2104 4085 Deus
2150 4031 2375 4085 oraculo

805 4119 982 4188 ipsum
1029 4121 1424 4184 admonuisset,
1468 4130 1809 4192 mortemque
1849 4119 1950 4190 ipsi
1987 4135 2165 4184 suam,
2201 4129 2260 4173 ut
2291 4136 2382 4174 ve-

805 4213 1032 4266 risimile
1060 4221 1163 4281 est,
1189 4215 1608 4284 praenuntiasset
1640 4215 1679 4270 ¹.
1711 4214 1846 4267 Dum
1896 4213 2038 4267 enim
2077 4212 2378 4282 navigaret,

809 4307 1127 4375 priusquam
1160 4308 1462 4377 appulisset
1495 4309 1548 4362 in
1577 4308 1835 4379 Cyprum,
1865 4304 1976 4360 fato
2019 4303 2182 4374 346
2210 4305 2382 4358 inter-

807 4406 997 4467 ceptus
1053 4409 1158 4454 est.
1214 4401 1482 4456 Caeterum
1535 4415 1661 4456 cum
1720 4413 1913 4452 navem
1969 4411 2379 4451 conscensurus

2476 3841 2576 3910 τὴν
2607 3842 2912 3911 ὑπόκρισιν.
2962 3839 3101 3908 Ἐγὼ
3135 3841 3190 3893 δὲ
3241 3841 3434 3908 ἄπειμι
3459 3855 3470 3866 ⁸
3499 3837 3712 3890 σπεύδω
3753 3836 3880 3905 γὰρ,
3913 3834 4055 3888 πάνυ

2480 3933 2713 3988 σπεύδω.
2746 3933 3008 3985 Κὰκεῖνον
3033 3931 3087 3983 δὲ
3126 3931 3290 3984 εἰσέτι
3321 3929 3416 3984 νῦν
3464 3928 3670 3982 πολλῶν
3698 3928 3826 3979 ὄντα
3857 3927 3948 3979 τὸν
3971 3925 4056 3978 λόο

2485 4042 2578 4093 γον
2613 4023 2930 4094 ἐπυθόμην,
2963 4023 3038 4086 ὡς
3082 4021 3378 4092 Ἑπιφανίῳ
3423 4020 3520 4091 μὲν
3557 4018 3806 4087 Ἰωάννης
3853 4017 3952 4084 τὴν
3996 4017 4055 4068 ἐν

2485 4118 2548 4186 τῇ
2585 4114 2822 4185 θαλάσσῃ
2849 4113 3104 4183 τελευτὴν
3132 4113 3508 4183 προεμήνυσεν
3529 4126 3542 4140 ο
3563 4111 3590 4162 6
3614 4108 3669 4162 δὲ
3686 4148 3700 4172 ,
3727 4107 3936 4176 ἐκείνῳ,
3956 4106 4054 4175 τῆς

2485 4207 2789 4276 ἐπισκοπῆς
2817 4205 2915 4277 τὴν
2958 4204 3292 4277 καθαίρεσιν.
3329 4205 3416 4256 Ἐν
3449 4196 3492 4266 ᾧ
3537 4201 3644 4273 γὰρ
3674 4200 3998 4268 διεφέροντο,
4025 4199 4055 4250 ὁ

2488 4301 2584 4371 μὲν
2612 4299 2876 4371 ἐδήλωσεν
2905 4299 3122 4369 Ἰωάννῃ
3145 4315 3156 4328 '
3185 4295 3416 4359 Ἐλπίζω
3436 4295 3494 4348 σὲ
3528 4293 3602 4365 μὴ
3629 4291 3915 4346 ἀποθανεῖν
3937 4290 4052 4344 ἐπί-

2487 4410 2704 4446 σκοπον.
2734 4393 2790 4445 '0
2819 4393 2876 4446 δὲ
2918 4392 3168 4462 Ἰωάννης
3194 4389 3478 4459 ἀντεδήλου
3507 4405 3521 4418 ·
3551 4386 3683 4439 Οὐδὲ
3707 4383 3817 4454 ἐγὼ
3855 4383 3914 4436 σὲ
3953 4381 4054 4452 τῆς

805 4496 971 4551 esset,
1001 4490 1276 4560 episcopis
1313 4492 1408 4560 qui
1456 4491 1634 4560 ipsum
1665 4487 1731 4543 ad
1776 4489 1927 4540 littus
1973 4499 2148 4554 usque
2186 4499 2377 4554 prose-
2410 4480 2453 4534 D
2481 4484 2566 4554 σῆς

1456 4491 1634 4560 ipsum
1665 4487 1731 4543 ad
1776 4489 1927 4540 littus
1973 4499 2148 4554 usque
2186 4499 2377 4554 prose-
2410 4480 2453 4534 D
2481 4484 2580 4554 σῆς
2608 4483 2964 4556 ἐπιϐήσεσθαι
2987 4483 3213 4546 πόλεως.

806 4582 916 4636 cuti
956 4581 1197 4647 fuerant,
1234 4585 1440 4639 dixisse
1472 4585 1645 4640 fertur
1677 4603 1688 4638 :
1725 4581 1924 4637 Urbem
1953 4582 2109 4635 vobis
2139 4592 2193 4636 et
2220 4580 2502 4650 palatium,
2535 4589 2589 4636 et.
2629 4597 2850 4638 scenam
2922 4581 3196 4651 relinquo.
3267 4578 3380 4648 Ego
3426 4591 3556 4633 vero
3629 4572 3862 4628 abscedo
3892 4590 3906 4625 :
3972 4569 4054 4625 fe-

808 4674 956 4728 stino
1000 4675 1146 4729 enim
1213 4685 1266 4729 et
1327 4673 1544 4744 quidem
1620 4674 1796 4727 valde.
1857 4671 2017 4724 Aliud
2059 4677 2321 4739 praeterea
2356 4671 2634 4741 quidpiam
2684 4671 2888 4735 audivi,
2935 4672 3080 4741 quod
3126 4672 3422 4727 multorum
3473 4665 3818 4722 sermonibus
3862 4662 4054 4718 etiam-

810 4781 938 4818 num
990 4767 1416 4834 circumfertur;
1475 4766 1739 4823 Joannem
1797 4765 2013 4833 quidem
2071 4761 2374 4831 Epiphanio
2413 4764 2757 4834 praedixisse,
2791 4765 2942 4818 illum
2984 4764 3040 4818 in
3083 4765 3431 4833 navigatione
3494 4777 3620 4816 esse
3683 4755 4049 4811 moriturum;

816 4862 1184 4931 Epiphanium
1221 4869 1402 4915 autem
1437 4863 1835 4931 praznuntiasse
1867 4855 2060 4911 Joanni
2099 4856 2498 4911 abdicationem
2573 4859 2951 4927 cpiSCOpatus.
3023 4855 3155 4909 Nam
3208 4857 3336 4910 dum
3408 4855 3555 4908 inter
3595 4868 3654 4908 se
3698 4851 4051 4912 dissiderent,

812 4953 1151 5023 Epiphanius
1209 4953 1430 5023 quidem
1491 4953 1689 5009 Joanni
1756 4952 2049 5024 scripsisse
2088 4951 2315 5006 'dicitur
2355 4967 2369 5004 :
2414 4951 2583 5022 Spero
2615 4963 2666 5006 te
2743 4952 3454 5022 nequaquamepiscopum
3505 4963 3629 5004 esse
3697 4946 4046 5002 moriturum.

808 5047 1050 5102 Joannes
1084 5063 1215 5102 vero
1250 5048 1533 5119 rescripsit
1567 5049 1869 5122 Epiphanio
1899 5071 1911 5107 :
1941 5051 2050 5108 Nec
2081 5065 2181 5122 ego
2211 5065 2372 5119 spero
2415 5057 2466 5104 te
2497 5049 2550 5103 in
2582 5050 2772 5104 urbem
2815 5057 2962 5102 tuam
2997 5049 3377 5118 ingressurum
3410 5058 3554 5098 esse.

881 5231 899 5263 ¹
922 5230 1048 5286 Soc.
1083 5231 1178 5286 lib.
1203 5245 1279 5299 vr,
1308 5247 1428 5302 cap.
1463 5233 1541 5286 M.

1989 5417 2255 5474 VALESH
2299 5416 2840 5474 ANNOTATIONES.

886 5577 996 5654 (55)
1027 5577 1134 5630 Kal
1160 5577 1463 5654 Egldpov.
1496 5578 1584 5634 Sic
1609 5582 2065 5654 etiatt‘Lscribitur
2101 5583 2243 5654 apud
2279 5581 2375 5638 Ni-

815 5650 1132 5723 cephorum.
1199 5647 1422 5723 ‘ferumA
1451 5650 1504 5703 in
1538 5651 1725 5723 codice
1758 5651 2059 5708 Fukeliano
2111 5647 2374 5723 scriptum

817 5719 996 5770 inveni
1019 5718 1358 5786 Σαλαμάνου.
1389 5719 1669 5784 Quomodo
1691 5724 1849 5776 etiam
1877 5723 2112 5779 Savilius
2134 5726 2199 5778 ad
2230 5718 2378 5778 "latus

817 5789 899 5841 sui
939 5788 1146 5843 codicis
1183 5788 1483 5844 adnotavit.
1521 5791 1594 5845 De
1633 5793 1824 5846 eodem
1856 5790 2144 5848 Sa’lamane
2194 5810 2379 5847 mona-

817 5858 943 5919 cho,
972 5858 1202 5981 ggusque
1233 5859 1515 5926 fratribus,
1544 5862 1666 5920 vide
1699 5863 2060 5922 Sozomenunt
2092 5866 2146 5920 in
2177 5866 2272 5921 lib.
2303 5880 2374 5931 vr,

818 5944 936 5981 cro.
1007 5937 1059 5981 Υ..

818 5944 936 5998 ευρ.
972 5937 1059 5990 52.

2553 5580 2664 5647 (54)
2691 5573 2807 5652 Ὧν
2844 5578 2954 5632 οὐκ
3010 5577 3189 5652 adadp
3245 5568 4048 5652 3100625xatérrcoc._hlftle

2483 5640 2656 5705 ambo
2703 5640 3374 5717 interpretes,_MuSCttlus
3411 5645 3622 5700 scilicet
3671 5652 3724 5696 et
3778 5640 4048 5695 Suffridus

2481 5721 2697 5780 Petrus,
2735 5713 3025 5773 articulum
3053 5713 3128 5771 ὧν
3162 5719 3215 5791 in
3250 5725 3444 5791 neutro
3474 5720 4044 5791 genereaccepertmt,

2481 5793 2625 5860 quod
2665 5791 2790 5844 ferri
2817 5805 2922 5843 non
2945 5798 3142 5858 potest.
3176 5786 3399 5842 Rectius
3426 5780 3642 5853 Langus
3668 5785 3732 5837 de
3765 5780 4047 5860 monachis

2483 5856 2619 5930 ipsis
2661 5856 3054 5932 interpretatus
3113 5869 3230 5926 est;
3285 5872 3448 5934 quem
3493 5863 3548 5912 et
3592 5869 3690 5909 nos
3731 5856 3902 5909 secuti
3945 5867 4043 5908 su-

2483 5947 2621 5992 mus.
