4460 6634
427 401 563 461 157

1002 524 1249 578 KE¢AA.
1294 526 1410 593 icr.

424 617 561 687 "api
587 614 696 685 τῆς
715 615 801 678 εις
824 613 937 681 τὴν
956 616 1345 678 ,βασΙλισσαν
1384 618 1654 673 Ἰωάννου
1686 617 1988 687 διαφορᾶς·

492 686 588 739 καὶ
619 686 702 748 ὡς
738 680 887 748 ἧκεν
927 684 997 748 ἐξ
1046 686 1345 748 Αἰγύπτου
1384 689 1672 748 Θεόφιλος
1696 705 1710 719 ο
1734 689 1833 743 καὶ
1859 691 1988 748 περὶ

492 680 588 739 καὶ
927 684 997 748 ἐξ
1046 686 1345 749 Αἰγύπτου
1384 689 1672 755 Θεόφιλος
1696 705 1710 719 °
1734 680 1833 743 κάι
1855 680 1992 759 kept

380 762 383 767 ⁷
492 755 750 822 Κυρίνου
794 754 901 808 τοῦ
939 755 1325 821 Χαλκηδόνος
1356 756 1711 812 ἐπισκόπου.

503 845 656 899 Ἐπεὶ
700 846 759 898 δὲ
826 845 1165 899 ἀπέπλευσεν
1235 847 1568 915 Ἐπιφάνιος,
1620 850 1991 920 ἐκκλησιάζων

434 936 684 1007 Ἰωάννης
740 936 917 989 κοινὸν
973 936 1114 990 κατὰ
1165 940 1438 1005 γυναικῶν
1489 939 1731 1012 διεξῆλθε
1784 942 1947 1010 ψόγον
1972 958 1987 973 ⁸

421 1026 831 1096 αἰνιγματωδῶς
869 1026 925 1078 δὲ
978 1027 1295 1094 συγκεῖσθαι
1338 1028 1524 1083 τοῦτον
1578 1031 1719 1084 κατὰ
1754 1034 1853 1101 τῆς
1895 1032 1987 1087 τοῦ

422 1117 684 1187 βασιλέως
704 1119 947 1188 γαμετῆς
979 1118 1036 1171 τὸ
1072 1119 1274 1187 πλῆθος
1305 1121 1538 1191 ἐδέχετο.
1570 1125 1632 1177 01
1664 1124 1719 1176 δὲ
1752 1124 1844 1177 τοῦ
1872 1128 1989 1178 ἐπι-

421 1209 620 1260 σκόπου
652 1208 963 1277 δυσμενεῖς,
993 1209 1086 1261 καὶ
1120 1209 1280 1263 αὑτὸν
1315 1211 1407 1263 τὸν
1440 1212 1592 1280 λόγον
1625 1212 1987 1282 ἐκλαμϐάνον-

416 1316 526 1363 τες,
569 1302 635 1369 τῇ
676 1300 903 1368 βασιλίδι
954 1300 1287 1371 διεκόμισαν.
1331 1303 1394 1355 Ἦ
1436 1303 1493 1356 δὲ
1538 1306 1687 1376 παρὰ
1720 1306 1796 1376 τῷ
1836 1308 1988 1377 ἀνδρὶ

416 1391 514 1459 τὴν
547 1389 705 1459 ὓϐριν
738 1391 1081 1462 ἀπωδύρατο,
1102 1394 1193 1445 καὶ
1217 1394 1473 1462 Θεόφιλον
1496 1396 1685 1450 θᾶττον
1717 1402 1986 1469 παρεῖναι,

418 1481 510 1533 καὶ⁵
566 1482 782 1534 σύνοδον
829 1486 1002 1535 ποιεῖν
1049 1486 1370 1556 κατήπειγε.
1413 1489 1753 1560 Συνέπραττε
1800 1492 1857 1544 δὲ
1898 1495 1989 1545 καὶ

418 1573 888 1640 συγκατεσκεύαζε
929 1574 1101 1628 ταῦτα
1140 1578 1234 1629 καὶ
1279 1579 1601 1649 Σεϐηριανὸς
1629 1584 1657 1635 ό
1695 1584 1733 1635 Γ
1735 1584 1984 1652 ασαλεὺς,

415 1663 567 1716 οὔπω
596 1665 693 1734 τῆς
724 1666 991 1735 προτέρας
1022 1668 1354 1737 ἀπαλλαγεὶς
1398 1670 1591 1743 λύπης.
1640 1674 1797 1727 Ἀλλά
1834 1676 1987 1728 πότε-

420 1771 531 1823 ρον,
567 1754 737 1817 οὕτως
777 1754 851 1818 ὡς
878 1756 1086 1827 ἐτυχεν,
1121 1759 1213 1811 ἐπὶ¹
1242 1760 1426 1814 τοῦτον
1465 1764 1713 1835 Ἰωάννης
1741 1766 1981 1838 προήχθη

1396 408 1716 467 HISTORIA
1761 411 2310 471 ECCLESIASTICA.
2350 447 2419 458 —
2458 415 2586 471 LIB.
2633 416 2759 471 VIII.

2026 533 2078 591 Α
2714 529 2864 584 CAP.
2902 528 3041 583 XVI.

3524 422 3665 478 {53

2092 619 2168 675 De
2196 621 2544 691 imperatricis
2574 622 2844 676 simultate
2866 622 3115 676 adversus
3138 620 3419 686 Joanne,
3446 636 3496 679 et
3524 644 3657 691 σιο-

2160 690 2312 761 modo
2355 690 2663 761 Theophilus
2704 707 2768 743 ex
2819 691 3049 761 .‘Egypto
3092 698 3395 757 “merit;
3443 690 3657 749 una

2160 759 2355 830 Cyrino
2381 760 2725 816 Chalcedonis
2748 759 3007 830 episcopo.

2157 851 2330 907 Porro
2374 852 2623 923 digresso
2666 852 2736 907 ab
2778 853 2915 907 urbe
2966 852 3293 923 Epiphanio,
3324 854 3571 912 Joannes
3602 859 3657 910 in

2087 945 2315 1000 ecclesia
2351 945 2512 998 verba
2554 944 2788 1008 faciens,
2828 960 3173 1000 communem
3220 947 3489 1002 adversus
3532 966 3651 1001 mn-

2087 1039 2249 1093 lieres
2289 1039 2743 1107 vituperationem
2783 1041 3022 1094 instituit
3055 1042 3094 1094 ¹.
3128 1039 3261 1095 Eam
3304 1044 3541 1110 populus
3584 1046 3656 1095 ita

2086 1132 2317 1199 accepit,
2347 1132 2503 1198 quasi
2530 1132 2794 1186 adversus
2818 1134 3161 1203 imperatoris
3193 1136 3485 1204 conjugem
3518 1136 3653 1204 ﬁgu-

2086 1230 2201 1277 rate
2233 1224 2530 1291 composila
2557 1223 2771 1277 fuisset.
2798 1224 2861 1278 Hi
2889 1241 3019 1279 vero
3042 1227 3137 1295 qui
3166 1227 3423 1296 episcopo
3453 1228 3656 1281 infensi

2085 1322 2259 1373 erant,
2292 1316 2595 1369 orationem
2629 1316 2800 1384 ipsam
2845 1317 3207 1386 excipientes,
3241 1319 3307 1371 ad
3340 1320 3651 1387 imperatrio

2085 1422 2200 1461 cem
2234 1406 2546 1459 attulerunt.
2582 1404 2698 1468 Illa,
2749 1407 2891 1475 apud
2919 1407 3303 1476 imperatorem
3346 1407 3415 1461 de
3456 1419 3651 1461 conru-

2085 1497 2242 1551 melia
2282 1512 2379 1550 sua
2421 1497 2657 1565 graviter
2685 1507 3007 1564 conquesta,
3041 1497 3406 1567 TbeOpbilum
3454 1514 3653 1566 urgere

2085 1590 2268 1657 coepit,
2312 1596 2371 1641 ut
2410 1590 2737 1655 quantocius
2784 1588 3067 1643 adveniret
3097 1598 3153 1643 et
3192 1590 3463 1659 synodum
3516 1604 3649 1642 con-

2083 1687 2347 1749 gregaret.
2382 1679 2746 1732 Adnitebatur
2778 1681 2939 1732 etiam
2972 1690 3025 1733 et
3047 1682 3329 1749 negotium
3360 1696 3649 1749 promum

2086 1771 2173 1825 bat
2204 1770 2531 1825 Severianus
2561 1769 2903 1835 Gabalensis,
2930 1770 3174 1825 nondum
3200 1772 3403 1840 prioris
3426 1771 3649 1826 σπευδε

412 1846 505 1898 τὸν
552 1847 737 1915 λόγον,
784 1847 817 1916 ἥ
865 1847 940 1909 ῶς
985 1866 1129 1912 τινες
1173 1850 1457 1920 λέγουσιν,
1492 1855 1793 1926 ὑπονοήσας
1833 1858 1907 1921 ὼς
1946 1860 1978 1928 ἡ
2010 1861 2052 1919 Β
2078 1862 2173 1916 obl;

1882 1876 1907 1921 ς
1946 1860 2294 1928 ἡΒοιιιὶιυε.
2348 1859 2543 1916 Utrum
2602 1877 2764 1931 porro
2817 1861 3059 1917 Joannes
3114 1860 3345 1916 fortuito
3398 1862 3467 1916 ad
3521 1878 3643 1917 eam

416 1938 624 2006 βασιλὶς
656 1939 870 1993 ἔπεισεν
900 1942 1210 2011 Ἐπιφάνιον
1235 1945 1601 2001 ἐπιδουλεύειν
1630 1951 1797 2021 αὐτῷ,
1829 1952 1979 2023 ἀκρι-

413 2031 525 2094 ϐῶς
555 2032 653 2085 οὐκ
689 2033 796 2101 ἔχω
821 2033 1018 2103 λέγειν.
1040 2037 1154 2089 Οὐκ
1180 2040 1259 2101 είς
1293 2039 1507 2110 μακρὰν
1534 2040 1590 2093 δέ
1618 2043 1710 2095 καὶ
1731 2043 1979 2112 Θεόφιλος

413 2126 597 2193 παρῆν
621 2125 699 2182 είς
732 2124 1048 2197 Χαλκηδόνα
1079 2129 1177 2198 τὴν
1208 2130 1464 2195 Βιθυνῶν,
1484 2133 1577 2185 καὶ
1600 2132 1747 2187 ἄλλοι
1776 2135 1977 2187 πολλῶν

414 2213 620 2266 πόλεων
648 2216 931 2270 ἐπίσκοποι
958 2236 971 2248 ο
1006 2220 1055 2271 οί
1089 2221 1208 2289 μὲν,
1233 2221 1337 2274 ὑπὸ
1362 2222 1618 2292 Θεοφίλου
1649 2226 1978 2297 προτραπέν-

412 2322 502 2367 τες
531 2320 547 2334 ·
582 2307 632 2358 οἱ
675 2307 731 2359 δὲ
754 2347 769 2371 ,
802 2308 1061 2377 βασιλέως
1105 2315 1486 2385 προστάγματι
1531 2317 1974 2387 μετακληθέντες.

414 2397 620 2469 Σπουδῇ
643 2399 699 2451 δὲ
728 2400 957 2469 μάλιστα
979 2404 1261 2474 συνῄεσαν,
1284 2408 1396 2460 ὅσοι
1417 2425 1477 2461 τε
1504 2408 1612 2461 τῶν
1630 2412 1688 2462 ἐν
1718 2410 1867 2479 Ἀσίᾳ
1883 2411 1977 2479 τῆς

411 2489 713 2559 ἐπισκοπῆς
737 2492 1015 2562 ἀφῄρηντο
1042 2496 1193 2564 παρὰ
1224 2497 1488 2563 Ἰωάννου,
1515 2502 1607 2552 καὶ
1627 2500 1736 2553 ὅσοι
1762 2501 1976 2555 ἄλλοθεν

410 2579 584 2643 ἄλλως
607 2581 717 2650 (55)
746 2584 893 2654 αὐτῷ
937 2586 1311 2658 ἀπηχθάνοντο
1333 2606 1345 2620 ’
1382 2590 1482 2660 ήδη
1514 2591 1569 2644 δὲ
1602 2594 1692 2645 xal.
1734 2593 1791 2659 ἐξ
1820 2592 1975 2661 Αίγύ-

412 2685 547 2721 πτου
577 2670 700 2739 νῆες
744 2672 810 2736 ἃς
862 2674 1117 2741 Θεόφιλος
1163 2676 1502 2747 περιέμενεν,
1542 2681 1621 2741 είς
1668 2679 1993 2750 Χαλκηδόνα

409 2762 683 2829 ἀφίκοντο.
718 2764 1085 2819 Συνελθόντων
1114 2767 1171 2820 δὲ
1206 2770 1421 2822 πάντων
1447 2772 1525 2833 εἰς
1555 2772 1746 2825 ταυτὸν
1772 2772 1973 2838 ἐνθάδε,

411 2853 505 2907 καὶ
526 2853 922 2925 βουλευομένων
948 2858 1095 2921 ὅπως
1120 2860 1301 2923 αὐτοῖς
1329 2863 1468 2914 κατὰ
1498 2862 1718 2933 γνώμην
1746 2862 1975 2933 προϐαίη

411 2948 445 3016 ἡ
477 2949 616 3000 κατὰ
654 2948 897 3002 Ἰωάννου
926 2952 1282 3022 ἐπιχείρησις,
1304 2955 1555 3024 Κυρῖνος,
1572 2955 1630 3017 ὃς
1653 2956 1831 3025 ἡγεῖτο
1856 2954 1973 3006 τότε

408 3038 508 3108 τῆς
537 3042 595 3091 ἐν
626 3040 927 3110 Χαλκηδόνι
957 3042 1305 3113 Ἐκκλησίας,
1339 3046 1432 3098 καὶ
1467 3046 1606 3099 κατὰ
1638 3046 1698 3098 τὸ
1724 3045 1974 3113 συγγενὲς

412 3129 541 3193 ἴσως
584 3130 827 3201 Θεοφίλῳ
870 3134 1223 3205 χαριζόμενος
1254 3150 1269 3165 ⁸
1310 3132 1377 3207 ἦν
1406 3137 1513 3207 γὰρ
1543 3138 1851 3204 Αἰγύπτιος,
1882 3137 1973 3190 καὶ

2075 1956 2370 2010 orationem
2412 1963 2701 2023 provectus
2732 1954 2825 2016 sit,
2854 1969 2947 2017 an,
2982 1963 3039 2007 ut
3072 1954 3299 2023 quidam
3334 1954 3548 2017 dicunt,
3578 1968 3645 2007 eo

2074 2047 2216 2117 quod
2282 2045 2664 2115 suspicabatur
2724 2044 3090 2113 Epiphanium
3154 2046 3225 2098 ab
3291 2044 3647 2113 imperatrice

2076 2138 2363 2206 impulsum
2394 2136 2560 2191 fuisse
2586 2143 2645 2188 ut
2671 2134 2900 2189 insidias
2944 2134 3047 2203 ipsi
3075 2143 3339 2199 strueret,
3383 2135 3641 2204 equidem

2077 2238 2229 2283 certo
2256 2226 2523 2280 afﬁrmare
2558 2242 2662 2279 non
2698 2240 2944 2295 possum.
2976 2224 3134 2278 Haud
3168 2225 3343 2277 multo
3371 2233 3497 2295 post
3524 2226 3645 2295 ipse

2077 2334 2289 2389 quoque
2314 2315 2645 2385 Theophilus
2670 2314 3073 2369 Chalcedonem
3098 2313 3370 2383 Bithynize
3396 2313 3640 2375 advenit,

2074 2420 2127 2463 et
2169 2422 2277 2461 una
2320 2421 2443 2459 cum
2478 2405 2570 2457 illo
2601 2404 2915 2473 complures
2954 2403 3223 2473 episcOpi,
3257 2402 3350 2456 alii
3389 2417 3421 2455 a
3463 2400 3643 2455 Theo-

2077 2499 2223 2570 philo
2272 2495 2504 2557 invitati,
2553 2495 2647 2548 alii
2698 2494 3053 2565 imperatoris
3093 2494 3257 2563 jussu
3313 2492 3497 2547 acciti.
3542 2490 3642 2547 Ve-

2075 2605 2193 2645 rum
2254 2586 2549 2642 studiosius
2600 2600 2767 2654 quam
2807 2585 3004 2653 reliqui
3062 2598 3389 2644 convenere.
3438 2590 3554 2636 tum
3600 2583 3640 2637 ii

2073 2678 2271 2750 quibus
2324 2674 2565 2729 Joannes
2621 2673 2674 2726 in
2729 2672 2858 2727 Asia
2906 2672 3281 2741 episcopatum
3334 2668 3637 2731 ademerat.

2073 2779 2189 2824 tum
2218 2770 2551 2839 quicunque,
2580 2765 2724 2818 alius
2758 2765 2923 2817 aliam
2950 2764 3020 2817 ob
3045 2778 3289 2828 causam,
3316 2763 3394 2815 illi
3430 2760 3645 2815 infensi

2073 2868 2247 2915 erant.
2298 2858 2529 2927 Jamque
2577 2856 2805 2910 aderant
2859 2870 2926 2909 ex
2983 2854 3221 2925 λευριο
3275 2867 3443 2906 naves
3497 2867 3643 2921 quas

2075 2951 2402 3022 Theophilus
2413 2948 2787 3016 exspectabat,
2807 2956 2862 3001 et
2876 2945 3270 3000 Chalcedonem
3287 2943 3635 3012 appulerant.

2074 3044 2320 3112 Cumque
2378 3040 2611 3095 universi
2658 3039 2821 3093 simul
2854 3037 2966 3091 illic
3004 3035 3417 3098 convenissent,
3470 3042 3639 3102 atque

2075 3136 2218 3188 inter
2260 3147 2321 3187 se
2364 3129 2759 3194 consultarent,
2801 3142 2907 3197 qua
2958 3126 3171 3180 ratione
3217 3133 3450 3179 conatus
3499 3122 3640 3191 ipsis

408 3220 582 3284 ἄλλως
633 3198 902 3294 διάφορος*
932 3198 1153 3299 ’.Ιωάννῃ
1204 3198 1517 3297 τυγχάνῶν,
1549 3198 1769 3283 πλεῖστα
1810 3198 1974 3283 αὐτὸν
1998 3198 2041 3257 C
2074 3226 2169 3281 adv

1872 3198 2041 3283 lrbvc
2074 3226 2335 3281 adversus
2388 3221 2653 3276 Joannem
2698 3236 2765 3274 ex
2810 3229 2933 3273 voto
2988 3215 3326 3279 succederet,
3374 3213 3633 3282 Cyrinus,

409 3313 686 3384 ἐλοιδόρει.
711 3318 912 3387 Ταχεῖα
941 3319 997 3372 δὲ
1030 3319 1230 3372 τούτων
1249 3321 1355 3373 τῶν
1383 3321 1589 3393 ὕϐρεων
1617 3322 1791 3387 ἔδοξεν
1816 3322 1974 3376 αὐτὸν

412 3408 654 3476 μετιέναι
695 3409 839 3479 δίκη.
874 3412 1167 3484 Μαρουθᾶς
1204 3414 1311 3484 γὰρ
1338 3416 1367 3465 ό
1410 3418 1474 3468 ἐκ
1521 3415 1969 3484 Μεσοποταμίας,

409 3499 586 3551 συνὼν
632 3502 744 3563 τοῖς
800 3505 1162 3571 ἐπισκόποις,
1198 3506 1345 3559 ἄκων
1392 3504 1558 3558 αὐτοῦ
1602 3505 1823 3574 θάτερον
1864 3505 1972 3556 τοῖν

409 3590 588 3642 ποδοῖν
646 3593 938 3663 ἐπάτησεν.
1005 3597 1312 3668 Ὀδυνηθεὶς
1360 3601 1433 3663 δὲ,
1486 3597 1667 3650 οὐκέτι
1716 3599 1811 3650 σὺν
1861 3598 1971 3659 τοῖς

406 3681 588 3744 άλλοις
621 3682 856 3753 ἱερεῦσιν
904 3687 985 3750 είς
1028 3689 1593 3743 Κωνσταντινούπολιν
1639 3685 1970 3757 ἐπεραιώθη.

408 3771 610 3841 καίπερ
638 3776 928 3841 ἀναγκαῖος
954 3772 1092 3830 εἶναι
1120 3779 1290 3831 δοκῶν
1316 3779 1449 3849 πρὸς
1476 3779 1574 3841 τὰς
1616 3779 1754 3832 κατὰ
1796 3778 1973 3831 Ἰωάνο

409 3880 498 3915 νου
531 3864 840 3928 ἐπιϐουλάς.
872 3868 1025 3921 Μετὰ
1042 3869 1215 3923 ταῦτα
1239 3870 1293 3922 δὲ
1320 3869 1501 3932 κακῶς
1525 3869 1804 3931 διατεθεὶς,
1840 3869 1971 3921 πολ-

407 3954 565 4019 λάκις
609 3956 720 4027 (56)
775 3958 879 4010 ὑπὸ
925 3958 1033 4013 τῶν
1081 3960 1280 4030 ἰατρῶν
1329 3959 1637 4029 ἅπεπρίσθη
1669 3960 1729 4011 τὸ
1762 3959 1967 4022 σκέλος.

420 4048 805 4119 Ἐπιγενομένη
835 4050 939 4121 γὰρ
974 4053 1316 4123 σηπεδὼν,τὸ
1336 4055 1441 4105 πᾶν
1468 4051 1756 4121 ἐπενέμετο
1790 4050 1968 4120 σῶμα·

406 4136 484 4200 ὼς
516 4138 611 4191 καὶ
636 4138 725 4192 τὸν
757 4139 942 4211 ἕτερον
970 4143 1106 4196 πόδα
1143 4142 1336 4196 ταυτὸν
1368 4143 1668 4212 ὑπομεῖναι,
1701 4142 1769 4211 τῇ
1804 4158 1969 4210 μετα-

2073 3314 2164 3385 qui
2198 3321 2330 3367 tunc
2357 3309 2825 3364 Nicomediensem
2854 3306 3077 3371 regebat
3102 3303 3424 3365 Ecclesiam,
3455 3300 3638 3355 Theo-

2071 3406 2219 3477 philo
2260 3402 2516 3457 fortassis
2552 3400 2867 3471 gratiﬁcans
2904 3397 2974 3451 ob
3012 3395 3229 3465 generis
3276 3392 3627 3461 conjunctio-

2071 3513 2192 3553 nem
2229 3515 2243 3552 :
2285 3504 2405 3551 erat
2449 3493 2595 3549 enim
2646 3491 2952 3561 Egyptius,
2995 3496 3049 3543 et
3096 3485 3304 3557 alioqui
3352 3500 3382 3537 a
3426 3482 3641 3537 Joanne

2074 3586 2374 3644 dissidebat
2408 3602 2421 3637 :
2458 3582 2647 3637 multis
2685 3596 2807 3636 eum
2858 3579 3071 3649 probris
3102 3588 3156 3633 et
3189 3576 3460 3631 conviciis
3501 3588 3637 3629 one-

2074 3682 2235 3736 ravit.
2266 3675 2467 3733 Verum
2506 3675 2687 3729 divina
2735 3673 2946 3743 iustitia
2984 3669 3443 3725 contumeliarum
3510 3666 3635 3743 illa-

2074 3787 2197 3828 rum
2240 3770 2388 3825 brevi
2436 3767 2630 3821 abillo
2666 3742 2856 3834 pinnas
2907 3762 3111 3833 exegit.
3153 3757 3435 3813 Maruthas
3484 3742 3635 3810 eniiu

2073 3874 2227 3919 ortus
2252 3876 2318 3917 ex
2348 3856 2760 3927 Mesopotamia,
2788 3854 2882 3925 qui
2918 3867 3026 3906 una
3061 3866 3187 3905 cum
3218 3846 3497 3919 episcopis
3520 3844 3640 3900 illio

2076 3957 2299 4018 aderat,
2351 3953 2491 4007 forte
2549 3952 2781 4005 alterum
2838 3944 3083 4016 ejusdem
3131 3942 3323 4013 pedem
3376 3938 3634 3994 calcavit;

2078 4050 2232 4106 Unde
2273 4046 2499 4101 affectus
2538 4044 2747 4107 dolore,
2777 4054 2885 4095 una
2925 4053 3048 4092 cum
3086 4034 3319 4105 reliquis
3360 4030 3637 4103 episcopis

2077 4136 2608 4206 Constantinopolim
2662 4133 2919 4202 trajicere
2975 4144 3081 4185 non
3135 4127 3334 4197 potuit,
3389 4124 3517 4179 licet
3565 4122 3638 4177 ad

406 4227 550 4281 δόσει
590 4230 684 4283 τοῦ
721 4231 942 4296 πάθους.
979 4234 1117 4287 Ἀλλ’
1154 4236 1183 4287 ὁ
1217 4233 1316 4304 μὲν
1355 4232 1415 4286 οὐ
1451 4230 1628 4303 πολλῷ
1667 4231 1889 4304 ὕστερον
1916 4233 1978 4287 ἐν
2068 4240 2167 4289 strt

1881 4233 1978 4287 μὲν
2068 4229 2360 4289 struendas
2406 4226 2603 4283 Joanni
2659 4222 2885 4280 insidias
2939 4218 3229 4276 admodum
3286 4215 3642 4272 necessarius

407 4322 527 4383 ταῖς
549 4320 760 4385 ὀδύναις
784 4324 1035 4378 ἐτελεύτα
1056 4326 1148 4379 τὸν
1182 4325 1312 4395 βίον.

2068 4324 2372 4381 videretur.
2409 4319 2606 4375 Postea
2654 4331 2787 4372 vero
2832 4329 2957 4369 cum
3000 4328 3067 4368 ex
3109 4309 3268 4382 3&7
3302 4324 3369 4365 eo
3406 4308 3637 4363 vulnere

409 4414 553 4466 male
591 4413 834 4481 haberet,
875 4431 1004 4471 crus
1031 4418 1081 4472 ei
1124 4433 1233 4472 non
1278 4413 1447 4471 semel
1477 4428 1506 4467 a
1536 4412 1764 4470 medicis
1838 4414 2136 4470 dissectum
2194 4424 2298 4469 est.
2358 4406 2761 4480 Superveniens
2784 4406 2931 4460 enim
2960 4400 3187 4474 putredo
3217 4407 3391 4455 totum
3439 4408 3645 4467 corpus

407 4503 808 4571 depascebatur
841 4525 855 4561 :
888 4507 1024 4563 adeo
1050 4517 1109 4563 ut
1130 4510 1269 4564 alter
1300 4521 1518 4578 quoque
1547 4520 1641 4576 pes
1672 4505 1813 4560 idem
1844 4521 2039 4577 passus
2070 4506 2144 4561 sit
2162 4520 2230 4561 ex
2260 4510 2448 4558 mutua
2497 4499 2702 4555 doloris
2740 4495 3258 4552 communicatione.
3322 4489 3388 4545 Et
3478 4488 3639 4561 Cyri-

408 4615 512 4653 nus
550 4598 770 4669 quidem
820 4601 965 4656 haud
1003 4606 1173 4660 multo
1222 4612 1344 4676 post
1383 4605 1440 4659 in
1481 4601 1766 4658 doloribus
1818 4603 2137 4675 exspiravit.

2006 4726 2053 4779 D

1006 4722 1256 4777 ΚΕΦΑΛ.
1291 4724 1389 4777 1Ζ’.

408 4808 548 4887 Περξ
574 4808 682 4877 τῆς
713 4810 1035 4887 γενομένης
1060 4816 1330 4887 ,συνόδου
1356 4814 1513 4887 παρὰ
1541 4814 1850 4887 Θεοφίλου,
1876 4813 1974 4887 και

479 4880 593 4954 ζῶν
620 4880 981 4954 κατηγοριῶν
1008 4883 1295 4954 ΔἸωάννου
1343 4888 1413 4940 ὲν
1435 4880 1844 4954 ⁷Ῥουςριὶῑναῖς.
1870 4883 1980 4943 Καὶ

474 4950 555 5013 ὼς
596 4952 839 5027 κληθεὶς
894 4951 1194 5027 Ἰωάννης,
1224 4956 1323 5009 καὶ
1352 4956 1438 5027 μὴ
1479 4950 1974 5025 παραγενόμενος,

478 5020 613 5087 παρ’
649 5020 834 5073 αὑτοῦ
865 5022 1181 5091 καθῃρέθη.

476 5109 909 5181 Περαιωθέντιδὲ
935 5111 1193 5183 Θεοφίλῳ,
1220 5115 1393 5181 οὐδεὶς
1418 5117 1530 5170 τῶν
1546 5116 1979 5171 Κωνσταντινου-

2304 4599 2320 4630 ¹
2351 4598 2477 4655 Sec.
2508 4597 2603 4652 lib.
2644 4610 2721 4658 vr,
2749 4608 2875 4664 cap.
2916 4592 3004 4648 1-5.

2686 4709 2838 4766 CAP.
2863 4706 3027 4763 XVII.

2072 4811 2150 4866 De
2177 4808 2375 4881 synodo
2399 4824 2431 4881 ιι
2470 4802 2747 4881 Theophila
2772 4801 2917 4881 facta
2941 4800 2996 4857 in
3032 4797 3354 4881 Ruﬁnianus.
3380 4810 3427 4881 et
3548 4819 3640 4855 ac-

2144 4868 2499 4936 «(sationibus
2520 4868 3062 4930 aduersus‘loannem.
3099 4868 3165 4922 Et
3193 4870 3450 4937 quomodo
3468 4870 3637 4931 Ιοαητ

2146 4969 2234 5006 nes
2268 4960 2479 5005 vocatus
2500 4989 2513 5011 ,
2542 4964 2660 5000 cum
2698 4960 2765 4999 se.
2779 4941 2984 5012 judicio
3014 4957 3117 4995 non
3153 4941 3381 5007 sisteret,
3405 4959 3438 4995 a
3470 4942 3637 4996 Theo-

2144 5024 2290 5090 phila
2318 5021 2584 5090 depositus
2612 5026 2711 5075 est.

2150 5113 2321 5167 Porro
2359 5126 2482 5166 cum
2525 5106 2865 5179 Theophilus
2902 5103 3440 5175 Constantinopolim
3476 5104 3635 5175 traje-

1569 5233 1834 5292 VALESII
1874 5225 2426 5288 ANNOTATIONES.

476 5322 589 5397 (55)
639 5324 931 5397 1.4.1008!
962 5323 1190 5397 άλλως.
1234 5325 1595 5381 Scribendum
1652 5337 1737 5382 est
1798 5329 1975 5393 ἄλλος,
2008 5332 2054 5390 D
2083 5327 2237 5397 epinc

1878 5334 1975 5393 λος,
2008 5332 2054 5390 D
2083 5327 2295 5397 epinor.
2330 5321 2442 5390 Ego
2464 5334 2605 5374 vero.
2626 5316 3004 5397 postverbum
3038 5313 3300 5397 διατεθείς
3332 5314 3639 5397 distipctio.

406 5401 465 5445 ut
518 5393 572 5445 in
630 5394 816 5446 codice
883 5391 1186 5449 Fuketiano
1251 5398 1599 5451 emendatum
1661 5409 1743 5453 est
1787 5391 1973 5453 eadem

406 5477 591 5514 manu.

476 5532 589 5601 (56)
627 5532 833 5597 Κακῶς
862 5530 1149 5597 διατεθεὶς
1187 5535 1505 5601 πολλάκις.
1538 5534 1697 5590 Varie
1724 5540 1869 5592 hunc
1895 5541 1973 5592 l0-

404 5615 529 5678 eum
562 5602 929 5655 distinxerunt
972 5603 1315 5678 interpretes.
1353 5605 1484 5678 Nam
1527 5606 1803 5662 Musculus
1848 5612 1971 5678 qui-

405 5672 530 5746 dem
550 5681 672 5746 post
698 5687 885 5724 vocem
916 5671 1191 5746 πολλάκις,
1245 5675 1648 5737 distinctionem
1697 5671 1973 5746 apposuit.

411 5739 682 5795 Suffridus
727 5752 909 5795 autem
971 5740 1161 5797 Petrus
1214 5752 1333 5809 post
1380 5746 1477 5798 has
1517 5760 1675 5799 voces
1722 5739 1824 5801 ὑπὸ
1866 5750 1976 5801 τῶν

414 5812 611 5880 iamdiu
658 5812 1011 5880 interpunxit,
1060 5828 1126 5867 ex
1180 5812 1318 5869 libro
1364 5816 1869 5884 Clu-istophorsoni,
1915 5830 1971 5873 ut

2080 5383 2202 5452 nem
2230 5383 2501 5464 apponere
2528 5383 2721 5464 malui,
2754 5396 2870 5464 tum
2908 5386 3033 5455 quia
3069 5387 3120 5439 in
3160 5386 3359 5464 codice
3387 5383 3639 5464 Fuhelia.

2081 5484 2150 5521 no
2176 5468 2247 5519 ita
2267 5454 2634 5531 distinguitur
2661 5460 2746 5531 hic
2781 5454 2954 5531 locus,
2983 5456 3278 5531 tum_quia_
3299 5454 3639 5531 Nicephorus

2080 5541 2152 5591 ita
2186 5525 2539 5604 inlerpunﬁt.
2586 5529 3055 5604 _l)e_l_1_uju§_porro
3096 5525 3280 5604 Cyrini
3337 5527 3527 5604 morbo
3562 5525 3639 5576 lu-

2080 5609 2262 5675 quitur
2292 5596 2560 5675 Palladius
2585 5596 2797 5675 in__Vita
2825 5597 3216 5675 Chrysostomi.
3246 5596 3633 5675 itascriliens':

2082 5664 2300 5745 ’Έτερος
2337 5673 2444 5736 ζῶν
2469 5674 2534 5745 τά
2560 5670 2722 5739 σκέλη
2751 5671 2854 5732 ἕως
2879 5664 3458 5745 γοῖιάτωνῄκατξόλίγον
3483 5664 3637 5745 sirpi-

2079 5734 2315 5811 ζετο’ἐτιί
2348 5734 2616 5814 τριετίαν,
2679 5734 2997 5813 ἐρυσιπέλου
3051 5736 3205 5808 δήθεν
3228 5736 3323 5804 τὰς
3387 5734 3638 5805 ἀφορμὰς

2079 5833 2363 5886 γεννῶντος
2374 5856 2387 5869 .
