4460 6634
385 460 512 516 I56!

1335 459 1662 514 HISTORIA
1705 459 2240 516 LCLLLESIASTICA
2282 491 2346 500 —
2387 460 2514 514 LIB.
2555 458 2686 513 VIII.

3508 453 3644 508 1362

382 573 662 640 οδύτερον,
693 573 786 626 καί
816 575 1024 629 [ῐαῦλον
1078 569 1452 645 ἀναγνώστην.
1491 576 1550 628 '0
1593 575 1649 628 δέ
1692 576 1962 646 Ἰωάννης,
1997 585 2038 639 Α
2070 581 2142 630 int

1884 591 1962 646 τις,
1997 585 2038 639 Α
2070 581 2213 632 inter
2255 576 2342 631 sui
2382 576 2646 644 temporis
2680 574 2985 629 monachos
3014 587 3203 642 parem
3229 571 3518 625 Ammonio
3549 587 3645 624 ex-

379 666 572 729 ἇλλους
599 667 658 720 τέ
691 683 842 730 τινας
869 668 975 720 τῶν
1004 667 1325 738 ἐπιτηδείων
1354 667 1502 737 αὑτῷ
1542 667 1838 738 κληρικῶν,
1871 669 1964 721 καὶ

379 758 689 828 Δημήτριον
722 757 816 810 τὸν
856 759 1200 822 Πισινοῦντος
1230 759 1526 812 ἐπίσκοπον
1545 759 1793 829 πέμψας,
1827 758 1963 828 πρὸς

379 851 575 912 αὐτοὺς
629 848 783 916 ἔλεγε
831 852 905 920 μὴ
959 852 1294 918 ἀποφεύγειν
1345 849 1444 920 τὴν
1485 849 1665 920 κρίσιν
1696 867 1709 880 ο
1745 849 1962 917 ἕτοιμος

379 943 435 994 δὲ
463 937 622 1006 εἷναι,
646 943 696 994 εί
722 942 986 1014 πρότερον
1020 942 1180 1012 μάθοι
1205 943 1331 1004 τοὺς
1354 941 1713 1011 κατηγόρους,
1751 942 1844 994 καὶ
1865 939 1962 1010 τὴν

381 1033 596 1102 γραφὴν
623 1033 998 1102 ἐπισκέψαιτο,
1025 1035 1116 1086 ἐπὶ
1147 1035 1392 1104 μείζονος
1425 1034 1806 1100 ἀπολογεῖσθαι
1836 1050 1962 1086 συν-

379 1125 524 1180 όδου.
573 1126 665 1197 Μὴ
707 1126 816 1197 γὰρ
864 1126 1136 1194 αἱρεῖσθαι
1170 1127 1394 1198 ἀνόητόν
1441 1143 1493 1179 τι
1527 1125 1838 1194 ὑπομένειν,
1869 1127 1964 1178 καὶ

381 1218 696 1287 περιφανῶν
721 1217 930 1288 ἐχθρῶν
950 1217 1234 1288 ἀνέχεσθαι
1256 1214 1546 1271 δικαστῶν.
1578 1218 1664 1280 Ὠς
1687 1215 1966 1270 ἀπειθοῦν·

379 1325 471 1370 τος
492 1307 549 1361 δὲ
582 1309 785 1379 συνόδῳ
808 1310 1245 1379 χαλεπαινόντων
1275 1309 1474 1372 αὐτῶν,
1501 1310 1549 1360 οἱ
1585 1309 1681 1378 μὲν
1707 1309 1814 1360 τῶν
1838 1308 1963 1361 τάδε

381 1399 770 1466 ἀγγειλάντων,
797 1401 1072 1464 δείσαντες
1093 1401 1635 1470 οὐκέτιάνέστρεφον.
1656 1402 1964 1470 Δημήτριος

383 1487 459 1549 δὲ,
482 1488 576 1541 καὶ
610 1489 724 1542 ὅσοι
763 1489 862 1561 τὴν
917 1492 1162 1544 Ἰωάννου
1208 1490 1518 1561 προετίμων
1553 1491 1858 1552 συνουσίαν,
1890 1490 1965 1552 ὡς

383 1580 547 1634 αὑτὸν
589 1580 908 1652 ἐπανῆλθον.
955 1584 1092 1634 Κατ’
1122 1581 1293 1652 αὐτὴν
1326 1581 1382 1634 δε
1412 1581 1511 1652 τὴν
1559 1581 1770 1651 ἡμέραν
1802 1598 1965 1651 ταχυ-

383 1670 581 1741 δρόμος
609 1674 702 1727 καὶ
729 1673 1078 1744 ταχυγράφος
1117 1676 1182 1726 ἐκ
1207 1673 1314 1725 τῶν
1343 1672 1626 1742 βασιλείων
1662 1674 1964 1743 παραγενό-

389 1779 560 1830 μενοι,
595 1763 687 1816 τὸν
716 1765 816 1834 μὲν
846 1770 1178 1835 κατήπειγον
1217 1765 1354 1835 πρὸς
1379 1765 1502 1828 τοὺς
1530 1765 1856 1828 ἐπισκόπους
1880 1765 1964 1816 ἐλ-

387 1855 533 1907 θεῖν·
567 1857 692 1918 τοὺς
734 1856 811 1922 δέ,
846 1857 920 1928 μὴ
957 1859 1169 1928 μέλλειν
1199 1858 1326 1928 περὶ
1362 1856 1458 1927 τὴν
1489 1857 1686 1927 κρίσιν.
1729 1858 1879 1910 Ἐπεὶ
1907 1855 1963 1910 δέ

2070 668 2303 728 stitisse,
2337 667 2591 735 quamvis
2623 667 2775 720 illum
2811 666 2866 720 in
2898 666 3167 720 maximas
3196 663 3645 734 perturbationes

2069 758 2425 828 conjecissel.
2455 757 2562 811 Sed
2600 766 2782 811 tamen
2814 758 2917 812 hoc
2959 757 3034 810 illi
3068 772 3130 811 ex
3161 755 3330 808 animi
3373 757 3642 808 sententia

2070 854 2362 908 successit.
2395 850 2569 906 Porro
2609 849 2855 921 synodus
2897 859 3128 905 cunctos
3172 847 3642 915 Constantinopo—

2071 947 2250 998 litanze
2289 946 2441 998 urbis
2484 946 2718 998 clericos
2772 945 2838 997 ad
2889 958 2948 998 se
2978 942 3250 1005 evocavit,
3307 939 3647 1009 depositione

2071 1038 2179 1092 illis
2211 1038 2561 1091 interminata
2592 1038 2685 1107 qui
2714 1052 2823 1090 non
2851 1036 3351 1104 obtemperassent.
3377 1029 3644 1086 Joannem

2071 1146 2290 1200 quoque
2330 1129 2394 1183 ad
2430 1145 2654 1185 causam
2696 1127 2985 1184 dicendam
3016 1126 3253 1182 vocavit.
3285 1124 3353 1179 Et
3381 1139 3487 1178 una
3517 1137 3646 1178 cum

2072 1222 2165 1276 illo
2194 1222 2550 1292 Serapionem
2587 1221 2781 1276 adesse
2823 1220 3016 1290 jussit,
3045 1229 3101 1274 et
3134 1218 3381 1290 Tigrium
3413 1215 3642 1286 presby-

2073 1323 2246 1368 terum
2269 1329 2394 1369 cum
2420 1311 2590 1368 Paulo
2621 1315 2846 1369 lectore.
2870 1311 3219 1377 AtJoannes,
3249 1311 3436 1366 missis
3467 1308 3533 1363 ad
3551 1323 3648 1364 eos
3735 1373 3737 1375 _

2070 1407 2395 1476 quibusdam
2437 1407 2679 1470 clericis,
2715 1405 3089 1460 familiaribus
3119 1420 3161 1460 st
3190 1406 3257 1459 is.
3295 1411 3349 1458 et
3369 1401 3648 1457 Demetrio

2071 1497 2417 1552 Pessinuntis
2451 1498 2731 1568 episcopo,
2760 1497 3035 1552 nuntiavit
3061 1497 3174 1551 IIIIS
3203 1511 3264 1551 se
3288 1511 3396 1551 non
3430 1493 3650 1548 subter-

2071 1581 2260 1654 fugere
2305 1584 2578 1653 judicium
2629 1603 2641 1640 :
2685 1587 2794 1640 imo
2851 1593 3102 1655 paratum
3153 1598 3299 1646 esse,
3352 1580 3650 1637 dummodo

2073 1675 2226 1743 prius
2256 1686 2612 1731 accusatores
2643 1677 2964 1746 cognoverit
2996 1684 3050 1730 et
3083 1673 3459 1729 accusationis
3495 1669 3649 1724 libel-

2073 1767 2180 1820 lum
2206 1767 2525 1838 inspexerit,
2545 1784 2729 1823 coram
2759 1768 2967 1838 majore
2988 1767 3223 1821 concilio
3245 1779 3468 1819 causam
3492 1776 3648 1816 suam

2072 1857 2383 1914 defendere.
2427 1859 2614 1929 Neque
2655 1860 2801 1914 enim
2846 1860 2986 1915 velle
3018 1873 3077 1914 se
3122 1859 3352 1914 stultum
3385 1870 3450 1908 ac
3486 1861 3652 1907 teme-

386 1946 641 2017 τετράκις
681 1949 924 2019 κληθεὶς,
956 1948 1340 2020 οίκουμενικὴν
1384 1949 1701 2001 ἐπεκαλεῖτο
1735 1947 1967 2012 σύνοδον,
2005 1947 2044 1999 Β
2077 1965 2147 2003 rat

1886 1953 1967 2012 ἱον,
2005 1947 2044 1999 Β
2077 1952 2278 2004 rarium
2352 1949 2572 2006 facinus
2625 1950 2953 2016 admittere,
3011 1959 3065 2006 et
3120 1949 3387 2019 judicium
3455 1958 3647 1999 eorum

386 2038 538 2092 οὐδὲν
586 2039 773 2108 ἕτερον
824 2040 1214 2111 ἐπαιτιώμενοι
1240 2079 1256 2105 ,
1296 2038 1436 2110 πλὴν
1481 2041 1562 2093 ὅτι
1618 2038 1836 2108 κληθεὶς
1869 2041 1967 2109 οὐχ

391 2130 691 2198 ὑπήκουσε,
728 2132 975 2185 καθεῖλον
1011 2132 1192 2185 αὐτόν.

2075 2044 2262 2098 subire
2288 2045 2381 2114 qui
2429 2044 2701 2100 manifesti
2748 2053 2932 2100 essent
2966 2045 3138 2114 ipsius
3178 2039 3406 2096 inimici.
3443 2035 3649 2092 Verum

2076 2150 2200 2188 cum
2268 2135 2689 2205 indignarentur
2744 2136 2989 2206 episcopi
3047 2134 3311 2188 adversus
3357 2127 3649 2188 Joannem,

391 2227 652 2290 tanquam
734 2238 926 2291 parere
973 2222 1186 2294 synodo
1240 2229 1620 2288 recusantem;
1697 2236 1762 2275 ex
1824 2222 1891 2275 iis
1947 2224 2038 2293 qui
2082 2225 2184 2280 ista
2219 2227 2608 2282 nuntiaverant
2643 2227 2864 2298 quidam
2913 2236 3061 2280 metu
3117 2221 3318 2283 territi,
3367 2234 3474 2272 non
3526 2231 3642 2268 am-

395 2315 538 2380 plius
584 2321 950 2369 reverterunt.
1007 2313 1313 2370 Demetrius
1358 2329 1516 2378 vero,
1558 2321 1610 2368 et
1657 2314 1973 2384 quicunque
2046 2315 2276 2372 Joannis
2325 2321 2669 2374 consortium
2721 2319 2937 2373 eunetis
2987 2316 3149 2372 rebus
3217 2307 3650 2381 anteponebant.

396 2407 458 2459 ad
485 2407 646 2460 illum
706 2408 940 2462 rediere.
995 2407 1199 2462 Eodem
1254 2409 1344 2462 die
1389 2424 1583 2462 cursor
1623 2416 1677 2462 et
1729 2411 1976 2464 notarius
2045 2429 2111 2468 ex
2175 2415 2378 2484 palatio
2427 2417 2745 2480 venientes,
2795 2413 3059 2469 Joannem
3113 2410 3333 2483 quidem
3387 2401 3654 2474 urgebant

397 2509 452 2551 ut
482 2499 552 2553 ad
586 2501 874 2571 episcopos
905 2502 1194 2557 accederet
1225 2519 1237 2554 :
1266 2501 1401 2556 istos
1435 2517 1561 2555 vero
1594 2501 1795 2556 hortati
1852 2511 2002 2568 sunt,
2081 2511 2139 2558 ut
2178 2507 2445 2575 judicium
2477 2508 2869 2562 accelerarent.
2925 2507 3096 2560 Porro
3145 2518 3272 2557 cum
3321 2499 3412 2554 ille
3459 2501 3654 2566 quale?

396 2598 664 2656 vocatus,
716 2592 785 2645 ad
823 2594 1223 2647 (ecumcnicam
1281 2594 1550 2668 synodum
1618 2604 1992 2664 provocasset,
2031 2598 2166 2652 nihil
2207 2600 2255 2655 ei
2292 2600 2437 2654 aliud
2473 2600 2796 2670 objicientes
2834 2615 2998 2671 quam
3053 2597 3197 2668 quod
3260 2601 3492 2648 vocatus
3546 2597 3654 2639 n0n

397 2684 693 2752 paruisset,
723 2699 847 2738 eum
873 2685 1270 2754 deposuerunt.

982 2775 1232 2828 ΚΕΦΑΛ.
1264 2777 1366 2829 ιη’.

397 2863 874 2936 Ὀτινέσςασίιισε
898 2867 963 2919 τὸ
994 2867 1228 2932 πλῆθος
1250 2867 1398 2920 κατὰ
1428 2868 1718 2934 Θεοφίλου
1740 2869 1837 2922 καὶ
1868 2868 1978 2936 τῆς

466 2933 653 3013 αὐτοῦ
689 2936 1000 3013 συνόδου,⁸
1024 2937 1121 3013 καί
1163 2937 1303 3013 τοὺς
1334 2933 1699 3013 κίιατοῧξιτας
1751 2933 1978 2992 Morde-

459 3006 656 3077 gsito.
705 3006 1092 3072 ’Λνακληθεὶς
1136 3009 1340 3060 τοίνυν
1382 3013 1413 3062 o'
1454 3007 1758 3077 Ἰωάννης,
1791 3010 1976 3062 πάλιν

468 3075 567 3127 ἐπὶ
603 3075 707 3127 τὸν
735 3079 951 3141 θρόνον
976 3077 1230 3146 ἐγένετο.

469 3164 543 3217 Τὸ
563 3166 618 3217 δὲ
641 3165 865 3234 πλῆθος,
892 3166 966 3228 ὡς
995 3167 1118 3220 τάδε
1147 3169 1286 3236 ἔγνω
1310 3171 1368 3222 ἐν
1407 3171 1975 3224 Κωνσταντινουπόλει

400 3259 528 3328 περὶ
553 3257 730 3330 δείλην
751 3259 928 3328 ὀψίαν,
957 3261 1092 3329 πρὸς
1121 3263 1306 3316 στάσιν
1332 3263 1601 3333 κεκίνητο.
1621 3265 1727 3316 Καὶ
1754 3264 1980 3334 συνδρα-

405 3351 591 3417 μόντες
625 3351 792 3404 ἔωθεν
815 3354 893 3412 είς
933 3352 1027 3423 τὴν
1060 3353 1376 3424 ἐκκλησίαν,
1418 3355 1552 3407 ἄλλα
1583 3373 1639 3408 τε
1689 3355 1858 3409 πολλὰ
1883 3357 1979 3409 ἁν-

399 3444 654 3512 έκραγον,
668 3441 760 3494 καὶ
775 3442 848 3505 ὡς
865 3442 974 3495 δέοι
995 3443 1213 3512 μείζονα
1232 3444 1448 3498 σύνοδον
1476 3463 1540 3498 πε
1551 3447 1602 3517 pi
1619 3447 1781 3500 αὑτοῦ
1803 3448 1984 3501 διαλα-

403 3537 537 3588 εείν.
559 3535 1007 3602 Κατεπειγόντων
1026 3553 1084 3588 τε
1109 3535 1216 3588 τῶν
1233 3538 1294 3588 ἐκ
1316 3535 1574 3606 βασιλέως
1594 3541 1988 3609 προστεταγμέ-

402 3644 508 3678 νων
531 3627 609 3689 είς
625 3627 920 3696 ὑπερορίαν
937 3627 1097 3679 αὑτὸν
1111 3628 1364 3696 ἀπάγειν,
1379 3630 1438 3680 οὺ
1463 3631 1818 3700 συνεχώρουν.
1836 3633 1892 3686 ’0
1911 3634 1985 3695 δὲ,

403 3719 585 3780 δείσας
621 3719 752 3788 μήτι
779 3719 968 3788 ἕτερον
1000 3718 1154 3793 αὐτῷ
1189 3719 1442 3789 ἔγκλημα
1482 3721 1691 3793 πλασθῇ
1714 3725 1892 3795 (60),ἣ
1916 3727 1989 3789 ὼς

405 3809 615 3878 βασιλεῖ
645 3810 974 3874 ἀπειθοῦντι,
1011 3811 1042 3881 ἦ
1082 3812 1172 3864 τὸν
1221 3812 1391 3880 δῆμον
1416 3815 1732 3882 ταράττοντι
1760 3857 1772 3879 ,
1808 3818 1990 3888 ἡμέρᾳ,

411 3902 560 3972 τρίτῃ
581 3901 717 3972 μετὰ
733 3903 829 3973 τὴν
848 3902 1184 3973 καθαίρεσιν,
1212 3904 1601 3975 διασπαρέντος
1619 3908 1709 3960 τοῦ
1729 3909 1986 3978 πλήθους,

409 3995 535 4064 περὶ
559 3993 900 4064 μεσημϐρίαν
943 3993 1120 4052 λαθὼν
1157 3995 1385 4048 ἀπέλιπε
1407 3997 1505 4068 τὴν
1530 3999 1991 4068 ἐκκλτ,σίαν.”ίίδη

407 4086 463 4138 es
507 4085 670 4138 αὐτοῦ
717 4086 1094 4156 ἀπαγομένου,
1131 4087 1377 4156 χαλεπῶς
1431 4091 1458 4143 ὁ
1495 4089 1619 4154 λαὸς
1670 4094 1987 4160 ἐστασίαζε,

410 4177 632 4246 βασιλέα
667 4194 726 4230 τε
766 4178 858 4230 καὶ
905 4176 1001 4248 τὴν
1039 4177 1286 4243 σύνοδον,
1323 4182 1415 4233 καὶ
1457 4182 1686 4252 μάλιστα
1735 4185 1989 4254 Θεόφιλον

411 4269 504 4322 καὶ
539 4267 868 4339 Σεσηριανὸν
908 4270 1225 4342 ἐλοιδόρουν.
1265 4274 1464 4343 ’Λμφω
1501 4277 1597 4344 μὲν
1630 4277 1737 4348 γὰρ
1767 4279 1992 4350 ἀρχηγὼ

409 4359 508 4430 τῆς
540 4360 830 4428 ἐπιϐουλῆς
862 4362 1053 4432 ἤστην.
1091 4364 1149 4414 ’0
1181 4364 1235 4416 δέ
1272 4364 1624 4435 Σεϐηριανὸς,
1663 4369 1756 4424 καὶ
1790 4371 1880 4422 ἐπὶ
1910 4373 1992 4425 ἐκ·

411 4449 639 4519 κλησίας
664 4449 786 4504 τότε
817 4450 1101 4514 διδάσκων,
1136 4453 1362 4523 ἐπῄνεσε
1401 4455 1498 4526 τὴν
1525 4457 1771 4513 Ἰωὸιινου
1799 4461 1990 4514 καθαίο

415 4561 598 4613 ρ;σιν,
631 4543 705 4606 ὡς
741 4545 882 4598 κατὰ
929 4546 1206 4610 ἀλαζόνος,
1241 4549 1288 4600 εί
1335 4549 1428 4600 καὶ
1479 4549 1642 4620 μηδὲν
1693 4547 1760 4619 ἦν
1807 4552 1991 4623 ἕτερον

412 4635 660 4706 ἔγκλημα
704 4637 1071 4706 γεγενημένον
1108 4638 1240 4709 (61).
1271 4639 1352 4692 Τὰ
1403 4641 1499 4711 μὲν
1536 4641 1645 4712 γὰρ
1681 4643 1833 4708 ἄλλα,
1865 4645 1989 4716 Egi],

413 4729 780 4800 ἁμαρτήματα
800 4733 1068 4799 συγχωρεῖ
1085 4733 1196 4796 τοῖς
1227 4732 1531 4803 ἀνθρώποις
1551 4736 1610 4787 τὸ
1629 4735 1780 4788 Θείον
1796 4755 1808 4766 ο
1827 4737 1925 4788 ὐπε
1937 4755 1992 4806 ρ-

2677 2768 2833 2821 CAP.
2871 2763 3060 2819 XVIII.

2082 2858 2356 2927 Quomodo
2397 2859 2619 2929 populus
2665 2858 2914 2913 adrersus
2969 2857 3304 2925 Theophilum
3339 2866 3387 2912 et
3427 2859 3655 2926 retiquos

2149 2933 2413 2998 episcopos
2469 2933 2775 2985 seditionem
2826 2931 3152 2992 excitaverit,
3204 2939 3250 2980 et
3311 2930 3654 2998 imperatores

2151 3003 2401 3055 conviciis
2464 3003 2758 3066 appetierit.
2826 2999 2893 3052 Et
2957 3018 3060 3068 qua
3127 3001 3332 3054 ratione
3385 3009 3654 3054 revocatus

2150 3071 2406 3137 Joannes,
2439 3073 2612 3124 sedem
2652 3088 2802 3124 suam
2840 3072 3107 3138 receperit.

2152 3167 2220 3219 At
2242 3167 2390 3236 plebs
2413 3165 3040 3234 Constantinopolitana,
3061 3177 3184 3217 cum
3211 3163 3323 3217 litec
3341 3163 3444 3218 sub
3470 3178 3656 3232 vespe-

2085 3275 2197 3313 ram
2224 3259 2594 3329 cognovisset,
2624 3257 2692 3312 ad
2718 3256 3039 3312 seditionem
3059 3256 3307 3325 prorupit
3327 3256 3365 3309 ’.
3392 3255 3457 3310 Et
3485 3256 3658 3324 prima

2087 3354 2233 3416 luce,
2269 3367 2540 3406 concursu
2573 3349 2639 3404 ad
2677 3352 2964 3406 ecclesiam
3005 3349 3167 3410 facto,
3201 3356 3312 3402 tum
3349 3347 3456 3401 alia
3490 3346 3660 3400 muita

2091 3445 2375 3500 vociferati
2425 3452 2584 3507 sunt,
2634 3454 2748 3498 tum
2806 3441 3068 3511 majorem
3121 3440 3388 3510 synodum
3442 3440 3508 3492 de
3560 3437 3661 3491 hac

2093 3552 2258 3592 causa
2311 3550 2642 3606 cognoscere
2688 3533 2906 3588 debere.
2961 3530 3024 3586 Et
3081 3547 3205 3584 cum
3264 3531 3300 3585 ii
3347 3529 3546 3599 quibus
3595 3530 3661 3581 ab

2093 3628 2420 3698 imperatore
2482 3625 2798 3680 mandatum
2869 3625 3044 3678 fuerat
3105 3633 3159 3676 nt
3212 3637 3336 3676 eum
3403 3625 3456 3675 in
3514 3621 3662 3675 exsl-

2092 3719 2222 3771 limn
2295 3717 2664 3779 abducerent,
2727 3715 2963 3784 idipsum
3019 3721 3308 3782 urgerent,
3375 3711 3451 3765 illi
3521 3711 3665 3766 relu-

2091 3811 2401 3863 ctabantnr.
2453 3806 2558 3862 Sed
2604 3805 2868 3869 Joannes,
2907 3805 3118 3858 veritus
3171 3819 3236 3857 ne
3271 3803 3498 3856 alterum
3561 3801 3662 3855 sibi

2092 3903 2297 3956 crimen
2345 3901 2711 3971 aliingerctur,
2768 3899 2849 3952 vel
2893 3896 3037 3966 Quod
3091 3894 3316 3965 principi
3361 3893 3527 3965 349
3569 3909 3654 3962 pa-

2093 4009 2212 4049 rere
2289 3993 2599 4054 noluisset,
2687 3990 2770 4044 vel
2833 3989 2978 4059 quod
3046 3989 3298 4058 populum
3369 3987 3436 4040 ad
3516 3986 3664 4040 sedi-

2093 4087 2296 4140 tionem
2329 4083 2696 4144 concitasset,
2731 4081 2912 4133 triduo
2940 4088 3062 4148 post
3106 4078 3269 4131 latam
3302 4076 3666 4146 depositionis

2093 4177 2444 4242 sententiam,
2473 4176 2724 4246 disperso
2755 4175 2881 4228 hinc
2914 4174 3040 4228 inde
3069 4175 3290 4244 populo,
3320 4173 3466 4226 circa
3494 4172 3664 4226 meri-

2092 4273 2235 4327 dicm
2278 4271 2510 4325 latenter
2548 4284 2617 4324 ex
2658 4268 2893 4322 ecclesia
2940 4267 3217 4321 discessit.
3261 4265 3508 4334 Cumque
3551 4263 3662 4334 jam

2093 4365 2481 4427 abduceretur,
2515 4363 2750 4434 populus
2794 4360 3032 4432 graviter
3063 4357 3425 4414 tumultuatus
3456 4364 3573 4420 est,
3612 4363 3666 4412 et

2095 4460 2478 4529 imperatorem
2535 4465 2812 4524 totamque
2885 4450 3192 4523 synodum,
3241 4450 3334 4504 sed
3397 4449 3666 4518 praecipue

2094 4549 2459 4621 Theophilum
2509 4557 2563 4602 et
2610 4546 3001 4612 Severianum,
3058 4544 3363 4600 maledictis
3416 4546 3661 4614 appetiit.

2094 4645 2269 4698 Ambo
2308 4643 2450 4698 enim
2480 4641 2567 4696 isti
2601 4648 2854 4694 auctores
2890 4637 3105 4692 fuerant
3132 4637 3476 4691 insidiarum.
3503 4635 3666 4690 Seve-

2095 4738 2282 4790 rianus
2335 4749 2465 4788 vero
2485 4748 2608 4788 cum
2633 4733 2686 4784 in
2710 4729 2944 4785 ecclesia
2974 4745 3070 4798 per
3116 4728 3169 4783 id
3203 4740 3418 4797 tempus
3451 4741 3664 4781 sermo-

413 4823 640 4891 ῃφάνοις
673 4823 726 4874 δέ
758 4824 1155 4876 ἀντιτάσσεται.
1194 4825 1316 4877 Ἐπὶ
1354 4826 1562 4890 τούτοις
1593 4827 1648 4881 δὲ
1695 4829 1988 4898 ἐνεμέσησε
2027 4847 2064 4899 ι)
2097 4841 2174 4877 IICI

1901 4846 1988 4898 ησε
2027 4841 2217 4899 Dncnt
2289 4824 2547 4886 haberet,
2616 4819 2979 4890 depositionis
3046 4817 3274 4873 Joannis
3335 4815 3662 4870 sententiam

409 4914 472 4973 τὸ
505 4913 722 4983 πλῆθος,
746 4915 837 4967 καὶ
854 4914 952 4984 τὴν
982 4916 1150 4986 ὀργὴν
1174 4917 1412 4982 ἁνενέου,
1434 4920 1529 4971 καὶ
1565 4920 1803 4990 ἀσχέτως
1830 4922 1990 4973 ἑστα-

415 5005 566 5069 ςίαζε
603 5023 614 5034 ·
653 5008 743 5059 καὶ
799 5006 922 5060 οὔτε
971 5009 1028 5060 ὲν
1081 5009 1436 5078 ἐκκλησίαις,
1474 5011 1596 5064 οὔτε
1653 5014 1711 5065 ἐν
1765 5015 1991 5082 ἀγοραῖς

415 5098 640 5168 ἠρεμεῖν
665 5098 909 5169 ἠνείχετο
931 5114 943 5128 ·
981 5100 1098 5168 ἅμα
1120 5101 1175 5152 δέ
1209 5102 1438 5173 ὀλολυγῇ
1476 5104 1568 5156 καὶ
1599 5105 1853 5174 ὀδυρμοῖς
1895 5105 1989 5174 μέ-

413 5208 504 5260 χρι
535 5193 627 5244 καὶ
652 5191 834 5244 αὐτῶν
857 5191 963 5244 τῶν
995 5191 1276 5260 βασιλείων
1312 5195 1610 5263 προϊόντες,
1632 5196 1834 5247 ἐδέοντο
1866 5214 1926 5248 πε
1939 5198 1989 5264 ρὶ

412 5282 514 5353 τῆς
557 5285 800 5339 Ἰωάννου
854 5286 1219 5356 ἀνακλήσεως.
1271 5286 1470 5352 Εῖξασα
1508 5288 1563 5341 δέ
1604 5290 1720 5352 ταῖς
1759 5290 1987 5353 ἱκεσίαις

487 5461 500 5491 ³
541 5459 693 5517 Socr.
719 5461 811 5515 lib.
836 5479 906 5526 νι,
941 5481 993 5520 c.
1031 5465 1117 5518 16.

2096 4917 2357 4978 laudavit,
2389 4923 2573 4986 utpote
2609 4915 2662 4968 in
2701 4914 2972 4968 hominem
3003 4919 3371 4980 arrogantem,
3404 4909 3506 4964 etsi
3542 4908 3665 4962 nul-

2092 5009 2200 5061 Iunt
2246 5007 2393 5061 aliud
2437 5007 2647 5061 crimen
2699 5015 2864 5070 esset,
2920 5005 3211 5074 prolatam.
3258 5002 3465 5056 Caetera
3515 5000 3660 5055 enim

2091 5101 2397 5161 delicta,ut
2424 5100 2623 5161 aiebat,
2660 5097 2800 5152 Deus
2831 5095 3146 5150 hominibus
3172 5093 3410 5162 indulget
3441 5111 3451 5145 :
3478 5105 3664 5160 super-

2095 5195 2175 5250 bis
2201 5203 2380 5248 autem
2427 5193 2654 5249 resistit.
2687 5190 2770 5246 0b
2804 5189 2918 5244 hate
2949 5187 3182 5259 populus
3217 5185 3529 5253 indignatus
3557 5191 3659 5246 est,

2091 5289 2337 5358 iramque
2371 5303 2524 5342 suam
2566 5285 2868 5342 renovavit.
2892 5282 3010 5345 Nec
3035 5283 3149 5353 jam
3184 5279 3417 5350 amplius
3456 5293 3484 5331 a
3514 5277 3658 5334 sedi~

1618 5623 1883 5678 VALESII
1925 5625 2470 5682 ANNOTATIONES.

489 5754 599 5824 ίίῖθ)
623 5755 789 5821 Αὐτῷ
827 5741 1091 5825 ἔγκλημα
1124 5755 1390 5824 πλησθῇ.
1441 5755 1660 5811 IIetttins
1713 5758 1763 5810 itt
1801 5759 1984 5812 UltIItC

421 5825 719 5880 I"at}'.i:ti:t|to
743 5829 1007 5897 scriptum
1041 5839 1121 5897 est
1152 5828 1351 5895 πλακῇ.

493 5898 600 5968 ttiI)
640 5900 704 5950 El
735 5899 828 5952 καί
860 5895 1060 5966 μηδὲν
1099 5895 1171 5965 ἧι·
1201 5898 1310 5962 ἔδεέ
1334 5916 1402 5950 μιν
1444 5898 1710 5966 ἔγκλημα
1741 5916 1973 5966 ξτες-ωη-

2086 5761 2287 5825 μέιὈν.
2310 5759 2517 5820 _I'roru|
2550 5759 2718 5811 dubio
2756 5758 3104 5830 scribendum
3137 5767 3219 5810 est
3260 5757 3645 5830 γεγενημένην.

2091 5830 2342 5885 μείω-[ιιι-
2376 5831 2519 5884 enim
2556 5831 2620 5883 ad
2667 5847 2850 5884 votem
2883 5829 3216 5901 καθαίρεσιν.
