4460 6634
808 509 952 571 assa
2211 408 2569 571 5010"”

2314 408 2593 571 ιοθίίψ
3927 508 4075 567 ιεα

809 626 958 680 tione
1000 625 1243 682 revocari
1279 633 1510 696 poterat,
1544 625 1637 682 sed
1679 634 1791 681 tum
1837 627 1895 682 in
1932 625 2208 690 ecclesiis,
2237 631 2349 678 tum
2384 629 2432 690 Α
2479 590 2570 700 τῗυ

2319 636 2349 676 ιι
2384 629 2432 690 Δ
2479 590 2570 700 τῗυ
2595 583 2795 683 δήμου
2826 622 2860 692 ἡ
2895 627 3120 698 βασιλὶς,
3134 629 3307 683 πείθει
3342 629 3432 682 τὸν
3463 628 3632 699 ἄνδρα
3661 643 3940 682 επινευσαι
3971 642 3983 651 ·
4017 628 4080 681 ιν

810 717 866 771 ἰιι
904 715 1024 771 foro
1067 717 1530 772 tumultuabatur.
1582 717 1823 788 Denique
1863 719 1929 772 ad
1971 720 2146 789 ipsum
2190 727 2356 787 usque
2474 699 2571 791 τα

2317 727 2356 769 ιθ
2474 699 2623 791 τέκετ’
2654 722 2732 768 τε
2794 716 3070 790 Βρίσσωνα
3101 723 3192 774 τὸν
3237 722 3377 791 ἀμφ’
3403 720 3572 789 αὐτὴν
3608 719 3795 772 πιστὸν
3821 717 4078 788 εὐνοῦχον

811 806 1074 878 palatium
1109 809 1388 879 progressi
1423 823 1546 862 cum
1582 809 1792 864 ululatu
1823 819 1878 865 et
1928 809 2204 872 lamentis,
2240 821 2365 862 ora-
2473 789 2572 869 πέι

2316 821 2365 861 λ’
2473 789 2773 874 πέμψασα,
2796 789 2860 866 ἐκ
2892 814 3157 884 Πρενέτου
3199 789 3296 884 τῆς
3325 811 3576 875 Βιθυνίας
3617 812 3869 882 Ἰωάννην
3906 812 4077 864 έπανο

811 899 946 953 bant
974 905 1035 953 ut
1064 896 1307 953 Joannes
1346 909 1720 974 revocaretur.
1763 899 2000 956 Proinde
2034 899 2370 971 imperatrix,
2477 893 2572 968 ήγι

2318 915 2370 961 κν
2477 893 2712 968 ήγαγεν,
2746 902 2922 958 ἀθῶον
2959 901 3235 957 εἶναιτῶν
3283 903 3402 956 κατ’
3431 902 3598 956 αὐτοῦ
3640 900 4079 971 βεϐουλευμένων

812 989 1310 1060 supplicationibus
1361 992 1546 1061 populi
1589 992 1755 1054 victa,
1793 993 1990 1047 marito
2021 1003 2078 1047 ut
2118 999 2381 1048 annuerct
2480 988 2573 1061 δηλ

2316 999 2381 1047 'ct
2480 987 2796 1061 δηλώσασα,
2823 994 2917 1046 καὶ
2951 992 3020 1046 δι’
3063 992 3244 1055 αἰδοῦς
3278 992 3438 1044 αὑτὸν
3483 991 3650 1060 ἔχειν,
3685 991 3761 1053 ὼς
3800 989 3951 1059 ἱερέα
3982 989 4077 1041 καὶ

814 1079 1138 1149 persuasit:
1173 1079 1455 1150 missoque
1506 1080 1799 1137 confestim
1830 1081 2094 1146 Brisone,
2135 1084 2381 1138 omnium
2489 1101 2575 1154 μυι

2314 1100 2381 1138 tm
2489 1069 2853 1154 μυσταγωγὸν
2897 1083 3007 1136 τῶν
3045 1083 3214 1153 αὐτῆς
3246 1083 3452 1135 παίδων
3476 1080 3610 1152 (62).
3661 1081 3719 1133 '0
3757 1079 3816 1132 δὲ
3847 1078 4075 1132 ἐπανελ-

812 1187 952 1240 quos
981 1171 1129 1226 circa
1172 1188 1233 1227 se
1269 1173 1506 1227 habebat
1535 1174 1914 1229 cunuchorum
1946 1176 2286 1235 lidelissimo.
2318 1193 2386 1232 ex
2487 1175 2573 1230 0dr

2318 1193 2386 1232 ex
2487 1175 2618 1240 θὼν,
2648 1177 2707 1229 ὲν
2759 1175 3072 1246 προαστείῳ
3123 1175 3294 1243 αὐτῆς
3339 1173 3440 1243 τῆς
3491 1172 3759 1243 βασιλίδος
3806 1169 3936 1241 περὶ
3981 1169 4075 1222 τδν

813 1260 1015 1330 oppido
1037 1261 1304 1333 Bithynia:
1332 1262 1565 1317 Preneto
1579 1261 1842 1318 Joannem
1876 1265 2112 1330 reduxit,
2137 1266 2387 1321 scribens

813 1367 873 1406 se
907 1353 1222 1408 nullatenus
1249 1354 1568 1424 participem
1599 1371 1724 1411 esse
1771 1356 2092 1411 insidiarum
2140 1371 2262 1426 qua:
2293 1357 2388 1410 ad-

810 1459 1004 1497 versus
1031 1444 1182 1498 illum
1212 1451 1438 1499 structa:
1479 1443 1748 1511 fuissent,
1777 1463 1948 1516 seque
1991 1447 2141 1501 illum
2181 1447 2389 1502 honore

812 1536 1094 1604 prosequi,
1136 1541 1196 1588 ut
1233 1535 1576 1590 sacerdotem
1620 1546 1676 1592 et
1711 1538 2046 1593 initiatorem
2089 1539 2386 1592 liberarunt

811 1642 1064 1682 suorum.
1090 1629 1159 1681 At
1183 1626 1425 1684 Joannes
1457 1645 1717 1686 reversus
1761 1630 1817 1684 in
1860 1630 2179 1686 suburbano
2218 1631 2388 1700 impe-

812 1717 1036 1771 ratricis
1052 1717 1246 1786 ipsius,
1264 1719 1417 1771 circa
1432 1719 1702 1789 Anaplum
1722 1721 1946 1775 resedit.
1971 1719 2080 1775 Nec
2103 1731 2230 1776 ante
2247 1722 2390 1791 judi-

811 1811 956 1864 cium
991 1811 1219 1878 majoris
1249 1811 1464 1881 synodi,
1483 1827 1594 1882 quo
1628 1813 1806 1882 palam
1827 1813 1981 1868 fieret
2011 1817 2388 1886 episcopatum

810 1900 913 1970 ipsi
969 1902 1172 1970 injuste
1220 1902 1533 1974 ademptum
1584 1903 1778 1970 fuisse,
1831 1905 2040 1976 ingredi
2092 1906 2146 1959 in
2196 1906 2387 1960 urbem

2504 1267 2798 1320 Ἀνάπλουν
2838 1265 2949 1336 (63)
2989 1264 3258 1334 διέτριϐε·
3283 1263 3377 1316 καὶ
3403 1263 3510 1333 πρὸ
3551 1262 3788 1333 κρίσεως
3827 1258 4074 1330 μείζονος

2491 1358 2731 1422 συνόδου,
2765 1357 2832 1410 ἶν’
2859 1356 2947 1425 εἴη
2975 1356 3133 1426 δῆλον
3163 1355 3239 1418 ὠς
3286 1353 3486 1416 ἀδίκως
3518 1352 3769 1425 ἀφῃρέθη
3811 1352 3911 1422 τῆς
3947 1353 4074 1403 ὲπι-

2491 1449 2721 1519 σκοπῆς,
2767 1450 3068 1520 παρῃτεῖτο
3110 1447 3248 1510 τέως
3275 1446 3376 1515 τὴν
3410 1445 3491 1508 εἰς
3526 1445 3624 1514 τήν
3669 1443 3825 1496 πόλιν
3845 1441 4069 1495 εἴσοδον.

2502 1539 2655 1594 Ἐπεὶ
2679 1540 2737 1593 δὲ
2770 1539 2934 1594 πάλιν
2963 1540 2992 1593 ό
3018 1537 3146 1602 λαὸς
3175 1538 3496 1608 ἠγανάκτει,
3530 1539 3625 1589 καὶ
3658 1538 3785 1599 τοὺς
3808 1534 4074 1607 κρατοῦν-

2487 1649 2586 1695 τας
2617 1629 2873 1702 ἐλοιδόρει
2897 1669 2912 1693 ,
2941 1629 3182 1699 βιασθεὶς
3213 1628 3478 1699 εἰσῆλθεν.
3526 1630 3616 1682 Ἐν
3645 1627 3987 1698 ψαλμῳδίαις
4013 1627 4074 1682 δὲ

2490 1723 2628 1794 πρὸς
2675 1723 2738 1776 τὸ
2786 1721 3002 1792 συμϐὰν
3049 1721 3452 1791 πεποιημέναις
3493 1721 3810 1790 ὑπαντήσας
3844 1721 3874 1772 6
3901 1719 4073 1789 δῆμος

2493 1810 2707 1884 (ἔφερον
2727 1812 2782 1866 δὲ
2798 1814 3001 1883 κηροὺς
3017 1811 3296 1882 ἡμμένους
3309 1813 3358 1866 οἰ
3384 1810 3645 1881 πλείους),
3663 1813 3887 1880 ἄγουσιν
3906 1810 4074 1863 αὐτὸν

2490 1905 2585 1958 ἐπὶ
2620 1905 2720 1974 τὴν
2764 1904 3079 1974 ἐκκλησίαν.
3129 1903 3572 1975 Παραιτούμενόν
3611 1919 3705 1965 τε,
3735 1902 3830 1956 καὶ
3871 1901 4075 1954 πολλὰ·

809 1994 1138 2046 ειειὶιιεικιι.
1186 1992 1293 2049 Sed
1339 2010 1465 2049 cum
1515 1996 1754 2066 populus
1782 1997 1964 2052 denuo
1992 1997 2388 2068 indignaretur,
2420 1989 2464 2046 Β
2491 2015 2570 2061 κις

2312 2013 2388 2063 ur,
2420 1989 2464 2046 Β
2491 2015 2580 2061 κις
2620 1996 3026 2068 ἰσχυριζόμενον
3073 1997 3272 2081 χρῆναι
3309 1996 3578 2066 πρότερον
3603 1997 3730 2059 τοὺς
3760 1995 4073 2064 καταψηφι-

809 2095 863 2136 et
898 2085 1257 2155 imperatores
1309 2087 1576 2143 conviciis
1619 2087 1952 2153 incesseret,
1985 2099 2206 2145 coactus
2261 2087 2385 2143 tan-

809 2175 932 2231 dem
979 2177 1251 2234 introivit.
1294 2178 1469 2236 Porro
1506 2180 1745 2251 populus
1787 2181 2028 2252 psalmos
2075 2195 2281 2236 canens
2316 2180 2386 2235 ad

811 2284 1054 2338 presens
1123 2271 1403 2341 negotium
1472 2273 1845 2342 compositos,
1901 2273 2148 2343 plerique
2218 2273 2385 2327 etiam

809 2375 1001 2416 cereos
1031 2376 1298 2419 accensos
1319 2364 1573 2420 manibus
1596 2373 1874 2435 gestantes
1911 2365 2128 2419 obviam
2159 2364 2210 2419 ei
2252 2381 2387 2435 pro-

809 2453 1008 2522 gressi,
1025 2453 1092 2509 ad
1113 2455 1405 2511 ecclesiam
1433 2471 1558 2511 eum
1583 2456 1945 2512 deduxerunt.
1976 2457 2042 2511 Et
2069 2472 2383 2528 quanquam

810 2556 1182 2613 recusantem,
1215 2563 1282 2603 ac
1327 2549 1532 2620 saepius
1554 2549 1912 2606 afﬁrmantem
1963 2551 2118 2620 prius
2164 2565 2388 2606 necesse

809 2653 956 2704 esse,
989 2651 1049 2693 ut
1079 2641 1174 2710 qui
1207 2641 1388 2711 ipsum
1442 2641 1973 2703 condemnaverant,
2019 2650 2228 2696 mutata
2262 2658 2389 2698 sen-

809 2730 983 2784 tentia
1010 2747 1162 2788 nunc
1194 2733 1564 2799 absolverent,
1599 2734 2006 2804 compulerunt,
2040 2734 2118 2788 uti
2153 2749 2273 2790 mos
2303 2741 2389 2789 est

809 2821 1111 2893 episcopis,
1153 2839 1344 2894 pacem
1405 2825 1612 2896 populo
1665 2825 1829 2889 dare,
1884 2833 1940 2880 et
1995 2825 2050 2879 in
2093 2825 2390 2896 episcopali

811 2914 953 2971 solio
1012 2917 1326 2974 considere.
1381 2917 1621 2974 Coactus
1675 2918 1895 2986 itaque,
1959 2919 2386 2986 extemporalem

811 3024 1035 3078 quoque
1073 3008 1269 3063 habuit
1304 3012 1632 3072 orationem.
1681 3009 2024 3080 Sumptoquc
2061 3019 2388 3079 argumento

809 3115 879 3154 ex
929 3101 1337 3172 elegantissima
1385 3101 1782 3163 similitudine,
1824 3101 2057 3169 figurate
2101 3102 2384 3166 indicavit,

2492 2088 2762 2158 σαμένους
2809 2087 2974 2142 αὐτοῦ
3026 2089 3190 2142 πάλιν
3237 2086 3718 2158 ἀποψηφίσασθαι,
3745 2086 3822 2150 ὡς
3866 2085 4075 2156 ἱερεῦσι

2491 2178 2646 2250 θέμις
2662 2178 3122 2251 (64),ἠνάγκασαν
3143 2178 3241 2248 τὴν
3269 2179 3493 2250 εἰρήνην
3508 2178 3586 2248 τῷ
3606 2177 3719 2247 λαῷ
3735 2178 4072 2248 προσειπεῖν,

2490 2269 2584 2326 καὶ
2608 2272 2689 2336 εἰς
2711 2271 2802 2324 τὸν
2823 2271 3178 2325 ὲπισκοπικὸν
3201 2269 3424 2324 καθίσαι
3446 2269 3652 2342 θρόνον.
3681 2267 4076 2337 Ἀναγκασθείς

2490 2362 2569 2429 δὲ,
2600 2364 2696 2418 καὶ
2730 2364 2934 2435 σχέδιόν
2953 2381 3074 2418 τινα
3099 2361 3344 2434 διεξῆλθε
3366 2362 3542 2431 λόγον.
3584 2363 3678 2415 Ἐκ
3708 2360 4076 2432 χαριεστάτης

2491 2453 2546 2508 δὲ
2578 2454 2790 2517 εἰκόνος
2832 2455 2930 2518 τὰς
2976 2454 3232 2526 ἀφορμὰς
3264 2453 3477 2516 λαϐὼν,
3510 2453 3774 2524 ὑπεδήλου
3816 2451 4077 2519 Θεόφιλον

2495 2545 2596 2616 μὲν
2633 2545 2913 2616 ἐνυϐρίσαι
2932 2544 3028 2616 τὴν
3049 2545 3140 2599 ὑπ’
3162 2545 3323 2599 αὑτὸν
3357 2544 3680 2615 Ἐκκλησίαν
3704 2544 4076 2614 ἐπιχειρῆσαι,

2493 2635 2570 2700 ὡς
2619 2635 2711 2689 τὸν
2759 2637 3073 2704 Αἰγυπτίων
3122 2636 3348 2706 βασιλέα
3393 2636 3492 2708 τὴν
3544 2635 3793 2706 Ἀϐραὰμ
3821 2634 3918 2688 τοῦ
3975 2651 4080 2688 πια-

2493 2727 2753 2799 τριὰρχου
2793 2728 3192 2799 γαμετὴνμὶις
3214 2729 3271 2782 αἰ
3320 2727 3430 2781 τῶν
3483 2728 3752 2799 Ἐϐραίων
3805 2725 4078 2798 ἱστοροῦσι

2489 2819 2664 2891 βίϐλοι
2689 2836 2702 2848 °
2739 2820 2834 2873 τὸν
2858 2820 2916 2873 δὲ
2961 2819 3088 2874 λαὸν
3123 2820 3200 2884 ὡς
3223 2819 3369 2884 εἰκὸς
3406 2820 3701 2883 ἐπαινέσας
3739 2821 3839 2890 τῆς
3871 2819 4074 2889 προθυ⁴

2491 2912 2620 2983 μίας
2639 2951 2654 2975 ,
2676 2911 2772 2964 καὶ
2801 2913 2929 2976 τοὺς
2971 2912 3310 2983 κρατοῦντας
3349 2915 3451 2984 τῆς
3487 2912 3620 2983 περὶ
3649 2911 3812 2966 αὑτὸν
3840 2912 4074 2975 εὐνοίας,

2487 3009 2568 3070 εἰς
2607 3007 2834 3071 πολλοὺς
2863 3008 3090 3078 κρότους
3122 3010 3218 3061 καὶ
3245 3009 3520 3078 εὐφημίαν
3547 3007 3643 3062 τοῦ
3680 3005 3949 3077 βασιλέως
3983 3021 4080 3058 και

2489 3102 2588 3172 τῆς
2642 3100 2807 3154 αὐτσῦ
2863 3101 3144 3171 γαμετῆς,
3175 3101 3236 3154 τὸ
3282 3100 3486 3172 πλῆθος
3541 3099 3828 3171 ἐκίνησεν,
3855 3097 3932 3162 ὡς
3983 3095 4079 3149 καὶ

809 3187 1177 3260 Il'hcophilnm
1205 3190 1425 3262 quidem
1463 3199 1707 3246 tentasse
1731 3193 1838 3245 vim
1885 3191 2090 3246 inferre
2120 3187 2376 3246 Ecclesiae
2484 3194 2570 3263 ήμι

1618 3206 1707 3246 sse
1731 3193 1838 3245 vim
1885 3191 2090 3246 inferre
2120 3187 2376 3246 Ecclesia:
2484 3192 2716 3263 ήμιτελῆ
2741 3192 3062 3246 καταλιπεῖν
3079 3193 3174 3246 τὸν
3201 3192 3379 3262 λόγον.

810 3299 953 3350 suae,
989 3285 1216 3355 perinde
1245 3301 1309 3341 ac
1349 3287 1478 3342 olim
1516 3301 1701 3356 regem
1736 3285 2049 3358 Egyptium
2097 3287 2254 3340 uxori
2284 3285 2612 3354 patriarchae
2677 3286 3003 3351 Abrahami,
3069 3294 3132 3340 ut
3176 3286 3416 3342 refertur
3475 3286 3530 3341 in
3594 3285 3771 3342 sacris
3833 3282 4079 3338 lleme-

810 3391 933 3431 rum
963 3376 1186 3435 Libris:
1219 3380 1480 3450 p0pnlum
1512 3394 1664 3444 vero,
1713 3380 1784 3436 ob
1829 3395 2162 3450 propensum
2202 3395 2332 3451 erga
2399 3396 2459 3436 se
2495 3381 2777 3445 animum,
2815 3391 2872 3435 et
2912 3380 3268 3450 imperatores
3310 3379 3382 3434 ob
3433 3379 3700 3450 prolixam
3750 3377 4079 3434 benevolen—

811 3469 974 3533 tiam,
1012 3477 1072 3524 ut
1131 3485 1230 3539 par
1265 3477 1416 3532 erat,
1469 3471 1723 3525 laudibus
1780 3480 2144 3540 prosecutus,
2231 3479 2418 3526 tantos
2456 3472 2827 3528 multitudinis
2868 3473 3098 3542 plausus
3145 3479 3339 3542 totque
3371 3470 3798 3526 acclamationes
3840 3469 3892 3524 in
3963 3469 4081 3528 lat..-

811 3566 934 3620 dem
988 3563 1339 3633 imperatoris
1391 3570 1446 3618 et
1493 3563 1756 3633 Augustae
1783 3562 1946 3634 350
1982 3563 2276 3629 excitavit,
2319 3571 2380 3618 ut
2415 3567 2720 3620 orationem
2754 3564 3125 3635 imperfectam
3156 3565 3484 3633 abrumpere
3522 3563 3598 3617 sit
3633 3569 3877 3618 coactus.

1422 3652 1576 3708 CAP.
1617 3653 1761 3708 XIX.
2411 3663 2456 3720 ο
3072 3657 3183 3710 ΚΕ(

1709 3653 1761 3708 t.
2411 3663 2456 3720 ο
3072 3654 3470 3726 κεφΑΑ.ςιΘν.

812 3748 892 3802 De
943 3746 1278 3814 improbitate
1334 3744 1641 3816 Theophili,
1681 3745 1844 3814 deque
1893 3745 2191 3816 inimicitiis
2252 3745 2392 3798 inter
2491 3751 2573 3815 Πε

2320 3754 2392 3798 ter
2491 3747 2631 3816 Περί
2683 3746 2796 3816 τῆς
2849 3746 3221 3815 δυστροπίας
3271 3747 3585 3816 Θεοφίλου,
3634 3745 3736 3798 καὶ
3784 3747 3916 3815 περι
3969 3747 4081 3816 τῆς

886 3816 1167 3887 ιΕςνριὶοι
1213 3823 1265 3887 et
1313 3815 1933 3887 Constantinopolitano:
1974 3831 1993 3868 :
2032 3827 2109 3887 et_
2141 3815 2206 3868 de
2260 3816 2390 3887 fuga
2565 3815 2647 3884 ἔχε

2319 3831 2390 3887 ga
2565 3815 2787 3887 ἔχθρας
2833 3818 3188 3886 Αἰγυπτίων,
3219 3818 3317 3870 καί
3343 3815 3464 3887 τῷν
3511 3815 4079 3887 Κωνσταντινουποὲ

886 3884 1180 3956 Theophili.
1229 3885 1366 3956 Item
1403 3886 1468 3940 de
1514 3884 1853 3941 Nilammone
1900 3884 2154 3940 monacho
2182 3901 2200 3940 :
2227 3895 2278 3940 et
2325 3886 2390 3939 de
2563 3891 2647 3941 λιι

2325 3886 2390 3939 de
2563 3886 2768 3941 .ImIrr'
2810 3884 3066 3956 καίπερί
3093 3887 3207 3955 τῆς
3246 3885 3447 3956 φυγῆς
3479 3886 3790 3956 Θεοφίλου·
3819 3887 3916 3940 καὶ
3946 3890 4078 3956 περὶ

882 3954 1084 4030 synodo
1111 3974 1205 4013 oro
1241 3955 1451 4010 Joanne
1477 3956 1720 4011 collecta.
2559 3961 2643 4013 Νι.

2565 4046 2642 4081 νη

2559 3957 2954 4027 Νιλάμμωνος
2989 3954 3096 4012 τοῦ
3124 3954 3416 4026 ἀσκὴτοῦ,
3446 3955 3544 4010 καὶ
3571 3954 3682 4024 τῆς
3714 3957 3847 4011 περὶ
3879 3954 4078 4012 Ἰωάν-

2565 4044 2688 4081 νην
2733 4028 3024 4081 συνόδου.

2565 4044 2688 4096 νην
2733 4029 3024 4084 συνόδου.

884 4124 952 4178 At
985 4121 1349 4194 Theophilus,
1384 4121 1670 4192 ambigens
1712 4121 1842 4192 quid
1872 4119 2021 4175 facto
2050 4135 2190 4191 opus
2221 4128 2392 4187 esset,
2563 4121 2645 4174 Θε‹

2315 4128 2392 4187 et,
2563 4120 2821 4189 Θεόφιλος
2851 4121 2908 4174 δὲ
2928 4119 3153 4192 ἀπορῶν
3181 4122 3210 4174 ὃ
3232 4137 3285 4174 τι
3323 4121 3590 4193 χρήσαιτο
3631 4123 3742 4184 τοῖς
3789 4119 4076 4193 παροῦσιν,

814 4218 944 4272 licet
971 4213 1236 4271 Joannem
1269 4215 1488 4285 publice
1517 4229 1781 4270 accusare
1809 4213 1994 4279 vellet,
2020 4213 2166 4284 quod
2198 4223 2389 4268 contra
2491 4212 2575 4265 oin

2317 4224 2389 4268 Lra
2491 4212 2593 4266 οὐκ
2617 4212 2861 4284 ἐθάρρει,
2899 4212 3103 4284 καίπερ
3143 4211 3612 4284 προθυμούμενος,
3640 4214 3722 4276 εἰς
3751 4211 3811 4264 τὸ
3841 4211 4078 4282 φανερὸν

816 4309 1130 4380 praescripta
1181 4307 1398 4378 legum,
1439 4314 1564 4376 post
1623 4305 2020 4377 depositionem
2079 4304 2392 4362 sacerdotio
2492 4307 2577 4361 δια

2320 4304 2392 4362 lio
2492 4305 2800 4361 διαϐάλλειν
2857 4304 3130 4375 Ἰωάννην,
3147 4305 3222 4368 ὼς
3247 4304 3581 4375 παρανόμως
3604 4303 3742 4374 μετὰ
3766 4303 4081 4373 καθαίρεσιν

817 4399 1158 4472 fungeretur,
1212 4414 1325 4453 non
1389 4405 1572 4454 tamen
1637 4398 1776 4454 satis
1830 4397 2045 4453 fiducia:
2081 4397 2386 4454 habebat’.
2500 4399 2578 4471 ἰερ

2318 4437 2322 4450 .
2345 4398 2386 4454 ⁸.
2500 4398 2965 4471 ἰερωμένον.Ἥδη
2992 4397 3101 4470 γὰρ
3128 4400 3241 4462 τοῖς
3263 4395 3523 4470 κρατοῦσι
3539 4394 4079 4467 ποοσκρούσων(65),

939 4511 1094 4566 Socr.
1127 4509 1222 4566 lib.
1253 4527 1329 4576 vt,
1365 4524 1417 4566 c.
1454 4510 1544 4565 17.

2004 4601 2272 4657 VALESII
2309 4597 2863 4660 ANNOTATIONES.

889 4691 1002 4763 (δὲ)
1041 4692 1148 4765 Kal
1174 4694 1573 4764 μυσταγωγὸν
1607 4693 1727 4765 τῶν
1751 4693 1944 4763 αὐτῆς
1975 4695 2232 4749 παίδων.
2267 4693 2397 4749 Snf-
2426 4701 2476 4760 D
2573 4696 2650 4762 (62

2322 4696 2397 4749 if-
2426 4701 2476 4760 D
2573 4695 2689 4765 (65)
2729 4693 2868 4762 Περί
2914 4692 3049 4765 τὸνΔ
3081 4693 3444 4765 ’ᾼνὰπλουια
3491 4689 3948 4765 Anaplns_lo.fus
3992 4701 4083 4745 est

818 4760 994 4820 fridus
1041 4760 1240 4818 Petrus
1285 4760 1431 4818 hunc
1471 4760 1659 4819 locum
1716 4764 1792 4818 ita
1830 4760 2271 4834 interpretatur:
2318 4766 2384 4820 Et
2503 4760 2835 4834 itadi'ctus',
2885 4763 2954 4817 ad
3006 4762 3300 4818 sinistrum
3358 4764 3502 4834 latus
3528 4760 3939 4834 Poinquuxini
3967 4802 3982 4824 ,
4020 4770 4083 4815 ut

818 4836 1107 4906 liberarunt
1147 4851 1366 4888 suorum
1405 4835 1461 4906 in
1500 4835 1754 4906 religione
1802 4829 2220 4906 gubernatorem.
2276 4835 2387 4890 Me-
2491 4838 2654 4891 docet
2698 4833 3003 4906 Procopius
3032 4835 3088 4888 in
3127 4834 3283 4906 libro
3303 4833 3480 4900 primo
3507 4832 3579 4906 _de
3609 4829 3880 4885 IEdiliciis
3919 4847 3933 4882 :
3975 4847 4080 4906 cn-

819 4907 926 4960 lins
971 4905 1342 4976 institutorem
1393 4902 1963 4976 tlixisset._Musculus
1997 4921 2127 4960 vero
2145 4917 2386 4976 dmysta-
2489 4907 2584 4975 jus
2643 4905 3096 4976 metninitietiam
3136 4903 3478 4976 Stephanus
3506 4903 3742 4976 in_voce
3794 4902 4077 4976 γυναικῷν

818 4992 1016 5046 gogum
1051 4975 1213 5048 vertit
1263 4990 1372 5028 non
1429 4976 1590 5048 male.
1647 4974 1742 5029 Sic
1792 4983 2002 5048 autem
2029 4977 2098 5028 ab
2143 4971 2387 5048 Eudoxia
2490 4971 2682 5048 λιμήν.
2718 4975 2774 5028 In
2801 4990 2868 5029 eo
2903 4975 3028 5048 loco
3051 4975 3216 5048 situm
3246 4971 3779 5048 erat_sttbttrhanum
3814 4973 4082 5048 Eutloxize

818 5040 1047 5118 vocatus
1074 5053 1158 5098 est
1173 5043 1424 5118 Joannes
1445 5045 1895 5118 Chrysostomus,
1921 5046 2006 5118 vel
2035 5046 2180 5115 quod
2213 5047 2390 5114 ipsius
2497 5040 2759 5118 Angusta;
2785 5086 2800 5111 ,
2855 5045 3002 5114 quod
3058 5043 3313 5098 Mariana
3357 5042 3642 5098 dicebatur
3663 5080 3678 5105 ,
3728 5049 3869 5097 teste
3913 5040 3973 5094 N'
4005 5063 4010 5070 ·
4067 5072 4080 5079 -

821 5117 961 5190 tilias
988 5129 1147 5169 sacro
1173 5115 1398 5190 lavacro
1423 5115 1717 5190 tinxisset.
1749 5117 1833 5190 vel
1862 5115 2005 5190 quod
2037 5131 2133 5190 eos
2161 5130 2192 5190 e
2229 5131 2390 5190 sacro
2498 5115 2699 5190 phoro.

821 5186 970 5240 fonte
1022 5185 1380 5253 suscepisset.
1423 5186 1584 5240 Certe
1651 5186 1731 5256 de
1775 5179 2090 5242 Theodosio
2157 5183 2391 5242 Juniore
2500 5179 2518 5190 ’
2570 5193 2582 5255 t

2316 5202 2391 5242 ire
2500 5179 2518 5190 ’
2570 5189 2682 5256 (σι)
2733 5186 2832 5251 Ὠς
2877 5184 3101 5256 ἱερεῦσι
3147 5183 3331 5256 θέμις.
3385 5180 3510 5256 llaec
3558 5181 3722 5256 verba
3787 5179 4077 5235 referenda

821 5255 1087 5336 Eudoxia:
1135 5256 1245 5338 filio
1293 5256 1342 5309 id
1394 5265 1625 5310 testatur
1676 5255 2014 5338 yicephorus
2039 5271 2160 5338 cap.
2197 5258 2272 5338 ξ..
2295 5257 2388 5314 lib.
2499 5253 2631 5338 sunt
2657 5256 2723 5338 ad
2748 5258 2799 5338 id
2829 5255 2974 5338 quod
3007 5255 3251 5338 proxime
3283 5253 3552 5322 sequitur,
3586 5253 3824 5338 εἰρήνηνι
3849 5267 4078 5338 προσει-

2501 5332 2620 5382 πεῖν
2647 5327 2724 5398 τῷ
2755 5323 2890 5396 λαῷ,
2922 5323 3068 5396 quod
3113 5340 3221 5378 non
3250 5323 3790 5398 moriereiii,_nisi_ali
3813 5323 4082 5389 interpre.

2501 5400 2648 5454 tibus
2669 5389 3112 5451 animadversum
3141 5409 3248 5448 non
3282 5393 3498 5448 fuisset.
3530 5389 3876 5462 Nicephorus
3893 5399 4081 5445 tamen

2504 5470 2620 5524 haec
2654 5469 2819 5523 verba
2853 5467 3044 5520 retulit
3075 5465 3142 5518 ad
3206 5464 3262 5519 id
3301 5463 3530 5518 verbum
3575 5462 3722 5532 quod
3770 5463 4055 5532 praecessit

2503 5535 2974 5610 ἀποψηφίσασθαι,
3008 5535 3154 5606 quod
3193 5549 3304 5588 non
3341 5533 3533 5602 probo.

2566 5610 2678 5680 (65)
2710 5607 2872 5681 A'Hdg
2933 5605 3043 5681 γὰρ
3096 5601 3553 5681 ζῶς’-κρατοῦσι
3578 5601 4075 5681 ’πριισκρούσωῃ

2499 5671 2791 5735 Δέδειιίιίοτ
2827 5671 3064 5732 Henrico
3094 5671 3320 5736 Savilio’,
3350 5673 3444 5742 qui
3477 5672 3542 5726 ad
3578 5672 3725 5727 latus
3752 5673 3839 5742 sui
3868 5671 4079 5742 codicis

2498 5749 2812 5806 emendavit
2843 5748 2975 5819 ᾔδει.
3019 5747 3190 5823 Certe
3231 5748 3304 5799 ita
3364 5741 3564 5823 legitur
3613 5743 3760 5823 apud
3803 5741 4078 5823 Nicephoi-

2502 5836 2623 5875 rum
2661 5841 2671 5873 :
2706 5835 2804 5874 nec
2850 5815 3047 5876 sensus
3083 5818 3287 5889 patitur
3333 5824 3391 5871 ut
3427 5815 3586 5871 aliter
3617 5815 3942 5870 scribamus
3979 5819 4087 5872 aut

2504 5894 2775 5964 legamus.

821 5341 942 5385 xm.
970 5329 1095 5380 cum
1124 5341 1153 5379 a
1180 5324 1394 5380 Joanne
1426 5342 1456 5380 e
1483 5341 1643 5380 sacro
1675 5324 1824 5380 fonte
1847 5324 2163 5394 susceptum
2199 5326 2390 5380 fuisse.

821 5396 1010 5451 Potest
1049 5403 1234 5467 tamen
1275 5397 1634 5467 μυσταγωγός
1667 5397 1810 5450 sumi
1861 5413 1961 5467 pro
1994 5411 2060 5450 eo
2108 5397 2199 5464 qui
2248 5408 2396 5467 cate-

821 5467 1025 5521 chizat.
1057 5465 1212 5533 Quod
1238 5465 1436 5521 rnunns
1458 5465 2001 5533 episcOpornm'olim
2035 5467 2208 5522 fuisse
2235 5465 2396 5521 ducet

823 5536 1192 5607 Hieronymus
1232 5537 1287 5591 in
1335 5535 1574 5607 Epistola
1603 5538 1668 5591 ad
1697 5537 2106 5607 Pammachinm
2145 5537 2211 5590 de
2243 5552 2399 5590 erro-

825 5608 980 5662 ribus
1004 5606 1238 5661 Joannis
1274 5606 1782 5679 Hierosolymitani.
1809 5606 1979 5679 Magis
2003 5614 2184 5679 tamen
2221 5608 2398 5679 placet

825 5679 978 5746 prior
1009 5679 1300 5748 expositio.
1340 5676 1475 5730 Nam
1521 5676 1919 5746 μυσταγωγεῖν’
1962 5692 2064 5748 pro
2116 5677 2397 5747 baptizare

827 5757 1059 5818 usurpat
1089 5746 1611 5818 Sozomenusninfra
1643 5750 1818 5816 capite
1855 5749 1946 5802 2|.
1967 5746 1975 5748 ⁷
1996 5746 2398 5818 υιίιυτίοειάοιη

827 5817 1273 5888 voce’Palladins
1322 5819 1375 5872 in
1428 5817 1548 5872 Vita
1580 5817 1804 5872 Joannis
1838 5817 2211 5888 Chrysostomi
2242 5860 2258 5884 ,
2305 5819 2400 5874 ubi

826 5889 1039 6016 illnmda
1076 5887 1301 5968 .Mclctio
1348 5888 1708 5946 Antiochensi
1756 5887 2018 5961 episcopo
2064 5889 2401 5960 baptizatum

826 5975 952 6016 esse
1020 5971 1135 6015 tctt.

826 5975 952 6016 esse
979 5971 1135 6016 (ιιιειι.
