4460 6634
408 474 543 531 I565

1359 471 1681 529 HISTORIA
1719 469 2270 527 ECCLESIASTICA.
2314 473 2530 530 -—Lii3.
2579 474 2712 532 'v'lil.

3528 485 3668 543 1.366

401 584 454 637 οἳ
486 586 574 639 διὰ
599 588 696 659 τὴν
718 588 932 661 κίνησιν
956 589 1047 644 τοῦ
1077 591 1274 662 δήμου,
1305 591 1734 662 παραιτούμενον
1763 589 1990 644 ἑπανελ-
2017 594 2062 650 Α
2094 589 2162 642 Nn

1905 589 1990 642 ελ-
2017 594 2062 650 Α
2094 589 2260 644 Norat
2298 593 2442 646 enim
2476 607 2534 646 se
2564 591 2667 646 hoc
2701 592 2844 648 iacto
2876 595 3266 665 imperatorem
3314 612 3370 655 et
3409 617 3666 671 proceres

406 679 515 729 θεῖν
566 679 870 736 ξῦιάσαντο.
901 683 1025 746 Τοῖς
1049 683 1106 736 δὲ
1146 682 1493 755 Ἡρακλείδου
1535 685 1859 754 κατηγόροις
1905 682 1986 735 δι-

404 772 696 840 καστήριον
717 772 858 826 κατά
875 773 1106 839 ἀπόντος
1126 775 1481 846 προτέθηκεν.
1503 774 1707 846 οἰηθεὶς
1734 773 1984 828 ἐντεῦθεν

398 862 772 932 εὐλογωτέραν
825 883 943 930 πως
1004 867 1184 921 αἰτίαν
1252 868 1505 938 εὑρήσειν
1565 867 1666 937 τῆς
1730 867 1980 920 Ἰωάννου

401 951 792 1025 καθαιρέσεως.
827 958 1221 1030 Ἀντερούντων
1243 958 1298 1012 δὲ
1327 958 1435 1012 τῶν
1455 957 1619 1012 αὐτοῦ
1639 959 1980 1030 ἐπιτηδείων,

401 1045 476 1105 ὼς
504 1047 566 1098 οὐ
597 1047 844 1118 νόμιμον,
869 1051 989 1104 οὐδὲ
1019 1051 1488 1126 ἐκκλησιαστικὸν,
1509 1053 1599 1106 τὸν
1633 1055 1837 1108 ἀπόντα
1863 1054 1982 1125 κρί-

401 1137 606 1204 νεσθαι,
637 1139 746 1192 τῶν
776 1141 830 1194 δὲ
861 1143 987 1212 περὶ
1013 1144 1103 1196 τὸν
1141 1145 1394 1214 Θεόφιλον
1417 1147 1674 1201 τάναντία
1714 1147 1981 1216 ἰσχυριζο-

403 1229 600 1299 μένων,
619 1231 996 1304 ἐπιλαϐόμενοι
1010 1236 1109 1306 τῆς
1134 1236 1303 1307 ἔριδος
1321 1237 1379 1290 τὸ
1393 1238 1576 1291 λοιπὸν
1603 1238 1711 1292 τῶν
1738 1237 1982 1304 Ἀλεξαν-

401 1319 568 1392 δρέων
590 1316 683 1376 καὶ
705 1324 1261 1398 Αἰγυπτίων’πλῆθος,
1296 1328 1446 1382 καὶὸ
1474 1313 1980 1383 Κωνσταντινουίτό-

400 1412 534 1477 λεως
563 1414 688 1479 λαὸς
705 1456 718 1480 ,
741 1417 819 1481 είς
849 1417 1110 1488 ἀλλήλους
1145 1417 1428 1490 ἐχώρησαν
1450 1437 1463 1450 ·
1483 1420 1558 1484 ὡς
1573 1421 1798 1485 πολλοὺς
1811 1438 1980 1492 τραυ-

403 1503 600 1572 ματίας
641 1505 911 1573 γενέσθαι,
941 1506 1093 1580 τινὰς
1131 1508 1188 1562 δὲ
1217 1511 1305 1563 καὶ
1350 1510 1664 1564 ἀπολέσθαι.
1695 1511 1980 1577 Δείσαντες

400 1594 453 1648 δὲ
487 1597 580 1649 καὶ
623 1597 952 1669 Σεὸηριανδς
997 1600 1089 1652 καὶΙ
1126 1600 1176 1652 oi
1205 1600 1355 1654 ἄλλοι
1379 1601 1682 1668 ἐπίσκοποι,
1707 1602 1844 1674 πλὴν
1873 1602 1978 1660 τῶν

399 1688 466 1741 τὰ
511 1687 754 1744 Ἰωάννου
784 1691 1152 1761 φρρνούντων,
1183 1696 1326 1764 φυγῇ
1349 1693 1446 1766 τὴν
1470 1696 1980 1752 Κωνσταντινούπο-

399 1779 481 1832 λιν
525 1779 813 1837 ἀπέλιπον.
846 1783 958 1839 Καὶ
1007 1783 1266 1854 Θεόφιλος
1297 1786 1352 1839 δὲ
1397 1789 1595 1842 αὐτίκα
1640 1788 1805 1859 μηδὲν
1847 1790 1978 1844 ἀνα-

398 1869 745 1942 ϐαλλόμενος,
936 1874 1030 1928 τοῦ
1079 1877 1345 1947 χειμῶνος
1387 1880 1728 1949 ἀρχομένου,
1759 1880 1975 1949 φεύγων

2092 681 2463 751 oﬂ‘eusurum,
2506 685 2600 754 qui
2652 693 2875 754 propter
2923 689 3114 758 populi
3159 691 3486 750 seditionem
3537 711 3664 750 eum

2093 772 2320 826 invitum
2365 772 2545 828 redire
2591 777 2991 846 compulerant.
3037 780 3209 853 igitur
3244 785 3665 840 accusatoribus

2091 862 2425 931 Heraclidis,
2466 866 2738 936 judicium
2779 877 2971 926 contra
3021 875 3304 930 absentem
3353 879 3662 942 constituit,

2092 965 2246 1012 ratus
2276 973 2342 1012 ex
2370 973 2432 1012 ea
2469 973 2528 1014 re
2554 960 2979 1028 probabiliorem
3017 981 3076 1020 se
3105 980 3328 1021 causam
3357 969 3663 1037 deponendi

2087 1044 2315 1104 Joannis
2345 1057 2714 1117 arrepturum.
2742 1051 2849 1107 Sed
2876 1069 3002 1108 cum
3036 1056 3200 1112 amici
3227 1059 3349 1125 ejus
3384 1061 3665 1113 contradi-

2087 1149 2301 1203 cerent,
2333 1155 2434 1194 nec
2473 1139 2710 1210 justum,
2755 1158 2857 1198 nec
2893 1145 3331 1201 ecclesiasticum
3363 1164 3485 1204 esse
3518 1149 3662 1204 amr-

2087 1238 2339 1293 mantes,
2375 1230 2650 1286 hominem
2682 1233 2963 1289 absentem
3003 1237 3287 1304 judicare,
3323 1239 3662 1310 Theophilus

2086 1335 2218 1398 vero
2255 1337 2379 1376 cum
2404 1326 2521 1379 suis
2542 1333 2736 1379 contra
2770 1326 3077 1382 niteretur:
3103 1330 3231 1385 hinc
3262 1333 3470 1403 reliqua
3501 1332 3663 1405 Egy-

2088 1413 2328 1483 ptiorum
2362 1423 2416 1469 et
2437 1417 2937 1482 Alexandrinorum
2976 1422 3300 1486 multitudo,
3331 1425 3459 1480 inde
3489 1441 3664 1497 popu-

2086 1502 2170 1558 lus
2232 1503 2880 1575 Constantinopolitanus
2945 1510 3112 1566 rixari
3177 1515 3446 1584 aggressi,
3485 1516 3540 1570 in
3599 1531 3662 1572 se

2085 1602 2276 1650 mutuo
2325 1595 2584 1666 impetum
2630 1597 2842 1664 fecere,
2887 1601 3025 1656 adeo
3063 1611 3123 1657 ut
3168 1607 3325 1660 multi
3366 1608 3658 1672 vulnerati,

2083 1684 2308 1754 quidam
2337 1688 2502 1740 etiam
2540 1683 2818 1742 interfecti
2850 1688 2982 1744 sint.
3014 1690 3200 1761 Itaque
3233 1691 3567 1750 Severianus
3603 1703 3662 1750 et

2085 1776 2281 1842 reliqui
2323 1777 2561 1848 episcopi
2596 1790 2738 1834 metu
2788 1783 3108 1846 conterriti,
3150 1785 3392 1854 exceptis
3443 1787 3511 1841 iis
3561 1787 3657 1856 qui

2081 1863 2278 1921 Joanni
2325 1865 2707 1934 adhaerebant,
2755 1886 2946 1927 omnes
2999 1888 3064 1927 ex
3101 1874 3246 1930 urbe
3297 1877 3653 1946 aufugerunt.

397 1958 514 2022 ἅμα
554 1944 821 2034 Ὶσαακίῳν
858 1963 936 2035 τῷ
980 1944 1198 2036 μοναχῷ
1239 1944 1580 2021 ἀπέπλευσεν
1611 1971 1692 2033 εἰς
1730 1944 1976 2037 ’Ᾰλεξάν-
2004 1944 2050 2006 Β
2079 1957 2158 2028 lPS

1896 1971 1976 2024 ίν,
2004 1944 2050 2006 Β
2079 1957 2378 2028 Ιρεεβιίιιω
2400 1960 2735 2031 Theophilus
2753 1963 2898 2018 illico
2927 1964 3065 2017 nihil
3091 1975 3407 2031 cunctatus,
3434 1944 3657 2025 ineunte

396 2054 598 2122 δρειαν.
646 2053 779 2107 Ἀπὸ
808 2054 862 2109 δὲ
899 2055 994 2110 τοῦ
1031 2057 1301 2127 πελάγους
1327 2051 1425 2112 ὦδε
1459 2059 1673 2130 συμϐὰν
1697 2101 1711 2125 ,
1741 2065 1978 2134 κατῆρεν

393 2145 475 2208 εἰς
499 2145 672 2215 Γέρας
693 2147 804 2220 (66)
827 2149 980 2203 πόλιν
1007 2150 1232 2222 μικρὰν,
1269 2153 1410 2222 ἀμφὶ
1441 2153 1772 2225 πεντήκοντα
1790 2154 1978 2210 στάδια

397 2234 487 2290 τού
537 2239 836 2309 Πηλουσίου
881 2243 1224 2312 ἀφεστῶσαν.
1271 2247 1700 2316 Τελευτήσαντος
1747 2248 1806 2303 δὲ
1855 2249 1974 2302 τότε

393 2328 487 2382 τοῦ
526 2331 712 2384 ἐνθάδε
743 2335 1065 2401 ἐπισκόπου,
1092 2339 1140 2392 oi
1177 2338 1275 2409 μὲν
1307 2339 1537 2404 πολῖται,
1568 2340 1643 2404 ὡς
1673 2341 1971 2410 ἐπυθόμην,

395 2419 733 2490 ἐψηφίσαντο
784 2424 1127 2497 Νιλάμμωνα
1161 2432 1486 2500 προστατεῖν
1519 2432 1617 2500 τῆς
1658 2431 1832 2484 αὐτῶν
1856 2432 1976 2484 Ἐκ-

392 2510 647 2582 κλησξας,
679 2514 846 2586 ἄνδρα
889 2517 1117 2585 ἀγαθὸν,
1164 2521 1259 2573 καὶ
1303 2521 1630 2591 μοναστικῆς
1662 2521 1974 2590 φιλοσοφίας

392 2605 474 2667 εἷς
501 2605 668 2676 ἄκρον
701 2606 941 2663 ἐλθόντα.
976 2611 1132 2681 ᾯκει
1159 2611 1213 2664 δὲ
1245 2613 1349 2684 πρὸ
1380 2612 1473 2666 τοῦ
1506 2615 1784 2676 άστεος,ὲν
1821 2615 1974 2686 οίκή-

393 2712 527 2765 ματι
567 2698 857 2770 καθείρξας
897 2701 1110 2767 ἑαυτὸν,
1160 2705 1254 2758 καὶ
1299 2705 1465 2768 λίθοις
1493 2706 1592 2776 τὴν
1625 2705 1792 2774 θύραν
1837 2705 1972 2758 ἁπο-

389 2787 622 2857 φράξας.
652 2789 1056 2860 Ἀποφεύγοντα
1085 2795 1141 2848 δὲ
1165 2796 1263 2866 τὴν
1298 2796 1612 2866 ἱερωσύνην,
1644 2794 1812 2850 έλθὼν
1837 2795 1973 2866 πρὸς

388 2881 552 2935 αὐτὸν
582 2880 859 2950 Θεόφιλος,
891 2877 1277 2940 συνεϐούλευσε
1300 2889 1690 2958 καταδέχεσθαι
1717 2888 1814 2959 τὴν
1840 2891 1969 2960 παρ’

389 2970 555 3026 αὑτοῦ
601 2976 950 3044 χειροτονίαν.
989 2978 1047 3030 '0
1095 2979 1151 3032 δὲ
1180 2979 1436 3045 πολλάκις
1470 2983 1966 3052 παραιτησάμενος,

389 3060 462 3122 ὡς
486 3063 585 3116 οὐκ
614 3063 848 3132 ἔπειθεν,
876 3067 1094 3139 Αὔριον,
1119 3070 1173 3122 ετ
1198 3087 1278 3122 σοι
1314 3070 1497 3138 φίλον,
1524 3070 1647 3140 ἔφη,
1673 3073 1897 3142 πρᾶξον,
1923 3065 1968 3126 ὦ

391 3153 574 3223 Πάτερ
594 3172 608 3185 ’
638 3154 776 3209 ὥστε
811 3174 878 3227 με
909 3161 1145 3230 σήμερον
1177 3161 1244 3214 τὰ
1273 3165 1391 3214 κατ’
1422 3163 1654 3232 ἐμαυτὸν
1685 3163 1964 3218 διαθεῖναι.

400 3240 552 3293 Ἐπεὶ
581 3242 635 3294 δὲ
663 3245 729 3314 τῇ
766 3244 1033 3318 ὑστεραία
1065 3249 1204 3302 κατὰ
1236 3250 1301 3303 τὰ
1331 3251 1662 3321 συγκείμενα
1694 3247 1841 3322 ἦλθε,
1874 3254 1968 3307 καὶ
1993 3288 2033 3322 ,η

388 3332 486 3400 τὴν
531 3331 698 3403 θύραν
744 3335 978 3405 ἀνοίγειν
1009 3339 1313 3405 ἐκέλευσεν,
1355 3343 1486 3410 Ἀγε
1529 3341 1592 3408 δὴ
1637 3345 1967 3415 πρότερον,ό

389 3421 693 3495 Νιλάμμων
732 3425 868 3497 ἔφη,
895 3429 1196 3498 εὐξώμεθα.
1242 3433 1351 3485 Καὶ
1379 3433 1628 3502 Θεόφιλος
1659 3436 1966 3502 ἐπαινέσας,

387 3513 592 3583 ηὔξατο
624 3531 637 3544 '
671 3517 974 3589 Νιλάμμων
1001 3521 1056 3574 δὲ
1101 3525 1157 3576 ὲν
1201 3523 1275 3594 τῷ
1312 3523 1565 3595 εὖχεσθαι
1589 3568 1603 3590 ,
1633 3529 1733 3600 τὴν
1785 3529 1969 3583 ἐνθάδε

387 3603 646 3657 κατέλιπε
689 3604 892 3678 βιοτήν.
933 3611 1104 3664 Τοῦτο
1142 3613 1217 3676 δὲ,
1242 3611 1311 3664 τὰ
1345 3614 1444 3682 μὲν
1493 3614 1682 3684 πρῶτα
1727 3617 1970 3686 ἠγνοεῖτο

386 3695 631 3765 Θεοφίλῳ
673 3700 765 3752 καὶ
795 3703 906 3764 τοῖς
936 3703 1071 3771 ἀμφ’
1103 3705 1262 3756 αὐτὸν
1293 3704 1488 3768 ἔξωθεν
1518 3708 1764 3761 ἑστῶσιν.
1817 3711 1969 3763 Ἀνα-

384 3789 652 3860 λωθείσης
688 3791 744 3844 δὲ
790 3791 973 3846 λοιπὸν
1003 3793 1101 3862 τῆς
1139 3783 1383 3866 ἡμέρας,
1409 3796 1483 3859 ὡς
1509 3797 1767 3862 πολλάκις
1790 3817 1967 3868 γεγω-

385 3882 604 3954 νότερον
655 3883 960 3937 καλούντων
988 3887 1084 3956 οὐχ
1119 3888 1379 3958 ὑπήκουε,
1409 3890 1804 3954 καταϐαλόντες
1843 3894 1968 3956 τοὺς

385 3973 492 4045 πρὸ
538 3973 636 4042 τῆς
679 3973 848 4046 θύρας
891 3975 1089 4041 λίθους,
1114 3974 1270 4049 εὗρον
1301 3980 1388 4031 τὸν
1419 3980 1582 4048 ἄνδρα
1619 3983 1808 4052 νεκρόν
1830 4000 1841 4012 ·
1873 3983 1964 4035 καὶ

385 4063 820 4133 περιστείλαντες
915 4065 1018 4118 ἔδει
1037 4106 1051 4131 ,
1079 4066 1342 4137 δημοσίας
1367 4069 1600 4137 ἠξίωσαν
1638 4072 1811 4138 ταφῆς
1831 4088 1843 4099 ο
1874 4072 1966 4123 καὶ¹

387 4155 674 4224 εύκτήριον
700 4153 848 4208 οἷκον
888 4175 951 4210 πε
963 4159 1014 4227 ρὶ
1045 4159 1135 4211 τὸν
1160 4159 1322 4211 αὑτοῦ
1356 4169 1522 4228 ταιρον
1542 4160 1896 4231 ᾠκοδόμησαν
1917 4164 1963 4215 oi

386 4245 703 4316 ἐπιχώριοι⁸
747 4249 840 4300 καὶ
881 4250 1258 4319 ἐπισημότατα
1299 4251 1462 4303 εἰσέτι
1495 4250 1587 4303 νῦν
1622 4253 1722 4320 τὴν
1755 4253 1962 4323 ἡμέραν

383 4338 482 4405 τῆς
509 4338 669 4390 αὑτοῦ
703 4339 957 4408 τελευτῆς
988 4341 1225 4408 ἄγουσιν.
1259 4345 1313 4392 Ὀ
1334 4341 1429 4412 μὲν
1460 4343 1520 4412 δὴ
1539 4343 1838 4412 Νιλάμμων
1860 4339 1959 4398 ᾆδε

383 4429 640 4499 τέθνηκεν
667 4472 680 4496 ,
710 4431 764 4483 εἴ
806 4449 868 4499 γε
918 4432 1144 4487 θάνατον
1191 4434 1271 4486 δεῖ
1316 4433 1529 4497 καλεῖν,
1564 4435 1620 4488 ὃν
1675 4437 1960 4505 ὑπομεῖναι

383 4517 584 4587 ηὔξατο
608 4522 736 4590 πρὶν
765 4522 1125 4592 ἐπιτραπῆναι
1158 4525 1253 4593 τὴν
1289 4523 1601 4594 ίερωσύνην,
1638 4520 1702 4595 ἧς
1748 4525 1961 4591 ἀνάξιος

2074 2047 2186 2117 jam
2228 2049 2430 2116 hieme,
2465 2050 2680 2121 fugiens
2708 2069 2816 2107 una
2864 2069 2991 2108 cum
3026 2054 3237 2112 Isaacio
3269 2059 3565 2126 monacho,
3596 2061 3655 2116 in

2077 2137 2374 2210 «Egyptum
2398 2144 2695 2213 navigavit.
2722 2144 2886 2202 Forte
2917 2149 3115 2204 accidit
3145 2160 3204 2204 ut
3231 2153 3391 2208 navis
3409 2154 3655 2210 secundo

2077 2240 2240 2286 vento
2290 2232 2583 2302 appelleret
2630 2233 2833 2298 Geras.
2874 2253 3102 2308 parvum
3154 2243 3442 2311 Oppidum,
3487 2246 3653 2314 quin-

2075 2323 2332 2394 quaginta
2377 2323 2594 2380 circiter
2626 2315 2820 2382 stadiis
2847 2330 3061 2384 distaus
3092 2329 3334 2387 Pelusio.
3384 2333 3516 2403 Ejus
3545 2335 3652 2391 loci

2074 2416 2334 2486 episeopo
2383 2425 2512 2472 tunc
2565 2421 2987 2485 mortuo,cives
3036 2423 3294 2491 quidem,
3343 2433 3401 2479 ut
3440 2429 3650 2498 accepi,

2073 2502 2470 2561 Nilammonem
2521 2509 2780 2564 Ecclesia:
2823 2526 2936 2566 sua:
2987 2515 3290 2569 antistitem
3333 2518 3647 2588 elegerant;

2073 2599 2250 2651 virum
2299 2599 2536 2663 bonum,
2568 2609 2622 2654 et
2652 2603 2746 2671 qui
2800 2605 2863 2657 ad
2924 2607 3244 2662 monasticae
3292 2609 3650 2680 philosophia:

2073 2690 2291 2746 culmeh
2341 2703 2679 2762 pervenerat.
2739 2696 2788 2751 ls
2834 2697 3062 2766 degebat
3105 2700 3262 2769 juxta
3317 2703 3542 2767 urbem,
3592 2705 3648 2758 in

2073 2784 2208 2837 cella
2231 2823 2246 2848 ,
2276 2783 2329 2837 in
2359 2800 2464 2855 qua
2497 2789 2736 2856 seipsum
2771 2789 3070 2846 incluserat
3104 2801 3157 2846 et
3177 2793 3405 2863 jauuam
3452 2797 3649 2867 lapidi-

2071 2876 2174 2930 bus
2226 2876 2599 2932 ohstruxerat.
2661 2879 2970 2936 Recusabat
3033 2894 3214 2940 autem
3276 2891 3646 2944 sacerdotium

2071 2966 2368 3034 suscipere.
2404 2965 2603 3021 Verum
2639 2965 3000 3039 Theophilus,
3053 2973 3120 3026 ad
3177 2990 3301 3028 eum
3352 2978 3646 3042 accedens,

2072 3056 2277 3110 hmtari
2317 3059 2515 3127 cwpit,
2555 3071 2613 3113 ut
2646 3060 2891 3114 ordinari
2939 3077 2997 3114 se
3050 3062 3119 3118 ab
3173 3048 3292 3133 ipso
3345 3076 3643 3134 pateretur.

2071 3149 2164 3204 Ille
2210 3165 2333 3204 cum
2385 3152 2582 3220 saepius
2621 3167 2883 3206 recusans
2927 3148 3230 3225 'l'heophilo
3271 3173 3378 3211 non
3417 3174 3646 3228 persua-

2069 3241 2242 3308 deret,
2280 3244 2516 3307 tandem,
2551 3242 2804 3300 Crastino
2837 3245 2946 3309 die,
2985 3246 3194 3316 inquit,
3229 3249 3280 3303 id
3317 3248 3424 3315 lac,
3463 3251 3509 3306 si
3546 3251 3643 3305 tibi

2070 3335 2143 3387 ita
2174 3334 2410 3400 videtur,
2444 3351 2474 3387 o
2499 3333 2660 3389 Pater
2681 3375 2695 3400 ,
2729 3342 2787 3388 ut
2821 3337 2952 3390 mibi
2995 3338 3153 3392 liceat
3181 3339 3340 3396 hodie
3377 3358 3466 3398 res
3493 3359 3644 3400 meas

2069 3426 2379 3495 disponere.
2445 3425 2716 3482 Postridie
2767 3443 2891 3482 cum
2947 3446 3012 3483 ex
3067 3444 3354 3501 compacto
3408 3437 3645 3492 venisset

2070 3513 2424 3584 Theophilus,
2447 3517 2816 3587 jussissetque
2859 3521 3162 3589 utjanuam
3205 3525 3440 3592 aperiret
3468 3547 3481 3581 :
3506 3528 3642 3598 Age,

2070 3609 2241 3675 iuqmt
2295 3607 2638 3680 Nilammou,
2694 3610 2846 3678 prius
2892 3627 3148 3669 vacemus
3195 3618 3448 3671 orationi.
3502 3618 3640 3674 Tum

2068 3697 2428 3767 'l‘ueophilus,
2462 3702 2691 3769 probato
2735 3702 2856 3770 ejus
2914 3706 3177 3770 consilio,
3224 3707 3392 3763 Deum
3444 3715 3637 3766 oravit.

2067 3789 2370 3844 Nilauuuon
2403 3807 2530 3846 vero
2571 3793 2712 3847 inter
2740 3795 3007 3848 oraqum
3043 3812 3108 3851 ex
3143 3798 3242 3852 hac
3287 3801 3392 3854 vita
3431 3804 3640 3872 migra-

2068 3880 2164 3931 vit.
2219 3879 2282 3932 Et
2318 3881 2475 3934 initio
2505 3883 2723 3950 quidem
2769 3882 3128 3954 TilCOpilillllll
3165 3898 3217 3942 et
3253 3906 3346 3946 eos
3385 3892 3481 3960 qui
3512 3909 3638 3949 eum

2068 3971 2160 4023 illo
2196 3979 2349 4025 extra
2385 3973 2576 4026 cellam
2611 3975 2849 4039 stabant,
2881 3992 2943 4030 ea
2987 3992 3074 4032 res
3117 3979 3297 4036 latuit.
3357 3981 3463 4037 Sed
3509 4000 3635 4040 cum

2069 4064 2304 4115 maxima
2342 4079 2467 4131 pars
2513 4065 2618 4119 diei
2651 4065 2764 4133 jam
2797 4078 3120 4139 consumpta
3153 4078 3336 4137 esset,
3376 4081 3429 4126 et
3456 4075 3637 4130 altiori

2069 4170 2202 4207 voce
2241 4157 2435 4210 crebro
2484 4158 2908 4214 iuclaumntib'ts
2951 4160 3038 4214 ille
3085 4161 3221 4215 nihil
3264 4165 3634 4233 responderet,

2070 4245 2284 4300 tandem
2332 4247 2563 4317 dejectis
2609 4249 2887 4318 lapidibus
2940 4252 3031 4320 qui
3065 4252 3222 4322 351
3259 4263 3386 4309 ante
3433 4257 3634 4312 ostium

2068 4339 2228 4406 positi
2272 4347 2458 4403 erant,
2495 4339 2768 4395 hominem
2816 4351 3086 4396 .nortuum
3135 4346 3633 4414 deprehenderunt.

2068 4428 2316 4499 Eumque
2345 4448 2452 4500 quo
2482 4447 2578 4501 par
2609 4443 2727 4487 erat
2751 4435 2900 4487 cultu
2931 4435 3179 4489 indutum
3211 4437 3426 4506 publica
3459 4441 3638 4510 sepul-

2069 4528 2190 4572 tura
2257 4520 2616 4576 lionoraruut.
2676 4522 2972 4578 Ecclesium
3039 4543 3254 4597 quoque
3311 4530 3457 4584 circa
3513 4532 3635 4600 ejus

383 4604 522 4661 εἶναι
551 4609 637 4662 διὰ
669 4611 996 4682 μετριότητα
1025 4616 1239 4682 τρόπων
1271 4618 1471 4684 ἡγεῖτο.
1515 4615 1572 4667 Ὀ
1605 4615 1658 4667 δὲ
1709 4617 1959 4686 Ἰωάννης
1993 4631 2034 4684 ῃ
2067 4623 2140 4665 tur

1873 4637 1959 4686 νης
1993 4631 2034 4684 ῃ
2067 4614 2330 4666 tumulum
2387 4613 2579 4669 incolae
2617 4615 2736 4684 ejus
2787 4617 2895 4672 loci
2947 4618 3320 4685 adiﬁcarunt,
3379 4622 3634 4694 diemque

383 4699 690 4752 ἐπανελθὼν
720 4704 798 4764 είς
833 4705 1412 4766 Κωνσταντινούπολιν,
1447 4706 1523 4759 ἔτι
1573 4707 1769 4777 μᾶλλον
1798 4729 1958 4781 κεχα..

385 4791 637 4860 ρισμένος
658 4791 736 4861 τῷ
760 4791 872 4862 λαῷ
911 4795 1173 4861 ἐφαίνετο.
1204 4797 1640 4867 Συνεληλυθότων
1669 4801 1723 4854 δὲ
1752 4803 1869 4856 τότε
1899 4805 1957 4857 ὲν

382 4882 945 4936 Κωνσταντινουπόλει
966 4887 1107 4956 ἀμφὶ
1136 4890 1396 4958 ἐξήκοντα
1424 4894 1753 4959 ἐπισκόπων,
1776 4895 1956 4966 ἄκυρά

383 4987 442 5020 τε
473 4971 540 5024 τά
581 4973 638 5024 ἐν
668 4975 731 5043 τῇ
761 4971 890 5044 Δρυῒ
938 4978 1321 5046 πεπραγμένα,
1360 4981 1452 5032 καὶ
1485 4980 1644 5033 αὑτὸν
1671 4979 1813 5051 ἔχειν
1857 4983 1954 5053 τὴν

383 5063 682 5133 ἐπισκοπὴν
715 5064 1124 5135 ψηφισαμένων,
1155 5070 1450 5123 διετέλεσεν
1497 5072 1789 5142 ἱερώμενος
1817 5074 1954 5145 (67),

385 5154 479 5205 καὶ
515 5156 852 5226 χειροτονῶν,
902 5159 994 5210 καὶ
1037 5162 1084 5211 τ’
1118 5161 1250 5214 ἄλλα
1305 5164 1431 5233 περὶ
1478 5164 1573 5235 τὴν
1615 5165 1954 5236 Ἐκκλησίαν,

386 5242 418 5320 ᾖ
454 5246 608 5319 θέμις
640 5252 752 5314 τοῖς
799 5252 1121 5320 προεστῶσι,
1156 5255 1375 5309 διέπων.
1411 5247 1623 5310 Ἢνίκα’
1648 5258 1740 5310 καὶ
1780 5261 1956 5330 Σαρα-

2062 4706 2208 4759 illius
2247 4704 2431 4758 obitus
2470 4706 2883 4763 celeberrimum
2929 4726 3088 4780 agere
3134 4713 3397 4770 hactenus
3445 4730 3635 4784 perse-

2063 4807 2272 4852 verant.
2315 4797 2377 4852 Et
2423 4797 2732 4855 Nilammon
2781 4803 3000 4872 quidem
3050 4805 3152 4859 hoc
3191 4822 3387 4874 genere
3438 4810 3632 4864 ntortis

2061 4889 2292 4955 interiit;
2351 4891 2395 4944 si
2457 4900 2635 4946 tamen
2705 4908 2855 4948 mors
2912 4897 3160 4950 vocanda
3209 4904 3294 4952 est
3337 4914 3500 4966 quam
3542 4899 3632 4956 ille

2062 4981 2247 5034 subire
2289 4983 2514 5046 maluit,
2553 4999 2716 5052 quam
2760 4985 3135 5055 episeOpatum
3169 4989 3466 5057 suscipere,
3520 5005 3631 5060 quo

2069 5071 2285 5143 quidem
2337 5075 2408 5128 oh
2461 5076 2788 5146 singularem
2850 5078 3169 5132 modestiam
3227 5097 3287 5135 se
3346 5083 3628 5153 indignum

2065 5166 2433 5222 existimabat.
2467 5167 2710 5223 Joannes
2739 5185 2864 5224 vero
2897 5171 3425 5243 Constantinopolim
3450 5190 3629 5229 rever-

2063 5273 2176 5324 sus,
2202 5259 2531 5316 multitudini
2561 5262 2736 5317 adhuc
2771 5265 2975 5334 gratior
3000 5266 3272 5335 apparuit.
3310 5264 3478 5322 Porro
3501 5283 3625 5322 cum

1587 5439 1848 5494 VALESII
1895 5441 2443 5502 ANNOTATIONES.

457 5610 569 5681 (66)
623 5614 829 5680 Γέρας.
893 5615 1068 5685 ilujus
1127 5620 1278 5674 urbis
1351 5625 1554 5678 mentio
1613 5626 1668 5679 ﬁt
1729 5630 1946 5685 actione

384 5691 574 5764 quarti
648 5685 842 5764 synodi
865 5756 876 5764 _
897 5688 1363 5764 Cluileedonensis
1389 5734 1403 5757 ,
1428 5763 1437 5764 ί
1464 5712 1585 5764 pag.
1646 5697 1750 5753 233
1770 5739 1783 5763 ,
1855 5702 1944 5754 ubi

383 5750 695 5822 Stephanus
747 5756 968 5824 quidam
997 5798 1010 5822 ,
1065 5763 1360 5832 episcopus
1392 5750 1740 5834 'Geritauus,‘
1769 5750 1948 5824 homi-

386 5839 417 5876 ιι
461 5833 563 5876 tur.
1878 5861 1882 5866 '

423 5838 567 5965 alii?)
598 5896 940 5952 Atsté.lwei~-
991 5903 1322 5972 ispwpé.z-'og~.
1386 5905 1605 5965 Rectius
1645 5910 1697 5964 iu
1761 5911 1948 5969 codice

2053 5627 2353 5703 Ifuketiano
2389 5633 2645 5700 scriptum
2679 5640 2763 5703 est
2800 5632 3090 5703 ἱερώμενος
3121 5641 3328 5689 mutato
3362 5646 3612 5691 accentu.

2053 5699 2326 5765 Quantum
2363 5719 2489 5754 vero
2545 5699 3050 5757 discrimen'al‘lerat
3108 5719 3367 5761 accentus
3396 5711 3621 5761 mutatio

2055 5771 2106 5823 in
2152 5772 2248 5822 hac
2300 5787 2463 5834 voce,
2503 5774 2612 5837 jam
2654 5789 2813 5850 supra
2875 5775 3181 5850 observavi.
3249 5776 3418 5831 Porro
3477 5780 3618 5850 apud

2052 5840 2419 5921 Nicepbertuu
2441 5846 2492 5921 in
2512 5859 2630 5921 cap.
2656 5843 2738 5921 ἐξ,
2762 5843 2986 5921 l_ih._xut,
3006 5845 3270 5902 scribitur
3286 5853 3448 5904 etiam
3471 5845 3619 5921 ἱερώ·

2057 5929 2234 5983 μενος,
2266 5913 2484 5982 perinde
2515 5931 2575 5968 ac
2601 5915 2651 5968 in
2681 5912 3002 5970 Fuketiano.
