4460 6634
342 468 476 523 ιὲἆϐξ)

1300 467 1615 521 HISTORIA
1654 466 2194 523 ECCLESIAST‘ICA.
2232 500 2295 511 —
2340 471 2465 524 LIB.
2510 471 2638 523 \‘lll.

3455 468 3587 524 15⁸7³)

340 586 561 647 κανόνος
595 584 1051 658 ἀπαγορεύοντος,
1083 587 1143 639 οὐ
1171 587 1455 657 προσίεντο
1483 587 1578 657 τὴν
1605 588 1916 655 ἀπολογίαν.
1950 597 1991 651 Α
2025 607 2101 645 rut

1827 590 1916 642 ἴαν.
1950 597 1991 651 Α
2025 600 2153 645 runt
2195 610 2207 645 :
2250 593 2315 647 de
2365 594 2466 647 hoc
2532 600 2711 646 autem
2776 608 2885 647 uno
2934 591 3199 647 Joannem
3256 594 3588 664 respondere

352 676 511 729 Ἀλλὰ
528 675 773 729 καθεῖλον
794 676 971 741 αὑτὸν,
990 676 1307 747 ἑτεροδόξων
1323 678 1659 748 ἐνιστάμενοι
1681 680 1791 748 (7|)
1806 678 1924 732 τοῦ·
2013 682 2113 751 jult

1825 678 1924 732 τοῦ·
2013 682 2313 751 jubebant,
2361 683 2506 753 quod
2554 683 2868 752 depositus,
2907 694 3197 754 antequam
3253 685 3491 753 synodus
3536 683 3586 739 ei

338 782 430 819 τον
450 761 587 818 εῐναι
606 766 788 836 νόμον.
809 766 959 819 Ἐπεὶ
982 768 1091 839 γὰρ
1111 769 1161 820 οἱ
1176 770 1283 839 ἀπὸ
1311 771 1407 839 τῆς
1434 770 1641 840 Ἀρείου
1661 772 1922 841 αἱρέσεως

342 859 846 926 συκοφαντήσαντες
869 860 1183 912 ’Λθανάσιον
1211 861 1491 928 ἀφείλοντο
1527 862 1645 931 τὴν⁴
1674 862 1919 927 Ἀλεξαν-

338 945 509 1014 δρέων
549 947 908 1018 Ἐκκλησίαν,
937 950 1050 1002 δέει
1088 950 1187 1020 τῆς
1237 952 1346 1004 τῶν
1379 953 1718 1023 πραγμάτων
1752 970 1916 1022 μετα-

337 1035 521 1107 ϐολῆς,
551 1039 679 1091 τάδε
707 1041 1129 1111 ἐνομοθέτησαν,
1159 1043 1487 1107 ἀνεξέταστα
1526 1044 1709 1113 μένειν
1736 1044 1804 1096 τὰ
1829 1045 1919 1095 ἐπ’

336 1129 487 1198 αὐτῷ
514 1129 907 1201 βεϐουλευμένα
935 1123 1346 1198 σπουδάζοντες.
1388 1178 1391 1179 ν
1482 1161 1487 1165 έ
1664 1124 1669 1130 ’
1810 1130 1821 1138 ’

2020 773 2297 827 licentiam
2322 774 2596 838 dedisset,
2635 775 2688 827 in
2724 776 3019 845 episcopali
3051 776 3187 830 solio
3220 776 3584 830 consedisset.

2020 867 2269 935 Cumque
2318 866 2412 920 ille
2466 865 2722 936 suffragia
2775 883 2963 920 eorum
3023 867 3291 937 proferret
3335 866 3425 935 qui
3468 875 3588 933 post

2022 954 2255 1021 priorem
2316 954 2581 1024 synodum
2643 970 2765 1009 cum
2829 956 2948 1024 ipso
3008 956 3586 1016 communicaverunt,

2014 1044 2233 1111 judices
2267 1060 2385 1098 eam
2434 1044 2807 1099 defensionem
2843 1047 3068 1100 minime
3102 1046 3476 1107 admiserunt,
3523 1058 3589 1097 eo

2021 1134 2165 1202 quod
2207 1135 2391 1203 plures
2430 1133 2662 1188 fuissent
2694 1135 2785 1203 qui
2826 1136 3003 1203 ipsum
3058 1135 3586 1200 condemnaverant;

335 1229 392 1274 et
436 1222 800 1281 sacerdotalis
851 1242 1026 1281 canon
1065 1224 1117 1281 id
1170 1228 1375 1282 diserte
1417 1208 1761 1298 prohiberet.
1807 1227 1912 1285 Sed
1952 1244 2075 1282 eum
2121 1230 2518 1297 deposuerunt,
2576 1236 2888 1308 constanter
2958 1235 3363 1284 asseverantem
3436 1226 3585 1279 illum

337 1327 463 1368 esse
492 1328 757 1371 canonem
792 1318 1192 1374 haereticorum.
1263 1320 1399 1373 Nam
1453 1336 1576 1374 cum
1647 1324 1854 1386 Ariani,
1883 1323 2225 1376 concinnatis
2258 1321 2525 1375 adversus
2564 1323 2931 1401 Athanasium.
2974 1322 3284 1383 calumniis,
3345 1308 3588 1375 'Aleiau-

338 1404 554 1460 drinam
596 1407 882 1462 ecclesiam
914 1410 962 1464 ei
995 1411 1349 1476 ademissent,
1381 1412 1736 1467 mutationem
1769 1421 2074 1489 temporum
2106 1412 2478 1477 formidantes,
2537 1428 2654 1469 eam
2702 1415 2960 1485 regulam
2988 1412 2992 1421 '
3016 1414 3412 1468 condiderunt:
3472 1425 3588 1468 stu-

340 1496 495 1551 diose
527 1498 784 1554 videlicet
808 1510 1085 1564 caventes,
1119 1511 1177 1555 ut
1208 1517 1271 1555 ea
1303 1517 1423 1570 qua:
1453 1502 1713 1557 adversus
1737 1492 1887 1556 illum
1927 1503 2226 1556 machinati
2259 1491 2495 1567 fuerant,
2566 1504 2874 1557 indiscussa
2939 1513 3303 1557 remanerent.

927 1590 1177 1644 ΚΕΦΑΛ.
1215 1592 1343 1644 KA'.

343 1680 500 1730 Ὅσα
548 1677 704 1729 κακὰ
745 1656 970 1743 συνέϐη
1003 1678 1100 1730 ἐπὶ
1150 1678 1221 1744 τῇ
1256 1677 1474 1743 ἐκϐολῇ
1526 1672 1801 1733 Ἰωάννου
1834 1679 1914 1743 τῷ

410 1746 645 1818 πλήθει,
669 1748 768 1818 καὶ
817 1748 950 1815 περὶ
1004 1746 1114 1815 τῆς
1155 1752 1279 1801 κατ’
1326 1748 1509 1801 αὐτοῦ
1558 1750 1653 1803 διὰ
1702 1750 1914 1818 ξίφους

408 1815 755 1883 ἐπιϐουλῆς.

423 1905 481 1957 '0
512 1905 568 1958 δὲ
617 1906 864 1975 Ἰωάννης
895 1906 1262 1978 ,καθαιρεθεὶς
1285 1950 1298 1971 ,
1334 1909 1519 1961 οὐκέτι
1553 1909 1875 1980 ἐκκλησίαζε
1898 1927 1909 1939 ·

2642 1588 2795 1648 CAP.
2833 1592 2976 1648 XXI.

2023 1683 2238 1755 Quanta
2310 1684 2455 1737 mala
2508 1680 2702 1754 populo
2761 1686 3084 1751 acciderint,
3140 1696 3254 1753 post
3310 1688 3586 1755 expulsum

2088 1753 2351 1807 Joannem
2375 1769 2393 1807 :
2415 1764 2464 1808 et
2494 1756 2561 1809 de
2578 1753 2796 1808 insidiis
2827 1770 2918 1823 per
2943 1757 3164 1810 sicarios
3197 1759 3243 1810 ei
3274 1753 3512 1811 structis.

2090 1909 2262 1962 Porro
2286 1908 2546 1987 Joannes,
2578 1911 2848 1986 sententia
2871 1913 3250 1982 episcoporum
3279 1913 3583 1983 depositus,

340 1997 457 2050 dD.’
490 2000 547 2049 ἐν
588 1997 665 2067 τῷ
704 1998 1049 2068 ἐπισκοπικῷ
1090 1990 1414 2071 καταγωγίῳ
1440 2002 1652 2071 ἠρέμει.
1694 2003 1830 2071 Ἤδη
1864 2003 1919 2054 δὲ
1952 2005 1991 2056 Β
2026 2001 2091 2054 ad

1823 2023 1830 2071 ι
1864 2003 1919 2054 δὲ
1952 2005 1991 2056 Β
2026 2001 2091 2054 ad
2125 1987 2413 2055 ecclesiam
2456 2004 2687 2071 amplius
2738 2018 2844 2055 non
2895 2007 3183 2072 processit,
3238 2005 3332 2059 sed
3369 2007 3424 2060 in
3467 2009 3584 2075 epi-

339 2088 609 2160 ληγούσης
653 2092 752 2157 τῆς
786 2084 1258 2162 Τεσσαρακοστῆς,
1296 2094 1414 2169 κατ]
1441 2094 1608 2162 αὐτὴν
1638 2096 1736 2163 τὴν
1770 2095 1917 2163 ἱερὰν

338 2182 529 2241 νύκτα,
556 2183 612 2232 ἐν
708 2184 739 2251 ὴ
784 2182 993 2252 ἐτήσιος
1021 2184 1179 2253 ἑορτὴ
1209 2185 1300 2238 ἐπὶ
1329 2176 1625 2254 ἀναμνήσει
1648 2186 1759 2257 ,τῆς
1788 2187 1917 2237 ἁνα-

344 2274 581 2335 στάσεως
630 2273 724 2324 τοῦ
777 2272 1013 2343 Χριστοῦ
1062 2274 1411 2340 ἐπιτελεῖται,
1444 2274 1769 2340 ἐξωθοῦνται
1816 2275 1915 2345 τῆς

355 2363 675 2433 Ἐκκλησίας
690 2365 738 2415 οἱ
754 2364 820 2417 τὰ
834 2364 997 2417 αὐτοῦ
1020 2365 1360 2435 φρονοῦντες,
1383 2366 1715 2435 ἐπιθεμένων
1734 2366 1913 2428 αὐτοῖς

343 2456 419 2508 ἔτι
434 2455 845 2527 μνσταγωγοῦσι
867 2456 975 2527 (7‘2)
996 2457 1337 2528 στρατιωτῶν
1362 2459 1453 2509 καὶ
1480 2460 1584 2511 τῶν
1616 2459 1911 2529 δυσμενῶν.

353 2548 685 2618 ’Λπροόπτου
714 2548 769 2601 δὲ
805 2549 993 2601 τούτου
1034 2550 1355 2619 συμϐάντος,
1386 2550 1549 2612 πολὺς
1590 2550 1716 2619 περὶ
1742 2550 1798 2601 τὸ
1822 2551 1913 2620 βα-

344 2644 660 2711 πτιστῄριον
692 2642 904 2709 ἐγένετο
939 2642 1186 2713 θόρυϐος,
1228 2643 1461 2711 γυναίων
1487 2643 1583 2713 μὲν
1613 2643 1728 2711 μετ’
1750 2644 1911 2712 οἰμω-

340 2737 438 2805 γῆς
481 2736 896 2805 ταραττομένων
922 2752 934 2766 ·
982 2738 1207 2790 παιδίων
1255 2738 1311 2789 δὲ
1367 2738 1687 2789 κλαιόντων·
1728 2731 1912 2807 ἱερέων

340 2828 393 2879 δὲ
434 2829 526 2880 καὶ
569 2829 827 2882 διακόνων
870 2830 1221 2898 τυπτομένων
1262 2846 1343 2891 τε,
1390 2831 1482 2882 καὶ
1523 2830 1656 2899 πρὸς
1692 2830 1811 2898 βίαν
1840 2830 1911 2893 ὼς

336 2914 483 2989 εἶχον
508 2923 782 2990 σχήματος
827 2920 1213 2989 ἐλαυνομένων.
1247 2922 1305 2971 Ἰ”
1328 2922 1460 2975 ἄλλα
1489 2924 1543 2975 δὲ
1574 2918 1661 2976 οἷα.
1684 2923 1826 2985 εἰκὸς
1847 2918 1911 2992 ἦν

335 3012 585 3079 γενέσθαι
612 3016 666 3065 ἐν
687 3014 879 3083 ἀταξία
901 3013 1155 3083 τοσαύτῃ.
1186 3014 1232 3064 οἱ
1266 3015 1555 3092 μυηθέντες
1578 3015 1674 3066 οὒκ
1693 3015 1911 3081 ἁγνοοῦ-

335 3122 440 3159 σιν.
488 3103 627 3170 Ἐγὼ
654 3104 709 3157 δὲ
742 3106 1050 3177 ἀναγκαίως
1087 3107 1397 3175 σιγήσομαι,
1436 3106 1508 3175 μὴ
1545 3107 1637 3158 καὶ
1670 3106 1910 3175 easne;

333 3213 419 3258 τις
467 3195 663 3267 ἐντύχῃ
690 3201 753 3267 τῇ
810 3200 1013 3266 γραφῇ.
1052 3197 1368 3265 Λὶσθόμενοι
1396 3196 1449 3248 δὲ
1497 3199 1588 3249 καὶ
1630 3197 1688 3248 τὸ
1726 3197 1908 3250 λοιπὸν

333 3286 536 3356 πλῆθος
564 3288 991 3361 τὴνέπιϐουλὴν,
1022 3292 1087 3357 τῇ
1114 3288 1371 3358 ὑστεραίᾳ
1404 3287 1783 3361 καταλιπόντες
1810 3290 1906 3358 τὴν

2021 2093 2228 2158 Scopali
2284 2093 2447 2145 domo
2504 2093 2722 2161 quietus
2777 2095 3051 2147 manebat.
3106 2094 3351 2150 Exeunte
3402 2106 3581 2151 autem

2017 2182 2459 2249 quadragesima,
2487 2182 2537 2233 in
2576 2184 2687 2255 ipsa
2726 2197 2881 2235 sacra
2915 2193 3074 2239 nocte
3105 2186 3158 2238 in
3191 2202 3297 2255 qua
3329 2188 3584 2241 anniver-

2018 2270 2162 2323 saria
2205 2271 2471 2322 festivitas
2512 2271 2564 2322 iu
2596 2251 2911 2324 tnetnoriatn
2952 2278 3369 2331 resurrectionis
3406 2277 3584 2331 domi-

2018 2360 2153 2412 nica:
2212 2360 2539 2423 celebratur,
2604 2362 2846 2416 fautores
2900 2362 3127 2418 Joannis
3183 2368 3458 2435 pelluntur
3516 2384 3581 2421 ex

2014 2450 2267 2513 ecclesia,
2297 2450 2557 2505 militibus
2597 2458 2659 2506 et
2684 2454 3276 2520 quibusdamJoannis
3311 2458 3581 2519 inimicis.

2016 2543 2068 2595 in
2120 2558 2212 2595 cos
2270 2544 2527 2612 baptismi
2593 2537 3201 2613 sacratiieitta',ad|tuc.
3238 2559 3579 2619 peragentes,

2016 2635 2272 2703 impetum
2323 2635 2668 2705 facientibus.
2706 2620 2835 2703 Qum
2866 2654 2954 2693 res
2996 2656 3117 2693 cum
3163 2650 3358 2710 praeter
3388 2657 3582 2712 exspe-

2014 2726 2306 2778 Ctationem
2341 2725 2653 2799 accidisset,
2678 2726 2868 2796 ingens
2896 2731 3159 2785 tumultus
3182 2732 3235 2784 in
3256 2731 3579 2800 baptisteria

2013 2825 2239 2869 exortus
2278 2824 2362 2870 cst
2396 2835 2407 2869 :
2440 2818 2761 2874 mulieribus
2812 2820 3147 2889 ejulantibus
3193 2838 3256 2877 ac
3304 2824 3577 2888 turbatis,

2015 2908 2199 2977 pueris
2228 2909 2611 2978 plorantibus,
2649 2914 3030 2967 sacerdotibus
3069 2930 3195 2968 vero
3230 2930 3293 2967 ac
3328 2916 3580 2971 diaconis

2014 3000 2423 3068 vapulantibus,
2456 3008 2509 3055 et
2542 3002 2593 3055 in
2625 3017 2687 3057 eo
2718 3020 2825 3071 quo
2860 3013 3017 3059 erant
3047 3006 3193 3059 cultu
3223 3014 3383 3075 atque
3410 3021 3578 3060 orna-

2012 3099 2089 3153 tu,
2128 3091 2392 3145 violenter
2429 3091 2649 3161 frugalis.
2684 3096 2888 3148 Caetera
2914 3112 3035 3165 quae
3070 3098 3120 3150 in
3155 3098 3422 3175 ejusmodi
3456 3114 3579 3168 per-

2012 3183 2321 3237 turbatione
2360 3186 2607 3240 evenisse
2644 3189 2941 3243 verisimile
2970 3198 3073 3252 est,
3128 3190 3311 3245 fideles
3353 3178 3575 3260 quidem

2015 3290 2119 3325 non
2178 3273 2432 3342 ignorant
2480 3294 2492 3329 :
2545 3292 2647 3345 ego
2710 3293 2836 3332 vero
2894 3280 2960 3333 de
3021 3280 3292 3333 industria
3358 3282 3578 3336 silentio

334 3378 649 3448 ἐκκλησίαν,
680 3381 737 3432 ἐν
788 3379 1029 3449 δημοσίῳ
1078 3379 1285 3448 λουτρῷ
1333 3378 1698 3448 πολυχωρήτῳ
1738 3380 1898 3447 μάλα,
1933 3354 1972 3409 C
2012 3379 2095 3433 ἣτε

1816 3354 1898 3443 λά,
1933 3354 1972 3409 C
2012 3365 2330 3433 prmteribo,
2378 3382 2448 3420 ne
2487 3368 2609 3435 quis
2644 3367 2784 3423 forte
2830 3372 3073 3447 nondum
3102 3372 3351 3428 initiatus
3385 3378 3448 3428 ea
3486 3374 3577 3429 hic

337 3469 711 3522 Κωνσταντίου
770 3468 862 3523 τοῦ
925 3470 1184 3538 βασιλέως
1246 3462 1516 3539 ἐπωνύμῳ
1549 3462 1686 3533 οξτο
1716 3472 1902 3539 Πάσχα

333 3558 687 3624 ἐπετέλεσαν,
722 3560 825 3613 ὑπὸ
866 3561 1179 3622 ἐπισκόποις
1227 3560 1319 3613 καὶ
1370 3560 1777 3628 πρεσϐυτέροις,
1810 3562 1905 3613 καὶ
1942 3592 1955 3609 ι

333 3650 539 3713 λοιποῖς
591 3651 801 3714 ἄλλοις,
856 3645 936 3713 οἷς
986 3650 1141 3720 θέμις
1180 3652 1244 3703 τὰ
1293 3653 1420 3722 περὶ
1458 3639 1563 3721 ’τὴν
1611 3652 1903 3721 ἐκκλησίαν

332 3738 537 3791 διέπειν
557 3756 568 3767 ·
591 3740 639 3791 οἳ
661 3740 724 3810 δὴ
750 3738 825 3809 τῷ
846 3739 957 3808 λαῷ
989 3741 1241 3811 συνῆσαν,
1271 3740 1338 3793 τὰ
1375 3741 1619 3793 Ἰωάννου
1640 3740 1899 3811 φρονοῦν-

333 3846 447 3891 τες.
494 3828 797 3895 Ἐλαθέντες
837 3830 892 3884 δὲ
939 3830 1109 3894 ἐνθεν,
1142 3831 1399 3900 συνῆλθον
1437 3833 1541 3903 πρὸ
1586 3833 1677 3884 τοῦ
1711 3833 1898 3895 ἄστεος

333 3923 414 3985 εἷς
454 3939 573 3975 τινα
619 3924 811 3994 χῶρον,
852 3924 909 3993 δν
936 3925 1339 3988 Κωνσταντῖνος
1371 3927 1398 3977 ὁ
1430 3926 1698 3994 βασιλεὺς,
1736 3927 1898 3996 μήπω

332 4013 430 4083 τὴν
491 4014 643 4069 πόλιν
708 4017 1030 4085 συνοικήσας
1072 4016 1231 4087 (75),
1268 4019 1344 4080 είς
1396 4017 1725 4088 ἱπποδρόμου
1772 4017 1899 4070 θέαν

332 4103 594 4176 ἐκάθηρε,
631 4106 807 4172 ξύλοις
840 4108 1238 4178 περιτειχίσαςο
1277 4108 1332 4173 ἐξ
1366 4108 1571 4159 ἐκείνου
1601 4125 1659 4158 τε
1689 4108 1763 4177 πῆ
1804 4106 1901 4177 μὲν

330 4195 544 4259 ἐνθάδε,
580 4198 653 4267 πῆ
695 4198 751 4250 δὲ
786 4198 1009 4268 ἑτέρωθι
1043 4195 1244 4272 ᾖὲξῆν,
1276 4199 1377 4268 ἰδίᾳ
1404 4198 1775 4269 ἐκκλησίαζον,
1808 4199 1901 4249 καὶ

344 4288 639 4341 ’ίωαννῖται
686 4288 1046 4359 ὠνομάζοντο.
1100 4274 1234 4361 Περὶ
1274 4290 1329 4341 δὲ
1372 4289 1556 4342 τοῦτον
1587 4290 1676 4341 τὸν
1711 4291 1899 4361 χρόνον

330 4378 613 4450 ἄνθρωπός
659 4398 741 4445 τις
782 4381 1049 4452 δαιμονῶν
1086 4382 1120 4453 ἢ
1167 4382 1515 4452 νομιζόμενος
1539 4422 1551 4444 ,
1580 4376 1897 4451 ἐγχειρίδιον

2012 3456 2149 3524 legat
2182 3458 2511 3526 conscripta.
2547 3459 2771 3527 Reliqua
2813 3471 2992 3515 autem
3042 3462 3221 3532 populi
3262 3467 3574 3529 multitudo,

2011 3557 2130 3595 eum
2177 3544 2411 3599 insidias
2443 3547 2837 3614 intellexisset,
2868 3552 3133 3618 postridie
3163 3555 3352 3607 relicta
3402 3557 3576 3609 eccle-

2012 3635 2121 3697 sia,
2170 3634 2221 3687 in
2271 3630 2492 3704 publico
2536 3638 2751 3693 lavacro
2785 3642 3076 3694 admodum
3128 3646 3393 3711 spatioso,
3428 3647 3575 3715 quod

2009 3725 2694 3801 imperatorisConstantii
2728 3732 2949 3783 nomine
2970 3742 3339 3801 nuncupatur,
3363 3732 3573 3789 Pascha

2005 3818 2493 3885 celebrarunt,sub
2522 3821 2797 3890 episc0pis
2818 3831 2870 3876 et
2903 3825 3256 3894 presbyteris,
3284 3834 3336 3879 et
3364 3830 3574 3882 caeteris

2003 3908 2162 3977 353
2193 3910 2312 3963 aliis
2347 3911 2559 3979 ,quibus
2608 3927 2695 3967 res
2737 3914 3143 3970 ecclesiasticas
3184 3918 3576 3973 adminiStrare

1998 4000 2091 4068 jus
2126 4000 2314 4069 fasque
2347 4010 2431 4071 est
2464 4021 2476 4056 :
2507 4004 2603 4073 qui
2651 4011 2788 4069 tum,
2828 4015 2885 4059 ut
2911 4004 3111 4063 Joanni
3156 4007 3418 4076 faventes,
3444 4025 3569 4064 cum

2002 4094 2205 4163 populo
2226 4079 2601 4149 versabantur.
2621 4094 2821 4151 Verum
2840 4114 2961 4153 eum
2986 4100 3112 4154 inde
3128 4102 3337 4171 expulsi
3360 4111 3564 4163 essent.

2001 4192 2373 4244 convenerunt
2406 4190 2457 4244 in
2486 4192 2832 4269 locumextra
2848 4193 3055 4255 urbem,
3091 4210 3249 4262 quem
3274 4194 3571 4264 imperator

1998 4284 2408 4350 Constantinus,
2440 4285 2658 4339 civitate
2693 4272 2933 4338 nondum
2963 4285 3204 4352 condita,
3254 4285 3319 4338 ad
3359 4287 3570 4341 circen-

1999 4375 2138 4430 sium
2173 4376 2425 4431 ludorum
2467 4380 2835 4464 spectaculum
2868 4378 3305 4448 complanaverat
3336 4386 3389 4434 et
3415 4394 3587 4435 asse»

1526 4560 1791 4616 VALESll
1830 4536 2377 4615 ANNOTA'TIONES.

400 4646 935 4718 (71)Ἔτεροδόξων
988 4645 1379 4718 ἐνιστάμενοι.
1435 4651 1714 4705 Asscutior
1750 4650 1890 4704 Hen-

333 4716 443 4772 rico
495 4716 721 4781 Savilio,
758 4720 852 4785 qui
908 4718 970 4767 ad
1028 4716 1169 4772 latus
1194 4720 1273 4770 sui
1334 4720 1541 4774 codicis
1584 4722 1884 4785 adnotavit,

332 4790 472 4841 forte
504 4789 855 4841 scribendum
886 4802 1007 4851 esse
1031 4788 1396 4857 ἐνιστάμενον.
1430 4792 1639 4845 Sensus
1666 4800 1813 4845 certe
1833 4791 1883 4846 id

330 4862 641 4911 necessario
676 4859 931 4925 postulat.
1253 4869 1262 4878 ο

1997 4660 2273 4705 sostomus
2307 4650 2422 4717 ipse
2455 4647 2508 4701 in
2544 4647 2783 4714 Epistola
2829 4648 2897 4699 ad
2940 4648 3303 4703 Innocentium
3344 4664 3563 4716 papam.

1994 4724 2153 4775 Certe
2192 4721 2415 4773 verbum
2482 4721 2857 4787 μυσταγωγεῖν
2906 4735 3010 4771 non
3078 4721 3223 4773 aliud
3285 4720 3561 4787 significat

1992 4806 2151 4859 quam
2210 4789 2465 4859 baptismi
2503 4792 3128 4859 sacramentaitradere,
3163 4798 3221 4842 ut
3269 4803 3430 4859 soptfa
3461 4805 3558 4841 no-

1997 4864 2124 4913 tavi.
2152 4859 2321 4912 Porro
2347 4858 2681 4911 Sozomeuus
2735 4858 2837 4910 hoc
2869 4858 2988 4912 loco
3028 4859 3285 4913 dissentit
3326 4874 3352 4910 a
3379 4858 3556 4910 Palla-

400 4927 512 4996 (72)
541 4928 753 4992 Αὐτοῖς
786 4928 871 4977 ἔτι
898 4928 1376 4997 ,(ιιισταγιιλγοῦσι.
1429 4928 1544 4983 Non
1595 4931 1762 4997 probo
1808 4930 1889 4983 in-
1924 4935 1967 4989 ι)
1995 4932 2101 4983 dio.
2138 4929 2161 4980 Γ

1808 4930 1889 4983 in-
1924 4935 1967 4989 ι)
1995 4932 2101 4983 dio.
2138 4928 2270 4981 Nam
2305 4927 2582 4981 Palladius
2625 4928 2854 4982 clericos
2892 4928 3119 4982 Joannis
3165 4929 3400 4997 vigiliam
3434 4928 3556 4981 festi

330 5000 777 5067 terpretatiouem
812 4998 1032 5049 Sutl’ridi
1062 4996 1223 5057 Petri,
1282 5001 1372 5066 qui
1410 5002 1488 5053 sic
1522 4996 1680 5053 vertit
1710 5018 1722 5053 :
1751 5000 1888 5051 Dum

328 5067 501 5119 adhuc
536 5068 797 5135 mysteriis
828 5079 1166 5131 occupantur.
1202 5068 1317 5121 Non
1336 5072 1481 5122 enim
1506 5070 1570 5122 de
1600 5071 1887 5122 missarum

298 5137 684 5196 solemnibus,
722 5152 820 5189 uec
846 5138 912 5189 tle
947 5136 1284 5190 Eucharistia
1312 5138 1398 5190 hic
1442 5141 1684 5205 loqttitttr
1720 5140 1887 5191 Solo-

330 5222 546 5269 mcnns,
570 5206 661 5260 sed
697 5206 762 5259 de
788 5216 1129 5267 sacramento
1157 5208 1437 5275 llaptismi.
1478 5210 1620 5277 quod
1648 5223 1709 5262 ea
1736 5220 1890 5262 nocte

328 5277 469 5347 tradi
500 5286 880 5347 consueverat.
915 5277 1086 5341 Quam
1145 5280 1540 5347 expositionem
1598 5279 1889 5332 confirmat

328 5345 605 5402 Palladius
645 5348 700 5400 in
726 5346 947 5415 Dialogo
982 5347 1044 5399 de
1090 5349 1188 5401 vita
1220 5345 1602 5417 C/trysostomi,
1637 5357 1689 5403 et
1718 5348 1888 5418 Chry-

1994 4999 2269 5054 Pascltalis
2296 5000 2347 5051 in
2385 4999 2610 5051 thermis
2634 4997 3045 5051 Constantianis
3072 4999 3379 5054 celebrasse
3403 4997 3555 5062 dicit,

1992 5088 2098 5123 non
2134 5072 2185 5121 in
2225 5070 2429 5137 majore
2451 5068 2704 5129 ecclesia,
2733 5077 2787 5119 ut
2823 5068 3183 5122 Sozomenus.

2060 5142 2172 5208 (73)
2209 5136 2327 5205 Τὴν
2356 5142 2535 5191 πόλιν
2568 5138 2958 5208 συνοικήσας.
2988 5137 3186 5191 Procul
3214 5136 3380 5191 dubio
3420 5138 3556 5191 scri-

1992 5206 2219 5265 bendum
2247 5213 2333 5262 est
2360 5210 2681 5268 συνοικίσας.
2707 5206 2967 5263 Euuuletn
2986 5223 3226 5263 errorem
3250 5208 3361 5278 jam
3389 5222 3553 5277 snpra

1988 5281 2269 5335 observavi
2309 5280 2363 5332 in
2383 5279 2485 5333 hoc
2509 5278 2667 5330 libro.

1731 5520 2116 5576 VARIORUM.

396 5667 425 5697 ο
459 5661 561 5713 Ἔν
591 5662 854 5727 δημοσίῳ
903 5662 1132 5728 λουτρῷ
1184 5665 1598 5717 Κωνσταντίου
1634 5664 1740 5717 τοῦ
1774 5665 1888 5727 βα-

322 5729 542 5794 σιλέως
568 5730 873 5798 ἐπωνύμῳ.
906 5732 1172 5793 Thermre,
1214 5734 1279 5786 de
1310 5734 1612 5787 Constantii
1668 5736 1885 5787 nomine

323 5800 675 5871 dictanjuxta
710 5802 876 5853 :edem
908 5803 1291 5869 Apostolorum
1324 5804 1792 5871 ConstantinOpoli
1854 5820 1882 5857 a

329 5870 648 5926 Constantio
685 5872 940 5926 mdiftcari
972 5883 1159 5941 coepta)
1190 5882 1317 5927 sunt
1353 5889 1497 5929 anno
1523 5870 1724 5929 Christi
1756 5877 1879 5939 547,

1954 5675 1959 5681 ·
1990 5664 2131 5716 sient
2163 5662 2325 5714 tradit
2350 5670 2538 5716 auctor
2561 5660 2807 5716 Cltronici
2838 5660 3181 5713 Alexandrini
3206 5659 3269 5711 ad
3295 5674 3417 5712 eum
3452 5673 3553 5711 an—

1990 5748 2117 5785 nmn
2137 5776 2149 5796 ,
2174 5742 2359 5801 etpost
2377 5732 2697 5787 decennium
2734 5730 3109 5801 al)solul:e.lle
3141 5731 3207 5801 iis
3233 5746 3250 5776 κ
3269 5728 3350 5781 ide
3368 5728 3549 5801 Socr.,

1966 5800 2085 5855 'lib.
2115 5820 2184 5857 tv.
2217 5800 2337 5873 cap.
2387 5806 2438 5871 8,
2480 5812 2531 5858 et
2569 5802 2862 5856 Palladium
2904 5803 2956 5855 in
2997 5800 3110 5855 Vita
3145 5800 3541 5870 Cltrysostonti,

1988 5888 2107 5942 pag.
2133 5873 2220 5926 85.
