4460 6634
786 515 914 570 1571

2194 502 2522 568 SOZOSIEM

3904 512 4043 568 1572

787 630 938 684 ribus
974 628 1444 696 circumsepserat.
1494 630 1668 700 Atque
1697 646 1760 684 cx
1796 645 1858 683 co
1911 637 2152 696 tempore
2190 626 2343 680 modo
2374 631 2415 685 Α
2438 621 2548 692 ἔχω

2280 626 2343 680 do
2374 631 2415 685 Α
2438 621 2602 692 ἔχων
2623 599 2686 671 ὡς
2706 610 2809 676 ἐπὶ
2836 625 3048 698 σφαγὴν
3077 629 3315 683 Ἰωάικου
3344 624 3869 698 παρεσκευασμένος,
3889 626 4041 680 οὔπω

787 716 934 783 istic,
980 715 1140 771 modo
1208 717 1357 780 alibi,
1399 729 1558 786 prout
1599 719 1755 788 copia
1803 718 2067 782 dabatur,
2107 730 2348 771 seorsum

786 806 1046 861 collectas
1082 822 1260 876 egere,
1286 818 1336 861 et
1356 805 1626 863 Joannita:
1658 809 1820 878 vulgo
1855 809 2201 862 dicebantur.
2250 806 2354 861 Per

785 896 928 951 idem
962 905 1172 965 tempus
1226 897 1305 949 vir
1330 897 1548 965 quidam
1610 899 1995 961 (lannoniaeus,
2033 906 2126 951 aut
2157 897 2348 952 damo-

786 987 1301 1050 niacumsimulans,
1327 989 1772 1058 deprehenditur,
1808 995 2096 1059 pugionem
2127 990 2352 1052 habens,

784 1084 1047 1146 tanquam
1077 1079 1141 1132 ad
1167 1077 1429 1134 Joannem
1459 1079 1812 1134 occidendum
1841 1087 2080 1149 paratus,
2115 1081 2352 1134 nondum

789 1179 968 1222 tamen
1008 1169 1061 1221 id
1105 1168 1316 1224 facinus
1356 1185 1663 1240 aggressus.
1695 1171 1798 1237 Qui
1847 1172 2275 1240 comprehensus
2326 1188 2356 1226 a

785 1259 1156 1322 multitudine,
1188 1263 1412 1330 perinde
1441 1277 1504 1316 ac
1536 1264 1580 1318 si
1619 1268 1788 1332 pretio
1821 1262 2131 1318 conductus.
2162 1264 2356 1320 fuisset

786 1352 851 1405 ad
881 1352 1077 1406 caedem
1103 1351 1430 1419 faciendam,
1453 1355 1518 1408 ad
1547 1355 1861 1424 praefectum
1884 1357 2036 1410 urbis
2061 1357 2354 1426 perductus

784 1453 884 1498 est.
920 1443 1024 1500 Sed
1055 1443 1322 1512 Joannes,
1353 1449 1537 1504 missis
1574 1451 1900 1518 quibusdam
1944 1453 2221 1521 episcopis
2282 1469 2348 1508 ex

785 1549 1010 1589 numero
1038 1551 1227 1590 eorum
1261 1553 1398 1606 quos
1426 1540 1572 1591 circa
1604 1555 1662 1593 se
1692 1539 1946 1601 habebat,
1983 1541 2255 1595 hominem
2290 1543 2351 1595 li-

781 1623 993 1678 beravit
1024 1627 1341 1695 priusquam
1371 1629 1659 1683 tormentis
1690 1629 2071 1697 subjiceretnr.
2103 1630 2350 1686 Posthmc

779 1728 971 1770 servus
1005 1729 1224 1785 quoque
1252 1716 1443 1784 Elpidii
1469 1718 1895 1789 presbyteri,qui
1918 1721 2131 1775 diaconi
2163 1733 2350 1792 aperte

777 1811 896 1858 erat
929 1805 1210 1871 inimicus,
1242 1806 1416 1861 effuso
1447 1821 1613 1862 cursu
1653 1809 1704 1861 in
1734 1810 1878 1863 ades
1908 1812 2245 1880 episcopales
2277 1816 2350 1868 ir-

777 1897 946 1965 rupit.
980 1896 1150 1962 Quem
1173 1897 1393 1970 quidam
1421 1913 1488 1952 ex
1521 1899 1588 1953 iis
1618 1899 1710 1967 qui
1757 1898 1894 1954 forte
1933 1901 2042 1956 illic
2097 1903 2343 1971 aderant,

2446 715 2500 768 δὲ
2531 711 2911 786 ἐπιχειρήσας
2931 718 3005 788 τῷ
3033 720 3335 788 πράγματι,
3367 720 3632 787 φωρᾶται.
3673 717 3783 771 Καὶ
3812 718 3915 770 ὑπὸ
3945 718 4040 771 τοῦ

2456 803 2699 876 πλήθους
2737 807 2817 872 ὡς
2848 809 3057 878 ὠνητὸς
3107 811 3188 871 είς
3230 809 3327 878 τὴν
3372 807 3664 876 ἐπιϐουλὴν
3695 807 4039 875 συλληφθεὶς,

2454 899 2646 967 ἄγεται
2682 899 2819 968 πρὸς
2862 901 2949 954 τὸν
2981 901 3241 970 ὕπαρχον.
3283 899 3641 961 Ἐπισκόπους
3663 899 3718 952 δέ
3746 917 3897 962 τινας
3932 898 4039 950 τῶν

2465 999 2603 1068 ἀμφ’
2652 998 2818 1050 αὐτὸν
2867 997 3190 1058 ἀποστείλας
3257 994 3542 1062 Ἰωάννης.
3575 993 3804 1057 ἐξείλετο
3851 992 4039 1044 τοῦτον

2457 1091 2584 1161 πρὶν
2616 1089 2948 1158 αἰκισθῆναι.
2988 1089 3078 1150 Εἰς
3112 1087 3335 1157 ὕστερον
3361 1086 3414 1138 δὲ
3462 1086 3552 1138 καὶ
3590 1085 3856 1138 Ἐλπιδίου
3907 1101 4036 1154 πρε-

2460 1181 2746 1251 σϐυτέρου,
2767 1181 2824 1243 ὃς
2845 1181 3123 1251 προςανὴς
3143 1179 3331 1250 ἐχθρὸς
3353 1179 3598 1232 διακόνου
3620 1177 3728 1248 (74)
3749 1177 4036 1246 ἐτύγχανε,

2453 1272 2673 1335 δοῦλος,
2705 1273 2960 1343 δρομαῖος
2989 1275 3068 1336 είς
3100 1273 3191 1326 τὸν
3221 1271 3573 1325 ἐπισκοπικὺν
3607 1268 3750 1324 οἶκον
3790 1270 4037 1323 εἰσέϐαλ-

2454 1365 2563 1416 λεν.
2629 1365 2911 1432 Ἐπιγνοὺς
2955 1365 3009 1418 δέ
3066 1382 3149 1427 τις
3209 1365 3371 1416 αὑτὸν
3413 1363 3520 1415 τῶν
3571 1362 4035 1432 παρατυχόντων,

2453 1458 2688 1527 ἐπέσχε,
2727 1457 2826 1510 τοῦ
2879 1458 3078 1527 δρόμου
3124 1457 3221 1527 τὴν
3272 1457 3450 1510 αἰτίαν
3502 1457 3821 1526 πυθόμενος.
3873 1456 3930 1508 '0
3976 1455 4036 1506 δὲ

2454 1549 2620 1618 μηδὲν
2663 1549 2998 1618 ἀποκριθεὶς,
3038 1551 3376 1620 παραχρῆμα
3410 1548 3621 1618 ξιφιδίῳ
3645 1549 3793 1600 παίει
3821 1547 3912 1600 τὸν
3936 1547 4035 1600 ἇν-

2449 1640 2570 1710 δρα,
2615 1641 2708 1694 καὶ
2764 1643 2879 1710 μετ’
2933 1643 3139 1694 ἐκεῖνον
3193 1642 3376 1712 ἕτερον
3423 1640 3786 1710 ἐπιϐοήσαντα
3828 1642 3894 1707 τῇ
3934 1636 4031 1689 τοῦ

2450 1730 2665 1798 πρώτου
2711 1732 2914 1802 πληγῇ,
2963 1733 3161 1785 Νύττει
3199 1733 3256 1785 δὲ
3303 1733 3397 1796 καὶ
3449 1733 3629 1802 τρίτον
3676 1731 3768 1783 ἐπὶ
3799 1731 4028 1791 τούτοις.

2449 1822 2874 1894 Θορυϐησάντων
2900 1824 2957 1875 δὲ
2986 1825 3080 1877 σὺν
3105 1824 3198 1894 βοῇ
3225 1823 3332 1874 τῶν
3363 1823 3659 1891 παρόντων,
3685 1821 4031 1892 ὑποστρέψας

2449 1913 2636 1981 ἔφυγε.
2698 1914 3225 1985 Παρακελευομένων
3284 1913 3340 1966 δὲ
3397 1912 3506 1964 τῶν
3558 1911 3860 1965 διωκόντων
3915 1913 4029 1972 τοῖς

778 2001 902 2040 cum
943 1989 1276 2056 agnovisset,
1325 1989 1590 2057 impetum
1627 1990 1746 2056 ejus
1797 1993 2091 2059 repressit,
2123 2009 2342 2049 causam
2379 1968 2420 2021 Β
2452 1968 2539 2073 πλε

2267 1968 2342 2048 Ilii
2379 1968 2420 2021 Β
2452 1968 2731 2073 πόρρωθεν
2760 1968 3334 2074 συλλαμϐάνεσθαιτδν
3361 1968 4028 2072 φεόγοντα,προσδραμιὶν

776 2093 974 2132 cursus
1006 2080 1370 2148 interrogans.
1405 2079 1518 2142 Ille,
1568 2080 1721 2132 nullo
1751 2095 2013 2149 responso
2049 2083 2196 2147 dato,
2218 2100 2344 2153 pro-

775 2171 924 2224 tinus
955 2169 1228 2224 hominem
1259 2170 1373 2224 sica
1410 2170 1646 2238 percutit
1683 2188 1697 2224 :
1746 2171 1973 2224 alterum
2004 2173 2197 2227 deinde
2250 2177 2343 2243 qui

776 2261 960 2328 ιιι-ἰοιό
988 2275 1249 2329 percusso
1276 2262 1685 2326 inclamaverat,
1715 2261 1967 2316 similiter
2017 2264 2340 2320 vulneravit.

777 2352 1021 2406 Tertium
1084 2369 1301 2422 quoque
1343 2362 1535 2423 praeter
1569 2354 1690 2407 illos
1748 2353 2041 2407 transﬁxit.
2103 2355 2344 2411 Tandem

774 2459 904 2498 vero
927 2460 1049 2498 cum
1086 2459 1275 2498 omnes
1316 2445 1405 2514 qui
1435 2445 1662 2499 aderant
1710 2446 1990 2509 commoti,
2048 2448 2342 2503 clamorem

726 2565 730 2572 ι
776 2537 1049 2606 ingentem
1100 2537 1474 2602 sustulissent,
1510 2537 1600 2590 ille
1663 2553 1886 2593 aversus
1941 2538 2125 2608 fugere
2159 2543 2342 2611 cmpit.

775 2628 842 2682 Et
873 2628 997 2684 eum
1025 2630 1059 2683 ii
1092 2631 1182 2699 qui
1221 2630 1372 2684 illum
1422 2630 1914 2699 persequebantur,
1947 2632 2134 2700 procul
2192 2634 2342 2702 posi-

774 2723 845 2776 tis
877 2723 1237 2778 inclamarent
1265 2733 1322 2778 ut
1349 2723 1643 2793 fugientem
1674 2705 2341 2795 comprehenderent,'ac-

2449 2110 2553 2157 τις,
2582 2096 2644 2146 ὲκ
2676 2093 2957 2162 βαλανείου
3006 2093 3322 2163 λελουμένος
3369 2092 3665 2162 ἀναχωρῶν
3687 2132 3701 2154 ,
3735 2089 4030 2142 ὲπελὰἴετο

2450 2185 2634 2250 αὐτοῦ,
2666 2188 2758 2238 καὶ
2807 2186 3023 2256 καιρίαν
3059 2186 3307 2256 πληγεὶς,
3334 2185 3512 2237 ἔκειτο
3544 2183 3753 2252 νεκρός.
3790 2181 3942 2234 Ἐπεὶ
3969 2179 4026 2231 δὲ

2450 2275 2771 2339 κυκλωθεὶς,
2804 2277 2954 2345 μόλις
2979 2276 3081 2330 ὑπὸ
3110 2276 3202 2328 τοῦ
3225 2275 3459 2346 πλήθους
3491 2273 3778 2344 ἐθηρεύθη,
3805 2274 4026 2340 ἄγουσιν

2450 2367 2610 2420 αὑτὸν
2645 2370 2724 2428 εἰς
2765 2367 2832 2419 τὰ
2876 2367 3140 2437 βασίλεια.
3188 2367 3296 2420 Καὶ
3343 2367 3738 2437 μαρτυρόμενοι
3773 2365 3879 2416 τῶν
3920 2366 4028 2420 ἁπ-

2451 2457 2822 2526 εχθανομένων
2868 2459 3088 2528 Ἰωάννῃ
3124 2458 3222 2528 τὴν
3254 2457 3559 2527 ἐπιϐουλὴν,
3593 2457 3684 2509 καὶ
3721 2456 3811 2508 τὸν
3838 2456 4022 2523 φονέα,

2451 2549 2544 2600 καὶ
2573 2550 2698 2612 τοὺς
2732 2549 2822 2600 ἐπὶ
2848 2550 3003 2602 τοῦτο
3034 2551 3450 2612 ἀναπείσαντας,
3487 2548 3726 2600 ἐπεϐόων
3757 2546 4025 2616 τιμωρίαν

2448 2639 2648 2692 δοῦναι.
2679 2639 3013 2710 Παραλαϐὼν
3045 2640 3101 2693 δὲ
3132 2640 3317 2692 τοῦτον
3356 2642 3382 2693 ό
3418 2639 3660 2709 ὕπαρχος
3687 2639 3761 2702 ὡς
3795 2637 4024 2701 ἐπεξιὼν

2445 2732 2510 2801 τῇ
2539 2731 2682 2802 δίκῃ,
2709 2729 2914 2783 διέλυσε
2935 2730 3027 2782 τοῦ
3059 2731 3228 2800 δήμου
3256 2731 3354 2799 τὴν
3376 2730 3571 2801 όργήν.

774 2829 1003 2869 currens
1057 2814 1277 2883 quidam
1327 2829 1358 2868 e
1403 2815 1598 2869 balneo
1647 2817 1735 2885 qui
1785 2816 1898 2886 jam
1939 2818 2084 2874 lotus
2128 2818 2348 2875 domum
2389 2824 2620 2886 redibat,
2660 2825 2932 2878 hominem
2998 2823 3357 2894 apprehendit
3396 2841 3409 2877 :
3483 2821 3736 2890 letalique
3793 2821 4024 2886 .yulzzere

773 2909 845 2963 ab
873 2923 938 2962 eo
962 2922 1276 2978 percussus,
1312 2908 1581 2962 exanimis
1617 2909 1876 2964 concidit.
1931 2910 2014 2965 Ad
2037 2921 2335 2968 extremum
2374 2931 2495 2970 cum
2528 2933 2555 2969 a
2583 2917 2780 2986 populo
2812 2915 3052 2985 undique
3113 2915 3506 2975 circumdatus,
3531 2929 3671 2982 :cgre
3731 2911 4022 2966 admodum

777 3008 970 3070 captus
1023 3007 1192 3062 esset,
1245 2996 1442 3052 ductus
1472 3006 1554 3052 est
1591 2998 1645 3052 in
1701 2999 1982 3068 palatium.
2060 3001 2375 3074 Testatique
2411 3005 2558 3060 cives
2591 3007 2686 3061 has
2722 3020 2843 3061 esse
2871 3005 3100 3059 insidias
3170 3003 3511 3056 inimicorum
3543 2999 3789 3055 Joannis.
3823 2999 4024 3052 clama'

779 3096 910 3152 bant
932 3106 984 3151 et
1010 3096 1268 3151 sicarium
1302 3103 1356 3149 et
1396 3109 1490 3148 eos
1519 3095 1612 3164 qui
1651 3094 1802 3157 illum
1836 3095 1903 3149 ad
1931 3097 2033 3151 hoc
2061 3096 2462 3164 incitavissem,
2491 3115 2678 3169 pmnas
2706 3100 2833 3154 dare
2904 3109 3174 3169 Oportere.
3237 3097 3529 3152 Prmfcctus
3595 3106 3774 3151 autem
3845 3095 4020 3149 urbis»

774 3204 896 3244 cum
927 3203 1050 3242 eum
1097 3194 1356 3256 tanquam
1399 3185 1748 3255 judicaturus
1779 3189 2108 3258 accepisset,
2160 3195 2341 3262 μοι)ιηί
2382 3194 2618 3249 furorem
2651 3194 3001 3262 compescuit.

1387 3276 1537 3329 CAP.
1582 3275 1745 3332 XXII.

777 3367 1050 3435 Quomodo
1080 3366 1312 3421 Joannes
1346 3367 1462 3420 sede
1495 3383 1590 3418 sua
1621 3368 1809 3433 iniuste
1833 3372 2015 3438 pulsus
2039 3382 2114 3427 est
2146 3390 2164 3428 :
2209 3386 2255 3427 ct
2289 3375 2351 3429 de

850 3439 1080 3490 tumultu
1137 3440 1412 3491 subsecuta
1459 3438 1810 3507 :dequeigne
1841 3443 1893 3494 in
1939 3446 2211 3497 ecclesiam
2252 3462 2351 3497 crr-

848 3509 972 3588 fitus
999 3509 1256 3630 irriluaisso.
1282 3509 1348 3559 Et
1379 3507 1639 3578 quomodo
1665 3504 1930 3564 Citc'usum
1968 3516 2163 3568 missus
2190 3514 2349 3583 fuerit

848 3594 900 3630 ιιι
941 3594 1053 3630 exs:
1081 3595 1208 3630 tum.

845 3594 900 3631 ιιι
941 3594 1185 3632 ρκειιηιηι
1195 3617 1208 3630 ο

842 3668 1057 3723 Abhinc
1077 3669 1112 3721 ii
1131 3669 1221 3738 qui
1248 3667 1611 3726 ferventiores
1637 3679 1794 3726 erant
1807 3687 1873 3726 ex
1895 3673 2068 3742 plebe,
2087 3672 2346 3730 Joannem

774 3759 1057 3815 custodire
1089 3769 1400 3829 cuaperunt,
1431 3769 1596 3817 noctu
1627 3771 1794 3833 atque
1843 3764 2080 3820 interdiu
2131 3769 2348 3837 episco-

776 3854 951 3923 palem
989 3853 1209 3907 domum
1240 3851 1464 3906 alternis
1491 3852 1998 3910 circumsidentes'.
2028 3854 2199 3912 Porro
2229 3858 2349 3928 epi-

777 3945 926 4014 scopi
962 3943 1054 4014 qui
1091 3943 1356 3998 adversus
1416 3943 1680 3998 Joannem
1717 3957 2110 4012 convenerant,
2167 3949 2348 4003 eccle-

777 4035 1032 4092 siasticas
1083 4034 1231 4103 leges
1265 4035 1467 4102 calcari
1511 4043 1944 4106 conquerentes,
1986 4039 2348 4095 damnationis

778 4128 1103 4183 sententiam
1141 4129 1194 4181 in
1247 4142 1371 4181 eum
1424 4128 1614 4194 latam,
1645 4137 1832 4199 utpote
1875 4130 2260 4200 justissimam,
2292 4133 2346 4186 iu

778 4221 1106 4290 semetipsos
1162 4219 1406 4288 recipere
1457 4235 1516 4275 se
1573 4222 1824 4287 aiebant,
1861 4221 2239 4293 jubebantque
2287 4232 2348 4280 ut

777 4327 843 4366 ex
874 4311 1094 4366 civitate
1139 4311 1430 4366 excederet
1465 4329 1479 4366 ε
1511 4312 1714 4382 alioqui
1763 4313 1927 4386 354
1960 4329 2059 4369 nec
2088 4316 2344 4386 populum

766 4415 1019 4470 pnquam
1043 4402 1354 4470 quieturum
1391 4417 1533 4456 esse.
1575 4401 1677 4457 Sed
1728 4420 1853 4457 cum
1891 4405 2109 4474 quidam
2139 4407 2207 4461 ab
2240 4407 2346 4460 im-

780 4501 1030 4562 peratore
1066 4493 1268 4546 missus
1294 4491 1626 4557 advenisset,
1658 4502 1712 4548 et
1741 4495 2026 4550 minaciter
2058 4497 2346 4566 praecepis-

780 4588 864 4636 set
895 4579 1092 4638 Joanni
1126 4591 1184 4636 ut
1219 4583 1270 4637 id
1303 4582 1527 4649 faceret,
1571 4585 1762 4640 insciis
1791 4587 1975 4657 populi
2023 4589 2344 4662 custodibus

778 4672 873 4742 qui
917 4686 983 4726 ex
1027 4672 1184 4741 plebe
1237 4674 1410 4740 ipsum
1451 4675 1856 4740 custodiebant,
1905 4678 2045 4732 clam
2088 4694 2344 4749 egressus

778 4770 908 4817 est:
967 4763 1019 4816 id
1055 4766 1434 4820 tantummodo
1477 4774 1726 4835 questus,
1775 4768 1920 4837 quod
1952 4777 2142 4824 contra
2199 4771 2342 4841 leges

778 4869 874 4924 per
902 4855 1011 4908 vim
1040 4855 1350 4924 ejiceretur,
1381 4857 1647 4927 denegato
1677 4859 1778 4928 ipsi
1800 4860 2030 4930 judicio,
2066 4861 2211 4931 quod
2239 4861 2336 4915 ho-

781 4945 996 5000 micidis
1034 4955 1089 5000 et
1120 4947 1381 5002 maleficia
1411 4957 1464 5002 et
1493 4950 1781 5015 adulteris,
1815 4952 1970 5021 juxta
1997 4953 2162 5023 leges,
2208 4967 2341 5009 con-

785 5035 1090 5092 cederetur.
1151 5037 1430 5109 Parvoque
1469 5041 1757 5110 impositus
1813 5044 2058 5115 navigio,
2093 5047 2344 5115 protinus

858 5213 873 5243 ¹
895 5209 1052 5268 Socr.
1090 5213 1181 5268 lib.
1206 5231 1281 5280 νι,
1314 5229 1364 5268 c.
1394 5213 1483 5272 18.

3005 3284 3254 3336 ΚΕΦᾹΛ.
3295 3283 3422 3338 KB'.

2465 3375 2555 3441 Ὠς
2577 3376 2840 3444 ἐξηλάθη
2879 3376 2984 3428 τοῦ
3033 3377 3245 3441 θρόνου
3291 3375 3505 3440 ἀδίκως
3543 3376 3575 3428 ό
3611 3373 3900 3440 Ἰωάννης,
3924 3372 4022 3428 καὶ

2520 3447 2650 3513 περὶ
2712 3447 2816 3500 τοῦ
2867 3445 3187 3513 γενομένου
3231 3446 3480 3510 θορύϐου
3505 3462 3517 3475 ·
3576 3447 3669 3497 καὶ
3722 3448 3854 3510 περὶ
3917 3447 4021 3499 τοῦ

2522 3516 2892 3584 πεμφθέντος
2927 3514 2998 3582 τῇ
3025 3516 3316 3580 ἐκκλησίᾳ
3354 3513 3644 3579 θεηλάτου
3681 3516 3890 3582 πυρὸς,
3921 3517 4022 3569 καὶ

2520 3587 2652 3655 περὶ
2678 3585 2787 3654 τῆς
2821 3589 2906 3651 εὶς
2927 3585 3282 3639 Κουκουσὸν
3307 3584 3489 3637 αὑτοῦ
3525 3585 3780 3650 ἐξορίιις.

2533 3677 2622 3743 Ἐξ
2646 3678 2852 3731 ἐκείνου
2879 3678 2936 3730 δὲ
2965 3677 3052 3729 τὸν
3091 3677 3341 3743 Ἰωάννην
3370 3675 3664 3744 ἐφύλαττον
3694 3676 3743 3726 οἱ
3774 3674 3867 3726 τοῦ
3890 3675 4020 3728 λαοῦ

2453 3767 2876 3837 σπουδαιότεροι.
2909 3763 3122 3834 νύκτωρ
3165 3764 3260 3817 καὶ
3307 3763 3424 3834 μεθ’
3464 3763 3697 3834 ἡμέραν,
3727 3764 4020 3833 ἀμοιϐαδὸν

2451 3858 2898 3930 παρακαθήμενοι
2922 3855 3020 3909 ’τὸν
3059 3855 3410 3908 ὲπισκοπικδν
3453 3851 3621 3908 οἷκον.
3669 3855 3932 3926 Σύγχυσιν
3963 3859 4018 3909 δὲ

2449 3950 2833 4022 ὲπαιτιώμενοι
2881 3950 2987 4002 τῶν
3037 3947 3504 4016 ὲκκλησιαστικῶν
3540 3948 3737 4018 νόμων,
3775 3951 3824 4002 oi
3879 3951 4019 4002 κατὰ

2449 4043 2619 4098 αὑτοῦ·
2655 4041 3068 4112 συνεληλυθότες
3126 4039 3432 4105 ἐπίσκοποι,
3490 4040 3583 4092 ἐπὶ
3640 4041 3779 4107 σφᾶς
3822 4040 4018 4098 αὐτοὺς

2447 4135 2653 4204 ἔφασαν
2821 4131 3168 4202 δικαιοτάτην
3215 4127 3378 4184 οὖσαν
3413 4130 3763 4200 ἀναδέχεσθαι
3805 4130 3900 4200 τὴν
3930 4132 4018 4183 ἐπ’

2448 4225 2596 4297 αὑτῷ
2618 4227 2796 4296 κρίσιν
2819 4241 2832 4255 ·
2864 4224 2959 4278 καὶ
2986 4224 3084 4292 τῆς
3121 4222 3326 4285 πόλεως
3367 4221 3528 4274 αὑτὸν
3567 4221 3766 4285 ἐξιέναι
3799 4221 4016 4274 ἐκέλευ-

2447 4337 2546 4374 σαν
2571 4337 2584 4350 ’
2617 4319 2789 4380 ἄλλως
2817 4317 2925 4388 γὰρ
2962 4316 3094 4387 μηδὲ
3122 4315 3182 4369 τὸ
3227 4314 3429 4383 πλῆθος
3466 4314 3786 4384 ἠρεμήσειν.
3828 4316 4015 4382 Παρα-

2446 4411 2738 4481 γενομένου
2765 4409 2820 4461 δέ
2843 4425 2936 4460 του
2959 4407 3065 4460 ἀπὸ
3083 4406 3362 4476 βασιλέως,
3392 4405 3484 4457 καὶ
3508 4403 3680 4458 ταῦτα
3701 4403 3796 4457 σὺν
3815 4401 4016 4471 ἀπειλῇ

2447 4503 2618 4553 ποιεῖν
2667 4495 3084 4569 προστάξαντος,
3118 4493 3295 4548 λαθὼν
3331 4494 3456 4556 τοὺς
3496 4492 3602 4545 ἀπὸ
3629 4491 3722 4544 τοῦ
3752 4491 3880 4543 λαοῦ
3913 4491 4016 4559 φύ-

2446 4591 2617 4654 λακας
2640 4589 2828 4659 ἐξῆλθε
2853 4603 2867 4617 ⁸
2895 4587 3144 4641 τοσοῦτον
3186 4584 3550 4656 μεμφόμενος,
3582 4584 3662 4636 ὅτι
3683 4600 3745 4650 γε
3782 4584 4016 4652 παρανόε

2453 4701 2567 4754 μως
2597 4682 2733 4752 πρὸς
2768 4680 2892 4750 βίανΔ
2935 4677 3234 4738 ἐλαύνεται,
3268 4675 3361 4746 μὴ·
3385 4674 3632 4741 ἀξιωθεὶς
3665 4673 3916 4742 κρίσεως,
3945 4670 4014 4744 ἧς

2447 4775 2540 4828 καὶ¹
2568 4773 2907 4843 ἀνδροφόνοις
2955 4769 3050 4823 καὶ
3085 4769 3244 4836 γόησι
3282 4768 3375 4821 καὶ
3413 4770 3618 4836 μοιχοῖς
3653 4766 3899 4836 μέτεστιν
3947 4766 4014 4816 ὲκ

2446 4865 2643 4934 νόμων.
2674 4863 2783 4916 Καὶ
2812 4861 2897 4914 διὰ
2938 4860 3132 4930 μικροῦ
3163 4859 3402 4926 σκάφους
3452 4857 3770 4927 περαιοῦται
3813 4855 4012 4908 αὐτίκα

2447 4958 2526 5020 εἰς
2546 4954 2797 5008 Βιθυνίαν
2822 4969 2835 4982 ·
2872 4951 3080 5006 ἐκεῖθέν
3108 4967 3165 5004 τε
3183 4948 3522 5020 παραχρῆμα
3546 4947 3720 5017 εἴχετο
3743 4947 3840 5016 τῆς
3863 4943 4008 4999 ὁδοῦ.

2449 5049 2764 5119 Προῖδόντες
2796 5046 2853 5100 δέ
2885 5062 3026 5108 τινες
3048 5043 3156 5097 τῶν
3182 5041 3633 5095 ἐπιϐουλευόντων
3670 5038 3838 5110 αὐτῷ,
3864 5038 3940 5101 ὡς
3963 5039 4014 5091 ει

1986 5368 2256 5424 VALESII
2299 5363 2742 5425 ΑΝΝΟΤΑΤΙΟΝ
2754 5368 2857 5426 ES.

852 5481 962 5551 (74)
991 5483 1093 5547 Ὃς
1118 5483 1431 5550 προφανὴς
1451 5482 1660 5552 ἐχθρὸς
1704 5482 2006 5538 διακόνου.
2038 5484 2156 5539 Non
2187 5485 2342 5540 video

775 5554 902 5623 quis
941 5553 1012 5606 sit
1040 5568 1234 5606 sensus
1259 5555 1454 5606 horum
1490 5554 1921 5623 verborum,nisi
1966 5570 2064 5623 pro
2092 5556 2341 5609 διακόνου

775 5621 1083 5677 scribamus
1122 5623 1386 5686 Ἰωάννου,
1433 5633 1526 5675 aut
1573 5630 1718 5676 certe
1779 5621 2068 5677 diaconum
2113 5624 2340 5682 Joannis

775 5692 1148 5762 Chrysostomi
1180 5693 1564 5761 intelligamus.
1607 5691 1813 5747 Idcirco
1842 5695 1986 5747 enim
2041 5696 2185 5748 hunc
2223 5711 2341 5750 scr-

779 5761 903 5814 vum
937 5761 1128 5830 Elpidii
1155 5763 1451 5832 presbyteri
1477 5763 1544 5815 ad
1573 5763 1773 5816 caedem
1799 5763 2100 5818 faciendam
2129 5767 2339 5820 condu-

776 5839 969 5885 xerant
995 5833 1291 5905 adversarii
1314 5833 1559 5905 Joannis,
1588 5832 1728 5902 quod
1759 5832 2027 5905 Elpidium
2058 5836 2337 5905 presbyte-

777 5915 896 5955 rum
931 5902 1129 5956 scirent
1157 5901 1351 5956 Joanni
1387 5901 1653 5958 infensum
1682 5918 1822 5958 esse.
1857 5904 2025 5958 l‘orro
2059 5901 2338 5962 Palladius

2441 5489 2494 5542 in
2518 5487 2642 5564 _Vita
2669 5487 3067 5564 Chrysostomi,
3102 5497 3305 5564 septem
3343 5491 3588 5548 homines
3625 5507 3654 5546 a
3690 5493 3892 5564 sicario
3917 5492 4011 5548 illo

2440 5559 2760 5639 vulneratos
2786 5559 2962 5617 fuisse
2992 5563 3144 5631 dicit,
3164 5559 3425 5635 'quorum
3451 5574 3687 5634 quatuor
3709 5563 3898 5619 eodem
3923 5565 4011 5619 die

2439 5631 2790 5692 interierunt,

2509 5699 2638 5773 (75)
2663 5701 2792 5773 Ἐπὶ
2816 5702 2978 5769 σφᾶς
3004 5703 3224 5770 αὐτοὺς
3258 5704 3515 5773 ἔφασαν.
3549 5701 3676 5758 Ilaec
3713 5703 3784 5757 ab
3809 5703 4010 5758 Acacio

2437 5777 2490 5821 et
2517 5770 2787 5842 Antiocho
2813 5774 3082 5842 episcopis
3109 5770 3421 5842 imperatori
3446 5775 3680 5827 Arcadio
3711 5773 3854 5827 dicta
3885 5788 4011 5829 esse

2437 5840 2628 5892 scribit
2653 5839 2968 5913 Palladius,
2999 5839 3118 5911 ipso
3147 5839 3327 5913 magni
3373 5845 3596 5900 Sabbati
3630 5843 3740 5910 die,
3778 5857 3888 5898 non
3907 5857 4010 5899 att-

2436 5917 2542 5963 tcm
2576 5921 2695 5978 post
2723 5909 2968 5976 Pascha,
2991 5909 3048 5967 u't
3072 5909 3627 5970 tradit'Sozomenus.
