4460 6634
827 492 964 551 1575

2284 428 2638 529 summisi

3950 477 4089 535 {576

828 616 932 668 bus
948 610 1207 664 collectas
1219 605 1580 668 celebrarent,
1595 602 1710 671 ipse
1720 600 1787 655 de
1800 614 1862 653 ea
1880 614 1940 654 re
1952 598 2016 653 ad
2030 599 2402 666 imperatorem
2430 594 2481 650 Δ
2510 598 2588 638 πα

2328 608 2402 649 em
2430 594 2481 650 Α
2510 576 2680 638 παίων
2710 579 2904 657 ξύλοις
2935 593 3026 647 καὶ
3060 594 3243 659 λίθοις,
3290 598 3370 659 εἰς
3416 597 3593 667 φυγήν
3621 597 3812 668 τρέπει
3834 613 3849 627 ⁸
3882 597 4007 661 τοὺς
4031 598 4089 651 δὲ

828 704 1032 761 retulit.
1052 701 1327 755 Tribunus
1344 698 1524 766 itaque
1537 710 1661 750 cum
1693 692 2024 747 militibusin
2041 695 2395 759 congregatos

829 795 1090 863 impetum
1127 791 1307 843 facere
1342 788 1563 856 jussus,
1596 785 1807 855 plebem
1830 782 2047 852 quidem
2078 778 2311 834 fustibus
2346 783 2399 830 et

829 886 978 939 saxis
1005 884 1242 944 cadens,
1275 879 1459 951 fugere
1494 878 1796 947 compulit,
1833 876 2130 930 nobiliores
2148 886 2301 931 vero.
2347 878 2402 925 et

828 991 926 1031 eos
958 975 1050 1043 qui
1079 971 1306 1026 Joannis
1333 978 1515 1038 partes
1546 968 1831 1022 ardentius
1864 965 2181 1028 tuebantur,
2213 970 2400 1017 custo-

829 1069 933 1122 dia:
966 1064 1210 1120 tradidit.
1240 1063 1377 1117 Tum
1409 1076 1563 1124 vero,
1605 1062 1749 1115 sicut
1776 1059 1893 1112 fieri
1937 1058 2077 1111 solet
2108 1071 2231 1110 cum
2257 1055 2403 1109 mili-

829 1158 977 1213 tibus
1021 1155 1237 1209 lirentia
1267 1152 1607 1215 conceditur,
1647 1151 1908 1204 mulieres
1946 1160 2143 1203 ornatu
2180 1162 2283 1200 suo
2306 1162 2403 1216 per

828 1252 941 1304 vim
973 1249 1217 1317 spoliate
1247 1254 1396 1309 sunt,
1428 1244 1557 1298 dum
1598 1243 1690 1297 alii
1725 1241 1971 1306 monilia,
2004 1255 2174 1295 zonas
2206 1253 2403 1293 aureas

829 1351 883 1395 et
907 1352 1132 1409 torques
1154 1338 1421 1406 diripiunt
1458 1355 1470 1390 :
1505 1336 1595 1388 alii
1629 1335 1855 1388 inaures
1882 1333 2046 1388 simul
2091 1347 2216 1386 cum
2257 1331 2405 1384 auri-

830 1433 971 1487 culis
1007 1430 1144 1500 ipsis
1173 1429 1489 1484 detrahunt.
1516 1426 1766 1495 Cumque
1820 1426 2015 1495 ingens
2062 1422 2404 1492 perturbatio

831 1539 896 1578 ac
922 1525 1104 1578 luctus
1130 1523 1185 1576 in
1214 1521 1347 1575 urbe
1373 1519 1693 1579 exstitisset,
1745 1532 1813 1571 ne
1851 1518 1931 1571 sic
1962 1517 2184 1585 quidem
2218 1515 2404 1584 pristi-

830 1632 958 1673 nam
988 1630 1115 1685 erga
1167 1611 1432 1667 Joannem
1472 1611 1907 1665 benevolentiam
1958 1609 2295 1677 abjecerunt.
2324 1608 2405 1663 Ac

830 1708 1049 1778 publice
1076 1705 1297 1776 quidem
1350 1718 1460 1756 non
1511 1702 1746 1770 amplius
1792 1700 2212 1754 conveniebant.
2248 1698 2402 1752 Multi

829 1813 959 1852 vero
988 1813 1087 1851 nec
1129 1797 1186 1850 in
1240 1794 1448 1858 forum,
1484 1808 1587 1848 nec
1638 1794 1705 1847 ad
1760 1792 1955 1847 balnea
2014 1792 2402 1860 procedebant.

832 1889 1173 1955 Quibusdam
1213 1902 1346 1941 vero
1376 1901 1445 1941 ne
1476 1895 1652 1940 tutum
1697 1884 1916 1953 quidem
1963 1893 2083 1938 erat
2112 1884 2261 1939 domi
2291 1899 2407 1938 ma-

2504 680 2909 759 ἐπισημότερον
2939 691 3033 743 καὶ
3060 690 3465 761 προθυμότερον
3488 692 3559 745 τὰ
3586 693 3833 746 Ἰωάννου
3866 690 4094 758 ζηλοῦν-

2503 794 2623 840 τας,
2662 779 2719 830 ἐν
2745 783 2964 853 φρουρᾷ
2987 786 3239 837 ποιεῖται.
3272 783 3535 837 Ἐνταῦθα
3554 785 3630 848 δὲ,
3655 779 3743 839 οἷα
3768 785 4091 854 συμὸαίνειν

2508 869 2672 939 φιλεῖ,
2693 874 3043 943 στρατιωτῶν
3062 876 3469 943 ἐπιτραπέντων
3482 876 3872 941 νεανιεύεσθαι,
3892 865 4094 944 γύναιά

2509 964 2644 1033 πρὸς
2662 963 2782 1031 βίαν
2795 963 2890 1017 τοῦ
2919 965 3124 1033 κόσμου
3148 966 3289 1035 (77),
3306 966 3413 1019 τῶν
3443 967 3541 1036 μὲν
3559 967 3763 1036 ὅρμους
3789 968 3884 1021 καὶ
3911 967 4089 1032 ζώνας

2508 1058 2716 1126 χρυσᾶς
2763 1058 2858 1110 καὶ
2904 1057 3225 1128 περιδέραια
3262 1057 3357 1110 καὶ
3390 1059 3690 1129 στρεπτοὺς
3718 1058 4084 1130 ληῖζομένων·

2507 1146 2618 1199 τῶν
2650 1147 2728 1210 δὲ,
2775 1149 2871 1200 σὺν
2929 1149 3112 1211 αὐτοῖς
3151 1148 3325 1211 λοϐοῖς
3359 1148 3683 1214 ἐξελκόντων
3738 1149 3807 1201 τά
3865 1151 4084 1206 ἐνώτια.

2508 1240 2786 1310 Μεγίστης
2840 1241 2898 1295 δὲ
2945 1242 3193 1312 ταραχῆς
3240 1243 3335 1294 καὶ
3378 1244 3624 1312 οἰμωγῆς
3667 1243 3771 1295 ἀνά
3799 1244 3900 1311 τὴν
3933 1245 4090 1300 πόλιν

2511 1332 2817 1402 συμϐάσης,
2852 1334 2960 1386 οὐδ’
2984 1334 3154 1397 οὕτως
3204 1335 3489 1403 μετέθεντο
3532 1338 3628 1389 τοῦ
3660 1337 3791 1407 περὶ
3833 1338 4089 1408 Ἰωάννην

2509 1425 2752 1494 φίλτρου.
2784 1424 3030 1497 Δημοσία
3054 1426 3108 1478 δὲ
3131 1427 3312 1480 οὐκέτι
3333 1428 3597 1498 συνῄεσαν
3617 1445 3631 1459 ⁸
3662 1428 3845 1482 πολλοὶ
3862 1428 3939 1490 δὲ,
3963 1429 4087 1481 οὔτε

2509 1520 2589 1580 είς
2609 1518 2835 1586 ἀγοράν,
2871 1517 2994 1571 οὔτε
3035 1520 3115 1581 είς
3154 1519 3407 1587 βαλανεῖα
3437 1520 3666 1589 ἐφοίτων
3689 1538 3702 1551 ·
3737 1521 3847 1574 τισὶ
3892 1520 3951 1572 δὲ
3993 1523 4087 1574 καὶ

2508 1613 2571 1664 τὺ
2591 1612 2729 1664 οἶκοι
2762 1613 2962 1682 μένειν,
2992 1614 3092 1665 οὐκ
3118 1614 3395 1667 ἀκίνδυνον
3414 1610 3483 1685 ἦν
3509 1632 3522 1645 ·
3556 1616 3649 1669 καὶ
3672 1615 3846 1687 φυγὴν
3872 1618 4087 1679 ἑαυτοῖς

2512 1704 2889 1769 ἐπιτάξαντες,
2925 1705 3267 1775 τῆςπὸλεως
3313 1706 3557 1775 ἐξῆλθον,
3599 1707 3747 1760 ἄλλοι
3791 1725 3849 1760 τε
3891 1708 4087 1778 ἄνδρες

2513 1798 2809 1859 σπουδαῖοι,
2837 1797 2929 1850 καὶ
2975 1797 3178 1865 ἀγαθαὶ
3216 1802 3470 1865 γυναῖκες
3500 1817 3511 1828 ⁸
3541 1794 3615 1853 ὧν
3640 1796 3709 1869 ἦν
3745 1801 4021 1873 Νικαρέτη
4048 1804 4082 1871 ἡ

2512 1888 2730 1958 Βιθυνὴ,
2768 1887 2876 1939 τῶν
2906 1888 3058 1959 παρά
3086 1889 3486 1959 Νικομηδεῦσιν
3519 1891 3861 1961 εὐπατριδῶν
3890 1894 4082 1962 ἐπισή-

834 1996 966 2035 nere
996 1999 1011 2035 :
1042 1980 1167 2046 sed,
1218 1979 1429 2033 indicto
1471 1978 1573 2031 sibi
1608 1976 1744 2046 ipsis
1774 1977 1986 2040 exsilio,
2023 1978 2159 2031 urbe
2179 1978 2409 2032 excede-
2440 1956 2484 2015 Β
2514 1997 2595 2051 μοι

2321 1978 2409 2032 de-
2440 1956 2484 2015 B
2514 1997 2615 2051 μου
2650 1956 2862 2047 γένους,
2892 1956 3159 2050 astaram
3182 1956 3447 2052 παρθενίᾳ
3474 1982 3566 2034 καὶ
3594 1956 3761 2053 ἀρετῇ
3790 1984 3904 2051 βίου
3933 1956 4082 2037 εὐδο-

835 2071 968 2127 bant
1012 2085 1137 2124 cum
1177 2070 1268 2123 alii
1303 2069 1460 2123 multi
1504 2069 1606 2122 viri
1660 2069 1813 2134 boni,
1851 2081 1963 2125 tum
2010 2070 2251 2124 honestae
2288 2084 2409 2123 mu-

836 2164 1021 2220 lieres.
1054 2164 1131 2217 Ex
1181 2162 1382 2232 quibus
1417 2162 1519 2215 fuit
1550 2160 1801 2218 Nicarete
1828 2162 2082 2231 Bithyna,
2118 2161 2285 2216 nobili
2316 2176 2409 2231 ge-

836 2271 967 2309 nere
1001 2254 1142 2325 apud
1189 2251 1635 2307 Nicomedienses
1663 2260 1805 2316 orta,
1840 2253 1910 2307 ob
1952 2261 2270 2321 perpetuam
2298 2251 2411 2304 vir-

832 2347 1117 2418 ginitatem
1157 2351 1212 2398 et
1254 2345 1326 2397 ob
1384 2343 1510 2397 vitae
1559 2343 1980 2398 sanctimoniam
2034 2343 2406 2397 celeberrima.

837 2438 964 2492 Erat
989 2438 1109 2491 haec
1129 2438 1373 2491 omnium
1403 2452 1543 2507 quas
1585 2437 1804 2507 quidem
1837 2437 1963 2490 novi
2017 2436 2403 2506 religiosarum

833 2528 1125 2582 mulierum
1165 2527 1602 2591 modestissima,
1654 2526 1707 2579 in
1767 2526 2012 2579 moribus
2070 2533 2125 2579 et
2159 2539 2411 2580 sermone

835 2637 900 2675 ac
926 2622 1076 2675 victu
1118 2621 1341 2675 modum
1406 2628 1569 2690 atque
1621 2618 1866 2674 ordinem
1925 2633 2175 2673 servans.
2224 2616 2411 2687 Usque

835 2714 905 2768 ad
927 2714 1132 2768 exitum
1174 2714 1299 2768 vita:
1326 2728 1539 2782 semper
1570 2712 1755 2766 divina
1808 2711 1973 2765 rebus
2009 2710 2265 2764 humanis
2308 2724 2409 2764 an-

834 2804 1075 2873 teposuit
1102 2822 1116 2857 :
1154 2805 1320 2857 animi
1351 2819 1571 2873 quoque
1593 2802 1918 2857 fortitudine
1945 2810 1999 2857 et
2024 2801 2313 2872 prudentia
2341 2800 2410 2855 ad

833 2896 1151 2952 tolerandos
1217 2896 1462 2951 adversa:
1508 2897 1742 2952 fortuna:
1800 2912 1963 2951 casus
2024 2894 2250 2965 praedita
2285 2893 2407 2959 fuit,

834 2991 973 3045 adeo
995 2998 1050 3043 ut
1079 3006 1201 3043 cum
1228 2990 1568 3059 amplissimo
1588 2989 1914 3058 patrimonio
1945 2988 2149 3055 injuste
2181 2987 2411 3055 spoliata

834 3092 1005 3147 esset,
1034 3083 1257 3137 minime
1286 3093 1466 3136 tamen
1500 3082 1897 3151 indignaretur,
1934 3081 2028 3135 sed
2068 3081 2257 3150 paucis
2304 3079 2409 3134 sibi

835 3175 1066 3235 relictis,
1095 3183 1315 3245 propter
1350 3175 1551 3227 bonam
1585 3188 1649 3227 ac
1687 3173 2008 3242 prudentem
2058 3172 2408 3241 dispensandi

834 3267 1127 3330 rationem,
1158 3266 1299 3336 ipsa,
1331 3266 1455 3320 licet
1484 3274 1737 3336 provecta
1782 3264 1894 3332 jam
1939 3271 2117 3325 relate,
2152 3280 2262 3317 una
2284 3279 2407 3318 cum
2436 3300 2478 3357 ε

835 3356 1153 3411 domesticis
1226 3358 1538 3411 necessaria
1599 3363 1797 3409 cuncta
1853 3354 2099 3419 haberet,
2168 3363 2222 3409 et
2287 3356 2410 3409 aliis

840 3447 1055 3503 abunde
1102 3447 1509 3517 suppeditaret;
1532 3446 1702 3501 Porro
1742 3462 1865 3500 cum
1919 3458 2065 3501 esset
2116 3446 2409 3500 admodum

839 3540 1145 3610 ingeniosa,
1176 3548 1229 3593 et
1283 3549 1549 3609 prompta:
1602 3554 1729 3609 erga
1780 3554 1972 3594 omnes
2026 3539 2408 3602 humanitatis,

838 3632 1237 3687 medicamenta
1296 3632 1499 3687 diversi
1543 3632 1759 3701 generis
1790 3631 2130 3701 praeparabat
2156 3631 2224 3684 ad
2275 3646 2410 3685 usus

835 3739 1136 3793 pauperum
1198 3723 1603 3793 mgrotantium.
1673 3722 1775 3776 Per
1824 3738 1945 3792 quae
2004 3722 2193 3777 multis
2243 3722 2407 3777 etiam

836 3813 1200 3868 familiaribus
1234 3814 1349 3869 suis
1377 3828 1750 3882 smpenumero
1773 3813 2046 3869 subvenit.
2079 3816 2257 3883 quiex
2298 3830 2411 3867 me-

834 3903 974 3957 dicis
1001 3904 1117 3958 suis
1148 3904 1355 3956 nullum
1383 3904 1619 3957 t'ructum
1650 3913 2027 3973 perceperant.
2060 3902 2194 3955 Nam
2227 3902 2410 3956 divino

836 3997 1298 4065 aspirantenutu,
1318 4010 1659 4064 quaecunque
1686 4010 1938 4066 aggressa
1972 3995 2166 4059 fuerat,
2194 3997 2407 4050 felicem

834 4086 1038 4140 exitum
1074 4087 1469 4141 sortiebantur.
1491 4085 1752 4154 Denique.
1781 4097 1841 4139 ut
1860 4087 2184 4156 compendio
2207 4086 2408 4153 dicam,

834 4180 1039 4233 nullam
1071 4194 1138 4233 ex
1174 4179 1442 4249 religiosis
1487 4179 1662 4233 nostri
1716 4182 1983 4248 temporis
2020 4179 2237 4235 feminis
2260 4185 2406 4246 novi,

832 4285 955 4339 qua:
988 4269 1054 4322 ad
1102 4276 1316 4322 tantum
1375 4269 1675 4334 modestiae,
1718 4270 2002 4340 gravitatis
2050 4272 2412 4339 reliquarum-

834 4376 940 4430 que
983 4360 1249 4415 Virtutum
1302 4359 1578 4430 fastigium
1648 4363 1975 4430 pervenerit.
2026 4361 2228 4418 Verum
2282 4364 2409 4419 licet

833 4454 958 4505 talis
986 4461 1247 4521 tantaque
1274 4460 1441 4516 esset,
1474 4454 1746 4524 plerisque
1794 4454 1977 4524 ignota
2006 4465 2144 4510 erat.
2180 4456 2313 4511 Nam
2340 4461 2409 4513 ob

834 4544 1161 4598 modeStiam
1202 4545 1371 4598 animi
1415 4562 1480 4600 ac
1528 4546 1886 4617 philosophia:
1914 4548 2165 4615 istudium
2208 4565 2402 4618 perpe-

2507 2072 2763 2141 κιμοῦσα.
2800 2072 3163 2142 Ἀτυφοτάτην
3191 2072 3247 2124 δὲ
3278 2070 3354 2125 ὧν
3384 2074 3541 2144 ἴσμεν
3572 2075 3873 2127 σπουδαίων
3898 2093 4085 2143 γυναι-

2506 2162 2639 2227 κῶν,
2667 2160 2869 2231 ταύτην
2897 2161 3089 2229 ἔγνων,
3120 2162 3240 2228 ἧθει
3273 2180 3334 2215 τε
3374 2166 3470 2216 καί
3494 2164 3636 2234 λόγῳ
3660 2166 3753 2217 καὶ
3783 2164 3962 2236 διαίτῃ
3990 2182 4084 2218 τε·

2505 2250 2806 2321 ταγμένην,
2848 2252 2942 2304 καὶ
2969 2251 3039 2304 τὰ
3067 2252 3185 2306 θεῖα
3218 2254 3380 2325 μέχρι
3421 2253 3653 2308 θανάτου
3678 2256 3784 2308 τῶν
3812 2256 4085 2325 βιωτικῶν

2508 2346 2832 2417 προτιμῶσα
2863 2346 2975 2416 (78)
2995 2360 3007 2373 '
3040 2347 3261 2417 ἀνδρείᾳ
3281 2364 3341 2399 τε
3378 2349 3470 2399 καὶ
3497 2349 3756 2417 φρονήσει
3777 2348 3913 2419 πρὸς
3934 2366 4088 2419 περι-

2508 2440 2730 2502 πετείας
2762 2438 3040 2511 δυσχερῶν
3072 2440 3415 2509 πραγμάτων
3444 2440 3716 2508 ἀντισχεῖν
3750 2441 3941 2510 ἱκανήν
3963 2456 3978 2470 ·
4007 2440 4084 2504 ὠς

2513 2535 2671 2604 μήτε,
2704 2532 2906 2602 πολλῆς
2955 2532 3216 2603 πατρῴας
3262 2532 3577 2602 περιουσίας
3622 2533 3819 2594 ἀδίκως
3850 2534 4084 2602 ἀφαιρε-

2512 2624 2720 2686 θεῖσαν,
2748 2626 3096 2691 άγανακτείν,
3133 2625 3190 2674 ἐν
3210 2622 3412 2690 ὀλίγοις
3438 2640 3498 2675 τε
3516 2623 3959 2693 περιλειφθεῖσιν,
3979 2623 4085 2676 ὑπὸ

2508 2717 2736 2786 ἀρίστης
2762 2715 3090 2783 οἰκονομίας,
3135 2715 3336 2784 καίπερ
3374 2718 3456 2778 εἰς
3490 2715 3662 2785 γῆρας
3690 2714 4083 2785 προελθοῦσαν,

2509 2806 2577 2857 τά
2607 2805 2883 2875 ἐπιτήδεια
2909 2808 3005 2857 σὺν
3030 2808 3142 2868 τοῖς
3162 2806 3380 2868 οἰκείοις
3402 2805 3566 2876 ἔχειν,
3592 2808 3684 2858 καὶ
3709 2806 3886 2870 ἄλλοις
3917 2807 4086 2875 ἀφθό-

2510 2913 2617 2959 νως
2643 2898 2917 2966 χορηγεῖν.
2958 2895 3093 2948 Ὑπὸ
3108 2894 3491 2964 φιλανθρώπου
3515 2897 3571 2948 δὲ
3596 2896 3904 2967 προθυμίας
3931 2896 4084 2963 φιλό-

2511 2988 2675 3051 καλος
2705 2983 2861 3051 οὖσα,
2894 2988 2987 3039 καὶ
3024 2986 3342 3040 παντοδαπά
3388 2988 3767 3058 παρεσκεύαζε
3818 2989 4086 3058 φάρμακα

2511 3082 2589 3143 είς
2618 3079 2848 3148 πτωχῶν
2898 3079 3195 3132 νοσούντων
3236 3080 3445 3149 χρείαν.
3488 3074 3582 3142 Οἷς
3625 3081 3689 3149 δὴ
3734 3080 3946 3143 πολλοῖς
3972 3080 4085 3132 τῶν

2510 3171 2803 3241 γνωρίμων
2861 3170 3118 3231 πολλάκις
3177 3172 3452 3240 ἐπήρκεσε
3500 3171 3668 3241 μηδὲν
3720 3172 4085 3241 ἁποναμένοις

2512 3265 2619 3315 τῶν
2641 3262 2883 3333 συνήθων
2915 3264 3135 3334 ἰατρῶν.
3169 3264 3272 3315 Σὺν
3316 3262 3436 3334 θείᾳ
3466 3264 3575 3334 γάρ
3600 3280 3705 3316 τινι
3736 3266 3899 3333 ῥοπῇ,
3941 3263 4085 3334 ἆπερ

2513 3356 2809 3427 ἐπεχείρει,
2835 3358 2913 3417 εἰς
2930 3356 3165 3426 χρηστὸν
3189 3355 3450 3408 ἀπέϐαινε
3469 3356 3619 3418 τέλος
3643 3372 3656 3385 ’
3683 3356 3776 3408 καὶ
3787 3355 4087 3426 συλλήϐδην

2513 3451 2706 3512 εἰπεῖν,
2737 3448 2845 3500 τῶν
2870 3446 2993 3499 καθ’
3036 3449 3182 3517 ἡμᾶς
3228 3447 3533 3499 σπουδαίων
3578 3446 3854 3513 γυναικῶν
3889 3447 4087 3519 ἑτέραν

2511 3542 2611 3594 οὐκ
2634 3540 2824 3607 ἔγνων,
2859 3543 2937 3603 είς
2970 3539 3222 3592 τοσοῦτον
3247 3539 3411 3609 ήθους
3432 3557 3490 3592 τε
3520 3540 3613 3592 καὶ
3636 3540 3963 3610 σεμνότητος
3994 3540 4087 3592 καὶ

2510 3633 2606 3700 τῆς
2640 3629 2807 3699 ἄλλης
2860 3631 3060 3699 ἀρετῆς
3109 3629 3413 3681 ἐπιδοῦσαν.
3481 3628 3681 3696 Ἀλλ⁹ή
3730 3629 3849 3696 μὲν,
3885 3629 4087 3698 καίπερ

2510 3722 2684 3775 τοιάδε
2712 3717 2865 3782 οὖσα,
2901 3723 3026 3784 τοὺς
3048 3720 3273 3783 πολλοὺς
3305 3721 3611 3774 ἐλάνθανεν.
3640 3720 3775 3774 Ὑπὸ
3797 3722 4085 3791 μετριότης-

2509 3832 2600 3876 τος
2620 3814 2727 3885 γὰρ
2749 3814 2986 3883 τρόπων,
3007 3815 3100 3866 καὶ
3124 3814 3458 3883 φιλοσοφίας,
3480 3813 3568 3865 ἀεὶ
3594 3811 3876 3865 λανθάνειν
3892 3814 4087 3883 ἐπετή-

2510 3906 2697 3959 δευεν
2752 3907 2826 3970 ὼς
2883 3908 3016 3976 μήτε
3074 3909 3152 3969 είς
3208 3906 3425 3974 ἀξίωμα
3474 3904 3721 3958 διακόνου
3783 3904 4086 3957 σπουδάσαι

2512 3997 2811 4067 προελθεῖν,
2849 4000 3008 4069 μήτε,
3036 3997 3477 4068 προτρεπομένου
3501 3995 3761 4058 πολλάκις
3816 3996 4083 4059 Ἰωάννου,

2511 4093 2724 4146 ἑλέσθαι
2747 4093 2877 4145 ποτὲ
2894 4092 3178 4163 παρθένων
3198 4090 3662 4162 ἐκκλησιαστικῶν
3684 4090 3794 4159 (79)
3814 4090 4082 4157 ἡγεῖσθαι.

2510 4188 2784 4253 Μεγίστου
2813 4186 2871 4239 δὲ
2898 4185 3064 4253 φόΰου
3116 4186 3277 4238 πᾶσιν
3304 4184 3655 4254 ἐμπεσόντος,
3708 4181 3895 4251 ἐπειδὴ
3928 4181 4086 4250 δῆλον

2508 4274 2575 4349 ἦν
2604 4279 2800 4349 μηκέτι
2854 4277 3166 4340 στασιάζειν
3205 4276 3265 4329 τὸ
3289 4276 3510 4345 πλῆθος,
3546 4273 3779 4345 δημοσίᾳ
3810 4271 4086 4343 προελθὼν

2509 4374 2537 4424 ὁ
2589 4372 2688 4439 τῆς
2746 4370 2954 4432 πόλεως
3002 4369 3264 4439 ὕπαρχος,
3308 4369 3383 4431 ὡς
3421 4368 3687 4432 ἐξετάσων
3722 4367 3793 4420 τά
3829 4366 3959 4437 περ)⁵
3986 4366 4084 4435 τῆς

2510 4464 2687 4532 πυρᾶς
2722 4462 2816 4514 καὶ
2841 4460 2929 4513 τοῦ
2986 4460 3390 4530 βουλευτηρίου,
3438 4460 3665 4523 πολλοὺς
3690 4457 3942 4528 χαλεπῶς
3972 4459 4081 4509 ἐτι-

2520 4554 2830 4622 μωρήσατο.
2881 4550 3079 4621 Ἕλλην
3102 4550 3211 4622 γάρ
3237 4550 3335 4614 ὢν,
3366 4551 3441 4612 ὡς
3469 4548 3778 4618 ἐπεγγελῶν
3805 4550 3924 4609 ταῖς
3949 4564 4084 4616 συμ·

834 4644 930 4690 tuo
962 4638 1133 4691 latere
1183 4637 1436 4691 studebat
1477 4657 1490 4691 :
1543 4638 1613 4691 ita
1646 4645 1705 4691 ut
1760 4653 1861 4692 nec
1909 4638 2171 4695 honorem
2226 4642 2404 4697 diaco-
2434 4626 2482 4684 Ῐ)
2508 4658 2595 4711 φοι

2321 4659 2404 4697 co-
2434 4626 2482 4684 D
2508 4643 2697 4711 φοραῖς
2761 4642 2859 4710 τῆς
2901 4640 3245 4712 Ἐκκλησίας,
3293 4642 3387 4695 καὶ
3448 4641 3582 4711 πρὸς
3614 4638 3806 4709 ήδονὴν
3854 4637 3980 4707 ἔσχε
4020 4635 4082 4689 τδ

834 4727 997 4780 ηἱεεω
1052 4740 1292 4794 unquam
1347 4725 1618 4788 ambierit,
1652 4741 1752 4780 nec
1803 4726 2099 4796 virginibus
2141 4732 2403 4786 ecclesia-

2510 4732 2746 4803 συμϐάν.

835 4816 990 4871 sticis
1026 4831 1281 4886 prmesse,
1336 4815 1463 4869 licet
1490 4814 1698 4870 Joanne
1729 4818 1930 4886 sa'pius
1979 4833 2099 4872 eam
2136 4820 2408 4889 hortante,
2448 4824 2702 4879 voluerit.
2735 4821 2874 4876 Cum
2914 4822 3081 4892 igitur
3115 4821 3308 4891 ingens
3375 4831 3555 4875 metus
3601 4819 3765 4890 356
3825 4818 4080 4875 omnibus

837 4909 1069 4979 injectus
1098 4919 1265 4973 esset,
1318 4911 1534 4963 tandem
1570 4911 1659 4965 ubi
1710 4912 1963 4981 apparuit
2008 4914 2266 4982 populum
2330 4934 2438 4973 non
2479 4917 2715 4989 amplius
2762 4917 3108 4977 tumultuari,
3150 4916 3439 4985 praefectus
3487 4915 3659 4976 urbis,
3699 4914 3750 4966 in
3801 4915 4080 4983 publicum

833 5000 1137 5072 procedens
1164 5009 1423 5069 tanquam
1452 5000 1811 5070 quaestionem
1870 5001 2156 5059 habiturus
2200 5005 2268 5061 de
2324 5007 2578 5064 incendio
2625 5019 2681 5064 et
2724 5008 2793 5063 de
2857 5008 3025 5063 curia:
3073 5006 3513 5077 conflagratione,
3573 5007 3772 5059 multos
3823 5006 4082 5075 gravibus

2035 5160 2301 5219 VALESII
2338 5164 2871 5221 ANNOTATIONES

907 5300 1017 5367 (77)
1049 5299 1275 5369 Γύναια
1316 5298 1465 5366 πρὸς
1487 5298 1636 5362 ,βίαν
1666 5298 1772 5353 τοῦ
1804 5300 2054 5369 κόσμου.
2086 5302 2246 5357 Deest
2286 5318 2411 5366 ver-:-

834 5368 1361 5447 butnﬁzpﬂpéegaav.

914 5388 961 5422 Ill
989 5388 1200 5447 αφηρευ
1245 5388 1361 5421 σαν.
1418 5436 1441 5446 _
1750 5436 1774 5446 _

906 5440 1015 5508 (78)
1055 5424 1176 5491 Ῠων
1193 5388 1488 5502 ⁴ἓιωιίκων
1524 5453 1885 5507 προτιμωσα.
1920 5440 1975 5493 In
2008 5442 2198 5496 codice
2229 5442 2403 5497 Fulse-

834 5512 1005 5570 tiano.
1034 5524 1133 5577 pro
1158 5509 1424 5583 vocabulo
1460 5508 1748 5583 βιωτικῶν,
1795 5510 2064 5583 scriptum
2088 5521 2176 5583 est
2194 5513 2401 5583 ἀνθρω-

833 5583 1022 5639 πίνων.
1055 5577 1509 5651 quemadmodum
1542 5580 1703 5651 etiam
1739 5577 1933 5642 legitur
1958 5580 2101 5649 apud
2132 5577 2401 5651 Nicepho-

834 5666 953 5703 rum
991 5651 1042 5723 in
1089 5663 1211 5717 cap.
1242 5647 1333 5710 ‘25,
1370 5648 1459 5723 Iib_.
1498 5664 1618 5723 xm.
1654 5648 1755 5702 Sed
1778 5660 1827 5701 ct
1856 5647 2226 5719 grammaticae
2257 5647 2399 5723 leges

833 5720 1108 5789 postulant
1129 5716 1186 5770 ut
1217 5716 1569 5786 προτιμῶσαν
1602 5716 1866 5789 legamus.

903 5789 1014 5859 (79)
1042 5789 1355 5859 Παρθένων
1376 5787 1916 5855 ἐκκλησιαστικῶν.
1948 5789 2201 5858 Virgines
2224 5793 2401 5845 eccle-

833 5860 1069 5913 siastica:
1089 5858 1344 5911 dicuntur
1366 5859 1429 5931 ad
1455 5859 1859 5931 distinctionem
1890 5876 2076 5913 earum
2099 5876 2218 5929 quae
2235 5863 2397 5931 dege-

835 5932 963 5982 bant
993 5931 1043 5983 iu
1074 5929 1439 5994 monasteriis,
1465 5944 1585 5997 qua:
1617 5929 1893 5984 monachae
1916 5932 2170 5986 dicuntur
2197 5929 2395 6002 ωερε-

2516 5305 2656 5357 stola
2680 5302 2860 5357 Siricii
2879 5317 3049 5371 papae.
3076 5300 3169 5356 Hre
3192 5302 3618 5372 virgineslocum
3650 5312 3960 5370 separatum
3985 5301 4081 5354 lia-

2518 5376 2782 5428 bebantin
2806 5376 3062 5436 ecclesia,
3090 5373 3292 5427 tabulis
3328 5374 3742 5434 conclusum.ut
3766 5372 3925 5424 docet
3950 5375 4084 5425 Am-

2516 5446 2735 5500 brosius
2770 5444 2823 5497 in
2846 5443 3111 5497 Sermone
3132 5444 3197 5496 ad
3216 5444 3482 5512 virginem
3507 5443 3737 5511 lapsam.
3763 5441 4081 5495 Oblationes

2508 5514 2635 5567 item
2660 5513 2955 5567 offerebant
2977 5522 3031 5567 et
3053 5515 3531 5566 communicabant
3552 5528 3798 5567 seorsum
3816 5527 3843 5563 a
3874 5512 4081 5579 reliqua

2508 5583 2882 5643 multitudine.
2910 5583 3256 5652 utcolligitur
3288 5599 3351 5637 ex
3381 5597 3502 5651 cap.
3534 5583 3605 5636 26
3635 5581 3849 5637 concilii
3881 5580 4083 5633 Tribu-

2506 5655 2725 5709 riensis.
2779 5654 3177 5708 Ecclesiasticae
3233 5667 3398 5722 porro
3457 5654 3800 5715 dicebantur,
3836 5667 3901 5704 eo
3933 5652 4081 5722 quod

2505 5725 2759 5794 ascriplaa
2788 5733 2971 5778 essent
2996 5725 3119 5777 albo
3146 5721 3243 5777 seu
3271 5721 3568 5776 matricida:
3596 5723 3838 5794 ecclesia:
3866 5741 3879 5794 ς
3908 5721 4082 5794 κατά-

2502 5791 2669 5861 λογον
2699 5794 2982 5865 παρθένων
3014 5803 3086 5865 et
3134 5794 3321 5865 τάγμα
3353 5805 3538 5865 vocat
3596 5791 3831 5848 Basilius
3867 5792 3920 5844 in
3955 5791 4083 5861 Epi-

2503 5868 2642 5919 stola
2673 5863 2933 5920 canonica
2962 5864 3026 5918 ad
3061 5863 3523 5934 Amphilochium.

2589 6064 2649 6077 μ
