4504 6576
848 514 993 572 ιεῖθ

2259 440 2624 559 $010515“

3967 513 3985 567 I
4001 511 4107 567 580

845 641 908 690 ut
956 647 1080 704 qum
1121 632 1177 688 in
1229 632 1588 689 multitudine
1633 646 1729 703 per
1772 630 2102 686 calumniam
2145 635 2322 699 capta,
2351 624 2404 680 in
2434 624 2496 686 Δ
2525 621 2624 706 σῖδν

2351 624 2404 680 in
2434 624 2496 686 Δ
2525 612 2872 706 σῖδνηγόρους
2907 632 3330 704 προστήσασθαι.
3368 635 3430 688 El
3467 635 3577 706 γὰρ
3613 636 3946 706 παρανόμως
3987 635 4106 704 βια-

839 724 1050 793 judicio
1100 739 1231 778 vero
1283 724 1496 780 nullius
1545 723 1801 780 criminis
1855 723 2106 778 com-icta
2160 735 2314 786 smn,
2345 717 2415 773 ad

843 814 1224 871 defensionem
1277 816 1469 870 trahar
1510 816 1867 886 querelarum
1909 829 2030 886 qua:
2069 814 2124 868 in
2152 811 2416 884 judicium

842 921 955 962 non
997 906 1273 960 venerint.
1326 904 1592 962 Permitte
1641 906 1809 976 igitur
1859 904 1994 959 mihi
2047 911 2108 959 ut
2156 904 2422 962 adversus

842 1001 1083 1069 priorem
1113 998 1525 1053 accusationem
1563 1005 1829 1070 patronos
1855 997 2169 1053 adhibeam.
2198 995 2338 1052 Nam
2374 997 2422 1053 si

841 1097 1038 1144 contra
1089 1089 1183 1157 jus
1229 1103 1294 1143 ac
1343 1086 1494 1159 leges
1550 1096 1742 1149 coacta
1797 1088 1954 1144 fuero
2005 1089 2421 1144 communicare

842 1182 956 1237 illis
981 1181 1186 1251 quibus
1218 1195 1330 1236 non
1360 1187 1604 1252 Oportet,
1636 1197 1748 1235 non
1799 1179 1996 1234 faciam
2033 1179 2088 1234 id
2134 1181 2279 1250 quod
2314 1181 2422 1250 piis

841 1273 1003 1329 nefas
1046 1281 1130 1328 est
1174 1273 1374 1328 facere.
1407 1272 1710 1329 Prmfectus
1755 1287 1889 1344 ergo
1936 1287 2066 1327 eum
2105 1272 2159 1326 ei
2197 1287 2423 1343 persuas

840 1365 974 1420 dere
1020 1379 1135 1418 non
1173 1371 1368 1435 posset
1417 1372 1476 1418 ut
1507 1379 1632 1419 cum
1680 1364 1910 1420 Arsacio
1957 1365 2418 1428 communicaret,

842 1464 959 1510 tum
995 1455 1215 1526 quidem
1265 1471 1387 1512 eam
1424 1457 1658 1519 dimisit,
1686 1472 1799 1527 quo
1831 1457 2130 1512 advocatos
2170 1473 2300 1519 suos
2338 1457 2420 1511 in-

841 1555 1105 1604 strueret.
1141 1549 1334 1603 Altero
1391 1557 1571 1604 autem
1596 1547 1686 1602 die
1715 1561 1842 1602 cum
1880 1562 2000 1603 eam
2029 1549 2276 1604 exhiberi
2301 1549 2419 1620 jus-

843 1643 1029 1706 sisset,
1070 1655 1268 1712 magno
1302 1641 1424 1695 auri
1463 1639 1716 1711 .pondere
1770 1639 2051 1694 multavit.
2125 1637 2222 1696 Sic
2269 1641 2414 1696 enim

843 1735 996 1789 illam
1028 1751 1056 1787 a
1090 1733 1364 1788 sententia
1421 1748 1522 1788 sua
1572 1747 1693 1787 sese
1743 1732 2112 1787 abducturum
2163 1733 2411 1803 putabat.

842 1824 1046 1881 Verum
1088 1825 1180 1880 illa
1221 1824 1483 1896 pecunias
1513 1830 1899 1884 contemnens.
1934 1825 2252 1880 nullatenus
2295 1840 2417 1880 ces-

2527 703 2708 786 σθείην
2762 717 2850 787 οἷς
2901 723 2976 794 μὴ
3009 703 3414 790 δείίκοινωνετν,
3456 703 3517 780 ού
3540 703 3755 797 ποιήσω
3785 703 4108 798 ἂνμὴήθέμις

2522 810 2637 875 τοῖς
2667 809 3012 872 εὐσεϐοῦσιν.
3053 816 3113 870 '0
3141 817 3220 880 δὲ,
3243 818 3317 882 ὡς
3335 818 3436 872 ούκ
3463 817 3680 872 ἔπεισεν
3701 818 3870 890 αὐτὴν
3910 819 4104 890 Ἀρσα-

2525 903 2632 976 κίῳ
2652 909 2958 972 κοινωνεῖν,
2976 907 3100 961 τότε
3127 908 3225 978 μὲν
3235 908 3387 979 ἠφίει
3409 908 3486 972 ὡς
3512 908 3844 981 συνηγόρους
3867 907 4109 974 διδάξου-

2527 1015 2627 1051 σαν
2651 1015 2664 1030 ·
2699 999 2758 1051 ἐν
2801 998 2964 1071 ἑτέρᾳ
2993 999 3049 1053 δὲ
3097 999 3456 1072 παραγαγὼν,
3497 997 3693 1054 πολλοῦ
3721 998 3946 1070 χρυσίου
3974 1015 4107 1052 κατ-

2525 1090 2802 1144 εδίκασεν·
2850 1091 2987 1162 ᾤετο
3033 1091 3140 1164 γὰρ
3191 1090 3363 1155 οὕτως
3414 1092 3583 1164 αὐτὴν
3635 1092 3964 1162 μεταθήσειν
4006 1091 4108 1160 τῆς

2524 1179 2770 1252 γνώμης.
2811 1183 2950 1236 Ἀλλ’
2989 1184 3023 1254 ἡ
3061 1184 3158 1255 μὲν
3182 1184 3289 1238 τῶν
3331 1184 3628 1256 χρημάτων
3659 1182 4006 1254 ὑπεριδοῦσα,
4041 1185 4104 1237 ού

2525 1272 2808 1343 καθυφῆκε
2826 1292 2838 1305 ·
2866 1275 2959 1328 καὶ
2983 1274 3359 1330 καταλιποῦσα
3390 1276 3488 1346 τὴν
3513 1273 4103 1339 Κωνσταντινούπολιν,

2525 1367 2585 1420 ἐν
2637 1366 2858 1438 Κυζίκῳ
2929 1367 3214 1439 διέτριϐεν.
3240 1404 3249 1420 ι
3277 1369 3365 1421 Ἐν
3432 1369 3489 1422 δὲ
3524 1368 3600 1440 τῷ
3635 1369 3754 1422 τότε
3805 1367 3980 1439 καιρῷ
4008 1367 4105 1420 καὶ

2480 1475 2484 1480 ·
2525 1457 2745 1528 Τίγριος
2805 1458 3174 1530 πρεσϐύτερος
3231 1460 3330 1530 τῆς
3367 1458 3594 1529 ἐσθῆτος
3642 1459 3972 1530 γυμνωθεὶς,
4011 1459 4106 1510 καὶ

2523 1551 2666 1605 κατὰ
2696 1549 2866 1604 νώτου
2887 1551 3274 1622 μαστιγωθεὶς,
3306 1552 3472 1614 πόδας
3499 1552 3599 1605 καὶ
3615 1553 3803 1623 χεῖρας
3825 1550 4106 1621 δεδεμένος

2519 1643 2815 1708 διαταθεὶς,
2841 1643 3060 1714 διελύθη
3090 1643 3162 1698 τὰ
3203 1643 3402 1716 ἄρθρα.
3441 1645 3686 1714 Ἐγένετο
3711 1643 3769 1697 δέ
3802 1638 3957 1706 οὗτος
3980 1641 4106 1712 βάρ-

2521 1739 2690 1807 ϐαρος
2739 1736 2802 1788 τὸ
2826 1737 3003 1803 γένος,
3034 1735 3137 1789 οὐκ
3166 1736 3231 1790 ἐκ
3279 1735 3509 1806 γενετῆς
3540 1734 3791 1805 εὐνοῦχος
3813 1751 3828 1766 ·
3865 1737 3923 1787 ἐν
3954 1736 4106 1806 οἰκίᾳ,

2518 1827 2577 1882 δέ
2607 1844 2747 1890 τινος
2772 1826 2880 1879 τῶν
2920 1827 2978 1879 ἐν
3029 1825 3256 1897 δυνάμει
3313 1825 3383 1880 τὰ
3440 1826 3633 1897 πρῶτα
3651 1825 3967 1890 δουλεύσας,
4009 1827 4106 1880 καὶ

842 1920 953 1984 sit;
986 1924 1042 1970 et
1071 1916 1258 1971 relicta
1293 1914 1790 1985 Constantinopoli,
1820 1916 1874 1970 in
1907 1917 2043 1971 urbe
2079 1915 2280 1987 Cyzico
2314 1915 2414 1970 do—
2455 1990 2458 1991 ν
2523 1921 2621 1974 ἐπα

2326 1915 2414 1970 .10-
2455 1990 2458 1991 ν
2523 1919 2831 1982 ἐπαινεθεὶς
2873 1919 3026 1991 παρὰ
3066 1917 3160 1972 τοῦ
3209 1918 3569 1989 κεκτημένου,
3605 1918 3862 1990 μετέσχεν
3891 1916 4105 1971 ἐλευθε-

842 2010 1106 2065 inicilium
1138 2007 1276 2062 ﬁxit.
1306 2007 1462 2062 Tunc
1489 2008 1654 2062 etiam
1682 2006 1905 2078 Tigrius
1929 2008 2215 2079 presbyter
2246 2009 2419 2063 vesti—
2453 1990 2496 2045 Β
2526 2013 2617 2085 ρία

2324 2009 2419 2062 sti—
2453 1990 2496 2045 Β
2526 2013 2670 2085 ρίας.
2704 2013 2797 2076 Εἰς
2821 1990 3191 2085 πρεσϐυτέρου
3220 2009 3276 2064 δέ
3303 2010 3461 2075 ἀξίαν
3487 2008 3787 2082 προελθὼν,
3825 2008 3905 2080 τῷ
3925 2007 4103 2081 χρόνῳ

845 2102 1047 2157 mentis
1090 2110 1296 2156 exutus
1335 2107 1389 2155 et
1430 2107 1583 2169 tergo
1630 2097 1822 2170 ﬂagris
1869 2114 2075 2163 czesus,
2110 2100 2424 2170 vinetisque

832 2193 1080 2266 pedibus
1109 2208 1175 2248 ac
1205 2190 1461 2247 manibus
1488 2191 1546 2246 in
1580 2191 1818 2261 equuleo
1842 2199 2128 2256 extensus,
2163 2191 2423 2248 membris

815 2283 1151 2340 'dissolutus
1193 2289 1300 2337 est.
1335 2278 1468 2334 Erat
1511 2279 1602 2334 hic
1647 2278 1930 2334 Barbarus
1972 2280 2216 2345 natione,
2250 2295 2426 2335 eunu-

819 2377 984 2434 'chus
1031 2374 1276 2447 quidem,
1327 2373 1427 2430 sed
1470 2387 1580 2428 non
1629 2371 1700 2428 ab
1746 2372 1988 2444 origine.
2040 2372 2147 2440 Qui
2195 2388 2320 2429 cum
2369 2373 2422 2428 in

756 2470 763 2476 ’
845 2472 1011 2528 domo
1061 2467 1354 2539 cujusdam
1405 2465 1645 2538 potentis
1688 2480 1884 2522 servus
1939 2465 2157 2533 fuisset,
2201 2467 2426 2524 domino

847 2578 953 2620 suo
984 2563 1278 2634 probatus,
1312 2559 1618 2615 libertatem
1649 2569 1949 2614 meruerat.
1973 2558 2169 2615 Postea
2199 2575 2330 2616 vero
2358 2560 2426 2615 ad

845 2654 1180 2730 presbyterii
1217 2652 1445 2726 gradum
1478 2659 1790 2724 promotus,
1824 2667 2094 2723 processu
2142 2653 2425 2726 temporis,

851 2749 1100 2806 mor-ibus
1127 2745 1598 2803 commodissimis
1627 2745 1894 2817 praaditus
1923 2746 2194 2816 apparuit,
2221 2755 2276 2802 et
2305 2747 2427 2818 pla-

849 2845 1014 2901 cidus
1054 2849 1222 2912 atque
1250 2855 1380 2912 erga
1419 2854 1692 2911 pauperes
1735 2853 1799 2893 ac
1825 2841 2167 2910 peregrinos,
2197 2840 2244 2895 si
2271 2840 2428 2911 quis-

849 2949 1028 3006 quam,
1052 2933 1217 2998 alius,
1235 2929 1717 3000 benignissimus.
1751 2925 1818 2980 Et
1850 2926 1968 2982 haec
2009 2927 2233 2998 quidem
2274 2937 2428 2998 gesta

851 3036 983 3084 sunt
1009 3023 1507 3094 Constantinopoli.
1544 3021 1650 3078 Per
1683 3020 1828 3076 idem
1861 3029 2103 3090 tempus,
2129 3036 2254 3077 cum
2286 3020 2428 3075 Siri-

851 3120 976 3176 cius
1035 3118 1197 3173 annis
1251 3112 1593 3186 quindecim,
1645 3119 1701 3167 et
1751 3121 1874 3183 post
1923 3129 2048 3168 eum
2102 3113 2429 3170 Anastasius

853 3213 1035 3267 tribus
1081 3209 1244 3264 annis
1277 3206 1659 3278 episcopatum
1701 3203 1963 3260 Romanae
2005 3205 2430 3269 urbis.admini-

850 3309 1111 3366 strasset,
1170 3296 1526 3354 Innocentius
1581 3295 1638 3350 in
1688 3311 1880 3351 eorum
1914 3296 2095 3352 locum
2130 3299 2422 3354 successit.

852 3393 1165 3451 Antiochia
1195 3405 1329 3448 vero
1352 3401 1600 3446 mortuus
1623 3397 1707 3445 est
1736 3387 2182 3459 Flavianus,qui.
2200 3388 2428 3448 Joannis

853 3481 1193 3557 depositioni
1222 3481 1652 3552 haudquaquam
1685 3487 2066 3535 consenserat.
2103 3479 2276 3550 Cujus
2309 3482 2429 3538 loco

846 3574 1197 3646 Porphyrius
1265 3569 1661 3631 Antiochensis
1732 3566 1997 3623 Ecclesia:
2055 3569 2427 3624 sacerdotium

848 3667 1119 3737 suscepit.
1146 3664 1252 3731 Qui
1302 3676 1429 3717 cum
1496 3658 1946 3716 condemnationi
2005 3656 2236 3717 Joannis
2295 3663 2430 3720 sub-

2523 2103 2748 2174 διεφάνη
2779 2103 2840 2156 τὸ
2873 2097 3004 2173 ἦθος
3043 2100 3468 2164 ἐπιεικέστατος,
3507 2101 3599 2154 καὶ
3629 2101 3823 2175 πρᾶος,
3849 2099 3946 2154 καὶ
3976 2098 4106 2169 περὶ

2526 2194 2954 2265 τοὺςδεομένους
2983 2193 3077 2247 καὶ⁴
3131 2192 3335 2260 ξένους,
3361 2192 3518 2264 εἰπερ
3538 2209 3620 2256 τις
3642 2191 3819 2256 ἄλλος,
3849 2190 4107 2256 δεξιώτα-

2525 2305 2635 2352 τος.
2664 2288 2774 2342 Καὶ
2790 2286 2857 2340 τά
2885 2285 2982 2358 μὲν
3006 2286 3064 2338 ἐν
3094 2284 3681 2348 Κωνσταντινουπόλει,
3710 2283 3887 2338 τοιάδε
3909 2279 3999 2354 ἦν.
4016 2283 4106 2336 Ἐν

2522 2378 2697 2450 τούτῳ
2723 2377 2782 2431 δὲ
2819 2376 3061 2449 Σιρικίου
3084 2375 3182 2448 τὴν
3213 2375 3500 2446 Ῥωμαίων
3523 2373 3827 2446 ἐπισκοπὴν
3855 2373 3990 2428 δέκα
4013 2373 4107 2427 καὶ

2525 2473 2688 2526 πέντε
2744 2469 3091 2534 διανύσαντος
3152 2470 3270 2540 ἐτη,
3308 2469 3660 2524 Ἀναστασίου
3698 2468 3756 2521 δέ
3787 2467 3934 2539 τρία,
3969 2467 4105 2538 μετὰ

2525 2564 2715 2618 τοῦτον
2764 2563 3076 2625 Ἱνοκέντιος
3116 2561 3321 2632 ταύτην
3370 2561 3608 2631 ἐπλήρου
3666 2559 3766 2630 τὴν
3828 2557 4101 2628 διαδοχήν.

2539 2655 2886 2729 Ἐτελεύτησε
2931 2655 2990 2708 δὲ
3041 2655 3136 2709 καὶ
3183 2653 3499 2718 Φλαόιανδς,
3551 2651 3628 2724 μὴ
3668 2651 4000 2722 συνθέμενος
4039 2652 4104 2721 τῇ

2539 2750 2784 2804 Ἰωάννου
2817 2747 3136 2820 καθαιρέσει
3163 2762 3176 2776 ·
3207 2745 3511 2816 διαδέχεται
3539 2743 3601 2798 δὲ
3645 2743 3744 2814 τὴν
3764 2750 3766 2753 ’
3785 2741 4106 2812 Ἀντιοχέων

2538 2840 2864 2910 Ἐκκλησίαν
2892 2835 3228 2910 Πορφύριος·
3275 2835 3368 2888 καὶ
3422 2833 3610 2904 ἐπειδὴ
3640 2834 3754 2896 τοῖς
3783 2831 3904 2886 κατ’
3938 2828 4104 2885 αὑτοῦ

2528 2929 2888 3002 κεχρημένοις
2938 2925 3334 2998 ἐπεψηφίσατο,
3365 2918 3550 2977 πολλοὶ
3580 2923 3688 2978 τῶν
3719 2925 3777 2977 ἐν
3806 2921 3983 2993 Συρίᾳ
4008 2919 4106 2990 τῆς

2529 3023 2716 3078 ἐνθάδε
2775 3021 3100 3092 Ἐκκλησίας
3145 3017 3564 3091 ἐχωρίσθησανο
3612 3017 3734 3071 καθ’
3792 3015 4018 3078 ἐαυτούς
4045 3030 4106 3067 τε

2527 3115 2628 3179 τὰς
2677 3114 2928 3176 συνόδους
2979 3112 3311 3183 ποιούμενοι,
3340 3110 3678 3183 πραγμάτων
3707 3107 3802 3163 καὶ
3839 3107 4107 3182 πλείστων

2528 3205 2716 3262 δεινῶν
2741 3205 3131 3278 ἐπειράθησαν.
3158 3204 3333 3273 Χάριν
3363 3201 3471 3273 γὰρ
3507 3199 3607 3271 τῆς
3639 3199 3776 3271 πρὸς
3820 3198 4108 3269 Ἀρσάκιον

2542 3298 2849 3363 κοινωνίας,
2903 3297 2998 3352 καὶ
3053 3294 3358 3368 ιΙορφύριον
3402 3291 3587 3347 τοῦτον
3614 3292 3710 3346 καὶ
3737 3289 3992 3360 Θεόφιλον
4018 3289 4109 3342 τὸν

2548 3389 2953 3461 Ἀλεξανδρείας
2985 3388 3303 3453 ἐπίσκοπον,
3337 3386 3540 3458 σπουδῇ
3580 3385 3691 3439 τῶν
3725 3387 3781 3438 ἐν
3809 3385 3922 3446 τοῖς
3956 3381 4105 3452 βασι-

2534 3485 2697 3548 λείοις
2734 3483 2995 3546 δυνατῶν,
3021 3482 3182 3554 νόμος
3205 3479 3365 3552 ἐτέθη
3392 3480 3502 3551 (82)
3527 3480 3651 3542 τοὺς
3673 3477 3847 3549 ὀρθῶς
3871 3473 4109 3540 δοξάζον-

2533 3594 2630 3641 τας
2666 3575 2822 3638 ἐκτὺς
2865 3574 2971 3628 τῶν
3009 3572 3311 3644 ἐκκλησιῶν
3366 3573 3442 3644 μὴ
3482 3571 3756 3625 συνιέναν
3801 3570 3928 3644 τοὺς
3953 3567 4010 3620 δὲ
4036 3563 4110 3636 μὴ

2534 3666 2920 3730 κοινωνοῦντας
2949 3667 3149 3732 αὐτοῖς,
3180 3665 3522 3721 ἐλαύνεσθαι.
3607 3715 3611 3721 .

854 3759 1196 3832 scripsisset,
1233 3755 1394 3812 multi
1424 3755 1478 3809 in
1520 3752 1681 3826 Syria
1709 3751 1778 3808 ab
1817 3752 2076 3810 Ecclesia:
2147 3755 2296 3814 illius
2353 3764 2740 3819 communione
2804 3776 2925 3817 sese
2975 3761 3320 3832 ahruperunt
3366 3778 3384 3817 :
3449 3769 3504 3818 et
3548 3774 3796 3816 seorsum
3849 3757 4110 3812 collectas

863 3853 1234 3914 celebrantes,
1262 3847 1467 3903 multas
1487 3859 1766 3901 aerumnas
1786 3857 1852 3898 ac
1880 3843 2160 3900 molestias
2217 3851 2469 3918 perpessi
2507 3862 2656 3908 sunt.
2690 3853 2904 3910 Etenim
2959 3851 3014 3905 in
3048 3851 3280 3922 gratiam
3326 3851 3732 3907 communionis
3780 3849 3990 3904 Arsacii
4057 3859 4113 3903 et

858 3947 1024 4016 hujus
1097 3955 1262 4012 quem
1332 3937 1578 3995 diximus
1630 3935 1979 4008 Porphyrii,
2027 3948 2083 3992 et
2147 3935 2433 4009 Theophili
2472 3945 2819 4001 Alexandriae
2857 3944 3123 4015 episcopi,
3152 3943 3336 4000 studio
3377 3958 3568 4000 eorum
3636 3943 3729 4015 qui
3785 3944 3840 3998 in
3904 3943 4151 4012 palatio.

847 4039 1159 4113 plurimum
1191 4038 1468 4104 poterant,
1497 4030 1609 4084 lata
1642 4029 1727 4084 lex
1757 4035 1865 4094 est,
1907 4043 1977 4084 ne
2005 4029 2296 4087 orthodoxi
2337 4043 2492 4091 extra
2520 4038 2786 4096 ecclesias
2812 4037 3191 4100 convenirent,
3231 4045 3401 4107 utque
3448 4037 3486 4090 ii
3556 4037 3651 4107 qui
3723 4051 3846 4090 cum
3915 4049 4111 4106 supra-

859 4132 1025 4187 dictis
1051 4144 1160 4184 non
1191 4124 1694 4196 communicarent,
1727 4120 2152 4192 expellerentur.

1474 4216 1624 4273 CAP.
1666 4215 1833 4271 XXV.

853 4317 1028 4392 353
1057 4311 1334 4392 Quomodo
1356 4307 1876 4392 _Ecclesiantttr_bata,
1905 4311 2203 4392 respublica
2232 4329 2433 4392 quoque

902 4377 1039 4444 ἓῖαῖε
1062 4377 1260 4455 affecta
1288 4382 1412 4453 fuit,
1441 4389 1490 4435 et
1519 4380 1584 4436 de
1612 4377 1864 4436 Stilicone
1897 4377 2123 4437 Honorii
2149 4377 2362 4442 comite;

936 4546 1139 4600 Eodem
1200 4551 1466 4612 tempore,
1531 4536 1675 4594 sicut
1732 4536 1785 4591 in
1825 4519 2169 4594 sacerdotum
2223 4539 2438 4595 dissen-

862 4641 1120 4698 sionibus
1159 4635 1274 4691 fere
1298 4631 1553 4690 evenisse
1582 4630 1852 4702 reperies,
1890 4632 2197 4700 respublica
2224 4647 2442 4703 quoque

868 4736 1055 4792 turbis
1086 4748 1153 4788 ac
1178 4729 1420 4785 motibus
1469 4725 1671 4798 agitata
1701 4733 1803 4779 est.
1852 4722 2066 4779 Etenim
2099 4721 2280 4778 llunui
2316 4735 2440 4780 tra-

3123 4215 3371 4268 ΚΕΦΑΛ.
3391 4215 3521 4269 KE’;

2543 4312 2671 4365 Ὀτι
2723 4307 3260 4385 tﬁC.‘E%x.1_nO'[(_l¢_
3305 4304 3499 4372 κακῶς
3547 4306 3830 4385 ἐχούσης,
3888 4310 3986 4385 καί
4039 4313 4112 4385 τὰ

2480 4404 2505 4437 ·,
2611 4378 2868 4448 κοσμικὰ
2921 4377 3117 4443 κακῶς
3172 4378 3462 4432 διέκειντο
3484 4377 3834 4448 πράγματα.
3882 4380 3990 4434 Καὶ
4038 4383 4109 4435 τὰ

2612 4447 2763 4505 κατᾶ
2781 4449 3120 4516 Στελίχωνα
3146 4450 3253 4502 τὸν
3292 4447 3563 4514 Ὀνωρίου
3590 4449 3946 4518 στρατηγόν.

2607 4541 2746 4611 ’Περὶ
2772 4539 2828 4592 δὲ
2855 4537 3042 4590 τοῦτον
3074 4537 3164 4589 τὴν
3187 4537 3394 4609 χρόνον,
3431 4535 3508 4600 ὡς
3554 4536 3757 4592 ἐπίπαν
3793 4539 4107 4610 συνενεχθὲν

2537 4630 2717 4701 εὑρεῖν
2763 4629 2909 4681 ἔστιν
2955 4629 3012 4680 ἐν
3060 4628 3180 4690 ταῖς
3226 4626 3333 4680 τῶν
3366 4626 3554 4696 ἱερέων
3583 4625 3887 4696 διχονοίαις,
3921 4629 4012 4681 καὶ
4038 4630 4107 4682 τὰ

2541 4721 2698 4776 κοινὰ
2734 4719 2977 4792 θορύϐων
3011 4720 3104 4773 καὶ
3152 4719 3395 4791 ταραχῆς
3441 4718 3724 4790 ἐπειράθη.
3766 4719 3878 4772 Καὶ
3921 4715 4109 4774 Οὗννοι

867 4827 1208 4901 jeclo‘lstro,
1236 4785 1534 4877 Thraciam
1578 4825 1887 4874 vastarunt.
1923 4817 2184 4874 Latrones
2223 4833 2444 4890 quoque
2472 4785 2518 4841 υ
2549 4813 2646 4885 μὲν

2328 4833 2444 4890 tque
2472 4785 2518 4841 υ
2549 4813 2646 4885 μὲν
2675 4812 2764 4901 sfw
2799 4785 3055 4881 "lorpow
3074 4809 3198 4880 (85)
3225 4785 3662 4880 περαιωθέντες,
3693 4785 3837 4874 ’τοὺς
3885 4809 4107 4882 Θρᾷκας

2061 5008 2335 5066 ’VALESll
2373 5008 2921 5068 ANNOTATIONES.

947 5132 1059 5204 (82)
1079 5130 1272 5204 Νόμος
1303 5127 1816 5204 ἐτέθηλῐὲξειοιθο
1857 5129 2030 5204 lexin
2067 5128 2159 5182 lih.
2189 5142 2276 5181 xv:
2302 5125 2433 5204 eod.

877 5196 1266 5261 Th‘eodosiani,
1295 5200 1452 5254 titulo
1490 5197 1562 5268 De
1585 5198 1665 5252 his
1701 5199 1792 5267 qui
1816 5198 2064 5268 religione
2092 5196 2433 5268 contendunt.

879 5275 972 5326 Sic
1007 5281 1188 5327 autem
1246 5271 1406 5323 habet
1441 5287 1454 5321 :
1489 5266 1837 5336 Imperatores
1870 5266 2131 5322 Arcadius
2177 5277 2225 5320 et
2253 5266 2439 5320 ’llono-

880 5345 1016 5404 rius,
1066 5341 1390 5410 Eutychiano
1423 5338 1486 5392 P.
1519 5339 1582 5394 Ρ.
1614 5338 1854 5392 Rcctores
1903 5339 2293 5410 provinciarum
2326 5353 2438 5410 mo-t

881 5424 1104 5467 neantur
1153 5406 1506 5465 utconvcntus
1551 5426 1728 5464 eorum
1779 5418 2058 5462 arceantur
2093 5407 2306 5465 inlicili.
2355 5406 2443 5475 qui

883 5483 1289 5538 orthodoxorum
1333 5481 1579 5549 religione
1611 5479 1839 5548 stt/fulti,
1871 5479 2056 5546 spretis
2089 5478 2442 5549 sacrosanctis

881 5555 1138 5612 ecclesiis,
1187 5553 1292 5605 alio
1323 5546 1589 5606 conuenire
1637 5546 1932 5612 conantur;
1977 5550 2058 5602 his
2121 5548 2208 5616 qui
2242 5546 2308 5600 ab
2339 5547 2442 5600 Ar-

884 5626 1035 5691 sacii,
1066 5622 1355 5691 Theophili,
1387 5622 1682 5692 Porphyrii,
1723 5620 2267 5692 reveretttft'sst'rnorum
2296 5618 2440 5692 antif

889 5687 1067 5749 stitunt
1116 5687 1468 5748 communioni
1492 5687 1854 5747 'di'ssenliuut.
1886 5690 1950 5743 ab
1985 5687 2221 5743 Ecclesia
2254 5687 2440 5756 procul

885 5766 1043 5818 dubio
1066 5762 1391 5829 repellendis.
1433 5762 1627 5816 Datum
1659 5778 1746 5816 xw
1807 5757 1934 5814 Kal.
1998 5759 2265 5813 Decembr.
2297 5757 2440 5829 Con-

886 5826 1245 5898 stautinopoli,
1285 5833 1518 5888 Honorio
1561 5849 1610 5886 νι
1682 5842 1730 5887 et
1764 5832 2078 5886 Aristwneto
2116 5847 2248 5883 coss.
2304 5826 2440 5882 Vide

888 5913 1180 5968 lSAItONtL‘N,
1211 5905 1275 5958 ml
1303 5922 1502 5967 unmmt
1525 5903 1722 5959 Christi
1742 5903 1864 5966 405,
1896 5916 2015 5972 cap.
2035 5901 2107 5957 5i
2129 5911 2176 5954 et
2209 5914 2439 5969 sequen-

880 5980 1049 6034 tibus.

2611 5125 2725 5196 (85)
2752 5120 2971 5181 Οὖννοι
3002 5124 3107 5196 τὸν
3140 5119 3666 5196 Ἵστρφκζοβίηιυε
3685 5116 3736 5170 in
3759 5113 3900 5196 libro
3917 5110 4111 5196 quinto

2545 5183 2800 5251 Historia:
2851 5211 2974 5266 pag.
3007 5194 3132 5262 799,
3165 5183 3356 5249 scribit
3393 5190 3648 5260 fugitivos
3693 5200 3768 5266 ac.
3802 5183 4112 5266 desertores

2545 5267 2753 5321 militiae
2779 5254 2867 5320 in-
2892 5254 3061 5319 υἶιιιιιι
3099 5254 3376 5323 collectos,
3425 5254 3549 5315 eum
3612 5272 3671 5312 se
3727 5254 3954 5308 Hunnos
3973 5265 4112 5323 gsse

2549 5319 2934 5398 mentirentur,
2971 5335 3260 5390 Thraciam
3292 5319 3424 5387 tunc
3454 5338 3702 5402 vastasse
3736 5343 3749 5378 :
3778 5319 4112 5402 άπερ-Ἑτα-

2549 5389 2984 5477 vitusmagister
3009 5405 3266 5466 militum,
3291 5403 3383 5477 qui
3415 5401 3554 5456 bello
3582 5398 3846 5477 adversus
3881 5389 4109 5477 Cainam

2550 5462 2901 5543 inclaruer‘at,
2955 5485 3146 5529 contra
3175 5462 3269 5530 eos
3290 5462 3512 5532 missus,
3549 5462 3894 5543 cunctosnad
3938 5462 4114 5543 intero

2549 5549 2834 5603 necionem
2888 5532 3108 5601 delevit.
3159 5545 3232 5598 Ex
3262 5543 3348 5598 his
3394 5532 4109 5616 p_atet-error.Nicephoii‘,

2547 5622 2638 5688 qui
2672 5619 2818 5673 hunc
2857 5616 3142 5688 Sozomeni
3197 5616 3374 5688 locum
3395 5603 3720 5688 describens
3758 5605 3814 5686 in
3863 5610 3984 5688 cap.

2548 5677 2642 5744 lih.
2684 5688 2991 5761 stu,_addit
3026 5685 3252 5761 Hunnos
3282 5686 3441 5761 istos,
3475 5680 3570 5761 qu_i
3607 5677 4112 5761 Th'raei‘arnAvafsta:

2545 5743 2928 5824 ruint,7Huldin
2961 5758 3154 5813 ducem
3212 5743 3510 5811 habuisse:
3538 5750 3649 5803 lmo
3681 5743 4111 5827 lluidisnamicus

2547 5812 2934 5886 ite—ftederatus
2955 5812 3074 5886 erat
3092 5829 3487 5889 Romanorum,
3523 5830 3580 5876 ut
3606 5825 3838 5875 testatur
3859 5812 4112 5869 lusimus

2543 5903 2765 5959 ibidem.
