4504 6576
344 474 480 533 1331

1262 463 1584 521 HISTORIA
1621 460 2177 518 ECIJLESIASTICA.
2224 494 2290 502 --
2332 461 2456 518 LIB.
2504 461 2637 518 VIII.

3453 455 3593 511 1ἴὶῗὲ

339 597 547 665 ἐδῄουν.
603 594 665 646 Οἱ
712 593 768 646 δὲ
820 592 878 643 ἐν
930 590 1173 660 Ἰσαυρῖα
1218 588 1413 660 λῃσταὶ
1441 588 1553 657 (84)
1598 587 1678 650 εἰς
1711 585 1911 654 πλῆθος
1942 592 1990 649 Α
2018 586 2118 643 Isat

1813 585 1911 654 ιθος
1942 592 1990 649 Α
2018 586 2209 654 Isauri,
2257 595 2447 643 coacta
2503 587 2711 658 ingenti
2755 582 3101 637 multitudine
3128 620 3142 643 ,
3182 581 3346 636 urbes
3400 596 3592 634 omnes

339 686 742 756 ἁθροισθέντες,
800 686 961 754 μέχρι
1015 684 1215 755 Καρῶν
1250 685 1344 736 καὶ
1385 682 1666 745 Φοινίκων,
1717 681 1816 742 τὰς
1862 682 1920 733 ἐν

343 778 497 846 μέσῳ
523 777 707 838 πόλεις
732 776 826 827 καὶ
849 774 1038 845 κώμας
1090 774 1480 842 ἐκακούργουν.
1512 774 1777 843 Στελίχων
1808 773 1865 825 δὲ
1894 774 1922 825 ὁ

354 868 613 938 Ὀνωρὶου
633 867 957 938 στρατηγὸς,
984 866 1121 937 ἀνὴρ
1144 866 1301 936 εἴπερ
1320 885 1402 929 τις
1427 864 1643 917 πώποτε
1672 868 1731 917 ἐν
1754 862 1920 934 πολλῇ

338 958 571 1027 δυνάμει
616 959 997 1027 γεγενημένος,
1042 957 1327 1027 Ῥωμαίων
1377 974 1436 1009 τε
1486 956 1580 1008 καὶ
1620 954 1923 1026 Βαρϐάρων

338 1045 468 1108 τοὺς
502 1045 655 1107 νέους
698 1044 1056 1115 πειθομένους
1115 1046 1273 1116 ἔχων,
1313 1046 1391 1106 εἰς
1425 1044 1626 1116 ἔχθραν
1652 1044 1924 1105 καταστὰς

340 1138 456 1199 τοῖς
507 1137 789 1207 Ἀρκαδὶου
838 1138 1118 1207 ἄρχουσιν,
1189 1138 1539 1191 ἐϐεϐούλευτο
1573 1137 1707 1207 πρὸς
1757 1136 1923 1189 ἑαυτὰ

343 1227 683 1298 συγκροῦσαι
713 1228 780 1281 τὰ
832 1228 1097 1293 βασίλεια,
1134 1231 1229 1283 καὶ
1275 1227 1582 1301 στρατηγοῦ
1636 1229 1924 1298 Ῥωμαίων

340 1320 562 1391 ἀξίωμα
608 1321 736 1391 περὶ
779 1321 1033 1391 Ὀνωρῑου
1089 1323 1414 1395 προξενίσας
1491 1322 1605 1391 (85)
1656 1320 1925 1390 Ἀλαρίχῳ

340 1413 421 1481 τῷ
473 1413 759 1482 ἡγουμένῳ
818 1413 927 1465 τῶν
984 1414 1215 1480 ΓότΟων,
1293 1415 1565 1486 Ἰλλυριοῖς
1620 1413 1925 1477 ἐπανέστη-

344 1520 439 1556 σεν
472 1503 582 1572 (86)
608 1520 619 1531 ·
658 1502 897 1575 ὕπαρχον
930 1523 987 1558 τε
1019 1506 1199 1559 αὐτῶν
1227 1506 1572 1559 καταστάντα
1606 1504 1789 1556 Ἰόϐιον
1816 1502 1923 1569 (87)

345 1596 703 1668 προπέμψας,
734 1597 983 1651 συνέθετο
1006 1598 1429 1669 συνδραμεῖσθαι
1464 1597 1599 1667 μετὰ
1633 1596 1740 1648 τῶν
1792 1595 1925 1647 Ῥω-

348 1689 526 1758 μαίων
569 1688 678 1757 (88)
744 1690 1114 1758 στρατιωτῶν,
1155 1691 1293 1743 ὥστε
1350 1691 1511 1759 δῆθεν
1534 1692 1627 1741 καὶ
1652 1689 1775 1749 τοὺς
1799 1687 1925 1757 τῇδε

344 1779 621 1849 ὑπηκόους
674 1780 779 1833 ὑπὸ
833 1782 930 1852 τὴν
983 1783 1238 1853 Ὀνωρίου
1315 1782 1611 1853 ἠγεμονίαν
1680 1780 1922 1849 ποιῆσαι.

345 1876 687 1944 Παραλαϐὼν
714 1874 772 1927 δὲ
820 1874 1103 1944 Ἀλάριχος
1128 1878 1251 1936 τοὺς
1276 1875 1365 1926 ὑπ’
1386 1874 1546 1927 αὑτὸν
1580 1874 1644 1925 ἐκ
1666 1873 1761 1941 τῆς
1790 1874 1927 1944 πρὸς

345 1970 416 2036 τῇ
456 1967 734 2039 Δαλματία
779 1968 871 2019 καὶ
900 1967 1169 2038 Παννονίᾳ
1194 1966 1469 2037 βαρϐάρου
1502 1966 1601 2035 γῆς
1629 1957 1688 2017 οὗ
1717 1966 1923 2036 διῆγεν,

344 2050 481 2126 ἧκεν
510 2059 589 2120 εἰς
640 2060 736 2119 τὰς
771 2059 1089 2127 Ἦπείρους·
1116 2059 1209 2111 καὶ¹
1249 2057 1439 2127 συχνὸν
1487 2056 1721 2109 ἐνταῦθα
1768 2073 1928 2127 προσ-

352 2148 542 2216 μείνας
573 2148 784 2219 χρόνον,
814 2148 1113 2218 ἐπανῆλθεν
1147 2150 1225 2211 εἰς
1274 2146 1523 2201 Ἰταλίαν.
1561 2147 1787 2200 Μέλλων
1815 2146 1925 2217 γὰρ

2026 696 2146 751 quae
2195 680 2339 735 inter
2386 678 2605 733 Cariam
2660 684 2715 733 et
2746 674 3045 730 Phtenicen
3106 674 3452 741 interiacent,
3488 688 3593 725 una

2025 786 2148 827 cum
2181 770 2317 826 vicis
2341 768 2584 839 p0pulati
2639 776 2787 822 sunt.
2837 766 3039 820 Adbaec
3084 762 3279 819 Stilico
3334 764 3595 833 magister

2025 862 2255 916 militum
2282 858 2531 921 Honorii,
2560 857 2643 909 vir
2687 858 2934 910 omnium
2969 856 3053 911 sui
3086 854 3350 922 temporis
3407 861 3597 921 poten-

2026 952 2296 1013 tissimus,
2346 949 2440 1019 qui
2475 947 2851 1003 Romanorum
2895 956 2949 1001 et
2997 947 3367 1002 Barbarormn
3401 946 3598 1014 juven-

2027 1054 2199 1100 tutem
2232 1044 2336 1099 sibi
2387 1043 2790 1112 obsequentem
2847 1040 3103 1105 habebat,
3147 1056 3269 1094 eum
3334 1040 3600 1093 adversus

2025 1135 2243 1189 Arcadii
2278 1134 2507 1188 comites
2550 1132 2867 1187 inimicitias
2903 1133 3263 1200 suscepisset,
3308 1142 3603 1200 utrumque

2027 1228 2318 1296 imperium
2376 1233 2565 1279 mutuo
2636 1226 2777 1279 inter
2827 1240 2887 1279 se
2947 1225 3293 1278 committere
3335 1224 3599 1277 decrevit.

2027 1322 2280 1393 Cumque
2310 1321 2529 1375 Alarico
2578 1320 2881 1376 Gothorum
2918 1320 3045 1374 duci
3079 1318 3392 1389 dignitatem
3430 1318 3603 1387 magi-

2028 1416 2128 1471 stri
2160 1415 2392 1468 militum
2423 1414 2490 1467 ab
2526 1412 2765 1467 Honorio
2804 1411 3225 1481 impetravisset,
3259 1426 3382 1465 eum
3420 1409 3605 1461 adver-

2028 1506 2358 1577 suslllyrios
2397 1504 2615 1559 direxit.
2654 1501 3056 1571 Praemissoque
3094 1499 3250 1554 Jovio
3284 1500 3376 1569 qui
3406 1497 3603 1567 prsete-

2027 1610 2149 1654 etus
2188 1597 2426 1668 praetorii
2464 1604 2683 1652 creatus
2720 1594 2936 1655 fuerat,
2972 1593 3256 1662 pollicitus
3319 1598 3406 1645 est
3438 1589 3605 1659 359

2030 1706 2088 1743 se
2120 1703 2243 1741 cum
2279 1687 2540 1740 Romanis
2557 1685 2825 1739 militibus
2843 1684 3227 1747 adventurum,
3249 1689 3307 1733 ut
3340 1694 3456 1735 eam
3478 1694 3605 1749 pro-

2032 1778 2263 1831 vinciam
2286 1776 2508 1831 Honorii
2544 1775 2738 1829 ditioni
2765 1773 3106 1844 adjungeret.
3125 1772 3294 1843 Igitur
3326 1771 3599 1830 Alarieus.

2032 1870 2329 1939 assumptis
2382 1868 2583 1939 quibus
2608 1874 2838 1936 praeerat
2866 1864 3082 1928 Gothis,
3131 1880 3194 1919 ex
3249 1864 3603 1918 barbarorum

2034 1963 2254 2032 regione
2271 1963 2363 2016 ubi
2400 1963 2650 2030 degebat,
2704 1975 2824 2031 qua:
2866 1966 2951 2015 est
2984 1959 3137 2026 juxta
3180 1957 3502 2011 Dalmatiam
3541 1972 3605 2011 at:

2034 2054 2397 2113 Pannoniam,
2425 2054 2476 2105 in
2507 2051 2731 2121 Epirum
2764 2049 2932 2105 venit.
2960 2048 3061 2104 Ubi
3089 2064 3213 2104 cum
3234 2049 3328 2103 diu
3359 2058 3607 2104 moratus

2039 2147 2252 2208 fuisset,
2306 2146 2360 2199 iu
2424 2144 2632 2198 Italiam
2680 2158 2932 2198 reversus
2988 2150 3092 2200 est.
3139 2140 3352 2199 Etenim
3388 2142 3604 2207 Stilico,

1550 2321 1817 2377 VALESII
1853 2320 2414 2377 ANNOTATIONES.

421 2422 535 2491 (84)
570 2424 635 2475 Οἱ
672 2422 740 2475 ἐν
784 2421 1049 2488 ἰσαυρίᾳ
1080 2422 1323 2488 λῃσταί.
1349 2420 1423 2474 De
1456 2419 1559 2491 boe
1581 2427 1739 2491 motu
1770 2418 1924 2474 Isau-

347 2489 540 2547 rorum
590 2492 961 2546 consulendus
1006 2499 1090 2545 est
1140 2492 1395 2545 lusimus
1440 2491 1492 2543 in
1539 2489 1677 2543 libro
1708 2491 1921 2559 quinto,

348 2579 475 2633 pag.
509 2562 634 2626 802,
678 2561 1027 2633 Marcellinus
1085 2577 1269 2617 comes
1333 2562 1384 2615 in
1448 2561 1729 2633 Chronico,
1770 2559 1921 2633 Stib-

348 2631 529 2687 chone
562 2648 597 2685 ιι
622 2643 677 2687 et
730 2631 1017 2685 Anthemio
1057 2634 1424 2685 consulibus:
1470 2631 1674 2692 Isauri,
1721 2631 1920 2697 inquit,

348 2720 442 2769 per
468 2716 693 2755 montem
752 2700 917 2754 Tauri
955 2701 1313 2755 discursantes
1362 2703 1542 2771 ingens
1592 2701 1921 2767 dispendium

349 2774 653 2841 reipublicae
683 2773 1040 2839 importarent
1075 2772 1297 2840 :quibns
1331 2770 1921 2840 Na’rbazaicuslcgntus

351 2840 529 2911 majus
555 2844 802 2894 continuo
843 2843 1074 2909 rependit
1098 2840 1827 2911 incommodum.iiordanes,
1868 2846 1919 2892 in

350 2910 496 2967 libro
543 2913 619 2966 De
636 2912 962 2965 successione
1001 2928 1304 2979 regnorum,
1342 2913 1487 2965 hunc
1517 2910 1812 2965 Marcellini
1847 2914 1923 2964 lo-

350 3000 477 3037 cum
515 2983 832 3037 describens
856 2983 935 3035 sic
970 2982 1131 3035 babet
1160 3000 1173 3035 :
1211 2982 1408 3035 Contra
1441 2998 1567 3049 quos
1596 2981 1923 3035 Arbazacins

349 3054 782 3119 directus,majns
816 3054 1061 3104 continuo
1111 3053 1343 3121 rependit
1390 3052 1796 3106 incommodum.
1847 3052 1923 3105 Ita

352 3125 640 3193 legebatur
699 3125 751 3176 in
789 3123 1028 3190 vulgatis
1081 3124 1412 3177 editionibus
1460 3131 1581 3175 ante
1610 3122 1923 3184 Gruterum,

351 3204 415 3248 ut
438 3194 706 3249 Gruterus
732 3195 847 3261 ipse
880 3194 930 3245 in
960 3194 1103 3245 notis
1132 3194 1249 3247 suis
1282 3199 1535 3256 testatur,
1568 3194 1773 3261 optime
1808 3208 1925 3243 mro

350 3264 575 3332 quidem
627 3265 854 3331 judicio.
898 3261 1028 3313 Nam
1064 3271 1118 3315 et
1149 3278 1175 3315 a
1216 3262 1433 3317 Zosimo
1492 3263 1546 3315 in
1606 3262 1924 3330 supradicto

2036 2419 2223 2474 missis
2255 2434 2360 2471 non
2402 2418 2571 2477 stetit.
2610 2426 2666 2471 ut
2697 2424 2934 2471 testatur
2969 2416 3309 2473 Sozomenus
3354 2434 3415 2474 ac
3447 2418 3604 2475 Zosi-

2033 2506 2171 2543 mus.
2203 2489 2385 2555 Quare.
2414 2488 2519 2541 hoc
2556 2490 2673 2541 loro
2704 2488 3003 2556 supplenda
3040 2497 3120 2543 est
3145 2490 3338 2543 vocula
3367 2492 3420 2543 in
3456 2492 3604 2545 hune

2031 2561 2275 2625 modum,
2318 2559 2594 2629 Ἰλλυριοῖς
2639 2559 2799 2610 αὐτον
2844 2559 3229 2628 ἐπανέστησεν.
3268 2561 3603 2615 Sententiam

2030 2640 2272 2683 nostram
2300 2630 2593 2682 confirmat
2625 2630 2738 2696 ipse
2760 2630 3096 2683 Sozomenus
3119 2632 3169 2683 5n
3196 2645 3242 2684 ε.
3270 2630 3303 2685 3
3346 2632 3382 2685 Ι.
3411 2647 3488 2696 lx,
3511 2633 3603 2687 ubi

2028 2701 2217 2753 eadem
2258 2701 2447 2767 repetit
2472 2714 2590 2765 (IUZR
2615 2699 2702 2752 hic
2738 2699 2967 2753 dixerat.

2104 2770 2213 2838 (87)
2281 2773 2594 2837 ’Υπίιρχόν
2671 2786 2731 2822 τε
2794 2769 2995 2823 αὐτῶν
3067 2770 3445 2825 καταστάντα
3494 2774 3604 2827 Ἰό-

2033 2842 2180 2893 (hor.
2218 2838 2270 2893 Id
2306 2849 2412 2901 est,
2455 2840 2667 2893 Jovium
2699 2840 2791 2907 qui
2821 2849 3043 2909 creatus
3089 2841 3265 2893 fuerat
3311 2845 3603 2909 praefectus

2033 2910 2285 2980 praetorio
2315 2910 2533 2980 Illyrici.
2572 2904 2748 2977 Atque
2781 2910 2852 2963 ita
2879 2904 3218 2979 NicepbOrus
3254 2904 3399 2967 hunc
3437 2913 3604 2967 Sola--

2034 2982 2190 3054 nieni
2216 2982 2394 3035 locum
2442 2981 2726 3054 intellexit.
2759 2980 3019 3054 Sicnenim
3056 2982 3279 3054 liabet_:
3329 2983 3607 3054 Ἰλλυριοῖς

2032 3051 2419 3121 ἐπανέστησεν,
2478 3050 2663 3103 Ἰόὸιόν
2688 3068 2822 3121 τινα
2855 3050 3097 3121 ὕπαρχον
3126 3051 3354 3115 ἐκείνοις
3396 3050 3601 3121 προκαο

2032 3120 2321 3190 ταστήσας.
2348 3121 2455 3174 Nec
2480 3122 2639 3175 aliter
2661 3120 3411 3189 EpiphaniusScholasticus.
3439 3120 3608 3179 Porro

2036 3191 2305 3261 Illyricum
2334 3190 2532 3260 duplex
2567 3202 2683 3244 erat
2713 3208 2777 3245 eo
2832 3200 3096 3261 tempore.
3140 3194 3387 3246 Alterum
3413 3194 3607 3249 Orien-

2032 3265 2139 3335 tale
2169 3280 2181 3314 :
2217 3263 2446 3335 alterum
2475 3261 3025 3335 OCCItiClllﬂlerQIIOd
3049 3264 3160 3331 jam
3195 3264 3316 3335 inde
3340 3280 3367 3317 a
3393 3277 3605 3335 tenipo-

350 3336 497 3388 libro
540 3334 901 3403 ξΔρϐαζάκιος
934 3332 1137 3385 dicitur
1174 3335 1259 3385 hic
1298 3334 1553 3401 magister
1585 3333 1840 3403 militum,
1876 3346 1926 3386 ct
1956 3334 1999 3396 C
2034 3333 2185 3403 r_ibus
2235 3332 2527 3386 Theodosii
2563 3335 2795 3401 Augusti
2847 3334 3159 3403 institutum
3222 3333 3458 3397 videtur,
3511 3332 3604 3390 ’χιιι

352 3405 499 3472 apud
534 3401 755 3457 Suiilam
795 3406 847 3455 in
890 3417 1021 3456 voce
1083 3402 1471 3472 Ἀρϐαζάκιος,
1517 3402 1607 3456 ubi
1653 3402 1927 3472 integrum

352 3444 739 3543 eiuselogium
774 3472 944 3526 habes
989 3487 1055 3525 ex
1099 3444 1344 3525 llistoi'ia
1378 3444 1611 3541 Ebbapii
1650 3444 1926 3527 Sardiani.

352 3542 614 3597 Nonnulli
642 3560 767 3597 vero
810 3544 953 3595 hunc
1005 3544 1329 3610 magistrum
1375 3542 1606 3595 militum
1649 3558 1743 3611 per
1791 3544 1929 3596 ludi-

355 3616 535 3669 brium
570 3615 838 3667 vocabant
876 3611 1291 3680 IIarpazacium,
1317 3612 1387 3664 ob
1426 3612 1650 3681 rapinas
1679 3624 1730 3666 et
1766 3613 1926 3666 furta.

358 3686 488 3737 Erat
521 3685 665 3737 enim
698 3682 1118 3752 rapacissimus,
1170 3691 1223 3736 et
1257 3682 1435 3735 tribus
1490 3683 1637 3736 vitiis
1674 3684 1928 3752 insignis,

355 3754 585 3809 libidine
613 3756 844 3815 scilicet,
873 3752 1136 3805 ebrietate
1171 3761 1224 3806 et
1248 3752 1499 3814 avaritia,
1532 3762 1590 3804 ut
1614 3754 1811 3806 ibidem
1850 3762 1929 3806 te-

363 3834 545 3879 statur
568 3823 867 3893 Eunapius,
921 3830 973 3874 et
1018 3822 1381 3893 cxiEunapio
1434 3820 1705 3877 Zosimus.
1761 3822 1929 3876 I’orro

354 3892 998 3963 praitcrllarbazacimn,
1052 3892 1214 3944 etiam
1264 3892 1689 3963 Valentinianus
1745 3906 1930 3947 comes

354 3962 547 4018 contra
569 3964 784 4018 Isauros
800 3964 1001 4015 missus
1023 3970 1126 4021 est,
1146 3962 1237 4029 qui
1261 3962 1529 4016 Ithossnm
1550 3971 1601 4013 et
1629 3964 1928 4017 Seleuciam

353 4042 764 4103 expugnarunt,
798 4040 870 4103 fut
908 4030 1411 4103 scribiti’alladius
1448 4032 1498 4103 in
1559 4032 1676 4084 Vita
1706 4031 1929 4086 Joannis

356 4101 744 4175 CIiryiostomi.
770 4102 951 4156 Finito
1001 4101 1221 4175 tandem
1251 4104 1354 4156 hoc
1378 4102 1539 4175 bello,
1568 4104 1749 4175 multm
1781 4120 1930 4173 quir-

325 4171 535 4231 stiorfes
570 4176 787 4244 agitatae
832 4180 960 4227 sunt
987 4172 1053 4244 de
1092 4173 1177 4227 bis
1202 4176 1293 4242 qui
1346 4188 1407 4244 se
1434 4171 1638 4226 Isauris
1659 4243 1671 4244 ί
1698 4171 1895 4227 latroni
1914 4204 1927 4212 -

357 4248 459 4299 bus
482 4242 799 4313 junx‘eraut,
841 4252 933 4314 aut
961 4242 1053 4314 qui
1076 4257 1170 4297 eos
1199 4243 1625 4297 occultaverant.
1656 4243 1711 4295 In
1735 4248 1932 4314 quibus

352 4312 699 4375 exercendis,
738 4329 837 4367 nec
858 4312 1319 4381 Quadragesimxe,
1356 4327 1453 4365 nec
1486 4313 1666 4381 ipsum
1711 4312 1932 4369 Paselue

353 4385 498 4443 diem
533 4386 711 4454 excipi
743 4394 996 4452 oportere
1031 4382 1329 4454 imperator
1362 4384 1476 4451 lege
1506 4387 1728 4447 sanxit,
1766 4394 1824 4437 ut
1856 4387 1933 4436 vi-

356 4456 582 4507 dereest
608 4452 823 4508 inlibro
848 4468 993 4507 nono
1020 4452 1237 4508 Codicis
1256 4452 1646 4519 Tbeodosiani,
1669 4455 1829 4509 titulo
1862 4456 1932 4508 De

354 4526 755 4594 quwstionibns.

426 4595 540 4663 (85)
572 4596 706 4663 Περὶ
756 4591 1037 4659 Ὀνωρίου
1074 4593 1457 4662 προξενίσιις.
1512 4593 1708 4647 Procul
1762 4594 1930 4649 dubio

2033 3400 2327 3455 Gratianus
2384 3400 2678 3473 imperator
2704 3418 2827 3473 eum
2886 3402 3127 3459 Orientis
3184 3410 3469 3473 imperium
3526 3426 3609 3461 tr-

2034 3475 2268 3540 gendum
2300 3542 2303 3543 7
2330 3472 2673 3534 tradidisset,
2727 3472 3001 3542 Illyricum
3043 3472 3272 3543 quoque
3298 3476 3516 3543 κόμαι,
3551 3491 3608 3530 ut

2035 3551 2269 3613 testatur
2291 3542 2625 3597 Sozomenns
2650 3545 2701 3596 in
2738 3544 2877 3596 libro
2904 3542 3311 3613 septitno,cap.
3366 3542 3413 3600 ἰ.
3452 3553 3609 3601 Leito

2034 3611 2396 3677 Theodosius,
2430 3615 2590 3681 paulo
2642 3622 2927 3681 postquam
2970 3611 3011 3667 ‘a
3042 3611 3305 3667 Gratiano
3346 3617 3398 3668 in
3441 3618 3608 3680 impr»

2036 3683 2176 3735 rium
2238 3685 2446 3737 ascitus
2480 3684 2678 3741 fuerat,
2716 3682 3127 3737 Thessalonica:
3169 3685 3476 3753 baptizatus
3500 3700 3605 3750 est,

2033 3769 2153 3821 qua:
2186 3755 2315 3824 urbs
2350 3762 2517 3823 caput
2548 3754 2979 3824 eratUrientalis
3006 3755 3222 3824 Illyrici.
3255 3759 3607 3823 quemadmo-

2033 3825 2160 3876 dum
2195 3822 2454 3877 Sirmium
2488 3825 2876 3879 Occidentalis.
2938 3823 2992 3878 In
3025 3822 3234 3877 Notitia
3272 3822 3476 3888 imperii
3512 3828 3609 3882 Iit--

2034 3894 2177 3945 mani
2208 3909 2328 3962 qua:
2355 3896 2517 3963 paulo
2544 3903 2667 3962 post
2708 3894 2930 3947 Ilonorii
2963 3904 3191 3951 mortem
3223 3897 3425 3964 scripta
3459 3899 3607 3951 vitie-

2035 3972 2143 4025 tur,
2173 3981 2266 4018 sex
2294 3966 2590 4033 provincia:
2614 3973 2973 4019 numerantur
2997 3964 3194 4034 Illyrici
3213 3964 3603 4023 Occidentalis:

2036 4034 2331 4088 Pannoniae
2356 4036 2497 4098 dure,
2531 4036 2713 4096 Savia,
2748 4035 3037 4095 Dalmatia,
3068 4036 3321 4091 Noricum
3357 4037 3607 4093 Mediter-

2037 4120 2280 4171 raneum,
2318 4113 2371 4158 et
2403 4104 2657 4157 Noricum
2704 4105 2956 4174 IIipcnse.
3011 4103 3181 4159 Porro
3223 4106 3452 4162 Stilicho
3487 4126 3604 4163 ma-

2038 4176 2208 4243 gister
2253 4177 2485 4228 militum
2546 4175 2793 4239 Honorii,
2838 4174 3107 4246 Illyricum
3168 4174 3445 4232 Orientale
3502 4181 3604 4233 sub

2037 4246 2260 4298 IIonorii
2291 4247 2551 4299 ditionem
2585 4247 2829 4311 redigere
2849 4246 3144 4315 Cogitabat,
3180 4258 3237 4300 ut
3290 4250 3603 4303 universum

2034 4318 2309 4396 Illyricum
2324 4317 2663 4396 poculenta“
2682 4316 2908 4396 imperio
2931 4318 3316 4396 subjiceictur,
3346 4322 3606 4396 (lilClllitd-

2036 4385 2255 4439 mndum
2286 4387 2413 4438 olim
2439 4386 2720 4439 subditum
2755 4385 2935 4439 fuerat
2972 4400 3094 4442 ante
3128 4385 3419 4442 Theodosii
3466 4398 3605 4443 tem-

2036 4471 2188 4525 pora.
2217 4466 2272 4509 ut
2294 4456 2451 4507 docet
2490 4455 2763 4509 Zosimus.

2105 4526 2215 4593 (88)
2251 4526 2539 4579 Συνέθετο
2580 4526 3047 4593 συνδρημεῖσθαι
3093 4545 3243 4594 μετα
3294 4528 3413 4581 τῶν
3470 4528 3607 4582 Ῥω-

2028 4597 2239 4667 μαίων.
2276 4594 2431 4649 Hunc
2463 4600 2641 4650 locum
2676 4612 2779 4648 non
2839 4598 3225 4667 intellexerunt
3258 4600 3602 4667 interpretes.

357 4662 707 4719 scribendmu
743 4673 826 4717 est
856 4662 1006 4730 παρὰ
1044 4663 1322 4733 ὐνωρξου.
1355 4669 1511 4720 (Ierte
1548 4666 1836 4718 observavi
1873 4668 1923 4718 in
1961 4676 2003 4730 D
2032 4662 2313 4719 Musculus
2346 4667 2489 4718 enim
2527 4666 2603 4719 ita
2631 4668 2829 4719 vertit:
2868 4666 3010 4719 Inito
3061 4680 3239 4732 pacto.
3273 4680 3327 4721 ut
3367 4662 3481 4721 cum
3510 4668 3608 4721 lio-

355 4736 750 4804 manuscriptis
772 4734 1055 4805 codicibus
1078 4734 1180 4805 has
1210 4735 1345 4788 duas
1374 4737 1787 4805 pramositiones
1820 4736 1929 4787 fere

356 4820 573 4873 semper
604 4803 741 4859 inter
772 4803 1131 4859 seconl'undi.
1160 4805 1215 4857 In
1243 4803 1429 4859 codice
1458 4806 1756 4860 Fuketiano
1778 4805 1929 4859 deest

353 4890 458 4944 vos
496 4875 643 4944 περί.

416 4942 536 5011 ’(86)
576 4942 897 5011 Ἰλλυριοῖς
933 4944 1366 5012 ἐπανέστησεν.
1403 4946 1559 4999 IIunc
1612 4944 1787 4997 lorum
1821 4961 1928 4997 non

355 5015 742 5069 intellexerunt
773 5018 1124 5083 interpretes.
1173 5017 1459 5071 Museulus
1494 5016 1662 5078 enim,
1697 5014 1927 5083 Epipha-

354 5088 505 5138 nium
558 5093 803 5144 secutus.
871 5090 1049 5151 vertit,
1088 5090 1140 5139 in
1184 5086 1401 5155 Illyrios
1450 5088 1622 5139 irruit.
1650 5086 1929 5148 Quomodo

353 5156 518 5209 etiam
548 5156 765 5224 Langus
790 5154 1077 5225 Nicephori
1112 5154 1412 5225 interpres;
1454 5157 1722 5211 Suti'ridus
1742 5168 1923 5225 autem

353 5226 546 5280 Petrus
602 5227 994 5295 interpretatus
1040 5240 1142 5289 est,
1197 5224 1413 5295 Illyrios
1462 5227 1756 5280 concitavit.
1818 5224 1926 5292 Ego

352 5312 482 5348 vero
514 5306 759 5350 neutram
794 5298 1295 5366 interpretatiOnem
1329 5301 1515 5365 probo.
1567 5298 1747 5364 Neque
1780 5300 1922 5349 enim

356 5366 592 5419 Stilicho
607 5367 867 5420 adversus
896 5371 1108 5438 Illyrios
1128 5368 1405 5438 proiectus
1430 5381 1513 5425 εει
1545 5390 1556 5421 ;
1593 5369 1685 5422 sed
1716 5378 1924 5419 tantum

355 5438 634 5508 Alarieum
661 5438 925 5492 adversus
946 5455 1039 5494 eos
1075 5440 1243 5499 misit,
1284 5440 1651 5508 pollicitussc
1681 5454 1801 5491 cum
1835 5452 1925 5490 oc-

354 5507 719 5562 cidentalibus
768 5511 941 5577 copiis
974 5510 1124 5565 brevi
1167 5507 1504 5565 secdturum.
1544 5507 1741 5564 Verum
1796 5522 1923 5578 pro-

2034 4739 2203 4788 manis
2248 4736 2470 4789 ducibus
2496 4737 2815 4804 conﬂigeret.
2865 4737 3139 4792 Sull'riilus
3191 4751 3370 4793 autem
3412 4739 3604 4791 Pelrus

2032 4810 2131 4860 hoc
2160 4807 2318 4859 modo
2347 4807 2741 4875 interpretatus
2775 4816 2859 4859 est
2892 4826 2904 4859 :
2940 4808 3081 4861 Inito
3107 4819 3281 4873 pacto,
3313 4821 3369 4862 ut
3397 4812 3465 4861 ad
3502 4809 3603 4863 Ro-

2032 4878 2392 4949 innnosduces
2451 4879 2757 4929 transirent.
2812 4876 3052 4931 Pessime
3102 4882 3349 4949 omnino.
3384 4879 3605 4949 Langus

2033 4963 2162 5000 vero
2200 4945 2498 5013 Nieepborr
2534 4948 2805 5017 interpres
2835 4950 2907 5000 ita
2952 4949 3109 5001 vertit
3138 4967 3148 5000 :
3180 4948 3249 5002 lic
3292 4953 3364 5003 ita
3399 4945 3607 5017 com—po-

2031 5020 2155 5078 sita,
2195 5027 2247 5067 ut
2281 5029 2328 5070 et
2355 5019 2463 5082 ipse
2502 5034 2616 5069 cum
2650 5016 2899 5070 lionmnis
2942 5018 3163 5071 .Irradii
3215 5021 3434 5073 ducibus
3475 5016 3602 5073 cnn-

2031 5087 2350 5157 grederetnr.
2387 5087 2521 5142 Vere
2556 5088 2803 5153 quidem,
2842 5090 2935 5141 sed
2970 5106 3074 5141 non
3105 5106 3165 5142 ex
3210 5100 3393 5143 tuente
3438 5092 3606 5142 Suro.

2037 5159 2201 5211 meni.
2248 5158 2343 5211 llic
2371 5159 2533 5227 igitur
2566 5173 2760 5211 sensus
2780 5170 2864 5213 est
2891 5158 3083 5213 borum
3117 5163 3441 5213 verborum:
3468 5161 3601 5215 Cum

2038 5228 2267 5281 Stilicho
2308 5230 2580 5281 Alarieum
2617 5228 2718 5281 sibi
2774 5230 3137 5292 adiunxisset.
3188 5232 3345 5297 eique
3374 5233 3601 5293 dignita-

2036 5308 2139 5352 tetri
2176 5298 2419 5367 magistri
2460 5300 2687 5351 militum
2721 5302 2788 5351 ab
2818 5300 3055 5353 llonorio
3080 5298 3278 5354 deferri
3311 5316 3557 5356 curasse!
3590 5344 3599 5357 .

2032 5380 2229 5491 pactus
2288 5380 2344 5421 ut
2381 5370 2628 5423 Alarieus
2676 5384 2798 5422 eum
2830 5372 2944 5425 suis
2975 5370 3148 5438 copiis
3194 5370 3246 5423 in
3294 5373 3605 5440 provincias

2061 5440 2231 5491 lIvrici
2264 5439 2563 5491 Orientalis
2594 5440 2954 5491 irrumneret:
2999 5442 3112 5491 inse
3141 5456 3358 5491 aneane.
3397 5446 3595 5491 nmini-

2061 5440 2231 5509 lIyrici
2264 5439 2563 5511 Orientalis
2594 5440 2954 5508 irrumperet;
2999 5442 3112 5507 ipse
3141 5439 3358 5509 quoque
3397 5446 3595 5511 promi-

2032 5507 2178 5565 serat
2200 5524 2260 5565 se
2277 5526 2399 5564 cum
2426 5507 2685 5564 Iionianis
2708 5507 2971 5565 militibus
2991 5507 3238 5582 protinus
3261 5507 3600 5567 adfuturum.

1784 5687 2088 5745 VARIORU
2103 5689 2170 5742 Μ.

426 5788 452 5826 P
482 5779 577 5831 Ἑν
616 5781 883 5848 Ἰσαυρίᾳ
903 5782 1142 5846 λῃσταί.
1202 5782 1513 5835 Isaurorum
1550 5784 1924 5853 grassatinnes

357 5860 687 5925 caiptaesunt
716 5869 857 5925 anno
893 5852 1015 5911 404,
1039 5860 1189 5925 ίυιεχ
1216 5853 1419 5907 Zosimi
1448 5852 1613 5919 Iib.v,
1641 5871 1761 5925 pag.
1799 5854 1925 5916 802,

357 5921 593 5975 ostendit
647 5925 771 5977 Ant.
824 5922 949 5975 ΡΛςι
987 5924 1053 5977 ad
1093 5940 1215 5979 cum
1246 5940 1449 5979 annum
1510 5942 1562 5980 η.
1608 5921 1827 5981 2⁷6.Ἰ)υ
1860 5927 1925 5978 iis

2030 5782 2288 5853 lugendus
2336 5778 2975 5853 etiamerilostorgius,
3003 5782 3095 5837 lib.
3160 5796 3220 5847 It,
3270 5797 3386 5853 cep.
3454 5785 3505 5845 δ,
3547 5796 3601 5837 τι

2028 5852 2378 5910 IIIarcellinus
2403 5855 2455 5907 in
2489 5852 2768 5905 Chronico.
