4504 6576
835 484 972 548 1585

2250 389 2612 521 501.0315M

3942 455 4084 512 1584

831 625 956 663 cum
989 603 1332 676 bruiecturus
1361 608 1527 665 esset.
1551 600 1696 654 sicut
1739 599 1880 652 inter
1926 595 2074 663 ipsos
2126 598 2384 643 convene-
2411 582 2463 643 Α
2495 545 2610 676 “si

2306 598 2384 638 [ιε-
2411 582 2463 643 Α
2495 545 2765 676 ἐκδημεῖν
2827 574 2906 642 ὡς
2949 579 3260 652 ὡμολόγησε
3303 579 3588 650 Στελίχων,
3623 575 3882 646 ὐνωρίου
3907 575 4085 644 γράμ-

834 708 940 762 rat,
977 695 1204 750 Honorii
1229 694 1426 748 litteris
1453 691 1630 746 fuerat
1664 690 1994 746 retardatus.
2028 683 2094 738 Et
2125 682 2240 736 hac
2269 677 2390 749 qui-

834 789 956 843 dem
988 787 1058 840 ita
1088 801 1147 841 se
1179 783 1471 838 habebant.

1429 868 1582 924 CAP.
1625 866 1812 924 XXVI.

840 964 1100 1033 Ερὶκιοίω
1135 963 1255 1017 dua
1291 960 1584 1014 Innocentii
1627 974 1813 1033 pqpaf:
1847 956 2017 1033 altero
2049 956 2118 1008 ad
2147 954 2408 1033 Joannem

907 1034 1360 1105 Chrysostomum,
1400 1033 1569 1082 altera
1605 1025 1672 1082 ad
1698 1025 1917 1081 'clerum
1963 1025 2409 1094 Constantinopo-

909 1107 1129 1158 litanum
1158 1120 1253 1171 pro
1280 1099 1505 1156 Joanne.

907 1195 1080 1249 Porro
1108 1193 1460 1248 Innocentius
1497 1190 1755 1244 Romana
1791 1189 1942 1244 urbis
1971 1187 2292 1258 episcopus.
2318 1202 2411 1242 co-

841 1283 1008 1355 gnitis
1050 1279 1121 1337 iis
1173 1295 1297 1350 qua
1340 1279 1607 1333 adversus
1649 1275 1918 1332 Joannem
1965 1285 2115 1346 gesta
2165 1276 2410 1339 fuerant,

840 1370 1195 1425 vehementer
1224 1375 1534 1421 commotus
1555 1375 1668 1419 est:
1694 1373 1749 1419 et
1774 1379 1836 1418 ea
1860 1363 2079 1432 quidem
2109 1362 2409 1417 damnavit.

839 1461 977 1514 Cum
1034 1469 1215 1512 autem
1282 1456 1679 1528 (acumenicam
1757 1452 2027 1524 synodum
2079 1466 2414 1523 congregare

843 1552 1110 1612 studeret,
1153 1546 1377 1616 scripsit
1410 1545 1475 1599 ad
1515 1542 1804 1604 Joannem,
1837 1549 1892 1595 et
1931 1556 2181 1596 seorsum
2211 1541 2278 1595 ad
2308 1541 2414 1596 cle-

843 1642 988 1697 ricos
1022 1640 1175 1696 urbis
1196 1636 1846 1704 Constantinopolitanae.
1873 1631 2177 1702 Utramque
2205 1631 2415 1702 episto-

842 1736 948 1788 lam
972 1749 1036 1787 ex
1062 1731 1260 1786 Latino
1287 1743 1548 1785 sermone
1581 1728 1634 1780 in
1660 1724 1910 1779 Gracum
1937 1725 2260 1778 translatam
2288 1737 2412 1778 cum

842 1823 1160 1894 repererim,
1194 1823 1284 1876 hic
1309 1818 1691 1891 apponendam
1719 1831 1842 1871 esse
1865 1815 2017 1870 duxi.
2045 1813 2188 1868 Sunt
2227 1820 2411 1868 autem

839 1913 1158 1983 hujusniodi
1200 1930 1214 1966 :

915 2007 1124 2062 Dilecto
1164 2005 1320 2059 fratri
1350 2001 1548 2058 Joanui
1588 1999 1967 2054 Innocentius.
2003 1996 2115 2075 Etsi
2144 1995 2411 2051 innocens

839 2112 1102 2168 prospera
1128 2096 1313 2150 omnia
1337 2102 1660 2162 exspectare
1683 2099 1736 2146 et
1761 2105 1792 2144 a
1827 2089 1936 2144 Deo
1970 2087 2409 2143 misericordiam

841 2198 1028 2259 petere
1058 2187 1238 2250 debet,
1276 2193 1454 2240 tamen
1482 2183 1648 2237 etiam
1689 2197 1718 2235 a
1753 2182 1934 2246 nobis,
1960 2180 2054 2244 qui
2091 2180 2411 2250 patientiam

841 2279 1162 2344 suademus,
1195 2284 1574 2347 competentes
1606 2277 1800 2329 littera
1831 2289 1928 2343 per
1959 2273 2255 2346 Cyriacum
2295 2270 2414 2326 dia-

839 2387 1040 2427 conum
1063 2378 1193 2426 sunt
1213 2369 1587 2426 transmissa:
1622 2383 1686 2420 ne
1716 2367 2046 2422 contumelia
2069 2365 2191 2436 plus
2213 2364 2413 2418 virium

844 2462 1041 2514 habeat
1090 2459 1156 2513 ad
1197 2455 1646 2528 Opprimendum,
1691 2470 1856 2526 quam
1892 2456 2034 2510 bona
2071 2454 2414 2510 conscientia

842 2553 907 2605 ad
957 2566 1111 2620 spem
1146 2545 1603 2604 conﬁrmandam.
1650 2545 1836 2616 Neque
1864 2547 2008 2601 enim
2045 2554 2102 2598 tu
2133 2543 2416 2600 docendus

842 2659 925 2709 es,
951 2651 1031 2697 tot
1064 2642 1392 2711 populorum
1421 2639 1616 2694 doctor
1648 2647 1703 2694 et
1737 2646 1945 2708 pastor,
1980 2638 2216 2707 optimos
2245 2650 2417 2707 quos-

844 2754 952 2808 que
1001 2751 1220 2808 semper
1259 2742 1312 2790 et
1350 2732 1570 2789 assidue
1615 2731 1834 2804 probari
1890 2739 2077 2784 utrmn
2127 2732 2182 2786 in
2229 2731 2418 2800 vigore

847 2831 1123 2904 patientia
1165 2834 1545 2898 permaneant,
1587 2840 1688 2878 nec
1720 2823 1816 2877 ulli
1847 2823 2021 2877 labori
2053 2837 2118 2877 ac
2159 2823 2420 2877 molestia

847 2924 1246 2982 succumbant:
1284 2929 1337 2976 et
1376 2919 1522 2990 quod
1570 2918 1914 2972 conscientia
1947 2916 2175 2970 omnino
2221 2917 2420 2969 lirmis—

848 3018 987 3071 sima
1027 3029 1118 3068 res
1160 3014 1229 3067 sit
1257 3013 1526 3067 adversus
1549 3008 1734 3064 omnia
1764 3023 1884 3077 qua
1909 3007 2115 3077 injuste
2141 3007 2417 3062 accidunt.

848 3107 980 3173 Qua
1024 3105 1132 3160 nisi
1176 3105 1301 3175 quis
1326 3102 1616 3158 tolerantia
1645 3103 2010 3172 superaverit,
2049 3101 2205 3156 mala
2237 3102 2417 3169 suspi-

2505 668 2663 738 μασιν
2697 665 2824 741 (89)
2855 670 3141 744 ἐπεσχέθη.
3171 673 3282 726 Καὶ
3312 672 3381 725 τὰ
3403 670 3502 742 μὲν
3535 671 3594 723 ὲν
3625 668 3834 730 τούτοις
3854 663 3939 737 ἦν·

3091 855 3340 910 ΚΕΦΑΛ.
3380 855 3525 921 κεῖν.

2522 950 2864 1007 Ἐπιστολαὶ
2903 950 3012 1004 δύο
3059 947 3405 1002 Ἱνοκεντίου
3442 945 3616 998 mitra
3654 941 3904 1010 Ῥώμης,
3937 937 4086 1007 πρὸς

2582 1022 2691 1076 τὸν
2705 1021 3133 1090 Χρυσόστομοκ
3148 1017 3441 1090 Ἰωάννηκ,
3458 1015 3553 1090 καὶ
3572 1012 3842 1090 πρὸςτὸν
3855 1015 3930 1064 κλ
3942 1010 4090 1078 imor

2581 1084 3272 1152 Κωνσῖταντινοὺπόλεως
3303 1085 3456 1153 ὑπὲρ
3491 1084 3780 1138 Ἰωάννου.

2581 1181 2786 1237 Μαθὼν
2836 1181 2894 1234 δὲ
2945 1179 3302 1241 Ἰνοκέντιοςίι
3361 1179 3389 1230 ὁ
3446 1173 3730 1244 Ῥωμαίων
3793 1171 4090 1233 ἐπίσκοπος

2509 1273 2579 1327 τά
2608 1272 2751 1327 κατά
2786 1273 3032 1325 Ἰωάννου
3062 1268 3446 1340 πεπραγμένα,
3476 1265 3800 1336 ἐχαλέπαινε
3821 1281 3833 1294 ·
3865 1263 3962 1316 καὶ
3978 1263 4089 1315 τῶν

2515 1366 2614 1436 μὲν
2657 1363 2903 1431 κατέγνω
2925 1378 2939 1391 ·
2991 1359 3372 1431 οἶκουμενικὴν
3415 1358 3472 1410 δὲ
3518 1356 3735 1410 σύνοδον
3770 1358 4088 1426 συναγεῖραι

2514 1453 2848 1519 σπουδάζων,
2882 1451 3118 1524 ἔγραψεν
3151 1449 3394 1521 Ἰωάννῃ,
3433 1450 3491 1502 ἐν
3528 1447 3684 1517 μέρει
3710 1463 3771 1499 τε
3795 1449 3907 1509 τοῖς
3933 1447 4091 1499 Κων-

2514 1546 3005 1608 σταντινουπόλεως
3036 1544 3336 1615 κληρικοῖς.
3382 1539 3682 1611 Ἐκατὲραν
3713 1538 3768 1592 δὲ
3804 1537 4090 1606 ἐπιστολὴν

2513 1641 2577 1692 ὲκ
2615 1638 2714 1708 τῆς
2743 1636 3052 1707 πῬωμαίων
3102 1635 3286 1706 φωνῆς
3338 1631 3514 1705 εὑρὼν
3556 1629 3895 1702 παρεθέμην.
3935 1630 4091 1699 Ἔχει

2511 1730 2569 1784 δὲ
2601 1723 2724 1784 ὧδε.

2590 2003 2682 2074 Τῷ
2723 2001 2992 2073 ἀγαπητῷ
3029 2001 3240 2071 ἀδελφῷ
3277 2001 3496 2072 Ἰωάννῃ
3523 1999 3632 2070 (90)
3669 1999 3996 2062 Ἰνοκέντιος.
4029 1999 4091 2050 Εἰ

2518 2098 2612 2152 καὶ
2650 2096 2827 2150 πάντα
2859 2095 2940 2148 δεῖ
2981 2094 3074 2148 τὸν
3121 2094 3362 2148 ἀναίτιον
3407 2093 3708 2164 προσδοκᾷν
3749 2093 3816 2146 τὰ
3856 2091 4090 2164 χρηστὰ,

2518 2188 2614 2242 καὶ
2647 2188 2795 2258 παρά
2827 2187 2922 2238 τοῦ
2961 2185 3093 2238 Θεοῦ
3115 2185 3206 2258 τὸν
3239 2185 3386 2237 ἔλεον
3411 2186 3604 2250 αἰτεῖν,
3635 2185 3786 2255 ὅμως
3818 2185 3912 2237 καὶ
3941 2184 4095 2254 παρά

2519 2279 2674 2351 ἡμῶν
2692 2280 2792 2351 τὴν
2816 2277 3162 2345 ἀνεξικακίαν
3184 2275 3678 2347 συμϐουλευόντων,
3700 2275 3766 2328 τά
3789 2277 4098 2344 καθήκοντα

2519 2371 2822 2444 γράμματα
2849 2370 2935 2424 διά
2963 2367 3243 2442 Κυριακοῦ
3265 2367 3359 2421 τοῦ
3392 2366 3642 2422 διακόνου
3666 2365 4092 2432 ὲξαπέσταλται·

2520 2466 2660 2520 ὥστε
2689 2464 2763 2536 μὴ
2792 2462 2953 2516 πλέον
2974 2460 3268 2531 δυνηθῆναι
3294 2461 3393 2530 τὴν
3417 2459 3576 2531 ὓϐριν
3603 2461 3661 2512 ἐν
3688 2459 3766 2530 τῷ
3791 2457 4098 2531 συντρίϐειν

2520 2558 2580 2612 τὸ
2610 2556 2812 2626 ἀγαθὸν
2850 2555 3088 2618 συνειδὸς
3112 2554 3246 2627 (91),
3285 2556 3343 2608 ὲν
3381 2553 3460 2626 τῷ
3491 2551 3748 2618 ἐλπίζειν.
3807 2552 3940 2605 Οὐδὲ
3988 2552 4099 2623 γὰρ

2531 2649 2766 2721 ὀφείλεις
2790 2646 3101 2718 διδαχθῆναι
3133 2650 3163 2700 ὸ
3195 2644 3460 2700 τοσούτων
3488 2645 3632 2698 λαῶν
3663 2643 3975 2708 διδάσκαλος
4004 2645 4100 2698 καὶ

2527 2742 2726 2812 ποιμὴν
2748 2741 2874 2802 τοὺς
2899 2740 3156 2810 ἀρίστους
3178 2739 3263 2791 ἀεὶ
3285 2738 3382 2792 καὶ
3405 2737 3663 2801 πολλάκις
3687 2736 4099 2807 δοκιμάζεσθαι,

2525 2832 2572 2884 εί
2592 2832 2649 2884 ὲν
2668 2832 2732 2899 τῇ
2763 2830 2913 2898 ἀκμῇ
2943 2828 3043 2897 τῆς
3073 2828 3350 2898 ὑπομονῆς
3380 2828 3774 2899 παραμένουσι,
3802 2829 3898 2882 καὶ
3925 2827 4100 2885 οὐδενὶ

2525 2921 2670 2991 πόνῳ
2709 2919 3075 2982 κακοπαθείας
3105 2919 3492 2973 ὑποπίπτουσι.
3556 2921 3667 2972 Καὶ
3689 2919 3836 2972 ἔστιν
3859 2919 3936 2982 ὡς
3969 2920 4102 2991 ἀλη-

2528 3012 2634 3076 θῶς
2649 3011 2757 3082 (92)
2776 3010 2990 3082 βέϐαιον
3013 3012 3247 3082 πρᾶγμα
3268 3009 3329 3062 τὸ
3350 3011 3586 3074 συνειδὸς
3601 3011 3681 3075 είς
3703 3011 3881 3065 πάντα
3900 3010 3969 3064 τά
3989 3011 4104 3065 ἀδί-

2528 3120 2636 3165 κως
2657 3102 3052 3173 συμπίπτοντα.
3074 3105 3252 3174 Ἃπερ
3268 3103 3316 3154 εἰ
3339 3103 3413 3173 μὴ
3429 3102 3667 3172 νικήσειέ
3690 3121 3773 3167 τις
3793 3103 4100 3173 ὑπομένων,

848 3201 1030 3253 cionis
1056 3205 1433 3268 argumentum
1466 3194 1589 3250 aliis
1616 3194 1684 3249 de
1705 3209 1765 3249 se
1791 3194 2016 3264 prabet.
2043 3193 2254 3248 Cuncta
2275 3195 2420 3249 enim
2527 3211 2623 3247 τεκ

2325 3195 2420 3248 tim
2527 3194 2822 3265 τεκμήριον
2865 3193 3072 3262 φαύλης
3117 3194 3433 3264 ὑπολήψεως
3483 3195 3725 3266 ἐκφέρει.
3783 3195 3968 3248 Πάντα
3994 3196 4104 3268 γάρ

849 3293 1088 3344 tolerare
1143 3287 1303 3343 debet
1352 3289 1398 3341 is
1444 3286 1535 3356 qui
1589 3285 1699 3340 Deo
1743 3286 2010 3356 primum,
2052 3285 2250 3340 deinde
2295 3283 2503 3346 conoC
2533 3287 2628 3340 ὑπο

2330 3301 2432 3342 on-
2456 3283 2503 3346 C
2533 3286 2822 3354 ὑπομένειν
2853 3285 3076 3355 ὀφείλει,
3122 3289 3152 3340 ὁ
3188 3285 3264 3357 τῷ
3295 3284 3415 3356 Θεῷ
3460 3286 3672 3356 πρῶτον
3692 3327 3707 3351 ,
3743 3282 3863 3340 εἶτα
3911 3287 4104 3359 καὶτῷ

851 3378 1098 3433 scicntia
1128 3391 1241 3430 sua
1288 3374 1533 3430 conlidit.
1578 3373 1791 3445 Quippe
1822 3375 1908 3428 vir
1949 3374 2126 3429 bonus
2173 3377 2422 3430 exerceri
2531 3379 2630 3448 ἰδίᾳ

2326 3377 2422 3430 :eri
2531 3379 2644 3448 ἰδίῳ
2669 3377 2940 3441 πεποιθὼς
2967 3377 3229 3431 συνειδότι
3247 3377 3356 3449 (93)
3382 3395 3395 3408 ·
3439 3379 3603 3432 ὁπότε
3634 3379 3868 3448 μάλιστα
3895 3381 4105 3450 γυμνά-

851 3472 1073 3539 quidem
1106 3477 1287 3541 potest
1335 3469 1402 3523 ad
1449 3469 1817 3531 tolerantiam,
1861 3469 2110 3536 superari
2141 3484 2274 3522 vero
2314 3484 2423 3522 non
2530 3471 2630 3535 ζεα

2323 3484 2423 3522 non
2530 3470 2717 3535 ζεσθαι
2751 3470 2831 3531 είς
2881 3468 3158 3540 ὑπομονὴν
3197 3469 3226 3520 ὁ
3269 3468 3432 3532 καλὸς
3462 3470 3558 3522 καὶ
3603 3469 3806 3537 ἀγαθὸς
3841 3470 4102 3524 δύναται·

854 3572 1054 3634 potest,
1105 3578 1227 3614 cum
1260 3560 1457 3615 divina
1512 3558 1814 3628 Scriptura:
1857 3568 2092 3613 mentem
2139 3560 2260 3629 ejus
2307 3576 2427 3614 mu-
2524 3566 2633 3616 νικέ

2325 3576 2427 3614 nu-
2524 3562 2777 3616 νικᾶσθαι
2824 3562 2881 3615 δὲ
2925 3563 3024 3615 οὐκ
3049 3579 3061 3590 ·
3111 3563 3408 3634 ἐπειδήπερ
3443 3562 3608 3617 αὑτοῦ
3649 3564 3746 3634 τὴν
3787 3564 4026 3619 διάνοιαν
4049 3568 4104 3619 al

856 3658 1010 3711 niant
1057 3663 1222 3726 atque
1254 3653 1592 3708 custodiant.
1625 3651 1927 3706 Abundant
1974 3652 2119 3706 enim
2165 3654 2434 3723 exemplis
2527 3653 2635 3706 θεῖα

2328 3654 2434 3723 plis
2527 3653 2664 3706 θεῖαι
2698 3653 2914 3725 Γραφαὶ
2937 3653 3282 3721 φυλάττουσι.
3311 3654 3420 3707 Καὶ
3455 3655 3866 3723 περιττεύουσιν
3892 3655 4107 3710 ὑποδεί-

857 3751 1120 3806 lectiones
1181 3764 1376 3811 sacra,
1433 3762 1573 3818 quas
1632 3747 1850 3816 populis
1898 3747 2249 3816 exponimus.
2301 3747 2432 3814 Qua
2526 3762 2636 3814 γμα

2329 3748 2432 3814 [ua
2526 3762 2730 3814 γμαςιν
2753 3747 2808 3798 αί
2834 3745 2971 3799 θεῖαι
2999 3743 3352 3814 ἀναγνώσεις,
3388 3746 3454 3808 ἃς
3481 3748 3591 3809 τοῖς
3611 3746 3760 3810 λαοῖς
3789 3747 4108 3818 παραδιδόα-

857 3841 1150 3896 universos
1198 3837 1313 3894 fere
1359 3845 1585 3893 sanctos
1637 3837 1806 3892 variis
1857 3836 2036 3892 modis
2083 3846 2332 3901 vexatos,
2380 3847 2436 3894 et
2532 3855 2631 3908 μεν

2328 3880 2332 3896 ,
2380 3847 2436 3894 et
2532 3855 2660 3908 μεν’
2717 3837 2924 3900 αἵτινες
2947 3837 3155 3900 πάντας
3193 3837 3376 3909 σχεδὸν
3407 3839 3535 3902 τοὺς
3577 3838 3763 3907 ἁγίους
3795 3856 4107 3894 καταπεπο-

861 3942 1118 4002 tanquam
1151 3928 1206 3982 in
1233 3928 1491 3982 examine
1515 3925 1752 3996 quodam
1785 3925 2050 3994 probatos
2073 3941 2195 3980 esse
2227 3935 2434 3982 testan-
2528 3928 2640 3998 νῆσ1

2328 3941 2434 3981 ³η-
2528 3927 2726 3998 νῆσθαι
2779 3928 3049 4000 διαφόρως
3111 3929 3204 3982 καὶ
3264 3930 3501 3999 συνεχῶς
3560 3931 3960 3996 ἐπιστώσαντο,
4015 3932 4107 3986 καὶ

860 4032 971 4084 tur,
1007 4029 1172 4088 atque
1212 4018 1288 4072 ita
1335 4017 1400 4071 ad
1433 4017 1740 4071 tolerantia
1782 4031 2048 4070 coronam
2093 4017 2429 4086 pervenisse.
2532 4020 2639 4073 δοκι

2328 4033 2429 4073 sse.
2532 4019 2922 4090 δοκιμάζεσθαι
2960 4020 3212 4091 καθάπερ
3255 4021 3312 4074 ἐν
3355 4038 3459 4074 τινι
3504 4021 3812 4090 διαγνώσει,
3861 4022 4004 4076 οὕτω
4047 4040 4107 4076 τε

862 4109 1188 4166 Consoletur
1217 4122 1346 4178 ergo
1375 4105 1537 4177 360
1563 4105 1888 4160 cltaritatem
1927 4115 2073 4160 tuam
2110 4107 2226 4175 ipsa
2259 4107 2431 4160 animi
2535 4115 2613 4175 εἰς

2335 4107 2431 4160 itni
2535 4115 2613 4175 εἰς
2648 4113 2739 4165 τὸν
2789 4113 3049 4180 στέφανον
3093 4116 3189 4183 τῆς
3223 4113 3499 4182 ὑπομονῆς
3534 4113 3868 4184 ἐληλυθέναι.
3923 4115 4107 4185 Παρα-

864 4199 1223 4263 conscientia,
1242 4198 1409 4252 irater
1430 4196 1775 4260 cliarissime,
1795 4213 1915 4266 qua
1940 4196 1993 4249 in
2026 4197 2432 4254 calamitatibus
2540 4203 2642 4273 μυθ

2331 4198 2432 4254 bus
2540 4203 2774 4273 μυθείτω
2819 4203 2916 4273 τὴν
2962 4203 3182 4273 ἀγάπην
3221 4220 3312 4255 σου
3345 4203 3476 4256 αύτδ
3511 4204 3572 4257 τὸ
3617 4205 3873 4270 συνειδὸς,
3915 4206 4107 4275 ἀδελφὲ

865 4295 1003 4348 solet
1024 4306 1143 4346 esse
1173 4289 1388 4344 virtutis
1423 4287 1744 4343 consolatio.
1776 4285 2122 4356 [aspectante
2153 4288 2296 4342 enim
2325 4287 2431 4344 Do-

2537 4295 2856 4364 τιμιώτατε,
2883 4295 3018 4366 ὅπερ
3061 4297 3116 4348 ὲν
3151 4298 3270 4358 ταῖς
3309 4294 3547 4365 θλίψεσιν
3578 4296 3690 4367 ἔχει
3721 4297 3822 4369 τὴν
3848 4313 4103 4371 παραμυ-

2073 4399 2344 4457 VALESII
2383 4403 2948 4464 ANNOTATIONES.

869 4499 973 4555 Sed
993 4511 1060 4551 ne
1085 4495 1414 4564 promissum
1449 4493 1718 4564 impleret,
1752 4492 1872 4546 dua
1921 4508 2008 4546 res
2046 4494 2434 4564 impedimento

869 4572 1019 4624 fuere
1061 4563 1350 4632 Radagaisi
1383 4563 1594 4616 scilicet
1619 4564 1873 4633 irruptio,
1907 4564 1998 4632 qui
2021 4563 2144 4617 cum
2169 4564 2434 4633 quadrin-

2541 4515 2728 4574 c_oru‘m
2756 4502 2876 4574 loco
2910 4502 2997 4574 hic
3027 4501 3219 4574 titulus
3250 4501 3464 4574 legitur,
3496 4503 3572 4574 τῷ
3599 4503 3866 4574 ἀγαπητῷ
3895 4503 4108 4574 ἀδελφῷ

2546 4570 2768 4643 Ἰωάννῃ
2808 4573 3134 4643 Ἰνοκέντιος.
3187 4570 3520 4637 Quititulus
3544 4570 3720 4627 omitti
3759 4570 3866 4628 non
3895 4570 4104 4630 debuit.

867 4655 1045 4705 genas
1075 4631 1679 4717 millibusarmatoruui
1702 4631 1907 4717 Italiam
1928 4631 2151 4717 ’p't-tebat
2186 4631 2214 4687 _:
2242 4633 2436 4717 deinde
2469 4643 2516 4702 D
2541 4641 2623 4717 {id
2654 4631 2954 4717 marginem
3005 4631 3464 4712 autemiascripta
3503 4652 3634 4698 sunt
3672 4645 3808 4706 hac,
3847 4645 4106 4717 ἐπιστολὴ

868 4702 1056 4764 rumor
1085 4707 1152 4757 dc
1180 4703 1385 4755 Alarici
1419 4702 1592 4762 obitu,
1628 4711 1687 4754 ut
1718 4702 1909 4755 scribit
1950 4702 2206 4757 lusimus
2254 4704 2308 4756 in
2337 4706 2429 4756 lib.

867 4797 918 4837 ν,
973 4792 1095 4848 pag.
1287 4781 1355 4848 et
1387 4770 1926 4848 sequentibus_.__l_ioc
1959 4781 2043 4827 est
2075 4773 2224 4848 quod
2249 4775 2436 4848 ‘paulo

815 4876 822 4882 -
869 4840 1012 4902 inl'r'a
1047 4840 1263 4914 'scribit
1322 4840 1708 4914 Soaotnenus}
1742 4840 1966 4914 Μέλλων
2026 4840 2135 4914 γὰρ
2181 4840 2436 4914 ἐκδὴμεῖν

867 4920 942 4980 ὡς
972 4913 1286 4984 ὡμολόγησε
1319 4911 1602 4980 Στελίχων,
1647 4911 1900 4981 Ὀνωρίου
1944 4911 2265 4982 γράμμασιν
2300 4911 2438 4965 "e7:-

868 4987 1085 5042 εσγέθη.

1105 5048 1757 5124 Ὁνωρίορλγράμμασι-ις.
1789 5047 1931 5104 Idem
1952 5050 2141 5104 scribit
2162 5049 2432 5117 ZosimUS.

941 5063 1066 5178 (89L
1105 5063 1374 5119 ὐνωριου
1402 5063 1757 5118 γραμμασιν.
1791 5063 1931 5104 Iacui
1952 5063 2141 5104 scrtutt
2162 5063 2432 5117 LOSImus,

872 5125 1028 5180 Stilic
1071 5139 1229 5178 onem
1275 5121 1502 5182 St‘ilit'cl,
1539 5135 1661 5172 cum
1693 5116 1964 5192 Ravenna
2012 5130 2178 5192 esset,
2224 5131 2277 5192 et
2309 5137 2437 5192 pro-

872 5196 1160 5251 fectionem
1187 5192 1298 5260 jam
1332 5197 1564 5260 pararet,
1603 5196 1660 5241 ut
1689 5191 1896 5260 junctis
1949 5204 2072 5243 cum
2097 5190 2324 5260 Alarico
2344 5206 2437 5245 co-

874 5270 978 5336 piis
1027 5259 1300 5336 lllyritum
1329 5259 1600 5336 O_ricntale
1648 5259 2186 5336 invaderet,__litteras
2211 5259 2434 5336 Honorii

871 5329 1107 5406 Augusti
1117 5349 1180 5386 ex
1201 5331 1336 5406 urbe
1353 5329 1528 5406 Ruina
1540 5329 1851 5406 accepisse,
1863 5330 2438 5406 quibusnuntiabatur

2541 4710 2876 4764 Ἱνοκεντίου.

2613 4780 2735 4853 (91))
2783 4781 2894 4853 {En
2920 4777 2999 4843 τῷ
3045 4779 3384 4853 συντρίϐειν
3431 4782 3497 4834 τὸ
3536 4782 3760 4853 ἀγαθὸν
3805 4784 4110 4853 συνειδός.

2520 4847 2738 4926 Procul
2767 4847 3310 4926 dubio‘scribenilum
3339 4863 3420 4926 est
3463 4853 3520 4905 ὲν
3549 4847 3625 4923 τῷ
3655 4854 3956 4922 συντρίϐειν
3980 4855 4014 4926 ἢ
4053 4847 4114 4910 τὸ

2541 4918 2746 4992 ἀγαθον
2777 4918 3014 4992 συνειδὸς
3039 4921 3097 4972 ὲν
3130 4921 3206 4992 τῷ
3227 4919 3485 4992 ἐλπίζειν.

2617 4989 2728 5069 (QQ)
2769 4989 2880 5069 (ia!
2931 4988 3101 5069 ἐστιν
3129 4988 3208 5057 ὡς
3259 4991 3514 5069 ἀληθῶς.
3569 4990 3712 5069 Olim
3760 4993 4110 5069 conjeceram

2543 5059 2889 5130 scribendum
2913 5074 3036 5130 esse
3063 5062 3413 5130 transpositis
3436 5062 3720 5116 vocabulis
3748 5065 3842 5117 καὶ
3866 5059 3940 5126 ὥς
3964 5067 4114 5118 ἐστιν

2542 5128 2776 5196 ἀληθῶς,
2803 5139 2860 5182 ut
2892 5129 2958 5181 ad
3009 5128 3364 5197 praecedentia
3405 5133 3692 5186 referatur.
3733 5132 3789 5187 Si
3813 5136 3899 5187 cui
3931 5144 4113 5188 tamen

2543 5199 2943 5274 displicet_bac
2969 5201 3309 5269 conjectura,
3341 5201 3592 5272 equidem
3639 5219 3746 5256 non
3781 5219 4115 5274 magnopere

2543 5269 2898 5323 succensebo.

2615 5338 2725 5408 (A93)
2761 5340 2869 5391 Kal
2898 5338 2976 5404 τῷ
3007 5340 3132 5406 ιδιφ
3161 5341 3454 5406 πεποιθὼς
3487 5343 3808 5399 συνειδότι.
3839 5344 3893 5397 In
3923 5343 4114 5398 codice

871 5398 1286 5461 Constantinum
1314 5401 1367 5453 in
1395 5398 1585 5452 Galliis
1605 5399 1942 5469 tyrannidem
1973 5400 2295 5469 arripuisse.

943 5477 1055 5548 (90)
1095 5469 1419 5548 Ἐπιστολὴ
1477 5468 1822 5548 ἰνοκεντρου
1883 5468 2170 5548 ὑπὲρ“τοῦ
2205 5472 2430 5548 Χρυσο.

873 5538 1118 5616 στὸμὸυ.
1150 5543 1356 5596 Desunt
1388 5542 1499 5593 bac
1531 5539 1692 5592 verba
1721 5538 1774 5591 in
1809 5539 1999 5594 codice
2028 5538 2348 5604 Fuketiann,
2388 5549 2442 5595 et

2317 5649 2702 5706 VARIORUM.

947 5761 973 5798 ιι
1014 5745 1386 5810 ἰνοκέντιος.
1420 5742 1616 5798 Factus
1633 5753 1715 5799 est
1739 5741 2147 5813 Innocentius"
2175 5757 2312 5812 papa
2336 5742 2446 5796 Ro-
2553 5743 2684 5813 imp.
2719 5745 2788 5796 ad
2817 5745 3121 5798 Arcadium.
3181 5744 3542 5813 Depositionis
3582 5746 3904 5799 sententiam
3952 5749 4116 5813 rescij

877 5836 1070 5876 manus
1105 5833 1248 5871 anno
1271 5807 1490 5871 Λευὶ..Αά
1516 5830 1640 5869 eum
1672 5807 2444 5884 appellasseAChrysostomum
2552 5807 2652 5872 dit,
2687 5823 2745 5867 ut
2805 5817 3116 5883 liqut-itum
3166 5807 3418 5877 Palladii,
3450 5825 3563 5870 tum
3617 5816 3789 5884 ipsius
3816 5807 4114 5872 Innocentii

878 5896 1005 5948 sedc
1032 5888 1301 5958 dejectqu
1334 5886 1526 5941 scribit
1553 5881 1819 5938 Baronius
1847 5899 1911 5938 ex
1950 5881 2189 5952 Epistula
2222 5881 2445 5938 Honorii
2553 5886 2693 5953 apud
2731 5881 3033 5939 Palladium
3069 5886 3398 5940 testimonio.

2546 5405 2848 5530 Fuge'tiano
2868 5412 3136 5480 scriptum
3175 5413 3355 5466 inveni
3383 5405 3460 5484 τῷ
3490 5413 3684 5467 ἑαυτοῦ
3720 5413 3982 5468 συνειδότι
4013 5430 4111 5467 πε·

2548 5495 2638 5530 ποι
2677 5497 2770 5530 ως.

2548 5495 2770 5542 ποιυως.
