4504 6576
348 415 372 468 Ι
381 415 485 470 5δό

1291 414 1620 472 HISTORIA
1661 414 2221 473 ECCLESIASTICA.
2263 444 2332 456 -ι
2361 413 2492 470 LIB.
2527 414 2661 474 VIII.

3479 408 3614 467 I586

347 530 498 585 θείαν
531 531 632 601 τῆς
663 533 889 602 ἀρετῆς.
937 529 1362 596 Ἐποπτεύοντος
1395 533 1506 605 γὰρ
1533 533 1628 588 τοῦ
1660 511 1932 587 Δεσπότου
1964 539 2008 596 Δ
2038 533 2126 588 mil

1841 511 1932 587 του
1964 539 2008 596 Δ
2038 533 2191 588 mino
2218 542 2408 588 nostro
2441 534 2687 595 Christo,
2721 535 2772 586 in
2812 538 2972 603 portu
3014 530 3164 600 pacis
3208 535 3436 596 purgata
3484 540 3617 581 eon-

349 623 610 692 Χριστοῦ,
658 625 716 676 ὲν
750 625 829 696 τῷ
869 625 1050 696 λιμένι
1091 625 1192 694 τῆς
1221 626 1445 697 είρήνης
1481 625 1874 698 καθαρισθεῖσα
1904 628 1938 697 ἠ

351 715 655 785 συνείδησις
687 717 963 784 στήσεται.

435 802 747 871 Ἰνοκέντιος
785 808 1081 871 ἐπίσκοπος
1114 809 1510 881 πρεσϐυτέροις
1536 810 1648 878 (94)
1693 811 1790 864 καὶ
1827 811 1942 864 δια-

354 896 531 958 κόνοις
557 898 652 949 καὶ
679 899 843 952 παντὶ
860 898 937 967 τῷ
963 899 1148 969 κλήρῳ
1172 901 1266 954 καὶ
1285 898 1364 969 τῷ
1391 900 1506 971 λαῷ
1528 901 1628 972 τῆς
1654 902 1941 954 Κωνσταν-

352 988 713 1052 τινουπόλεως
782 989 1107 1060 Ἐκκλησίας
1149 994 1266 1054 τοῖς
1339 992 1446 1046 ὑπὸ
1495 994 1587 1046 τὸν
1645 995 1942 1046 ἐπίσκοπον

367 1084 642 1152 Ἰωάννην,
663 1087 969 1154 ἀγαπητοῖς
990 1085 1238 1152 ἀδελφοῖς
1264 1087 1494 1155 χαίρειν.
1528 1087 1620 1138 Ἐκ
1636 1086 1743 1138 τῶν
1759 1102 1941 1156 γραμ-

356 1177 544 1246 μάτων
583 1177 679 1247 τῆς
735 1178 1004 1247 ὑμετέρας
1034 1179 1252 1248 ἀγάπης
1276 1219 1292 1243 ,
1337 1179 1497 1233 ἅτινα
1541 1179 1629 1231 διά
1662 1177 1944 1250 Γερμανοῦ

352 1269 452 1322 τοῦ
470 1270 844 1340 πρεσϐυτέρου
875 1271 1256 1326 καὶΚασιανοῦ
1280 1271 1376 1326 τοῦ
1399 1272 1647 1327 διακόνου
1680 1273 1946 1326 ἀπεστάλ-

358 1378 512 1424 κατε,
549 1361 648 1432 τὴν
683 1363 887 1435 σκηνὴν
918 1358 1028 1416 τῶν
1057 1363 1242 1417 κακῶν
1274 1364 1340 1434 ἢν
1370 1365 1473 1435 πρὸ
1512 1363 1621 1416 τῶν
1652 1363 1945 1435 ὀφθαλμῶν

360 1453 626 1522 ἑθήκατε,
659 1456 985 1526 ἐμμερίμνῳ
1018 1456 1260 1526 φροντίδι
1299 1455 1608 1526 κατέμαθον
1629 1473 1643 1488 ·
1699 1457 1854 1519 ὅσαις
1885 1474 1945 1509 τε

358 1548 401 1614 ἡ,
423 1539 610 1609 πίστις
644 1547 840 1616 κάμνει
867 1547 1264 1619 ταλαιπωρίαις
1296 1566 1357 1601 τε
1389 1550 1482 1602 καὶ
1511 1550 1712 1613 πόνοις,
1747 1550 1948 1602 ὲπανα-

356 1639 629 1711 ληφθείσῃ
672 1641 932 1705 πολλάκις
982 1644 1050 1711 τῇ
1101 1641 1404 1710 ἀναγνώσει
1450 1644 1716 1701 κατεῖδον,
1771 1645 1948 1714 Ὅπερ

358 1733 596 1801 πρᾶγμα
643 1733 779 1802 μόνη
833 1733 1260 1803 ήιπαράκλησις
1302 1736 1401 1803 τῆς
1448 1737 1726 1808 ὑπομονῆς
1780 1738 1943 1790 ἰᾶται.

359 1826 530 1877 ,δώσει
561 1812 672 1894 γὰρ
712 1827 770 1878 ἐν
804 1827 958 1896 τάχει
997 1826 1026 1876 ό
1055 1827 1322 1898 ἡμέτερος
1363 1828 1496 1892 Θεὸς
1524 1832 1644 1892 ταῖς
1674 1829 1949 1892 τοιαύταις

359 1914 575 1984 θλίψεσι
598 1918 768 1980 τέλος,
785 1919 1067 1972 καὶταῦτα
1094 1921 1325 1972 συνοίσει
1347 1921 1752 1990 ὑπενηνοχέναι.
1789 1923 1950 1976 ’Λλλά

357 2009 470 2078 γὰρ
500 2010 672 2080 αὐτὴν
702 2011 801 2082 τὴν
837 2011 1144 2079 ἀναγκαίαν
1174 2011 1542 2082 παράκλησιν,
1588 2015 1645 2064 ὲν
1685 2013 1824 2082 ἀρχῇ
1855 2014 1949 2082 τῆς

359 2100 789 2170 ἐπιστολῆς¹τῆς
817 2102 1091 2172 ὑμετέρας
1117 2103 1338 2170 ἀγάπης
1360 2104 1641 2172 κειμένην,
1676 2105 1951 2172 ἐγκωμιάο

361 2192 548 2253 ζοντες
605 2191 757 2260 ὑμῶν
811 2192 910 2264 τὴν
969 2192 1227 2262 πρόθεσιν
1279 2191 1698 2262 ἐπεγνώκαμεν,
1753 2192 1951 2254 πολλὰς

362 2283 504 2354 πρὸς
542 2283 602 2335 τὺ
626 2284 918 2354 ὑπομένειν
944 2278 1249 2357 μαρτυρίας
1276 2286 1656 2356 περιέχουσαν.
1701 2285 1812 2355 Τὴν
1843 2285 1951 2355 γὰρ

363 2375 644 2444 ἡμετέραν
679 2376 1024 2446 παράκλησιν
1052 2378 1120 2448 ἢν
1138 2378 1442 2448 ὠφείλομεν
1468 2380 1596 2448 ὑμῖν
1627 2379 1948 2443 ἐπιστεῖλαι,

362 2471 478 2532 τοῖς
510 2470 794 2538 ὑμετέροις
826 2472 1115 2541 γράμμασι
1145 2472 1544 2541 προεφθάσατε.
1600 2472 1816 2538 Ταύτην
1847 2473 1952 2542 γὰρ

365 2564 480 2623 τοῖς
497 2545 810 2629 ’κάμνουσιν
833 2564 862 2615 ό
891 2564 1162 2633 ἡμέτερος
1188 2565 1466 2633 Δεσπότης
1507 2564 1781 2634 ὑπομονὴν
1815 2583 1954 2633 παρ-

368 2654 518 2721 έχειν
550 2653 740 2704 εἴωθεν
773 2670 786 2683 ·
833 2654 920 2706 ἵνα
961 2657 1056 2706 καὶ
1085 2657 1140 2706 έν
1174 2658 1294 2718 ταῖς
1329 2655 1538 2723 θλίψεσι
1573 2656 1952 2725 τυγχάνοντες,

369 2747 601 2808 ἑαυτοὺς
629 2747 678 2799 ot
703 2746 798 2800 τοῦ
831 2746 1067 2816 Χριστοῦ
1097 2747 1274 2800 δοῦλοι
1303 2748 1754 2817 παραμυθώνται.
1798 2750 1951 2802 ’Λναε

371 2839 712 2908 λογιζόμενοι
757 2839 815 2890 ἐν
864 2840 1098 2901 ἑαυτοῖς,
1149 2839 1243 2892 καὶ
1289 2840 1550 2910 πρότερον
1605 2841 1954 2910 γεγενῆσθαι,

370 2935 486 2995 τοῖς
511 2932 686 3000 ἁγίοις
728 2932 870 3002 ἀπερ
916 2933 1067 2985 αὑτοὶ
1113 2934 1400 3003 πάσχουσι.
1454 2933 1564 2987 Καὶ
1609 2924 1769 3005 ἡμεῖς
1807 2935 1860 2988 δὲ
1900 2936 1957 3001 ἐξ

372 3025 558 3080 αὐτῶν
586 3025 711 3078 ’τῶν
769 3016 1051 3096 ὑμετέρων
1101 3027 1448 3096 γραμμάτων
1501 3027 1776 3097 δυνάμεθα
1832 3029 1958 3097 ὑμῖν

375 3119 740 3190 προσενέγκαι
771 3118 880 3188 (95)
919 3117 1282 3187 παράκλησιν.
1314 3120 1389 3170 Οὑ
1421 3118 1529 3189 γὰρ
1554 3119 1648 3171 τοῦ
1676 3119 1959 3186 συναλγεῖν

376 3212 510 3279 ὑμῖν
543 3210 710 3279 ἐσμεν
752 3209 1044 3278 ἀλλότριοι,
1091 3209 1389 3280 ἐπειδήπερ
1425 3211 1515 3263 καὶ
1553 3211 1712 3280 ἡμεῖς
1736 3211 1959 3274 κολαζό-

379 3303 522 3374 μεθα
551 3303 609 3355 ἐν
639 3303 784 3372 ὑμῖν.
815 3302 911 3364 Τίς
933 3301 1042 3372 γὰρ
1063 3302 1282 3371 ἐνέγκαι
1311 3303 1600 3372 δυνήσεται
1632 3304 1698 3357 τὰ
1724 3305 1965 3374 ἐξαμαρ-

376 3393 648 3462 τανόμενα
677 3393 769 3444 ὑπ’
799 3392 1022 3444 ἐκείνων
1048 3431 1064 3454 ,
1111 3391 1363 3456 οὕστινας
1396 3393 1564 3464 ὲχρῆν
1608 3394 1843 3463 μάλιστα
1872 3395 1965 3446 τοῦ

375 3484 616 3556 γαληνοῦ
661 3485 758 3554 τῆς
806 3485 1053 3554 εἰρήνης,
1091 3485 1187 3538 καὶ
1233 3486 1400 3556 αὑτῆς
1442 3487 1784 3551 σπουδαστὰς
1828 3483 1966 3541 εἶναι

377 3580 481 3649 τῆς
523 3578 804 3647 ὁμονοίαςς
865 3576 980 3629 Νῦν
1046 3578 1432 3648 ὲνηλλαγμένῳ
1484 3579 1670 3650 τρόπῳ
1708 3579 1818 3632 ἀπὸ
1868 3582 1967 3650 τῆς

378 3671 671 3743 προεδρίας
723 3671 831 3723 τῶν
865 3669 1010 3722 ἰδίων
1066 3669 1402 3740 Ἑκκλησιῶν
1451 3669 1966 3735 ὲξωθοῦνταιάθῶοι

378 3770 566 3839 ἱερεῖς.
626 3768 691 3819 ὐ
724 3767 788 3835 δὴ
834 3764 926 3818 καὶ
962 3762 1177 3833 πρῶτος
1206 3765 1234 3816 ὁ
1272 3763 1498 3832 ἀδελφὸς
1532 3763 1689 3834 ἡμῶν
1719 3763 1813 3815 καὶ
1846 3762 1969 3815 συλς

378 3857 688 3928 λειτουργὸς
720 3857 974 3925 Ἰωάννης
1029 3857 1057 3908 ό
1107 3854 1370 3926 ὑμέτερος
1418 3855 1713 3918 ἐπίσκοπος
1770 3855 1967 3915 ἀδίκως

381 3951 641 4015 πέπονθε,
668 3950 934 4021 μηδεμιᾶς
957 3948 1136 4018 τυχὼν
1160 3949 1492 4017 ἀκροάσεως.
1527 3947 1691 4001 Οὐδὲν
1718 3948 1968 4018 ἔγκλημα

381 4045 700 4115 ὲπισέρεται
735 4043 841 4096 οὐδ’
866 4042 1231 4095 εἰσακούεται.
1267 4041 1370 4094 Καὶ
1395 4042 1478 4103 τίς
1497 4042 1529 4110 ἡ
1547 4042 1966 4112 ἀπηγορευμένη

381 4136 625 4197 eximia;
653 4135 737 4186 ἵνα
758 4135 832 4204 μὴ
856 4134 1126 4204 πρόφασις
1151 4133 1385 4203 κρίσεως
1403 4134 1649 4205 γένηται,
1678 4136 1707 4206 ἦ
1734 4134 1966 4206 ζητηθῇ,

384 4231 466 4292 εἰς
495 4228 693 4290 τόπους
715 4227 932 4292 ζώντων
959 4227 1148 4296 ἱερέων
1171 4225 1319 4279 ἄλλοι
1343 4227 1807 4280 ἀποκαθίστανται
1836 4227 1967 4297 (96),

381 4323 460 4384 ὡς
495 4321 806 4391 δυναμένων
838 4319 946 4372 τῶν
998 4320 1062 4372 ἐκ
1106 4319 1346 4372 τοιούτου
1381 4319 1846 4390 πλημμελήματος
1876 4321 1968 4388 ὀρ-

385 4411 688 4483 μωμένων,
732 4412 906 4482 ὀρθῶς
949 4429 1002 4464 τι
1051 4410 1195 4481 ἔχειν
1242 4411 1273 4481 ἦ
1327 4410 1641 4480 πεπρᾶχθαι
1673 4413 1778 4463 ὑπό
1827 4428 1970 4473 τινος

383 4508 658 4578 κριθῆναι.
693 4508 826 4560 Οὐδὲ
859 4508 968 4576 γὰρ
1003 4507 1221 4558 πώποτε
1254 4505 1405 4576 παρά
1448 4504 1554 4556 τῶν
1585 4503 1840 4572 πατέρων
1865 4503 1970 4555 τῶν

2043 624 2277 680 scientia
2310 623 2588 678 consistit.

2114 808 2469 864 Innocentius
2515 808 2813 878 episcopus
2863 803 3204 875 presbyteris
3251 810 3304 857 et
3347 800 3622 864 diaconis,

2042 911 2097 957 et
2134 903 2396 956 universo
2432 901 2580 955 clero
2611 915 2674 954 ac
2709 899 2910 968 pepqu
2948 896 3202 951 Ecclesia:
3228 893 3626 948 Constantino-

2044 995 2321 1065 politana',
2369 1009 2490 1063 qua:
2527 1002 2613 1048 est
2662 992 2765 1047 sub
2817 989 3028 1044 Joanne
3077 990 3360 1058 episeopo,
3407 986 3628 1040 dilectis

2045 1087 2312 1142 fratribus
2353 1086 2607 1140 salutem.
2657 1082 2731 1137 Ex
2797 1083 2995 1135 litteris
3056 1078 3347 1134 cbaritatis
3405 1089 3625 1136 vestrae,

2043 1195 2188 1250 quas
2243 1193 2342 1249 per
2386 1177 2724 1232 Germanum
2766 1175 3152 1245 presbyterum
3202 1180 3256 1226 et
3299 1170 3625 1225 Cassianum

2045 1270 2343 1326 diaconum
2394 1268 2669 1331 misistis,
2728 1281 2954 1320 scenam
3003 1265 3277 1319 malorum
3337 1277 3502 1333 quam
3559 1260 3629 1314 ob

2045 1365 2240 1419 oculos
2305 1360 2620 1433 posuistis,
2685 1360 2846 1413 anxia
2915 1359 3294 1414 sollicitudine
3353 1355 3626 1426 cognovi:

2046 1456 2384 1526 quantisque
2431 1451 2694 1507 aerumnis
2741 1458 2797 1505 et
2835 1450 3248 1503 calamitatibus
3292 1446 3434 1502 fides
3479 1447 3632 1499 labi»

2049 1557 2166 1623 ret...
2200 1546 2429 1616 repetita
2466 1546 2671 1616 szepins
2704 1545 2943 1598 lectione
2981 1542 3253 1614 perspexi.
3299 1539 3474 1606 Quam
3511 1541 3632 1608 qui-

2049 1642 2172 1696 dem
2201 1654 2317 1694 rem
2357 1626 2474 1694 sola
2505 1637 2819 1694 consolatio
2852 1635 3132 1707 patientiae
3183 1649 3383 1689 sanare
3430 1641 3630 1703 potest.

2053 1733 2214 1789 Dabit
2246 1732 2392 1788 enim
2440 1731 2594 1786 brevi
2633 1731 2780 1786 Deus
2814 1741 3005 1784 noster
3050 1729 3212 1783 finem
3247 1727 3418 1781 tantis
3454 1726 3637 1780 tribu-

2054 1828 2380 1895 lationibus,
2437 1833 2493 1881 et
2539 1825 2658 1880 haec
2701 1826 2971 1886 tolerasse
3025 1823 3294 1894 proficiet.
3347 1823 3639 1877 Enimvero

1985 1890 2024 1944 Β
2057 1922 2203 1976 hanc
2232 1921 2408 1992 ipsam
2437 1920 2812 1975 necessariam
2847 1918 3286 1974 consolationem
3323 1917 3378 1970 in
3412 1914 3639 1968 exordio

2059 2014 2365 2068 litterarum
2415 2013 2708 2068 charitatis
2745 2023 2942 2078 vestra:
2990 2011 3251 2086 positam,
3295 2009 3638 2078 propositum

2059 2114 2304 2161 vestrum
2351 2103 2642 2159 laudantes
2672 2104 3029 2174 agnovimus,
3070 2101 3261 2157 multis
3309 2100 3641 2154 testimoniis

2058 2197 2126 2252 ad
2157 2196 2479 2266 patientiam
2513 2196 2866 2252 hortantibus
2896 2195 3314 2265 conﬁrmatam.
3347 2192 3482 2247 Nam
3510 2210 3642 2247 con-

2059 2285 2388 2338 solationcm
2419 2292 2663 2340 nostram
2690 2299 2855 2354 quam
2884 2300 2983 2354 per
3009 2285 3220 2339 litteras
3240 2291 3461 2338 nostras
3487 2284 3644 2337 vobis

2060 2376 2257 2433 afferre
2283 2378 2646 2442 debebamus,
2677 2395 2778 2433 vos
2811 2379 2913 2448 ipsi
2951 2379 3151 2434 litteris
3183 2379 3388 2435 vestris
3437 2393 3644 2449 praeve-

2062 2471 2242 2526 nistis.
2275 2469 2423 2525 llanc
2457 2472 2728 2542 siquidem
2772 2471 3040 2528 Dominus
3082 2479 3276 2528 noster
3317 2471 3641 2542 patientiam

2063 2563 2442 2620 laborantibus
2469 2550 2712 2634 priebere
2743 2567 2906 2631 solet,
2928 2575 2985 2619 ut
3015 2565 3206 2620 famuli
3239 2564 3447 2620 Christi
3477 2565 3644 2620 etiam

2064 2653 2119 2706 in
2159 2653 2616 2712 tribulationibus
2645 2656 2972 2727 semetipsos
3001 2657 3383 2724 consolentur,
3411 2659 3554 2728 apud
3587 2674 3647 2712 se

2065 2752 2411 2816 reputantes,
2459 2747 2670 2803 sanctis
2709 2747 2846 2806 viris
2874 2747 2987 2818 jam
3025 2758 3185 2821 antea
3230 2750 3534 2820 contigisse
3582 2766 3646 2805 ea

2065 2856 2188 2909 qua
2217 2841 2321 2909 ipsi
2357 2841 2663 2910 patiuntur.
2693 2839 2796 2898 Sed
2835 2850 2889 2896 et
2922 2858 3024 2898 nos
3055 2859 3118 2897 ex
3157 2843 3297 2914 ipsis
3326 2842 3524 2897 litteris
3554 2859 3648 2897 ve-

2065 2932 2198 2988 stris
2238 2933 2676 2988 consolationem
2732 2934 2891 2990 nobis
2924 2935 3162 2989 mutuari
3199 2951 3511 3006 possumus.
3542 2933 3650 2990 Ne-

2068 3039 2175 3093 que
2212 3024 2356 3078 eniin
2385 3040 2414 3078 a
2441 3024 2652 3080 doloris
2683 3027 2848 3081 vestri
2883 3026 3168 3082 consortio
3204 3026 3369 3080 alieni
3416 3041 3647 3091 smnus;

2067 3117 2269 3185 quippe
2311 3117 2403 3187 qui
2459 3117 2749 3187 aﬂligimur
2799 3117 2852 3172 in
2901 3119 3080 3175 vobis.
3125 3117 3260 3185 Quis
3299 3119 3444 3174 enim
3503 3119 3651 3174 ferre

2071 3209 2248 3278 possit
2275 3223 2337 3262 ea
2372 3225 2493 3278 qua:
2526 3209 2596 3263 ab
2628 3209 2733 3264 illis
2768 3210 3013 3267 admissa
3045 3221 3194 3279 sunt,
3233 3228 3375 3284 quos
3407 3229 3515 3283 pra:
3542 3200 3653 3268 ea:-

2069 3300 2204 3354 teris
2230 3299 2482 3362 decebat.
2502 3301 2947 3372 tranquillitatis,
2974 3320 3038 3359 ac
3059 3305 3236 3376 pacis,
3267 3307 3653 3363 eteoncordize

2068 3405 2190 3444 esse
2222 3391 2543 3447 studiosos?
2573 3391 2726 3448 Nunc
2755 3405 3097 3466 prmpostero
3132 3412 3307 3464 more,
3332 3413 3397 3453 ex
3428 3399 3654 3455 sedibus

2069 3471 2448 3540 Ecclesiarnin
2485 3503 2709 3542 suarum
2742 3488 3112 3551 exturbantur
3144 3491 3357 3546 innoxii
3391 3492 3639 3547 sacerdo-

2069 3584 2172 3630 tes.
2224 3575 2382 3643 Quod
2433 3578 2654 3648 quidem
2710 3580 2921 3649 primus
2969 3595 3035 3636 ac
3080 3583 3398 3654 praecipuus
3450 3583 3654 3654 injuste

2069 3684 2364 3739 perpessus
2397 3681 2482 3726 est
2533 3672 2705 3727 frater
2733 3680 2788 3727 et
2817 3675 3202 3731 eomminister
3247 3685 3438 3732 noster
3484 3676 3648 3732 Joan-

2071 3778 2167 3817 nes
2210 3765 2512 3834 episcopus
2547 3774 2747 3829 vester,
2782 3766 2874 3834 qui
2924 3765 2977 3820 in
3030 3765 3248 3836 judicio
3287 3769 3511 3824 amlitus
3544 3786 3652 3824 non

2068 3862 2171 3910 est.
2207 3854 2429 3910 Nullum
2471 3858 2682 3911 crimen
2729 3857 3029 3926 profertur,
3066 3861 3276 3915 nullum
3314 3862 3555 3918 auditur.
3591 3862 3654 3918 Et

2068 3947 2348 4016 quodnam
2385 3956 2468 4003 est
2501 3948 2605 4003 hoc
2637 3947 2914 4019 perditum
2962 3950 3302 4006 consilium?-
3327 3968 3394 4006 ne
3424 3953 3516 4016 sit,
3559 3963 3654 4008 aut

2073 4053 2141 4094 ne
2182 4048 2466 4110 quaeratur
2503 4042 2609 4094 ulla
2643 4043 2855 4113 species
2886 4042 3107 4111 iudicii,
3145 4043 3197 4098 in
3244 4045 3426 4099 locum
3470 4045 3653 4100 viven-

2071 4133 2206 4187 tium
2237 4134 2591 4189 sacerdotum
2642 4135 2735 4189 alii
2781 4136 3226 4190 substituuntur:
3251 4138 3423 4207 ~qttasi
3459 4140 3552 4206 qni
3587 4139 3654 4191 ab

2072 4227 2175 4280 hoc
2217 4225 2464 4283 facinore
2494 4229 2760 4298 auspicati
2795 4238 2948 4291 sunt,
2985 4230 3191 4299 aliquid
3243 4231 3373 4285 boni
3428 4233 3653 4296 habere,

2073 4324 2167 4370 aut
2195 4317 2404 4387 aliquid
2439 4319 2580 4373 recti
2611 4318 2814 4388 egisse,
2849 4335 2878 4372 a
2913 4335 3190 4389 quoquam
3236 4320 3477 4389 judicari
3525 4336 3654 4390 pos-

2074 4411 2205 4467 sint.
2232 4410 2418 4481 Neque
2457 4412 2604 4466 enim
2644 4412 2775 4465 talia
2812 4428 3054 4480 unquam
3091 4428 3119 4465 a
3155 4403 3407 4482 patribus
3448 4413 3656 4467 nostris

2075 4512 2228 4572 gesta
2263 4520 2387 4558 esse
2421 4504 2817 4575 comperimus,
2855 4505 2946 4559 sed
2982 4505 3164 4575 potius
3196 4505 3490 4574 prohibita,
3529 4522 3654 4558 cuni

384 4600 666 4672 ἡμετέρων
685 4599 907 4652 τοιαῦτα
925 4598 1285 4668 τετολμῆσθαι
1308 4597 1626 4665 ἐγνώκαμεν
1645 4611 1655 4623 ·
1684 4594 1818 4647 ἀλλὰ
1841 4596 1971 4665 μάλ-
2006 4608 2048 4668 D
2081 4614 2163 4651 net

1873 4596 1971 4647 ,ἀλ-
2006 4608 2048 4668 D
2081 4596 2284 4651 nemini
2325 4597 2548 4651 licentia
2598 4597 2725 4650 data
2759 4598 2832 4652 sit
2883 4600 2936 4652 in
2993 4598 3171 4652 locum
3207 4599 3441 4652 viventis
3486 4599 3652 4650 alium

384 4692 474 4743 λον
506 4692 844 4744 κεκωλύσθαι
873 4692 948 4761 τῷ
979 4691 1166 4760 μηδενὶ
1201 4692 1278 4753 είς
1311 4692 1474 4742 τόπον
1501 4689 1701 4751 ζῶντος
1730 4697 1751 4723 ι’
1783 4705 1965 4758 χειρο-

383 4786 558 4838 τονεῖν
595 4785 752 4838 ἄλλον
783 4784 1026 4839 δεδόσθαι
1056 4785 1302 4849 ἐξουσίαν
1325 4801 1337 4813 ·
1394 4783 1454 4835 οὑ
1502 4781 1608 4851 γὰρ
1661 4780 1966 4850 χειροτονία

2073 4687 2231 4757 361
2265 4687 2582 4742 ordinandi.
2615 4686 2867 4757 Reproba
2896 4687 3041 4741 enim
3073 4689 3356 4742 ordinatio
3391 4689 3653 4742 honorem

2075 4777 2381 4834 sacerdotis
2414 4780 2636 4834 auferre
2670 4795 2781 4834 non
2831 4789 3014 4849 potest
3055 4799 3067 4834 :
3101 4780 3549 4852 quandoquidem
3606 4779 3652 4832 is

1598 4940 1869 4995 VALESII
1911 4938 2455 4996 ANNOTATIONES

460 5059 572 5126 (94)
618 5060 832 5128 Ἑτέρα
873 5058 1168 5124 ἐπιστολὴ
1229 5057 1377 5125 πρὸς
1431 5057 1572 5121 τοὺς
1620 5058 1964 5123 κλιιρίκούς.

389 5135 448 5185 ιιι
473 5132 659 5186 codice
690 5131 988 5184 Fuketiano
1017 5131 1129 5183 haec
1155 5130 1221 5181 ad
1257 5132 1397 5181 latus
1422 5129 1675 5198 leguntur
1707 5130 1967 5197 ascripta,

390 5203 591 5256 additis
629 5203 790 5255 etiam
825 5203 908 5255 his
940 5200 1120 5255 verbis
1151 5202 1242 5252 καὶ
1273 5199 1510 5258 λαῖκούς.
1552 5199 1722 5252 I’orro
1755 5200 1962 5252 notabit

394 5276 480 5326 hic
510 5273 789 5327 studiosus
811 5273 1002 5335 lector,
1035 5271 1412 5324 lunoccntimn
1439 5284 1634 5338 papam
1664 5269 1716 5322 in
1749 5287 1812 5324 ea
1839 5271 1963 5338 qui-

391 5344 512 5396 dem
548 5344 775 5408 epistola
819 5359 982 5412 quam
1031 5343 1097 5395 ad
1129 5340 1398 5394 Joannem
1432 5341 1767 5412 episcopum
1819 5340 1962 5394 scri-

393 5415 521 5482 psit,
568 5431 766 5468 nomen
818 5410 979 5468 suum
1032 5421 1378 5481 postponere.
1429 5411 1484 5463 In
1549 5410 1786 5476 Epistula
1836 5426 1966 5465 vero

391 5485 459 5535 ad
494 5486 752 5538 clerumet
787 5484 1038 5553 populum
1067 5482 1739 5550 Constantiuopolitauum,
1765 5498 1962 5537 nomen

392 5572 549 5610 suum
592 5557 972 5625 praeposuisse.

464 5621 909 5696 (θῑὶγΔωὲιὶμεθα
944 5625 1084 5696 ὑμῖν
1101 5622 1514 5693 προσενέγκαι.
1551 5621 1757 5678 Sensus
1781 5632 1963 5694 postu-

2073 5060 2148 5112 lat
2176 5067 2232 5110 ιιι
2266 5073 2362 5126 pro
2394 5057 2522 5124 ὑμῖν
2554 5055 2870 5110 scribamus
2893 5058 3040 5126 ἡμῖν.
3083 5054 3236 5120 Quod
3273 5063 3450 5126 tamen
3483 5055 3652 5107 miror

2073 5123 2312 5198 nequea
2362 5123 2567 5197 Lango,
2627 5142 2800 5197 neque
2849 5144 2880 5182 a
2916 5123 3173 5181 Muscqu
3207 5123 3650 5178 animadversmn

2074 5201 2265 5255 fuisse.

2144 5270 2256 5339 (96)
2293 5271 2501 5323 ’Ἄλλοι
2531 5270 3059 5322 ιὶποκαθίστηνται.
3102 5267 3292 5320 Melius
3324 5266 3654 5339 scriberetur

2073 5337 2555 5396 ὑποκαθίστανται.
2591 5339 2746 5405 Quod
2784 5341 3008 5392 verbum
3046 5337 3448 5392 infracti-currit
3472 5338 3523 5390 in
3547 5337 3652 5405 hac

2073 5413 2324 5482 cpistola,
2361 5403 2659 5480 ἐπειδήπερ
2718 5410 2835 5464 οὐδὲ
2885 5411 3184 5482 ἐπίσκοπος
3227 5403 3653 5482 *δύναταιηεῖῌναι

2074 5476 2299 5545 ἐκεῖνος,
2335 5482 2393 5544 ὂς
2421 5476 2636 5544 ἀδίκως
2661 5482 3108 5534 ὑποκαθίσταται.
3135 5480 3236 5535 libi
3271 5480 3437 5532 codex
3478 5476 3647 5531 γυιω-

2074 5557 2133 5609 tii
2181 5558 2449 5624 scriptum
2505 5553 2664 5607 liabet
2714 5554 3170 5619 ἀποκαθίσταται,
3216 5553 3376 5615 male,
3418 5560 3476 5603 ut
3536 5553 3649 5619 opi-

2071 5643 2188 5680 Iltll'.

1837 5732 2220 5788 VAIilUlillM.

468 5843 488 5872 π
532 5831 960 5899 Τῴμηδενὶεὶς
993 5828 1430 5897 τόπονζὼνῖσς.
1470 5828 1693 5886 Videtur
1735 5829 1822 5885 hic
1872 5827 2222 5886 Innocentius
2272 5829 2546 5900 respicere
2579 5828 2644 5883 ad
2669 5845 2934 5884 υιιιιυιιριιι
2990 5828 3019 5884 8
3073 5827 3290 5884 concilii
3356 5824 3560 5881 Neami
3614 5838 3657 5896 i,

398 5917 454 5960 ut
487 5905 556 5960 ibi
593 5904 914 5977 [Severi-gius
954 5911 1253 5956 διιιιυιιιιιι.
