4504 6576
398 448 530 505 I339

1359 453 1678 511 HISTORIA
1719 455 2269 513 ECCLESIASTICA.
2304 487 2372 499 —
2412 458 2537 513 LIB.
2574 458 2703 514 VIII.

3484 462 3505 515 I
3517 462 3620 518 590

396 567 825 631 συνεπισκόπων,
852 568 901 621 εί
925 570 1016 622 καὶ
1046 568 1111 623 τὰ
1139 571 1370 639 μάλιστα
1421 574 1695 644 διαφόροις
1723 576 1950 644 χρόνοις,
1982 579 2027 635 Α
2057 584 2175 629 meti

1845 592 1950 639 νοις,
1982 579 2027 635 Α
2057 576 2271 641 metria,
2298 576 2458 647 362
2492 576 2743 647 Cyriaco,
2776 576 2997 648 Eulysio
3022 585 3075 633 et
3109 577 3375 640 Palladio,
3408 578 3499 648 qui
3532 593 3624 633 no-

391 656 635 709 τουτέστι
664 658 994 729 Δημητρίου,
1040 660 1339 730 Κυριακοῦ,
1387 664 1647 717 Εὑλυσίου
1684 666 1787 718 καὶ
1820 665 1960 717 Παλ-

396 745 575 799 λαδίου
612 747 719 817 (‘2),
750 750 804 801 οῖ’
836 766 982 814 τινες
1014 751 1218 805 σύνεισι
1253 754 1374 825 μεθ’
1409 756 1596 826 ἡμῶν,
1619 756 1799 827 τελείᾳ
1823 759 1962 827 ἐρω-

394 836 549 905 τήσει
583 838 1003 910 μεμαθήκαμεν.

967 932 1216 988 ΚΕΦΑΛ.
1264 934 1389 990 KZ'.

395 1016 533 1083 Περὶ
580 1015 700 1093 τῶς
752 1023 1087 1093 τεκομένων
1120 1022 1217 1093 διὰ
1268 1024 1546 1093 Ἰωάννην
1572 1026 1809 1091 δεινῶν,
1864 1029 1961 1081 καί

463 1086 593 1163 ,περὶ
615 1087 723 1163 τῆς
736 1086 1020 1163 τελειὶτῆς
1038 1091 1332 1163 Εὺδοξίας
1357 1092 1463 1162 τῆς
1486 1086 1831 1163 βασιλίδος,
1864 1097 1964 1150 καὶ

477 1156 788 1222 Ἀρσακίου
809 1174 822 1188 ·
860 1160 948 1212 ἐτι
974 1156 1052 1212 δὲ
1090 1162 1189 1214 καί
1216 1156 1359 1222 περὶ
1392 1156 1657 1219 ’Ᾰττικοῦ
1705 1156 1827 1221 tofi
1853 1182 1963 1219 πα-

466 1225 769 1294 τριάρχου,
793 1227 931 1282 ὅθεν
966 1230 1062 1282 καί
1088 1226 1213 1298 οἷος
1248 1225 1356 1287 τῦν
1387 1236 1607 1303 τρόπον
1625 1229 1722 1304 ἦν.

466 1316 603 1369 Τάδε
633 1316 733 1386 μὲν
755 1318 821 1371 τὰ
859 1319 1167 1373 Ίνοκεντίου
1190 1323 1490 1394 γράμματα
1512 1342 1525 1355 ·
1549 1326 1609 1390 ἐξ
1637 1319 1710 1379 ὧν
1736 1327 1964 1381 συνιδεῖν

393 1404 559 1469 ἔστιν,
604 1402 721 1461 οἷαν
755 1405 868 1479 εἶχε
912 1409 1042 1478 περὶ
1074 1413 1317 1467 Ἰωάννου
1348 1414 1593 1485 γνώμην.
1639 1416 1732 1469 Ἐν
1756 1417 1963 1481 τούτοις

392 1496 447 1549 δέ
477 1499 839 1570 παμμεγέθης
886 1501 946 1553 ἐν
970 1502 1534 1557 Κωνσταντινουπόλει
1563 1506 1658 1559 καὶ
1682 1510 1792 1571 τοῖς
1830 1525 1963 1579 προ·

392 1588 627 1649 αστείοις
659 1589 869 1658 χάλαζα
905 1593 1217 1665 κατερράγη
1246 1611 1259 1626 ·
1293 1596 1530 1668 τετάρτῃ
1554 1614 1611 1649 τε
1650 1598 1785 1667 μετὰ
1809 1599 1966 1651 τοῦτο

396 1674 596 1745 ἡμέρᾳ,
625 1678 770 1745 ήτοῦ
802 1679 1064 1747 βασιλέως
1088 1684 1302 1753 γαμετὴ
1337 1685 1673 1755 ἐτελεύτησε.
1706 1688 1813 1740 Καὶ
1838 1690 1964 1741 τάδε

396 1766 668 1835 συμϐῆναι
714 1770 1129 1838 χαλεπαίνοντος
1170 1774 1263 1826 τοῦ
1296 1774 1431 1828 Θεοῦ
1454 1776 1541 1830 διὰ
1581 1778 1849 1848 Ἰωάννην,
1890 1780 1965 1843 ὠς

2066 665 2273 720 hiscum
2306 674 2455 732 sunt,
2490 674 2745 721 accurata
2777 668 3208 737 interrogatione
3238 668 3553 724 didicimus.

2640 933 2797 991 CAP.
2835 933 3045 989 XXVIII

2064 1027 2143 1083 De
2192 1026 2587 1097 calamitatibus
2636 1043 2753 1097 qua
2798 1026 3024 1080 Joannis
3063 1043 3225 1080 causa
3280 1027 3581 1080 acciderunt
3610 1044 3627 1079 :

2132 1107 2183 1152 et
2211 1098 2274 1152 de
2298 1097 2443 1151 obitu
2474 1096 2729 1151 Eudoxia:
2757 1096 3007 1166 Augusta:
3041 1106 3091 1151 et
3125 1099 3351 1151 Arsacii.
3389 1097 3412 1150 Ι
3423 1109 3521 1150 tem
3568 1099 3630 1149 de

2134 1168 2311 1221 Attico
2342 1168 2673 1237 patriarcha,
2701 1168 2817 1237 quis
2844 1176 2892 1222 et
2920 1168 3053 1221 unde
3081 1168 3261 1233 fuerit.

2138 1324 2229 1380 Ha:
2258 1334 2387 1381 sunt
2427 1324 2729 1380 Innocentii
2759 1324 2998 1380 litterae:
3032 1278 3099 1379 ex
3130 1326 3332 1396 quibus
3371 1326 3502 1380 licet
3529 1340 3630 1379 co-

2065 1432 2333 1489 gnoscere
2370 1432 2532 1487 quam
2574 1417 2665 1472 ille
2704 1418 3014 1488 opinionem
3058 1417 3125 1472 de
3173 1416 3381 1472 Joanne
3428 1418 3634 1472 habue-

2066 1510 2138 1563 rit
2171 1510 2211 1563 ί.
2244 1508 2351 1565 Per
2384 1508 2527 1565 idem
2564 1516 2803 1578 tempus,
2837 1508 3313 1579 Constantinopoli
3345 1517 3397 1563 et
3427 1509 3481 1562 in
3513 1509 3634 1563 sub.

2068 1600 2300 1655 urbanis
2334 1599 2544 1670 grando
2574 1599 2853 1655 immensa:
2883 1599 3278 1669 magnitudinis
3319 1598 3549 1654 cecidit:
3580 1609 3635 1653 et

2067 1701 2268 1762 quarto
2309 1702 2437 1762 post
2465 1692 2575 1758 die,
2610 1692 2961 1762 imperatoris
3012 1706 3152 1746 uxor
3206 1690 3367 1744 tinem
3417 1691 3648 1745 vivendi.

2070 1783 2218 1838 fecit.
2252 1782 2383 1848 Quae
2414 1782 2636 1852 quidem
2689 1779 2798 1836 Deo
2844 1779 3071 1834 Joannis
3113 1794 3277 1835 causa
3315 1779 3637 1849 Indignmtle

393 1857 744 1961 colinam-oti
772 1860 964 1914 ἐδόκει.
1017 1864 1125 1917 Καὶ
1156 1864 1261 1935 γὰρ
1293 1866 1357 1936 δὴ
1388 1869 1479 1919 καὶ
1514 1869 1745 1938 Κυρῖνος
1770 1873 1798 1923 ὁ
1824 1870 1967 1923 Χαλ-
1999 1907 2039 1961 η
2068 1890 2164 1929 acc

1858 1870 1967 1923 ἱαλ-
1999 1907 2039 1961 η
2068 1875 2362 1937 accidisse,
2424 1873 2674 1943 plerique
2720 1888 2917 1927 omnes
2964 1872 3349 1942 Opinabantur.
3402 1872 3533 1925 Nam
3584 1884 3637 1925 et

394 1946 614 2016 κηὸόνος
654 1950 974 2017 ἐπίσκοπος,
1018 1953 1077 2015 ὃς
1121 1955 1281 2007 αὑτὸν
1307 1957 1540 2025 μάλιστα
1580 1960 1861 2031 ἐλοιδόρει,
1903 1963 1962 2014 ού

395 2037 573 2107 πολλῷ
598 2041 857 2109 πρότερον
883 2042 945 2093 ἐκ
969 2043 1067 2112 τῆς
1098 2050 1517 2117 συγκυρησάσης
1552 2049 1700 2120 αὑτῷ
1726 2052 1853 2122 περὶ
1874 2052 1964 2105 τὸν

395 2128 530 2185 πόδα
572 2132 885 2202 συμφορᾶς,
930 2133 1186 2205 ἑκάτερον
1228 2137 1414 2200 σκέλος
1456 2139 1561 2192 ὑπὸ
1602 2140 1710 2195 τῶν
1763 2143 1966 2212 ἰατρῶν

392 2226 783 2295 ἁποπρισθεὶς,
828 2225 1078 2291 ἐλεεινῶς
1126 2229 1354 2283 ἁπεόίω.
1418 2230 1526 2283 Καὶ
1576 2233 1863 2303 Ἀρσάκιος
1909 2236 1965 2288 δὲ

390 2318 481 2368 ἐπ’
507 2317 687 2385 ὀλίγον
726 2320 915 2388 χρόνον
945 2320 1043 2389 τὴν
1071 2323 1691 2387 Κωνσταντινουπόλεως
1734 2326 1965 2396 Ἐκκλη-

389 2406 513 2458 σίαν
544 2408 959 2477 ἐπιτροπεύσας,
990 2408 1324 2480 ἐτελεύτησε.
1357 2411 1573 2463 Πολλῶν
1594 2411 1650 2465 δὲ
1676 2412 1772 2483 τὴν
1804 2413 1965 2467 αὑτοῦ

390 2499 641 2570 διαδοχὴν
673 2501 991 2570 μνωμένων,
1024 2502 1269 2571 τετάρτῳ
1300 2504 1429 2573 μηνὶ
1454 2507 1551 2575 τῆς
1585 2504 1749 2559 αὐτοῦ
1779 2506 1964 2559 τελευ-

391 2590 515 2658 τῆς,
553 2595 937 2661 χειροτονεῖται
982 2594 1246 2655 Ἀττικὸς,
1294 2596 1661 2666 πρεσϐύτερος
1693 2597 1785 2650 τοῦ
1816 2600 1968 2651 Κων-

394 2683 883 2746 σταντινουπόλεως
914 2684 1137 2755 κλήρου,
1164 2686 1226 2736 ἐκ
1246 2684 1355 2738 τῶν
1380 2688 1963 2745 ἐπιὸούλωνΊωάννου.

393 2765 559 2835 οὗτος
609 2774 706 2842 μὲν
744 2775 896 2842 γένος
929 2770 995 2843 ἦν
1035 2776 1100 2828 ἐκ
1131 2776 1457 2841 Σεϐαστείας
1499 2780 1597 2847 τῆς
1638 2780 1923 2851 Ἀρμενίας
1950 2800 1965 2815 ο

390 2864 458 2914 ἐκ
486 2863 606 2915 νέου
640 2864 697 2917 δὲ
743 2866 1052 2934 φιλοσοφεῖν
1093 2868 1388 2939 ἐπαιδεύθη
1438 2870 1542 2923 ὑπὸ
1578 2876 1833 2942 μοναχοῖς
1866 2874 1965 2943 τῆς

390 2952 724 3005 Μακεδενίου
756 2957 1019 3023 αἱρέσεως
1044 2974 1054 2987 ο
1080 2959 1129 3011 οἳ
1160 2958 1222 3029 δὴ
1253 2959 1372 3013 τότε
1398 2960 1501 3014 ἀνά
1526 2962 1622 3033 τὴν
1641 2963 1965 3019 Σεδάστειαν

388 3045 449 3094 ἐν
489 3044 614 3114 τῇδε
663 3048 729 3116 τῇ
760 3046 1046 3118 φιλοσοφίᾳ
1072 3048 1383 3121 διέπρεπον,
1436 3055 1500 3105 ἐκ
1529 3054 1629 3124 τῆς
1666 3056 1965 3111 Εὖσταθίου

388 3133 675 3205 διατριὸἦς
706 3136 874 3203 ὅντες,
920 3138 978 3193 ὃν
1032 3141 1329 3196 ἐπίσκοπον
1370 3144 1555 3197 ἐνθάδε
1590 3147 1682 3199 καὶ
1727 3149 1969 3218 ἡγεμόνα

2070 1966 2308 2037 Cyrinus
2338 1965 2805 2020 Chalcedonensis
2832 1964 3146 2034 episcopus,
3166 1965 3254 2033 qui
3286 1979 3396 2033 pra:
3427 1964 3638 2018 ea'teris

2073 2058 2152 2111 illi
2207 2057 2552 2111 conviciatus
2596 2055 2795 2123 fuerat,
2830 2071 2942 2110 non
2989 2057 3162 2110 multo
3210 2064 3359 2121 ante,
3397 2071 3519 2109 cum
3570 2057 3639 2109 ob

2075 2150 2361 2204 fortuitum
2387 2148 2540 2218 pedis
2571 2148 2817 2203 dolorem
2850 2150 3081 2203 alterum
3119 2148 3167 2202 ei
3202 2164 3330 2201 crus
3358 2164 3384 2200 a
3413 2148 3641 2203 medicis

2073 2251 2353 2297 exsectum
2394 2242 2609 2303 fuisset,
2650 2240 2951 2295 miserabili
2996 2241 3142 2294 exitu
3181 2240 3487 2295 interierat.
3534 2241 3638 2293 Sed

2074 2344 2127 2387 et
2163 2334 2444 2398 Arsacius,
2476 2348 2599 2387 eum
2634 2331 2936 2387 Ecclesiam
2977 2333 3639 2403 ConstantinOpolitaliam

2074 2426 2225 2481 brevi
2271 2425 2531 2495 temporis
2574 2425 2753 2495 spatio
2783 2426 3247 2488 adininistrasset,
3279 2442 3342 2482 ex
3386 2427 3487 2479 liae
3521 2427 3643 2479 luce

2076 2520 2349 2589 migravit.
2395 2520 2565 2587 Cujus
2614 2518 3026 2573 successionem
3079 2534 3205 2572 cum
3259 2519 3414 2571 multi
3458 2529 3644 2572 essent

2073 2615 2165 2681 qui
2200 2611 2511 2675 ambirent,
2553 2617 2750 2679 quarto
2801 2618 2927 2680 post
2980 2611 3191 2664 obitum
3254 2611 3400 2665 illius
3456 2626 3645 2665 mense

2073 2702 2357 2756 ordinatus
2387 2708 2469 2755 est
2499 2700 2731 2761 Atticus,
2762 2715 2828 2753 ex
2860 2700 3186 2771 presbytero
3211 2700 3643 2755 eleriConslan-

2075 2792 2450 2860 tinopolitani,
2478 2792 2567 2860 qui
2604 2806 2749 2845 unus
2782 2790 2961 2844 fuerat
2994 2807 3058 2845 ex
3090 2789 3648 2846 Joannisinsidiato—

2076 2881 2252 2935 ribus.
2302 2879 2440 2933 IIuie
2473 2879 2647 2949 patria
2695 2878 2798 2933 fuit
2846 2879 3117 2942 Sebastia,
3169 2882 3303 2934 urbs
3352 2881 3643 2934 Armenize.

2073 2969 2342 3025 Cancrum
2383 2970 2451 3024 ab
2490 2970 2711 3024 ineunte
2753 2978 2913 3025 mtate
2962 2971 3016 3023 in
3061 2972 3366 3025 monastiea
3406 2971 3647 3039 philoso-

2078 3063 2204 3133 phia
2244 3064 2530 3118 institutus
2572 3062 2679 3116 l‘uit
2707 3076 2735 3115 a
2768 3062 3054 3116 monachis
3083 3061 3515 3126 Macednuiauis,
3554 3066 3644 3133 qui

2076 3168 2205 3209 tunc
2232 3155 2495 3225 temporis
2527 3154 2582 3207 in
2624 3154 2787 3222 huius
2821 3154 3103 3223 sapientia:
3143 3154 3329 3209 studio
3370 3156 3511 3223 apud
3550 3156 3641 3211 Se-

390 3225 627 3294 ἀρίστων
655 3229 901 3299 μοναχῶν
923 3231 1173 3299 γενέσθαι
1200 3236 1257 3286 ἐν
1287 3238 1397 3299 τοῖς
1426 3237 1657 3307 πρόσθεν
1687 3238 1964 3311 ἔγνωμεν·
1996 3257 2038 3314 c
2075 3247 2169 3301 bas

1865 3256 1964 3295 ιεν⁸
1996 3257 2038 3314 c
2075 3247 2305 3301 bastiam
2346 3244 2638 3308 ﬂorebant,
2671 3260 2738 3299 ex
2770 3246 2969 3301 schola.
3010 3246 3287 3300 Eustatbii
3340 3250 3644 3317 progressi,

391 3316 493 3383 ἥδη
522 3315 578 3370 δέ
605 3320 683 3380 εἰς
712 3319 912 3390 ἄνδρας
944 3322 1131 3388 τελῶν,
1170 3326 1306 3395 πρὸς
1334 3328 1434 3397 τὴν
1464 3330 1693 3383 καθόλου
1745 3333 1970 3403 Ἐκκλη-

392 3406 515 3459 σίαν
544 3409 827 3477 μετέθετο·
881 3413 1039 3479 φύσει
1082 3414 1139 3466 δὲ
1184 3417 1401 3485 μᾶλλον,
1448 3419 1747 3491 ἢμαθήσει
1780 3424 1967 3494 φρόνι-

395 3513 495 3565 μος
516 3497 611 3561 ὢν,
630 3499 845 3567 ἐγένετο
864 3502 972 3555 τῶν
992 3510 1275 3573 πρακτέων
1297 3508 1578 3578 ἐπήϐολος,
1594 3512 1970 3568 ἐπιϐουλεῦσαί
2003 3529 2017 3545 ⁶

390 3604 474 3653 τε,
503 3591 594 3641 καὶ
620 3593 753 3660 πρὸς
785 3594 1072 3657 ἐπιϐουλὰς
1106 3597 1377 3667 ἀντισχεῖν
1412 3602 1593 3666 ἱκανός
1622 3619 1635 3634 ⁸
1664 3606 1726 3657 τὸ
1752 3606 1808 3658 δὲ
1837 3602 1969 3676 ἦθος

391 3680 699 3750 ἐπαγωγὸς,
747 3684 821 3747 ὼς
864 3685 1075 3750 πολλοῖς
1104 3692 1495 3760 κεχαρισμένος
1534 3690 1670 3747 εἶναι
1694 3713 1707 3725 ·
1748 3696 1966 3768 μέτριος

391 3773 451 3825 δὲ
492 3774 627 3845 πρὸς
665 3778 789 3840 τοὺς
831 3778 917 3830 ἐπ’
977 3780 1271 3851 ἐκκλησίας
1302 3784 1522 3851 λόγους,
1570 3787 1645 3850 ὡς
1673 3792 1808 3859 μήτε
1834 3807 1969 3861 γρα-

393 3866 499 3934 φῆς
526 3866 705 3930 ἀξίους
737 3870 1048 3939 νομίζεσθαι
1081 3876 1191 3936 τοῖς
1214 3876 1527 3945 ἀκροαταῖς,
1556 3881 1692 3951 μήτε
1724 3882 1967 3946 παιδείας

392 3957 672 4021 παντελῶς
698 3961 977 4033 ἀμοίρους.
1010 3962 1281 4033 Ἐμμελὴς
1307 3968 1410 4037 γὰρ
1436 3967 1509 4020 ῶν
1537 3971 1634 4039 (ὗ),
1672 3972 1724 4024 εί
1747 3990 1820 4043 πη
1847 3990 1966 4027 και-

395 4051 489 4119 ρὸν
522 4046 655 4121 ἦγε,
698 4056 821 4116 τοὺς
864 4056 995 4127 παρ’
1022 4056 1278 4127 Ἕλλησιν
1322 4060 1787 4131 εὐδοκιμωτάτους
1835 4082 1966 4132 συγ-

391 4144 635 4213 γραφέας
667 4147 906 4215 ὴσκεῖτο.
953 4150 1060 4203 Καὶ
1094 4151 1169 4220 τῷ
1198 4152 1374 4204 δοκεῖν
1411 4153 1621 4227 ἰδιώτης
1648 4154 1805 4221 εἶναι,
1840 4160 1966 4229 περὶ

391 4232 595 4286 τούτων
615 4235 1009 4309 διαλεγόμενος,
1030 4242 1122 4295 καὶ
1152 4242 1277 4306 τοὺς
1308 4246 1678 4317 ἐπιστήμονας
1707 4249 1963 4314 πολλάκις

392 4322 703 4382 ἐλάνθανεν.
774 4317 1018 4399 Ἐλέγεῖιο
1070 4332 1125 4386 δὲ
1188 4334 1322 4405 πρὸς
1368 4337 1465 4405 μὲν
1516 4340 1640 4403 τοὺς
1683 4324 1988 4411 ὁμοδόξους.

467 4467 482 4497 ¹
514 4467 696 4535 Socr.,
731 4471 825 4525 lib.
858 4488 932 4540 Vl,
966 4490 1017 4529 c.
1054 4475 1137 4538 l9,
1166 4474 1253 4530 20.

2072 3352 2234 3407 quem
2266 3336 2584 3407 episcopum
2629 3336 2793 3391 simul
2820 3346 2873 3390 et
2914 3338 3499 3405 praestantissimorum
3528 3355 3647 3392 mo-

2071 3431 2372 3485 naeborum
2442 3440 2652 3501 patrem
2709 3431 2820 3485 illic
2879 3430 3053 3486 fuisse
3108 3448 3273 3501 supra
3329 3434 3644 3489 retulimus.

2071 3521 2262 3576 Postea
2295 3538 2425 3577 vero
2461 3523 2571 3591 jam
2616 3524 2834 3578 virilem
2866 3527 3148 3594 ingressus
3179 3534 3418 3589 :ctatem,
3453 3525 3519 3579 ad
3555 3542 3649 3581 ca—

2072 3614 2329 3668 tholicam
2364 3615 2665 3669 Eeelesiam
2703 3630 2775 3670 se
2797 3618 3100 3670 transtulit.
3136 3616 3311 3672 Porro
3343 3634 3466 3672 cum
3500 3624 3649 3673 esset

2077 3712 2267 3757 natura
2323 3705 2499 3775 magis
2547 3720 2711 3774 quam
2758 3704 3049 3775 disciplina
3091 3708 3351 3777 prudens,
3386 3706 3441 3759 in
3482 3708 3648 3761 rebus

2074 3796 2298 3864 agendis
2347 3812 2575 3851 summa:
2606 3797 2711 3851 fuit
2743 3797 3091 3854 dexteritatis
3119 3841 3131 3864 ,
3164 3810 3215 3853 et
3242 3797 3307 3851 ad
3349 3797 3647 3851 struendas

2072 3894 2237 3955 atque
2287 3887 2571 3941 evitandas
2632 3888 2861 3943 insidias
2916 3890 3335 3944 solertissimus.
3402 3888 3645 3943 Moribus

2075 3988 2255 4034 autem
2296 3981 2540 4036 blandus
2574 3981 2698 4046 fuit,
2732 3982 2803 4036 ita
2833 3992 2889 4037 ut
2938 3985 3218 4055 pIerisque
3246 3994 3438 4055 gratus
3478 3994 3642 4040 esset.

2073 4073 2131 4127 In
2172 4073 2535 4128 conciouibus
2568 4089 2697 4127 vero
2732 4077 3125 4132 ecclesiasticis
3156 4078 3469 4143 mediocris,
3511 4078 3647 4133 adeo

2074 4177 2130 4222 ut
2177 4181 2462 4222 sermones
2503 4168 2672 4231 illius,
2707 4184 2808 4224 nec
2848 4172 2996 4241 digni
3048 4172 3141 4241 qui
3176 4172 3645 4236 exscriberentur,

2070 4272 2169 4312 nec
2224 4272 2455 4328 prorsus
2504 4258 2830 4315 eruditionis
2868 4272 3120 4331 expertes
3172 4262 3518 4319 auditoribus
3568 4265 3645 4317 γί-

2071 4346 2355 4402 derentur.
2394 4347 2524 4403 Nam
2553 4364 2677 4404 eum
2726 4350 3010 4407 studiosus
3059 4363 3200 4409 esset
3246 4353 3553 4424 elegantiae,
3600 4353 3645 4408 si

1591 4592 1853 4648 VALESII
1894 4595 2449 4653 ANNOTATIONES.

466 4676 543 4748 (2)
564 4679 1590 4766 έῃμητρίου,ιιίυριακοῦ,Εὺλυσιόυ
1619 4689 1965 4766 καίηανζλα-
1997 4695 2039 4749 Ι)
2068 4694 2245 4761 episce

1864 4694 1965 4766 λα·
1997 4695 2039 4749 Ι)
2068 4694 2309 4762 episcopi
2347 4695 2416 4749 ab
2439 4695 2760 4766 Innocentio
2796 4711 2932 4766 papa
2968 4705 3155 4766 postea
3205 4698 3357 4753 missi
3396 4709 3527 4754 sunt
3574 4702 3640 4753 ad

395 4748 550 4825 βίον.
580 4748 781 4825 Horum
811 4748 1046 4825 quatuor
1070 4757 1453 4825 episcoporum
1474 4760 1680 4811 mentio
1696 4758 1753 4811 Iit
1783 4775 1809 4810 a
1844 4759 1964 4814 I’al-

394 4819 541 4895 ladio
600 4821 653 4873 in
700 4820 922 4895 Dialogo
952 4824 1014 4878 de
1047 4819 1152 4879 vita
1185 4819 1571 4895 Clirysostomi',
1609 4836 1662 4883 et
1692 4845 1720 4881 a
1752 4828 1963 4885 Joanne

391 4891 677 4963 Clirysost.
702 4891 755 4944 in
779 4891 1007 4963 epistola
1024 4895 1227 4951 “813x
1254 4891 1318 4952 iis
1341 4898 1642 4952 Demetrius
1663 4898 1962 4955 Pessinun-

392 4962 465 5015 tis
497 4961 791 5033 episcopus
814 4961 827 5029 ,
854 4966 1029 5033 primo
1060 4967 1315 5022 aJoanne
1343 4972 1544 5022 missus
1576 4969 1754 5022 fuerat
1780 4970 1845 5023 ad
1875 4972 1961 5025 ln-

393 5032 731 5108 poeentium,
760 5046 818 5087 ut
841 5032 963 5108 ipse
1005 5044 1238 5093 testatur
1271 5039 1323 5091 in
1353 5040 1581 5108 epistola
1618 5040 1685 5092 ad
1709 5040 1958 5095 eumdem

393 5099 789 5155 Innocentium.
840 5104 1035 5161 Postea
1097 5125 1223 5162 vero
1279 5099 1471 5162 iterum
1530 5108 1755 5163 Romam
1808 5113 1960 5166 venit

394 5183 681 5251 peragrato
726 5174 978 5251 oriente,
1031 5186 1089 5251 ut
1137 5180 1329 5234 scribit
1369 5180 1664 5233 Palladius.
1703 5180 1958 5251 Eulysius

394 5244 667 5317 Apamete
699 5246 991 5317 episcopus
1030 5248 1152 5312 fuit,
1212 5251 1485 5303 Palladius
1536 5266 1663 5304 vero
1724 5244 1960 5305 IIeIeno-

393 5314 598 5381 poleos.
631 5314 906 5392 Cyriacus:
939 5329 1117 5392 autem
1150 5322 1309 5388 cuius
1342 5322 1491 5377 urbis
1528 5320 1693 5376 fuerit
1742 5324 1955 5392 episco-

395 5400 534 5460 pus,
594 5386 993 5460 mihiquidem
1055 5386 1444 5460 incompertum
1500 5402 1603 5447 est.
1670 5386 1955 5450 Ειιιῖεειιιιε

392 5455 682 5535 episcopus
710 5457 813 5511 dici
850 5459 1068 5535 videtur
1117 5477 1145 5514 a
1201 5455 1442 5535 Palladio
1478 5467 1528 5517 in
1570 5466 1672 5517 line
1722 5462 1951 5535 Dialogi,

396 5526 484 5578 tibi
516 5530 627 5594 agit
653 5528 719 5583 de
748 5530 953 5586 exsiliis
982 5534 1384 5602 episcoporum.
1421 5534 1588 5591 Porro
1628 5536 1678 5588 bi
1717 5526 1955 5605 quatuor

2068 4766 2362 4840 Arcadium
2435 4764 2839 4840 iI_nperatoreni_
2872 4764 2990 4820 una
3044 4785 3167 4840 etim
3228 4770 3645 4840 aliisquinque

2067 4835 2341 4908 episcopis
2369 4841 2422 4889 et
2448 4835 2666 4908 duobus
2698 4838 3033 4908 presbyteris
3070 4839 3327 4893 Ecclesia:
3361 4835 3638 4904 Ilomana-,

2064 4913 2124 4955 ut
2178 4906 2375 4976 legitur
2421 4906 2569 4975 apud
2636 4906 2934 4971 Palladium
3002 4918 3056 4964 et
3117 4910 3487 4965 Snzomenum
3545 4929 3642 4966 no-

2064 4984 2263 5029 struin.

2134 5047 2211 5115 (5)
2265 5046 2562 5119 ξΕμμελὴς
2598 5046 2708 5119 γξιρ
2742 5044 2843 5099 ὥν.
2892 5048 3043 5119 Apud
3082 5048 3442 5119 Nicephorum
3497 5052 3639 5106 seri.

2058 5114 2205 5193 bitur
2262 5116 2548 5193 ἐπιμελής.
2608 5114 2881 5193 Caeterum
2941 5114 3251 5183 Palladius,
3301 5122 3354 5193 in
3415 5120 3640 5193 Dialogo

2056 5184 2119 5238 de
2150 5188 2254 5240 vita
2283 5184 2682 5256 Cltrysouomi,
2749 5188 2986 5241 Atticum
3022 5205 3247 5257 prorsus
3321 5184 3637 5257 imperituin

2055 5258 2225 5310 fuisse
2276 5258 2467 5310 scribit
2502 5272 2783 5311 sacrarum
2833 5257 3183 5318 Litterarum.
3239 5260 3344 5315 Sed
3399 5261 3639 5317 fortasse

2060 5325 2313 5401 Palladio
2351 5327 2773 5401 haudquaquam
2812 5329 3061 5401 habenda
3095 5340 3178 5384 est
3232 5331 3394 5398 ﬁdes;
3434 5333 3635 5401 quippe

2058 5400 2159 5527 api
2210 5400 2447 5479 Atticum
2488 5399 2707 5463 oderat,
2759 5408 2945 5469 utpote
2986 5400 3364 5456 adversarium
3406 5399 3636 5458 Joannis

2086 5471 2096 5483 ‘
2122 5478 2459 5527 ινγευειοιιιι.

2086 5469 2459 5541 lbrysostomi.

1831 5654 2207 5711 VARIORUM.

469 5737 486 5774 ⁸
555 5736 791 5813 Τᾶ-γὰρ
822 5741 1022 5807 καλῶς
1070 5746 1424 5813 πραχθέντα.
1491 5745 1567 5798 Ad
1622 5748 1733 5800 lucc
1790 5747 1955 5801 verba

395 5810 602 5862 notavit
643 5809 840 5866 Petrus
890 5814 956 5865 de
1008 5809 1225 5877 Marea,
1260 5816 1649 5870 servamlorum
1687 5834 1955 5871 canomim

393 5879 633 5934 studium
666 5897 728 5936 eo
762 5881 1036 5938 Ilomanos
1094 5886 1401 5955 impulisse,
1466 5897 1519 5941 ut
1583 5889 1754 5943 satius
1790 5890 1957 5945 duae-

2066 5746 2169 5818 rint
2213 5746 2263 5798 in
2301 5745 2483 5813 Specie
2520 5747 2797 5813 proposita
2847 5747 3167 5801 seissiouem
3216 5746 3471 5803 Ecclesia:
3512 5763 3633 5818 per-

2068 5817 2195 5883 peti.
2234 5832 2394 5885 quam
2434 5820 2728 5869 connivere
2758 5828 2811 5869 ut
2848 5820 3153 5872 eaumnbus
3194 5829 3379 5886 aperta
3426 5817 3519 5873 vis
3547 5819 3632 5873 in-

2068 5890 2318 5943 ferretur.
2361 5887 2431 5940 Uc
2468 5888 2770 5951 concordia,
2808 5901 2943 5958 part.
2982 5907 3015 5953 I,
3047 5906 3165 5960 pag.
3206 5891 3321 5943 IIS.
