4504 6576
368 464 503 519 1593

1425 471 1748 528 HISTORIA
1787 472 2345 533 ECCLESIASTICA.
2381 510 2449 519 —
2489 479 2615 536 LIB.
2651 483 2741 537 ΙΧ.

3471 486 3603 540 159‘

378 637 3589 684 Mm

1061 806 1791 942 ΕΡΜΕΙΟΥ
1893 810 2927 948 ΣΩΖΟΜΕΝΟΥ
3006 937 3013 947 .

1762 1036 2198 1095 ΣΔΛΔΜΙΝΙΟΥ

741 1198 2322 1325 ΕΚΚΑΗΣΙΑΣΤΙΚΗΣ
2431 1211 3224 1331 ΙΣΤΟΡΙΑΣ

1707 1431 2088 1518 ΤΟΜΟΣ
2162 1425 2285 1521 Θ’.

1189 1789 1855 1916 HERMle
1971 1790 2764 1919 SOZOMENI

1807 2023 2159 2080 SALAMINII

839 2195 2199 2317 ECCLESIASTICZE
2284 2202 3137 2322 HISTORIA;
3238 2264 3273 2284 υ

1639 2438 1993 2531 LIBER
2096 2441 2265 2531 IX.

964 2780 1215 2835 ΚΕΦΔΛ.
1255 2784 1335 2835 A'.

356 2873 497 2939 Περὶ
521 2872 631 2942 τῆς
672 2874 972 2943 Ἆρκαδίου
1003 2872 1305 2941 τελευτῆς,
1336 2873 1432 2929 καί
1473 2874 1580 2927 τοῦ
1606 2875 1761 2929 Νέου
1793 2878 1930 2929 Θεο-
1966 2837 1980 2848 ἢ

426 2944 640 3025 δοᾳίου
672 2944 909 3025 ᾀρζῆςη
935 2946 1035 3025 καί
1066 2944 1349 3025 ςτερὶτῶγ
1388 2944 1666 3025 daal-55W
1703 2947 1887 3025 αὑτοῦ
1913 2964 1927 2977 ·

427 3015 527 3067 καὶ
558 3013 823 3083 περὶτῆς
852 3016 1180 3083 εὐσεϐείας,
1228 3016 1326 3066 καί
1370 3013 1585 3083 ἀρετῆς
1641 3016 1739 3070 καὶ
1784 3031 1931 3082 παρ-

429 3084 630 3150 θενίας
656 3086 1023 3152 Πουλχερίας
1043 3082 1149 3150 τῆς
1168 3084 1512 3150 βασιλίδος,
1534 3086 1629 3138 καί
1658 3086 1787 3151 περὶ
1819 3086 1934 3139 τῶν

429 3154 721 3222 θεοφιλῶν
748 3157 970 3220 ταύτης
1003 3155 1209 3224 ἔργων,
1258 3156 1357 3208 καί
1394 3157 1475 3221 ὠς
1520 3156 1626 3209 τὸν
1667 3156 1935 3220 βασιλέα

427 3225 770 3291 πρεπόντως
807 3224 924 3292 άνῆ
931 3242 1014 3292 γε.

424 3316 508 3369 Τὰ
544 3316 642 3387 μὲν
668 3316 730 3387 δὴ
762 3315 901 3369 κατὰ
930 3314 1183 3387 Ἰωάννην
1224 3309 1325 3369 ὧδε
1356 3315 1499 3386 ἔσχε.
1531 3318 1665 3371 Μετ’
1698 3317 1758 3370 οὐ
1800 3319 1932 3371 πολὺ

354 3408 413 3462 δὲ.
445 3406 545 3477 τῆς
583 3407 772 3459 τούτου
815 3406 1101 3476 τελευτῆς,
1151 3407 1330 3478 τρίτον
1378 3408 1495 3471 ἔτος
1538 3409 1638 3478 ἥδη
1688 3409 1933 3463 Ἀττικοῦ

356 3499 659 3561 διανύοντος
684 3498 781 3569 τὴν
810 3498 1427 3562 Κωνσταντινουπόλεως
1456 3500 1777 3571 ἐπισκοπὴν,
1805 3502 1937 3554 Bac-

360 3608 453 3644 σου
501 3592 595 3643 καὶ
640 3591 907 3643 Φιλίππου
954 3590 1361 3656 ὑπατευόντων,
1408 3590 1634 3663 τελευτᾷ
1687 3594 1778 3645 τὸν
1824 3593 1937 3663 βίον

374 3684 685 3754 Ἀρκάδιος,
732 3683 971 3752 διάδοχον
1024 3686 1122 3753 τῆς
1179 3683 1471 3753 ἡγεμονίας
1520 3682 1796 3736 Θεοδόσιον
1845 3683 1936 3736 τὸν

361 3778 481 3828 υἱέα
525 3776 855 3842 καταλιπὼν,
900 3774 1099 3845 ἀρτίως
1122 3775 1355 3843 γάλακτι
1402 3773 1695 3844 τρέφεσθαι
1726 3792 1935 3828 πεπαυ-

364 3870 557 3939 μένον’
602 3867 899 3938 Θυγατέρας
932 3867 1006 3931 δὲ,
1043 3867 1372 3937 Πουλχερίαν
1404 3869 1497 3920 καὶ
1530 3867 1816 3938 Ἀρκαδίαν
1845 3870 1938 3921 καὶ

360 3960 629 4030 Μαρίναν,
658 3959 737 4011 ἔτι
768 3958 959 4028 κομιδῇ
991 3958 1133 4021 νέας.
1185 3954 1263 4028 ⁷ῌ
1297 3976 1384 4028 μοι
1411 3959 1558 4011 δοκεῖ
1586 3959 1817 4028 μάλιστα
1848 3960 1936 4011 τὸν

360 4053 501 4125 Θεὸν
525 4051 807 4115 ἐπιδεῖξαι,
856 4050 1022 4120 μόνην
1062 4050 1342 4103 εὐσέϐειαν
1370 4052 1557 4122 ἀρκεῖν
1588 4050 1721 4121 πρὸς
1764 4068 1937 4121 σωτη-

2601 2787 2765 2859 334
2810 2788 2963 2843 car.
3003 2786 3044 2843 l.

2036 2879 2113 2933 De
2138 2889 2301 2933 morte
2330 2882 2570 2943 Arcadii,
2605 2894 2655 2934 et
2681 2882 2743 2933 de
2774 2882 2993 2949 imperio
3026 2880 3305 2935 Theodosii
3339 2880 3605 2946 Junioris,

2103 2966 2165 3002 ac
2191 2950 2255 3003 de
2287 2956 2556 3005 sororibus
2593 2953 2847 3019 ejusdem.
2883 2949 3020 3005 Item
3050 2950 3113 3005 de
3145 2954 3339 3019 pietate
3364 2992 3377 3015 ,
3416 2953 3609 3005 virtute

2104 3037 2167 3073 ac
2188 3022 2484 3090 virginitate
2513 3023 2811 3076 Pulclteria:
2841 3024 3134 3091 Augustin;
3168 3034 3214 3075 et
3254 3024 3315 3075 de
3350 3023 3608 3090 religiosis

2105 3093 2311 3143 actibus
2337 3093 2484 3147 illius
2513 3110 2529 3146 :
2565 3105 2616 3147 et
2647 3110 2805 3163 quam
2833 3090 2968 3147 recte
2994 3090 3347 3146 Theodosium
3381 3095 3609 3160 impera-

2099 3172 2262 3215 torem
2287 3163 2607 3218 educaverit.

2106 3313 2213 3369 Res
2236 3316 2462 3386 quidem
2508 3315 2739 3371 Joannis
2782 3316 3099 3384 huiusmodi
3128 3316 3299 3371 fuere.
3335 3316 3607 3369 Caeterum

2036 3405 2179 3458 haud
2210 3407 2277 3459 ita
2310 3406 2403 3460 diu
2432 3415 2556 3476 post
2584 3408 2705 3476 ejus
2733 3418 2987 3469 mortem,
3017 3422 3139 3461 cum
3164 3409 3378 3463 Atticus
3405 3423 3608 3461 annum

2037 3498 2259 3549 tertium
2296 3507 2482 3567 ageret
2518 3496 2572 3550 in
2605 3498 2923 3566 episcopatu
2956 3497 3574 3567 ConstantinOpolitano
3595 3538 3609 3559 .

2039 3589 2208 3643 Basso
2225 3588 2544 3660 etPhilippo
2559 3591 2905 3653 consulibus,
2924 3592 3199 3645 Arcadius
3218 3590 3376 3644 ﬁnem
3396 3590 3611 3644 vivendi

2039 3681 2187 3747 fecit,
2212 3697 2536 3737 successore
2564 3682 2775 3751 imperii
2807 3684 2999 3737 relicto
3022 3682 3333 3737 Theodosio
3365 3680 3498 3746 lilio,
3519 3682 3611 3749 qui

2038 3781 2154 3825 tum
2196 3788 2388 3827 recens
2420 3781 2539 3826 erat
2566 3774 2905 3840 ablactatus;
2942 3774 3157 3828 ﬁliabus
3184 3781 3360 3828 autem
3380 3771 3614 3827 Pulche-

2039 3865 2377 3927 ria,Arcadia
2394 3874 2447 3920 et
2468 3865 2672 3919 Marina
2690 3867 2915 3930 relictis,
2934 3867 3113 3920 adhuc
3126 3865 3555 3928 adolescentulis
3572 3866 3611 3916 '.

2038 3955 2155 4023 Qua
2186 3958 2405 4026 quidem
2438 3974 2494 4013 re
2515 3960 2593 4012 vel
2636 3960 2873 4013 maxime
2894 3960 3203 4015 declarasse
3232 3960 3366 4013 mihi
3398 3957 3615 4011 videtur

2042 4049 2220 4115 Deus,
2254 4051 2425 4104 solam
2478 4052 2733 4120 pietatem
2784 4052 3214 4120 imperatoribus
3261 4052 3327 4105 ad
3374 4049 3612 4104 salutem

366 4144 487 4211 ρίαν
518 4144 629 4204 τοῖς
662 4140 1026 4211 βασιλεύουσιν
1054 4157 1067 4171 ·
1111 4141 1237 4194 ἄνευ
1268 4142 1321 4194 δὲ
1346 4142 1569 4212 ταύτης,
1601 4142 1763 4212 μηδὲν
1800 4136 1938 4195 εἶναι
1972 4131 2011 4189 Β
2042 4140 2145 4194 suli

1832 4136 1938 4195 ῐναι
1972 4131 2011 4189 Β
2042 4140 2289 4194 sullicere
2321 4158 2333 4194 :
2380 4142 2499 4195 sine
2544 4143 2634 4195 illa
2675 4157 2802 4197 vero
2831 4158 2930 4197 nec
2976 4143 3279 4206 exercitus,
3304 4157 3404 4195 nec
3439 4142 3611 4211 impe-

364 4235 747 4307 στρατεύματα
774 4234 866 4287 καὶ
892 4234 1152 4303 βασιλέως
1188 4234 1337 4302 ἰσχὺν
1366 4236 1463 4302 (5),
1508 4236 1602 4287 καὶ
1643 4235 1740 4304 τὴν
1771 4234 1935 4303 ἄλλην

363 4326 738 4395 παρασκευήν.
802 4324 956 4375 Ἐπεὶ
996 4319 1089 4375 οὖν
1140 4322 1523 4375 εὐσεόέστατον
1572 4323 1663 4375 τὸν
1716 4323 1937 4391 βασιλέα

366 4416 584 4469 ἔσεσθαι
632 4414 877 4486 προεῖδεν
928 4412 1096 4476 ἡτῶν
1144 4414 1279 4467 ὅλων
1331 4414 1577 4485 οἰκουρὸς
1616 4414 1734 4468 Θεία
1776 4415 1935 4468 δύνα-

368 4531 461 4584 μις
499 4512 595 4583 (ii),
642 4499 935 4581 ἐπίτροπον
966 4508 1128 4562 αὑτοῦ
1177 4509 1270 4561 καλ⁴
1314 4509 1412 4577 τῆς
1459 4510 1751 4579 ἡγεμονίας
1804 4527 1937 4561 κατ-

364 4609 558 4675 έστησε
584 4605 917 4676 Πουλχερίαν
943 4604 1037 4675 τὴν
1069 4603 1321 4674 ἀδελφήν.
1368 4603 1432 4655 Ἢ
1460 4604 1536 4669 δὲ,
1575 4602 1727 4656 οὔπω
1754 4620 1941 4655 πεντε-

365 4699 683 4752 καιδέκατον
714 4696 833 4760 ἔτος
866 4696 1092 4764 ἄγουσα,
1141 4696 1280 4765 ὑπὲρ
1317 4695 1416 4764 τὴν
1448 4695 1659 4766 ἡλικίαν
1699 4693 1942 4763 σοφώτα-

362 4808 454 4844 τον
483 4790 577 4842 καὶ
609 4789 748 4841 Οεῖον
789 4787 945 4840 ἔλαϐε
976 4787 1115 4839 νοῦν.
1151 4789 1259 4839 Καὶ
1303 4787 1490 4857 πρῶτα
1530 4788 1625 4856 μὲν
1651 4787 1747 4854 τὴν
1772 4788 1940 4856 αὐτῆς

363 4881 661 4951 παρθενίαν
686 4880 763 4949 τῷ
798 4879 915 4950 Θεῷ
947 4880 1198 4949 ἀνέθηκε,
1229 4881 1321 4933 καὶ
1349 4882 1445 4943 τὰς
1474 4879 1704 4945 ἀδελφὰς
1738 4880 1829 4931 ἐπὶ
1850 4879 1939 4931 τὸν

362 4973 527 5027 αὐτὸν
575 4971 985 5040 ὲπαιδαγώγησε
1035 4971 1174 5039 βίον,
1224 4973 1371 5033 ὅπως
1430 4971 1502 5041 μὴ
1560 4970 1717 5023 ἄλλον
1776 4970 1940 5041 ἄνδρα

362 5065 701 5133 ἑπεισαγάγῃ
733 5068 844 5126 τοῖς
877 5063 1183 5132 βασιλείοις,
1213 5064 1305 5116 καὶ
1334 5063 1493 5133 ζήλου
1525 5063 1619 5115 καὶ
1647 5062 1937 5133 ἐπιϐουλῆς

364 5156 546 5206 πᾶσαν
571 5152 736 5224 ἀνέλῃ
766 5154 1038 5224 ἀφορμήν.
1081 5152 1499 5207 Ἐπιόεὸαιοῦσα
1528 5153 1669 5206 δὲτὰ
1691 5153 1934 5220 δόξαντα,

365 5245 459 5296 καὶ
485 5243 616 5295 Θεὸν
645 5245 839 5307 αὑτὸν,
895 5244 985 5297 καὶ
1023 5244 1230 5313 ἱερέας,
1276 5244 1370 5296 καὶ
1416 5244 1589 5297 πάντα
1639 5244 1936 5317 ἀρχόμενον

368 5336 648 5407 μάρτυρας
692 5334 984 5407 ποιουμένη
1030 5334 1136 5387 τῶν
1181 5336 1317 5405 αὐτῇ
1366 5335 1820 5404 βεῦουλευμὲνων,
1873 5339 1935 5391 ὲκ

2040 4234 2238 4286 ratoris
2275 4233 2473 4296 robur,
2518 4251 2618 4289 nec
2646 4236 2915 4304 reliquum
2969 4243 3289 4303 apparatum
3314 4234 3611 4304 quidquam

2038 4323 2459 4393 prodessc.Nam
2479 4340 2602 4379 cum
2631 4326 2793 4393 hujus
2817 4326 3060 4381 universi
3083 4335 3272 4381 custos
3293 4325 3477 4379 divina
3496 4326 3611 4377 vir-

2042 4423 2152 4477 tus.
2179 4416 2562 4486 imperatorem
2590 4418 3069 4487 religiosissimum
3105 4417 3611 4489 fore'prznvidissel,

2040 4508 2375 4561 curatricem
2394 4508 2543 4561 illius
2568 4523 2632 4561 ac
2660 4510 2826 4562 tonus
2848 4508 3054 4578 imperii
3080 4507 3615 4562 constituitPulche-

2041 4599 2178 4653 riam
2199 4615 2465 4655 sororem.
2504 4600 2783 4666 Quzelicet
2817 4600 3060 4654 nondum
3090 4598 3407 4669 quindecim
3439 4613 3614 4652 annos

2044 4702 2170 4747 nata
2195 4734 2208 4757 ,
2245 4708 2408 4763 supra
2437 4701 2654 4748 aetatem
2687 4702 2867 4749 tamen
2893 4694 3197 4758 sapientem
3220 4705 3283 4745 ac
3318 4705 3445 4745 vere
3477 4689 3615 4743 divi-

2043 4802 2171 4840 num
2198 4802 2419 4841 sensum
2445 4788 2672 4856 accepit.
2694 4786 2769 4839 Ac
2783 4787 3018 4856 primum
3033 4784 3249 4854 quidem
3269 4797 3423 4838 suam
3440 4783 3615 4851 ipsius

2042 4878 2418 4949 virginitatem
2459 4878 2566 4932 Deo
2600 4878 2983 4941 consecravit,
3018 4884 3072 4931 et
3112 4890 3332 4931 sorores
3388 4889 3515 4928 suas
3548 4874 3613 4925 ad

2046 4968 2192 5022 idem
2251 4968 2466 5023 vivendi
2513 4985 2685 5038 genus
2731 4969 3081 5031 informavit,
3132 4983 3201 5021 nc
3248 4980 3409 5035 quem
3448 4965 3613 5016 alium

2046 5064 2219 5114 virum
2256 5062 2309 5114 in
2332 5062 2590 5129 palatium
2612 5061 3009 5125 introduceret,
3036 5069 3204 5129 utque
3245 5057 3614 5114 aemulationis

2043 5160 2096 5208 et
2128 5152 2455 5207 insidiarum
2475 5155 2821 5208 occasionem
2844 5169 3057 5207 omnem
3078 5150 3414 5207 excluderet.
3454 5148 3615 5203 Deni-

2043 5262 2149 5315 que
2191 5254 2250 5300 ut
2293 5262 2356 5301 ea
2404 5263 2525 5317 quae
2571 5247 2887 5302 decreverat
2938 5247 3172 5317 amplius
3213 5244 3609 5307 conﬁrmaret,

2044 5335 2323 5406 Deumque
2355 5351 2419 5389 ac
2449 5336 2766 5391 sacerdotes
2788 5378 2802 5403 ,
2836 5348 2887 5390 et
2919 5335 3173 5391 subditos
3203 5349 3413 5397 omnes,
3443 5341 3612 5386 testes

366 5425 570 5499 χρυσοῦ
618 5428 711 5481 καὶ
745 5427 906 5479 λίθων
939 5427 1133 5496 τιμίων
1168 5426 1466 5498 θαυμάσιόν
1497 5445 1548 5480 τι
1588 5430 1777 5498 χρῆμα
1816 5428 1940 5480 Θεα-
1965 5421 2008 5478 C
2042 5428 2145 5482 hab

1831 5421 2008 5480 lea-C
2042 5428 2267 5483 haberet
2323 5439 2569 5483 actorum
2618 5445 2890 5494 suorum,
2943 5447 3006 5484 ex
3065 5445 3201 5483 auro
3255 5437 3309 5482 et
3354 5425 3610 5497 pretiosis

440 5523 456 5554 ¹
486 5523 663 5589 Socr.,
696 5524 790 5577 lib.
815 5540 888 5583 vi.
917 5523 1073 5577 c.25.

1564 5616 1833 5673 VALESH
1872 5616 2426 5675 ANNOTATIONES.

440 5712 515 5795 (5:.
558 5711 665 5795 ῌαὶ
706 5710 1013 5775 βασιλέως
1056 5710 1257 5779 tum».
1302 5709 1437 5766 Vide
1480 5728 1609 5767 num
1638 5714 1837 5767 melius
1869 5714 1941 5767 sit

373 5782 663 5919 βαῗὲἴεὶῗῗ·
689 5850 803 5904 τῶν
839 5852 994 5904 ὅλων
1032 5850 1329 5918 ὑπουργὸς
1368 5851 1493 5903 θεία
1542 5851 1809 5920 δύναμις.
1847 5852 1939 5907 Sic

371 5924 541 5978 edidit
580 5921 848 5978 ilobcrtus
881 5924 1211 5991 Stephanus,
1256 5938 1377 5976 cum
1417 5922 1475 5976 in
1534 5923 1718 5977 codice
1768 5926 1933 5995 Hegio

2046 5727 2207 5783 quem
2257 5715 2397 5783 typis
2449 5716 2563 5769 suis
2615 5718 2915 5783 expressit.
2986 5716 3253 5782 leger-rtur
3302 5713 3603 5782 οἰκουργός.

2048 5781 2244 5837 Verum
2283 5781 2357 5836 ‘in
2408 5786 2597 5839 codice
2658 5781 2958 5839 Ftiketiano
3016 5781 3260 5853 οἰκουρὸς
3329 5781 3604 5844 scribitur,

2044 5853 2265 5977 prime.
2414 5854 2657 5921 proiecto
2718 5859 2887 5910 miror
2926 5855 3221 5909 [lubet-tuin
3271 5854 3602 5923 Stephanum

2044 5939 2055 5977 l
2125 5940 2233 5977 non
2266 5940 2313 5977 γι
2361 5940 2489 5977 isse.

2043 5939 2094 5979 IG
2125 5940 2233 5978 non
2266 5939 2489 5979 \‘lGiSSC.
