4504 6576
865 500 1004 556 1395

2269 447 2631 558 δοῑοΜΕΝί

3969 521 4110 576 1596

864 612 1140 684 lapidibus
1167 614 1492 673 admirabile
1527 619 1800 688 quoddam
1841 619 2122 674 donarium
2147 661 2162 686 ,
2194 633 2414 690 operum
2444 621 2497 676 Α
2527 596 2640 705 Pd}

2329 633 2414 672 um
2444 621 2497 676 Α
2527 596 2709 705 et???
2749 623 3064 696 κάλλιστον,
3099 631 3237 702 ὑπὲρ
3262 631 3358 704 τῆς
3389 632 3523 696 ιδίας
3551 632 3845 705 παρθενίας
3876 635 3966 687 και
4006 635 4108 704 τῆς

863 719 986 772 qua:
1053 715 1373 776 spectantur
1439 709 1598 780 longe
1661 709 2091 780 pulcherrimum
2126 751 2140 777 ,
2204 724 2418 766 sacram
2520 697 2619 762 τοῦ

2324 724 2418 763 'am
2520 697 2619 762 τοῦ
2648 699 2886 787 ἀδελφοῦ
2919 697 3228 791 ἡγεμονίας,
3285 697 3436 794 ιέράν
3482 697 3700 778 ἀνέθετο
3733 725 4007 796 τράπεζαν
4044 697 4103 776 ἐν

863 796 1023 867 365
1059 813 1300 854 mensam
1336 800 1388 854 in
1418 803 1654 857 ecclesia
1680 803 2294 875 Constantinopolitana
2325 819 2424 875 pro
2523 804 2595 875 τῇ

2325 819 2424 875 pro
2523 804 2595 875 τῇ
2664 801 2940 881 ἐκκλησίᾳ
2995 812 3650 876 Κωνσταντινουπόλεωςο
3710 816 3804 867 καὶ
3856 815 3950 868 ἐπὶ
4004 813 4101 867 τοῦ

866 887 1184 956 virginitate
1230 904 1331 945 sua
1383 898 1436 945 et
1475 907 1577 960 pro
1615 891 1802 948 fratris
1842 894 2076 963 imperio
2125 894 2424 951 dedicavit.

865 973 931 1028 Et
971 977 1026 1031 in
1072 977 1251 1034 fronte
1289 979 1467 1050 ipsius
1507 997 1731 1046 mensae,
1781 992 1840 1037 ut
1880 986 2098 1040 cunctis
2131 986 2428 1055 conspicua

862 1075 1070 1132 essent,
1104 1067 1216 1125 hac
1248 1071 1436 1126 eadem
1468 1070 1763 1143 inscripsit.
1791 1073 2089 1144 Postquam
2121 1092 2250 1131 vero
2280 1077 2428 1147 prin-

862 1155 1078 1225 cipatus
1111 1171 1299 1212 curam
1340 1161 1584 1230 suscepit
1609 1199 1624 1225 ,
1665 1162 1851 1218 orbem
1885 1163 2194 1219 Romanum
2224 1167 2430 1236 optime

861 1261 924 1300 ac
984 1247 1371 1305 decentissime
1417 1252 1790 1321 gubernavit:
1847 1255 2053 1326 quippe
2105 1272 2228 1326 quae
2283 1266 2430 1323 recte

861 1339 1205 1404 consuleret,
1259 1349 1315 1396 et
1351 1343 1602 1399 consulta
1642 1345 1896 1401 celeriter
1941 1357 2336 1418 exsequeretur
2366 1365 2429 1405 ac

862 1429 1145 1486 scriberet.
1172 1431 1304 1487 Nam
1326 1443 1380 1490 et
1413 1435 1559 1505 loqui
1591 1445 1644 1492 et
1673 1439 1922 1493 scribere
1947 1440 2228 1510 eleganter
2261 1441 2430 1496 calle-

860 1519 951 1573 bat
977 1561 991 1581 ,
1037 1531 1146 1576 tam
1192 1520 1382 1579 Greco
1421 1541 1581 1596 quam
1628 1526 1824 1582 Latino
1862 1544 2134 1585 sermone.
2171 1529 2427 1586 Omnium

859 1625 989 1665 vero
1011 1628 1131 1683 qua:
1153 1616 1507 1684 gerebantur,
1543 1617 1759 1672 laudent
1783 1618 1851 1674 ad
1877 1618 2104 1678 fratrem
2133 1620 2426 1678 referebat.

862 1699 1142 1774 Dabatque
1165 1720 1385 1775 operam
1431 1715 1489 1761 ut
1535 1708 1846 1778 disciplinis
1893 1710 1960 1765 ad
1993 1713 2172 1768 aetatis
2206 1721 2426 1782 captum

860 1793 1309 1856 accommodatis,
1326 1795 1604 1864 regaliter,
1627 1805 1889 1864 quantum
1920 1798 2036 1853 ﬁeri
2063 1807 2266 1868 posset,
2289 1800 2427 1854 edu-

857 1887 1099 1935 caretur.
1161 1883 1226 1936 Et
1261 1891 1435 1938 artem
1493 1885 1716 1954 quidem
1776 1886 2108 1956 equitandi,
2147 1902 2424 1943 armorum

855 1987 1076 2042 quoque
1125 1989 1188 2029 ac
1238 1975 1547 2031 litterarum
1600 1979 1923 2046 scientiam,
1984 1981 2054 2034 ab
2106 1980 2424 2051 hujusmodi
2459 1960 2498 2018 Β

855 2079 1037 2117 rerum
1083 2065 1274 2134 peritis
1322 2067 1608 2139 discebat._
1641 2068 1710 2124 Ut
1761 2087 1891 2124 vero
1950 2071 2004 2125 in
2065 2064 2426 2142 processibus

854 2155 1095 2223 graviter
1127 2170 1192 2210 ac
1233 2173 1331 2225 pro
1367 2159 1716 2228 imperatoria
1758 2159 2042 2232 majestate
2074 2179 2133 2218 se
2160 2174 2378 2233 gereret
2408 2203 2425 2228 ,

853 2259 884 2298 a
915 2259 1101 2300 sorore
1135 2246 1527 2304 instituebatur
1570 2265 1585 2302 :
1631 2253 1914 2320 quomodo
1954 2261 2158 2309 vestem
2209 2264 2427 2325 gestare

854 2334 1078 2390 deberet
1110 2355 1122 2390 :
1158 2339 1434 2406 quomodo
1473 2339 1794 2404 sedendum,
1822 2351 1877 2396 et
1905 2345 2144 2413 qualiter
2167 2346 2427 2400 inceden-

853 2426 982 2481 dum
1013 2441 1195 2484 esset:
1236 2430 1510 2500 quomodo
1543 2432 1720 2486 risum
1739 2433 2048 2500 continere,
2085 2443 2139 2489 et
2169 2451 2272 2506 pro
2305 2437 2428 2492 loco

853 2535 918 2575 ac
968 2530 1212 2592 tempore
1261 2537 1409 2578 nunc
1455 2523 1648 2588 mitis,
1699 2539 1847 2579 nunc
1891 2524 2258 2582 formidabilis
2304 2544 2428 2585 esse

851 2614 1073 2669 deberet
1099 2656 1114 2681 ,
1154 2625 1208 2670 et
1239 2631 1334 2671 eos
1379 2617 1473 2687 qui
1519 2618 1588 2672 ab
1632 2619 1752 2688 ipso
1783 2619 1988 2688 aliquid
2017 2630 2296 2691 peterent,
2331 2624 2428 2678 de-

851 2713 1043 2758 center
1097 2704 1310 2760 audire.
1362 2705 1469 2761 Sed
1522 2710 1798 2779 praecipue
1861 2726 1987 2764 eum
2020 2710 2113 2764 .ad
2169 2713 2426 2782 pietatem

851 2796 1210 2858 informabat,
1245 2798 1622 2856 assuefaeiens
1663 2801 1816 2855 illum
1853 2810 1912 2856 ut
1947 2803 2173 2858 assidue
2205 2813 2427 2868 oraret,

849 2896 905 2943 et
933 2889 1200 2944 ecclesias
1243 2892 1418 2945 adiret
1459 2930 1473 2956 ,
1540 2907 1748 2963 easque
1787 2892 2036 2949 donariis
2075 2909 2138 2949 ac
2172 2896 2428 2967 pretiosis

849 2982 1170 3038 muneribus
1223 2993 1498 3038 ornaret:
1568 2991 1627 3037 ut
1689 2984 2004 3041 sacerdotes
2041 3027 2056 3052 ,
2126 3002 2428 3058 omnesque

849 3072 1000 3128 viros
1046 3073 1255 3138 bonos,
1309 3082 1364 3128 et
1408 3089 1504 3130 eos
1551 3075 1644 3145 qui
1710 3076 2154 3132 Christianorum
2213 3079 2427 3150 legibus

849 3173 1012 3233 atque
1048 3165 1314 3220 institutis
1359 3166 1912 3236 philosopharentur,
1970 3168 2022 3222 in
2054 3170 2238 3238 pretio
2259 3171 2426 3226 habe-

2531 893 2784 968 μετώπου
2814 900 2913 971 τῆς
2940 903 3237 972 τραπέζης,
3267 902 3343 967 ὡς
3369 903 3436 957 ἂν
3469 905 3634 957 πᾶσιν
3660 903 3858 974 έκδηλα
3887 899 3944 977 ᾖ,
3975 905 4103 958 τάδε

2528 991 2858 1062 ἐπέγραψεν.
2917 993 3337 1048 ’Υπεισελθοῦσα
3393 994 3450 1047 δέ
3505 995 3602 1065 τῆς
3653 995 3944 1066 ἡγεμονίας
4005 995 4105 1064 τήν

2531 1083 2808 1151 φροντίδα,
2839 1085 3034 1157 ἄριστα
3065 1085 3158 1138 καὶ
3183 1086 3240 1138 ἐν
3263 1085 3451 1156 κόσμῳ
3481 1085 3658 1156 πολλῷ
3684 1085 3782 1157 τήν
3816 1087 4110 1156 Ῥωμαίων

2529 1173 2850 1244 οἰκουμένην
2879 1173 3144 1244 διῴκησεν
3168 1193 3182 1207 ο
3230 1171 3288 1230 εὖ
3325 1175 3709 1248 βουλευομένη,
3753 1177 3828 1242 ὼς
3861 1179 3919 1230 ἐν
3947 1177 4104 1246 τάχει

2528 1264 2598 1318 τὰ
2621 1265 2864 1336 πρακτέα
2892 1266 3210 1322 ἐπιτελοῦσα
3232 1268 3324 1322 καὶ
3350 1267 3633 1339 γράφουσα
3659 1267 3758 1337 (7).
3799 1267 4111 1338 Ἠκρίὸωτο

2529 1357 2636 1429 γάρ
2666 1359 2864 1426 λέγειν,
2910 1362 3004 1414 καὶ
3032 1360 3261 1432 γράφειν
3307 1360 3480 1430 ὀρθῶς
3511 1361 3650 1414 κατὰ
3677 1359 3774 1431 τὴν
3815 1359 4110 1430 Ῥωμαίων

2529 1450 2624 1502 καὶ
2684 1450 2946 1521 Ἐλλήνων
3011 1453 3214 1522 φωνήν.
3279 1451 3400 1504 Τῶν
3452 1451 3510 1504 δὲ
3561 1451 3950 1522 πραττομένων
4003 1450 4109 1518 τὴν

2528 1539 2747 1610 δόκησιν
2794 1544 2873 1603 εἰς
2903 1543 2993 1595 τὸν
3034 1542 3258 1611 ἀδελφὸν
3301 1541 3531 1611 ἀνέφερε
3560 1557 3574 1571 °
3630 1543 3724 1595 καὶ
3763 1540 4099 1610 ἐπεμελεῖτο,

2529 1629 2602 1693 ὠς
2630 1629 2694 1684 ἂν
2725 1631 2954 1700 μάλιστα
2988 1631 3278 1702 βασιλικῶς
3305 1632 3565 1702 ἀναχθείη
3597 1634 3710 1694 τοῖς
3739 1631 3858 1684 καθ’
3884 1630 4101 1700 ήλικίαν

2528 1722 2933 1792 παιδευομένοις
2966 1722 3297 1793 μαθήμασιν.
3335 1721 3474 1774 Ἀλλ’
3512 1722 3738 1791 ἱππικὴν
3763 1721 3860 1792 μὲν
3886 1721 3976 1773 καὶ
4001 1721 4102 1789 τὴν

2528 1815 2585 1866 ἐν
2626 1815 2738 1876 τοῖς
2774 1813 2958 1877 ὅπλοις
3002 1813 3237 1875 καὶτοῖς
3269 1811 3447 1880 λόγοις
3492 1811 3744 1881 ἄσκησιν,
3796 1809 3947 1880 παρὰ
3991 1809 4102 1862 τῶν

2529 1904 2903 1974 ἐπιστημόνων
2955 1902 3341 1967 ἐξεδιδάσκετο.
3401 1904 3534 1973 Περὶ
3591 1902 3650 1954 δὲ
3691 1901 3789 1963 τὰς
3837 1901 4097 1971 προόδους

2528 1994 2750 2063 κόσμιος
2782 1989 2917 2046 εἶναι
2959 1995 3049 2047 καὶ
3077 1995 3368 2064 βασιλικὸς,
3403 1995 3553 2066 παρὰ
3591 1994 3689 2064 τῆς
3731 1993 3966 2061 ἀδελφῆς
4007 1995 4102 2062 ἐῤ-

2529 2083 2818 2154 ρυθμίζετο
2848 2103 2861 2116 ι
2910 2082 3176 2159 ἐσθῆταῇ
3223 2086 3328 2157 χρὴ
3373 2086 3744 2157 περιστέλλειν
3789 2084 4098 2154 μανθάνων,

2526 2177 2620 2228 καὶ
2645 2176 2829 2246 τρόπῳ
2855 2176 2959 2228 τίνι
2989 2176 3278 2248 καθῆσθαι,
3322 2179 3415 2231 καὶ
3443 2177 3698 2248 βαδίζειν,
3739 2177 3831 2229 καὶ
3865 2175 4100 2238 γέλωτος

2527 2269 2764 2332 κρατεῖν,
2802 2267 2896 2320 καὶ
2927 2269 3099 2338 πρᾶος
3125 2269 3219 2320 καὶ
3255 2267 3482 2338 φοϐερὸς
3510 2269 3567 2320 ἐν
3599 2267 3776 2338 καιρῷ
3809 2263 3967 2331 εἶναι,
4005 2267 4101 2319 καὶ

2526 2357 2798 2427 ἁρμοδίως
2845 2359 3203 2413 πυνθάνεσθαι
3235 2361 3342 2413 τῶν
3377 2361 3504 2431 περί
3542 2378 3635 2413 του
3660 2360 3948 2428 δεομένων.
3989 2361 4100 2428 Οὐχ

2524 2449 2722 2518 ἥκιστα
2743 2448 2798 2502 δὲ
2824 2450 2902 2509 εἰς
2931 2449 3211 2504 εὐσέϐειαν
3232 2452 3390 2505 αὑτὸν
3417 2448 3539 2522 ἦγε,
3565 2452 3799 2522 συνεχῶς
3821 2450 4098 2521 εὔχεσθαι,

2526 2543 2620 2594 καὶ
2676 2541 2796 2603 ταῖς
2849 2541 3163 2612 ἐκκλησίαις
3197 2544 3384 2614 φοιτᾷν
3413 2543 3664 2606 ἐθίζουσα
3688 2560 3702 2574 ⁸
3755 2545 3849 2596 καὶ
3890 2542 4098 2613 ἀναθή-

2528 2649 2660 2703 μασι
2683 2633 2775 2685 καὶ⁵
2796 2634 3096 2704 κειμηλίοις
3117 2635 3243 2697 τοὺς
3262 2634 3580 2706 εὐκτηρίους
3599 2635 3777 2697 οἴκους
3796 2634 4096 2705 γεραίρεινο

2524 2729 2620 2778 καὶ
2647 2727 2704 2779 ἐν
2730 2729 2860 2796 τιμῇ
2909 2727 3050 2797 ἔχειν
3096 2729 3222 2792 τοὺς
3252 2728 3431 2798 ἱερέας
3451 2769 3466 2792 ,
3518 2729 3608 2781 καὶ
3636 2728 3826 2790 ἄλλους
3859 2727 4102 2796 ἀγαθοὺς

2525 2817 2742 2888 ἄνδρας,
2785 2817 2878 2870 καὶ
2927 2819 3053 2881 τοὺς
3081 2819 3230 2888 νόμῳ
3273 2819 3609 2888 Χριστιανῶν
3653 2817 4097 2887 φιλοσοφοῦντας.

2526 2908 2600 2960 Οὐ
2630 2907 2737 2978 μὴν
2764 2907 2899 2961 ἀλλὰ
2926 2909 3017 2961 καὶ
3048 2908 3151 2962 ὑπὸ
3178 2909 3346 2963 νόθων
3373 2909 3658 2979 δογμάτων
3685 2911 3966 2980 νεωτερίζε
3977 2909 4101 2961 σθαι

2527 2997 2938 3069 κινδυνευούσης
2994 2999 3092 3068 τῆς
3139 2998 3471 3070 θρησκείας,
3525 2999 3725 3070 σπουδῇ
3779 3001 3872 3052 καὶ
3923 2980 4100 3067 σοφῶς

2527 3085 2792 3158 προῦστη.
2839 3088 2946 3140 Καί
2973 3089 3068 3140 τοῦ
3100 3087 3173 3158 μή
3207 3087 3398 3152 καινὰς
3431 3089 3668 3157 αἱρέσεις
3717 3091 3774 3141 ἐν
3822 3092 3933 3152 τοῖς
3979 3089 4102 3140 καθ’

2526 3178 2672 3248 ἡμᾶς
2705 3177 2916 3249 χρόνοις
2965 3180 3203 3249 κρατεῖν,
3255 3178 3486 3248 μάλιστα
3518 3179 3686 3250 αὐτὴν
3727 3179 3907 3232 αἰτίαν
3939 3181 4100 3250 εὗρή»

850 3266 951 3313 ret.
999 3257 1262 3314 Praeterea
1306 3274 1430 3314 cum
1463 3276 1555 3331 per
1587 3261 1895 3316 adulterina
1928 3261 2183 3332 dogmata
2223 3266 2417 3336 religio
2444 3290 2488 3348 ο
2527 3286 2629 3339 σομ

2328 3266 2417 3336 gio
2444 3290 2488 3348 ο
2527 3286 2722 3339 σομεν,
2775 3271 2850 3334 ὡς
2892 3269 2950 3323 ἐν
2999 3272 3109 3334 τοῖς
3158 3270 3296 3340 μετὰ
3334 3270 3507 3325 ταῦτα
3557 3271 3833 3340 εἰσόμεθα.
3886 3272 4003 3323 Δέει
4046 3271 4101 3323 δὲ

849 3351 1124 3407 turbanda
1159 3368 1284 3409 esse
1309 3352 1609 3420 videretur,
1637 3356 1756 3427 ipsa
1783 3357 2035 3412 studiose
2059 3373 2123 3412 ac
2151 3359 2427 3428 sapienter

851 3447 1150 3516 prospexit.
1182 3446 1342 3503 Certe
1370 3448 1516 3518 quod
1569 3463 1724 3505 nova:
1759 3450 1998 3507 hereses
2043 3461 2235 3506 nostra
2267 3461 2428 3509 aetate

855 3539 1078 3595 minime
1111 3540 1532 3610 pravaluerint,
1585 3541 1732 3596 illam
1774 3542 1828 3597 in
1858 3558 2024 3599 causa
2061 3542 2232 3599 fuisse
2269 3558 2425 3614 repe-

853 3629 1057 3683 riemus
1076 3669 1091 3694 ,
1120 3631 1264 3686 sicut
1291 3631 1342 3685 in
1381 3633 1739 3702 sequentibus
1771 3645 2138 3705 cognoscetur
2161 3637 2424 3706 apertius.

851 3718 1024 3775 Porro
1053 3734 1175 3774 cum
1220 3719 1388 3776 Deum
1433 3725 1673 3776 maxima
1718 3724 1990 3794 religione
2019 3725 2266 3790 coleret,
2301 3741 2428 3795 pro-

853 3812 1026 3867 lixum
1071 3810 1235 3868 fuerit
1287 3827 1614 3877 recensere,
1665 3815 1807 3885 apud
1851 3829 1993 3886 quos
2030 3815 2165 3881 illa,
2209 3825 2264 3872 et
2295 3825 2428 3886 quot

851 3903 1120 3960 ecclesias
1171 3903 1458 3974 magnifice
1500 3907 1920 3961 construxerit:
1959 3915 2092 3977 quot
2125 3906 2427 3964 diversoria

853 4009 1153 4065 pauperum
1187 4008 1252 4048 ac
1287 3995 1702 4066 peregrinorum
1733 4015 1748 4063 ;
1795 4006 1928 4066 quot
1968 3997 2206 4069 denique
2237 4014 2429 4054 mona-

852 4084 1021 4142 steria
1072 4085 1456 4149 constituerit,
1496 4088 1775 4157 perpetuis
1825 4088 2141 4158 sumptibus
2191 4088 2260 4143 ad
2313 4089 2428 4146 haec

852 4178 1190 4244 destinatis,
1255 4187 1311 4234 et
1362 4193 1580 4233 annona
1627 4179 1695 4233 ad
1741 4179 1968 4237 alendus
2025 4196 2120 4238 eos
2169 4182 2263 4252 qui
2317 4184 2428 4239 illic

851 4277 1158 4324 manerent.
1201 4267 1356 4336 Quod
1404 4271 1450 4326 si
1489 4271 1616 4341 quis
1650 4286 1718 4326 ex
1759 4273 1928 4329 rebus
1971 4273 2107 4345 ipsis
2141 4275 2425 4333 veritatem

850 4362 1091 4418 scrutari
1137 4365 1326 4428 malit,
1360 4378 1523 4434 quam
1555 4364 1741 4420 verbis
1793 4367 1930 4422 meis
1969 4367 2225 4433 credere,
2276 4369 2428 4424 inve-

851 4456 967 4512 niet
997 4454 1275 4528 profeCto,
1319 4473 1406 4513 me
1436 4471 1536 4513 nec
1565 4455 1746 4523 falso,
1786 4473 1889 4514 nec
1928 4459 1994 4514 ad
2040 4461 2269 4527 gratiam
2319 4461 2425 4517 ista

851 4550 1142 4605 scribere:
1186 4549 1316 4603 dum
1360 4550 1553 4606 harum
1590 4565 1771 4606 rerum
1815 4551 2113 4618 notitiam,
2161 4567 2191 4606 a
2222 4567 2424 4622 procu-

851 4642 1132 4697 ratoribus
1172 4643 1439 4698 bonorum
1493 4643 1644 4698 illius
1689 4645 2060 4715 perscriptam
2111 4645 2340 4715 legerit,
2374 4656 2426 4701 et

850 4751 913 4790 ex
947 4735 1174 4806 scriptis
1203 4735 1571 4806 exploraverit
1607 4751 1740 4791 num
1789 4751 1878 4792 res
1916 4737 2050 4806 ipsa:
2087 4751 2211 4790 cum
2244 4737 2425 4792 verbis

850 4825 1061 4883 nostris
1095 4827 1466 4882 consentiant.
1515 4826 1571 4880 Si
1604 4827 1693 4882 cui
1740 4842 1871 4882 vero
1923 4828 2040 4882 haec
2079 4845 2176 4898 per
2209 4844 2268 4885 se
2307 4829 2424 4885 sola

850 4937 962 4976 non
993 4919 1303 4983 sufficiunt,
1335 4927 1391 4972 at
1422 4926 1572 4975 certe
1602 4918 1746 4974 Deus
1787 4920 1864 4974 illi
1906 4920 2067 4976 fidem
2101 4920 2296 4985 faciat,
2330 4924 2424 4992 qui

852 5013 1000 5067 illam
1026 5013 1097 5069 ob
1124 5013 1245 5066 vita:
1274 5012 1700 5067 sanctimoniam
1734 5013 1870 5068 adeo
1901 5013 2127 5069 charam
2173 5013 2337 5069 habet
2368 5021 2422 5070 et

851 5117 1132 5176 acceptam
1154 5143 1169 5169 ,
1217 5111 1278 5159 ut
1315 5118 1434 5160 eam
1471 5112 1720 5160 orantem
1751 5105 2006 5161 celeriter
2039 5105 2332 5170 exaudiat,
2360 5121 2425 5160 ac

851 5211 1226 5268 saepenumero
1255 5211 1380 5267 quae
1415 5198 1653 5266 gerenda
1683 5205 1814 5252 sunt
1846 5199 1894 5253 ei
1929 5200 2282 5269 praenuntiet.
2318 5197 2424 5254 Ne-

851 5307 956 5362 que
977 5291 1123 5349 enim
1157 5289 1248 5346 Dei
1273 5305 1516 5345 amorem
1547 5306 1612 5346 ac
1640 5280 2076 5347 benevolentiam
2105 5291 2422 5347 hominibus

2529 3359 2706 3430 πολλῷ
2741 3360 2802 3413 τὸ
2827 3360 2982 3414 Θεῐον
3017 3359 3392 3432 θρησκεύουσα
3414 3403 3428 3427 ,
3486 3360 3694 3433 μακρὸν
3735 3361 3800 3414 ἂν
3833 3361 3917 3431 εἴη
3952 3363 4103 3433 παρὰ

2527 3451 2637 3504 τίσι
2677 3451 2886 3520 λέγειν,
2935 3453 3030 3506 καὶ
3071 3452 3267 3515 πόσους
3302 3452 3622 3523 εὐκτηρίους
3659 3453 3838 3514 οἴκους
3868 3451 4102 3520 μεγαλο-

2529 3542 2752 3612 πρεπῶς
2776 3543 3115 3613 ἐτεκτήνατω
3146 3541 3288 3595 πόσα
3317 3541 3373 3595 δὶ
3401 3540 3720 3610 καταγώγια
3743 3541 3975 3612 πτωχῶν
4008 3541 4104 3594 καὶ

2530 3631 2716 3697 ξένων,
2766 3633 2861 3686 καὶ
2899 3633 3229 3703 μοναστικὰς
3276 3633 3548 3696 συνοικίας
3597 3633 3978 3702 συνεστήσατο,
4025 3632 4104 3684 δι-

2529 3726 2696 3795 ηνεκῆ
2724 3724 2930 3788 τάξασα
2963 3724 3061 3795 τὴν
3097 3725 3176 3787 είς
3208 3724 3381 3778 ταῦτα
3422 3725 3686 3795 δαπάνην,
3728 3727 3823 3778 καὶ
3849 3725 3910 3776 τὸ
3953 3741 4102 3793 σιτη-

2532 3818 2709 3889 ρέσιον
2737 3817 2844 3870 τῶν
2870 3816 3240 3872 ἐνοικούντων.
3277 3818 3342 3870 Εἴ
3363 3834 3440 3887 τῳ
3465 3817 3524 3870 δὲ
3555 3817 3707 3886 φίλον
3731 3818 3795 3869 ἐκ
3825 3816 3932 3869 τῶν
3963 3833 4103 3884 πρα-

2529 3908 2754 3978 γμάτων
2791 3907 3080 3980 πειρᾶσθαι
3120 3907 3217 3978 τῆς
3255 3908 3528 3980 ἀληθείας,
3581 3908 3673 3961 καὶ
3710 3906 3783 3978 μὴ
3811 3910 3922 3970 τοῖς
3951 3908 4102 3976 ἐμοῖς

2528 3998 2810 4054 πείθεσθαι
2837 3999 3034 4068 λόγοις,
3079 3999 3379 4072 μαθήσεται
3411 3999 3488 4071 μή
3517 3999 3746 4070 ψευδῶς,
3800 3998 3934 4069 μηδὲ
3967 3998 4101 4070 πρὸς

2528 4093 2687 4164 χάριν
2725 4109 2792 4163 με
2825 4091 2952 4146 τάδε
2982 4093 3336 4163 συγγράφειν,
3378 4093 3426 4145 εί
3456 4091 3603 4163 παρὰ
3639 4089 3748 4144 τῶν
3774 4091 4100 4161 ἐπιτροπευ-

2526 4183 2694 4238 όντων
2717 4183 2808 4236 τὸν
2836 4183 3003 4254 αὐτῆς
3031 4179 3176 4237 οἷκον
3206 4183 3550 4254 ἀνάγραπτον
3581 4179 3744 4236 οὖσαν
3773 4181 3966 4235 διέλθοι
3993 4180 4100 4233 τῶν

2527 4273 2780 4328 τοιούτων
2820 4274 3054 4343 γνῶσιν,
3105 4274 3197 4328 καὶ⁵
3241 4273 3391 4344 παρὰ
3437 4273 3545 4327 τῶν
3595 4272 3992 4344 γεγραμμένων
4021 4271 4096 4340 (8)

2529 4364 2770 4427 πύθοιτο,
2800 4365 2850 4418 εί
2891 4367 2956 4435 τῇ
3001 4367 3186 4436 γραφῇ
3236 4364 3450 4434 συνᾴδει
3477 4364 3546 4416 τὰ
3577 4363 3894 4433 πράγματα.
3944 4357 4013 4432 *ῼ
4041 4361 4100 4413 δὲ

2531 4458 2604 4530 μή
2652 4457 2825 4512 ταῦτα
2861 4455 2996 4528 μόνα
3033 4456 3168 4528 πρὸς
3217 4457 3395 4509 πίστιν
3437 4457 3615 4528 ἀρκεῖ,
3651 4453 3957 4507 πιστούσθω
4005 4453 4097 4506 καὶ

2528 4549 2660 4612 Θεὸς
2693 4549 2876 4611 αὐτὸς,
2915 4549 3129 4610 πάντως
3159 4564 3261 4600 που
3300 4546 3390 4601 διὰ
3421 4547 3519 4618 τήν
3545 4547 3817 4600 πολιτείαν
3874 4562 4098 4615 κεχαρι-

2458 4627 2502 4683 Ῐ)
2533 4641 2737 4712 σμένην
2756 4639 2924 4710 αὐτὴν
2941 4637 3097 4708 ἔχωψ
3114 4637 3188 4701 ὼς
3204 4637 3500 4709 εὐχομένης
3523 4637 3753 4708 ἐτοίμως
3777 4637 4095 4703 ὑπακούειν,

2531 4736 2624 4788 καὶ
2649 4732 2906 4795 πολλάκις
2931 4731 3068 4802 αὐτῇ
3095 4731 3223 4800 περί
3242 4730 3350 4784 τῶν
3372 4730 3656 4803 πρακτέων
3686 4729 4097 4800 προφαίνεσθαι.

2531 4829 2606 4882 Οὐ
2638 4827 2748 4898 γάρ
2782 4825 2847 4880 ἂν
2876 4825 3040 4895 φαίην
3081 4824 3211 4878 ποτὲ
3241 4824 3542 4894 θεοφὶλειαν
3567 4823 3960 4894 παραγίνεσθαι
3987 4827 4096 4887 τοῖς

2529 4917 2856 4990 ἀνθρώποις,
2887 4917 2954 4987 ἢν
2990 4917 3064 4988 μὴ
3091 4917 3227 4986 σφᾶς
3255 4915 3434 4982 ἀξίους
3455 4915 3658 4987 ταύτης
3685 4914 3774 4968 διὰ
3796 4914 3902 4967 τῶν
3921 4915 4098 4986 ἔργων

2530 5011 2859 5082 παρέχωσιν.
2895 5007 3033 5062 Ἀλλ’
3067 5007 3166 5060 ὅσα
3194 5006 3290 5078 μὲν
3317 5005 3424 5059 τῶν
3458 5004 3578 5058 καθ’
3607 5004 3832 5058 ἕκαστον
3854 5006 3933 5067 είς
3965 5005 4096 5058 ἀπό-

2529 5103 2694 5167 δειξιν
2729 5096 2898 5174 ἧκεν,
2947 5097 3358 5153 ἐπιδεικνύντων
3395 5096 3630 5166 θεοφιλῆ·
3666 5093 3803 5150 εἶναι
3855 5096 3954 5166 τὴν
4001 5095 4095 5148 τοῦ

2531 5193 2794 5265 βασιλέως
2842 5189 3105 5262 ἀδελφήν,
3155 5187 3296 5242 ἐκὼν
3357 5189 3589 5260 παρήσω
3634 5186 3809 5253 τέως,
3872 5187 3947 5258 μὴ
3999 5189 4094 5240 καὶ

2533 5286 2859 5360 μωμήσηταί
2877 5302 2961 5349 τις
2980 5284 3055 5348 ὡς
3077 5283 3237 5355 ’ἐτερα
3260 5279 3798 5354 πραγματευόμενος,
3821 5281 3900 5344 είς
3927 5281 4094 5349 ἐγκω-

2045 5466 2315 5522 VALESII
2353 5463 2907 5523 ANNOTATIONES.

924 5565 1000 5633 (7)
1044 5565 1126 5620 Τὰ
1162 5568 1425 5635 πρακτέα
1456 5564 1585 5635 υκαι
1640 5565 1971 5633 γράφουσα.
2042 5562 2174 5618 Post
2227 5580 2417 5618 vocem

855 5637 1139 5708 πρακτέα,
1202 5633 1383 5692 ’ροιιεκ
1455 5633 2130 5708 Fuketianuswinterserit
2192 5635 2418 5708 verbum

853 5705 1215 5771 ἐπιτελοῦσα,
1269 5707 1724 5777 quemadmodum
1777 5705 2311 5775 Cliristophorsonus
2366 5705 2420 5758 iu

853 5779 1183 5846 quibusdam
1207 5779 1611 5847 exemplaribus
1640 5778 1904 5846 scriptum
1933 5777 2232 5830 invenerat.
2264 5777 2418 5846 Apud

856 5849 1220 5918 Necphnrum
1255 5859 1456 5908 tatnen,
1497 5849 1548 5900 iu
1581 5864 1701 5916 cap.
1733 5849 1767 5900 ‘2
1814 5848 1906 5900 lib.
1944 5863 2054 5908 xiv,
2087 5864 2192 5918 non
2227 5847 2422 5915 legitur

858 5922 960 5974 hoc
997 5917 1222 5976 verbum
1260 5938 1270 5973 ;
1307 5919 1449 5991 quo!
1486 5927 1800 5980 tamennon
1834 5918 2068 5974 otiosum
2109 5917 2238 5972 mihi
2272 5918 2422 5974 vidc-

2527 5571 2618 5634 tur
2655 5562 2783 5634 hoc_
2805 5561 2944 5634 loco,
2984 5557 3502 5634 modo‘particulam
3528 5555 3961 5634 _conjunctiva_m
3997 5553 4088 5634 ad:

2527 5633 2741 5687 damus.
2766 5630 2971 5684 Laudat
2989 5631 3132 5684 enim
3159 5625 3500 5684 Pulcheriam
3525 5625 3865 5683 Sozumenus
3885 5625 4092 5694 duplici

2528 5704 2768 5762 nomine,
2809 5711 2920 5755 tum
2959 5699 3103 5771 quod
3127 5701 3377 5754 celeriter
3404 5701 3737 5770 perspiceret
3769 5697 3896 5768 quid
3925 5711 4092 5766 agen-

2519 5775 2648 5829 dum
2675 5780 2844 5834 esset,
2887 5780 3001 5825 tum
3036 5771 3182 5840 quod
3210 5772 3463 5825 consulta
3497 5777 3909 5840 exsequeretur.

2591 5843 2668 5911 (8)
2709 5845 2843 5911 Περὶ
2884 5840 2996 5896 τῶν
3053 5837 3484 5913 γεγραμμένων.
3522 5837 3718 5896 Procul
3751 5837 3918 5894 dubio
3947 5837 4092 5892 seri-

2521 5914 2761 5970 bcndutu
2795 5921 2878 5969 est
2919 5913 3090 5985 παρὰ.
