4504 6576
866 519 1004 573 1305

2273 453 2634 564 εοῑοΜΕΝΙ

3967 508 4108 563 1596

865 629 1141 702 lapidibus
1167 629 1494 686 admirabile
1528 629 1802 700 quoddam
1843 628 2125 684 donarium
2150 667 2165 693 ,
2197 637 2419 695 onerum
2450 624 2502 680 Α
2533 601 2643 702 μᾷτ

2330 637 2419 676 um
2450 624 2502 680 Α
2533 601 2714 702 μᾷτων
2755 623 3064 693 κάλλιστον,
3099 626 3237 697 ὑπὲρ
3261 627 3358 698 τῆς
3389 625 3522 688 ιδίας
3550 623 3844 696 παρθενίας
3875 623 3966 675 καὶ
4006 621 4108 692 τῆς

865 700 988 790 quae
1055 730 1375 793 spectantur
1440 721 1599 792 longe
1662 719 2094 790 pulcherrimum
2129 758 2144 783 ,
2207 728 2422 771 sacram
2527 700 2622 764 τοῦ

2325 728 2422 768 'am
2527 700 2622 764 τοῦ
2650 704 2886 787 ἀδελφοῦ
2919 719 3228 789 ἡγεμονίας,
3287 717 3437 788 ίεράν
3483 715 3702 770 ἀνέθετο
3735 713 4008 786 τράπεζαν
4045 713 4104 763 ἑν

865 813 1026 885 365
1061 828 1303 870 mensam
1339 814 1390 868 in
1420 814 1658 869 ecclesia
1683 811 2298 882 Constantinopolitana
2329 822 2427 879 pro
2527 808 2597 878 τῇ

2329 822 2427 879 pro
2527 808 2597 878 τῇ
2667 805 2942 880 ἐκκλησίᾳ
2997 807 3652 868 Κωνσταντινουπόλεωςο
3712 805 3806 858 καὶ
3858 803 3952 856 ἐπὶ
4006 800 4103 854 τοῦ

869 904 1187 974 virginitate
1234 919 1334 960 sua
1385 910 1440 958 et
1478 919 1580 973 pro
1618 903 1805 958 fratris
1845 901 2079 971 imperio
2128 899 2429 954 dedicavit.

869 992 935 1047 Et
975 994 1030 1048 in
1076 993 1255 1050 fronte
1293 993 1471 1064 ipsius
1511 1008 1736 1057 mensae,
1785 1001 1845 1046 ut
1885 993 2103 1046 cunctis
2135 990 2433 1060 conspicua

867 1093 1075 1149 essent,
1109 1084 1220 1140 haec
1252 1085 1440 1140 eadem
1472 1083 1768 1154 inscripsit.
1796 1082 2094 1153 Postquam
2126 1097 2254 1137 vero
2285 1081 2433 1152 prin-

868 1174 1083 1243 cipatus
1117 1187 1304 1228 curam
1345 1173 1630 1243 suscepit,
1670 1172 1857 1227 orbem
1891 1171 2199 1226 Romanum
2230 1171 2436 1241 Optime

868 1279 930 1318 ac
991 1263 1378 1320 decentissime
1424 1264 1797 1334 gubernavit:
1853 1263 2060 1334 quippe
2111 1277 2234 1332 qute
2290 1269 2437 1326 recte

869 1355 1213 1420 consuleret,
1267 1364 1323 1411 et
1359 1356 1611 1412 consulta
1649 1355 1904 1411 celeriter
1949 1361 2343 1425 exsequeretur
2373 1368 2437 1409 ac

871 1447 1153 1503 scriberet.
1180 1447 1312 1502 Nam
1334 1457 1388 1503 et
1421 1449 1568 1518 loqui
1600 1455 1652 1503 ct
1682 1449 1930 1503 scribere
1956 1447 2236 1517 eleganter
2269 1445 2438 1500 calle-

869 1538 960 1592 bat
987 1579 1001 1599 ,
1047 1547 1155 1592 tam
1201 1535 1392 1594 Graeco
1431 1553 1591 1608 quam
1637 1537 1834 1592 Latino
1871 1552 2144 1592 sermone.
2181 1534 2436 1591 Otnnium

870 1644 999 1684 vero
1021 1645 1141 1700 qua:
1163 1631 1518 1700 gerebantur,
1553 1629 1769 1683 laudem
1794 1627 1861 1683 ad
1888 1627 2114 1686 fratrem
2143 1626 2436 1682 referebat.

873 1719 1153 1790 Dabatque
1176 1735 1396 1790 operam
1441 1728 1500 1774 ut
1547 1719 1857 1789 disciplinis
1904 1717 1971 1773 ad
2005 1719 2184 1774 :etatis
2217 1725 2438 1787 captum

871 1809 1321 1870 accommodatis,
1338 1809 1616 1877 regaliter,
1639 1815 1902 1875 quantum
1933 1805 2048 1860 ﬁeri
2076 1812 2279 1875 posset,
2300 1803 2439 1858 edu-

869 1905 1112 1951 caretur.
1173 1899 1238 1951 Et
1273 1905 1448 1952 artem
1506 1897 1730 1967 quidem
1789 1894 2122 1965 equitandi,
2161 1908 2437 1948 armorum

869 2005 1090 2060 quoque
1138 2005 1202 2044 ac
1252 1963 1561 2044 litterarum
1613 1963 1937 2054 scientiam,
1999 1988 2068 2042 ab
2119 1986 2438 2057 hujusmodi
2472 1963 2512 2021 Β

870 2097 1052 2136 rerum
1097 2080 1289 2151 peritis
1336 2081 1623 2151 discebats
1657 2079 1725 2134 Ut
1775 2095 1905 2134 vero
1965 2078 2019 2132 in
2079 2077 2442 2149 processibus

869 2171 1110 2241 graviter
1143 2186 1209 2226 ac
1248 2187 1346 2240 pro
1382 2171 1732 2240 imperatoria
1773 2169 2059 2241 majestate
2091 2186 2148 2225 se
2176 2178 2395 2239 gereret
2424 2207 2440 2232 ,

869 2278 900 2317 a
931 2277 1118 2318 sorore
1151 2262 1544 2317 instituebatur
1587 2277 1601 2314 :
1647 2262 1931 2331 quomodo
1970 2268 2175 2316 vestem
2226 2269 2443 2331 gestare

871 2352 1096 2407 deberet
1127 2371 1139 2406 :
1176 2353 1450 2422 quomodo
1491 2351 1810 2414 sedendum,
1840 2361 1895 2406 et
1923 2353 2161 2421 qualiter
2185 2351 2446 2405 inceden-

872 2444 1000 2499 dum
1032 2457 1213 2500 esset:
1254 2443 1529 2514 quomodo
1561 2444 1740 2497 risum
1757 2442 2067 2508 continere,
2103 2451 2157 2496 et
2188 2456 2292 2512 pro
2323 2442 2447 2496 loco

872 2553 936 2594 ac
987 2547 1231 2608 tempore
1281 2551 1428 2591 nunc
1473 2535 1625 2590 mitis
1653 2575 1667 2599 ,
1719 2549 1866 2589 nunc
1910 2533 2278 2588 formidabilis
2324 2548 2447 2589 esse

871 2632 1092 2686 deberet
1120 2673 1134 2697 ,
1175 2640 1229 2686 et
1259 2645 1354 2685 eos
1399 2629 1494 2700 qui
1539 2630 1608 2684 ab
1652 2630 1772 2699 ipso
1803 2628 2009 2697 aliquid
2038 2635 2316 2698 peterent,
2352 2627 2447 2682 de—

873 2730 1064 2776 center
1118 2719 1331 2774 audire.
1383 2719 1491 2774 Sed
1543 2721 1820 2790 praecipue
1883 2734 2008 2773 eum
2042 2717 2134 2771 .ad
2191 2718 2447 2788 pietatem

873 2813 1232 2874 informabat,
1267 2811 1644 2868 assuefaeiens
1684 2812 1838 2866 illum
1874 2819 1934 2866 ut
1969 2810 2196 2865 assidue
2227 2817 2449 2872 oraret,

872 2914 928 2962 ct
956 2906 1223 2962 ecclesias
1266 2906 1441 2960 adiret
1481 2943 1496 2968 ,
1563 2919 1771 2974 easque
1809 2901 2059 2957 donariis
2099 2916 2161 2956 ac
2196 2900 2452 2972 pretiosis

873 2999 1195 3054 muneribus
1247 3006 1521 3052 ornaret:
1591 3003 1651 3049 ut
1713 2993 2028 3050 sacerdotes
2065 3034 2080 3060 ,
2149 3007 2452 3062 omnesque

873 3090 1024 3146 viros
1071 3090 1280 3153 bonos,
1334 3096 1390 3142 et
1433 3102 1529 3143 eos
1576 3086 1669 3157 qui
1735 3085 2179 3141 Christianorum
2238 3084 2452 3154 legibus

875 3191 1039 3251 atque
1074 3181 1340 3236 institutis
1384 3179 1938 3250 philosopharentur,
1995 3177 2047 3230 in
2079 3177 2263 3246 pretio
2285 3176 2452 3230 habe-

2535 895 2787 970 μετώπου
2816 899 2916 970 τῆς
2942 899 3239 969 τραπέζης,
3270 897 3345 960 ὡς
3372 897 3438 951 ἂν
3471 897 3636 949 πᾶσιν
3663 893 3860 964 ἔκδηλα
3889 887 3946 966 ᾖ,
3978 892 4106 944 τάδε

2533 991 2861 1062 ἐπέγραψεν.
2920 988 3341 1044 ’Υπεισελθοῦσα
3396 987 3454 1041 δὲ
3508 987 3606 1057 τῆς
3657 985 3948 1056 ἡγεμονίας
4008 982 4108 1051 τήν

2535 1083 2812 1153 φροντίδα,
2843 1084 3039 1156 ἄριστα
3069 1081 3163 1135 καὶ
3188 1081 3245 1133 ἐν
3267 1079 3455 1150 κόσμῳ
3485 1077 3662 1146 πολλῷ
3688 1076 3786 1147 τὴν
3820 1074 4113 1144 Ῥωμαίων

2535 1174 2855 1244 οἰκουμένην
2884 1171 3149 1242 διῴκησεν
3173 1189 3186 1203 ·
3235 1165 3293 1225 εὖ
3331 1169 3714 1240 βουλευομένη,
3758 1167 3832 1230 ὼς
3865 1167 3924 1218 ἐν
3952 1164 4108 1232 τάχει

2535 1265 2605 1320 τὰ
2627 1265 2870 1336 πρακτέα
2898 1263 3216 1319 ἐπιτελοῦσα
3239 1263 3330 1317 καὶ
3356 1261 3639 1332 γράφουσα
3665 1258 3764 1327 (7).
3805 1255 4117 1327 Ἦκρίϐωτο

2536 1359 2643 1430 γὰρ
2673 1359 2870 1427 λέγειν,
2917 1360 3010 1412 καὶ
3039 1356 3268 1428 γράφειν
3314 1353 3487 1424 ὀρθῶς
3517 1351 3657 1405 κατά
3684 1350 3781 1422 τὴν
3821 1346 4118 1417 Ῥωμαίων

2537 1451 2632 1504 καὶ
2692 1449 2954 1521 Ἐλλήνων
3018 1449 3222 1518 φωνήν.
3287 1445 3407 1498 Τῶν
3461 1443 3518 1497 δὲ
3570 1440 3957 1514 πραττομένων
4010 1437 4117 1505 τὴν

2537 1541 2756 1611 δόκησιν
2803 1543 2882 1602 εἰς
2911 1541 3002 1593 τὸν
3043 1537 3267 1606 ἀδελφὺν
3310 1535 3539 1604 ἀνέφερε
3569 1548 3582 1563 ⁸
3638 1533 3733 1586 καὶ
3771 1529 4108 1599 ἐπεμελεῖτο,

2539 1631 2613 1695 ὡς
2641 1630 2704 1684 ἂν
2734 1631 2964 1700 μάλιστα
2998 1627 3288 1700 βασιλικῶς
3315 1625 3575 1695 ἀναχθείη
3607 1625 3719 1684 τοῖς
3749 1621 3868 1674 καθ’
3894 1619 4110 1688 ήλικίαν

2539 1721 2944 1792 παιδευομένοις
2977 1719 3308 1790 μαθήμασιν.
3345 1714 3484 1768 Ἀλλ’
3523 1713 3749 1782 ἱππικὴν
3774 1710 3870 1782 μὲν
3896 1709 3988 1762 καὶ
4011 1709 4112 1776 τὴν

2541 1817 2598 1868 ἐν
2637 1816 2749 1876 τοῖς
2785 1811 2969 1876 ὅπλοις
3015 1810 3249 1870 καὶτοῖς
3281 1805 3459 1874 λόγοις
3504 1804 3756 1872 ἄσκησιν,
3807 1798 3960 1869 παρά
4002 1796 4114 1849 τῶν

2542 1903 2916 1974 ἐπιστημόνων
2968 1899 3354 1964 ἐξεδιδάσκετο.
3414 1896 3546 1966 Περὶ
3604 1893 3662 1946 δέ
3703 1891 3802 1953 τὰς
3849 1889 4110 1960 προόδους

2541 1996 2764 2064 κόσμιος
2796 1989 2930 2045 εἶναι
2973 1993 3063 2044 καὶ
3090 1991 3383 2061 βασιλικὸς,
3418 1987 3567 2059 παρὰ
3604 1986 3702 2054 τῆς
3745 1983 3979 2049 ἀδελφῆς
4020 1981 4116 2050 ἐρ-

2543 2083 2833 2156 ρυθμίζετο
2863 2102 2876 2114 ·
2925 2078 3190 2155 ἐσθῆταῇ
3237 2081 3343 2152 χρὴ
3387 2078 3759 2150 περιστέλλειν
3803 2073 4112 2144 μανθάνων,

2542 2179 2635 2230 καὶ
2660 2176 2845 2246 τρόπῳ
2870 2175 2975 2227 τίνι
3003 2173 3294 2245 καθῆσθαι,
3337 2172 3430 2224 καὶ
3459 2169 3714 2240 βαδίζειν,
3753 2167 3846 2219 καὶ
3879 2163 4115 2226 γέλωτος

2543 2271 2781 2332 κρατεῖν,
2817 2265 2912 2319 καὶ
2944 2266 3115 2335 πρᾶος
3141 2264 3235 2316 καὶ
3271 2261 3499 2332 φοϐερὸς
3526 2261 3584 2312 ἐν
3616 2257 3791 2328 καιρῷ
3825 2251 3983 2319 εἶναι,
4020 2254 4116 2306 καὶ

2544 2357 2815 2429 ἁρμοδίως
2862 2356 3220 2410 πυνθάνεσθαι
3253 2355 3360 2407 τῶν
3395 2354 3521 2424 περί
3559 2370 3652 2404 του
3677 2351 3964 2418 δεομένων.
4005 2348 4117 2414 Οὐχ

2543 2451 2739 2520 ἥκιστα
2760 2448 2817 2502 δέ
2842 2449 2920 2508 εἰς
2949 2447 3229 2500 εὐσέϐειαν
3250 2447 3408 2500 αὑτὸν
3435 2441 3557 2514 ἦγε,
3583 2441 3817 2513 συνεχῶς
3839 2438 4116 2510 εὔχεσθαι,

2545 2544 2639 2595 καί
2695 2541 2815 2603 ταῖς
2868 2540 3181 2609 ἐκκλησίαις
3215 2539 3403 2608 φοιτᾷν
3432 2535 3682 2599 ἐθίζουσα
3707 2551 3720 2564 ’
3774 2533 3867 2586 καὶ
3909 2529 4116 2600 ἀναθή-

2549 2651 2680 2706 μασι
2703 2633 2795 2685 καὶ
2815 2632 3116 2702 κειμηλίοις
3137 2631 3263 2693 τοὺς
3282 2626 3599 2699 εύκτηρίους
3619 2626 3796 2686 οἴκους
3816 2623 4116 2693 γεραίρεινο

2545 2730 2641 2780 καὶ
2668 2729 2725 2779 ἐν
2751 2727 2881 2796 τιμῇ
2930 2725 3070 2796 ἔχειν
3117 2725 3244 2787 τοὺς
3274 2722 3452 2791 ἱερέας
3472 2762 3487 2786 ,
3538 2721 3630 2773 καὶ
3657 2718 3845 2780 ἄλλους
3879 2715 4121 2784 ἀγαθοὺς

2547 2818 2765 2889 ἄνδρας,
2807 2817 2900 2869 καὶ
2948 2815 3074 2878 τοὺς
3103 2815 3252 2884 νόμῳ
3295 2811 3631 2883 Χριστιανῶν
3674 2806 4118 2878 φιλοσοφοῦντας.

2549 2909 2622 2962 υὺ
2653 2908 2759 2978 μὴν
2786 2906 2922 2960 ἀλλά
2948 2906 3040 2960 κα)⁴
3070 2905 3174 2959 ὑπὸ
3201 2904 3370 2958 νόθων
3396 2903 3680 2972 δογμάτων
3707 2898 3988 2976 νεωτερίζε
3999 2895 4123 2948 σθαι

2550 2997 2962 3067 κινδυνευούσης
3017 2995 3116 3066 τῆς
3162 2994 3494 3065 θρησκείας,
3548 2990 3748 3060 σπουδῇ
3802 2990 3895 3042 καὶ
3946 2987 4122 3054 σοφῶς

2552 3086 2818 3159 προῦστη.
2863 3086 2971 3139 Καὶ
2998 3087 3092 3138 τοῦ
3125 3083 3198 3154 μὴ
3231 3081 3423 3145 καινὰς
3455 3081 3691 3149 αἱρέσεις
3742 3081 3798 3131 ἐν
3846 3081 3957 3140 τοῖς
4003 3075 4126 3128 καθ’

2551 3179 2698 3250 ἡμᾶς
2730 3177 2942 3249 χρόνοις
2990 3177 3228 3246 κρατεῖν,
3281 3172 3512 3243 μάλιστα
3543 3171 3712 3240 αὐτὴν
3752 3169 3932 3221 αἰτίαν
3966 3168 4124 3237 εὑρή-

876 3283 978 3331 ret.
1025 3274 1289 3331 Praeterea
1333 3288 1457 3327 cum
1490 3289 1581 3344 per
1613 3271 1922 3326 adulterina
1955 3269 2210 3340 dogmata
2250 3270 2443 3340 religio
2471 3293 2515 3351 ο
2553 3289 2655 3340 σομ

2354 3270 2443 3340 gio
2471 3293 2515 3351 ο
2553 3287 2748 3340 σομεν,
2802 3269 2878 3332 ᾡς
2919 3268 2976 3320 ἐν
3025 3269 3135 3330 τοῖς
3184 3264 3323 3336 μετά
3361 3263 3533 3318 ταῦτα
3583 3261 3860 3331 εἰσόμεθα.
3913 3259 4030 3311 Δέει
4072 3258 4127 3309 δέ

877 3368 1152 3425 turbanda
1187 3383 1312 3424 esse
1337 3366 1637 3432 videretur,
1665 3367 1784 3437 ipsa
1811 3365 2062 3422 studiose
2087 3379 2150 3418 ac
2179 3363 2454 3434 sapienter

793 3468 795 3470 ’
880 3464 1180 3535 prospexit.
1211 3461 1371 3518 Certe
1399 3461 1544 3532 quod
1597 3475 1752 3516 novae
1788 3460 2027 3515 haereses
2071 3467 2264 3512 nostra
2295 3465 2456 3513 aetate

884 3557 1108 3611 minime
1140 3553 1562 3626 praevaluerint,
1615 3553 1762 3608 illam
1803 3552 1858 3606 in
1888 3565 2054 3608 causa
2091 3549 2261 3605 fuisse
2299 3563 2454 3618 repe-

884 3647 1088 3701 riemus
1107 3685 1122 3710 ,
1150 3647 1294 3700 sicut
1321 3646 1373 3699 in
1411 3645 1770 3714 sequentibus
1802 3651 2169 3714 cognoscetur
2191 3640 2454 3711 apertius.

883 3737 1055 3792 Porro
1084 3751 1207 3791 cum
1251 3735 1420 3790 Deum
1465 3736 1704 3788 maxima
1749 3733 2021 3802 religione
2050 3731 2296 3794 coleret,
2331 3744 2458 3800 pro-

887 3830 1059 3886 lixum
1103 3827 1267 3883 fuerit
1319 3840 1645 3888 recensere,
1697 3824 1839 3895 apud
1883 3837 2025 3894 quos
2062 3821 2156 3876 illa
2183 3862 2196 3886 ,
2240 3829 2295 3877 et
2327 3829 2461 3891 quot

885 3919 1154 3978 ecclesias
1203 3917 1491 3988 magniﬁce
1533 3916 1954 3972 construxerit:
1992 3921 2125 3984 quot
2158 3911 2460 3968 diversoria

887 4024 1188 4083 pauperum
1221 4022 1286 4063 ac
1320 4008 1782 4080 peregrinorum;
1828 4014 1963 4076 quot
2002 4004 2240 4075 denique
2270 4017 2462 4058 mona-

887 4101 1057 4160 steria
1107 4098 1490 4162 constituerit,
1531 4098 1810 4168 perpetuis
1859 4095 2176 4166 sumptibus
2225 4093 2293 4148 ad
2347 4093 2462 4149 haec

888 4194 1225 4259 destinatis,
1291 4201 1347 4248 et
1397 4205 1617 4246 annona
1663 4189 1731 4244 ad
1777 4189 2004 4244 alcndos
2060 4203 2156 4244 eos
2205 4187 2298 4258 qui
2352 4188 2463 4243 illic

888 4293 1194 4342 manerent.
1237 4282 1392 4350 Quod
1441 4283 1487 4339 si
1526 4282 1652 4353 quis
1687 4296 1755 4336 ex
1796 4281 1965 4337 rebus
2007 4281 2144 4352 ipsis
2177 4280 2461 4335 veritatem

888 4379 1128 4436 scrutari
1174 4379 1364 4442 malit,
1397 4391 1561 4447 quam
1593 4375 1779 4430 verbis
1830 4375 1967 4430 meis
2006 4373 2262 4438 credere,
2313 4373 2466 4428 inve-

889 4474 1006 4530 niet
1035 4470 1314 4544 profecto,
1358 4485 1445 4526 me
1475 4483 1576 4525 uec
1604 4466 1785 4532 falso,
1825 4481 1928 4522 nec
1967 4466 2032 4522 ad
2079 4466 2307 4534 gratiam
2357 4465 2463 4520 ista

890 4567 1181 4623 scribere:
1225 4564 1354 4619 dum
1399 4563 1593 4618 harum
1629 4576 1810 4616 rerum
1855 4559 2152 4624 notitiam,
2200 4572 2230 4610 a
2262 4571 2463 4627 procu-

891 4659 1172 4714 ratorihus
1212 4658 1480 4713 bonorum
1533 4654 1685 4709 illius
1730 4653 2100 4722 perscriptam
2151 4650 2381 4720 legerit,
2414 4659 2466 4704 et

891 4769 954 4808 ex
987 4751 1214 4822 scriptis
1243 4746 1613 4820 exploraverit
1649 4761 1781 4801 num
1830 4760 1919 4800 res
1957 4745 2091 4814 ipsae
2128 4757 2252 4796 cum
2285 4741 2466 4796 verbis

892 4843 1103 4900 nostris
1137 4841 1509 4898 consentiant.
1557 4837 1614 4892 Si
1646 4837 1735 4892 cui
1782 4850 1913 4891 vero
1964 4835 2082 4889 haec
2121 4851 2217 4905 per
2251 4849 2310 4890 se
2348 4833 2466 4889 sola

894 4955 1006 4994 non
1035 4934 1346 4998 suﬂiciunt,
1378 4940 1434 4986 at
1465 4938 1615 4986 certe
1645 4929 1790 4985 Deus
1829 4928 1907 4983 illi
1949 4927 2110 4983 [idem
2144 4926 2339 4989 faciat,
2373 4927 2466 4995 qui

895 5031 1043 5085 illam
1070 5029 1140 5086 ob
1166 5028 1290 5082 vita:
1318 5023 1744 5081 sanctimoniam
1778 5022 1915 5077 adeo
1945 5021 2172 5076 charam
2217 5019 2381 5074 habet
2412 5023 2466 5073 et

895 5133 1176 5193 acceptam
1199 5159 1214 5184 ,
1263 5125 1323 5173 ut
1359 5131 1478 5173 eam
1516 5123 1765 5172 orantem
1797 5113 2052 5169 celeriter
2083 5110 2377 5174 exaudiat,
2405 5123 2469 5163 ac

897 5227 1272 5286 smpenumero
1302 5225 1425 5282 qua:
1461 5209 1698 5278 gerenda
1729 5214 1860 5262 sunt
1892 5206 1940 5262 ei
1974 5205 2326 5276 pramuntiet.
2363 5200 2469 5257 Ne-

897 5325 1003 5380 que
1023 5307 1170 5366 enim
1203 5304 1296 5361 Dei
1321 5317 1563 5359 amorem
1595 5317 1659 5357 ac
1687 5289 2122 5357 benevolentiam
2152 5295 2468 5353 hominibus

2556 3360 2734 3431 πολλῷ
2768 3360 2829 3413 τδ
2855 3359 3009 3413 Θεῖον
3044 3355 3420 3428 θρησκεύουσα
3441 3397 3456 3421 ,
3513 3351 3721 3424 μακρὸν
3762 3351 3827 3404 ἂν
3860 3350 3944 3418 εἴη
3979 3349 4131 3419 παρὰ

2555 3453 2665 3506 τίσι
2705 3451 2914 3520 λέγειν,
2963 3450 3058 3503 καὶ
3099 3449 3295 3510 πόσους
3330 3444 3649 3515 εύκτηρίους
3687 3442 3866 3503 οἴκους
3897 3439 4130 3509 μεγαλο-

2558 3543 2781 3614 πρεπῶς
2805 3541 3144 3611 ἐτεκτήνατο·
3175 3537 3318 3591 πόσα
3347 3535 3402 3589 δέ
3430 3532 3750 3602 καταγώγια
3772 3530 4004 3601 πτωχῶν
4038 3527 4133 3580 καὶ

2560 3633 2746 3699 ξένων,
2795 3631 2890 3685 καὶ
2929 3628 3258 3702 μοναστικάς
3306 3625 3577 3688 συνοικίας
3627 3623 4008 3691 συνεστήσατο,
4055 3619 4134 3671 διο

2560 3727 2726 3796 ηνεκῆ
2754 3723 2961 3787 τάξασα
2993 3721 3092 3791 τὴν
3128 3721 3207 3783 εἰς
3239 3718 3412 3772 ταῦτα
3453 3717 3716 3786 δαπάνην,
3759 3716 3850 3767 καὶ
3880 3713 3940 3765 τὸ
3983 3729 4133 3780 σιτη-

2563 3819 2741 3891 ρέσιον
2769 3817 2875 3870 τῶν
2902 3812 3272 3869 ἐνοικούντων.
3308 3812 3373 3864 Εἴ
3395 3827 3472 3880 τῳ
3497 3809 3556 3863 δέ
3587 3808 3738 3878 φίλον
3763 3807 3826 3859 ἐκ
3857 3805 3965 3858 τῶν
3995 3820 4135 3872 πρα-

2563 3909 2786 3979 γμάτων
2823 3905 3112 3978 πειρᾶσθαι
3152 3903 3250 3973 τῆς
3287 3901 3562 3973 ἀληθείας,
3613 3899 3706 3953 καὶ
3743 3896 3816 3968 μὴ
3843 3898 3956 3958 τοῖς
3984 3896 4135 3963 ὲμοῖς

2562 3998 2842 4054 πείθεσθαι
2870 3998 3068 4066 λόγοις,
3113 3995 3413 4068 μαθήσεται
3445 3992 3522 4064 μὴ
3550 3989 3780 4061 ψευδῶς,
3834 3987 3968 4058 μηδὲ
4002 3985 4136 4057 πρὸς

2562 4095 2721 4166 χάριν
2759 4107 2826 4163 με
2859 4089 2986 4144 τάδε
3016 4088 3370 4159 συγγράφειν,
3413 4087 3461 4139 εἱ
3490 4082 3637 4154 παρά
3673 4080 3782 4134 τῶν
3808 4080 4135 4149 ἐπιτροπευ-

2561 4185 2729 4240 όντων
2752 4182 2842 4236 τὸν
2871 4181 3038 4251 αὐτῆς
3066 4175 3212 4233 οἷκον
3242 4177 3586 4248 ἀνάγραπτον
3616 4169 3780 4227 οὖσαν
3809 4169 4003 4224 διέλθοι
4029 4167 4136 4220 τῶν

2563 4273 2815 4330 τοιούτων
2856 4273 3091 4341 γνῶσιν,
3142 4269 3234 4324 καὶ
3277 4266 3428 4339 παρά
3473 4265 3581 4320 τῶν
3630 4260 4028 4334 γεγραμμένων
4059 4258 4133 4327 (8)

2565 4365 2807 4426 πύθοιτο,
2837 4364 2887 4417 εί
2928 4365 2994 4433 τῇ
3038 4362 3224 4433 γραφῇ
3274 4357 3488 4429 συνᾴδει
3514 4356 3584 4408 τὰ
3614 4354 3931 4425 πράγματα.
3981 4345 4050 4419 ᾯ
4079 4347 4137 4400 δὲ

2570 4459 2642 4532 μὴ
2690 4456 2863 4511 ταῦτα
2900 4454 3034 4527 μόνα
3071 4453 3207 4525 πρὸς
3255 4453 3433 4504 πίστιν
3475 4449 3653 4520 ἀρκεῖ,
3689 4441 3996 4499 πιστούσθω
4043 4440 4136 4494 καὶ

2567 4551 2699 4612 Θεὸς
2732 4547 2914 4610 αὐτὸς,
2954 4547 3168 4606 πάντως
3198 4560 3301 4596 που
3339 4540 3429 4595 διὰ
3461 4540 3558 4610 τήν
3584 4537 3856 4592 πολιτείαν
3913 4549 4137 4604 κεχαρι-

2497 4629 2542 4685 D
2573 4643 2776 4712 σμένην
2795 4638 2964 4709 αὑτὴν
2982 4635 3137 4706 έχωνο
3155 4634 3228 4697 ὼς
3244 4631 3540 4704 εὐχομένης
3563 4629 3794 4700 ἑτοίμως
3817 4625 4136 4690 ὑπακούειν,

2571 4737 2665 4791 καὶ
2689 4731 2947 4793 πολλάκις
2971 4729 3110 4799 αὐτῇ
3137 4743 3202 4778 πε
3213 4726 3264 4796 ρί
3283 4725 3391 4778 τῶν
3413 4721 3698 4796 πρακτέων
3727 4717 4138 4790 προφαίνεσθαι.

2573 4830 2648 4884 Οὐ
2680 4828 2790 4898 γὰρ
2824 4825 2890 4879 ἂν
2919 4823 3082 4893 φαίην
3124 4820 3254 4875 ποτὲ
3283 4818 3583 4888 θεοφίλειαν
3609 4812 4001 4885 παραγίνεσθαι
4029 4814 4140 4873 τοῖς

2572 4918 2898 4991 ἀνθρώποις,
2929 4915 2997 4986 ἦν
3034 4915 3107 4986 μὴ
3135 4913 3271 4982 σφᾶς
3299 4909 3478 4976 ἀξίους
3498 4907 3701 4978 ταύτης
3728 4904 3818 4958 διά
3838 4904 3945 4956 τῶν
3965 4903 4141 4974 ἔργων

2573 5011 2904 5082 παρέχωσιν.
2938 5005 3077 5060 Ἀλλ’
3111 5004 3210 5057 ὅσα
3238 5001 3334 5074 μέν
3362 4999 3468 5053 τῶν
3502 4997 3622 5052 καθ’
3651 4995 3876 5049 ἕκαστον
3897 4995 3976 5055 είς
4009 4992 4140 5046 ἀπό-

2573 5103 2739 5168 δειξιν
2773 5096 2943 5173 ἦκεν,
2992 5092 3404 5150 ἐπιδεικνύντων
3441 5088 3674 5158 θεοφιλῆ
3711 5084 3848 5140 εῖναι
3899 5085 3998 5155 τὴν
4045 5082 4140 5136 τοῦ

2577 5193 2840 5267 βασιλέως
2888 5187 3151 5258 ἀδελφὴν,
3201 5183 3342 5237 ἐκὼν
3403 5183 3636 5252 παρήσω
3680 5177 3855 5243 τέως,
3917 5175 3993 5246 μὴ
4045 5176 4140 5227 καὶ

2580 5285 2906 5362 μωμήσηταί
2923 5299 3008 5346 τις
3027 5281 3101 5346 ὼς
3123 5279 3284 5351 ’ἐτερα
3307 5271 3845 5348 πραγματευόμενος,
3867 5270 3946 5332 είς
3973 5269 4141 5337 ἐγκω-

2093 5470 2364 5529 VALESII
2402 5462 2956 5525 ANNOTATIONES.

973 5583 1049 5651 (7)
1094 5581 1175 5636 Τὰ
1212 5581 1476 5650 πρακτέα
1505 5575 1636 5651 “mil
1681 5574 2020 5651 magonum
2091 5569 2224 5651 Post
2276 5583 2466 5651 vocem

905 5639 1189 5726 πρακτέα,
1250 5639 1434 5706 ’ροόθι
1505 5639 2180 5726 itttkctianu'sminterserit
2242 5639 2468 5718 verbum

903 5707 1225 5780 ἐπιτελοῦσα
1251 5765 1266 5786 ,
1320 5718 1795 5791 quentadtnmluur
1827 5713 2362 5791 Christophorsonus
2417 5707 2471 5791 in

903 5795 1235 5864 quibusdam
1256 5780 1663 5864 exemplaribus
1691 5788 1954 5864 scriptum
1984 5780 2289 5864 invenerat;
2316 5780 2469 5862 Apud

907 5852 1273 5935 Nicephorum
1307 5852 1509 5935 tamen,
1550 5860 1601 5912 iu
1633 5874 1753 5927 cap.
1785 5852 1820 5910 δὲ
1865 5858 1958 5935 lih.
1996 5870 2105 5915 xw,
2140 5870 2250 5935 non
2279 5852 2474 5935 legitur

910 5940 1012 5992 huc
1046 5922 1276 5992 'verbum
1314 5953 1324 5988 ;
1361 5932 1503 6004 quod
1539 5922 1720 5985 tamen
1749 5944 1853 5990 non
1886 5926 2121 5983 otiosqu
2161 5923 2291 5979 mihi
2324 5922 2475 5977 vidc-

2576 5572 2667 5618 tur
2704 5562 2808 5615 hoc
2855 5562 2993 5622 loco,
3033 5555 3194 5610 modo
3231 5551 3552 5624 particulam
3580 5544 4010 5624 _conjunctiva_m
4046 5540 4138 5624 ad:

2577 5613 2796 5689 daturus.
2816 5613 3022 5683 Laudat
3039 5627 3182 5681 enim
3209 5613 3550 5680 l‘ulcheriam
3575 5613 3915 5689 Sozomenus
3935 5613 4142 5689 duplici

2578 5685 2819 5763 nomine.
2859 5710 2971 5754 tum
3009 5696 3154 5768 quod
3178 5692 3788 5768 celeriterperspiceret
3821 5685 3948 5768 quid
3976 5699 4143 5753 agea-

2571 5777 2699 5831 dum
2727 5779 2896 5833 esset,
2937 5765 3052 5823 tum
3088 5767 3234 5837 quod
3262 5765 3515 5837 consulta
3549 5765 3960 5837 elisequeretur.
4092 5823 4108 5835 .

2643 5826 2720 5914 (8)
2761 5826 2895 5910 Περὶ
2935 5839 3048 5894 τῶν
3104 5826 3536 5914 ᾗοεγρίιμμένων.
3574 5826 3771 5887 Procul
3803 5826 3971 5884 dubio
3999 5826 4145 5880 scri-

2573 5911 2814 5972 bendum
2848 5921 2931 5968 est
2971 5911 3143 5982 παρά.
