4504 6576
871 475 1010 530 1305

2283 431 2631 521 sozoMENl

3973 465 4116 519 1596

870 585 1146 658 lapidibus
1173 585 1498 643 admirabile
1533 585 1808 656 quoddam
1848 585 2131 640 donarium
2157 625 2172 650 ,
2204 595 2428 653 operum
2458 583 2509 638 Α
2537 568 2645 647 μάτ

2339 595 2428 634 um
2458 583 2509 638 Α
2537 568 2720 647 μάτων
2758 581 3068 650 κάλλιστον,
3102 583 3241 654 ὑπὲρ
3267 583 3362 654 τῆς
3394 582 3527 645 ιδίας
3555 579 3850 653 παρῡενίας
3881 580 3972 632 καὶ
4011 578 4115 648 τῆς

870 693 993 746 qua
1060 686 1380 749 spectantur
1445 678 1604 748 longe
1667 675 2099 746 pulcherrimum
2135 715 2150 740 ,
2213 685 2430 728 sacram
2532 665 2626 724 τοῦ

2331 685 2430 725 'am
2532 665 2626 724 τοῦ
2655 667 2888 744 ἀδελφοῦ
2922 675 3234 746 ἡγεμονίας,
3291 674 3441 746 ἱερὰν
3488 672 3706 727 ἀνέθετο
3740 670 4013 742 τράπεζαν
4051 670 4110 720 ἐν

871 770 1040 841 365
1066 785 1308 826 mensam
1343 770 1395 824 itt
1425 770 1662 826 ecclesia
1688 768 2304 838 Constantinopolitana
2335 779 2434 836 pro
2533 767 2602 836 τῇ

2335 779 2434 836 pro
2533 767 2602 836 τῇ
2673 765 2946 836 ἐκκλησίᾳ
3001 764 3656 824 Κωνσταντινουπόλεωςο
3717 762 3812 814 καὶ
3863 760 3957 812 ἐπὶ
4011 757 4108 811 τοῦ

875 861 1192 930 virginitate
1239 875 1340 916 sua
1390 867 1444 915 et
1484 875 1586 930 pro
1623 858 1810 915 fratris
1850 858 2084 928 imperio
2133 856 2434 911 dedicavit.

875 947 940 1003 Et
981 950 1035 1005 in
1081 949 1260 1006 fronte
1297 949 1476 1020 ipsius
1517 965 1741 1013 mensae,
1791 957 1850 1003 ut
1889 949 2108 1003 cunctis
2140 946 2437 1016 conspicua

873 1049 1080 1105 essent,
1114 1040 1225 1096 haec
1257 1041 1446 1096 eadem
1478 1039 1774 1110 inscripsit.
1801 1039 2099 1109 Postquam
2131 1053 2259 1093 vero
2290 1038 2438 1108 prin-

873 1130 1088 1199 cipatus
1122 1143 1310 1184 curam
1350 1129 1635 1199 suscepit,
1675 1129 1862 1184 orbem
1896 1127 2204 1182 Romanum
2235 1127 2441 1197 optime

873 1235 935 1274 ac
996 1219 1383 1276 decentissime
1429 1220 1802 1290 gubernavit:
1859 1219 2065 1291 quippe
2117 1234 2239 1288 quae
2295 1225 2442 1283 recte

874 1311 1218 1376 consuleret,
1273 1319 1328 1367 et
1364 1311 1616 1368 consulta
1655 1311 1908 1368 celeriter
1953 1317 2348 1382 exsequeretur
2378 1325 2442 1366 ac

875 1403 1158 1459 scriberet.
1185 1403 1317 1457 Nam
1339 1413 1393 1460 et
1426 1405 1573 1474 loqui
1605 1412 1658 1459 et
1687 1405 1935 1459 scribere
1961 1403 2241 1474 eleganter
2274 1402 2443 1456 calle-

874 1495 965 1548 bat
993 1535 1006 1555 .
1052 1503 1160 1549 tam
1206 1491 1396 1550 Graeco
1435 1509 1596 1564 quam
1642 1493 1838 1548 Latino
1876 1509 2148 1549 sermone.
2185 1491 2442 1547 Omnium

874 1600 1004 1640 vero
1026 1601 1146 1656 quae
1168 1586 1523 1656 gerebantur,
1558 1585 1774 1639 laudem
1799 1583 1866 1640 ad
1893 1583 2120 1643 fratrem
2148 1582 2441 1639 referebat.

878 1675 1158 1747 llahatque
1181 1691 1402 1746 operam
1447 1684 1506 1730 ut
1552 1675 1862 1746 disciplinis
1909 1674 1976 1730 ad
2009 1675 2188 1730 artatis
2222 1682 2442 1744 captum

876 1765 1326 1826 accommodatis,
1343 1765 1622 1834 regaliter,
1644 1771 1907 1832 quantum
1938 1762 2054 1817 ﬁeri
2081 1769 2284 1831 posset,
2305 1761 2444 1815 edu-

875 1861 1116 1908 caretur.
1178 1855 1243 1908 Et
1279 1861 1453 1908 artem
1511 1854 1734 1923 quidem
1794 1851 2127 1922 equitandi,
2166 1865 2442 1905 armorum

873 1961 1095 2016 quoque
1143 1961 1208 2001 ac
1257 1920 1566 2002 litterarum
1619 1920 1942 2011 scientiam,
2004 1945 2073 1998 ab
2125 1943 2443 2014 hujusmodi
2477 1920 2516 1978 Β

875 2053 1056 2092 rerum
1102 2037 1294 2108 peritis
1341 2037 1628 2108 discebat,
1662 2035 1730 2090 Ut
1781 2052 1911 2091 vero
1969 2035 2024 2089 in
2084 2024 2446 2106 processibus

874 2128 1115 2198 graviter
1148 2143 1214 2183 ac
1253 2143 1351 2196 pro
1387 2127 1737 2197 imperatoria
1778 2125 2064 2197 majestate
2095 2143 2154 2182 se
2181 2135 2400 2196 gereret
2429 2163 2445 2188 ,

875 2235 905 2273 a
936 2233 1123 2274 sorore
1155 2219 1549 2274 instituebatur
1592 2233 1606 2270 :
1653 2218 1936 2287 quomodo
1975 2225 2180 2272 vestem
2231 2225 2448 2288 gestare

876 2309 1101 2363 deberet
1132 2328 1144 2363 :
1181 2309 1456 2378 quomodo
1495 2307 1816 2370 sedendum,
1845 2317 1900 2362 et
1928 2309 2166 2378 qualiter
2190 2308 2450 2362 inceden-

877 2401 1006 2456 dum
1037 2414 1218 2456 esset:
1259 2399 1533 2471 quomodo
1566 2400 1744 2454 risum
1763 2399 2072 2465 continere,
2108 2407 2162 2453 ct
2193 2413 2296 2469 pro
2327 2398 2452 2452 loco

877 2510 942 2550 ac
992 2504 1236 2564 tempore
1285 2507 1433 2548 nunc
1478 2491 1672 2556 mitis,
1725 2505 1871 2545 nunc
1915 2489 2282 2545 formidabilis
2329 2505 2452 2545 esse

877 2589 1138 2654 deberet,
1179 2597 1235 2642 et
1264 2602 1359 2642 eos
1404 2586 1498 2657 qui
1544 2586 1613 2640 ab
1657 2586 1778 2656 ipso
1808 2585 2014 2654 aliquid
2043 2591 2322 2655 peterent,
2357 2584 2452 2638 de-

878 2687 1069 2732 center
1123 2675 1336 2731 audire.
1388 2675 1496 2730 Sed
1548 2677 1824 2746 praecipue
1888 2690 2013 2729 eum
2047 2673 2139 2728 .ad
2196 2675 2452 2744 pietatem

879 2770 1238 2831 inl‘ormabat,
1271 2767 1648 2824 assuefaeiens
1689 2768 1844 2822 illum
1880 2775 1940 2822 ut
1974 2766 2201 2822 assidue
2232 2773 2454 2828 oraret,

877 2870 933 2918 et
961 2863 1228 2918 ecclesias
1271 2863 1446 2916 adiret
1487 2899 1502 2925 ,
1569 2875 1776 2931 easque
1814 2858 2064 2913 donariis
2104 2873 2166 2912 ac
2201 2857 2456 2929 pretiosis

878 2955 1200 3010 muneribus
1253 2963 1526 3008 ornaret:
1596 2959 1655 3005 ttt
1718 2949 2033 3007 sacerdotes
2071 2990 2085 3016 ,
2155 2963 2456 3018 omnesque

878 3047 1029 3103 viros
1076 3047 1284 3110 bonos,
1339 3053 1395 3098 et
1438 3059 1534 3100 eos
1581 3043 1674 3114 qui
1740 3042 2184 3098 Christianorum
2243 3040 2457 3111 legibus

879 3148 1044 3208 atque
1079 3137 1345 3192 institutis
1389 3135 1942 3206 philosopharentur,
2001 3133 2052 3186 in
2085 3133 2268 3202 pretio
2290 3132 2457 3186 habe-

2540 854 2792 927 μετώπου
2821 855 2921 927 τῆς
2947 856 3244 926 τραπέζης,
3275 854 3350 918 ὡς
3377 853 3444 908 ἂν
3477 854 3641 906 πᾶσιν
3668 849 3865 921 ἔκδηλα
3895 844 3952 922 ᾖ,
3983 849 4112 901 τάδε

2538 947 2866 1019 ἐπέγραψεν.
2925 945 3346 1000 ’Υπεισελθοῦσα
3401 944 3458 998 δὲ
3513 944 3611 1014 τῆς
3662 942 3952 1012 ἡγεμονίας
4014 939 4113 1008 τήν

2540 1039 2817 1110 φροντίδα,
2848 1040 3044 1112 ἄριστα
3073 1038 3168 1092 καὶ
3193 1039 3249 1090 ἐν
3272 1035 3460 1107 κόσμῳ
3490 1033 3668 1103 πολλῷ
3693 1032 3791 1104 τὴν
3826 1031 4119 1101 Ῥωμαίων

2539 1130 2860 1201 οἰκουμένην
2889 1128 3154 1199 διῴκησεν
3178 1146 3191 1160 ·
3240 1123 3297 1182 εὖ
3336 1125 3719 1196 βουλευομένη,
3764 1124 3838 1188 ὼς
3871 1124 3929 1175 ἐν
3957 1121 4114 1189 τάχει

2539 1222 2609 1277 τὰ
2632 1221 2875 1293 πρακτέα
2904 1219 3222 1277 ἐπιτελοῦσα
3243 1219 3335 1274 καὶ
3361 1218 3644 1289 γράφουσα
3671 1214 3770 1284 (7).
3810 1212 4123 1283 Ἦκρίὸωτο

2541 1316 2648 1387 γὰρ
2679 1315 2876 1383 λέγειν,
2922 1316 3016 1368 καὶ
3043 1313 3273 1385 γράφειν
3319 1310 3492 1380 ὀρθῶς
3523 1309 3663 1362 κατὰ
3690 1307 3787 1378 τὴν
3827 1303 4123 1374 Ῥωμαίων

2542 1409 2637 1461 καὶ
2697 1407 2960 1477 Ἐλλήνων
3023 1406 3226 1475 φωνήν.
3292 1402 3412 1455 Τῶν
3465 1400 3524 1454 δέ
3575 1397 3962 1470 πραττομένων
4015 1394 4122 1462 τὴν

2543 1498 2761 1568 δόκησιν
2809 1500 2887 1558 είς
2916 1497 3007 1550 τὸν
3048 1495 3271 1563 ἀδελφὸν
3315 1492 3544 1561 ἀνέφερε
3574 1505 3587 1520 '
3643 1490 3738 1543 καὶ
3777 1485 4114 1556 ἐπεμελεῖτο,

2544 1588 2617 1652 ὡς
2646 1587 2709 1641 ἂν
2739 1587 2969 1658 μάλιστα
3003 1584 3292 1657 βασιλικῶς
3320 1581 3580 1652 ἀναχθείη
3612 1581 3724 1641 τοῖς
3754 1577 3874 1630 καθ’
3899 1575 4116 1645 ήλικίαν

2544 1678 2949 1749 παιδευομένοις
2983 1675 3312 1747 μαθήμασιν.
3350 1671 3490 1725 Ἀλλ’
3528 1669 3754 1739 ἱππικὴν
3779 1667 3876 1738 μὲν
3902 1665 3994 1719 καὶ
4016 1665 4118 1732 τὴν

2546 1774 2602 1825 ἐν
2642 1773 2754 1833 τοῖς
2791 1769 2975 1832 ὅπλοις
3019 1767 3254 1827 καὶτοῖς
3286 1762 3463 1831 λόγοις
3509 1760 3761 1830 ἄσκησιν,
3813 1755 3965 1826 παρὰ
4007 1753 4123 1806 τῶν

2547 1861 2921 1930 ἐπιστημόνων
2973 1856 3359 1922 ἐξεδιδόωκετο.
3418 1853 3551 1922 Περὶ
3609 1850 3667 1903 δὲ
3707 1848 3807 1910 τὰς
3855 1845 4115 1917 προόδους

2547 1953 2769 2021 κόσμιος
2801 1946 2936 2002 εἶναι
2978 1949 3068 2001 καὶ
3096 1947 3388 2018 βασιλικὸς,
3423 1944 3572 2016 παρὰ
3609 1942 3707 2011 τῆς
3750 1939 3985 2006 ἀδελφῆς
4025 1938 4121 2007 ἐρ-

2549 2041 2838 2112 ρυθμίζετο
2868 2059 2881 2071 ·
2930 2035 3194 2112 ἐσθῆταῇ
3242 2037 3348 2108 χρὴ
3393 2035 3764 2106 περιστέλλειν
3809 2030 4118 2101 μανθάνων,

2547 2135 2640 2187 καὶ
2665 2133 2850 2202 τρόπῳ
2875 2132 2979 2184 τίνι
3009 2129 3299 2202 καθῆσθαι,
3342 2129 3436 2181 καὶ
3463 2126 3718 2197 βαδίζειν,
3759 2124 3852 2176 καὶ
3885 2121 4122 2182 γέλωτος

2548 2227 2786 2289 κρατεῖν,
2822 2222 2917 2276 καὶ
2949 2223 3120 2292 πρᾶος
3146 2221 3240 2272 καὶ
3277 2218 3504 2288 φοϐερὸς
3531 2218 3589 2269 ἐν
3621 2214 3797 2285 καιρῷ
3830 2208 3989 2276 εἶναι,
4026 2211 4123 2263 καὶ

2549 2314 2820 2385 ἁρμοδίως
2867 2313 3225 2367 πυνθάνεσθαι
3257 2312 3364 2364 τῶν
3399 2311 3526 2381 περί
3564 2327 3657 2361 του
3683 2307 3969 2375 δεομένων.
4011 2305 4123 2372 Οὐχ

2548 2407 2745 2477 ἥκιστα
2765 2405 2822 2458 δὲ
2847 2405 2926 2464 εἰς
2953 2403 3234 2457 εὐσέϐειαν
3255 2403 3413 2456 αὑτὸν
3440 2398 3562 2471 ἦγε,
3588 2398 3823 2469 συνεχῶς
3844 2395 4121 2466 εὔχεσθαι,

2550 2501 2644 2552 καὶ
2701 2498 2820 2559 ταῖς
2873 2496 3186 2566 ἐκκλησίαις
3221 2495 3408 2565 φοιτᾷν
3437 2492 3688 2555 ἐθίζουσα
3713 2507 3726 2520 '
3779 2490 3872 2542 καὶ
3915 2487 4122 2557 ἀναθή-

2554 2608 2686 2662 μασι
2708 2589 2800 2642 καὶ
2821 2588 3122 2659 κειμηλίοις
3142 2588 3268 2650 τοὺς
3287 2583 3604 2656 εὐκτηρίους
3624 2582 3802 2643 οἴκους
3821 2579 4122 2650 γεραίρειν

2551 2686 2646 2737 καὶ
2673 2685 2730 2736 ἐν
2756 2684 2886 2752 τιμῇ
2935 2681 3075 2752 ἔχειν
3122 2682 3249 2744 τοὺς
3279 2679 3457 2749 ἱερέας
3477 2718 3492 2742 ,
3543 2677 3635 2730 καὶ
3662 2675 3851 2736 ἄλλους
3884 2671 4128 2740 ἀγαθοὺς

2552 2775 2770 2846 ἄνδρας,
2812 2773 2906 2825 καὶ
2953 2772 3080 2834 τοὺς
3108 2771 3257 2841 νόμῳ
3300 2767 3635 2840 Χριστιανῶν
3679 2763 4124 2835 φιλοσοφοῦντας.

2553 2866 2628 2919 Οὐ
2658 2865 2764 2935 μὴν
2791 2863 2927 2917 ἀλλὰ
2954 2863 3046 2916 καὶ
3075 2861 3180 2916 ὑπὸ
3206 2861 3375 2915 νόθων
3401 2859 3685 2928 δογμάτων
3712 2852 4129 2932 νεωτερίζεσθαι

2555 2953 2968 3024 κινδυνευούσης
3023 2952 3121 3022 τῆς
3167 2951 3499 3022 θρησκείας,
3553 2947 3753 3017 σπουδῇ
3807 2947 3901 2998 καὶ
3951 2943 4128 3011 σοφῶς

2557 3043 2823 3116 προῦστη.
2869 3043 2976 3096 Καὶ
3003 3043 3099 3094 τοῦ
3130 3040 3203 3111 μὴ
3237 3038 3428 3102 καινὰς
3460 3038 3696 3106 αἱρέσεις
3747 3037 3803 3088 ἐν
3851 3037 3962 3097 τοῖς
4009 3031 4132 3085 καθ’

2557 3135 2702 3206 ἡμᾶς
2735 3134 2947 3206 Χρόνοις
2995 3133 3234 3203 κρατεῖν,
3286 3129 3516 3200 μάλιστα
3547 3128 3716 3198 αὐτὴν
3757 3125 3938 3178 αἰτίαν
3971 3125 4129 3194 εὑρή-

881 3241 982 3288 ret.
1030 3231 1294 3287 Praeterea
1338 3245 1462 3284 cum
1495 3245 1586 3300 per
1619 3228 1927 3283 adulterina
1959 3225 2215 3296 dogmata
2255 3226 2449 3297 religio
2476 3249 2520 3308 ρ
2559 3245 2660 3296 σομ

2359 3227 2449 3297 gio
2476 3249 2520 3308 ρ
2559 3243 2753 3296 σομεν,
2807 3226 2883 3289 ὡς
2924 3225 2981 3278 ἐν
3031 3225 3141 3286 τοῖς
3189 3221 3328 3292 μετὰ
3365 3220 3538 3274 ταῦτα
3588 3217 3865 3288 εἰσόμεθα.
3918 3216 4035 3268 Δέει
4079 3215 4133 3266 8‘:

882 3325 1157 3382 turbanda
1192 3340 1316 3381 esse
1341 3323 1642 3388 videretur,
1670 3323 1788 3394 ipsa
1816 3322 2068 3378 studiose
2091 3336 2156 3375 ac
2184 3320 2459 3391 sapienter
2496 3307 2501 3308 ί
2561 3318 2661 3373 πολ

2356 3334 2459 3376 tter
2496 3307 2501 3308 ί
2561 3316 2739 3388 πολλῷ
2773 3317 2834 3370 τὺ
2860 3316 3014 3370 Θεῖον
3049 3311 3424 3385 θρησκεύουσα
3446 3353 3460 3378 ,
3518 3307 3726 3380 μακρὸν
3767 3307 3832 3361 ἂν
3866 3307 3950 3376 εἴη
3985 3307 4134 3376 παρὰ

795 3427 798 3430 ’
884 3421 1185 3492 prospexit.
1216 3418 1376 3474 Certe
1403 3417 1550 3488 quod
1603 3432 1757 3472 nova:
1793 3417 2032 3472 haereses
2076 3423 2268 3469 nostra
2301 3422 2461 3470 astate
2561 3428 2574 3461 η

2354 3422 2461 3470 tate
2561 3410 2670 3463 τίσι
2711 3408 2919 3476 λέγειν,
2969 3407 3064 3460 καὶ
3105 3406 3300 3466 πόσους
3335 3401 3654 3472 εὐκτηρίους
3692 3399 3871 3460 οἴκους
3901 3395 4133 3466 μεγαλο-

889 3513 1112 3568 minime
1145 3509 1566 3584 praevaluerint,
1619 3510 1767 3565 illam
1808 3509 1863 3564 in
1893 3522 2058 3564 causa
2095 3505 2266 3562 fuisse
2304 3519 2460 3576 repe-

889 3604 1092 3658 riemus
1111 3642 1126 3667 ,
1155 3603 1298 3658 sicut
1325 3603 1378 3656 in
1416 3601 1774 3672 sequentibus
1807 3608 2174 3671 cognoscetur
2196 3597 2459 3668 apertius.

888 3694 1060 3749 Porro
1089 3708 1211 3748 cum
1256 3691 1424 3748 Deum
1469 3693 1709 3746 maxima
1754 3690 2026 3759 religione
2055 3688 2302 3752 coleret,
2336 3701 2464 3756 pro-

891 3787 1064 3843 lixum
1107 3783 1272 3840 fuerit
1323 3797 1650 3845 recensere,
1703 3781 1844 3852 apud
1887 3794 2030 3851 quos
2067 3778 2162 3834 illa
2188 3819 2202 3843 ,
2246 3786 2301 3833 et
2332 3785 2465 3848 quot

889 3876 1158 3934 ecclesias
1208 3873 1496 3946 magniﬁce
1538 3873 1959 3928 construxerit:
1997 3878 2130 3941 quot
2163 3868 2465 3925 diversoria

892 3981 1192 4040 pauperum
1225 3979 1290 4020 ac
1325 3965 1786 4037 peregrinorum;
1833 3970 1968 4032 quot
2007 3961 2246 4032 denique
2276 3974 2468 4015 mona-

892 4057 1062 4116 steria
1111 4055 1495 4118 constituerit,
1535 4055 1814 4125 perpetuis
1864 4051 2181 4122 sumptibus
2231 4049 2299 4104 ad
2352 4050 2468 4106 haec

893 4150 1230 4216 destinatis,
1296 4157 1352 4204 et
1402 4162 1622 4202 annona
1668 4146 1736 4200 ad
1781 4145 2009 4201 alendus
2065 4160 2160 4200 eos
2211 4144 2303 4214 qui
2357 4144 2469 4200 illic

893 4250 1199 4298 manerent.
1243 4238 1397 4307 Quod
1446 4239 1492 4296 si
1531 4239 1657 4310 quis
1691 4253 1760 4293 ex
1801 4239 1970 4294 rebus
2012 4238 2149 4309 ipsis
2182 4236 2466 4292 veritatem

893 4335 1134 4393 scrutari
1179 4335 1369 4398 malit,
1403 4347 1566 4403 quam
1597 4331 1783 4387 verbis
1835 4332 1972 4387 meis
2011 4331 2268 4395 credere,
2319 4329 2470 4384 inve-

894 4431 1011 4487 niet
1040 4427 1318 4501 profecto,
1363 4442 1450 4483 me
1480 4440 1580 4481 nec
1609 4423 1790 4489 falso,
1830 4439 1932 4480 nec
1972 4423 2038 4478 ad
2084 4423 2312 4491 gratiam
2363 4421 2469 4477 ista

895 4524 1186 4580 scribere:
1229 4520 1359 4576 dum
1404 4520 1598 4575 harum
1634 4533 1816 4573 rerum
1859 4516 2157 4580 notitiam,
2206 4529 2236 4567 a
2267 4528 2468 4584 procu~

896 4616 1177 4672 ratorihus
1217 4615 1484 4670 bonorum
1538 4611 1690 4666 illius
1735 4610 2106 4680 perscriptam
2156 4607 2386 4676 legerit,
2419 4615 2471 4660 et

896 4726 959 4765 ex
992 4708 1219 4779 scriptis
1248 4703 1618 4778 exploraverit
1653 4717 1786 4758 num
1835 4717 1924 4757 res
1962 4702 2096 4771 ipsa:
2133 4714 2258 4753 cum
2290 4698 2472 4752 verbis

897 4800 1107 4857 nostris
1142 4797 1514 4855 consentiant.
1562 4794 1618 4849 Si
1651 4793 1740 4849 cui
1787 4807 1918 4848 vero
1969 4793 2087 4846 haec
2127 4807 2222 4862 per
2256 4806 2315 4846 se
2353 4790 2472 4845 sola

899 4911 1010 4951 non
1040 4891 1351 4955 suﬂ‘tciunt,
1383 4897 1438 4943 at
1470 4895 1620 4943 certe
1650 4885 1796 4941 Deus
1835 4885 1912 4940 illi
1954 4884 2116 4940 [idem
2149 4883 2345 4946 faciat,
2379 4884 2472 4952 qui

900 4989 1048 5043 illam
1075 4986 1145 5042 ob
1172 4985 1294 5039 vita:
1322 4980 1748 5038 sanctimoniam
1783 4979 1920 5034 adeo
1950 4977 2177 5033 charam
2223 4975 2386 5030 habet
2417 4980 2471 5030 et

900 5090 1181 5150 acceptam
1203 5115 1218 5141 ,
1267 5081 1327 5130 ut
1364 5088 1483 5130 eam
1521 5079 1770 5128 orantem
1801 5070 2056 5126 celeriter
2089 5067 2383 5131 exaudiat,
2410 5080 2475 5120 ac

901 5183 1277 5243 szepenumero
1306 5182 1430 5238 qua:
1465 5165 1704 5235 gerenda
1735 5171 1864 5220 sunt
1897 5163 1944 5219 ei
1979 5161 2332 5233 praettnntiet.
2369 5157 2474 5214 Ne-

902 5281 1008 5337 que
1028 5264 1175 5322 enim
1208 5261 1300 5318 Dei
1325 5274 1567 5316 amorem
1599 5274 1664 5314 ac
1692 5246 2128 5314 benevolentiam
2157 5251 2491 5337 hominibus.

2563 3500 2786 3572 πρεπῶς
2810 3498 3149 3568 ἐτεκτήνατο·
3181 3494 3322 3548 πόσα
3351 3492 3407 3546 δέ
3435 3488 3754 3559 καταγώγια
3777 3487 4009 3557 πτωχῶν
4043 3484 4138 3537 καὶ

2565 3590 2751 3656 ξένων,
2801 3588 2896 3641 καὶ
2934 3585 3263 3658 μοναστικὰς
3310 3582 3582 3645 συνοικίας
3631 3580 4013 3648 συνεστήσατο,
4061 3575 4139 3628 δι-

2565 3684 2732 3753 ηνεκῆ
2760 3681 2966 3744 ταξασα
2998 3678 3097 3748 τὴν
3133 3678 3212 3739 εἰς
3244 3675 3416 3730 ταῦτα
3457 3673 3721 3742 δαπάνην,
3763 3673 3855 3724 καὶ
3885 3669 3945 3722 τὸ
3988 3685 4138 3737 σιτη-

2568 3777 2746 3848 ρέσιον
2773 3774 2881 3827 τῶν
2907 3769 3276 3826 ἐνοικούντων.
3313 3769 3378 3822 Εἴ
3400 3785 3477 3836 τῳ
3501 3766 3560 3820 δὲ
3591 3765 3743 3835 φίλον
3767 3765 3831 3816 ἐκ
3861 3761 3969 3814 τῶν
4000 3776 4139 3828 πρα-

2567 3866 2792 3936 γμάτων
2828 3862 3117 3935 πειρᾶσθαι
3157 3860 3254 3930 τῆς
3292 3857 3566 3930 ἀληθείας,
3617 3855 3710 3909 καὶ
3747 3853 3820 3925 μὴ
3848 3855 3960 3915 τοῖς
3989 3853 4140 3920 ἐμοῖς

2567 3955 2848 4010 πείθεσθαι
2875 3955 3073 4023 λόγοις,
3119 3951 3418 4025 μαθήσεται
3450 3949 3528 4021 μὴ
3554 3946 3785 4018 ψευδῶς,
3838 3943 3972 4016 μηδὲ
4007 3942 4140 4014 πρὸς

2567 4051 2726 4123 χάριν
2765 4065 2832 4120 με
2864 4047 2991 4101 τάδε
3021 4045 3375 4116 συγγράφειν,
3417 4044 3466 4096 εἰ
3495 4039 3642 4111 παρὰ
3678 4037 3787 4092 τῶν
3813 4037 4140 4106 ἐπιτροπευ-

2567 4142 2734 4196 όντων
2758 4139 2848 4192 τὸν
2876 4138 3043 4208 αὐτῆς
3071 4132 3216 4190 οἷκον
3247 4135 3590 4205 ἀνάγραπτον
3621 4127 3784 4184 οὖσαν
3813 4126 4008 4181 διέλθοι
4035 4124 4141 4178 τῶν

2569 4230 2820 4286 τοιούτων
2861 4229 3096 4298 γνῶσιν,
3147 4226 3239 4281 καὶ
3282 4223 3432 4296 παρὰ
3478 4222 3586 4277 τῶν
3635 4217 4033 4292 γεγραμμένων
4064 4215 4138 4283 (8)

2571 4322 2812 4383 πύθοιτο,
2843 4320 2892 4374 εί
2933 4321 2999 4390 τῇ
3043 4319 3228 4390 γραφῇ
3278 4314 3493 4386 συνᾴδει
3519 4312 3588 4365 τὰ
3619 4311 3936 4382 πράγματα.
3985 4302 4056 4376 ᾯ
4084 4304 4142 4357 δὲ

2575 4417 2648 4489 μὴ
2695 4413 2868 4468 ταῦτα
2905 4411 3040 4483 μόνα
3076 4409 3212 4482 πρὸς
3260 4409 3438 4460 πίστιν
3480 4406 3658 4477 ἀρκεῖ,
3693 4398 4000 4456 πιστούσθω
4049 4397 4140 4450 καὶ

2572 4508 2704 4570 θεὸς
2738 4504 2920 4566 αὐτὸς,
2959 4503 3173 4563 πάντως
3203 4516 3306 4552 που
3344 4497 3434 4552 διὰ
3466 4497 3562 4568 τὴν
3589 4493 3860 4548 πολιτείαν
3917 4506 4142 4560 κεχαρι-

2503 4586 2548 4642 Ῑ)
2578 4599 2782 4670 σμένην
2801 4594 2969 4666 αὐτὴν
2987 4592 3142 4662 ἐχωψ
3159 4590 3234 4654 ὡς
3249 4588 3544 4660 εὐχομένης
3568 4585 3798 4656 ἑτοίμως
3822 4582 4141 4646 ὑπακούειν,

2577 4694 2671 4747 καὶ
2695 4688 2952 4750 πολλάκις
2977 4686 3114 4755 αὐτῇ
3141 4683 3270 4752 περὶ
3287 4681 3396 4735 τῶν
3417 4678 3702 4752 πρακτέων
3732 4674 4144 4747 προφαίνεσθαι.

2579 4787 2654 4841 Οὐ
2685 4785 2795 4855 γὰρ
2829 4781 2894 4836 ἂν
2923 4780 3087 4850 φαίην
3129 4777 3258 4832 ποτὲ
3288 4774 3588 4844 θεοφίλειαν
3613 4769 4006 4842 παραγίνεσθαι
4034 4771 4144 4830 τοῖς

2578 4875 2903 4948 ἀνθρώποις,
2934 4872 3002 4942 ἢν
3039 4871 3112 4942 μή
3139 4869 3276 4938 σφᾶς
3303 4866 3482 4932 ἀξίους
3503 4864 3706 4935 ταύτης
3733 4860 3822 4915 διὰ
3843 4860 3950 4913 τῶν
3969 4859 4146 4932 ἔργων

2579 4968 2908 5039 παρέχωσιν.
2943 4961 3082 5016 Ἀλλ’
3116 4961 3215 5014 ὅσα
3243 4958 3339 5031 μὲν
3366 4956 3473 5010 τῶν
3507 4953 3627 5008 καθ’
3655 4952 3880 5006 ἕκαστον
3902 4951 3981 5012 είς
4013 4949 4144 5002 ἁπό-

2578 5060 2744 5125 δειξιν
2778 5053 2948 5130 ¹ἧκεν,
2997 5049 3408 5107 ἐπιδεικνύντων
3445 5044 3679 5115 θεοφιλῆ·
3715 5041 3853 5097 εῖναι
3904 5041 4002 5111 τὴν
4050 5039 4145 5093 τοῦ

2582 5150 2845 5224 βασιλέως
2893 5145 3156 5215 ἀδελφὴν,
3206 5139 3346 5194 ἐκὼν
3408 5139 3640 5209 παρήσω
3684 5134 3859 5200 τέως,
3922 5132 3998 5203 μὴ
4050 5133 4145 5184 καὶ

2585 5242 2910 5318 μωμήσηταί
2928 5257 3012 5304 τις
3031 5238 3106 5303 ὡς
3128 5236 3288 5308 ’ἐτερα
3311 5227 3850 5304 πραγματευόμενος,
3872 5227 3951 5289 εἰς
3978 5226 4146 5294 ἐγκω-

2099 5427 2369 5486 VALESII
2407 5419 2961 5481 ANNOTATIONES.

978 5540 1054 5608 (7)
1098 5538 1180 5593 Τὰ
1217 5538 1480 5607 πρακτέα
1509 5533 1640 5608 __x(_zl
1686 5531 2025 5608 γράφουσα.
2097 5526 2228 5608 Post
2281 5540 2472 5608 vocent

910 5596 1194 5683 πρακτέα,
1255 5596 1439 5663 ’ροόεκ
1509 5596 2184 5683 Eukctia'nu'sminterserit
2247 5596 2474 5675 verbtttu

908 5664 1230 5737 ἐπιτελοῦσα
1256 5721 1271 5743 ,
1325 5675 1800 5748 ι]ιιιειιιιιιιιιιικιιιιιιΔ
1831 5669 2367 5748 Chrislophorsonus
2421 5664 2476 5748 in

908 5736 1240 5821 quibusdam
1261 5736 1668 5821 exemplaribus
1696 5744 1960 5821 scripturn
1988 5736 2294 5821 invenerat;
2320 5736 2474 5821 Apud

912 5809 1277 5892 Nicephorum
1312 5809 1514 5892 tamen,
1554 5817 1606 5869 itt
1638 5831 1757 5884 cap.
1790 5809 1824 5867 (Ξ
1870 5815 1962 5892 lih.
2001 5827 2110 5872 stv,
2145 5827 2254 5892 non
2283 5809 2479 5892 legit-ur

915 5897 1017 5948 huc
1051 5879 1281 5949 'verbutn
1318 5909 1328 5944 ;
1366 5889 1508 5961 quod
1544 5879 1725 5942 tamen
1753 5902 1857 5947 twn
1891 5883 2126 5940 otiosum
2166 5879 2296 5935 mihi
2329 5879 2480 5933 vidc-

2581 5529 2672 5575 tnr
2709 5519 2812 5571 hoc
2860 5518 2998 5578 loco,
3037 5511 3198 5566 modo
3235 5508 3556 5581 particulam
3585 5501 4014 5581 _conjunctiva_m
4051 5497 4142 5581 ad:

2582 5570 2796 5645 damus.
2821 5570 3026 5640 Laudat
3044 5584 3187 5637 enim
3213 5570 3554 5636 l‘ulcheriam
3579 5570 3920 5645 Sozomenus
3940 5570 4146 5645 duplici

2583 5642 2824 5719 nomine,
2864 5666 2976 5711 tntn
3015 5653 3159 5725 quod
3183 5648 3792 5725 celeriterperspiceret
3825 5642 3952 5725 quid
3981 5656 4147 5710 agen-

2575 5733 2704 5787 dtttu
2732 5735 2900 5789 esset,
2943 5722 3057 5779 tum
3093 5723 3238 5794 quod
3267 5722 3520 5794 consulta
3554 5722 3966 5794 οξεθιιιιρτςξιιιιι.
4096 5780 4112 5792 θ

2648 5801 2725 5871 (8)
2766 5783 2900 5867 Περί
2941 5795 3053 5850 τῶν
3109 5783 3542 5871 γεγραμμένων.
3579 5783 3775 5844 Procul
3808 5783 3976 5840 dubio
4004 5783 4148 5837 scri-

2579 5867 2820 5929 bendum
2853 5877 2936 5925 cst
2977 5867 3148 5939 παρὰ.
