4504 6576
356 411 492 468 1597
1272 415 1592 471 lllSTORlA
1634 414 2135 471 ECCLESIASTIC.‘

1843 414 2183 470 ISIASTICA.
2226 440 2294 457 —
2335 417 2462 472 LIB.
2506 419 2594 474 ΙΧ.
3484 427 3622 482 1598

363 530 500 600 μίων
540 530 702 600 νόμον
739 529 1001 601 ὲτράττην.
1052 533 1116 585 '0
1149 531 1202 584 δέ
1245 549 1333 585 μοι
1372 545 1466 585 καί
1493 534 1614 585 κατ’
1642 532 1802 586 αὐτὸν
1833 530 1933 602 (9),
1966 537 2012 593 Α
2041 547 2142 597 unq

1843 530 1933 602 [9),
1966 537 2012 593 Α
2041 547 2286 602 unquam
2321 538 2612 591 conciliari
2651 538 2884 593 dixerim
2909 579 2922 602 ,
2963 539 3068 594 nisi
3107 541 3181 593 illi
3213 542 3478 609 operibus
3507 545 3622 600 suis

360 619 824 693 ἐκκλησιαστικῆς
859 641 917 676 τε
948 625 1187 693 ἱστορίας
1203 625 1334 678 ἴδιον
1365 621 1504 678 εἶναι
1520 624 1684 687 δοκεῖ,
1701 625 1794 687 καὶ
1823 623 1940 676 θεο-
2038 623 2139 694 digl

1843 627 1940 676 lso—
2038 623 2236 694 dignos
2269 641 2329 679 se
2359 643 2545 684 amore
2574 631 2670 684 illo
2706 633 3083 699 priestiteriut.
3128 634 3204 688 Ac
3253 636 3466 705 singula
3497 640 3622 707 qui-

361 715 570 783 φιλείας
617 716 786 785 αὐτῆς
825 716 1126 788 περιφανὴς
1182 715 1419 787 ἐλεγχος,
1466 717 1694 770 αὐτόθεν
1724 715 1853 787 ἐρῶ,
1885 716 1935 768 ei
2040 717 2140 772 den

1840 756 1853 779 ,
1885 716 1935 768 ei
2040 717 2162 772 dem
2203 733 2268 772 ex
2313 721 2514 788 quibus
2564 723 2935 776 demonstrari
3003 736 3181 794 potest
3243 728 3351 782 Deo
3397 730 3619 783 charam

360 809 452 860 καὶ
480 808 657 878 χρόνῳ
680 807 903 878 ὕστερον
935 808 1150 877 συνὲὅη.
1182 809 1335 877 Ἔχει
1370 809 1425 860 δὲ
1454 803 1578 863 ὧδε.
2039 821 2139 862 εδει

2039 821 2162 863 esse
2197 810 2554 880 imperatoris
2583 827 2851 876 sororem,
2891 815 3248 886 366libens
3281 818 3369 873 hic
3402 829 3625 888 praeter—

361 912 457 962 eo,
507 914 573 951 ne
612 901 734 976 quis
767 900 905 953 forte
958 902 1324 955 calumnietur
1354 917 1461 965 tne,
1507 902 1598 973 qui
1652 901 1802 956 aliud
1849 897 2130 955 scribendi
2174 915 2562 972 argumentum
2609 910 2970 976 susceperim,
3036 911 3102 964 ad
3141 912 3333 966 laudes
3372 922 3426 966 et
3460 929 3626 966 σηρο-

362 992 467 1042 mia
511 973 800 1046 divel'tcre.
843 991 980 1047 Illud
1023 1008 1152 1048 vero
1195 995 1339 1063 quod
1386 1010 1482 1063 per
1534 997 1778 1064 seipsum
1825 999 1881 1048 et
1918 993 2316 1050 ecclesiastica:
2370 998 2618 1052 historia:
2664 1014 2970 1069 congruum
2996 996 3138 1055 esse
3182 1005 3313 1056 mihi
3381 1005 3622 1067 videtur,

361 1089 413 1134 et
444 1082 618 1136 divini
652 1085 703 1136 in
736 1085 886 1138 illam
914 1087 1118 1140 amoris
1145 1088 1500 1156 perspicuum
1558 1093 1962 1156 argumentum,
2005 1083 2106 1139 hoc
2156 1088 2280 1142 loco
2321 1093 2767 1145 commemorabo
2791 1131 2805 1155 ,
2859 1094 3112 1161 quamvis
3148 1096 3431 1164 aliquanto
3501 1107 3625 1168 post

363 1173 647 1228 acciderit.
684 1175 773 1229 Est
811 1189 990 1233 autem
1024 1180 1364 1246 huiusmodi.

973 1275 1223 1329 ΚΕΦΛΛ.
1267 1276 1373 1328 Β’.ι

433 1360 576 1429 Περὶ
607 1361 717 1429 τῆς
745 1366 1036 1449 eopse/atat,-
1066 1365 1184 1419 τῶν
1207 1365 1515 1449 λειψὰξων
1543 1365 1662 1420 τῶν
1693 1365 1877 1434 ἁγίων

751 1440 1202 1503 τεσσαράκοντα
1233 1440 1565 1506 μαρτύρων.

434 1524 573 1596 Γυνή
605 1543 687 1589 τις
721 1526 955 1580 Εὐσεϐία
995 1526 1251 1598 τοῦνομα,
1287 1531 1532 1593 διάκονος
1564 1531 1664 1599 τῆς
1702 1529 1947 1584 Μακεδο-

365 1617 479 1670 νίου
520 1619 804 1688 αἱρέσεως,
849 1621 1056 1690 οἴκημα
1099 1623 1193 1674 καὶ
1225 1621 1400 1691 κῆπον
1428 1619 1540 1692 εἶχε
1572 1622 1678 1692 πρὸ
1705 1621 1800 1674 τοῦ
1833 1622 1944 1674 τεί-

365 1727 492 1778 >ςους
531 1711 628 1779 τῆς
676 1713 1297 1776 Κωνσταντινουπὸλεως
1329 1730 1342 1743 ·
1401 1716 1495 1767 καὶ
1547 1713 1669 1784 ἱερὰ
1716 1713 1946 1785 λείψανα

2699 1271 2852 1326 CAP.
2904 1273 2966 1326 ΙΙ.

2055 1362 2130 1416 De
2179 1364 2477 1418 inventione
2516 1362 2862 1434 reliquiarum
2909 1376 3216 1420 sanctorum
3272 1369 3626 1437 quaaraginta

2673 1446 2993 1505 martyrum.
3560 1446 3576 1462 ί

2121 1527 2319 1582 Mulier
2367 1529 2657 1598 quaedam,
2690 1529 2954 1584 'Eusebia
3001 1531 3257 1596 nomine,
3312 1531 3627 1590 diaconissa

2047 1632 2211 1676 sectae
2236 1621 2672 1684 Macedonianze,
2707 1623 2850 1677 aedes
2879 1632 2933 1678 et
2965 1624 3180 1677 hortum
3213 1625 3450 1678 habebat
3477 1625 3624 1680 haud

2052 1715 2242 1783 procul
2271 1730 2300 1768 a
2338 1715 2617 1769 moenibus
2646 1715 2800 1769 urbis
2839 1714 3482 1782 Constantinopolitatue.
3515 1715 3629 1769 lllic

363 1803 553 1856 ἐνθάδε
601 1804 865 1872 ἐφύλαττε
910 1805 1017 1858 τῶν
1062 1807 1121 1860 ἐν
1163 1806 1458 1876 Σεϐαστείᾳ
1502 1806 1604 1875 τῆς
1651 1791 1949 1876 ’Δρμενίας
1979 1789 2018 1842 Β
2053 1821 2142 1860 sac

1847 1791 1949 1867 νίας
1979 1789 2018 1842 Β
2053 1810 2243 1860 sacras
2293 1806 2557 1874 reliquias
2602 1805 2954 1860 custodiebat
2989 1806 3361 1874 quadraginta
3392 1807 3626 1882 militum

364 1895 508 1948 κατὰ
537 1897 664 1959 τοὺς
697 1899 938 1972 Λικινίου
981 1898 1207 1968 χρόνους
1237 1899 1705 1968 μαρτυρησάντων
1751 1915 1945 1950 τεσσα-

369 1988 606 2056 ράκοντα
631 1990 1040 2059 στρατιωτῶνιι.
1077 1990 1360 2043 Μέλλουσα
1393 1988 1450 2042 δὲ
1478 1989 1756 2057 τελευτᾷν.
1814 2004 1948 2039 κατα

368 2079 524 2130 ἐλιπε
554 2079 643 2132 τὸν
668 2082 1060 2151 προειρημένον
1088 2082 1251 2134 τόπον
1280 2084 1527 2150 μοναχοίς
1557 2079 1948 2148 ὀμοδὰξοις,καὶ

373 2172 494 2240 μεθ’
528 2173 708 2241 ὅρκων
746 2173 924 2225 αὐτῶν
953 2173 1142 2243 ἐδεήθη
1177 2175 1358 2225 ἐκεῖσε
1402 2173 1637 2239 ταφῆναι
1661 2187 1675 2201 ’
1724 2173 1863 2242 ὑπὲρ
1891 2171 1946 2224 δὲ

369 2264 613 2334 κεφαλῆς
651 2265 744 2319 ἐπὶ
911 2267 1064 2336 ἄκρῳ
1093 2267 1190 2336 τῆς
1221 2265 1390 2334 αὐτῆς
1420 2265 1580 2335 σορὸν
1627 2265 1733 2335 εδίᾷ
1772 2265 1946 2330 ξέσαιν

371 2357 466 2408 καὶ
506 2357 938 2424 συγκαταθέσοαι
969 2359 1104 2428 αὐτῇ
1136 2359 1242 2410 τῶν
1275 2356 1563 2428 μαρτύρων
1591 2358 1659 2410 τι
1697 2358 1946 2425 λείψανα,

371 2451 466 2500 καὶ
509 2451 700 2518 μηδενὶ
747 2450 1148 2520 καταμηνύσω.
1195 2450 1304 2502 Καὶ
1335 2453 1384 2502 oi
1426 2450 1526 2519 μὲν
1560 2444 1662 2504 ὧδε
1707 2451 1942 2502 ἐποίουν.

375 2541 538 2592 Ὥστε
565 2540 619 2593 δὲ
655 2541 754 2609 τῆς
788 2540 1170 2612 προσηκούσης
1201 2542 1492 2612 θεραπείας
1523 2542 1949 2611 μεταλαγχάνειν

371 2634 498 2694 τοὺς
539 2632 821 2703 μάρτυρας
851 2651 862 2662 ·
905 2633 999 2686 καὶ
1026 2635 1152 2694 τοὺς
1182 2634 1379 2697 ἔξωθεν
1420 2637 1634 2702 ἀγνοεῖν
1657 2651 1670 2664 ·
1716 2635 1855 2688 κατὰ
1882 2635 1950 2687 τὰ

376 2726 764 2794 συντεθειμένα
811 2725 946 2795 πρὸς
984 2727 1280 2789 Εὑσεϐίαν,
1332 2727 1619 2798 εὐκτήριον
1653 2723 1796 2780 οἷκον
1847 2727 1952 2780 ὑπὸ

375 2819 476 2886 γῆν
519 2817 873 2888 ὲτεκτὴναντο
918 2819 1044 2889 περὶ
1087 2819 1184 2889 τὴν
1231 2819 1400 2890 αὐτῆς
1433 2820 1637 2889 θήκην·
1693 2822 1772 2883 εἰς
1803 2819 1859 2872 δὲ
1892 2817 1954 2870 τὸ

377 2911 670 2980 προψανὲς,
691 2911 812 2982 οἴκη
823 2929 896 2982 μα
926 2913 1182 2992 ὑπεράνω
1205 2915 1441 2976 πλίνθοις
1466 2915 1657 2976 ὀπταῖς
1679 2915 1738 2966 τὸ
1761 2915 1954 2982 ἔδαφος

374 3004 770 3074 ἠμφιεσμένον,
804 3006 898 3058 καὶ
923 3006 1255 3060 καταϐάσιον
1282 3009 1344 3060 ὲκ
1373 3008 1560 3059 τούτου
1582 3007 1839 3060 λανθάνον
1863 3008 1954 3058 ἐπὶ

375 3098 500 3157 τοὺς
535 3096 836 3166 μάρτυρας.
870 3099 1024 3150 Μετὰ
1052 3099 1108 3151 δὲ
1146 3098 1315 3150 ταῦτα
1350 3099 1650 3168 Καιπάριος
1684 3098 1821 3168 ἀνὴρ
1847 3099 1954 3151 τῶν

376 3187 494 3239 τότε
523 3187 580 3238 ὲν
603 3186 849 3255 δυνάμει,
878 3187 936 3250 ὃς
959 3189 1053 3240 καὶ
1079 3189 1285 3241 ὑπάτου
1313 3190 1405 3242 καὶ
1425 3190 1668 3258 ὑπάρχου
1696 3191 1775 3251 εἰς
1801 3189 1957 3253 άξίαν

379 3278 640 3347 προῆλθε,
686 3277 949 3332 θανοῦσαν
999 3280 1164 3332 αὐτοῦ
1224 3281 1323 3349 τὴν
1380 3281 1624 3351 γαμετὴν
1669 3280 1820 3351 παρὰ
1861 3281 1959 3350 τὴν

378 3369 646 3430 Εὐσεϐίας
675 3370 828 3437 σορὸν
851 3370 1036 3438 ἔθαψε.
1072 3371 1240 3424 Τοῦτο
1272 3371 1380 3442 γὰρ
1409 3372 1489 3423 ἔτι
1523 3372 1840 3442 περιούσαις
1867 3373 1961 3423 αὑ-

378 3462 499 3522 ταῖς
537 3457 832 3524 συνέδοξεν,
883 3460 1179 3530 ὑπερφυῶς
1223 3463 1650 3532 κεχαρισμέναις
1683 3462 1958 3532 ἀλλήλαις,

380 3553 475 3604 καὶ
506 3569 572 3602 πε
581 3551 634 3621 pi
660 3552 718 3604 τὸ
746 3552 922 3622 δόγμα
946 3554 1039 3606 καὶ
1062 3554 1159 3624 τὴν
1184 3553 1479 3626 θρησκείαν
1511 3557 1959 3625 ὁμοιρρονούσαις.

394 3641 675 3693 Ἐντεῦθεν
726 3644 997 3716 πρόφασις
1046 3645 1263 3712 ἐγένετο
1325 3647 1611 3715 Καισαρίῳ
1662 3647 1962 3717 κτήσασθαι

381 3732 576 3786 τοῦτον
608 3732 697 3786 τὸν
729 3735 912 3798 τόπον,
956 3738 1030 3797 ὡς
1059 3737 1123 3789 ἂν
1158 3739 1251 3811 καὶ
1286 3739 1448 3802 αὐτὸς
1484 3740 1708 3809 πλησίον
1740 3742 1837 3808 τῆς
1867 3757 1964 3808 γα-

387 3823 559 3893 μετῆς
586 3817 802 3893 ταφείη.
854 3825 917 3877 υἱ
964 3824 1020 3878 δὲ
1051 3827 1438 3896 προειρημένοι
1483 3831 1725 3898 μοναχοὶ,
1759 3829 1961 3898 ἀλλαχῆ

389 3913 826 3985 μετῳκίσθησαν,
876 3916 1038 3986 μηδὲν
1073 3920 1198 3986 περὶ
1231 3919 1337 3973 τῶν
1374 3920 1664 3990 μαρτύρων
1696 3923 1963 3992 ὁμολογή-

388 4022 602 4065 σαντες.
636 4007 1048 4070 Καταπεσόντος
1085 4007 1141 4060 δὲ
1167 4008 1260 4060 τοῦ
1292 4010 1437 4062 οἴκου
1472 4011 1610 4078 μετὰ
1635 4011 1825 4075 ταῦτα,
1861 4012 1963 4080 γῆς

386 4116 446 4150 τε
492 4099 586 4151 καὶ
634 4099 866 4170 φορυτοῦ
925 4100 1345 4171 ἐπιϐληθέντος,
1402 4107 1507 4165 πᾶς
1553 4089 1588 4157 λὸ
1632 4106 1758 4177 τῇδε
1801 4107 1964 4168 τὸπος

387 4190 772 4260 ὲξωμαλίσθη·
841 4191 1029 4244 καθότι
1091 4192 1251 4255 αὐτὸς
1317 4196 1614 4268 Καισάριος
1664 4201 1743 4261 εἰς
1801 4199 1964 4269 τιμὴν

387 4284 600 4353 Θύρσου
644 4281 735 4335 τοῦ
775 4283 1070 4354 μάρτυρος,
1124 4287 1513 4356 μεγαλοπρεπῆ
1563 4290 1689 4340 ναὸν
1726 4289 1802 4358 τῷ
1845 4289 1964 4359 Θεῷ

389 4374 579 4429 ἐνθάδε
607 4375 1025 4445 ἀνέστησεν.Ὢς
1060 4375 1200 4429 ἔοικε
1235 4378 1312 4438 δὲ,
1347 4380 1620 4448 ιπιμελῶς
1646 4372 1749 4434 ὦδε
1779 4383 1964 4449 ἀφανι-

2054 1899 2272 1950 illorum
2293 1935 2307 1960 ,
2335 1897 2446 1966 qui-
2486 1896 2640 1961 olim,
2707 1904 2967 1965 regnante
3022 1895 3229 1950 Licinio
3256 1937 3270 1960 ,
3302 1900 3628 1967 martyrium

2054 1986 2303 2056 perpessi
2352 1994 2510 2047 erant
2552 1984 2837 2058 Sebastia-.
2884 1985 3014 2050 Qua:
3051 2000 3174 2039 cum
3220 1987 3482 2038 moritura
3505 1984 3627 2054 'jam

2053 2085 2218 2139 esset,
2250 2077 2626 2146 supradictum
2665 2077 2845 2129 loetnn
2883 2078 3165 2131 monachis
3186 2079 3430 2146 ejusdem
3469 2090 3631 2132 secta:

2056 2169 2311 2237 reliquit,
2367 2177 2423 2221 et
2455 2148 2832 2239 .jurejuraiido
2872 2184 2973 2222 eos
3003 2169 3330 2233 obstrinxit,
3365 2179 3424 2222 ut
3458 2171 3628 2238 ipsam

2058 2260 2165 2312 illic
2198 2259 2528 2330 sepelirent,
2581 2275 2643 2314 ac
2688 2275 2854 2329 supra
2910 2266 3066 2329 caput
3116 2261 3168 2313 in
3213 2276 3426 2314 summa
3479 2270 3632 2328 parte

2056 2352 2294 2405 loettlttm
2329 2351 2500 2420 ipsius
2527 2353 2822 2421 separatim
2863 2352 3201 2417 inciderent,
3243 2363 3300 2408 et
3327 2365 3627 2424 martyrum

2056 2447 2317 2515 reliquias
2351 2462 2457 2499 una
2507 2461 2630 2522 cum
2669 2446 2787 2515 ipsa
2828 2447 3204 2516 deponerent,
3245 2463 3346 2501 nec
3379 2449 3472 2499 ulli
3517 2462 3628 2500 rem

2059 2538 2383 2592 iudicarent.
2422 2538 2498 2591 Ac
2526 2538 2776 2590 monachi
2809 2538 3024 2606 quidem
3059 2539 3108 2592 id
3139 2541 3282 2608 quod
3317 2540 3629 2601 mandatum

2057 2640 2176 2683 erat
2230 2630 2498 2683 fecerunt.
2555 2629 2756 2685 Verum
2810 2643 2863 2684 ttt
2917 2643 3188 2702 martyres
3247 2634 3432 2684 debito
3480 2635 3630 2684 cultu

2059 2724 2446 2786 afﬁcerentur,
2497 2731 2550 2776 et
2605 2739 2692 2778 res
2737 2725 3130 2787 nihilominus,
3183 2725 3348 2779 Sit'llli
3390 2724 3634 2778 Eusebia:

2061 2817 2288 2886 polliciti
2322 2818 2568 2880 fuerant,
2603 2826 2894 2872 extraneos
2937 2819 3161 2878 lateret,
3200 2823 3499 2874 oratorium
3534 2823 3636 2875 sub

2060 2916 2203 2961 terra
2233 2909 2393 2961 circa'
2408 2907 2654 2962 mulieris
2679 2909 2949 2961 tumulum
2981 2910 3320 2962 aediﬁcarunt
3355 2930 3365 2962 :
3402 2928 3636 2979 Sttln't‘ttc

2059 3015 2191 3052 vero
2249 3001 2618 3054 habitaculum
2680 3012 3117 3056 construxerunt
3154 3042 3169 3066 ,
3239 3004 3401 3067 cujus
3458 3006 3631 3057 solum

2061 3092 2241 3147 coctis
2303 3093 2566 3147 latetibtts
2625 3101 2968 3147 constratum
3022 3088 3184 3158 erat,
3243 3106 3404 3162 atque
3455 3111 3516 3147 cx
3571 3109 3637 3147 eo

2059 3185 2384 3238 descensum
2411 3186 2688 3239 occultum
2715 3186 2780 3237 ad
2817 3195 3101 3255 martyres.
3125 3186 3474 3238 l’ostmodinn
3511 3203 3637 3237 vero

2061 3277 2351 3338 Cmsarius,
2385 3278 2466 3331 \‘it'
2490 3293 2550 3331 ea
2582 3287 2904 3347 tempestate
2940 3279 3358 3346 potentissimus
3383 3319 3394 3336 ,
3439 3279 3635 3346 quippe:

2060 3369 2150 3437 qui
2209 3370 2276 3423 ad
2337 3371 2684 3423 consulatum
2737 3379 2790 3423 et
2846 3369 2912 3422 ad
2962 3370 3339 3439 praelia-turam
3400 3371 3634 3437 pra-torii

2061 3469 2284 3515 evectus
2326 3460 2519 3525 fuerit,
2577 3477 2802 3517 uxorem
2851 3478 3008 3517 suam
3058 3463 3169 3534 fato
3210 3461 3453 3513 [ιιιιοιιιιιι
3484 3461 3638 3530 juxta

2063 3550 2310 3607 Eusebia:
2335 3553 2575 3606 loculum
2602 3554 2873 3622 sepelivit.
2899 3554 2952 3606 bl
2984 3545 3127 3607 enim
3160 3554 3315 3621 ipsis,
3345 3553 3470 3605 dum
3500 3554 3640 3604 vive-

2064 3652 2222 3707 rent,
2273 3658 2337 3696 ex
2388 3653 2674 3713 compacto
2719 3635 3040 3713 placuerat;
3095 3643 3298 3712 quippe.
3347 3659 3467 3710 qtttl)
3520 3659 3642 3696 sese

2066 3736 2294 3788 invicem
2348 3735 2584 3789 maxime
2633 3736 2954 3803 diligerent,
3011 3745 3063 3789 et
3118 3736 3170 3788 in
3223 3735 3345 3788 ﬁdei
3390 3735 3639 3787 dot-trina

2067 3829 2208 3881 inter
2233 3843 2292 3882 se
2324 3831 2725 3883 consentirent.
2763 3827 2900 3881 llinc
2931 3828 3057 3882 data
3093 3838 3176 3881 est
3214 3829 3432 3882 occasio
3466 3830 3644 3881 (Iesa-

2066 3921 2170 3983 rio,
2203 3921 2382 3975 locum
2408 3921 2556 3974 illum
2593 3923 2698 3977 sibi
2730 3923 2968 3984 ememli,
3003 3930 3060 3974 ut
3099 3931 3146 3974 et
3183 3923 3300 3991 ipse
3329 3922 3485 3990 juxta
3513 3936 3644 3973 eon-

2059 4013 2244 4082 jngem
2288 4028 2445 4067 suam
2488 4013 3198 4084 sepeliretur.'Supradicti
3221 4031 3350 4067 vero
3387 4013 3639 4066 monachi

2065 4110 2230 4162 alium
2287 4107 2338 4160 in
2383 4106 2561 4161 locum
2609 4109 2953 4175 migrarunt,
3009 4108 3144 4161 nihil
3192 4107 3260 4160 de
3306 4107 3644 4176 martyribus

2066 4201 2393 4256 indicantes.
2441 4200 2690 4256 Posthmc
2745 4203 2992 4269 collapso
3046 4200 3307 4260 aediﬁcio,
3371 4199 3646 4267 lnnuoque

2065 4309 2127 4346 ac
2157 4292 2446 4348 ruderibus
2477 4294 2828 4363 superjectis,
2858 4295 3158 4347 universus
3190 4293 3278 4345 ille
3307 4293 3460 4346 locus
3495 4307 3646 4346 com-

2065 4389 2318 4458 planatus
2367 4396 2468 4441 est.
2519 4386 2654 4440 Nam
2704 4387 2984 4442 Caesarius
3031 4387 3085 4440 in
3126 4388 3401 4440 honorem
3449 4386 3644 4456 'I‘byrsi

392 4466 589 4536 σθῆναι
643 4467 732 4520 τὸν
769 4468 1164 4538 προειρημένον
1198 4469 1382 4534 τόπον,
1419 4472 1510 4524 καὶ
1550 4474 1801 4529 τισοῦτον
1833 4493 1964 4547 προ·
1997 4497 2042 4552 D
2072 4495 2171 4534 mal

1864 4493 1964 4547 τρο·
1997 4497 2042 4552 ι)
2072 4480 2352 4551 martyris,
2373 4481 2716 4550 magniﬁcam
2761 4481 2874 4534 illic
2893 4479 3182 4535 ecclesiam
3208 4479 3316 4532 Deo
3340 4479 3643 4534 :ediﬁt-aVit.

1604 4649 1871 4708 VALESII
1905 4653 2447 4712 ANNOTATIONES.

465 4781 545 4849 (9)
588 4783 647 4833 Ὀ
678 4781 744 4834 δέ
769 4800 869 4851 μοι
895 4784 991 4836 καὶ
1025 4785 1150 4836 κατ’
1177 4784 1380 4836 αὐτόν.
1418 4783 1681 4840 Henricus
1728 4787 1964 4842 Savilitts

394 4853 534 4907 duas
569 4863 874 4920 postremas
902 4869 1062 4907 voces
1101 4855 1294 4907 lineola
1327 4855 1666 4922 suiinotavit,
1702 4866 1962 4923 tanquam

396 4931 683 4991 suspectas
740 4930 792 4977 et
842 4925 1118 4977 intellectu
1196 4924 1458 4978 difﬁciles.
1520 4927 1728 4981 Sensus
1785 4939 1963 4982 tamen

395 5002 621 5064 apertus
659 5002 765 5058 est,
806 4995 851 5048 si
887 4996 1004 5047 κατ’
1039 4994 1172 5046 αὐτὸ
1209 4996 1474 5065 legamus,
1509 5007 1567 5051 ut
1597 4998 1652 5052 in
1697 4999 1967 5069 interpre-

2073 4795 2278 4844 tatione
2301 4807 2418 4845 mea
2450 4798 2694 4861 apparet.
2735 4790 2930 4844 Posset
2962 4793 3130 4842 etiam
3160 4806 3266 4843 non
3303 4789 3649 4843 incommode

2073 4864 2236 4915 scribi
2257 4863 2397 4914 κατὰ
2425 4862 2641 4921 ταύτόν,
2675 4863 2755 4914 vel
2807 4862 2946 4913 κατὰ
2999 4862 3186 4924 ταύτό,
3242 4861 3294 4915 id
3335 4869 3420 4916 cst
3465 4861 3646 4915 simul.

2071 4933 2242 4998 Quam
2281 4933 2572 4989 lectionem
2603 4933 2778 5002 magis
2809 4933 3007 5001 probo.

1853 5169 2230 5227 VARIORUM.

475 5293 502 5321 ἰ
541 5283 1062 5351 Μαρτυρησάντιιυν·
1094 5283 1547 5349 τεσσαράκοντα
1579 5285 1971 5351 στρατιωτῶν.

404 5351 610 5424 llorum
648 5363 945 5424 martyrum
983 5355 1200 5408 nomina
1243 5355 1429 5409 videre
1464 5362 1548 5409 est
1590 5356 1725 5420 apud
1765 5354 1970 5411 Themi.

408 5423 660 5483 Itninart,
697 5422 812 5476 Act.
863 5435 1046 5484 mart.,
1102 5441 1152 5492 p.
1195 5425 1317 5487 581,
1369 5434 1420 5477 et
1452 5425 1595 5492 apud
1629 5425 1968 5480 llollandnm.

404 5492 556 5549 PaSsi
593 5502 718 5546 sunt
751 5498 832 5558 (ut
866 5511 1059 5548 omnes
1098 5495 1470 5563 consentiunt)
1496 5497 1600 5550 sub
1630 5496 1841 5549 Licinio
1874 5497 1973 5548 im-

406 5571 678 5633 peratore,
711 5564 956 5619 Sebasta:
978 5566 1031 5618 in
1062 5564 1338 5629 At‘menia,
1365 5567 1512 5618 circa
1539 5581 1742 5620 annum
1774 5581 1963 5629 cccu,

405 5648 518 5702 quo
547 5643 787 5704 tempore
815 5634 1009 5688 Licinii
1043 5637 1352 5704 persecutio
1384 5635 1655 5700 etl'erbuit,
1689 5646 1743 5688 ut
1776 5637 1969 5704 probat

406 5705 680 5775 Antonius
709 5703 860 5774 l’agi.
901 5703 1055 5760 Brevi
1088 5717 1209 5775 post
1257 5708 1448 5759 horum
1487 5723 1694 5768 necem,
1726 5703 1974 5760 ecclesia:

409 5774 579 5828 variis
619 5775 670 5826 in
702 5777 998 5842 provinciis
1032 5774 1301 5829 ineorum
1343 5780 1602 5830 boum-mn
1641 5785 1972 5829 ιιυιιςιΓιιρῑςυ

413 5855 562 5899 sunt.
593 5845 801 5910 Quibus
825 5847 1212 5904 construendis
1240 5849 1586 5903 occasionem
1621 5848 1970 5919 pra‘bueruut

2082 5288 2401 5358 earumdem
2427 5289 2693 5358 reliquim,
2731 5305 2876 5356 qum,
2913 5293 3053 5343 teste
3082 5285 3346 5356 Gregorio
3381 5286 3645 5358 Nysseno,

2079 5360 2132 5411 in
2166 5356 2341 5412 orbem
2369 5356 2626 5413 terrarum
2650 5362 2727 5413 ita
2758 5362 2940 5412 divisa:
2962 5369 3105 5419 sunt,
3137 5369 3191 5410 ut
3223 5360 3384 5426 ferme
3406 5356 3645 5426 qaa'libet

2077 5430 2344 5496 provincia
2370 5429 2777 5483 benedictionem
2801 5431 2921 5484 inde
2951 5431 3244 5497 participat.
3273 5428 3643 5496 Reliquiarum

2077 5499 2443 5555 inventionem
2480 5501 2955 5567 ConstantinOpoli
2979 5539 2991 5561 ,
3025 5501 3092 5551 de
3145 5515 3251 5567 qua
3284 5499 3372 5552 hic
3409 5500 3514 5566 agit
3544 5497 3645 5549 So-

2075 5587 2355 5633 zomeuus,
2402 5584 2791 5636 commemorat
2824 5579 3014 5624 aut-tor
3049 5571 3294 5623 Chi-eniti
3344 5569 3642 5636 paschalis,

2067 5641 2139 5694 ad
2174 5631 2374 5694 annum
2406 5642 2528 5694 451.
2575 5631 2648 5694 Ex
2679 5643 2846 5696 variis
2883 5643 2980 5694 SS.
3017 5639 3233 5692 Patrum
3265 5631 3502 5693 homiliis
3527 5654 3647 5704 quae

2073 5711 2141 5764 de
2176 5727 2241 5763 ιιι.
2274 5713 2605 5764 martvribus
2640 5712 2940 5773 habentur,
2987 5711 3200 5763 met-eris
3238 5710 3454 5762 videtur
3489 5716 3649 5761 ante-

2075 5783 2321 5850 ponenda
2353 5773 2469 5832 ra‘a
2496 5782 2693 5835 llasilio
2720 5783 2911 5851 Magno
2939 5782 3275 5851 conscripta,
3313 5794 3478 5851 quam
3507 5776 3641 5830 “tti-

2070 5865 2262 5907 llul‘ttls
2301 5854 2518 5908 exhibet
2567 5855 2686 5909 luco
2726 5871 2886 5924 supra
2928 5856 3111 5908 citato.
