4504 6576
871 469 890 522 1
904 466 1010 524 599

2340 456 2680 515 SOZOMENI

3991 457 4146 513 Μὶοῢ

868 583 1038 640 l'orro
1063 598 1229 656 supra
1257 587 1617 638 memoratum
1654 579 1836 634 locum
1861 577 2073 633 destrui
2099 618 2114 641 ,
2143 585 2198 632 et
2229 585 2440 631 tantum
2472 580 2519 638 Α
2544 575 2647 629 exe:

2352 592 2440 630 um
2472 580 2519 638 Δ
2544 575 2719 631 ελθεῖν
2751 576 2940 648 χρόνον
2985 578 3015 631 ό
3047 576 3178 641 Θεὸς
3223 576 3496 641 ἐϐούλετο,
3546 575 3985 648 παραδοξοτέραν
4035 571 4131 626 καὶ

871 677 1134 746 temporis
1169 675 1408 747 spatium
1445 674 1609 737 elabi,
1649 687 1772 727 meo
1803 670 2023 740 quidem
2051 667 2265 738 judicio
2299 670 2446 725 Deus

867 766 937 822 de
966 767 1236 823 industria
1275 765 1483 821 ideirco
1523 764 1772 835 permisit
1801 802 1816 825 ,
1854 761 2016 831 367
2055 771 2115 816 ut
2146 768 2203 815 et
2243 771 2448 833 marty-

869 874 990 913 rum
1038 859 1456 918 inventionem,
1501 863 1558 911 et
1607 854 2044 910 benevolentiam
2102 867 2258 908 suam
2317 867 2447 920 erga

869 950 1228 1005 inventricem
1266 949 1520 1009 illorum,
1562 946 1958 1001 mirabiliorem
1988 953 2155 1016 atque
2178 944 2448 999 illustrio-

872 1056 984 1096 rem
1027 1042 1298 1096 redderet.
1329 1039 1607 1096 lnventrix
1637 1046 1822 1094 autem
1851 1039 1944 1092 illa
1994 1038 2101 1092 fuit
2154 1034 2449 1092 Pulcheria

873 1133 1121 1204 Augusta
1145 1172 1159 1196 ,
1195 1148 1355 1187 soror
1379 1131 1749 1203 imperatoris.
1778 1129 1913 1184 Nam
1943 1145 2067 1185 cum
2094 1128 2452 1184 admirandus

869 1223 1118 1297 Thyrsus
1139 1234 1222 1280 ter
1247 1225 1323 1280 illi
1351 1225 1716 1295 apparuisset,
1744 1232 2016 1296 martyres
2045 1222 2140 1294 qui
2169 1222 2275 1277 sub
2305 1231 2448 1276 terra

875 1318 1114 1372 latebant
1149 1316 1446 1383 iudicavit,
1499 1323 1669 1387 utque
1702 1315 1770 1370 ad
1802 1317 1981 1386 ipsum
2017 1313 2454 1370 transferrentur

874 1409 1166 1478 praecepit,
1193 1415 1252 1461 ut
1275 1406 1468 1463 eadem
1497 1405 1869 1475 depositione,
1903 1404 2134 1475 parique
2164 1403 2314 1458 cultu
2341 1420 2452 1474 quo

876 1499 1014 1570 ipse,
1048 1499 1383 1555 fruerentur.
1410 1499 1514 1569 Ipsi
1537 1513 1756 1568 quoque
1785 1497 2148 1568 quadraginta
2179 1506 2451 1568 martyres

871 1591 1124 1648 candidis
1163 1593 1406 1648 vestibus
1445 1591 1637 1646 amicti
1669 1633 1684 1656 ,
1725 1591 1919 1646 eodem
1967 1597 2214 1659 tempore
2247 1599 2451 1645 semet-

872 1685 1024 1753 ipsos
1069 1684 1117 1739 ei
1161 1683 1496 1739 indicarunt.
1541 1682 1649 1739 Res
1688 1697 1854 1752 porro
1882 1681 1999 1752 ipsa
2039 1680 2199 1735 fidem
2232 1694 2450 1734 omnem

871 1776 1270 1831 transcendere
1292 1816 1307 1838 ,
1343 1791 1444 1832 nec
1473 1775 1638 1831 facile
1665 1774 1914 1845 expediri
1947 1789 2113 1844 posse
2140 1773 2450 1829 videbatur.

873 1861 1007 1916 Nam
1054 1879 1158 1919 nec
1205 1863 1562 1934 antiquiores
1586 1862 1780 1918 clerici
1817 1864 1967 1920 illius
2001 1861 2292 1927 Ecclesiae,
2324 1862 2450 1918 licet

871 1956 1074 2026 saepius
1108 1955 1470 2026 interrogati,
1505 1970 1608 2011 nec
1643 1956 1786 2011 alius
1815 1955 2149 2026 quisquam,
2180 1962 2450 2025 martyres

873 2047 1122 2102 imlicare
1178 2055 1500 2117 potuerunt.
1560 2045 1806 2101 Tandem
1863 2061 1996 2101 vero
2055 2046 2274 2100 cunctis
2333 2046 2450 2114 jam

871 2138 1334 2208 desperantibus,
1385 2138 1754 2210 Polychronio
1803 2139 2023 2193 cuidam
2083 2137 2402 2208 presbyterr
2433 2175 2448 2198 .

871 2231 964 2300 qui
1003 2230 1134 2284 olim
1189 2229 1368 2284 fuerat
1405 2245 1470 2286 ex
1511 2229 1735 2284 Caesarii
1769 2229 2136 2285 familiaribus
2159 2269 2175 2293 ,
2212 2227 2359 2285 Deus
2395 2241 2451 2282 in

872 2322 1194 2391 mcmoijam
1241 2322 1520 2378 revocavit
1550 2323 1854 2378 monachos
1890 2321 2014 2377 illos
2052 2322 2145 2392 qui
2189 2321 2325 2376 olim
2372 2320 2454 2374 lo-

872 2427 996 2466 cum
1030 2411 1396 2468 incoluerant.
1435 2411 1536 2467 llic
1567 2427 1700 2484 ergo
1727 2412 1794 2467 ad
1835 2413 2072 2469 clericos
2104 2410 2454 2467 Macedonia-

874 2517 1067 2580 uorirm
1112 2502 1426 2573 profectus,
1479 2517 1577 2558 eos
1622 2502 1690 2556 de
1731 2503 2017 2558 monachis
2063 2503 2452 2571 interrogavit.

871 2593 1122 2663 Cumque
1161 2595 1423 2649 omnibus
1465 2593 1579 2663 jam
1623 2591 1933 2655 defunctis.
1979 2593 2206 2646 unicum
2246 2607 2310 2647 ex
2346 2592 2455 2647 illis

872 2687 1227 2755 superstitem
1279 2686 1610 2756 reperisset,
1654 2687 1749 2755 qui
1785 2685 1852 2739 ad
1899 2686 2001 2740 hoc
2038 2686 2217 2756 ipsum
2267 2699 2460 2740 serva-

874 2787 965 2834 tus
988 2794 1113 2835 esse
1137 2778 1448 2845 videbatur,
1477 2786 1534 2834 ut
1563 2778 1828 2848 quaesitos
1849 2786 2124 2849 martyres
2154 2777 2453 2832 indicaret:

874 2871 1088 2941 rogavit
1137 2871 1409 2926 hominem
1461 2879 1524 2926 ut
1569 2871 1676 2926 sibi
1723 2871 1975 2932 diceret,
2023 2880 2212 2925 utrum
2268 2883 2458 2923 sacras

877 2963 1138 3034 reliquias
1165 2964 1218 3018 in
1246 2963 1571 3033 supradicto
1599 2963 1723 3018 loco
1756 2961 2071 3017 reconditas
2103 2968 2314 3016 nosset.
2348 2958 2457 3015 Sed

877 3070 1002 3110 cum
1040 3054 1193 3109 illum
1231 3055 1304 3109 ob
1344 3061 1564 3126 pactum
1602 3053 1750 3124 quod
1789 3068 1916 3108 eum
1956 3051 2189 3107 Eusebia
2229 3051 2458 3122 pepige-

878 3156 1034 3211 rant,
1092 3146 1341 3200 nonnihil
1397 3147 1853 3217 tergiversantem
1913 3144 2168 3218 videret,
2214 3142 2458 3197 divinam

2545 671 2974 742 ἐπιφανεστέραν
3040 671 3472 742 παρασκευάζων
3524 673 3634 725 τῶν
3690 671 3983 742 μαρτύρων
4031 669 4134 738 τὴν

2546 761 2786 835 εὕρεσιν,
2833 763 2928 816 καὶ
2971 765 3072 835 τῆς
3104 763 3372 835 εὑρούσης
3418 763 3517 834 τὴν
3562 763 3886 832 θεοφῐλειαν.
3930 756 4040 812 Ἶιν
4073 757 4133 810 δὲ

2546 854 2641 908 τοῦ
2665 854 2989 925 κρατοῦντος
3025 855 3057 924 ἡ
3092 855 3295 927 ἀδελφή
3329 855 3632 927 Πουλχερια
3659 859 3693 926 ή
3725 854 3954 925 βασιλίς.
3986 853 4137 906 Ἐπιο

2549 946 2739 1013 φανεὶς
2780 947 2888 1018 γὰρ
2933 947 3069 1017 αὐτῇ
3101 947 3282 1018 τρίτον
3312 948 3340 1000 ὁ
3386 948 3686 1017 θαυμάσιος
3732 946 3962 1017 Θύρσος,
4007 945 4136 1006 τοὺς

2549 1035 2655 1089 ὑπὸ
2691 1036 2794 1106 γῆν
2843 1036 3255 1108 κρυπτομένους
3306 1038 3566 1108 ἐμήνυσε,
3611 1038 3708 1090 καὶ
3751 1035 4137 1109 μετατίθεσθαι

2551 1128 2687 1200 πρὸς
2715 1130 2906 1184 ἑαυτὸν
2938 1129 3224 1183 ἐκέλευσεν
3250 1147 3262 1160 ·
3294 1129 3437 1182 ὥστε
3460 1131 3559 1200 τῆς
3590 1130 3782 1201 ὁμοίας
3811 1129 4012 1192 θέσεως
4041 1127 4138 1180 καὶ

2548 1223 2715 1294 τιμῆς
2755 1224 3017 1295 μετέχειν.
3053 1223 3206 1294 ’Ἅμα
3239 1224 3296 1277 δὲ
3328 1225 3425 1278 καὶ
3461 1225 3618 1278 αὐτοὶ
3645 1225 3694 1278 οἱ
3724 1224 4136 1295 τεσσαράκοντα

2549 1314 2799 1384 χλανίδας
2857 1316 3221 1386 ἠμφιεσμένοι
3272 1316 3530 1389 λαμπρὰς
3553 1358 3568 1382 ,
3623 1317 3954 1385 καταδήλους
3996 1315 4135 1383 αὐτῇ

2552 1410 2692 1476 σφᾶς
2717 1409 3001 1481 ἐποίησαν.
3041 1410 3248 1464 Ἐδόκει
3273 1410 3330 1464 δὲ
3365 1412 3600 1475 πίστεως
3632 1407 3772 1465 εἶναι
3803 1413 4050 1482 κρεῖττον
4078 1408 4140 1460 τὸ

2550 1500 2803 1569 πρᾶγμα,
2834 1501 2927 1553 καὶ
2951 1501 3230 1563 παντελῶς
3258 1500 3482 1571 ἄπορον.
3525 1501 3666 1556 Οὔτε
3694 1502 3804 1571 γὰρ
3830 1501 3879 1553 οἱ
3908 1499 4138 1553 παλαιό-

2548 1607 2696 1661 τεροι
2743 1590 2852 1643 τῶν
2884 1591 3071 1646 ἐνθάδε
3119 1591 3396 1663 κληρικῶν
3439 1591 3698 1655 πολλάκις
3747 1590 4136 1662 ἐρωτηθέντες.

2549 1681 2674 1735 οὔτε
2721 1682 2877 1746 ἄλλος
2901 1683 3076 1747 οὐδεὶς
3121 1683 3494 1754 καταμηνύειν
3519 1681 3634 1756 εἶχε
3668 1686 3796 1748 τοὺς
3832 1684 4136 1755 μάρτυρας.

2551 1775 2626 1828 Τὸ
2673 1775 2737 1846 δή
2786 1774 3126 1838 τελευταῖον,
3178 1777 3396 1831 πάντων
3439 1776 3909 1847 ἀμηχανούντων,
3961 1775 4140 1827 Πολυο

2553 1867 2752 1938 χρονίῳ
2779 1868 2887 1921 τινὶ
2931 1867 3309 1940 πρεσϐυτέρῳ,
3356 1868 3524 1922 πάλαι
3550 1867 3827 1938 γενομένῳ
3865 1867 3974 1920 τῶν
4005 1868 4141 1919 Και-

2557 1959 2744 2030 σαρίου
2771 1959 3008 2023 οἰκείων,
3044 1958 3169 2028 ἄγει
3195 1957 3258 2012 τὸ
3294 1958 3437 2012 θεῖον
3474 1959 3557 2023 εἰς
3586 1959 3711 2012 νοῦν
3735 1957 3862 2021 τούς
3886 1975 4017 2011 ποτε
4046 1957 4143 2009 τὸν

2550 2049 2716 2103 τόπον
2756 2051 3087 2121 οἰκήσαντας
3134 2049 3424 2122 μοναχούς.
3461 2051 3574 2105 Καὶ
3619 2049 3771 2121 παρὰ
3802 2050 3927 2113 τοὺς
3952 2050 4140 2118 Max:-

2551 2141 2807 2195 δονιανῶν
2835 2143 3130 2213 κληρικοὺς
3162 2140 3354 2205 ἐλθὼν,
3403 2141 3734 2196 ἐπυνθάνετο
3776 2139 3908 2209 περὶ
3938 2135 4136 2191 αὐτῶν.

2557 2233 2694 2304 Ἤδη
2727 2233 2786 2286 δὲ
2809 2232 3030 2286 πάντων
3061 2232 3549 2300 τετελευτηκότων,
3582 2233 3678 2285 ἕνα
3705 2233 3863 2302 μόνον
3887 2228 4143 2300 περιόντα

2553 2324 2730 2397 εὑρὼν
2752 2325 2828 2388 ὡς
2855 2326 2948 2378 ἐπὶ
2983 2324 3211 2395 μηνύσει
3241 2325 3349 2378 τῶν
3378 2324 3820 2395 ἐπιζητουμένων
3849 2322 4147 2394 μαρτύρων

2554 2418 2635 2472 ἔτι
2681 2417 3094 2487 πεφυλαγμένον
3143 2420 3200 2469 ὲν
3249 2417 3434 2480 ζῶσιν,
3486 2417 3655 2469 ἐδεῖτο
3709 2416 3970 2486 φράζειν,
4017 2413 4137 2481 εἴγε

2557 2508 2677 2581 ἱερὰ
2696 2507 2920 2588 λείψανα
2941 2503 3077 2560 εἶδεν
3109 2506 3213 2559 ὑπὸ
3239 2506 3329 2559 τὸν
3345 2505 3651 2577 δηλωθέντα
3682 2506 3860 2575 χῶρον
3894 2505 4139 2575 κρυπτό-

2559 2613 2716 2668 μενα,
2751 2596 2903 2648 Ἐπεὶ
2931 2596 2986 2648 δὲ
3009 2593 3098 2648 διὰ
3116 2594 3216 2658 τὰς
3239 2595 3376 2674 πρὸς
3401 2594 3666 2647 Εὑσεϐἱαν
3693 2594 3985 2664 συνθήκας,
4016 2594 4144 2647 ἰδὼν

2555 2687 2720 2742 αὐτὸν
2752 2686 3107 2758 Πολυχρόνιος
3138 2685 3696 2756 ὑποπαραιτῡύμενον,
3733 2687 3829 2738 καὶ
3856 2687 3956 2756 τὴν
3981 2685 4140 2738 θείαν

2556 2781 2880 2851 ἐπιφάνειαν
2907 2779 3159 2851 ἐδήλωσε,
3188 2779 3284 2833 καὶ
3311 2779 3408 2848 τῆς
3435 2778 3703 2848 βα¹σιλίδος
3730 2780 3826 2842 τὰς
3859 2779 4132 2849 ὀχλήσεις,

2559 2874 2655 2928 καὶ
2681 2872 2862 2926 αὐτῶν
2882 2873 2982 2939 τὴν
3010 2871 3343 2943 ἀμηχανίαν,
3379 2871 3828 2942 συνωμολόγησεν
3853 2871 4026 2942 ἀληθῆ
4052 2872 4148 2924 τὸν

2558 2965 2693 3020 Θεὸν
2736 2965 3000 3028 ἐπιδεῖξαι
3053 2965 3120 3035 τῇ
3178 2964 3498 3037 κρατούσῃο
3548 2963 3815 3034 βούπαιδα
3859 2964 3971 3035 γὰρ
4022 2964 4147 3018 τότε

2559 3059 2714 3121 ὄντα,
2746 3058 2842 3110 καὶ
2875 3055 2981 3110 ὑπὸ
3027 3057 3291 3126 γέροντας
3318 3056 3659 3129 ἡγουμένους
3679 3055 3780 3127 τὴν
3816 3055 4148 3126 μοναστικὴν

2560 3149 3054 3220 ὲκδιδασκόμενον,
3114 3147 3362 3218 ἀκριϐῶς
3430 3147 3796 3211 ἐπίστασθαι,
3864 3147 4148 3217 μάρτυρας

878 3239 928 3294 ci
963 3239 1384 3305 revelationem,
1427 3248 1484 3294 et
1515 3239 1828 3294 instantiam
1867 3237 2153 3307 Augusta},
2185 3237 2459 3306 ipsorum-
2485 3268 2528 3326 ο
2562 3247 2657 3300 κεῖέ

2367 3250 2459 3289 im"
2485 3268 2528 3326 ο
2562 3244 2776 3300 κεῖσθαι
2803 3242 2935 3314 περὶ
2955 3241 3057 3313 τήν
3096 3240 3359 3305 Εὑσεϐίας
3382 3241 3538 3326 σορόν
3563 3255 3579 3272 ο
3615 3238 3688 3310 μὴ
3719 3238 3912 3292 εἰδέναι
3942 3239 4146 3308 μέντοι,

879 3347 986 3400 que
1007 3333 1252 3387 omnium
1294 3333 1740 3404 desperationem
1772 3332 2001 3403 exponit
2033 3329 2457 3401 Polycbronius.

880 3424 1018 3479 Tum
1071 3425 1160 3481 ille
1213 3442 1341 3481 vera
1391 3441 1517 3482 esse
1563 3424 1854 3482 confessus
1881 3405 2020 3492 aest,
2056 3440 2120 3480 ea
2158 3439 2281 3496 quae
2318 3424 2463 3479 Deus

878 3517 1138 3586 Augusta:
1168 3517 1526 3572 revelaverat.
1561 3517 1633 3572 Se
1664 3500 1932 3588 namque,
1973 3518 2066 3588 qui
2103 3527 2232 3572 tunc
2273 3516 2457 3574 admo-

878 3607 1008 3662 dum
1042 3607 1366 3664 adolescens
1396 3608 1756 3664 monasticam
1776 3609 2124 3682 ilisciplinam
2153 3610 2258 3665 sub
2280 3609 2461 3665 senio-

879 3699 1036 3755 ribus
1066 3700 1336 3770 pra-lectis
1368 3702 1480 3756 illic
1508 3701 1836 3768 didicisset,
1866 3711 2210 3772 compertum
2233 3703 2460 3767 habere,

879 3792 1026 3859 quod
1079 3802 1351 3864 martyres
1397 3793 1555 3862 juxta
1607 3809 1794 3848 aream
1856 3793 2106 3850 Eusebiae
2157 3789 2458 3864 jacerent:

881 3883 1097 3938 nescire
1123 3892 1301 3938 tamen
1330 3877 1514 3938 utrum
1545 3886 1649 3940 sub
1672 3886 1903 3955 templo.
1939 3902 2007 3940 an
2045 3886 2199 3950 alibi,
2253 3886 2462 3943 defessi

881 3979 1030 4043 sint;
1072 3987 1359 4046 propterea
1411 3977 1554 4047 quod
1590 3979 1822 4031 multum
1854 3979 2116 4047 temporis
2148 3978 2420 4033 ellluxerit
2445 4021 2460 4044 ,

881 4079 937 4122 et
963 4069 1112 4139 prior
1138 4070 1240 4124 loci
1280 4069 1446 4126 facies
1476 4072 1527 4124 iu
1553 4085 1674 4126 eam
1706 4086 1828 4140 quae
1867 4085 2016 4124 nunc
2052 4072 2303 4126 cernitur
2332 4087 2464 4141 spe-

882 4161 1021 4215 ciem
1061 4169 1396 4215 commutata
1443 4164 1534 4218 sit.
1562 4161 1641 4216 Ad
1692 4163 1806 4217 haec.
1849 4163 2291 4235 l’olychronius:
2335 4162 2464 4218 Mihi

883 4267 1038 4317 vero,
1068 4251 1270 4322 inquit,
1296 4253 1438 4307 idem
1471 4269 1576 4308 non
1599 4254 1823 4308 accidit.
1855 4253 2073 4309 Memini
2096 4255 2244 4308 enim
2271 4253 2466 4310 adesse

884 4358 994 4407 me,
1027 4351 1158 4399 tunc
1190 4361 1314 4399 cum
1346 4362 1484 4401 uxor
1503 4347 1724 4402 Caesarii
1758 4349 2105 4418 sepeliretur,
2133 4356 2190 4402 et
2218 4363 2283 4402 ex
2311 4347 2466 4416 adja-

885 4442 1048 4491 eeute
1080 4436 1164 4490 via
1210 4438 1424 4508 publica
1460 4440 1756 4508 judicans,
1803 4440 2044 4509 conjicio
2087 4440 2232 4494 illam
2279 4440 2464 4509 jacere

885 4529 1034 4583 circa
1066 4529 1393 4593 ambonem,
1439 4531 1583 4601 quod
1625 4541 1710 4586 est
1736 4533 2002 4602 pulpitum
2035 4533 2318 4588 lectorum.
2360 4529 2456 4601 lgi-

2562 3339 2792 3409 πότερον
2842 3334 2948 3389 ὑπὸ
3000 3334 3257 3405 τέμενος,
3301 3332 3336 3402 ἢ
3389 3323 3616 3403 ἑτέρωθι
3667 3330 4147 3402 κατορωρυγμένοι

2565 3432 2692 3494 εἰσὶ,
2721 3428 2802 3499 τῷ
2832 3427 2999 3481 πολὺν
3031 3426 3324 3498 παρελθεῖν
3358 3424 3566 3494 χρόνον,
3611 3425 3704 3477 καὶ
3733 3423 3830 3494 τὴν
3874 3421 4152 3493 προτέραν

2562 3523 2685 3592 ὄψιν
2711 3520 2804 3575 τοῦ
2851 3521 3015 3574 τόπου
3043 3520 3124 3580 εἰς
3167 3518 3231 3571 τὸ
3278 3516 3362 3570 οὖν
3403 3515 3726 3585 φαινόμενον
3768 3514 4126 3584 ἁμειφθῆναι.

2563 3614 2673 3668 Καὶ
2721 3613 2848 3684 μὴν,
2900 3611 3004 3682 ἔφη
3059 3609 3442 3680 Πολειχρόνιος,
3473 3608 3535 3661 ού
3588 3607 3650 3660 τὸ
3703 3605 3834 3658 αὐτὸ
3879 3603 4144 3656 πέπονθα.

2563 3705 2863 3774 Μέμνημαι
2895 3703 3003 3774 γὰρ
3040 3701 3368 3774 παρατυχὼν
3403 3703 3468 3772 τῇ
3516 3703 3660 3771 ταςρῇ
3700 3702 3797 3772 τῆς
3839 3703 4146 3772 Καισαρίου

2563 3796 2812 3867 γαμετῆς
2838 3811 2853 3826 ·
2907 3797 3001 3850 καὶ
3033 3794 3486 3864 ἀναλογιζόμενος
3520 3795 3586 3847 ὲκ
3622 3794 3723 3863 τῆς
3762 3795 3932 3858 πέλας
3971 3814 4150 3868 παρα-

2564 3889 2822 3959 κειμένης
2848 3887 3148 3961 λεωφόρου,
3195 3887 3400 3950 εἰκάζω
3431 3885 3600 3957 αὐτὴν
3635 3885 3846 3938 κεῖσθαι
3893 3888 4022 3957 περὶ
4057 3888 4158 3943 τὸν

2563 3980 2794 4051 ἄμϐωνα
2835 3979 2948 4050 (l0)
2979 3993 2995 4009 °
3063 3978 3215 4048 βῆμα
3275 3977 3333 4031 δὲ
3398 3977 3553 4030 τοῦτο
3601 3977 3710 4030 τῶν
3761 3979 4144 4046 ἀνα-γνωστῶν.

2565 4073 2796 4138 Οὐκοῦν,
2820 4070 3106 4124 ὑπολαϐὼν
3137 4071 3166 4123 ό
3202 4068 3430 4141 μοναχδς
3460 4064 3602 4132 εἶπε,
3630 4068 3723 4121 καὶ
3750 4061 3848 4137 τῆς
3882 4069 4148 4133 Εὑσεϐίας

2566 4165 2725 4235 σορὸν
2784 4161 2938 4234 παρὰ
3004 4162 3102 4233 τὴν
3171 4160 3472 4230 Καισαρίου
3535 4159 3778 4230 γαμετὴν
3839 4158 4099 4229 ζητητέον
4131 4176 4145 4189 ·

2566 4256 2755 4310 καθότι
2801 4255 2895 4308 καὶ
2941 4255 3226 4326 περιοῦσαι
3273 4253 3343 4305 τὰ
3393 4251 3562 4304 πολλὰ
3603 4269 3666 4304 συ
3685 4252 3839 4320 »ἦσαν
3869 4251 4144 4319 ἀλλήλαις,

2566 4350 2659 4400 καὶ
2693 4345 2950 4400 θανοῦσαι
2993 4345 3276 4399 συνέθεντο
3311 4345 3422 4414 ἅμα
3455 4344 3551 4407 τὰς
3584 4343 3754 4414 θήκας
3788 4343 3951 4412 ἔχειν.
3994 4343 4148 4394 Ἐπεὶ

2565 4439 2622 4491 δὲ
2652 4438 2791 4498 κατὰ
2818 4437 2887 4490 τὰ
2914 4437 3180 4508 εἰρημένα
3209 4436 3456 4507 ὀρύττειν
3486 4434 3610 4500 ἔδει,
3652 4435 3746 4488 καὶ
3774 4435 3843 4487 τὰ
3885 4435 4006 4505 ιερὰ
4037 4435 4148 4487 λεξ-

2564 4531 2708 4602 ιζαανα
2747 4529 3068 4602 ἀνιχνεύειν,
3113 4528 3358 4600 μαθοῦσα
3386 4527 3558 4581 ταῦτα
3599 4528 3632 4598 ή
3703 4526 3933 4596 βασιλὶς,
3976 4543 4144 4597 προσ-

887 4625 1000 4680 tur,
1027 4618 1263 4689 subjecit
1294 4622 1617 4687 monachus,
1645 4621 1891 4677 Eusebiae
1921 4639 2046 4677 arca
2067 4623 2222 4691 juxta
2236 4620 2459 4678 Cmsarii
2496 4615 2542 4670 ι)
2570 4625 2664 4676 έτα

2367 4621 2459 4676 arii
2496 4615 2542 4670 ι)
2570 4624 2758 4688 έταξεν
2790 4623 2899 4692 (Il)
2943 4621 3159 4690 ἔχεσθαι
3190 4619 3286 4672 τοῦ
3319 4619 3499 4688 ἔργον.
3533 4618 3909 4687 Ἀνορυγέντος
3962 4635 4020 4670 τε
4051 4617 4146 4670 τοῦ

887 4709 1180 4780 conjugem
1228 4714 1560 4783 requirenda
1607 4723 1712 4769 est.
1762 4714 1899 4768 Nam
1927 4724 1980 4770 et
2012 4716 2141 4770 dum
2173 4716 2462 4780 viverent,

889 4814 997 4854 una
1037 4810 1197 4856 erant
1233 4812 1292 4858 ut
1327 4804 1622 4874 plurimum
1651 4825 1664 4861 :
1693 4819 1745 4862 et
1778 4814 1836 4860 ut
1866 4815 2094 4862 mortua:
2126 4823 2287 4862 arcas
2329 4807 2465 4861 vici-

2572 4715 2705 4786 περὶ
2756 4714 2848 4767 τὸν
2899 4713 3128 4784 ᾶμϐωνα
3175 4711 3376 4782 χώρου,
3420 4709 3618 4780 εὑρέθη
3653 4712 3685 4779 ή
3715 4709 3813 4779 τῆς
3841 4709 4145 4778 Καισαρῐου

2573 4805 2819 4877 γαμετῆς
2845 4805 3010 4876 θήκη,
3045 4803 3225 4868 καθὼς
3259 4801 3518 4856 συνέϐαλε
3544 4801 3897 4873 Πολυχρόνιος
3920 4817 3931 4827 ·
3971 4800 4146 4868 ὀλίγον

2098 4980 2366 5037 V'ALESII
2404 4979 2952 5038 ANNOTATIDNES.

962 5069 1074 5142 (l0)
1115 5073 1253 5140 Περὶ
1295 5074 1403 5126 τὸν
1443 5073 1701 5140 (Maura.
1745 5071 1922 5140 Ilujus
1966 5074 2212 5128 vocabuli
2249 5075 2470 5142 exposi-

889 5146 1095 5198 tionem
1166 5144 1351 5214 subdit
1398 5144 1773 5205 Sozoutcnus,
1834 5143 1983 5214 βῆμα
2034 5143 2090 5195 δὲ
2140 5143 2298 5214 τοῦτο
2336 5143 2468 5214 ,τῶν

888 5212 1272 5280 ἀναγνωστῶν.
1301 5213 1475 5266 Latini
1499 5215 1768 5283 pulpitum
1796 5212 2012 5275 vncant,
2043 5213 2191 5282 quod
2227 5213 2464 5283 medium

888 5232 1272 5280 αναγνωστων.
1301 5232 1475 5266 ιιιιιιιιι
1499 5232 1768 5283 pulpitum
1796 5232 2012 5275 vocant,
2043 5232 2191 5282 quou
2227 5232 2258 5266 ιι
2281 5232 2464 5268 colum

885 5294 975 5336 cst
1025 5285 1166 5336 inter
1213 5285 1388 5337 altare
1440 5294 1494 5337 et
1552 5301 1780 5352 capsum
1845 5285 2114 5339 ccclesim.
2190 5232 2465 5339 Ingenium

889 5364 1074 5407 tamen
1121 5352 1297 5406 Latini
1358 5355 1644 5406 :tlltllflllt’lll
1710 5364 1926 5407 vorant.
1987 5355 2076 5408 Est
2136 5361 2315 5408 tamen
2364 5371 2466 5408 vox

891 5423 1118 5485 Grieca,
1178 5433 1231 5475 et
1284 5425 1390 5477 ἀπὸ
1441 5424 1535 5476 τοῦ
1587 5425 2158 5486 ἁναϐαίνεινιὶίιύῑιιτ,
2218 5433 2276 5478 ιιι
2307 5426 2468 5478 docet

891 5503 1090 5548 auctor
1163 5492 1534 5564 Elymulogiei.
1605 5499 1788 5561 Quare
1873 5495 2082 5548 fallitur
2156 5494 2473 5551 Valafridus

896 5564 1124 5629 Strabo,
1173 5568 1265 5631 qui
1303 5567 1372 5617 ab
1410 5567 1734 5630 ambiendo,
1778 5566 2082 5620 antbioncut
2128 5565 2236 5619 dici
2277 5567 2471 5619 existi-

895 5635 1086 5688 mavit.
1123 5635 1294 5690 Porro
1332 5637 1631 5690 notandum
1678 5647 1763 5691 est
1797 5637 1939 5705 quod
1988 5638 2065 5690 ait
2105 5638 2466 5700 Sozomenus,

896 5707 1210 5772 sepulcrum
1245 5707 1434 5760 uxoris
1473 5709 1696 5760 (laesarii
1753 5709 1922 5761 fuisse
1954 5708 2008 5760 in
2049 5709 2280 5761 ecclesia
2315 5708 2464 5761 circa

898 5777 1210 5838 amhunem,
1262 5777 1314 5830 id
1351 5785 1435 5830 cst
1483 5788 1634 5831 extra
1666 5780 1858 5833 altare.
1905 5778 2036 5831 Nam
2078 5779 2219 5832 intra
2258 5777 2458 5843 altare,

901 5859 1062 5909 quem
1100 5863 1200 5900 nos
1235 5851 1394 5915 vulgo
1424 5850 1649 5900 chorum
1688 5866 1969 5909 vocamus,
2000 5850 2100 5900 soli
2131 5850 2242 5902 fere
2271 5864 2457 5901 sacer-

902 5919 1061 5972 dotes
1095 5917 1458 5973 humabantur
1490 5929 1582 5973 aut
1614 5929 1902 5990 martyres.
1948 5919 2094 5976 Laici
2143 5935 2272 5975 vero
2305 5927 2458 5974 extra

2572 5075 2762 5128 urbem
2805 5075 2858 5128 in
2893 5073 3228 5130 ccemeteriis
3257 5070 3475 5126 humari
3523 5071 3793 5126 solebant.
3828 5068 3940 5124 Soli
3971 5069 4144 5125 eccle-

2571 5146 2779 5199 siaruln
2820 5145 3139 5199 conditores
3165 5186 3180 5209 ,
3221 5141 3536 5212 cujusmodi
3593 5141 3692 5212 fuit
3721 5140 4035 5212 Czcsarius,
4083 5142 4136 5193 in

2571 5215 2828 5270 ecclesiis
2863 5230 3002 5283 quas
3052 5210 3412 5270 condiderant
3453 5210 3976 5283 lmmabantur._Sic
3999 5211 4139 5283 (lon-

2569 5288 2852 5340 stantiuus
2880 5280 3204 5355 imperator
3241 5284 3490 5352 sepultus
3518 5291 3602 5355 est
3636 5283 3688 5334 in
3724 5280 3950 5355 basilica
3976 5282 4138 5355 atpo-

2572 5357 2836 5410 stolorum
2891 5350 3056 5425 quam
3125 5350 3475 5409 exstruxerat
3533 5350 4050 5425 Constantinopoli,
4090 5359 4144 5403 et

2571 5427 2786 5497 quidem
2823 5426 2889 5479 ad
2910 5421 3138 5497 'portam
3177 5425 3438 5489 basilicae,
3479 5431 3539 5477 ut
3568 5423 3856 5478 observavi
3886 5421 3937 5473 in
3970 5436 4143 5474 anno-

2573 5495 2874 5552 tationibus
2905 5495 3252 5550 Euseliianis.

2642 5568 2756 5638 (Η)
2807 5567 2867 5622 Ἠ
2895 5567 3150 5632 ,ϐασιλὶς
3182 5563 3570 5638 προσέταξεν.
3617 5561 3733 5638 Non
3785 5561 3985 5638 licebat
4013 5559 4141 5614 cﬂ'o«

2569 5631 2699 5692 dere
2739 5631 2999 5705 sepulcra
3043 5631 3408 5690 mortuorum.
3466 5635 3522 5688 Id
3565 5636 3708 5689 enim
3757 5631 4140 5705 gravissinnnn

2569 5710 2777 5763 crimen
2811 5702 3132 5770 habebatur,
3173 5716 3227 5760 et
3263 5708 3568 5776 proximum
3614 5704 3921 5776 sael'ilegio.
3957 5702 4140 5776 Quare

2568 5796 2800 5905 necesse
2855 5777 2955 5833 fuit
3023 5786 3080 5833 ut
3127 5771 3414 5834 l‘ulcltcria
3459 5779 3706 5847 Augusta
3760 5773 3813 5828 id
3876 5773 3989 5827 fieri
4047 5771 4137 5840 ju-

2605 5862 2739 5905 cret.

2605 5862 2739 5907 cret.
