4504 6576
369 430 501 483 1601

1286 430 1606 487 HISTORIA
1639 430 2187 491 ECCLESIASTICA.
2214 468 2281 475 —
2317 437 2444 491 LIB.
2488 438 2578 492 IX.

3470 447 3612 507 {60!

360 543 421 597 δέ
453 545 676 607 διεστὼς
704 546 766 596 ἐκ
797 543 1025 611 πλαγίου
1073 534 1448 615 κατάστρωμα
1488 544 1721 599 πλίνθων
1748 545 1947 611 ὀπτῶν,
1978 551 2022 607 Α
2053 563 2139 603 nat

1843 545 1947 611 τῶν,
1978 551 2022 607 Α
2053 563 2154 603 uas
2198 550 2502 613 haberent,
2539 560 2711 620 pacta:
2750 554 2895 608 inter
2928 572 2985 610 se
3013 556 3250 613 fuerant.
3277 559 3414 615 Cum
3451 563 3622 633 igitur

365 634 669 703 ίσομέτρως
696 650 753 685 τε
782 635 849 703 τῇ
880 633 1083 686 τούτων
1112 634 1370 705 περιϐολῇ
1411 634 1551 700 πλὰξ
1585 636 1902 707 μαρμαρίνη
1922 653 1935 666 ·

362 726 456 793 ὑφ’
503 726 570 793 ἢν
618 724 786 793 αὐτῆς
833 724 1161 795 Εὐσεὸίαςὴ
1215 726 1371 797 σορὸς
1396 726 1709 797 ἀπεδείχθη,
1748 728 1843 780 καὶ
1880 727 1943 781 τὸ

361 819 498 889 περὶ
549 818 718 889 αὐτὴν
768 821 1092 890 εὖκτήριον,
1148 821 1406 885 ἐπιεικῶς
1456 823 1601 891 μάλα
1644 824 1943 893 λευκοπορ-

361 910 559 979 φύροις
606 896 1335 981 μαρμάροιςήμφιεσμένον.
1371 914 1443 965 Τὸ
1489 913 1545 966 δὲ
1578 914 1815 985 ἐπίθεμα
1842 920 1944 989 τῆς

360 1000 563 1070 θήκης,
610 1001 799 1072 ῶσπερ
842 1004 922 1064 εἰς
972 1003 1122 1074 ίερὰν
1167 1003 1444 1072 ἐξησκεῖτο
1479 1006 1774 1077 τράπεζαν.
1828 1010 1944 1063 Ἐπ’

362 1092 538 1163 ἄκρου
567 1093 624 1146 δὲ
656 1093 773 1145 καθ’
810 1094 838 1146 ὃ
873 1095 921 1146 οί
966 1096 1239 1164 μάρτυρες
1284 1095 1511 1158 ἔκειντο,
1556 1098 1817 1169 τρύπημα
1853 1118 1943 1171 μι-

362 1185 504 1252 κρὸν
536 1184 648 1253 (12)
696 1186 957 1255 ἀνεφάνη.
1007 1187 1298 1257 Παρεστὼς
1340 1188 1397 1240 δέ
1437 1205 1519 1253 τις
1555 1190 1650 1244 τοῦ
1684 1191 1945 1261 βασιλέως

360 1278 556 1338 οἴκου,
616 1276 808 1347 ῥάϐδον
853 1279 1055 1347 λεπτὴν
1102 1280 1168 1347 ἢν
1218 1279 1374 1349 ἔτυχε
1424 1281 1688 1351 κατέχων,
1733 1283 1821 1337 διὰ
1850 1283 1945 1337 τοῦ

361 1370 721 1437 τρυπήματος
746 1368 986 1437 καθῆκεν
1006 1384 1020 1398 ·
1063 1368 1157 1421 καὶ
1182 1370 1478 1440 ἀνιμήσας,
1510 1376 1576 1443 τῇ
1627 1374 1734 1444 ῥινὶ
1781 1391 1947 1445 προσ-

363 1458 568 1528 ήγαγε,
582 1461 676 1512 καὶ
696 1459 765 1528 μύ
776 1476 863 1528 ρον
879 1458 1102 1522 εὐωδίας
1118 1458 1227 1529 (15)
1244 1460 1362 1529 ὡσφ
1370 1462 1536 1532 ράνθη
1546 1503 1559 1515 .
1580 1463 1671 1516 Ἐκ
1681 1464 1869 1518 τούτου
1882 1484 1946 1534 γε

362 1550 574 1617 ἀγαθαὶ
603 1551 811 1614 ἐλπίδες
830 1552 939 1613 τοῖς
968 1551 1372 1621 ἐργαζομένοις,
1399 1554 1491 1607 καὶ
1516 1558 1626 1619 τοῖς
1649 1558 1944 1624 ἐφεστῶσιν

360 1640 617 1708 ἐγένοντο
640 1658 652 1671 ·
714 1641 809 1695 καὶ
856 1642 1060 1712 σπουδῇ
1118 1644 1215 1711 τὴν
1266 1644 1424 1714 σορὸν
1472 1647 1942 1717 ἀποκαλύψαντες,

361 1733 681 1802 εὑρίσκουσι
704 1734 802 1803 τὴν
832 1733 1121 1786 Εὑσεὸίαν.
1162 1735 1235 1786 Τὸ
1265 1735 1320 1788 δὲ
1348 1736 1482 1807 πρὸς
1506 1739 1747 1810 κεφαλὴν
1777 1742 1943 1811 αὐτῆς

361 1823 553 1892 ἐξέχον
575 1822 670 1891 τῆς
694 1822 887 1893 θήκης,
922 1827 1000 1888 εἰς
1034 1825 1265 1878 κιϐωτοῦ
1293 1829 1477 1897 σχῆμα
1507 1832 1940 1902 περιεξεσμένον,

365 1912 487 1981 ἰδίῳ
517 1912 723 1963 ἔνδοθεν
748 1915 1081 1967 ἐκαλύπτετο
1115 1915 1406 1985 ἐπιθέματι
1430 1935 1443 1946 '
1481 1920 1574 1971 καὶ
1606 1922 1943 1992 ἑκατέρωθεν

360 2001 517 2072 αὐτῷ
568 2002 704 2073 πρὸς
753 2004 821 2055 τὰ
866 2003 1014 2074 χείλη
1064 2005 1278 2077 σίδηρος
1320 2009 1687 2077 ἐπικείμενος,
1731 2016 1942 2083 συνεῖχε

364 2093 607 2165 μολίϐδῳ
640 2094 1042 2165 συμπεπηγώς.
1089 2096 1212 2149 Ἐπὶ
1244 2097 1300 2150 δὲ
1346 2098 1511 2167 μέσου
1555 2101 1616 2154 τὸ
1648 2103 1778 2156 αὐτὸ
1814 2106 1943 2175 τρύ-

360 2201 529 2253 πημα
559 2185 722 2237 πάλιν
750 2185 1044 2254 ἀναφανὲν,
1083 2186 1164 2240 ἔτι
1196 2190 1527 2261 σαφέστερον
1557 2194 1764 2248 ἐδείκνυ
1795 2196 1943 2251 ἔνδον

360 2276 513 2345 ἔχειν
547 2279 672 2339 τοὺς
708 2277 1009 2347 μάρτυρας.
1059 2280 1147 2343 Ὠς
1197 2282 1252 2335 δὲ
1304 2284 1470 2337 ταῦτα
1504 2287 1765 2358 ἠγγέλθη,
1816 2307 1940 2343 συν-

360 2369 605 2439 έδραμον
647 2370 727 2432 εἰς
765 2370 826 2423 τὸ
861 2370 1161 2441 μαρτύριον
1191 2374 1324 2442 (16),
1371 2376 1406 2445 ἦ
1439 2394 1497 2430 τε
1543 2378 1751 2448 βασιλὶς
1789 2381 1885 2434 καὶ
1915 2384 1944 2435 ὁ

362 2462 664 2524 ἐπίσκοπος
692 2476 704 2489 ·
742 2463 938 2516 αὐτίκα
967 2464 1023 2516 δέ
1060 2464 1150 2517 διὰ
1186 2465 1294 2518 τῶν
1321 2468 1699 2538 ἐπιστημόνων
1729 2488 1943 2543 περιαι-

364 2552 635 2622 ρεθέντων
656 2553 761 2607 τῶν
786 2554 1068 2625 σιδηρείων
1092 2557 1326 2625 δεσμῶν,
1354 2559 1597 2624 εὐπετῶς
1626 2561 1939 2634 ἐξειλκύσθη

359 2644 430 2696 τὸ
458 2642 693 2714 ἐπίθεμα
718 2660 731 2673 ·
775 2644 879 2697 ὑπὸ
905 2645 961 2698 δέ
995 2645 1152 2699 τοῦτο
1184 2647 1328 2718 μύρα
1382 2650 1573 2710 πολλὰ,
1610 2653 1702 2705 καὶ
1740 2654 1795 2704 ἐν
1832 2656 1942 2717 τοῖς

366 2736 566 2807 μύροις
606 2737 1079 2809 ἁλαϐαστροθῆκαι
1122 2742 1361 2812 ἀργυραῖ
1399 2744 1490 2796 δύο
1522 2745 1844 2815 εὑρέθησαν,
1885 2749 1942 2800 ἐν

361 2822 459 2889 αἷς
485 2826 553 2878 τὰ
582 2826 703 2898 ίερὰ
733 2827 957 2897 λείψανα
989 2829 1216 2883 ἔκειντο.
1245 2832 1376 2885 Τότε
1411 2834 1508 2903 μὲν
1536 2831 1627 2888 οὖν
1660 2840 1691 2907 ἡ
1735 2838 1944 2907 βασιλὶς

364 2919 767 2990 εὐχαριστήρια
797 2918 1001 2989 ηὔξατο
1037 2920 1114 2990 τῷ
1146 2920 1284 2990 Θεῷ,
1318 2924 1581 2995 τοσαύτης
1626 2927 1943 2998 ἐπιφανείας

363 3008 662 3071 ἀξιωθεῖσα
709 3010 803 3062 καὶ
852 3011 949 3078 τῆς
977 3010 1244 3081 εὑρέσεως
1290 3014 1619 3084 ἐπιτυχοῦσα
1646 3016 1753 3070 τῶν
1783 3020 1943 3090 ίερῶν

362 3099 636 3168 λειψάνων
666 3118 679 3130 α
718 3102 855 3171 μετὰ
898 3101 953 3154 δέ
986 3102 1174 3162 ταῦτα.
1220 3104 1649 3179 πολυτελεστάτῃ
1691 3110 1830 3182 θήκῃ
1863 3130 1942 3164 τι-

368 3192 532 3261 μῶσα
580 3193 705 3255 τοὺς
740 3194 1040 3264 μάρτυρας,
1092 3199 1241 3268 παρὰ
1283 3199 1374 3251 τὸν
1408 3198 1691 3254 θεσπέσιον
1735 3202 1941 3273 Θύρσον

364 3283 650 3346 κατέθετο,
703 3262 1031 3356 δημοτελοῦς
1084 3262 1297 3357 ἑορτῆς,
1350 3288 1425 3352 ὼς
1472 3290 1637 3354 είκδς,
1682 3292 1773 3345 καὶ
1816 3262 1938 3363 ’τῆς
1968 3262 2009 3319 C

366 3377 753 3450 προσηκούσης
808 3379 971 3447 τιμῆς
1030 3380 1121 3431 καὶ
1181 3382 1405 3449 πομπῆς
1464 3382 1560 3434 σὺν
1599 3382 1938 3454 ψαλμῳδίαις

365 3468 825 3539 ἐπιτελεσθείσης,
920 3469 1012 3521 καὶ
1040 3468 1201 3532 αὐτὸς
1246 3468 1356 3537 ἐγὼ
1382 3475 1784 3544 παρεγενόμην,
1827 3478 1937 3531 Καὶ

364 3562 439 3616 τὰ
487 3560 586 3631 μὲν
632 3553 730 3611 ὦδε
775 3559 1048 3628 γενέσθαι,
1105 3562 1154 3613 οἱ
1204 3562 1607 3631 παρατυχόντες
1657 3568 1721 3635 τῇ
1775 3567 1932 3638 ἑορτῇ

370 3654 831 3724 μαρτυρήσουσι·
892 3649 1076 3719 σχεδὸν
1121 3649 1229 3720 γὰρ
1286 3649 1365 3703 ἑτι
1437 3652 1636 3715 πάντες
1680 3656 1932 3723 περίεισι,

368 3742 559 3797 καθότι
590 3742 767 3811 πολλῷ
795 3742 1019 3812 ὕστερον
1051 3740 1269 3811 συνέϐη,
1293 3741 1534 3811 Πρόκλου
1556 3743 1937 3815 ἐπιτροπεύον-

366 3852 463 3899 τος
488 3835 587 3905 τὴν
629 3832 1251 3895 Κωνσταντινουπόλεως
1288 3832 1581 3902 Ἐκκλησία
1596 3853 1634 3887 ι.

2041 653 2108 736 eq
2132 655 2244 709 quo
2276 639 2485 696 dictum
2517 652 2636 698 erat
2668 646 2789 700 loco
2816 646 3133 703 fodiendum
3169 661 3351 717 esset,
3385 662 3439 707 et
3469 670 3619 706 mar-

2043 733 2221 801 tyrum
2246 733 2634 805 investiganda:
2659 738 2929 808 reliquiae,
2965 741 3235 811 Augusta,
3273 758 3334 796 ea
3368 759 3426 797 re
3460 745 3622 799 intel-

2042 816 2221 883 lecta,
2269 819 2439 889 jussit
2490 829 2551 877 ut
2599 838 2739 893 Opus
2794 828 3242 898 aggrederentur.
3299 831 3621 902 Eﬂossoque

2043 903 2191 959 circa
2242 907 2533 964 ambonem
2580 910 2736 977 loco,
2780 925 2995 984 reperta
3046 925 3132 972 est
3181 934 3308 974 arca
3359 922 3617 993 conjugis

2044 995 2290 1059 Caesarii,
2322 1000 2464 1054 sicut
2496 1000 2900 1073 Polychronius
2935 1007 3261 1076 conjecerat.
3299 1011 3362 1064 Et
3401 1015 3619 1069 modico

2048 1083 2339 1140 intervallo
2373 1089 2585 1145 distans
2614 1091 2778 1164 368
2810 1110 2874 1149 ex
2904 1103 3218 1153 transverso
3244 1103 3615 1169 pavimentum

2044 1187 2326 1230 coctorum
2358 1179 2623 1244 laterum,
2665 1192 2719 1238 et
2760 1201 3063 1242 marmorea
3107 1191 3291 1243 tabula
3335 1197 3613 1263 magnitu-

2044 1266 2172 1322 dine
2216 1269 2294 1322 illi
2335 1273 2584 1341 aequalis,
2642 1275 2744 1329 sub
2771 1292 2878 1345 qua
2909 1279 3085 1346 ipsius
3120 1279 3367 1337 Eusebia:
3402 1286 3616 1342 loculus

2045 1362 2337 1429 apparuit,
2372 1373 2427 1417 et
2456 1366 2600 1433 quod
2625 1366 2768 1419 circa
2804 1368 2956 1421 illum
2996 1370 3240 1425 loculum
3273 1383 3393 1428 erat
3426 1385 3613 1430 orato-

2048 1453 2210 1516 rium,
2230 1454 2352 1508 albo
2371 1460 2628 1525 purpurei
2654 1463 2942 1515 marmoris
2962 1464 3163 1519 crustis
3187 1466 3321 1521 satis
3340 1468 3618 1537 eleganter

2048 1551 2271 1598 tectum.
2336 1545 2663 1616 Operculum
2721 1560 2900 1604 autem
2955 1552 3167 1621 loculi,
3215 1557 3390 1613 instar
3442 1575 3615 1615 sacrae

2047 1650 2246 1689 mensa!
2290 1635 2651 1693 fabrefactum
2689 1650 2825 1695 erat.
2870 1643 2926 1697 In
2982 1662 3195 1700 summa
3237 1657 3418 1703 autent
3461 1662 3615 1720 parte

2047 1727 2138 1780 ubi
2172 1729 2713 1798 martyresjacehant
2741 1773 2756 1797 ,
2785 1735 3042 1803 exiguum
3069 1736 3311 1793 foramen
3336 1744 3613 1811 apparuit.

2048 1814 2185 1871 Tum
2218 1834 2349 1873 vero
2414 1829 2605 1875 astans
2625 1824 2865 1891 ,quidam
2894 1842 2959 1880 ex
2993 1828 3340 1897 imperatoris
3385 1832 3611 1901 palatio,

1975 1898 2016 1953 Β
2046 1922 2263 1967 tenuem
2296 1914 2501 1983 virgam
2536 1930 2700 1983 quam
2737 1933 2905 1971 manu
2944 1921 3203 1988 gerebat,
3238 1939 3333 1991 per
3366 1924 3611 1982 foramen

2042 2000 2285 2057 demisit.
2320 2002 2493 2069 Quam
2524 2021 2649 2060 eum
2679 2011 3040 2074 retraxisset,
3076 2014 3306 2069 naribus
3340 2016 3612 2084 admovit,

2042 2101 2096 2149 et
2128 2096 2390 2165 unguenti
2420 2099 2643 2153 odorem
2670 2104 3058 2158 suavissimum
3090 2105 3296 2161 Olfecit.
3331 2106 3408 2163 Ea
3439 2125 3529 2164 res
3558 2118 3614 2163 et

2042 2188 2401 2254 operantibus
2424 2229 2440 2252 ,
2488 2198 2543 2243 et
2577 2190 2643 2245 iis
2676 2192 2771 2261 qui
2799 2194 3090 2257 astabant,
3131 2198 3347 2254 animos
3379 2198 3610 2255 addidit.

2045 2276 2351 2350 Statimque
2377 2282 2594 2337 detecto
2630 2284 2814 2338 loculo
2840 2325 2855 2347 ,
2893 2284 3187 2341 Eusebiam
3217 2289 3518 2358 reperiunt.
3552 2289 3613 2347 ld

2040 2385 2173 2425 vero
2219 2372 2363 2440 quod
2408 2375 2475 2427 ad
2522 2384 2689 2444 caput
2725 2376 2847 2445 ejus
2884 2379 3195 2440 eminebat,
3232 2380 3287 2433 in
3324 2396 3468 2437 arcae
3501 2382 3614 2437 for-

2043 2478 2182 2516 tnam
2216 2464 2457 2532 undique
2486 2468 2835 2533 dedolatum,
2878 2472 3103 2540 proprio
3156 2473 3306 2528 intus
3349 2476 3612 2545 operculo

2042 2554 2327 2623 tegebatur
2350 2596 2364 2619 ,
2406 2567 2460 2612 et
2490 2560 2747 2629 utrinque
2772 2560 2839 2614 ad
2868 2561 3023 2616 labra
3062 2562 3375 2633 impositum
3404 2565 3609 2621 ferrum

2044 2646 2266 2713 plumbo
2295 2649 2586 2704 soliclatum
2620 2654 2944 2721 operculum
2976 2657 3314 2713 continebat.
3344 2661 3402 2713 ln
3435 2662 3613 2716 medio

2043 2754 2173 2793 vero
2206 2738 2451 2795 foramen
2484 2758 2677 2797 rursus
2712 2760 2980 2814 apparens
3005 2789 3018 2810 ,
3050 2749 3231 2805 adhuc
3263 2752 3613 2810 manifestius

2040 2829 2318 2895 ostendit,
2355 2841 2623 2905 martyres
2658 2834 2811 2892 intus
2848 2838 3101 2893 conditos
3134 2856 3277 2897 esse.
3318 2841 3449 2909 Quae
3484 2858 3610 2897 cum

2042 2924 2290 2977 nuntiata
2325 2934 2538 2987 essent,
2573 2926 2866 2983 confestim
2916 2932 3157 3002 Augusta
3199 2942 3250 2987 et
3289 2935 3610 3006 episcopus,

2042 3013 2108 3066 ad
2139 3014 2419 3068 basilicam
2472 3018 2729 3089 martyris
2765 3032 3092 3090 accurrunt;
3128 3040 3191 3079 ac
3220 3028 3469 3096 protinus
3499 3029 3610 3084 fer-

2042 3106 2150 3160 reis
2182 3106 2418 3160 vinculis
2457 3122 2622 3177 opera
2655 3110 2926 3165 artificum
2963 3114 3395 3187 circumquaque
3418 3135 3608 3174 exem-

2046 3197 2170 3266 ptis,
2203 3198 2519 3265 operculum
2547 3197 2705 3253 facile
2742 3203 2971 3269 posthac
3001 3214 3307 3261 extractum
3344 3208 3467 3263 fuit.
3496 3210 3611 3267 Sub

2042 3304 2149 3357 quo
2193 3303 2381 3357 magna
2428 3290 2585 3358 copia
2631 3300 3083 3360 unguentorum,
3132 3305 3186 3351 et
3237 3298 3290 3353 in
3350 3300 3436 3355 his
3490 3304 3612 3358 duae

2043 3378 2269 3449 pyxides
2315 3388 2586 3448 argentea:
2624 3396 2851 3451 reperta:
2893 3395 3056 3449 sunt,
3098 3388 3152 3441 in
3194 3390 3397 3459 quibus
3438 3408 3612 3449 sacra:

2042 3468 2285 3536 reliquie
2311 3477 2467 3521 erant
2501 3472 2810 3526 reconditae.
2836 3474 2914 3528 Ac
2948 3485 3057 3529 tum
3092 3478 3313 3546 quidem
3345 3482 3609 3552 Augusta,

2044 3559 2184 3614 facta
2218 3562 2492 3624 oratione,
2527 3563 2733 3631 gratias
2769 3566 2878 3635 egit
2911 3565 3043 3631 Deo,
3070 3570 3215 3639 quod
3254 3570 3426 3641 ipsam
3458 3582 3611 3630 tanta

2040 3652 2248 3706 visione
2293 3652 2550 3721 dignatus
2593 3665 2779 3719 esset,
2829 3665 2885 3711 et
2923 3660 3071 3729 quod
3109 3677 3296 3719 sacras
3341 3666 3610 3737 reliquias

2042 3742 2261 3797 tandem
2289 3744 2603 3813 reperisset.
2628 3743 2981 3803 Postmodum
3003 3768 3152 3816 vero,
3182 3770 3307 3809 cum
3338 3770 3608 3829 martyres

2040 3833 2441 3903 pretiosissima
2485 3850 2649 3906 capsa
2695 3838 3054 3909 honorasset,
3100 3861 3197 3901 eos
3235 3848 3405 3916 juxta
3435 3851 3610 3906 admi-

369 3930 605 3985 randum
638 3929 911 3999 Thyrsum
941 3928 1229 3998 deposuit:
1281 3928 1501 3996 publica
1538 3928 1833 3984 festivitate
1854 3971 1868 3994 ,
1906 3939 1966 3984 ut
2006 3945 2102 3999 par
2129 3941 2271 3989 erat.
2295 3942 2347 3984 et
2371 3931 2601 3985 solemni
2630 3948 2822 4005 pompa
2852 3954 2972 3992 cum
2997 3943 3315 4009 psalmodiis
3342 3957 3397 4003 et
3458 3964 3608 4005 com-

372 4022 579 4092 petenti
616 4020 767 4073 cultu
804 4021 1077 4075 celebrata
1113 4040 1124 4073 :
1170 4020 1258 4074 cui
1303 4036 1403 4088 ego
1443 4037 1660 4090 quoque
1698 4023 1943 4078 interfui.
1987 4024 2050 4076 Et
2085 4026 2196 4079 haec
2225 4027 2445 4096 quidem
2483 4026 2536 4079 in
2574 4026 2720 4083 hunc
2751 4032 2971 4085 modum
3008 4045 3157 4103 gesta
3192 4054 3343 4103 esse,
3423 4052 3596 4100 testa--

373 4119 584 4171 buntur
612 4116 665 4170 hi
700 4116 792 4186 qui
832 4116 1115 4171 festivitati
1153 4114 1558 4170 interfuerunt:
1592 4131 1785 4173 omnes
1812 4119 1956 4173 enim
2034 4119 2205 4174 ferme
2256 4120 2436 4174 adhuc
2478 4132 2796 4191 supersunt.
2861 4125 3073 4200 Quippe
3119 4132 3236 4190 haec
3284 4136 3374 4191 diu
3418 4154 3605 4210 postea

373 4212 768 4282 contigerunt;
799 4208 995 4265 Proclo
1043 4207 1714 4276 Constantinopolitanam
1763 4208 2064 4264 Ecclesiam
2091 4208 2532 4265 administrante.

1558 4396 1825 4451 VALESII
1865 4396 2411 4458 ANNOTATIONES.

442 4529 555 4597 (ίῖ)
618 4530 895 4601 Τρύπημα
932 4543 1168 4611 μικρόν.
1238 4538 1441 4609 Duplex
1505 4547 1622 4593 erat
1684 4537 1930 4611 foramen
1968 4540 2185 4611 οἱεροῦ

371 4615 540 4677 super
591 4613 917 4677 martyrum
953 4609 1217 4677 reliquiis.
1288 4613 1531 4663 Alterum
1580 4611 1825 4663 exterius
1879 4610 1931 4663 in

372 4669 530 4748 ailfﬂ'i
559 4672 643 4748 _\'c|
692 4669 748 4748 iri
800 4669 1144 4742 pavimento,
1205 4680 1307 4733 sub
1347 4696 1456 4748 quo
1497 4680 1729 4733 condita:
1775 4688 1935 4733 erant

372 4740 638 4819 reliquiae.
678 4740 924 4819 A_lteru_m
960 4748 1211 4819 interius,
1250 4751 1303 4802 in
1344 4740 1504 4819 capsa
1536 4765 1630 4802 sett
1667 4764 1792 4819 arca
1827 4764 1932 4816 qua

374 4808 620 4877 reliquiae
666 4810 1080 4870 claudebantur.
1138 4808 1242 4872 Per
1280 4808 1608 4873 haec-autem
1662 4808 1933 4873 foramina

374 4894 496 4957 qua:
529 4895 572 4960 'e
617 4881 838 4960 regione
869 4885 1242 4960 s_ibi_invicem
1290 4890 1730 4960 respondebant,
1774 4886 1931 4942 Chri-

375 4950 837 5020 stianisolebant
864 4952 1149 5010 demittere
1185 4950 1475 5020 velamina,
1523 4967 1581 5011 ut
1618 4950 1932 5013 sanctorum

376 5019 637 5097 reliquias
688 5023 1085 5098 contingerent,
1132 5043 1253 5094 qua!
1311 5044 1409 5098 pro
1455 5019 1645 5096 magna
1714 5029 1936 5082 benedi-

375 5090 558 5158 ctione
590 5090 951 5158 accipiebant.
1006 5090 1336 5151 FeneStellas
1385 5090 1827 5151 vocat‘Evodius
1880 5098 1933 5150 in

378 5157 516 5237 libro
549 5157 725 5237 primo
754 5160 1124 5237 ngiraculis
1157 5174 1327 5220 sancti
1364 5168 1636 5235 Stephani,
1692 5183 1817 5237 cap.
1847 5167 1930 5221 12.

377 5227 769 5307 Etﬁregoﬂrius
804 5230 1147 5307 Turonensis
1174 5238 1246 5307 fin
1276 5239 1425 5307 libro
1453 5227 1632 5307 primo
1663 5237 1737 5291 De
1766 5227 1931 5290 inira-

374 5298 505 5377 fulis
538 5300 936 5377 confessorunt,
970 5320 1091 5373 cap.
1112 5306 1215 5377 28.
1267 5306 1327 5362 In
1360 5298 1710 5377 suggestione
1750 5317 1931 5361 autem

376 5366 676 5447 legatorum
747 5371 814 5425 ad
872 5366 1216 5447 Hormisdam
1280 5366 1493 5446 papauf
1544 5379 1611 5431 de
1672 5379 1936 5447 petitione

374 5434 691 5499 Justiniani,
728 5451 1019 5498 cataractae
1046 5434 1326 5501 dicuntur.
1357 5434 1504 5501 'Vitle
1530 5434 1825 5505 Btmmtuu.
1866 5448 1934 5499 ad

376 5522 570 5584 annum
610 5510 809 5584 Christi
838 5511 942 5565 416
970 5553 982 5573 .
1044 5530 1165 5584 cap.
1210 5516 1312 5582 2i;
1355 5526 1411 5571 el
1455 5518 1521 5569 ad
1567 5535 1760 5570 annum
1808 5518 1931 5579 461,

375 5592 495 5647 cap.
530 5579 590 5643 5;
620 5591 669 5631 et
696 5580 764 5631 ad
790 5598 983 5635 annum
1004 5579 1129 5647 519;
1163 5579 1405 5647 can-93.
1443 5586 1514 5639 De
1538 5588 1639 5642 hoc
1668 5588 1935 5641 foramine

376 5601 495 5644 cap.
530 5601 590 5643 a;
620 5601 669 5631 et
696 5601 762 5631 aa
790 5601 983 5635 annum
1004 5601 1129 5647 om,
1163 5601 1226 5639 ca
1275 5628 1287 5640 .
1318 5601 1405 5641 ua.
1443 5601 1514 5639 ue
1538 5601 1639 5642 noc
1668 5601 1932 5641 toramtne

376 5645 766 5727 intelligendus
809 5653 1021 5727 videtur
1059 5656 1211 5709 locus
1235 5601 1449 5711 l{Vicetaa
1484 5658 1847 5727 Paphlagonis
1881 5659 1932 5709 in

376 5714 689 5796 laudatione
728 5718 1296 5796 liyacin'thi‘tnartyris
1322 5714 1798 5796 Atttastriatti,vqui
1856 5728 1935 5779 sic

376 5783 536 5838 habet
574 5806 585 5839 :
620 5783 850 5866 Aptae:
883 5794 941 5843 τὸ
966 5794 1059 5866 τρῦ
1098 5783 1267 5866 τάερου
1294 5796 1468 5864 στόμα
1508 5798 1599 5849 καὶ
1638 5783 1739 5866 τὴκὶ
1774 5797 1937 5866 καλύέ

377 5869 614 5909 πτουσαν
668 5858 1057 5929 λαρνακοειδῶς
1112 5858 1458 5935 οἰκοδομίαν,
1520 5858 1795 5936 ἀνάμεστα
1840 5864 1932 5918 τοῦ

2216 4542 2653 4646 292%.“).
2680 4548 2882 4646 ξξιεεεξῖ,
2895 4550 3606 4646 ,Ϊέύῗῖλὶἅῖίῗὶηἲδῗέῖλέε

2036 4611 2440 4690 ᾁποδείκνυται.
2467 4613 2555 4690 ια
2592 4611 2647 4667 ιιι
2677 4611 2988 4687 οεέεριιιενὶ
3016 4611 3301 4689 ιε’[αὺνίεα
3327 4611 3442 4690 qua:
3470 4611 3602 4678 illud

2038 4682 2257 4759 tegebat,
2287 4683 2339 4735 in
2368 4683 2579 4759 modum
2612 4702 2749 4739 areae
2780 4682 3070 4756 teniposila
3096 4682 3372 4759 (capellam
3405 4693 3603 4747 intelli-

2034 4751 2156 4819 git),
2179 4760 2342 4829 ‘snero
2370 4754 2578 4829 pulvere
2612 4767 2659 4809 et
2696 4751 2985 4811 venerando
3026 4751 3120 4812 illo
3164 4751 3334 4813 cinere
3381 4766 3605 4829 comple-

2036 4829 2201 4872 retur.
2248 4822 2328 4875 Ad
2375 4825 2474 4875 hoc
2519 4825 2759 4880 foramen
2802 4829 3121 4882 referendus
3148 4840 3233 4884 est
3266 4832 3431 4883 etiam
3466 4822 3605 4885 alter

2036 4890 2197 4965 locus
2217 4890 2408 4965 incerti
2442 4895 2686 4949 auctoris
2714 4898 2766 4949 in
2806 4897 3165 4965 Descriplione
3202 4900 3434 4953 ecclesia:
3466 4902 3603 4955 San-

2036 4969 2131 5012 ctw
2159 4960 2388 5084 δὲξὲίω,
2420 4979 2537 5031 qua:
2572 4981 2742 5035 nuper
2771 4969 2915 5022 edita
2950 4960 3035 5022 est
3074 4984 3101 5021 a
3130 4967 3217 5022 Fr.
3245 4970 3601 5037 Combefisio,

2037 5044 2157 5084 naa.
2303 5073 2315 5084 .

2075 5044 2157 5084 θα.
2188 5044 2315 5084 233.

2036 5044 2484 5177 {)affojaaideﬁ
2520 5104 2787 5177 εὐωδίας.
2853 5106 2985 5177 Νοιι
3033 5106 3224 5162 dubito
3272 5107 3403 5177 quin
3462 5110 3600 5162 scri-

2036 5166 2271 5222 bettdttnt
2307 5166 2375 5247 sit
2420 5171 2605 5243 μύρων
2641 5166 2883 5238 εὐωδίας.
2935 5175 2988 5229 Id
3039 5178 3183 5231 enim
3236 5166 3473 5247 pdstulat
3516 5181 3600 5235 lex

2036 5244 2413 5307 grammatica.

2106 5308 2215 5377 (I4)
2252 5309 2631 5383 Συνέδραμον
2679 5315 2765 5378 είς
2815 5313 2880 5365 τὸ
2941 5317 3279 5383 μαρτύριον.
3337 5315 3598 5371 Baronius

2037 5377 2103 5431 ad
2137 5393 2337 5432 annum
2368 5377 2567 5455 Christi
2601 5383 2722 5444 438,
2756 5398 2864 5451 quo
2895 5377 3033 5455 anno
3062 5377 3203 5439 na'nc
3236 5386 3597 5455 quadraginta

2039 5457 2334 5519 martyrum
2398 5452 2800 5505 translationem
2866 5453 3065 5519 refert;
3120 5452 3266 5509 hunc
3309 5452 3596 5511 Suzomeui

2039 5517 2217 5571 locum
2270 5518 2586 5595 adducens,
2644 5521 2941 5595 μαρτυριον
2976 5517 3232 5595 ’θὶιεεεθ
3277 5540 3465 5595 quam,
3497 5543 3597 5579 nos

2035 5603 2300 5643 vocamus
2326 5590 2743 5645 confessionem.
2779 5591 2919 5644 Sane
2962 5593 3245 5649 Confessio
3273 5590 3413 5649 beati
3447 5594 3596 5650 Petri

2037 5660 2235 5727 saepius
2264 5662 2505 5713 occurrit
2556 5661 2609 5713 in
2669 5662 2798 5730 vitis
2830 5662 3146 5730 pontificum
3201 5664 3593 5728 Romanorum,

2036 5743 2139 5805 pro
2190 5730 2443 5805 sepulcro
2496 5730 2636 5805 beati
2682 5729 2849 5805 Petri.
2903 5729 3413 5805 Verttttthocloco
3455 5750 3596 5805 μαρ-

2035 5800 2220 5868 τύριον
2268 5809 2352 5852 est
2402 5800 2628 5854 basilica
2681 5804 2732 5855 in
2776 5803 3039 5855 honorent
3091 5800 3288 5875 Thyrsi
3337 5800 3595 5877 martyris

2035 5870 2321 5921 aedificata.
