4504 6576
836 438 976 500 1603

1382 549 1547 625 339
1584 548 1735 607 car.
1778 548 1869 606 ιιι.

929 645 1131 703 lterum
1166 652 1230 700 de
1253 654 1446 699 virtut:
1490 645 1790 698 Putclieria:
1818 660 1881 697 ac
1909 658 2153 697 sororum
2184 641 2332 712 ejus:

1205 725 1254 770 et
1282 732 1440 786 quam
1474 715 1582 768 Deo
1612 715 1790 769 charte
1819 714 2043 784 fuerint.

909 810 1014 865 Sed
1059 817 1115 864 et
1167 809 1290 864 aliis
1340 810 1395 861 in
1438 808 1605 863 rebus
1650 807 1795 863 Deus
1843 807 1893 861 id
1937 806 2083 876 quod
2128 813 2422 861 venturum

836 906 977 963 erat,
1008 901 1274 969 Augusta:
1304 898 1507 967 saepius
1534 898 1939 967 praenuntiasse
1980 898 2223 955 dicitur:
2282 896 2425 951 mul-

806 997 1002 1059 ‘taque
1034 999 1151 1045 tum
1204 991 1303 1053 illi,
1351 1001 1467 1044 tum
1503 989 1790 1045 sororibus
1821 988 2092 1045 accidisse
2137 988 2280 1042 fama
2314 995 2421 1053 est,

835 1097 959 1152 quae
1008 1081 1104 1136 Dei
1152 1096 1284 1153 erga
1342 1081 1467 1135 illas
1505 1095 1751 1136 amorem
1787 1089 2148 1135 testarentur.
2183 1078 2318 1134 Nam
2370 1086 2426 1134 et

836 1177 943 1231 illae
975 1176 1119 1231 idem
1154 1176 1373 1232 vivendi
1420 1191 1594 1246 genus
1646 1176 2072 1246 institutumque
2115 1182 2420 1231 sectantur.

834 1269 981 1335 Erga
1016 1275 1336 1330 sacerdotes
1385 1281 1452 1320 ac
1499 1280 1690 1321 sacras
1724 1266 1871 1322 aedes
1918 1273 2185 1337 prompta:
2229 1280 2295 1320 ac
2334 1280 2423 1320 se-

836 1360 1016 1414 dulae:
1063 1360 1117 1412 in
1164 1358 1511 1428 peregrinos,
1541 1365 1769 1428 egentes
1799 1371 1865 1411 ac
1895 1372 2164 1427 pauperes
2201 1357 2424 1410 muniti-

836 1467 936 1506 (ιω.
965 1450 1149 1505 Mensa
1182 1461 1242 1504 ut
1271 1450 1562 1520 plurimum
1594 1448 1786 1503 cadent
1824 1456 1913 1504 est
1942 1448 2225 1512 omnibus,
2256 1449 2426 1503 idem-

837 1557 943 1610 que
973 1555 1284 1610 processus.
1321 1538 1491 1592 Noctu
1529 1544 1694 1607 atque
1747 1537 1985 1591 interdiu
2032 1537 2267 1607 hymnos
2314 1536 2423 1590 Deo

837 1633 1001 1687 simul
1031 1638 1258 1685 canunt.
1290 1630 1352 1684 Et
1380 1630 1924 1699 pronthonestarnm
1958 1629 2254 1682 mulierum
2290 1642 2425 1681 con-

839 1723 1072 1780 suetudo
1103 1731 1211 1787 est,
1245 1722 1465 1777 texendi
1497 1731 1553 1775 et
1604 1719 1988 1789 hujuscemodi
2037 1734 2265 1789 operum
2299 1726 2423 1774 stu-

837 1817 1007 1872 diose
1036 1823 1186 1872 sunt.
1216 1814 1398 1869 Otium
1437 1828 1502 1867 ac
1533 1812 1828 1875 desidiam,
1859 1813 2110 1882 quamvis
2140 1814 2420 1881 Augustae,

2296 428 2637 490 SOZOMENI

2454 561 2502 617 Α

3968 428 4105 485 1604

3131 546 3381 601 ΚΕΦᾹΔ.
3419 546 3494 601 Γ’.

2532 644 2656 696 Ἔτι
2679 641 2811 711 περὶ
2843 638 3064 715 ἀρετῆς
3084 640 3182 715 καί
3209 633 3683 715 θεοςξιλείςιςᾳτῇς
3708 636 4107 705 Που.ῑχεριάς,

2913 711 3014 764 καὶ
3046 709 3167 763 τῶν
3196 708 3388 777 αὐτῆς
3415 708 3716 775 ἀδελφῶν.

2600 801 2772 869 Λόγος
2794 800 2852 854 δὲ
2881 801 2977 855 καὶ
3020 799 3117 853 ἐπὶ
3146 798 3328 862 ἄλλοις
3382 796 3673 869 πράγμασι
3722 794 3984 858 πολλάκις
4018 796 4111 848 τὸν

2529 893 2661 947 Θεὸν
2711 892 3162 963 προαναφανῆναι
3212 890 3275 943 τὸ
3327 889 3521 961 μέλλον
3568 889 3637 959 τῇ
3692 886 3960 958 βασιλίδι,
4015 886 4110 939 καὶ

2529 987 2757 1040 πλεῖστα
2814 986 3122 1055 θεοφίλειαν
3188 985 3570 1057 μαρτυροῦντα
3633 983 3907 1055 συμϐῆναι
3977 986 4111 1053 περὶ

2528 1079 2698 1152 αὐτὴν
2724 1080 2820 1134 καὶ
2853 1080 2953 1144 τὰς
2978 1080 3152 1150 αὐτῆς
3198 1079 3433 1149 ἀδελφάς
3461 1095 3474 1108 ·
3512 1078 3637 1132 ἐπεὶ
3684 1077 3782 1132 καὶ
3811 1071 3971 1132 αὗται
4017 1078 4113 1131 τὸν

2529 1167 2648 1226 ἶσον
2675 1172 3048 1227 πολιτεύονται
3072 1172 3293 1243 τρόπον,
3319 1174 3449 1244 περὶ
3472 1174 3598 1235 τοὺς
3627 1172 3806 1242 ἱερέας
3826 1211 3839 1235 ,
3861 1172 3955 1224 καί
3984 1171 4111 1233 τοὺς

2528 1265 2853 1336 εὐκτηρίους
2877 1264 3061 1328 οἴκους
3090 1264 3517 1328 σπουδάζουσαι,
3550 1265 3642 1317 καὶ
3676 1263 3806 1334 περὶ
3844 1264 3971 1326 τοὺς
3999 1263 4113 1315 δεο-

2532 1356 2725 1426 μένους
2750 1353 2931 1419 ξένους
2955 1355 3051 1409 καὶ
3077 1356 3326 1426 πτωχοὺς
3355 1354 3826 1425 φιλοτιμούμεναι.
3846 1355 4110 1425 Τραπεζα

2529 1446 2893 1518 καὶπρόοδος
2932 1446 3008 1510 ὡς
3054 1448 3256 1501 ἐπίπαν
3304 1450 3338 1519 ἡ
3391 1448 3529 1517 αὐτὴ
3572 1447 3807 1510 πάσαις’
3860 1448 4014 1516 κοινῇ
4047 1462 4111 1497 τε

2528 1538 2744 1610 νύκτωρ
2770 1539 2865 1592 καὶ
2894 1538 3011 1610 μεθ’
3034 1540 3247 1611 ἡμέραν
3282 1541 3372 1594 τὸν
3396 1540 3530 1594 Θεὸν
3564 1539 3828 1610 ὑμνοῦσι·
3862 1540 3956 1592 καὶ
3995 1532 4112 1600 οἶος

2527 1628 2874 1698 ἀξιατὰστων
2925 1631 3203 1698 γυναικῶν
3240 1632 3403 1701 νόμος
3426 1673 3441 1695 ,
3488 1631 3822 1701 ὑφασμάτων
3874 1631 3968 1683 καὶ
4000 1630 4112 1681 των

2527 1724 2785 1775 τοιούτων
2838 1721 3019 1793 ἔργων
3071 1722 3474 1793 ἐπιμελοῦνται.
3519 1722 3829 1794 Ῥᾳστώνην
3868 1722 3975 1791 γὰρ
4015 1719 4112 1773 καὶ

2530 1816 2752 1886 ἀργίαν,
2783 1816 2987 1887 καίπερ
3014 1815 3415 1886 βασιλεύουσαι,
3457 1818 3552 1869 καὶ
3576 1818 3636 1869 έν
3678 1818 3791 1878 τοῖς
3819 1815 4111 1885 βασιλείοις

836 1918 893 1965 et
934 1911 987 1963 in
1022 1908 1252 1977 imperio
1297 1913 1437 1960 natae
1468 1913 1635 1975 atque
1669 1905 1941 1968 educata),
1988 1920 2147 1960 sacra
2191 1905 2424 1975 virgini-
2455 1918 2497 1977 Β
2527 1925 2615 1978 re;

2339 1905 2424 1958 ni-
2455 1918 2497 1977 Β
2527 1906 2799 1979 τεχθείσαι
2838 1910 2933 1962 καὶ
2961 1912 3250 1980 τραφεῖσαι
3272 1954 3284 1973 ,
3322 1908 3617 1981 παρθενίας
3652 1910 3802 1979 ἱερᾶς
3825 1909 3890 1979 ἢν
3920 1909 4109 1978 μετιᾶ-

839 2007 949 2054 tate
981 2014 1145 2068 quam
1202 1998 1529 2067 prolitentur
1573 1996 1852 2066 indignam
1899 2012 2020 2051 esse
2062 2005 2420 2061 censuerunt,

838 2098 893 2145 et
933 2104 964 2142 a
998 2090 1113 2143 vita
1147 2103 1247 2143 sua
1294 2086 1487 2157 procul
1522 2086 1917 2139 amandarunt.
1951 2084 2070 2150 Qua
2122 2086 2193 2140 de
2246 2099 2420 2140 causa

839 2196 967 2237 cum
1021 2180 1165 2235 Deus
1213 2177 1503 2233 manifeste
1559 2178 1836 2248 propitius
1883 2185 2067 2241 esset,
2119 2189 2422 2247 earumque

837 2275 1062 2329 domum
1095 2270 1353 2342 praesidio
1390 2284 1494 2325 suo
1523 2277 1791 2333 tueretur,
1819 2268 2172 2338 imperatoris
2198 2268 2419 2338 quidem

837 2373 895 2418 et
940 2373 1074 2419 aetas
1112 2370 1168 2417 et
1210 2360 1505 2431 imperium
1557 2359 1617 2414 in
1665 2358 1787 2415 dies
1837 2358 2146 2414 crescebat.
2201 2355 2423 2413 Insidiae

837 2471 971 2513 vero
1008 2463 1064 2511 et
1105 2455 1268 2518 bella,
1300 2466 1646 2524 quascunque
1693 2451 1963 2507 adversus
1996 2451 2152 2507 illum
2181 2448 2415 2507 conﬂata

838 2556 1019 2613 erant,
1048 2563 1149 2603 sua
1178 2555 1374 2618 sponte
1401 2546 1865 2601 discutiebantur.

1470 2637 1625 2694 CAP.
1676 2636 1766 2693 IV.

840 2735 919 2790 De
946 2733 1139 2804 [aedere
1167 2732 1478 2804 Persaru_m,
1507 2731 1633 2783 item
1672 2728 1737 2804 de
1761 2726 2008 2804 ﬂoruerit)
2039 2739 2088 2785 et
2123 2728 2381 2804 Stilicone
2400 2746 2420 2785 :

1027 2814 1078 2860 et
1106 2804 1171 2859 de
1199 2804 1352 2857 rebus
1379 2800 1562 2856 Roma:
1588 2810 1638 2855 ct
1667 2800 1721 2853 iu
1750 2799 2020 2855 Dalmatia
2044 2803 2227 2871 gestis.

913 2961 1125 3017 Etenim
1174 2974 1272 3030 per
1324 2956 1379 3013 id
1416 2965 1654 3028 tempus,
1694 2954 1880 3013 Persa:
1918 2955 2142 3026 quidem
2174 2974 2299 3014 cum
2351 2959 2420 3014 ad

839 3054 1041 3111 bellum
1084 3052 1513 3122 prornpissent,
1572 3055 2117 3135 centutn'annorum
2166 3050 2422 3107 inducias

839 3162 965 3202 cum
985 3144 1251 3199 Romanis
1290 3142 1564 3215 pepigere.
1598 3126 1980 3204 Stilico'vero,
2022 3141 2286 3212 magister
2316 3126 2421 3197 nii-

841 3241 999 3294 iitum
1023 3235 1272 3301 Honorii,
1303 3250 1428 3290 cum
1470 3234 1524 3288 in
1571 3233 1942 3303 suspicionem
1988 3242 2227 3289 venisset
2272 3234 2419 3305 quod

839 3332 1016 3387 litium
1061 3345 1222 3386 suum
1258 3326 1591 3382 Eucherium
1632 3324 1877 3381 Orientis
1908 3325 2299 3395 imperatorem
2331 3342 2421 3382 re-

844 3426 1096 3478 nuntiare
1146 3422 1348 3487 vellet,
1399 3435 1427 3473 a
1479 3418 1751 3474 militibus
1799 3419 1894 3489 qui
1928 3416 2207 3473 Ravenna:
2240 3429 2424 3486 erant,

840 3512 1139 3567 occiditur.
1192 3512 1290 3566 ilic
1334 3524 1501 3581 porro
1527 3511 1640 3579 jam
1672 3517 1854 3574 antea,
1897 3508 2195 3578 superstite
2242 3509 2427 3565 adhuc

841 3604 1104 3669 Arcadio,
1161 3617 1286 3657 cum
1342 3601 1612 3657 adversus
1668 3599 1839 3655 duces
1894 3600 2046 3655 illius
2103 3599 2426 3657 inimicitias

842 3699 1199 3769 suscepisset,
1229 3706 1526 3765 utrumque
1561 3696 1855 3765 imperium
1902 3696 2047 3750 inter
2077 3712 2136 3752 se
2169 3698 2426 3750 commit-

842 3802 959 3849 tere
1009 3792 1320 3849 studuerat.
1363 3789 1616 3859 Cumque
1669 3789 1891 3842 Alarico
1944 3787 2248 3843 Gothorum
2295 3788 2428 3845 duci

842 3885 1165 3957 dignitatem
1205 3883 1457 3955 magistri
1501 3881 1741 3936 militum
1776 3880 1846 3935 ab
1873 3878 2118 3935 llonorio
2164 3880 2429 3952 impetra-

842 3981 1035 4045 visset,
1062 3978 1314 4032 hortatus
1344 3989 1468 4030 eum
1501 3973 1682 4029 fuerat
1710 3982 1768 4027 ut
1807 3973 2087 4044 Illyricum
2111 3982 2425 4044 occuparet.

842 4070 912 4127 Et
959 4069 1243 4140 praemisso
1286 4064 1469 4131 Iovio,
1523 4065 1619 4136 qui
1672 4064 1969 4136 praefectus
2022 4065 2281 4133 praztorio
2330 4079 2429 4135 per

844 4163 1121 4235 Illyricum
1170 4171 1292 4216 erat
1328 4161 1693 4225 constitutus,
1730 4174 1791 4214 se
1829 4172 2051 4229 quoque
2083 4172 2211 4213 cum
2257 4157 2429 4228 legio-

843 4257 1012 4312 nibus
1056 4256 1294 4310 militum
1331 4253 1705 4307 Romanorum
1735 4252 1864 4305 illuc
1896 4266 2260 4307 accursurum
2295 4266 2429 4323 pro-

844 4349 996 4405 misit
1051 4358 1111 4402 ut
1166 4363 1289 4403 eam
1350 4345 1688 4418 provinciam
1735 4343 1840 4398 sub
1886 4342 2112 4398 llonorii
2161 4343 2429 4398 ditionem

844 4440 1139 4511 redigeret.
1190 4439 1255 4492 Et
1303 4438 1555 4492 Alaricus
1586 4434 1805 4507 quidem
1840 4450 1918 4492 ,εχ
1969 4435 2191 4505 regione
2231 4434 2432 4490 barba-

845 4531 963 4586 rica
1001 4531 1159 4601 juxta
1203 4529 1529 4583 Dalmatiam
1565 4537 1621 4583 et
1650 4526 2013 4591 Pannoniam,
2051 4526 2141 4581 ubi
2172 4526 2426 4599 degebat,

2527 2021 2613 2057 σιν
2681 2003 2908 2068 ἀναξίαν
2939 2005 3238 2075 ἡγήσαντο,
3285 2006 3379 2059 καὶ
3401 2004 3495 2058 τοῦ
3518 2004 3717 2058 οἰκείου
3754 2004 3866 2074 βίου
3897 2001 4110 2072 ἀφώριο

2525 2113 2646 2152 σαν.
2677 2096 2774 2151 Διὰ
2810 2098 2983 2152 ταῦτα
3021 2099 3079 2150 δὲ
3129 2098 3423 2170 προφανῶς
3469 2098 3597 2151 ἵλεω
3639 2098 3788 2160 ὄντος
3826 2095 3920 2149 τοῦ
3948 2095 4107 2159 Θεοῦ,

2522 2184 2619 2237 καὶ
2663 2184 2757 2237 τοῦ
2791 2185 2975 2241 αὐτῶν
3021 2187 3172 2239 οτκου
3206 2186 3684 2258 ὑπερμαχοῦντος,
3722 2185 3801 2257 τῷ
3842 2186 3941 2257 μὲν
3973 2204 4113 2256 κρα-

2522 2273 2703 2328 τοῦντι
2747 2275 2818 2329 τὰ
2881 2277 2982 2348 τῆς
3031 2276 3247 2348 ἡλικίας
3311 2276 3405 2330 καὶ
3450 2277 3547 2347 τῆς
3594 2278 3767 2348 ἀρχῆς
3826 2277 4107 2331 ἐπεδίδου·

2523 2366 2673 2419 πᾶσα
2704 2364 2761 2419 δὲ
2791 2365 3052 2438 ἐπιϐουλὴ
3077 2407 3089 2429 ,
3121 2367 3214 2419 καὶ
3250 2366 3486 2437 πόλεμος
3509 2371 3631 2421 κατ’
3660 2367 3825 2424 αὐτοῦ
3857 2368 4109 2422 συνιστά-

2527 2474 2687 2528 μενος
2706 2499 2721 2525 ,
2752 2458 3076 2529 αὐτομάτως
3108 2458 3371 2513 διελύετο.

3137 2636 3390 2689 ΚΕΦΛΛ.
3423 2636 3498 2691 Δ’.

2523 2724 2661 2797 Περί
2696 2722 2816 2776 τῶν
2846 2725 3135 2797 σπονδῶν
3159 2726 3279 2780 τῶν
3308 2725 3575 2797 Περσῶν,
3616 2727 3715 2780 καί
3768 2728 3899 2797 περὶ
3936 2730 4113 2783 Ὁνω-

2586 2794 2725 2869 plot;
2752 2836 2766 2859 ,
2800 2795 2897 2869 καί
2924 2797 3332 2869 Στελίχῳνος,
3367 2797 3465 2852 καί
3506 2795 3624 2852 τῶν
3650 2799 3722 2852 ἐν
3766 2794 3961 2869 Ῥώμῃ
4009 2802 4108 2855 καὶ

2592 2866 2899 2935 Δαλματίᾳ
2935 2865 3344 2935 πραχθέντων.

2594 2955 2728 3009 Τότε
2784 2956 2915 3023 γοῦν
2956 2957 3163 3028 Πέρσαι
3218 2959 3316 3029 μὲν
3369 2959 3452 3023 εἰς
3507 2959 3685 3031 μάχην
3733 2962 4108 3031 κεκινημένοι,

2524 3048 2932 3112 ἐκατοντούτεις
2969 3050 3202 3115 σπονδὰς
3234 3051 3372 3122 πρὸς
3412 3052 3716 3124 Ῥωμαίους
3749 3054 3950 3109 ἔθεντο.
3982 3057 4110 3107 Στε-

2521 3140 2685 3213 λίχων
2723 3150 2747 3178 '
2791 3143 2848 3195 δὲ
2908 3143 2937 3194 ὁ
2985 3142 3086 3211 τῆς
3145 3143 3399 3214 Ὀνωρίου
3456 3146 3716 3217 στρατιᾶς
3787 3146 4111 3218 ἡγούμενος,

2526 3233 2765 3296 ὕποπτος
2798 3233 2872 3287 ὢν
2910 3234 2985 3298 ὡς
3019 3234 3277 3306 Εύχέριον
3310 3236 3404 3289 τὸν
3443 3238 3563 3291 υἱέα
3590 3238 3680 3291 τὸν
3725 3239 3918 3292 ἐαυτοῦ
3948 3256 4116 3291 σπου-

2524 3323 2701 3390 δάζων
2735 3326 3101 3397 ἀναγορεῦσαι
3133 3328 3358 3398 βασιλέα
3384 3330 3530 3383 κατά
3544 3330 3640 3402 τὴν
3680 3332 3814 3397 Ἕω,
3836 3332 4113 3386 κτίννυται

2526 3420 2677 3491 παρὰ
2706 3418 2813 3473 τῶν
2845 3422 2902 3474 ἐν
2934 3420 3193 3491 Ῥαϐέννῃ
3226 3423 3592 3492 στρατιωτῶν.
3630 3418 3795 3487 Οὗτος
3823 3423 3880 3476 δὲ
3912 3424 4115 3493 πρότε-

2530 3532 2620 3586 ρον
2642 3555 2658 3577 ,
2690 3513 2769 3568 ἔτι
2796 3517 3080 3585 περιόντος
3118 3515 3406 3587 Ἀρκαδίου
3428 3557 3444 3582 ,
3487 3517 3765 3580 καταστὰς
3800 3518 3880 3580 είς
3909 3516 4114 3586 ἔχθραν

2524 3611 2638 3671 τοῖς
2689 3607 2853 3662 αὐτοῦ
2885 3608 3145 3680 ἄρχουσιν
3173 3648 3189 3673 ,
3226 3608 3580 3662 ἐϐεϐούλευτο
3622 3611 3753 3680 παρ’
3781 3609 3949 3662 ἐαυτᾶι
3983 3626 4115 3678 συγ-

2526 3702 2755 3772 κροῦσαι
2780 3702 2848 3755 τὰ
2884 3702 3128 3771 βασίλεια
3162 3700 3295 3769 (15).
3334 3701 3443 3753 Καὶ
3478 3700 3786 3771 στρατηγοῦ
3826 3700 4116 3771 Ῥωμαίων

2527 3793 2685 3858 ἀξίαν
2714 3793 3054 3864 προξενήσας
3095 3792 3366 3863 Ἀλαρίχῳ
3398 3790 3477 3863 τῷ
3518 3792 3808 3863 ἡγουμένῳ
3839 3792 3949 3845 τῶν
3979 3793 4114 3845 1‘67-

2528 3884 2635 3937 Οων
2657 3926 2671 3951 ,
2710 3884 3088 3955 προύτρέψατο
3121 3882 3453 3936 καταλαϐεῖν
3486 3883 3612 3946 τοὺς
3658 3880 3967 3952 Ἰλλυριούς.
4002 3881 4115 3933 Καὶ

2528 3977 2775 4048 ὕπαρχον
2821 3978 2983 4031 αὑτὸν
3033 3975 3148 4049 (16)
3188 3976 3538 4031 καταστάντα
3589 3976 3679 4030 τὸν
3731 3975 3918 4029 Ἱόϐιον
3973 3992 4114 4048 προ-

2530 4070 2785 4141 πέμψας.
2839 4069 3092 4123 συνέθετο
3131 4069 3227 4124 καὶ
3281 4069 3446 4133 αὐτὸς
3504 4069 3933 4141 συνδραμεῖσθαι
3975 4071 4114 4140 μετὰ

2526 4164 2635 4217 τῶν
2686 4162 2975 4233 Ῥωμαίων
3028 4162 3412 4235 στρατιωτῶν,
3463 4161 3606 4215 ὥστε
3656 4162 3750 4215 καὶ
3802 4163 3929 4226 τοὺς
3983 4161 4112 4234 τῇδε

2530 4256 2804 4327 ὑπηκόους
2850 4254 2956 4309 ὑπὸ
2984 4254 3084 4324 τὴν
3118 4254 3381 4325 Ὀνωρίου
3426 4253 3587 4322 δῆοεν
3626 4254 3924 4325 ἠγεμονίαν
3954 4254 4115 4325 ποιῆ-

2531 4363 2642 4400 σαι.
2678 4345 2787 4398 Καὶ
2813 4344 2839 4398 ὁ
2876 4345 2973 4415 μὲν
3014 4343 3296 4415 Ἀλάριχος
3327 4346 3392 4396 ὲκ
3426 4344 3524 4413 τῆς
3557 4343 3693 4414 πρὸς
3724 4346 3790 4415 τῇ
3829 4344 4114 4415 Δαλματία

2530 4438 2624 4491 καὶ
2648 4436 2913 4508 Παννονίᾳ
2947 4436 3052 4506 γῆς
3108 4436 3389 4507 βαρϐάρου
3416 4476 3431 4501 ,
3462 4428 3524 4489 οὗ
3556 4436 3710 4505 διῆγε
3730 4477 3744 4503 ,
3778 4436 4111 4507 παραλαϐὼν

2530 4531 2654 4592 τοὺς
2691 4530 2782 4582 ὑπ’
2818 4528 3009 4592 αὐτὸν,
3056 4523 3191 4599 ἦγεν
3236 4530 3317 4592 είς
3366 4530 3465 4593 τὰς
3512 4530 3803 4602 ’ίῐπείρους
3835 4530 3979 4601 (17)·
4017 4531 4115 4583 καὶ

844 4624 1010 4697 37o
1054 4625 1361 4696 assumptis
1386 4620 1712 4692 Gotliis'qui
1747 4620 1851 4693 ipsi
1887 4620 2174 4691 parebant,
2208 4619 2262 4674 in
2300 4617 2428 4690 Epi-
2457 4624 2502 4679 D
2532 4636 2623 4693 συχ

2332 4618 2428 4690 ἰρὶ-
2457 4624 2502 4679 D
2532 4619 2721 4694 συχνὸν
2754 4618 2986 4674 ἐνταῦθα
3011 4620 3347 4693 προσμείνας
3378 4622 3567 4694 χρόνον
3594 4660 3609 4686 ,
3637 4623 3918 4694 ἄπρακτος
3943 4623 4111 4678 ἐπαν-

2053 4755 2325 4811 VALESII
2363 4749 2803 4812 ANNOTATION
2812 4754 2917 4811 ES.

914 4856 1029 4928 (Ιί)
1087 4855 1229 4928 Πίιρ’
1282 4854 1464 4908 ἑαυτὰ
1524 4850 1901 4928 συγκροῦσαι
1962 4851 2034 4928 τὰ
2095 4852 2408 4928 βασίλεια.

847 4923 1210 4982 Scribondum
1241 4936 1323 4981 est
1356 4926 1546 4987 procul
1583 4924 1749 4978 dubio
1802 4923 1938 4993 πρὸς
1968 4923 2170 4985 ἑαυτά,
2220 4938 2415 4991 quem-

2515 4861 2667 4921 ptum
2704 4853 2908 4908 habere
2947 4851 3198 4923 ὕπαρχον
3233 4852 3421 4923 αὐτόν,
3462 4852 3927 4923 quemadmodum
3968 4854 4112 4909 srri-

2520 4924 2667 4977 bitur
2727 4925 2829 4978 hoc
2869 4926 3010 4978 loco.
3066 4923 3261 4979 Verum
3316 4922 3653 4993 Epiphanius
3713 4923 4108 4989 Srholastieus,

845 4998 1137 5053 admodum
1173 4998 1372 5066 legitur
1420 4998 1471 5049 in
1497 5010 1620 5064 cap.
1655 4994 1726 5047 25
1769 4993 1862 5046 lih.
1900 5009 2028 5066 v_tn,
2063 4993 2420 5066 exdquohatc
2523 4994 2616 5066 qui
2651 4993 2946 5066 Historiam
2984 4995 3311 5065 tripertitam
3369 4997 3559 5049 Latine
3591 4994 3750 5048 vertit
3776 5037 3790 5058 .
3845 5006 3901 5050 et
3952 4995 4111 5051 Nice-

847 5084 983 5139 pene
1009 5068 1074 5122 ad
1100 5062 1346 5139 Verbum
1363 5062 1721 5139 transcripta
1744 5072 1896 5139 sunt:
1929 5063 1983 5116 In
2040 5062 2227 5139 codice
2247 5062 2423 5117 Fuke-

845 5134 1000 5194 tiano
1033 5140 1299 5207 scriptum
1335 5137 1521 5203 inveni
1549 5137 1676 5204 παρ’
1704 5135 1923 5207 ἑαυτοῦ,
1958 5134 2115 5207 male.

918 5210 1028 5280 (l6)
1068 5203 1177 5280 Καί
1208 5203 1721 5280 ὕπαρχον-αὑτόν.
1756 5204 1951 5280 Scribe
1986 5203 2187 5280 αὑτῷν,
2231 5219 2297 5280 ετ
2337 5219 2426 5256 ca-

849 5274 961 5352 pite
1011 5274 1088 5352 '25
1164 5277 1263 5352 lib.
1324 5274 1444 5352 viii.
1502 5274 1635 5329 Vide
1684 5275 2198 5352 (lassiodoriun__in_
2244 5276 2429 5352 libax

851 5343 1109 5407 Historia:
1165 5348 1489 5418 tripartittc,
1550 5362 1670 5417 cap.
1731 5343 2430 5418 24._7Non__di_ssiniulab_o

848 5430 1032 5476 tamen
1054 5458 1070 5485 ,
1109 5419 1163 5474 in
1202 5414 1324 5490 cap.
1359 5416 1431 5471 ‘25
1464 5418 1559 5473 lib.
1596 5414 1715 5483 νίιι,
1750 5415 1996 5471 codicem
2032 5414 2242 5470 Fuketii
2293 5415 2431 5470 scri-

2527 5063 2970 5135 phorus,_abtdiv
3004 5063 3273 5135 legerunt.

2604 5136 2714 5203 (l7)
2758 5132 2946 5203 Ἦγεν
2975 5132 3069 5201 είςγ
3102 5136 3209 5201 τὰς
3252 5136 3590 5204 ‘IIne/povc.
3623 5133 3758 5189 Post
3792 5136 3905 5191 lucc
3948 5137 4110 5189 verba

2534 5202 2903 5273 Nicep’horus,
2940 5207 2994 5259 in
3035 5208 3213 5276 capite
3245 5202 3433 5259 25111).
3471 5221 3603 5267 xiii,
3640 5208 3887 5272 qualium
3923 5207 4111 5271 adjicit

2536 5292 2658 5343 qua:
2688 5293 2753 5330 ex
2781 5276 3146 5345 i’hilostorgio
3186 5285 3467 5331 mutuatus
3496 5286 3599 5332 est.
3643 5278 3927 5331 Habentur
3964 5279 4110 5330 enim

2539 5348 2595 5399 in
2633 5347 2907 5417 cxcerptis
2932 5363 2996 5400 ex
3028 5348 3123 5401 lib.
3153 5364 3228 5401 ιιι
3261 5346 3634 5417 l’hilostorgii,
3667 5363 3790 5417 cap.
3816 5348 3869 5401 ιε.
3912 5346 4107 5400 Verum

2541 5433 2772 5486 prorsus
2824 5418 3004 5473 alieno
3053 5420 3177 5474 loco
3232 5418 3346 5472 haec
3403 5417 3746 5488 Nicephorus
3802 5419 3984 5473 retulit
4044 5419 4112 5472 de

2258 5577 2653 5635 VAlilORUM.

920 5690 949 5719 ν
990 5679 1311 5750 Στελίχων.
1342 5676 1594 5743 Stilicho,
1629 5676 1817 5750 Gallus
1848 5677 2095 5750 natione,
2138 5682 2432 5750 tutorﬁerat

854 5752 1068 5822 imperii
1099 5743 1473 5806 occidentalis
1506 5751 1609 5822 sub
1635 5748 1879 5804 Honorio
1906 5749 2253 5822 imperatore.
2282 5743 2430 5809 Quo-

855 5818 1015 5877 modo
1041 5822 1242 5876 Ruﬁno
1283 5838 1379 5893 per
1424 5821 1683 5893 insidias
1714 5835 1904 5893 necem
1961 5818 2183 5893 intulit,
2239 5822 2429 5869 narrat

856 5893 1147 5961 Zesimus,
1198 5888 1298 5948 lib:
1330 5910 1381 5959 v,
1419 5909 1541 5965 pag.
1584 5892 1709 5948 785.
1765 5891 1851 5945 Bis
1879 5889 2075 5947 consul
2111 5888 2234 5950 fuit,
2278 5901 2426 5939 anno

2534 5673 2639 5727 400
2686 5680 2740 5727 et
2763 5672 2887 5728 403.
2920 5671 3148 5728 Honorii
3171 5672 3330 5744 jussu
3363 5670 3688 5744 interfectus
3710 5680 3794 5726 est
3816 5684 3960 5724 anno
3979 5668 4110 5736 £08,

2534 5744 2605 5797 ob
2638 5744 2944 5799 alfeelatam
2976 5743 3341 5815 tyrannidem.
3390 5743 3873 5815 liceretosenatus
3911 5756 4110 5797 nomen

2533 5815 2657 5884 ejus
2688 5816 2891 5886 ubique
2920 5814 3185 5883 deletum,
3218 5824 3523 5886 statumque
3561 5814 3804 5885 dejectaa.
