4504 6576
365 432 499 485 tetri

1360 424 1686 481 HISTORIA
1724 424 2274 481 ECCLESIASTICA.
2319 456 2385 464 ο·-
2424 424 2551 479 LIB.
2595 423 2686 479 IX.

3465 426 3487 481 Ι
3498 424 3603 483 606

362 548 521 615 ἦλθεν
547 547 626 609 είς
678 543 927 599 Ἰταλίαν.
967 543 1191 598 Μέλλων
1232 544 1341 613 γὰρ
1380 543 1639 613 ἐκδημεῖν
1689 544 1829 598 κατὰ
1872 543 1938 597 τὰ
1966 549 2008 605 Δ
2039 562 2141 600 run

1827 585 1829 594 .
1872 543 1938 597 τὰ
1966 549 2008 605 Α
2039 562 2158 600 rum
2200 544 2482 615 profectus
2507 552 2615 598 est.
2646 543 2896 614 Cumque
2929 543 3092 614 longo
3122 543 3387 614 temporis
3428 543 3606 613 spatio

365 637 744 704 συντεθειμένα
770 633 918 702 (18),
982 632 1239 704 Ὀνωρίου
1291 634 1616 703 γράμμασιν
1643 634 1933 704 ἐπεσχέθη.

376 726 527 779 Ἐπεὶ
556 726 613 777 δὲ
640 725 989 794 ἐτελεύτησεν
1029 724 1309 794 Ἀρκὰδιος
1332 764 1347 787 ,
1377 723 1605 795 ὥρμησε
1640 725 1740 794 μὲν
1776 726 1937 779 ’0νὼ-

366 832 477 885 ριος
520 815 691 883 φειδοῖ
726 816 792 885 τῇ
836 814 963 884 περὶ
1008 813 1099 866 τὸν
1148 813 1462 881 ἀδελφιδοῦν
1514 815 1829 868 ἐπανελθεῖν
1860 817 1938 879 είς

365 904 950 966 Κωνσταντινούπ-λλιν,
966 903 1060 957 καὶ⁸
1080 906 1302 968 πιστοὺς
1321 905 1587 976 ἄρχοντας
1604 910 1938 977 καταστῆσαι

361 996 459 1065 τῆς
509 996 671 1049 αὑτοῦ
707 996 981 1067 σωτηρίας
1029 996 1124 1049 καὶ
1155 995 1454 1066 βασιλείας.
1516 999 1605 1051 Ἑν
1643 999 1792 1063 τάξει
1830 1001 1937 1069 γὰρ

363 1091 505 1152 υίέος
538 1090 699 1143 αὑτὸν
733 1088 904 1159 έχων,
944 1089 1132 1142 ἐδεδίει
1174 1090 1304 1160 μήτι
1357 1090 1518 1144 πάθοι
1567 1091 1653 1145 διὰ
1684 1092 1745 1145 τὸ
1797 1092 1936 1155 νέον,

362 1184 579 1251 ἕτοιμος
601 1180 676 1233 ῶν
705 1181 840 1251 πρὸς
860 1180 1325 1251 έπιὸουλήν.”Ηδη
1352 1182 1408 1234 δὲ
1440 1182 1698 1252 μέλλοντα
1721 1182 1939 1254 ἔχεσθαι

361 1273 459 1343 τῆς
491 1272 609 1325 ὀδοῦ
630 1313 645 1334 ,
680 1272 855 1326 πείθει
886 1273 1150 1343 Στελίχων
1182 1276 1241 1326 ὲν
1286 1276 1353 1344 τῇ
1402 1273 1596 1345 Ἰταλία
1643 1275 1822 1345 μένειν
1849 1276 1939 1330 τὸν

377 1366 631 1435 ὐνὼριον
656 1406 670 1426 ,
726 1366 1021 1432 ἀναγκαῖον
1074 1362 1214 1418 εἶναι
1280 1365 1437 1419 τοῦτο
1491 1367 1696 1431 εἰπὼν,
1750 1368 1938 1421 καθότι

364 1458 769 1521 κωνσταντῖνός
795 1476 880 1521 τις
938 1458 1234 1527 ἐτύγχανεν
1279 1459 1508 1528 ἔναγχος
1564 1462 1622 1513 ὲν
1660 1460 1940 1531 Ἀρηλὰτῳ

362 1547 722 1616 τυραννήσας.
758 1546 998 1617 Θάτερον
1026 1547 1082 1598 δὲ
1120 1547 1227 1599 τῶν
1275 1548 1570 1617 σκήπτρων
1617 1547 1647 1599 δ
1679 1548 1939 1617 Λάϐωρον

376 1638 634 1707 Ῥωμαῖοι
682 1637 940 1698 καλοῦσι,
975 1638 1071 1689 καὶ
1101 1638 1405 1707 γράμματα
1445 1637 1707 1705 βασιλέως
1738 1636 1936 1700 λαϐὼν,

366 1730 729 1800 ἐπιτρέποντα
783 1728 932 1798 αὐτῴ
963 1730 1063 1799 τὴν
1115 1729 1193 1791 εἱς
1228 1727 1325 1797 τὴν
1393 1728 1681 1797 Ἀνατολὴν
1734 1728 1935 1795 ἄφιξιν,

365 1821 589 1892 ἔμελλεν
639 1820 893 1891 ἐκδημεῖν
920 1859 934 1883 ,
968 1821 1241 1889 τέσσαρας
1274 1818 1541 1890 ἀριθμοὺς
1591 1818 1937 1889 στρατιωτῶν

2040 640 2149 692 illic
2175 636 2534 701 substitisset,
2574 652 2631 690 re
2668 636 2889 702 infecta,
2925 638 2980 692 in
3008 636 3214 691 Italiam
3256 638 3436 693 rediit.
3468 636 3605 691 Nam

2037 745 2161 784 cum
2189 743 2255 783 ex
2290 733 2579 797 compacto
2607 727 2709 781 iter
2740 728 2989 783 facturus
3036 735 3182 783 esset
3215 729 3270 781 in
3304 727 3605 799 Illyricum,

2038 817 2265 872 Honorii
2294 817 2490 871 litteris
2515 824 2600 872 est
2627 826 2889 871 retentus.
2918 817 3051 873 Post
3076 818 3286 872 obitum
3322 833 3453 873 vero
3502 819 3604 870 Ar-

2036 908 2203 974 cadii,
2231 907 2509 964 Honorius
2538 906 2784 979 quidem,
2812 917 2872 962 ut
2900 907 3085 964 fratris
3120 909 3231 963 ﬁlio
3271 909 3605 969 consuleret,

2038 1001 2565 1069 ConstantinOpolitn
2602 1000 2875 1071 proﬁcisci
2912 1000 3251 1062 decreverat,
3290 1008 3343 1054 et
3378 1000 3516 1053 ﬁdos
3547 999 3611 1052 il-

2038 1090 2111 1145 lic
2142 1092 2372 1145 comites
2414 1092 2773 1153 constituere,
2824 1090 2915 1159 qui
2964 1089 3192 1145 salutem
3231 1098 3283 1143 et
3318 1088 3609 1159 imperium

2040 1184 2232 1255 pupilli
2266 1192 2681 1239 conservarent.
2714 1183 2847 1237 Nam
2883 1199 3007 1238 cum
3052 1184 3204 1236 illum
3238 1182 3330 1235 ﬁlii
3358 1183 3479 1237 loco
3518 1182 3613 1235 ha-

2041 1277 2213 1341 beret,
2242 1276 2533 1331 verebatur
2564 1291 2634 1330 ne
2678 1274 2808 1344 quid
2843 1275 2891 1328 ei
2948 1275 3242 1336 accideret,
3285 1276 3484 1342 quippe
3514 1272 3611 1343 qui

2040 1366 2111 1420 ob
2144 1374 2388 1420 teneram
2416 1374 2631 1420 aetatem
2660 1362 2880 1418 insidiis
2906 1364 3176 1419 obnoxius
3214 1371 3375 1417 esset.
3408 1362 3611 1417 Verum

2039 1456 2294 1525 cumjam
2322 1456 2426 1510 iter
2454 1450 2778 1524 arrepturos
2806 1462 2969 1518 esset,
3001 1456 3279 1524 persuasit
3323 1455 3372 1507 ei
3422 1453 3614 1507 Stilico

2040 1556 2102 1602 ut
2150 1548 2204 1602 in
2248 1546 2402 1600 Italia
2434 1554 2775 1600 remaneret:
2824 1546 3198 1601 necessarium
3232 1545 3284 1599 id
3314 1560 3436 1600 esse
3465 1544 3614 1599 δαιτ-

2042 1652 2222 1701 mans,
2261 1644 2548 1705 propterea
2588 1632 2731 1702 quod
2768 1633 3169 1687 Constantinus
3212 1632 3434 1700 quidam
3475 1629 3608 1683 Are-

2043 1727 2150 1780 late
2198 1725 2544 1796 tyrannidem
2575 1724 2737 1793 paulo
2787 1733 2948 1777 antea
2987 1724 3293 1778 invasisset.
3331 1723 3451 1791 Ipse
3481 1736 3616 1775 vero

2045 1814 2216 1869 altero
2244 1829 2310 1868 ex
2364 1813 2600 1881 sceptris
2630 1814 2773 1881 quod
2814 1811 3047 1866 Romani
3081 1812 3355 1865 Laharum
3384 1818 3610 1872 vocant,

366 1891 716 1984 παραλαϐών.
761 1914 849 1965 Ἐν
899 1912 1073 1981 τούτῳ
1096 1912 1153 1963 δὲ
1206 1913 1392 1981 φήμης
1438 1909 1837 1981 διαδραμούσης
1864 1909 1941 1972 ὡς
1974 1891 2015 1944 Β
2048 1921 2144 1960 acc

1836 1909 1941 1972 ti);
1974 1891 2015 1944 Β
2048 1914 2278 1975 accepto
2308 1946 2323 1969 ,
2383 1919 2489 1957 una
2538 1921 2661 1958 cum
2719 1906 3068 1975 imperatoris
3115 1904 3312 1958 litteris
3338 1942 3352 1965 ,
3413 1905 3615 1969 quibus

364 2002 705 2056 ἐπιδουλεύει
762 2002 839 2072 τῷ
891 2002 1142 2071 βασιλεῖ,
1211 2002 1304 2054 καὶ
1358 2002 1449 2053 ἐπὶ
1502 2001 1790 2071 τυραννίδα
1842 1999 1937 2052 τοῦ

366 2096 523 2157 υξέως
577 2094 687 2165 (19)
743 2094 1247 2166 παρασκευάζεται,
1293 2093 1744 2163 συμπράττοντας
1800 2091 1938 2160 ἔχων

363 2188 487 2249 τοὺς
517 2188 573 2237 ἐν
600 2185 853 2253 δυνάμει,
912 2185 1303 2246 στασιάσαντες
1333 2184 1382 2235 οἱ
1427 2181 1755 2250 στρατιῶται
1790 2181 1936 2233 κτεί-

363 2293 512 2329 νουσι
537 2276 626 2330 τὸν
661 2276 889 2339 Ἰταλίας
928 2274 1179 2347 ὕπαρχον
1208 2275 1319 2344 (‘20)
1342 2316 1355 2339 ,
1390 2274 1484 2327 xui.
1523 2274 1609 2327 τὸν
1637 2273 1745 2326 τῶν
1772 2273 1941 2327 Γαλα-

362 2370 505 2433 τῶν,
553 2368 647 2421 καὶ
696 2369 823 2431 τοὺς
865 2368 1204 2439 στρατηγοὺς
1229 2408 1244 2431 ,
1277 2367 1373 2421 καὶ
1418 2368 1544 2428 τοὺς
1594 2365 1785 2429 ἄλλους
1817 2366 1942 2429 τοὺς

362 2460 643 2521 διέποντας
680 2458 778 2521 τὰς
808 2458 867 2510 ὲν
894 2461 1005 2521 τοῖς
1046 2457 1335 2526 βασιλείοις
1380 2456 1571 2527 ἀρχάς.
1617 2455 1940 2524 Ἀναιρεῖται

362 2552 415 2603 δὲ
447 2554 541 2604 καὶ
597 2552 758 2613 αὐτὸς
797 2551 947 2619 παρά
997 2551 1105 2603 τῶν
1158 2552 1214 2602 ὲν
1259 2549 1518 2621 Ῥαϐέννῃ
1553 2546 1899 2617 στρατιωτῶν
1924 2561 1939 2577 ⁸

362 2640 498 2709 ἁνὴο
533 2642 693 2709 εἴπερ
750 2658 835 2702 τις
882 2640 1039 2703 ἄλλος
1092 2640 1339 2699 πώποτε.
1382 2642 1439 2693 ὲν
1496 2638 1661 2708 πολλῇ
1715 2637 1939 2706 δυνάμει

362 2734 651 2800 γενόμενος
674 2772 688 2793 .
723 2733 815 2785 καὶ
869 2733 1077 2795 πάντας
1098 2772 1111 2794 ,
1162 2733 1236 2795 ὡς
1288 2733 1461 2785 εἰπεῖν
1487 2773 1500 2795 ,
1534 2730 1851 2801 Βαρὸἀρους
1881 2746 1940 2783 τε

362 2825 454 2876 καὶ
496 2824 799 2893 Ῥωμαίους
847 2824 1199 2894 πειθομένους
1229 2824 1387 2893 ἔχων.
1424 2823 1688 2893 Στελίχων
1720 2825 1816 2892 μὲν
1848 2818 1939 2876 οὖν

2045 1996 2343 2053 Orientalis
2381 1995 2654 2064 expeditio
2688 1997 2790 2064 ipsi
2836 1996 3302 2056 committebatur,
3337 1994 3615 2064 proﬁcisci

2041 2088 2152 2155 jam
2189 2087 2441 2157 parabat,
2490 2086 2728 2155 sumptis
2776 2102 2961 2140 secum
3002 2094 3237 2156 quatuor
3282 2086 3613 2154 legionibus.

2046 2178 2196 2231 Inter
2243 2176 2359 2230 hanc
2408 2188 2562 2237 vero,
2594 2190 2717 2230 cum
2767 2191 2957 2229 rumor
3000 2191 3228 2246 sparsus
3268 2183 3414 2231 esset
3461 2177 3615 2230 illum

2042 2268 2363 2337 imperatori
2400 2267 2633 2323 insidias
2658 2273 2892 2327 struere,
2916 2273 2969 2319 et
2999 2265 3185 2321 ascitis
3213 2264 3269 2318 in
3297 2265 3614 2321 societatem

2042 2358 2379 2428 potentibus.
2411 2359 2523 2412 tilio
2567 2373 2669 2412 suo
2703 2358 2992 2426 imperium
3025 2372 3238 2426 parare,
3263 2357 3487 2421 milites,
3528 2372 3617 2412 se-

2041 2447 2249 2500 ditione
2287 2446 2448 2509 facta,
2480 2445 2795 2516 praefectum
2829 2446 3081 2515 prmtorio
3110 2446 3296 2513 Italize,
3338 2457 3393 2501 et
3424 2448 3616 2517 praefe-

2040 2548 2188 2594 ctum
2224 2540 2477 2608 praetorio
2498 2538 2819 2601 Galliarum,
2842 2539 3003 2593 simul
3036 2538 3331 2610 magistros
3352 2541 3613 2604 militum,

2041 2639 2092 2685 et
2134 2630 2376 2699 reliquos
2408 2631 2501 2700 qui
2545 2630 2598 2683 in
2631 2631 2833 2699 palatio
2861 2631 3165 2702 precipuas
3199 2632 3495 2703 dignitates
3524 2650 3615 2705 ge-

2038 2722 2256 2788 rebant,
2289 2722 2652 2777 interﬁciunt.
2681 2722 2800 2793 lpse
2828 2740 3045 2793 quoque
3072 2724 3267 2778 Stilico
3289 2741 3319 2779 a
3349 2726 3616 2782 militibus

2037 2818 2259 2872 occisus
2302 2824 2386 2872 est
2431 2815 2741 2871 Ravennae:
2797 2817 2902 2881 vir,
2940 2818 2985 2871 si
3033 2818 3159 2887 quis
3208 2834 3495 2888 unquam,
3544 2818 3611 2873 ad

360 2915 674 2985 ὑπονοηθεὶς
702 2916 964 2980 κακόνους
994 2911 1132 2969 εἶναι
1161 2918 1272 2979 τοῖς
1324 2915 1616 2987 βασιλείοις
1640 2954 1655 2977 ,
1704 2908 1806 2966 ὧδε
1838 2916 1943 2967 ἀπ-
2034 2924 2139 2979 mat

1838 2916 1943 2967 ἀπ-
2034 2924 2287 2979 magnam
2324 2908 2624 2979 potentiam
2676 2916 2920 2970 evectus,
2968 2918 3021 2963 et
3057 2910 3147 2978 qui
3201 2912 3507 2971 universos,
3556 2920 3616 2965 ut

357 3006 526 3059 ὡλετο
550 3026 561 3036 ·
598 3008 873 3061 κτίννυται
903 3007 957 3060 δὲ
994 3008 1085 3061 καὶ
1118 3008 1377 3077 Εὖχέριος
1410 3008 1437 3059 ὁ
1479 3006 1669 3059 τούτου
1702 3007 1835 3068 υἱός.
2032 3002 2107 3057 ita

2032 3002 2107 3057 ita
2136 3002 2341 3067 dicam,
2374 3000 2653 3056 Romanos
2701 3016 2765 3055 ac
2800 3001 3064 3055 barbaros
3095 3001 3198 3056 sibi
3234 3009 3491 3071 parentes
3519 3002 3615 3055 ha-

362 3098 494 3151 |:uit.
545 3100 619 3151 Ae
676 3098 868 3153 Stilico
910 3099 1150 3169 quidem,
1207 3114 1330 3153 cum
1377 3100 1431 3151 in
1476 3098 1850 3167 suspicionem
1912 3094 2150 3151 venisset
2192 3093 2351 3164 quasi
2396 3091 2627 3163 imperio
2667 3092 3045 3159 insidiaretur,
3112 3092 3215 3147 hoc
3250 3092 3409 3148 modo
3436 3093 3613 3149 inter-

368 3189 455 3241 iit.
514 3186 622 3242 Sed
661 3202 714 3243 et
750 3188 1054 3243 Eucherius
1100 3188 1219 3258 ejus
1267 3189 1409 3243 ﬁlius
1449 3204 1554 3243 una
1588 3189 1913 3244 interfectus
1952 3198 2057 3243 est.

966 3279 1215 3331 ΚΕΦΑΛ.
1256 3279 1330 3331 E'.
1957 3288 2000 3345 ο
2423 3336 2433 3345 _
2689 3274 2843 3331 CAP.
2889 3274 2954 3331 V.

356 3367 497 3435 Περὶ
552 3368 849 3437 διαφόρων
894 3369 1083 3421 ἐθνῶν
1133 3369 1732 3437 ἐπιστρατευσάντων
1796 3371 1933 3423 Ῥω·
1963 3336 2000 3345 .-
2037 3366 2114 3421 Dc

1833 3375 1933 3423 οω-
1963 3336 2000 3345 ’-
2037 3366 2114 3421 Dc
2149 3366 2370 3421 diversis
2420 3336 2658 3437 pentibus
2697 3383 2814 3435 qua:
2866 3367 3065 3420 bellum
3094 3367 3386 3421 intulerunt
3416 3366 3612 3423 Roma-

421 3439 621 3505 μαίοις
647 3479 660 3499 ,
690 3440 788 3490 καὶ
820 3439 967 3491 Θεοῦ
1008 3442 1258 3507 προνοίᾳ
1290 3440 1663 3507 ἡττηθέντων
1683 3459 1694 3470 ·
1725 3442 1933 3494 ἄλλων

425 3508 493 3558 δὲ
520 3509 617 3560 καὶ
660 3509 1064 3563 ὑποσπόνδων
1090 3512 1440 3578 γενομένων.

426 3602 583 3654 Κατὰ
614 3602 807 3655 ταυτὸν
862 3602 917 3654 δὲ
966 3603 1164 3672 συνέϐη
1214 3604 1307 3655 καὶ
1356 3603 1588 3666 Οὖννους
1634 3620 1933 3675 στρατοπε-

352 3693 671 3763 δευομένους
695 3696 751 3748 ἐν
782 3694 991 3767 Θρᾴκῃ,
1021 3696 1156 3765 μήτε
1188 3695 1548 3763 πολεμοῦντος
1577 3696 1762 3757 αὑτοῦ,
1792 3697 1930 3767 μήτε

352 3786 637 3850 διώκοντος
658 3828 672 3851 ,
706 3788 945 3859 αἰσχρῶς
974 3790 1341 3858 ὑποστρέψαι,
1381 3790 1507 3852 τοὺς
1546 3789 1757 3850 πλείους
1792 3788 1929 3841 ἀπο-

350 3878 635 3941 ϐαλόντας.
674 3881 828 3935 Ἐπεὶ
877 3881 985 3950 γὰρ
1017 3880 1206 3945 υῦλδις
1245 3884 1272 3934 ὁ
1315 3882 1613 3951 ἡγούμενος
1648 3882 1755 3934 τῶν
1803 3882 1930 3945 περὶ

350 3969 445 4021 τὸν
497 3972 707 4040 Ἴστρον
776 3972 1107 4043 βαρϐάρων,
1169 3974 1426 4045 πλείστην
1480 3975 1618 4043 ἔχων
1672 3978 1928 4046 στρατιὰν

352 4063 663 4134 ἐπεραιώθη
714 4064 804 4117 τὸν
866 4067 1147 4135 ποταμλιν,
1204 4070 1261 4120 ὲν
1329 4071 1443 4131 τοῖς
1500 4068 1731 4139 Θρᾳκῶν
1780 4070 1928 4140 ὅροις

353 4155 861 4224 ἐστρατοπεδεύετο.
901 4158 1007 4211 Καὶ⁸
1040 4159 1469 4229 Καστράμαρτις
1518 4160 1669 4212 πόλιν
1690 4161 1783 4229 τῆς
1812 4162 1928 4213 Μυ-

354 4245 475 4309 σίας
532 4247 792 4318 προδοσίᾳ
842 4248 1013 4314 ὲλὼν,
1058 4248 1304 4302 ἐντεῦθεν
1350 4252 1451 4317 τὴν
1496 4250 1661 4319 ἄλλην
1706 4250 1925 4322 θρᾲκην

257 4326 265 4337 ’
352 4336 668 4407 κατέτρεχε,
702 4338 796 4390 καὶ
826 4338 1059 4401 σπονδὰς
1094 4339 1279 4392 θέσθαι
1320 4340 1454 4409 πρὸς
1495 4341 1798 4411 Ῥωμαίους
1834 4342 1923 4393 ὑπ’

350 4428 668 4492 ἀλαζονείας
696 4429 794 4481 οὐκ
820 4430 1084 4499 ἠνείχετο.
1115 4430 1505 4501 Διαλεγομένου
1535 4432 1588 4483 δὲ
1620 4432 1766 4501 αὐτῷ
1799 4433 1923 4503 περὶ

347 4521 571 4590 εἰρήνης
601 4521 693 4573 τοῦ
730 4521 975 4592 ὑπάρχου
1024 4522 1131 4574 τῶν
1174 4522 1427 4593 Θρᾳκίων
1478 4524 1919 4592 στρατευμάτων,

2104 3440 2209 3501 nis,
2242 3447 2292 3491 et
2333 3454 2450 3505 qua:
2489 3439 2667 3490 divina
2711 3438 3041 3504 providentia
3084 3437 3301 3491 devicta:
3333 3450 3477 3505 sunt,
3515 3450 3611 3494 aut

2104 3508 2274 3576 foedus
2308 3524 2426 3560 cum
2458 3508 2709 3562 liontanis
2741 3510 3063 3578 pepigerunt.

2101 3599 2319 3652 Accidit
2346 3606 2607 3668 prteterea
2647 3599 2841 3653 eodem
2880 3607 3127 3669 tempore
3161 3606 3218 3653 ut
3251 3597 3458 3662 Hunni,
3514 3596 3609 3668 qui

2032 3691 2087 3745 in
2117 3691 2349 3744 Thracia
2382 3702 2561 3746 castra
2586 3690 2882 3754 habebant,
2906 3694 3121 3746 nemine
3139 3707 3231 3745 eos
3256 3690 3611 3761 aggredieute

2032 3788 2094 3836 ac
2129 3792 2513 3852 persequente,
2548 3784 2799 3852 pluribus
2829 3797 3057 3837 suorum
3090 3783 3329 3847 amissis,
3360 3799 3487 3837 cum
3513 3782 3611 3837 de-

2032 3873 2232 3929 decore
2279 3882 2430 3942 terga
2472 3876 2686 3929 darent.
2744 3873 2957 3944 Quippe
3014 3875 3191 3939 Uldis,
3242 3876 3605 3930 barbarorum

2030 3968 2122 4037 qui
2175 3968 2324 4023 circa
2362 3967 2671 4022 Danubium
2722 3975 2901 4029 erant,
2952 3968 3197 4038 regulus,
3236 3983 3360 4023 cum
3396 3967 3603 4039 ingenti

2028 4062 2274 4117 exercitu
2328 4078 2542 4117 amnem
2593 4070 2993 4132 transgressus,
3038 4061 3093 4115 in
3130 4060 3328 4117 ﬁnibus
3358 4059 3605 4115 Thracia:

2028 4163 2451 4209 castrametatus
2482 4154 2681 4208 fuerat.
2730 4157 2973 4223 Cumque
3006 4154 3197 4208 urbem
3230 4152 3450 4216 Moesiae,
3482 4169 3604 4224 quae

2027 4244 2223 4299 Castra
2263 4244 2453 4299 Martis
2494 4246 2715 4308 dicitur,
2747 4246 3057 4315 proditione
3086 4246 3348 4314 cepisset,
3381 4244 3506 4300 inde
3544 4246 3602 4301 in

2026 4336 2292 4405 reliquam
2346 4336 2637 4391 Thraciam
2685 4338 3049 4392 cteursiones
3089 4335 3344 4401 faciebat“,
3376 4350 3477 4392 nec
3499 4336 3601 4392 ιω-

2025 4428 2128 4483 dus
2180 4443 2301 4482 cum
2334 4425 2597 4485 Romanis
2632 4430 2811 4485 facere
2862 4446 2972 4499 pra:
3020 4430 3279 4499 superbia
3332 4429 3599 4501 dignaba-

2029 4531 2136 4575 tur.
2192 4522 2254 4575 Et
2301 4538 2425 4576 cum
2478 4523 2772 4592 aliquando
2820 4527 3078 4593 magister
3134 4523 3293 4593 371
3363 4524 3598 4577 militum

345 4612 635 4681 ἀνίσχοντα
684 4614 774 4666 τὸν
828 4616 978 4684 ἥλιον
1022 4614 1332 4680 ἐπιδείξας,
1381 4614 1442 4667 οὐ
1494 4615 1725 4683 χαλεπὸν
1772 4616 1919 4685 αὐτῷ
1956 4622 1997 4678 ι)
2028 4612 2124 4668 Tltt

1815 4616 1919 4685 ὐτῷ
1956 4622 1997 4678 ι)
2028 4612 2281 4669 Thracia:
2311 4630 2437 4669 cum
2478 4615 2572 4669 illo
2596 4615 2761 4669 verba
2805 4614 3007 4670 faceret
3036 4614 3103 4670 de
3126 4630 3278 4684 pace,
3303 4614 3394 4669 ille
3424 4615 3594 4669 solem

344 4703 485 4772 ἔφη,
521 4705 896 4774 ἦνβούλοιτο,
935 4707 1116 4758 πᾶσαν
1164 4708 1229 4775 ἣν
1275 4706 1445 4775 ἐφορᾷ
1479 4705 1581 4774 γῆν
1617 4707 1918 4776 καταστρέ-

342 4795 571 4866 ψασθαι.
603 4797 1037 4868 Τερατευομένου
1071 4798 1127 4853 δὲ
1175 4796 1349 4851 τοιάδε
1370 4836 1384 4861 ,
1429 4797 1522 4850 καὶ
1555 4796 1757 4865 δασμὸν
1794 4800 1917 4852 ὅσον

2027 4708 2296 4762 orientem
2331 4708 2749 4771 demonstrans,
2785 4706 2947 4763 facile
2976 4709 3080 4763 sibi
3116 4723 3237 4763 esse
3278 4709 3438 4773 dixit,
3473 4708 3596 4762 uui-

2024 4816 2242 4856 versam
2277 4816 2438 4871 quam
2492 4803 2585 4857 ille
2626 4802 2793 4856 radiis
2837 4801 2955 4857 suis
2987 4802 3364 4866 collustraret,
3388 4810 3591 4857 terram

1548 4973 1811 5029 VALESII
1850 4976 2397 5034 ANNOTATIONES.

341 5092 565 5146 Graeciaa
597 5094 897 5145 vastatione
934 5091 1080 5144 etde
1124 5092 1535 5160 oppugnatione
1566 5089 1718 5143 urbis
1746 5090 1912 5144 Athe-

343 5179 561 5217 narum.
605 5161 707 5216 Ista
740 5164 883 5215 enim
926 5162 1017 5214 diu
1044 5172 1167 5214 ante
1202 5163 1569 5229 contigerant,
1610 5161 1712 5214 sub
1754 5175 1913 5213 exor-

342 5235 491 5286 dium
517 5234 726 5301 imperii
754 5231 994 5291 Arcadii,
1024 5232 1150 5286 dum
1172 5230 1405 5284 Ruﬁnus
1430 5231 1607 5284 adhuc
1634 5239 1912 5297 superstes

342 5312 513 5362 esset,
543 5319 585 5372 a_
607 5320 715 5372 quo
745 5312 1006 5357 evocatus
1050 5302 1227 5355 fuerat
1258 5302 1531 5365 Alaricus,
1572 5302 1713 5355 sicut
1749 5308 1911 5372 testae

348 5383 436 5425 tur
463 5367 714 5426 Zosimus
747 5374 799 5425 in
834 5373 927 5426 lib.
963 5389 1011 5429 ν.
1046 5373 1175 5440 Quae
1206 5388 1335 5425 vero
1367 5372 1453 5424 hic
1492 5382 1543 5425 et
1574 5372 1627 5423 in
1671 5385 1792 5436 cap.
1842 5370 1912 5423 25

343 5445 439 5499 lib.
471 5459 591 5508 VIH,
627 5458 654 5495 a
691 5443 992 5498 Sozomeno
1038 5443 1373 5507 referuntttr,
1407 5449 1716 5512 gesta‘sunt
1751 5442 1912 5509 paulo

343 5524 467 5569 ante
500 5522 726 5566 mortem
758 5514 997 5566 Arcadii.
1412 5508 1432 5512 ⁷
1528 5548 1529 5551 η
1562 5508 1573 5523 ⁴

414 5584 527 5654 (18)
568 5583 821 5637 Μέλλων
865 5583 971 5653 γὰρ
1000 5582 1292 5654 ἐκδημεῖν
1320 5580 1482 5654 κατὰ,
1507 5580 1579 5654 τὰ
1610 5585 1913 5654 συντεθει-

337 5652 516 5723 pera;
544 5654 665 5706 llaec
695 5671 800 5708 non
835 5656 901 5708 de
935 5656 1174 5717 Alarico,
1203 5653 1299 5708 sed
1349 5653 1415 5706 de
1454 5652 1718 5705 Stilicone
1750 5653 1909 5706 intel-

343 5724 557 5794 ligenda
589 5736 736 5778 sunt.
777 5729 955 5791 Quare
1002 5726 1313 5779 necessario
1350 5723 1612 5794 addenda:
1654 5731 1779 5776 sunt
1830 5724 1911 5776 hac

342 5793 527 5857 voces,
573 5795 601 5846 ὀ
641 5795 923 5866 Στελὶχων,
976 5805 1032 5848 ιιι
1078 5798 1273 5863 legitur
1304 5794 1356 5847 in
1385 5808 1487 5866 cap
1539 5793 1610 5866 25
1662 5794 1756 5866 lib.
1790 5809 1907 5866 \‘lll.

342 5866 537 5921 Mirum
589 5875 670 5921 est
738 5864 916 5919 tamen
986 5867 1340 5935 Epiphaniqu
1399 5864 1800 5919 Srholastirutn
1853 5865 1905 5917 in

2020 5093 2338 5161 supradicto
2370 5092 2545 5162 capite
2588 5106 2683 5146 eas
2709 5105 2871 5145 voces
2904 5107 3013 5145 non
3047 5093 3261 5162 legisse.
3317 5096 3408 5151 Sic
3442 5102 3590 5156 enim

2020 5164 2182 5215 vertit
2222 5182 2233 5217 :
2274 5165 2417 5229 Quia
2458 5179 2575 5215 rum
2617 5162 2881 5215 discedere
2912 5164 3190 5226 voluisset,
3239 5165 3467 5222 Honorii
3500 5175 3589 5225 lit-

2020 5233 2141 5285 teris
2180 5244 2258 5286 est
2283 5236 2551 5296 detentus,
2595 5233 2730 5284 sicut
2770 5234 2877 5300 ipse
2906 5234 3175 5301 confessus
3206 5248 3304 5289 est.

2090 5304 2197 5371 (19)
2246 5304 2375 5356 Ἐπὶ
2409 5301 2735 5370 τυραννίδα
2771 5301 2876 5355 τοῦ
2920 5306 3109 5365 υἱέως.
3152 5304 3453 5364 Accusatus
3503 5320 3586 5364 cst

2021 5370 2249 5427 Stilicho
2322 5376 2465 5443 quod
2518 5372 2842 5426 Eucherium
2896 5372 3062 5425 ﬁlium
3121 5388 3280 5428 suum
3344 5378 3588 5435 Orientis

2018 5443 2397 5511 imperatorem
2422 5458 2609 5497 creare
2630 5443 2913 5504 voluisset,
2941 5444 3156 5497 sublato
3175 5443 3398 5502 Juniore
3415 5447 3588 5503 Theo-

2007 5512 2203 5588 dosio.
2255 5522 2317 5588 ut
2355 5514 2544 5568 scribit
2588 5512 2923 5588 So_zomenus
2957 5515 3129 5588 initio
3172 5516 3332 5585 hujus
3366 5521 3581 5588 capitis.

2018 5584 2361 5669 ldemnetliam.
2391 5591 2621 5669 testatur
2651 5583 2906 5669 Zosimus
2955 5584 3007 5669 ιιι
3055 5584 3147 5669 lib.
3192 5583 3254 5650 ν,
3295 5583 3581 5669 pag-808,

2018 5668 2047 5707 a
2080 5653 2396 5709 Stilichonis
2431 5654 2916 5709 calumniatoribus
2950 5653 3509 5722 divulgatumfuisse.

2088 5724 2197 5793 (20)
2261 5726 2371 5777 Τὸν
2428 5724 3009 5795 Ἰταλίαςῖῦπαρχον.
3054 5724 3439 5795 Longinianus
3493 5730 3583 5784 hic

2016 5798 2335 5849 vocabatur.
2373 5806 2433 5869 ut
2472 5796 2666 5869 scribit
2692 5794 2942 5869 Zosimus
2972 5794 3146 5869 in_lib.
3190 5794 3258 5864 v;
3290 5801 3583 5869 praefectus

2016 5876 2193 5918 autmn
2224 5868 2477 5935 prretorio
2503 5865 2797 5919 Galliarum
2836 5864 3136 5919 Limcuius.
