4504 6576
835 430 966 488 1611

829 541 931 596 rici
991 537 1265 609 postulata
1317 537 1633 609 imperatori
1694 542 2074 614 signiﬁcavit,

827 629 1096 687 codicillis
1124 628 1427 700 magisterii
1459 632 1752 704 utriusque
1774 635 1982 690 militire
2005 633 2392 689 honorandum

827 735 972 779 esse.
995 719 1206 776 ‘Verum
1232 721 1548 792 imperator,
1579 725 1729 794 quod
1751 725 1971 795 quidem
2004 724 2072 780 ad
2104 724 2393 796 pecuniam

827 823 884 870 et
910 828 1163 870 annonas
1196 816 1437 884 pertinet
1458 831 1596 886 quas
1631 819 1895 886 poscebat
1924 818 2211 882 Alaricus,
2239 815 2397 871 Jovio

829 915 1019 976 utpote
1060 905 1323 976 praefecto
1359 916 1690 978 potestatem
1729 910 2038 975 concessit,
2072 909 2394 980 dignitatem

827 1012 958 1052 vero
992 1011 1053 1052 se
1080 1012 1361 1068 nunquam
1386 997 1642 1052 daturum
1675 1001 1980 1070 respondit.
2009 999 2181 1054 Porro
2205 997 2396 1053 Jovius

829 1088 1065 1157 legatum
1127 1101 1196 1142 ex
1249 1088 1453 1158 palatio
1501 1091 1730 1146 missum
1776 1090 1830 1144 in
1887 1091 2140 1147 tentoriis
2187 1091 2394 1145 Alarici

827 1179 1178 1250 praestolatus
1199 1218 1216 1244 ,
1245 1180 1382 1237 satis
1403 1181 1719 1237 inconsulte
1744 1196 1930 1236 coram
1955 1181 2237 1237 universis
2270 1181 2396 1236 bar-

828 1270 979 1326 baris
1039 1264 1388 1341 imperatoris
1447 1272 1702 1327 mandata
1749 1273 1983 1329 recitare
2029 1288 2154 1329 eum
2206 1273 2392 1344 jussit.

828 1359 968 1415 Tum
1005 1361 1259 1418 Alaricus
1291 1362 1362 1418 ob
1388 1369 1641 1433 negatam
1680 1362 2006 1434 dignitatem
2044 1363 2394 1434 indignatus.

827 1453 1055 1522 perinde
1103 1467 1169 1508 ac
1202 1453 1250 1509 si
1304 1455 1642 1508 contumelia
1695 1455 1923 1510 allectus
1971 1454 2196 1518 fuisset,
2247 1455 2398 1509 illico

829 1546 988 1614 signo
1033 1545 1178 1600 tubae
1225 1542 1356 1598 dato
1387 1583 1402 1609 ,
1450 1541 1677 1598 Romam
1729 1560 1922 1602 versus
1972 1544 2276 1600 contendit.
2329 1544 2398 1596 At

825 1634 1038 1701 Jovius,
1069 1644 1321 1689 metuens
1342 1649 1413 1689 ne
1437 1635 1730 1704 imperator
1757 1635 1936 1704 ipsum
1967 1635 2186 1688 Alarico
2214 1634 2398 1688 favere

829 1727 1228 1794 suspicaretur,
1281 1723 1650 1779 inconsultius
1681 1725 1860 1778 adhuc
1889 1739 2054 1792 quam
2085 1732 2268 1788 antea,
2297 1738 2398 1794 per

829 1816 1060 1870 salutem
1098 1815 1363 1884 principis
1390 1822 1446 1869 et
1477 1815 1594 1885 ipse
1619 1813 1851 1885 juravit,
1881 1823 1934 1870 et
1967 1817 2107 1870 alios
2133 1830 2396 1885 .proceres

2271 431 2615 488 SOZOMENI

2155 558 2392 613 cumque
2424 551 2468 606 Α
2496 542 2740 614 ὕπαρχος
2764 541 2859 604 ὣν,
2880 542 3030 612 δηλοί
3053 541 3131 614 τῷ
3155 543 3368 614 βασιλεῖ
3387 544 3484 615 τὴν
3517 543 3802 615 Ἀλαρίχου
3827 546 4065 615 αἴτησιν,

3927 429 4068 492 κη

2495 635 2588 688 καὶ
2612 634 2688 695 ὡς
2718 633 2824 686 δέοι
2865 633 3067 697 δέλτοις
3106 635 3267 688 αὑτὸν
3307 636 3538 706 τιμῆσαι
3572 635 3877 708 στρατηγοῦ
3909 637 4068 691 δυνά-

2499 739 2645 793 μεως
2686 723 2971 794 ἑκατέρας.
3015 725 3074 777 Ὀ
3120 725 3179 777 δὲ
3217 725 3467 795 βασιλεὺς
3514 727 3813 797 χρημάτων
3846 727 3945 798 μὲν
3975 731 4070 783 καὶ

2497 814 2820 883 σιτηρεσίων
2853 808 2928 868 ὧν
2948 815 3088 886 ᾔτει.
3115 815 3190 880 ὠς
3221 816 3451 888 ὑπάρχῳ
3500 817 3671 888 ἰοϐίῳ
3698 819 3796 889 τὴν
3821 818 4071 886 ἐξουσίαν

2494 905 2756 959 δέδωκεν·
2789 906 2945 972 ἀξίας
2972 907 3028 960 δὲ
3074 907 3135 961 οὗ
3192 925 3320 960 ποτε
3359 908 3687 979 μεταδώσειν
3729 911 3878 980 αὐτῷ
3942 913 4073 965 ἀντ-

2496 996 2783 1067 εδήλωσεν.
2828 997 3104 1062 Ἀϐούλως
3123 999 3178 1052 δὲ
3195 1000 3378 1064 Ἰόϐιος
3409 1001 3468 1053 ὲν
3498 1004 3563 1070 τῇ
3593 1001 3871 1073 Ἀλαρίχου
3898 1006 4068 1074 σκηνῇ

2497 1089 2819 1158 περιμείνας
2870 1090 2962 1143 τὸν
3017 1092 3080 1144 ἐκ
3135 1092 3242 1145 τῶν
3297 1092 3582 1163 βασιλείων
3637 1096 4068 1166 ἀπεσταλμένον,

2496 1179 2890 1250 ἀναγινώσκειν
2926 1183 3164 1246 ἐκέλευε,
3191 1184 3478 1255 παρόντων
3507 1185 3617 1239 τῶν
3653 1185 3944 1260 βαρϐάρων
3962 1229 3977 1254 ,
3999 1191 4071 1242 τά

2495 1270 2721 1335 δόξαντα
2746 1271 2823 1342 τῷ
2849 1271 3072 1342 βασιλεῖ.
3114 1275 3238 1333 Ἐπὶ
3261 1275 3317 1328 δὲ
3349 1278 3414 1346 τῇ
3447 1277 3671 1348 ἀρνήσει
3699 1276 3794 1330 τοῦ
3825 1276 4071 1348 ἀξιώμα-

2495 1377 2585 1424 τος
2632 1361 2906 1432 ὀργισθεὶς
2959 1364 3239 1435 Ἀλάριχος
3283 1365 3360 1430 ὡς
3414 1367 3771 1438 ὑϐρισμένος,
3819 1368 4069 1439 αὑθωρὺν

2496 1455 2562 1522 τῇ
2607 1452 2880 1524 ’σάλπιγγι
2942 1456 3226 1526 σημήνας,
3285 1457 3378 1510 ἐπὶ
3439 1459 3538 1528 τὴν
3585 1460 3802 1530 Ῥώμην
3848 1461 4066 1532 ἤλαυνε.

2497 1545 2688 1608 Δείσας
2710 1545 2768 1598 δὲ
2789 1547 2817 1599 ό
2851 1545 3034 1610 Ἰόϐιος
3061 1548 3136 1618 μὴ
3161 1548 3431 1621 ὑπονοηθῇ
3456 1550 3535 1621 τῷ
3562 1551 3771 1621 βασιλεί
3803 1553 4072 1625 Ἀλαρίχῳ

2499 1633 2837 1698 σπουδάζειν,
2858 1635 3198 1707 ἀϐουλοτέρῳ
3221 1636 3254 1708 ἢ
3283 1639 3542 1710 πρότερον
3569 1640 3901 1712 περιπεσὼν,
3933 1645 4074 1714 πρὸς

2497 1725 2595 1794 τῆς
2629 1727 2901 1798 σωτηρίας
2923 1729 3018 1782 τοῦ
3064 1727 3326 1798 βασιλέως
3375 1731 3537 1794 αὐτὸς
3576 1731 3778 1802 ὤμοσε,
3820 1735 3914 1787 καὶ
3943 1735 4072 1798 τοὺς

2499 1816 2691 1881 ἄλλους
2745 1817 3010 1888 ἄρχοντας
3061 1822 3438 1890 παρεσκεύασε
3463 1861 3480 1886 ,
3536 1827 3609 1896 μή
3661 1842 3792 1878 ποτε
3844 1827 4071 1898 εἰρήνην

824 1907 1016 1977 jurare
1046 1907 1311 1976 compulit
1333 1945 1350 1968 ,
1389 1921 1666 1976 nunquam
1701 1921 1760 1961 se
1801 1922 1925 1961 cum
1957 1907 2179 1961 Alarico
2209 1922 2396 1976 pacem
2431 1889 2471 1946 Β
2500 1905 2603 1959 θέοι

2290 1922 2396 1961 :etn
2431 1889 2471 1946 Β
2500 1905 2687 1960 θέσθαι
2722 1909 2858 1979 πρὸς
2896 1889 3196 1981 Ἀλάριχον.
3232 1913 3346 1965 Οὐκ
3377 1915 3455 1976 είς
3489 1889 3704 1986 μακρὰν
3738 1916 3796 1968 δὲ
3827 1889 4069 1987 μεταμε-

829 2001 1093 2055 facturos.
1138 1998 1415 2054 Barbarus
1453 2013 1584 2053 vero
1633 2013 1740 2053 non
1771 1999 1848 2052 ita
1879 2001 2051 2053 multo
2068 1997 2396 2068 poenitentia

829 2091 1050 2154 ductus,
1083 2089 1310 2160 scripsit
1360 2089 1466 2143 sibi
1506 2089 1641 2143 nihil
1670 2105 1811 2159 opus
1838 2103 1962 2144 esse
1994 2089 2352 2159 dignitatibus
2381 2105 2395 2140 :

828 2195 1088 2240 ueterum
1125 2199 1184 2239 sc
1212 2181 1478 2238 Romanis
1504 2183 1711 2238 socium
1741 2180 1880 2246 fore,
1907 2181 2201 2236 dummodo
2227 2180 2400 2234 modi-

829 2295 954 2334 cum
982 2277 1084 2347 ipsi
1127 2276 1458 2330 frumentum
1494 2276 1861 2346 praeberetur,
1898 2285 1951 2330 et
1988 2277 2105 2331 loca
2136 2274 2204 2329 ad
2245 2274 2400 2327 habi-

829 2369 1094 2436 tandum,
1136 2384 1258 2438 quae
1297 2367 1561 2424 Romanis
1601 2369 2022 2440 haudquaquam
2066 2367 2245 2439 magni
2286 2381 2373 2420 mo

831 2464 999 2520 menti
1026 2477 1152 2519 esse
1177 2463 1514 2519 viderentur.

1434 2553 1587 2608 CAP.
1650 2553 1788 2608 VIII.

830 2645 910 2700 De
941 2645 1218 2700 rebellione
1245 2645 1436 2709 Attali,
1470 2655 1518 2699 et
1570 2648 1760 2699 comite
1811 2645 2151 2709 lleracliano,
2181 2654 2230 2700 et
2267 2662 2400 2715 quo-

900 2716 1054 2797 modo
1083 2716 1295 2798 Attalus
1343 2715 1557 2798 pedibus
1605 2715 1829 2770 Honorii
1877 2727 2058 2786 postea
2096 2715 2397 2784 advolutus,

900 2795 1106 2840 veniam
1139 2795 1412 2854 impetrari
1420 2795 1460 2841 l.

891 2874 1006 2932 Ubi
1035 2891 1166 2931 vero
1231 2877 1402 2932 missa
1437 2875 1820 2947 episcoporum
1869 2876 2140 2946 legatione
2190 2876 2277 2932 bis
2311 2891 2398 2931 re-

829 2966 1046 3036 pulsam
1081 2965 1246 3035 hujus
1307 2965 1386 3020 rei
1445 2979 1643 3035 passus
1695 2973 1815 3031 est,
1846 2963 2072 3019 Romam
2118 2979 2395 3028 reversus,

827 3071 949 3110 eam
987 3058 1182 3109 iterum
1209 3053 1439 3109 obsedit.
1477 3053 1543 3106 Et
1569 3068 1634 3108 ex
1661 3066 1779 3108 'una
1823 3062 1975 3123 parte
2006 3061 2168 3124 capto
2209 3053 2395 3116 Portu,

831 3143 1106 3200 Romanos
1138 3144 1188 3198 vi
1242 3145 1508 3214 compulit
1549 3151 1609 3198 ut
1656 3144 1899 3198 Attalum
1947 3145 2038 3214 qui
2090 3154 2204 3198 tum
2261 3160 2399 3214 pra:-

2504 1998 2688 2068 ληθεὶς
2713 2003 2740 2053 ό
2787 2001 3093 2072 βάρϐαρος,
3128 2002 3359 2072 ἐδήλωσε
3398 2004 3561 2074 μηδὲν
3598 2006 3921 2078 ἀξιωμάτων
3956 2007 4062 2062 δεῖο

2501 2089 2626 2143 σθαι
2646 2107 2660 2120 ο
2693 2090 2980 2161 σύμμαχον
3007 2092 3063 2144 δὲ
3090 2090 3342 2162 παρέξειν
3367 2093 3558 2145 ἑαυτὸν
3579 2094 3671 2147 ἐπὶ
3693 2095 3889 2166 μετρίᾳ
3918 2096 4069 2148 σίτου

2499 2179 2662 2242 δόσει,
2694 2181 2786 2234 καὶ
2809 2181 3017 2252 οίκήσει
3040 2180 3240 2246 τόπων,
3268 2180 3329 2232 οὐ
3361 2180 3501 2234 πάνυ
3553 2181 3840 2253 Ῥωμαίοις
3867 2186 4068 2237 ἐσπου-

2499 2269 2798 2340 δασμένων.

3104 2549 3350 2603 ΚΕΦΛΛ.
3391 2550 3469 2604 Η’.

2499 2640 2638 2709 Περὶ
2673 2636 2784 2708 τῆς
2823 2641 3202 2705 ἀποστασιίις
3241 2640 3514 2695 Ἀττάλου
3537 2684 3551 2704 ,
3587 2641 3686 2694 καὶ
3729 2641 3837 2696 τοῦ
3887 2655 4070 2710 στρα-

2568 2711 2756 2780 τηγοῦ
2796 2711 3209 2778 Ἠρακλειανοῦ
3232 2727 3244 2738 ·
3272 2713 3365 2764 καὶ
3399 2713 3477 2774 ὡς
3508 2711 3764 2779 ὕστερον
3801 2728 4065 2780 «pocae-

2569 2781 2697 2835 σὼν
2729 2781 2974 2848 Ὀνωρίῳ
3001 2781 3356 2850 συγγνώμης
3377 2783 3572 2850 ἔτυχε.

2582 2871 2735 2924 Ἑπεί
2765 2868 2821 2924 δὲ
2850 2870 2930 2935 δὶς
2951 2872 3186 2941 ἀπέτυχε
3231 2871 3358 2940 περὶ
3388 2871 3574 2926 τούτου
3602 2871 4070 2942 πρεσϐευσάμενος

2497 2962 2586 3015 διά
2609 2979 2769 3014 τινων
2810 2961 3140 3022 ἐπισκόπων,
3169 2960 3336 3014 ἐλθὼν
3368 2963 3448 3024 εἱς
3479 2961 3696 3032 Ῥώμην
3718 3003 3731 3024 ,
3765 2963 4067 3032 ἐπολιόρκει

2497 3054 2595 3124 τήν
2630 3053 2818 3106 πόλιν·
2856 3053 2950 3106 καὶ
3006 3053 3062 3118 ἐξ
3113 3053 3230 3115 ἑνὸς
3286 3053 3483 3123 μέρους
3532 3053 3622 3106 τὸν
3659 3054 3863 3126 Πόρτον
3911 3052 4066 3113 ἐλὼν,

2501 3145 2746 3216 βιάζεται
2780 3145 3081 3215 Ῥωμαίους
3115 3143 3336 3214 βασιλέα
3364 3142 3704 3214 ψηφίσασθαι
3752 3146 3840 3198 τὸν
3868 3146 4068 3198 Ἀττα-

832 3237 1009 3292 fectus
1038 3237 1190 3290 urbis
1211 3243 1350 3299 erat,
1383 3235 1766 3305 imperatorem
1803 3244 2056 3290 crearent
2082 3237 2120 3288 ¹.
2148 3234 2396 3304 Cumque
2423 3237 2465 3292 C
2498 3237 2586 3290 λον

2293 3251 2396 3304 que
2423 3237 2465 3292 C
2498 3237 2586 3290 λον
2612 3278 2624 3297 .
2662 3237 2903 3308 ὕπαρχον
2953 3237 3082 3288 ὅντα
3126 3237 3245 3288 τότε
3289 3236 3388 3307 τῆς
3429 3236 3652 3300 πόλεως.
3699 3237 3982 3306 Ῥωμαίων
4012 3235 4070 3289 δὲ

830 3329 1064 3385 Romani
1129 3329 1196 3384 ad
1250 3328 1496 3398 reliquas
1547 3329 1842 3399 dignitates
1892 3329 2126 3398 promoti
2189 3336 2394 3393 essent,

828 3421 1084 3477 Alaricus
1134 3422 1395 3490 magister
1427 3420 1714 3488 utriusque
1759 3421 1965 3474 militia:
2017 3421 2396 3485 constituitur,

827 3512 1082 3569 Ataulfus
1115 3527 1246 3567 vero
1278 3511 1446 3566 frater
1475 3513 1663 3566 uxoris
1685 3514 1828 3581 ejus,
1861 3529 2045 3568 comes
2068 3512 2396 3567 domestico-

806 3621 948 3660 ‘ntm
997 3605 1264 3674 equitum.
1315 3603 1488 3658 Porro
1542 3604 1756 3660 Attalus
1817 3613 2116 3660 convocato
2180 3614 2396 3668 senatu,

826 3697 1134 3752 orationem
1171 3695 1364 3749 habuit
1411 3696 1676 3764 prolixam
1710 3704 1764 3750 et
1795 3696 2087 3751 admodum
2116 3697 2400 3766 splendide

827 3787 1165 3842 elaboratam
1196 3805 1209 3841 :
1248 3786 1526 3855 pollicitus
1557 3801 1618 3841 se
1654 3786 1778 3854 jura
1810 3788 1988 3856 patria
2023 3789 2236 3842 senatui
2277 3803 2397 3843 scr-

827 3887 1107 3940 vaturum,
1136 3884 1191 3932 et
1220 3875 1517 3947 [Egyptum
1549 3893 1613 3931 ac
1643 3878 1884 3947 reliquas
1908 3877 2154 3934 Orientis
2187 3882 2399 3950 provin-

2501 3327 2912 3398 προϐληθέντων
2943 3326 3036 3378 ἐπὶ
3087 3325 3185 3388 τὰς
3234 3325 3399 3388 ἀλλας
3428 3325 3600 3396 ἀρχὰς
3627 3366 3643 3391 ,
3689 3328 4069 3396 χειροτονεῖται

2513 3419 2793 3487 Ἀλάριχος
2840 3416 3139 3486 στρατηγὸς
3180 3416 3438 3486 ἑκατέρας
3470 3415 3774 3484 δυνάμεως,
3817 3415 4070 3468 Ἀδάουλ-

2501 3529 2598 3581 φος
2641 3512 2697 3564 δὲ
2749 3512 2777 3562 ό
2813 3511 2912 3580 τῆς
2941 3507 3107 3562 αὐτοῦ
3142 3507 3386 3578 γαμετῆς
3417 3507 3672 3575 ἀδελφὸς,
3717 3507 3938 3577 ήγεμὼν
3963 3507 4070 3559 τῶν

2503 3602 2712 3656 ἱππέων
2737 3600 3070 3671 δομεστίκων
3099 3598 3462 3669 καλουμένων.
3489 3599 3837 3666 Συγκαλέσας
3884 3599 3940 3650 δὲ
3971 3596 4069 3668 τὴν

2499 3694 2788 3766 γερουσίαν
2831 3691 3091 3754 Ἀτταλος
3111 3730 3125 3753 ,
3157 3691 3311 3758 λόγον
3343 3690 3521 3760 διῆλθε
3561 3691 3769 3760 μακρὸν
3814 3690 3904 3742 καὶ
3933 3688 4072 3758 λαμ-

2501 3785 2652 3856 πρῶς
2703 3784 2845 3854 μάλα
2878 3780 3251 3850 πεπονημένον
3269 3820 3283 3842 ,
3316 3778 3743 3849 ὑπισχνούμενος
3771 3781 3839 3834 τά
3864 3780 4068 3851 πάτρια

2498 3880 2564 3948 τῇ
2595 3874 2881 3944 συγκλήτῳ
2911 3871 3164 3942 φυλάξειν
3195 3870 3306 3940 (26)
3333 3911 3348 3934 ,
3381 3871 3475 3923 καὶ
3521 3870 3616 3940 τὴν
3656 3871 3932 3939 Αἴγυπτον
3975 3873 4070 3924 καὶ

829 3970 948 4024 cias
988 3967 1093 4022 sub
1138 3966 1395 4022 Italorum
1442 3966 1705 4023 ditionem
1757 3969 2108 4024 redacturum
2153 3987 2291 4026 esse.
2334 3971 2400 4025 Et
2501 3974 2608 4026 πᾶσ

2290 4017 2291 4020 η
2334 3971 2400 4025 Et
2501 3974 2680 4026 πᾶσαν
2729 3971 2826 4040 τὴν
2862 3968 2996 4037 πρὸς
3030 3967 3144 4019 Ἕω
3179 3964 3522 4038 ἀρχομένην,
3568 3965 3805 4034 ὑπήκοον
3851 3965 4069 4028 Ἰταλοῖς

829 4059 919 4113 hic
951 4057 1174 4129 quidem
1210 4057 1342 4110 talia
1375 4057 1665 4127 magniﬁce
1692 4058 1938 4126 jactabat
1960 4099 1974 4123 ,
2005 4061 2099 4130 qui
2132 4077 2199 4115 ne
2230 4063 2398 4117 unius
2502 4064 2608 4118 ποιὶ

2289 4063 2398 4117 tius
2502 4064 2741 4132 ποιῆσαι.
2778 4061 2885 4114 Καὶ
2926 4062 2953 4113 ὁ
2991 4059 3090 4130 μὲν
3135 4052 3234 4111 ὧδε
3285 4057 3773 4128 ἀλαζονευόμενος,
3819 4057 3937 4111 οὐδὲ
3989 4060 4068 4119 είς

828 4149 1048 4220 quidem
1082 4149 1210 4201 anni
1246 4147 1426 4216 spatio
1453 4148 1801 4216 imperatoris
1827 4165 2026 4204 nomen
2061 4162 2184 4207 erat
2220 4163 2395 4208 relen~
2499 4160 2607 4210 ἐνια

2286 4163 2395 4208 [ειι-
2499 4154 2742 4210 ἐνιαυτὸν
2799 4152 3090 4222 ὁλόκληρον
3156 4151 3357 4221 ἤμελλε
3424 4150 3672 4220 βασιλεὺς
3733 4150 4015 4203 καλεῖσθαι
4050 4168 4065 4182 ·

831 4250 1011 4296 turus.
1069 4238 1273 4295 Verum
1329 4239 1587 4295 inductus
1649 4255 1678 4294 a
1739 4243 2071 4312 quibusdam
2129 4246 2396 4308 vatibus,
2502 4248 2610 4318 μᾶνη

2289 4262 2348 4301 us
2380 4284 2396 4308 ,
2502 4248 2726 4318 μάντεσι
2755 4245 2812 4299 δέ
2856 4261 2996 4297 τισιν
3043 4242 3324 4312 ὑπαχθεὶς,
3356 4242 3801 4312 ὑπισχνουμένοις
3825 4242 4068 4312 ἀμαχητὶ

829 4334 1006 4403 ipsum
1050 4331 1186 4386 citra
1238 4346 1474 4402 pugnam
1516 4330 1701 4386 Africa
1739 4333 2042 4404 potiturum
2081 4350 2205 4390 esse
2238 4337 2399 4406 polli-
2497 4338 2597 4407 τὴν

2288 4337 2399 4391 JIII-
2497 4338 2597 4407 τὴν
2637 4335 2898 4406 ’Λφρικὴν
2927 4332 3191 4396 καθέξειν,
3220 4329 3346 4384 οὕτε
3378 4331 3644 4401 Ἀλαρίχῳ
3668 4330 3891 4401 ἐπείσθη
3917 4370 3932 4392 ,
3971 4349 4067 4400 με-

829 4425 1103 4487 cantibus,
1133 4437 1234 4477 nec
1265 4423 1488 4477 Alarico
1520 4423 1792 4490 credidit,
1822 4425 1915 4495 qui
1949 4425 2214 4482 modicam
2253 4430 2397 4482 mili-
2497 4428 2608 4496 τρία

2290 4430 2397 4482 tili-
2497 4428 2654 4496 τρίαν
2684 4425 2910 4494 δύναμιν
2949 4421 3368 4492 εἰσηγησαμένῳ
3397 4420 3610 4490 πέμψαι
3639 4421 3720 4483 είς
3745 4420 4066 4491 Καρχηδόνα

831 4524 945 4570 tum
971 4529 1191 4568 manum
1212 4513 1606 4585 Carthaginem
1641 4515 1958 4571 mittendam
1988 4533 2111 4574 esse
2129 4520 2396 4575 suadebat
2426 4566 2470 4587 η
2497 4520 2610 4572 ἐπὶι

2283 4521 2396 4575 3bat
2426 4566 2470 4587 η
2497 4520 2589 4572 ἐπὶ
2608 4516 2882 4587 ἀναιρέσει
2906 4515 3015 4568 τῶν
3054 4514 3307 4583 Ὀνωρίου
3334 4513 3606 4583 ἀρχόντων
3629 4553 3643 4572 ,
3685 4514 3732 4565 εί
3763 4513 4062 4583 ἀντιπαρα-

830 4605 896 4661 ad
948 4604 1298 4675 perimendos
1347 4604 1570 4660 Honorii
1615 4606 1786 4664 duces
1809 4649 1824 4674 ,
1869 4610 1914 4666 si
1951 4610 2125 4680 ipsius
2162 4612 2392 4682 imperio
2425 4599 2472 4625 ¹¹
2495 4607 2609 4671 τάξ(

2286 4613 2392 4668 ario
2425 4599 2472 4625 ν
2495 4607 2704 4671 τάξοιεν
2751 4603 2898 4674 αὐτῷ
2922 4620 2935 4633 °
2981 4601 3104 4655 οὔτε
3159 4600 3378 4672 Ἰωάννῃ
3402 4641 3416 4661 ,
3447 4599 3506 4653 ὃν
3546 4601 3917 4670 προεστήσατο
3958 4599 4065 4652 τῶν

831 4692 1152 4745 resisterent
1198 4708 1211 4744 :
1258 4705 1362 4746 nec
1411 4688 1610 4745 Joanni
1639 4730 1654 4755 ,
1701 4709 1861 4764 quem
1911 4696 2024 4766 ipse
2066 4699 2388 4767 magistrum
2496 4699 2610 4766 ἀμφ

2286 4714 2388 4753 'um
2496 4698 2632 4766 ἀμφ’
2679 4695 2840 4748 αὑτὸν
2907 4691 3199 4762 βασιλικῶν
3252 4690 3458 4756 τάξεων
3494 4729 3509 4753 ,
3558 4689 3818 4758 φάσκοντι
3868 4689 4065 4760 χρῆναι

831 4780 1134 4835 olliciorum
1185 4789 1500 4843 creaverat,
1551 4781 1646 4850 qui
1712 4784 1965 4838 monebat
2019 4793 2276 4855 oportere
2332 4796 2392 4840 ut
2493 4787 2610 4841 Kcin

2332 4796 2392 4840 ut
2493 4787 2826 4841 Κώνσταντα
2879 4783 2971 4837 τὸν
3029 4783 3285 4854 ἐκδημεῖν
3334 4782 3409 4845 είς
3466 4779 3672 4851 Λιϐύην
3718 4780 3848 4851 παρ’
3900 4780 4063 4833 αὑτοῦ

830 4871 1107 4926 Constans
1130 4909 1146 4934 ,
1177 4887 1335 4940 quem
1366 4871 1481 4939 ipse
1523 4870 1576 4924 in
1615 4871 1858 4927 Africam
1889 4876 2106 4930 mittere
2133 4877 2390 4930 decreve—
2497 4893 2609 4929 τετε

2284 4892 2390 4929 :ve—
2497 4876 2847 4946 τεταγμένον,
2876 4873 2950 4936 ὡς
2973 4873 3124 4942 παρά
3156 4871 3412 4942 Ὀνωρίου
3433 4869 3859 4940 ἀπεσταλμένον,
3885 4871 4063 4939 γράμ-

832 4974 915 5017 rat
939 5002 954 5025 ,
999 4970 1258 5031 tanquam
1288 4962 1358 5015 ab
1394 4959 1636 5017 Honorio
1673 4963 1838 5037 375
1882 4967 2084 5022 missus
2111 5008 2124 5034 ,
2161 4968 2393 5038 epistola
2494 4987 2610 5040 par

2287 4969 2393 5023 lola
2494 4987 2631 5040 ¹ματι
2662 4966 2878 5038 συνήθει
2925 4965 2954 5018 ὃ
2996 4964 3268 5034 διάταγμα
3316 4961 3537 5016 καλοῦσι
3561 4960 3702 5032 (27),
3733 4961 3938 5015 παῦσαι
3970 4961 4066 5030 τῆς

906 5074 921 5105 ⁸
947 5071 1104 5128 Socr.
1129 5073 1224 5128 lib.
1253 5088 1350 5138 vit,
1383 5087 1433 5128 c.
1461 5073 1548 5128 I0.

2023 5229 2288 5285 VALESII
2327 5230 2872 5286 ANNOTATIONES.

905 5321 1014 5394 (26)
1047 5321 1124 5394 Τὰ
1150 5319 1364 5394 πάτρια
1385 5319 1459 5388 τῇ
1489 5322 1812 5392 συγκλήτῳ
1834 5321 2149 5394 φυλάξεις.
2181 5321 2397 5391 Langus
2501 5326 2601 5378 tios
2628 5340 2678 5377 m

2283 5340 2397 5391 tgus
2501 5326 2601 5378 tios
2628 5325 3007 5392 magistratum
3035 5324 3118 5394 vel
3156 5324 3487 5394 provinciam
3516 5324 3678 5378 alicui
3719 5322 4062 5380 mandarent.

833 5402 886 5446 ct
917 5391 1192 5463 musculus
1211 5391 1340 5460 jura
1371 5391 2040 5463 patria_'interpret:mtur.
2095 5393 2205 5463 Ego
2256 5397 2395 5448 ritus
2498 5395 2545 5447 ei
2577 5391 2856 5450 codicillos
2886 5395 3036 5449 dare.
3057 5391 3294 5448 Litteras
3320 5405 3476 5449 vocat
3504 5396 3824 5447 Ammianus
3850 5394 4065 5446 Mat-ccl-

835 5464 1038 5531 patrios
1074 5461 1255 5534 malim
1287 5470 1519 5534 vertere.
1551 5461 1640 5516 Sic
1660 5461 1804 5534 enim
1834 5463 2015 5534 (ἓνκαὶ
2061 5461 2255 5534 vocare
2298 5479 2395 5534 δυ·
2497 5463 2644 5517 linus
2678 5465 2730 5517 in
2757 5465 2879 5519 libr.
2924 5480 3115 5534 XXVIII,
3139 5463 3402 5519 Libanius
3430 5480 3556 5520 vero
3577 5465 3953 5534 γραμματεῖα,
4005 5472 4063 5514 ut

837 5538 945 5585 Ient
975 5532 1326 5603 cagremonias
1370 5532 1733 5603 majornmﬂin
1763 5533 2006 5587 colendis
2031 5534 2157 5603 diis.
2193 5533 2267 5586 Ita
2295 5533 2394 5586 Zo-
2497 5536 2679 5588 notavi
2712 5535 2778 5587 ad
2804 5535 3006 5589 dictum
3039 5533 3336 5590 Marcellini
3387 5532 3719 5588 librum.‘lta
3741 5532 3878 5603 ergo
3926 5549 4036 5603 quo

833 5605 1005 5674 simus
1032 5601 1269 5674 loquitur
1298 5603 1500 5671 passim
1541 5604 1594 5655 in
1612 5601 1759 5674 libro
1789 5617 1994 5674 v,_pag.
2027 5602 2130 5657 8l6
2164 5613 2219 5657 et
2265 5604 2388 5674 817.
2497 5604 2598 5674 ties
2645 5605 2805 5659 alicui
2855 5605 3231 5674 magistratum
3304 5605 3542 5660 adimere
3586 5601 3827 5668 vellenl,‘
3854 5605 3906 5657 id
3945 5601 4064 5671 per

902 5672 1014 5741 (27)
1067 5673 1135 5722 Ὀ
1164 5670 1452 5739 διάταγμα
1475 5670 1748 5724 καλοῦσι.
1781 5670 2024 5725 Edictum
2058 5675 2218 5728 vertit
2239 5673 2391 5727 Chri-
2496 5673 2680 5727 littera

2283 5673 2391 5727 hri-
2496 5673 2712 5727 litteras
2740 5670 3034 5728 faciebant.
3060 5676 3150 5728 Sic
3168 5674 3583 5728 Valentinianus
3606 5674 3800 5729 Junior
3819 5690 3941 5727 cum
3969 5670 4062 5725 Ar-

832 5742 1231 5814 stephorsgnus
1261 5750 1315 5795 et
1349 5743 1641 5814 Musculus.
1685 5741 1794 5812 Ego
1825 5754 2150 5814 praeceptum
2200 5744 2381 5798 malim
2493 5743 2770 5810 bogastem
2791 5747 3109 5814 magistrum
3132 5746 3741 5798 militumexauctorare
3763 5743 4058 5814 vellet,ip92

833 5822 1040 5864 vertere
1094 5810 1350 5866 Solebant
1403 5814 1530 5865 olim
1564 5810 1924 5881 imperatores
1959 5810 2212 5878 llbnmni,
2245 5830 2384 5883 quo-
2493 5815 2607 5868 litte

2268 5830 2384 5883 ιιιο-
2493 5815 2703 5871 litteras
2747 5810 2992 5880 tradidit,
3021 5815 3322 5886 γράμματα
3355 5814 3452 5884 τῆς
3487 5817 3657 5885 ἀρχῆς
3692 5810 4047 5884 παραλυόντομ
