4504 6576
408 454 557 512 16ίό

1398 452 1718 511 HISTORIA
1760 452 2311 509 ECCLESIASTICA.
2353 485 2422 496 ——
2449 455 2580 514 LIB.
2623 458 2718 514 IX.

3508 463 3651 519 16M

397 572 581 642 ἀρχῆς
618 570 1025 642 Ἡρακλειανὸν,
1060 569 1149 621 τὸν
1186 569 1438 640 τηνικάδε
1484 570 1593 622 τῶν
1647 572 1707 623 εν
1747 570 1980 640 ’Δφρικῇ
2009 570 2055 625 A
2082 568 2176 623 soli

1875 571 1980 640 ιικῇ
2009 570 2055 625 A
2082 568 2313 623 solemni
2350 586 2514 640 quam
2558 573 2726 644 vulgo
2762 573 3001 629 edictum
3040 585 3273 642 vocant,
3325 574 3654 633 Heracliano

396 664 755 735 στρατιωτῶν
803 663 1272 733 ἐπιτετραμμένον
1329 664 1429 734 τὴν
1470 662 1785 733 ἠγεμονίαν.
1821 664 1978 727 Ἴσως

394 755 445 808 δ’
476 755 550 809 ἂν
590 755 685 807 καὶ
710 754 869 807 τοῦτο
898 754 1287 825 προύχώρησεν
1310 771 1324 784 ·
1358 754 1511 807 οὔπω
1537 754 1648 825 γάρ
1692 756 1825 826 δῆλα
1853 758 1978 824 ὲγε-

394 846 551 914 γόνει
584 848 698 908 τοῖς
742 847 801 898 ὲν
840 846 1013 917 Λιϐύῃ
1058 848 1129 900 τὰ
1176 847 1319 901 κατά
1374 848 1659 902 Ἄτταλον.
1718 849 1872 901 Ἐπεὶ
1917 848 1976 901 δὲ

395 936 697 997 Κώνστας,
734 934 891 988 τοῦτο
929 938 1040 999 τοῖς
1094 935 1317 1005 μάντεσι
1360 936 1546 1001 δόξαν,
1595 936 1854 990 ἔπλευσεν
1896 939 1976 1001 είς

394 1027 731 1097 Καρχηδόνα
753 1068 768 1091 ,
808 1025 1069 1091 Ἄτταλος
1104 1027 1161 1080 δὲ
1204 1028 1299 1081 ἐπὶ
1346 1028 1597 1081 τοσοῦτον
1651 1028 1851 1099 ἐϐλάϐη
1884 1029 1976 1081 τὸν

395 1118 552 1181 νοῦν,
588 1117 663 1181 ὼς
707 1119 842 1188 μηδὲ
878 1118 1241 1187 ἀμφιϐάλλειν
1270 1119 1472 1186 ἀξιοῦν,
1502 1120 1638 1174 ἀλλά
1684 1120 1974 1174 πεπεῖσθαι

393 1210 529 1272 τοὺς
554 1210 795 1279 ’Δφρους
833 1210 1106 1281 ὑπηκόους
1146 1210 1289 1280 ἔχειν
1338 1212 1478 1265 κατά
1529 1211 1629 1284 τὴν
1673 1214 1975 1285 πρόρρησιν

393 1297 509 1348 τῶν
562 1298 839 1366 μάντεων,
875 1298 1254 1369 ἐπιστρατεύει
1296 1301 1362 1370 τῇ
1406 1300 1683 1372 Ῥαϐέννῃ.
1722 1302 1872 1371 Ἅμα
1918 1302 1975 1355 δὲ

393 1389 647 1460 ἠγγέλθη
686 1392 771 1452 είς
811 1390 1085 1460 Ἀρίμινον
1130 1390 1355 1459 ἀφίχθαι
1395 1392 1533 1461 μετά
1554 1393 1651 1462 τῆς
1690 1393 1974 1463 Ῥωμαίων

398 1483 671 1551 στρατιᾶς
699 1482 792 1534 καὶ
818 1480 926 1533 τῶν
955 1480 1247 1551 βαρϐάρων
1266 1522 1281 1545 ,
1311 1483 1509 1553 γράφει
1536 1480 1684 1551 αὑτῷ
1718 1483 1974 1554 Ὀνώριος

393 1572 474 1635 ὡς
504 1572 735 1642 βασιλεῖ,
767 1575 859 1626 καὶ
884 1575 1242 1644 πρεσϐεύεται
1269 1576 1355 1628 διὰ
1382 1574 1490 1627 τῶν
1513 1575 1650 1644 ἀμφ’
1687 1575 1850 1627 αὑτὸν
1878 1575 1974 1637 τάς

396 1666 682 1734 μεγίστας,
710 1667 884 1735 ἀρχάς
917 1666 1227 1735 λαχόντων,
1275 1668 1529 1719 κοινωνὸν
1563 1666 1791 1734 ἀγαπῶν
1828 1668 1973 1738 ἔχειν

390 1758 497 1824 τῆς
540 1755 833 1824 βασιλείας.
872 1757 1128 1820 Ἀτταλος
1152 1758 1208 1810 δὲ
1254 1762 1353 1826 τὴν
1406 1757 1505 1827 μὲν
1547 1758 1830 1810 κοινωνίαν
1877 1757 1971 1811 τοῦ

394 1846 640 1914 κράτους
681 1847 1040 1916 ἀπαρνεῖται,
1088 1847 1236 1915 δηλοῖ
1281 1848 1339 1900 δὲ
1392 1847 1665 1918 Ὀνωρίῳ,
1713 1848 1875 1917 νῆσον
1935 1848 1969 1919 ἦ

2084 662 2179 730 qui
2211 670 2323 715 tuin
2364 677 2552 720 comes
2581 665 2661 719 rei
2690 664 2946 721 militaris
2988 682 3084 736 per
3107 667 3347 721 Africam
3382 676 3499 721 erat
3522 681 3654 720 con-

2084 754 2348 818 stitutus,
2390 764 2720 824 potestatem
2758 757 3071 821 abrogaret.
3104 759 3285 829 Atque
3321 759 3375 812 id
3415 758 3653 813 forsitan

2080 845 2446 899 successisset
2471 860 2485 897 :
2514 845 2760 899 nondum
2793 847 2940 901 enim
2973 847 3124 902 Afris
3154 849 3452 919 quidquam
3495 850 3654 903 iiino-

2082 942 2263 990 tuerat
2288 936 2355 990 de
2383 936 2617 1006 imperio
2646 936 2835 990 Attali.
2880 936 3053 991 Porro
3078 938 3167 991 ubi
3202 938 3476 993 Constans
3494 938 3653 1007 juxta

2082 1038 2267 1083 vatum
2302 1044 2572 1100 responsa
2608 1028 2998 1099 Carthaginem
3042 1030 3400 1100 navigasset,
3432 1029 3653 1084 Attalus

2080 1121 2174 1190 qui
2209 1135 2387 1191 usque
2420 1121 2557 1176 adeo
2591 1132 2774 1176 mente
2803 1130 3000 1193 captus
3028 1131 3185 1185 erat,
3214 1129 3275 1175 ut
3304 1138 3372 1177 ne
3396 1121 3653 1177 dubitare

2079 1211 2296 1281 quidem
2324 1211 2480 1267 vellet
2508 1250 2525 1276 ,
2559 1212 2659 1268 sed
2684 1228 2784 1280 pro
2826 1222 2982 1268 certo
3010 1213 3258 1277 haberet,
3289 1213 3469 1277 Ali-os,
3503 1216 3651 1269 sicut

2080 1303 2183 1373 ipsi
2212 1318 2241 1355 a
2280 1303 2494 1383 vatibus
2525 1302 2847 1372 pradictum
2882 1304 3092 1367 fuerat,
3125 1304 3356 1373 imperio
3382 1319 3484 1360 suo
3516 1305 3650 1361 sub-

2073 1394 2257 1463 jectos
2297 1409 2460 1462 esse,
2504 1392 2825 1449 Ravennam
2864 1411 3057 1451 versus
3097 1396 3398 1450 exercitum
3454 1398 3646 1450 movit.

2078 1480 2439 1551 Posteaquam
2485 1498 2616 1538 vero
2647 1485 2962 1539 nuntiatum
3003 1493 3125 1551 est,
3159 1485 3309 1539 illum
3358 1485 3468 1553 jam
3523 1486 3648 1539 Ari-

2079 1576 2288 1628 minum
2327 1575 2652 1644 pervenisse
2690 1590 2817 1629 cum
2854 1577 3031 1646 c0piis
3061 1574 3437 1631 Romanorum
3480 1578 3648 1633 simul

2078 1674 2132 1720 et
2165 1666 2563 1731 barbarorum,
2602 1666 2891 1722 confestim
2926 1668 3200 1724 Honorius
3246 1670 3312 1723 ad
3362 1684 3488 1723 eum
3521 1678 3645 1723 tan-

2078 1772 2239 1827 quam
2270 1757 2653 1828 imperatorem
2686 1760 2899 1815 litteras
2927 1759 3100 1825 dedit,
3127 1760 3423 1829 missisque
3451 1760 3647 1829 legatis

2079 1848 2147 1902 iis
2178 1848 2273 1917 qui
2304 1849 2359 1902 in
2393 1849 2569 1919 ipsius
2602 1850 2807 1916 palatio
2838 1849 3144 1918 praecipuas
3173 1848 3469 1919 dignitates
3496 1864 3647 1918 gere-

390 1912 568 1988 τύπον
606 1912 819 1990 ἑλέσθαι
847 1937 908 1989 ὃν
951 1912 1219 2006 βούλεται,
1258 1938 1353 1990 καὶ
1384 1937 1507 1991 καθ’
1528 1912 1718 1991 έαῦτὺν
1743 1912 1971 2007 ϐιάγειν,
2004 1912 2046 1967 Β
2078 1939 2169 1992 bar

1863 1956 1971 2003 ειν,
2004 1912 2046 1967 Β
2078 1939 2238 2003 bant,
2284 1939 2435 1992 illum
2470 1941 2687 2011 imperii
2722 1948 3042 1997 consortem
3085 1939 3316 1994 libenter
3350 1955 3409 1995 se
3442 1940 3642 1995 habere

391 2028 586 2097 πάσης
626 2028 911 2099 βασιλικῆς
964 2030 1257 2101 θεραπείας
1300 2030 1639 2101 ἀξιούμενον.
1674 2029 1768 2094 El;
1815 2030 1973 2082 τοῦτο

390 2118 451 2171 δὲ
479 2122 853 2189 περιστάντων
875 2122 983 2174 τῶν
1013 2121 1370 2190 πραγμάτων,
1394 2122 1469 2183 ὡς
1496 2122 1788 2190 εὐπρεπεῖς
1809 2122 1972 2174 αὑτὸν

390 2208 545 2280 ἔχειν
590 2213 754 2277 ναῦς,
806 2215 892 2276 ἵν’,
935 2214 1286 2283 είδεησειεν,
1324 2215 1641 2287 ἀποπλεύσῃ
1692 2216 1827 2286 πρὸς
1882 2217 1971 2268 τὸν

391 2303 736 2372 ἀδελφιδοῦν,
765 2305 1040 2375 άδοκήτω,
1080 2306 1139 2357 ἐν
1193 2304 1253 2371 ἒξ
1305 2306 1558 2377 ἀριθμοῖς
1596 2308 1737 2375 ἀμφὶ
1778 2324 1972 2377 τετρα-

390 2395 655 2466 κισχίλιοι
702 2397 1025 2467 στρατιῶται
1087 2396 1304 2468 νύκτωρ
1360 2400 1424 2468 τῇ
1484 2398 1742 2469 Ῥαϐέννῃ
1801 2415 1971 2468 προσ-

390 2488 671 2541 έπλευσαν
704 2491 768 2542 ὲκ
813 2490 911 2559 τῆς
946 2489 1236 2558 ’Δνατολῆς
1262 2506 1276 2520 ο
1322 2486 1403 2554 οἷς
1426 2490 1524 2560 τὴν
1576 2490 1819 2560 φυλακὴν
1864 2490 1970 2543 τῶν

388 2580 593 2649 τειχῶν
629 2580 916 2650 ἐπέτρεψε,
942 2579 1128 2643 δεδιὼς
1156 2581 1263 2633 τῶν
1287 2581 1595 2651 ἐπιχωρίων
1624 2582 1970 2651 στρατιωτῶν

389 2669 456 2721 τὸ
484 2669 701 2739 ἕτοιμον
736 2670 814 2732 εἰς
838 2670 1143 2740 προδοσίαν.
1180 2672 1267 2723 Ἐν
1297 2671 1469 2741 τούτῳ
1494 2672 1549 2725 δὲ
1581 2672 1969 2742 Ἠρακλειανὸς

391 2758 606 2812 ἀνελὼν
629 2759 720 2812 τὸν
746 2759 1073 2813 Κώνσταντα
1100 2802 1114 2826 ,
1164 2761 1409 2830 φύλακας
1438 2762 1736 2831 ἐπέστησεν
1772 2764 1830 2814 ὲν
1859 2766 1969 2825 τοῖς

390 2851 583 2920 λιμέσι
612 2853 707 2906 καὶ
742 2854 862 2915 ταῖς
897 2852 1091 2917 ἀκταῖς
1122 2853 1224 2923 τῆς
1263 2855 1556 2927 Ἀφρικῆς,
1588 2857 1682 2909 καὶ
1706 2855 1775 2907 τά
1813 2856 1969 2908 πλοῖα

388 2948 504 2999 τῶν
532 2948 786 3017 ἐμπόρων
812 2944 1081 3000 ἐκώλυσεν
1111 2949 1190 3009 είς
1226 2947 1440 3018 Ῥώμην
1460 2948 1770 3016 ἀνάγεσθαι.
1794 2948 1964 3016 Λιμοῦ

389 3038 452 3091 δὲ
507 3039 756 3092 ἐντεῦθεν
802 3040 1192 3104 καταλαϐόντος
1248 3043 1374 3105 τοὺς
1431 3041 1732 3111 Ῥωμαίους
1760 3082 1775 3105 ,
1836 3061 1969 3114 πρε-

391 3130 679 3185 σϐεύονται
734 3133 862 3202 περὶ
893 3133 1083 3186 τούτου
1137 3135 1273 3204 πρὸς
1314 3135 1593 3187 Ἀτταλον.
1644 3134 1701 3187 '0
1742 3134 1797 3187 δὲ
1832 3135 1969 3205 πρὸς

388 3224 457 3275 τὸ
489 3224 763 3294 πρακτέον
795 3226 1094 3296 ἀμηχανῶν
1115 3268 1131 3291 ,
1164 3226 1466 3296 ἐπανῆλθεν
1490 3227 1569 3288 είς
1620 3224 1857 3295 Ῥώμην,
1889 3225 1963 3288 ὼς
1990 3248 2033 3306 C

392 3318 536 3386 μετὰ
568 3320 665 3387 τῆς
696 3318 995 3389 συγκλήτου
1042 3319 1594 3389 συμϐουλευσόμενος.
1644 3320 1965 3389 Ἐπικρατή-

390 3426 585 3471 σαντος
633 3409 690 3461 δὲ
722 3410 818 3462 τοῦ
863 3410 1023 3480 λιμοῦ
1077 3410 1167 3463 ἐπὶ
1216 3410 1509 3474 τοσοῦτον,
1558 3410 1633 3473 ὡς
1679 3411 1967 3474 καστάνοις

388 3501 514 3553 ἀντὶ
553 3501 702 3582 σίτου
760 3502 1100 3572 κεχρῆσθαι,
1151 3503 1515 3572 ὑπονοηθῆναι
1561 3502 1617 3555 δέ
1664 3519 1816 3564 τινας
1873 3503 1983 3587 καὶ.

388 3592 749 3662 ἀνθρωπίνων
794 3594 1203 3661 ἀπογεύσασθαι
1259 3594 1437 3663 κρεῶν
1469 3611 1501 3656 '_
1546 3594 1825 3663 Ἀλάριχος
1871 3595 1968 3663 μὲν

390 3682 744 3735 συνεϐούλευε
807 3686 1193 3748 πεντακοσίους
1253 3683 1560 3754 βαρϐάρους
1612 3685 1749 3737 κατὰ
1802 3666 1967 3756 Ἥρα-

390 3773 642 3827 κλειανοῦ
693 3776 929 3845 πέμπειν
955 3793 967 3806 ·
1018 3779 1082 3847 τῇ
1132 3777 1189 3829 δὲ
1245 3777 1533 3847 συγκλήτῳ
1577 3777 1671 3830 καὶ
1730 3778 1967 3847 Ἀττάλῳ

388 3868 582 3935 ἐδόκει,
610 3870 682 3939 μὴ
707 3870 813 3922 δεῖν
842 3870 1194 3939 πιστευθῆναι
1238 3870 1531 3941 βαρϐάροις
1558 3869 1654 3940 τὴν
1684 3871 1963 3941 Ἀφρικὴν.

403 3962 560 4012 Ἐπεὶ
583 3961 640 4013 δὲ
664 3960 822 4031 δῆλον
846 3957 914 4031 ἦν
942 3962 1031 4013 τὸν
1052 3962 1183 4013 Θεὸν
1207 3961 1589 4032 ἀντιπράττειν
1614 3964 1679 4031 τῇ
1710 3962 1963 4015 Ἀττάλου

391 4050 667 4121 βασιλείᾳ,
698 4050 924 4103 συνιδὼν
956 4050 1234 4121 Ἀλάριχος
1267 4051 1440 4121 μάτην
1474 4054 1653 4103 πονεῖν
1684 4052 1773 4103 ἐπὶ
1791 4052 1967 4121 πράγ-

392 4160 524 4213 ματι
555 4142 653 4196 ὀὺκ
689 4147 746 4196 ἐν
792 4143 939 4213 αὐτῷ
968 4146 1235 4213 κειμένῳ,
1297 4144 1598 4197 συντίθεται
1630 4145 1759 4214 περὶ
1795 4161 1962 4196 κατα-

389 4234 595 4297 λύσεως
621 4236 719 4305 τῆς
748 4234 910 4287 αὑτοῦ
936 4236 1109 4305 ἀρχῆς
1154 4236 1289 4305 πρὸς
1322 4234 1575 4304 Ὀνώριον
1595 4275 1609 4299 ,
1638 4236 1960 4304 ὑποσχέσεις

389 4325 586 4378 λαϐών.
627 4327 852 4379 Πάντων
901 4326 1076 4379 τοίνυν
1130 4326 1488 4379 συνελθόντων
1554 4325 1662 4396 πρὸ
1709 4326 1809 4395 τῆς
1862 4328 1962 4380 πό-

388 4416 526 4480 λεως
554 4416 664 4486 (28)
683 4458 698 4481 ,
724 4416 1041 4471 ἀποτίθεται
1073 4416 1330 4482 Ἄτταλος
1366 4417 1434 4470 τά
1466 4416 1706 4487 σύμϐολα
1737 4418 1837 4487 τῆς
1865 4417 1963 4487 βα-

391 4507 596 4570 σιολείας
619 4524 633 4538 ⁸
689 4508 1130 4561 συναποτίθενται
1174 4509 1230 4561 δὲ
1259 4507 1355 4572 τὰς
1389 4507 1564 4573 ζώνας
1595 4509 1689 4561 καὶ
1713 4509 1763 4561 οί
1796 4510 1959 4563 αὑτοῦ

2073 2030 2420 2100 signiﬁcavit.
2473 2029 2669 2085 Verum
2736 2030 2960 2084 Attalus
3025 2031 3369 2083 consortium
3420 2028 3641 2099 quidem

2073 2122 2287 2193 imperii
2344 2124 2625 2177 recusavit
2675 2140 2689 2176 :
2738 2120 2985 2176 Honorio
3035 2130 3219 2176 autem
3269 2120 3534 2190 scripsit,
3584 2127 3644 2173 ut

2072 2216 2308 2269 insulam
2349 2222 2447 2268 aut
2485 2215 2653 2269 alium
2692 2229 2851 2286 quem
2892 2214 3056 2268 vellet
3090 2213 3266 2266 locum
3308 2212 3413 2266 sibi
3440 2210 3642 2280 delige-

2070 2312 2187 2367 ret,
2232 2304 2286 2356 iu
2341 2318 2451 2373 quo
2496 2304 2746 2372 privatus
2776 2303 3031 2372 degeret,
3084 2302 3233 2356 omni
3284 2302 3641 2369 imperatorio

2068 2396 2220 2449 cultu
2268 2396 2629 2451 nihilominus
2673 2402 2907 2450 retento.
2956 2393 3096 2449 Dum
3142 2396 3199 2449 in
3251 2409 3317 2448 eo
3358 2401 3507 2478 statu
3549 2408 3641 2448 res

2069 2497 2254 2541 essent
2288 2486 2539 2554 Honorii,
2591 2495 2648 2541 ut
2679 2496 2901 2556 paratas
2932 2487 3160 2542 haberet
3200 2501 3365 2542 naves
3387 2525 3403 2551 ,
3437 2486 3641 2555 quibus

2070 2578 2138 2632 ad
2175 2578 2360 2633 fratris
2396 2578 2565 2631 ﬁlium
2601 2581 2884 2649 navigaret
2920 2580 2965 2635 si
3004 2580 3309 2635 necessitas
3342 2578 3637 2648 coegisset,

2070 2684 2231 2727 nocui
2295 2687 2391 2727 sex
2439 2672 2692 2738 numeri,
2734 2680 2975 2741 quatuor
3035 2672 3259 2726 circiter
3302 2677 3645 2724 armatorum

2070 2765 2239 2818 millia
2271 2762 2640 2829 continentes,
2671 2779 2736 2817 ex
2771 2762 3013 2819 Orientis
3040 2764 3291 2833 partibus
3323 2762 3640 2816 Ravennam

2069 2854 2354 2923 insperato
2402 2855 2687 2924 appiilere.
2738 2852 2950 2919 Quibus
2994 2854 3082 2907 ille
3120 2868 3403 2907 murorum
3454 2859 3641 2907 custo-

2070 2944 2212 2999 diam
2248 2946 2559 3007 commisit,
2597 2943 2856 2998 Italorum
2891 2945 3128 2998 militum
3154 2944 3369 2997 animos
3407 2942 3475 2996 ad
3509 2957 3641 3012 pro-

2068 3036 2331 3089 ditionem
2358 3051 2665 3107 propensos
2691 3036 3079 3091 reformidans.
3104 3034 3318 3090 Interea
3354 3033 3637 3088 Heraclia-

2071 3141 2195 3192 nus,
2232 3126 2416 3182 occiso
2441 3127 2777 3193 Constante,
2833 3127 2887 3179 in
2931 3126 3199 3199 portubus
3241 3139 3308 3179 ac
3356 3124 3640 3179 littoribus

2068 3218 2269 3273 Africa:
2318 3220 2575 3273 custodes
2620 3220 2906 3288 apposuit,
2960 3226 3015 3272 et
3069 3225 3434 3273 mercatorum
3467 3230 3639 3270 naves

2071 3314 2294 3367 Romam
2325 3312 2581 3382 navigare
2610 3313 2799 3366 vetuit.
2840 3311 2956 3377 Qua
2993 3312 3061 3367 de
3098 3325 3268 3365 causa
3304 3326 3429 3365 cum
3469 3309 3639 3363 fames

2066 3407 2255 3460 urbem
2286 3420 2537 3474 premere
2561 3404 2847 3474 cmpisset,
2884 3403 3117 3457 Romani
3156 3403 3365 3472 legatos
3393 3401 3462 3456 ad
3492 3402 3641 3455 Atta-

2066 3500 2178 3552 lum
2231 3499 2452 3551 misere.
2502 3495 2598 3550 Ille
2632 3496 2765 3565 quid
2798 3496 3069 3565 agendum
3117 3501 3265 3549 esset
3305 3493 3588 3563 ambigens
3619 3531 3636 3555 ,

2064 3591 2292 3648 Romam
2319 3592 2513 3652 rediit,
2548 3602 2802 3659 tanquam
2832 3606 2892 3645 ea
2921 3590 2991 3643 de
3023 3605 3082 3644 re
3112 3605 3237 3644 eum
3272 3596 3470 3644 senatu
3499 3602 3639 3643 cou-

2065 3688 2333 3741 sulturus.
2367 3683 2542 3737 Porro
2565 3698 2689 3737 cuin
2721 3683 2893 3737 fames
2926 3693 3212 3753 tantopere
3246 3682 3547 3747 crevisset,
3578 3692 3640 3735 ut

2065 3780 2213 3834 cives
2254 3779 2423 3831 tritici
2465 3778 2588 3830 loco
2612 3776 2891 3831 eaStaneis
2924 3783 3249 3836 uterentur,
3278 3780 3334 3827 et
3366 3772 3635 3843 quosdam

2066 3872 2333 3926 humanas
2364 3885 2560 3923 carnes
2590 3868 2901 3923 comedisse
2934 3866 3185 3937 suspicio
3212 3875 3360 3920 esset
3398 3885 3411 3919 :
3457 3865 3639 3918 Alari-

2064 3980 2162 4019 eus
2185 3963 2405 4032 quidem
2430 3962 2693 4016 suadebat
2718 3969 2777 4014 ut
2799 3960 3083 4030 quingenti
3112 3958 3333 4013 barbari
3368 3957 3636 4010 adversus

2064 4055 2449 4110 Heraclianum
2495 4055 2890 4108 mitterentur:
2934 4050 3150 4105 senatui
3192 4064 3320 4104 vero
3362 4058 3417 4103 et
3453 4048 3636 4103 Attalo

2062 4147 2241 4202 visum
2278 4156 2364 4200 est
2388 4187 2401 4211 ,
2444 4144 2685 4199 Africam
2729 4140 2983 4196 barbaris
3015 4140 3287 4194 committi
3323 4155 3429 4193 non
3473 4154 3637 4208 opor-

2064 4245 2200 4292 tere.
2234 4236 2369 4290 Cuin
2408 4237 2575 4306 igitur
2624 4233 2972 4287 manifestum
3015 4240 3161 4287 esset
3200 4230 3369 4286 Deum
3402 4231 3634 4301 imperio

2062 4329 2229 4383 Attali
2267 4329 2570 4391 adversari,
2611 4326 3059 4380 animadvertens
3092 4323 3347 4377 Alaricus
3374 4322 3635 4385 ,,l‘rustra

2064 4440 2124 4478 se
2154 4423 2401 4476 laborare
2433 4422 2487 4474 in
2528 4419 2747 4489 negotio
2776 4417 2924 4488 quod
2955 4418 3009 4470 in
3035 4432 3133 4471 sua
3163 4425 3430 4486 potestate
3465 4416 3633 4471 situm

2064 4531 2174 4570 non
2199 4525 2369 4577 esset,
2397 4513 2465 4568 de
2490 4510 2763 4566 abolendo
2787 4510 2905 4579 ejus
2926 4510 3163 4579 imperio
3193 4508 3493 4577 paciscitur
3510 4523 3633 4565 cum

387 4597 677 4666 ἄρχοντες,
740 4596 834 4648 καὶ
880 4595 1208 4667 συγγνώμην
1263 4598 1353 4649 ἐπὶ
1414 4600 1527 4661 τοῖς
1589 4598 1958 4669 συμϐεϐηκόσι
1991 4588 2034 4643 ί)
2064 4607 2166 4661 Hor

1852 4601 1958 4654 ιόσι
1991 4588 2034 4643 θ
2064 4605 2335 4668 Honorio,
2391 4603 2495 4658 ﬁde
2543 4603 2612 4655 ab
2648 4602 2741 4656 illo
2773 4601 2931 4671 prius
2962 4607 3208 4669 accepta.
3238 4598 3479 4653 Proinde
3508 4614 3631 4652 cum

388 4688 541 4756 νέμει
572 4689 736 4740 πᾶσιν
780 4687 1034 4758 ὐνώριος
1056 4727 1073 4753 ,
1108 4688 1337 4741 ἕκαστον
1365 4687 1508 4758 ἔχειν
1536 4690 1633 4758 τὴν
1660 4691 1823 4759 τιμὴν
1843 4691 1955 4762 (29)
2060 4699 2167 4752 υηίε

1852 4691 1955 4762 [29)
2060 4696 2304 4752 universi
2336 4706 2485 4749 extra
2524 4695 2715 4747 urbem
2751 4692 3174 4755 convenissent,
3230 4692 3445 4745 Attalus
3494 4690 3631 4744 insi-

388 4779 481 4829 καὶ
508 4778 607 4848 τὴν
636 4779 791 4841 ἀξίαν
814 4775 881 4850 ἦς
914 4780 1114 4849 προτοῦ
1157 4781 1575 4850 μετελάγχανεν.
1613 4784 1873 4847 ’Δτταλος
1901 4786 1958 4839 δὲ
2062 4791 2167 4859 gni:

1854 4786 1958 4847 ςδὲ
2062 4791 2186 4859 gnia
2219 4785 2430 4856 imperii
2479 4784 2778 4853 deposuit:
2824 4783 2989 4837 simul
3036 4781 3200 4837 etiam
3246 4782 3477 4836 comites
3512 4782 3633 4850 ejus

387 4871 502 4938 ἅμα
532 4870 609 4938 τῷ
650 4871 803 4923 παιδὶ
850 4870 1118 4943 Ἀλαρίχῳ
1151 4876 1333 4943 συνῆν,
1386 4874 1484 4927 οὑκ
1527 4874 1592 4926 ἂν
1645 4874 1743 4927 οὐκ
1778 4876 1957 4944 ἀσφα-
2061 4881 2166 4949 ein;

1853 4894 1957 4944 φα-
2061 4880 2276 4949 cingula
2314 4877 2711 4947 deposuerunt.
2783 4874 2848 4928 Et
2891 4874 3167 4929 Honorius
3230 4874 3631 4942 praeteritorum

388 4960 479 5025 λὲς
499 4961 607 5032 (50)
638 4961 772 5024 τέως
802 4962 1101 5033 ἡγούμενος
1123 4965 1179 5016 ὲν
1229 4965 1518 5033 Ῥωμαίοις
1546 4964 1770 5031 διάγειν.
2069 4989 2167 5029 ven

2069 4973 2285 5029 veniam
2336 4968 2598 5023 omnibus
2648 4968 2954 5029 concessit,
2994 4967 3070 5020 ita
3123 4977 3181 5019 iit
3234 4980 3359 5020 eum
3406 4966 3632 5020 bonoris

385 5057 612 5129 gradum
638 5074 867 5127 eamque
884 5057 1205 5128 dignitatem
1234 5059 1394 5129 375
1417 5061 1952 5133 singuliretinereut,
1995 5085 2158 5142 quam
2204 5067 2358 5139 prius
2401 5064 2693 5120 habebant.
2732 5063 2951 5117 Attalus
2979 5077 3110 5116 vero
3151 5076 3259 5117 una
3332 5077 3456 5115 cum
3521 5063 3632 5116 lilio

1549 5175 1816 5231 VALESH
1872 5179 2425 5241 ANNOTATIONES.

388 5316 666 5396 utsciibit
688 5316 939 5396 ZOSll‘llllS
964 5317 1026 5396 in
1068 5318 1159 5370 lib.
1190 5333 1261 5370 iv.
1292 5317 1563 5396 Syiiesiiis
1593 5321 1644 5374 in
1677 5323 1835 5396 epist.
1862 5324 1955 5396 73,
2061 5332 2340 5396 corrupte_
2380 5324 2571 5394 procul
2613 5323 2803 5396 dubio.
2844 5322 3061 5392 Langus
3101 5318 3345 5396 qui_ileir_i__
3371 5321 3531 5373 vertit
3561 5322 3631 5374 ad

387 5384 455 5466 qd
519 5384 793 5466 Iroilam,
850 5388 1202 5466 agminia-car
1246 5384 1430 5466 vocat
1464 5390 1653 5445 Edicta
1699 5384 1957 5466 imperial
2061 5384 2253 5451 urbem
2313 5384 2647 5450 Ravennam.
2684 5393 2936 5466 Zosimiis
2962 5384 3145 5466 tamen
3190 5390 3244 5442 iii
3294 5389 3433 5443 libro
3475 5403 3635 5445 sexto

390 5456 482 5535 _li'a.
524 5454 622 5535 ilbi
675 5460 829 5535 inter
894 5454 1137 5535 leges‘et
1190 5458 1497 5535 iinperiziles
1539 5454 1957 5535 conslitutiones
2062 5467 2368 5521 Ariminum
2395 5466 2545 5530 dicit,
2574 5466 2660 5518 eui
2692 5465 2872 5535 potius
2897 5463 3081 5535 credo.

387 5524 491 5605 hoc
521 5526 815 5580 discrimen
856 5524 1279 5605 observat__quod
1307 5530 1513 5605 legibus
1534 5532 1750 5605 quidem
1769 5545 1957 5587 aucto—
2133 5539 2166 5605 (ἱ

1847 5545 1957 5587 cto-
2133 5537 2245 5605 (29)
2308 5524 2613 5588 Ἕκασέον
2646 5524 2810 5603 ἔχειν
2858 5532 2975 5605 τὴν
3026 5533 3223 5605 τιμήῂ.
3277 5531 3465 5587 Scribe
3497 5529 3626 5605 ὥσθ’

389 5597 522 5649 ritas
554 5613 617 5649 ex
644 5606 912 5674 vetustate
944 5598 1225 5674 conciliari
1255 5600 1392 5674 solet
1420 5618 1433 5663 ;
1464 5597 1957 5658 constitutionibus
2062 5597 2289 5660 ἕκαστον
2318 5606 2483 5674 ἔχειν,
2518 5612 2650 5667 elc.,
2682 5597 2745 5659 ut
2770 5597 2961 5674 legitur
2989 5597 3132 5673 apud
3153 5597 3536 5673 Nicephorum
3572 5601 3628 5655 iu

386 5680 516 5745 vero
537 5682 599 5718 ex
621 5670 897 5745 _novitate,
939 5669 1141 5745 quippe
1164 5684 1283 5736 qua:
1332 5670 1717 5741 imperatorem
1769 5674 1944 5741 ipsum
2056 5692 2177 5745 cap.
2207 5675 2276 5729 55
2303 5669 2398 5727 liii.
2431 5690 2547 5727 xiii.

386 5736 452 5787 ad
462 5735 564 5817 linunc
587 5737 860 5817 viventem
881 5735 1193 5817 praaferaiit.
1232 5806 1259 5817 η
1400 5735 1425 5817 η’
1641 5811 1653 5817 _
1792 5735 1802 5741 ”

2129 5735 2241 5814 (50)
2284 5747 2412 5817 Οὐκ,
2454 5745 2531 5797 ἂν
2564 5746 2676 5797 οὐκ
2726 5742 3020 5817 ἀσφαᾷές.
3061 5743 3309 5799 ῡριυιιιιιιὶ
3355 5749 3480 5796 sunt
3507 5739 3628 5797 άιιιθ

390 5874 400 5884 ¹
458 5804 1015 5885 (ἳὸιζυγεγζθόιλτων
1040 5807 1153 5885 πρὸ
1180 5806 1951 5885 3-179AndlsiochNicepborus
2060 5804 2169 5872 voci

1245 5807 1298 5885 ξς
1317 5810 1951 5885 ΔπόλεωςυΝἰοιψιιοΓιιε
2060 5804 2351 5872 νοὸεεόὑκ
2384 5816 2469 5874 ἄν.
2506 5823 2691 5885 utpote
2716 5804 3024 5883 Siiperlluze.

388 5877 441 5929 in
471 5890 588 5946 cap.
625 5877 693 5931 35
733 5879 818 5933 lib.
856 5894 973 5945 xiii,
1007 5879 1114 5949 πρὸ
1146 5879 1242 5949 τῆς
1277 5880 1497 5952 ’Ἄφρων
1523 5882 1726 5946 πόλεως
1748 5877 1947 5949 Ἱιειὺθι,
