4504 6576
818 431 955 487 1615

2262 434 2599 494 SOZOMENI

3949 439 4086 494 1616

814 559 918 597 suo
958 542 1102 613 apud
1145 543 1428 601 Alaricum
1472 549 1777 617 remansit,
1818 547 2252 622 haudquaquam
2321 554 2424 609 sibi
2500 564 2677 611 totum
2729 558 2993 631 deinceps
3046 560 3165 616 fore
3214 568 3406 624 ratus,
3468 559 3615 613 inter
3660 552 3939 609 Romanos
3994 557 4087 609 (lc-

814 650 961 703 gere.

1455 733 1608 789 CAP.
1651 735 1743 793 IX.

822 817 893 873 De
906 834 1017 902 ,τρε
1027 836 1186 902 guunt
1214 838 1656 902 prwsmnpserqnl
1680 831 1873 902 pagani
1889 842 1939 885 'et
1964 833 2152 887 Ariani
2179 844 2390 902 propter

884 890 1151 973 attalum,
1168 894 1289 973 item
1322 895 1385 948 de
1408 890 1554 973 Sara
1570 890 1859 973 fortissimo
1881 903 2032 969 duce,
2057 913 2106 957 et
2134 890 2392 973 quomodo

889 960 1147 1038 {Maricas
1169 961 1389 1038 Raptum
1418 982 1511 1038 per
1529 960 1767 1034 fraudem
1797 960 2085 1038 ceperitiet
2112 960 2393 1030 b'ast'licam

888 1032 1075 1083 Sancti
1102 1025 1253 1086 Petri
1282 1025 1591 1090 inviolatam
1626 1025 1923 1096 servaverit.

886 1182 1214 1254 Hujusmodi
1276 1189 1482 1247 exitum
1538 1193 1776 1250 istarum
1827 1210 2008 1252 rerum
2068 1200 2395 1268 permoleste

815 1276 1063 1333 tulerunt
1102 1289 1217 1336 tum
1264 1285 1483 1355 pagani,
1513 1292 1628 1341 tum
1677 1303 1743 1344 ex
1782 1288 2131 1348 Christianis
2187 1294 2253 1358 ii,
2300 1294 2392 1365 qui

813 1370 1073 1425 Arianam
1103 1380 1306 1428 sectam
1337 1378 1731 1446 sequebantur.
1761 1379 1895 1435 Nam
1926 1383 2120 1454 pagani
2150 1384 2392 1455 quidem,

814 1463 1186 1530 conjecturam
1232 1468 1511 1537 capientes
1566 1486 1633 1527 ex
1688 1472 1852 1528 Attali
1898 1475 2150 1531 instituto
2219 1484 2275 1532 et
2328 1493 2393 1532 ex

815 1556 999 1625 priore
1025 1556 1147 1624 ejus
1179 1558 1527 1625 educatione,
1557 1563 1709 1617 illum
1747 1568 2191 1635 superstitionem
2221 1569 2397 1639 genti-

814 1647 948 1701 lium
976 1649 1152 1718 palam
1188 1652 1563 1720 amplexurnm
1599 1670 1721 1711 esse
1760 1657 2075 1726 sperabant,
2103 1667 2157 1714 et
2194 1659 2394 1730 templa

815 1752 881 1792 ac
922 1739 1192 1793 sacrificia
1237 1742 1447 1809 patria,
1485 1744 1714 1815 diesque
1751 1745 1926 1803 festos
1976 1749 2112 1819 ipsis
2154 1749 2397 1803 redditu-

815 1843 960 1883 rum.
1013 1830 1204 1884 Ariani
1252 1848 1383 1887 vero
1425 1836 1780 1891 ecclesiarum
1830 1846 2150 1907 potestatem
2196 1840 2395 1894 iterum

816 1935 878 1976 se
921 1920 1217 1992 adepturus
1260 1925 1545 1994 putabant,
1580 1928 2041 1998 quemadmodum
2087 1931 2396 1988 Constantii

816 2029 881 2066 ac
909 2011 1149 2070 Valentis
1181 2016 1516 2086 temporibus
1547 2018 1846 2087 acciderat,
1881 2022 1927 2077 si
1960 2020 2176 2078 Attalus
2221 2024 2397 2096 impe-

817 2104 958 2159 rium
994 2106 1228 2162 ﬁrmiter
1263 2109 1608 2167 obtinuisset.
1649 2112 1862 2169 Etenim
1906 2129 1935 2168 a
1973 2114 2251 2187 Sigesario
2287 2116 2399 2172 Go-
2427 2104 2470 2159 Β

816 2198 1038 2254 thorum
1082 2201 1342 2273 episcopo
1395 2203 1572 2260 fuerat
1618 2205 1949 2275 baptizatus,
1985 2214 2151 2278 atque
2191 2209 2399 2266 idcirco

815 2301 871 2344 ct
908 2293 1168 2348 clunibus
1209 2294 1365 2365 ipsis.
1397 2305 1452 2350 et
1495 2296 1717 2352 Alarico
1764 2300 2112 2369 gratissimus
2158 2300 2398 2356 habeba-

818 2392 923 2437 tur.
959 2382 1079 2454 Non
1119 2386 1293 2441 multo
1358 2398 1480 2459 post
1531 2388 1801 2457 Alaricus,
1832 2408 1956 2447 cum
2014 2394 2184 2464 Alpes
2230 2410 2397 2450 occu-

816 2486 998 2546 passet
1033 2479 1207 2548 (locus
1245 2490 1329 2536 est
1364 2482 1649 2554 sexaginta
1695 2484 1917 2539 circiter
1943 2487 2137 2543 stadiis
2181 2487 2399 2543 distans

815 2567 1121 2640 Ravenna),
1167 2586 1294 2626 cum
1357 2572 1685 2642 imperatore
1744 2589 2026 2631 sermones
2078 2576 2268 2631 habuit
2331 2577 2399 2633 de

814 2677 965 2731 pace.
1006 2662 1176 2721 Sarus
1201 2679 1331 2720 vero
1360 2666 1579 2736 quidam
1612 2667 1835 2723 natione
1866 2668 2161 2732 barbarus,
2189 2670 2263 2724 rei
2292 2669 2397 2723 mi-

815 2753 992 2810 litaris
1034 2757 1419 2825 peritissimus,
1450 2760 1545 2829 qui
1591 2769 1866 2815 trecentos
1916 2761 2037 2831 plus
2083 2761 2263 2818 minus
2296 2763 2400 2816 mi-

817 2846 939 2903 lites
961 2848 1120 2904 ‘oirca
1150 2866 1209 2906 se
1238 2851 1495 2919 habebat,
1523 2852 1620 2908 scd
1656 2852 1795 2908 lldos
1824 2852 1879 2907 in
1910 2853 2106 2924 primis
2138 2869 2202 2911 ac
2241 2854 2396 2909 belli-

806 2952 1001 3005 cosos,
1035 2956 1160 2995 cum
1188 2941 1259 2997 ob
1292 2943 1529 3013 priorem
1556 2943 1891 2999 simultatem
1927 2954 2219 3016 suspectus
2250 2954 2399 3003 esset

817 3030 1055 3093 Alarico,
1088 3030 1266 3088 foedus
1298 3034 1439 3089 inter
1468 3033 1754 3093 Romanos
1780 3046 1836 3092 et
1867 3035 2076 3093 Gothos
2108 3038 2396 3109 haudqua-

818 3136 982 3189 quam
1013 3138 1044 3178 e
1079 3138 1136 3178 re
1164 3139 1261 3180 sua
1289 3125 1413 3181 fore
1434 3127 1838 3184 consideravit.
1882 3128 2071 3200 Itaque
2109 3147 2236 3186 cum
2281 3132 2398 3188 suis

812 3223 1043 3284 repente
1090 3217 1328 3283 irruens,
1377 3219 1643 3288 quosdam
1686 3236 1753 3276 ex
1789 3221 2041 3279 barbaris
2098 3222 2394 3279 interfecit.

810 3306 995 3371 Quam
1027 3306 1099 3361 ob
1114 3322 1340 3364 causam
1364 3310 1444 3364 ira
1479 3312 1643 3367 simul
1676 3328 1739 3369 ac
1761 3322 1911 3369 metu
1945 3316 2187 3385 percitus
2220 3316 2398 3371 Alari-

819 3413 941 3461 cus,
972 3398 1163 3454 eadem
1196 3416 1301 3470 qua
1351 3411 1577 3458 venerat
1604 3404 1690 3458 via
1726 3405 2041 3461 revertitur.
2067 3406 2133 3460 Et
2162 3407 2392 3463 Romam

821 3490 1016 3544 iterum
1056 3491 1341 3548 obsessam
1383 3494 1700 3568 proditione
1740 3497 1885 3568 cepit
1918 3517 1931 3553 :
1965 3499 2191 3569 suisque
2224 3502 2399 3570 copiis

818 3580 1090 3649 permisit,
1116 3589 1175 3635 ut
1205 3582 1409 3651 singuli
1445 3593 1715 3654 quantum
1754 3596 2003 3656 possent,
2034 3587 2398 3644 Romanorum

820 3686 955 3741 opes
1003 3673 1326 3743 diriperent,
1356 3681 1411 3729 et
1452 3675 1737 3732 universas
1780 3676 1977 3733 domos
2022 3679 2399 3749 depradaren-

822 3773 936 3819 tur.
968 3763 1052 3819 0b
1088 3766 1450 3820 reverentiam
1506 3775 1688 3823 tamen
1742 3784 1869 3840 erga
1919 3769 2139 3825 Petrum
2183 3783 2402 3843 aposto-

826 3860 959 3920 lum,
989 3858 1269 3913 basilicam
1319 3874 1443 3930 quae
1489 3860 1640 3915 circa
1686 3861 1834 3917 illius
1886 3864 2155 3918 tumulum
2206 3881 2402 3936 magna

819 3962 911 4007 est
938 3961 994 4007 et
1026 3953 1452 4023 spatiosissima,
1488 3952 1804 4010 inviolatam
1833 3972 1958 4013 esse
2003 3958 2192 4028 jussit.
2224 3960 2401 4031 Atque

827 4046 939 4100 hac
977 4061 1065 4101 res
1107 4045 1499 4115 impedimento
1541 4045 1738 4101 fuitne
1772 4048 1907 4103 urbs
1944 4047 2119 4103 Roma
2155 4048 2404 4107 funditus

825 4137 1097 4192 interiret.
1148 4137 1281 4191 Nam
1343 4137 1433 4208 qui
1485 4137 1596 4193 illic
1664 4139 1866 4193 servati
1921 4149 2113 4206 erant,
2167 4158 2400 4213 quorum

826 4233 1017 4301 ingens
1043 4230 1145 4285 fuit
1171 4231 1488 4294 multitudo,
1511 4232 1705 4287 urbem
1734 4231 1916 4289 denuo
1938 4233 2338 4291 instaurarunt.

1385 4324 1551 4396 376
1586 4323 1739 4379 CAP.
1780 4324 1849 4379 x.

827 4413 903 4469 De
925 4413 1146 4469 muliere
1171 4411 1439 4480 Romana,
1462 4433 1579 4487 qua:
1622 4420 1890 4541 gestimus
1928 4420 2194 4491 egregium
2236 4422 2402 4491 speci-

1450 4504 1565 4541 men
1594 4505 1620 4541 e
1661 4506 1675 4540 ι
1718 4498 1782 4541 ιι.

1450 4504 1565 4541 men
1594 4498 1782 4543 edidit.

897 4575 1075 4633 Porro
1099 4594 1247 4646 cum,
1271 4584 1332 4633 ut
1384 4579 1682 4637 verisimile
1718 4588 1802 4637 est
1830 4582 1883 4636 in
1914 4589 2081 4637 tanta:
2115 4583 2268 4638 urbis
2314 4599 2403 4638 es-

830 4670 1181 4741 pugnatione,
1207 4673 1377 4727 multa
1428 4672 1756 4738 acciderint,
1780 4688 1884 4744 ego
1928 4675 1981 4729 id
2027 4674 2177 4744 quod
2212 4673 2401 4731 Eccle-

2420 748 2468 805 Α

3112 737 3367 793 ΚΕΦᾹΔ.
3404 737 3481 794 Θ’.

2500 833 2640 901 Περὶ
2677 832 2789 900 τῆς
2814 829 3100 900 ταραχῆς,
3128 829 3208 897 ἢν
3237 832 3429 901 ἔσχον
3469 831 3525 884 οί
3563 831 3859 897 Ἕλληνες
3896 831 3993 883 καὶ
4034 836 4089 885 ol

2571 900 2911 971 Χριστιανοὶ
2962 901 3095 968 περὶ
3138 900 3416 954 Ἀττάλου
3450 918 3464 931 ο
3518 901 3625 971 eral
3699 902 3832 971 περὶ
3888 901 4088 971 Σάεου

2570 968 2732 1039 τινὸς
2761 973 3070 1039 ἀνδρείου·
3127 972 3222 1023 xui
3277 973 3356 1037 ὡς
3399 969 3700 1039 Ἀλάριχος
3754 969 3914 1038 δόλῳ
3963 968 4088 1023 εἷλε

2571 1045 2686 1109 τὴν
2719 1043 2959 1111 Ῥώμην,
3000 1040 3237 1095 ἄσυλον
3273 1040 3552 1110 φυλάξας
3584 1043 3651 1094 τὸ
3687 1041 3795 1094 τοῦ
3826 1041 4088 1096 ἀποστό-

2572 1118 2688 1169 λου
2719 1113 2946 1182 Πέτρου
2984 1112 3163 1179 ἱερόν.

2583 1208 2707 1262 Ἐπὶ
2750 1206 2959 1270 τούτοις
3012 1206 3070 1260 δὲ
3116 1204 3218 1260 ὧδε
3269 1202 3688 1274 ἀποϐεϐηκόσιν,
3736 1202 3800 1255 οὐ
3850 1201 4088 1272 μετρίως

2501 1302 2830 1374 ἐδυσφόρουν
2861 1300 3123 1372 Ἕλληνές
3161 1316 3221 1353 τε
3261 1297 3355 1352 καὶ
3397 1295 3714 1368 Χριστιανοὶ
3753 1295 3803 1347 ol
3840 1293 3949 1347 ἀπὸ
3988 1293 4086 1362 τῆς

2514 1393 2724 1464 Ἀρείου
2758 1393 3039 1465 αἱρέσεως.
3088 1391 3151 1445 Οἱ
3206 1390 3303 1461 μὲν
3351 1387 3480 1459 γάρ,
3526 1385 3936 1458 τεκμηράμενοι
3989 1385 4088 1453 τῆς

2515 1485 2769 1539 Ἀττάλου
2813 1483 3187 1555 προαιρέσεως
3228 1481 3320 1534 καὶ
3368 1479 3467 1548 τῆς
3513 1476 3785 1548 προτέρας
3838 1474 4086 1543 ἀγωγῆς.

2492 1579 2582 1642 ⁵εἰς
2608 1576 2670 1629 τὸ
2704 1574 2978 1647 προφανὲς
3007 1572 3341 1644 Ἐλληνίσειν
3366 1569 3529 1623 αὐτὸν
3560 1566 3809 1637 ἡγοῦντο,
3836 1563 3932 1617 καὶ
3962 1565 4090 1625 τοὺς

2505 1669 2765 1740 πατρίους
2790 1667 3095 1722 ἀποδιδόναι
3140 1665 3321 1729 ναοὺς,
3371 1664 3465 1715 καὶ
3510 1660 3702 1730 ἐορτάς
3738 1658 3832 1710 καὶ
3862 1656 4087 1716 θυσίας⁹

2502 1761 2553 1814 οί
2615 1760 2672 1813 δὲ
2728 1758 2838 1812 τῶν
2913 1756 3219 1828 ἐκκλησιῶν
3275 1755 3351 1819 ὡς
3404 1755 3497 1806 ἐπὶ
3553 1748 3937 1804 Κωνσταντίου
3992 1746 4091 1798 καὶ

2504 1851 2801 1914 Οὐάλεντος
2826 1849 2986 1903 πάλιν
3017 1848 3313 1919 κρατήσειν
3337 1844 3525 1916 ᾤοντο,
3573 1844 3622 1895 εἰ
3668 1839 3899 1911 βεϐαίως
3934 1836 4089 1907 σχοίη

2503 1943 2600 2014 τὴν
2630 1942 2922 2013 βασιλείαν.
2972 1940 3175 1994 Καθότι
3221 1940 3317 1992 καὶ
3352 1934 3669 2008 βαπτισθεὶς
3710 1929 3780 2004 ἦν
3812 1931 3962 2001 παρά
3997 1930 4089 1981 Σι-

2503 2036 2767 2108 γησαρίου
2795 2034 2891 2089 τοῦ
2922 2033 3221 2088 ἐπισκόπου
3253 2032 3363 2102 (51)
3396 2031 3505 2084 τῶν
3531 2027 3762 2087 Γότθων,
3797 2024 3893 2077 καὶ
3919 2040 4088 2076 κατα·

2501 2129 2691 2199 θύμιος
2742 2127 2834 2180 ἐπὶ
2897 2125 3071 2195 τούτῳ
3123 2124 3259 2177 πᾶσί
3310 2140 3372 2175 τε
3432 2122 3615 2185 αὐτοῖς
3668 2119 3765 2173 καὶ
3819 2117 4087 2186 Ἀλαριχῳ

2499 2220 2815 2290 ἐτύγχανεν.
2867 2218 2941 2271 Ού
2992 2214 3170 2285 πολλῷ
3213 2215 3271 2268 δέ
3322 2213 3547 2284 ὕστερον
3591 2210 3874 2281 Ἀλάριχος
3911 2223 4084 2261 κατα-

2498 2312 2678 2366 λαϐὼν
2712 2311 2811 2375 τὰς
2838 2310 3061 2372 ’Ἄλπεις
3094 2309 3207 2379 (52)
3254 2307 3471 2377 (χωρίον
3519 2304 3575 2357 δὲ
3626 2303 3785 2356 τοῦτο
3828 2301 3969 2371 ἀμφὶ
4014 2298 4084 2351 τὲ

2500 2407 2765 2477 ἑξήκοντα
2798 2405 2986 2458 στάδια
3016 2402 3240 2466 διεστὼς
3267 2401 3369 2472 τῆς
3406 2395 3744 2466 Ῥαϐέννης),
3782 2395 3861 2458 εἰς
3891 2394 4085 2461 λόγους

2497 2494 2630 2571 ἦλθε
2679 2497 2757 2569 τῷ
2805 2496 3013 2567 βασιλεῖ
3055 2495 3183 2567 περὶ
3227 2496 3328 2566 τῆς
3379 2492 3622 2564 εἰρήνης.
3673 2488 3847 2560 Σάρος
3897 2485 3953 2539 δέ
3998 2500 4086 2547 τις

2502 2586 2778 2659 βάρϐαρος
2797 2586 2859 2639 τὸ
2890 2586 3067 2653 γένος,
3091 2586 3167 2647 εἰς
3194 2583 3363 2653 ἀκρον
3387 2581 3456 2634 τά
3480 2579 3713 2648 πολέμια
3744 2578 3892 2646 ὴσκη
3903 2572 4082 2643 μένος,

2499 2678 2643 2749 ἀμφὶ
2669 2675 3011 2747 τριακοσίους
3058 2674 3251 2745 μόνους
3302 2670 3428 2743 περὶ
3479 2669 3640 2723 αὐτὸν
3686 2667 3823 2737 ἔχων
3879 2664 4086 2724 πάντας

2499 2770 2687 2834 εὔνους
2713 2770 2804 2823 καὶ
2835 2768 3113 2839 ἀρίστους,
3151 2766 3387 2827 ὕποπτος
3419 2764 3495 2816 ὢν
3527 2760 3795 2831 Ἀλαρίχῳ
3818 2757 3908 2811 διὰ
3943 2772 4084 2827 προ-

2498 2864 2663 2935 τέραν
2714 2862 2946 2933 ἔχθραν,
2995 2859 3273 2929 ἐλογίσατο
3332 2857 3407 2927 μὴ
3460 2854 3723 2909 συνοίσειν
3785 2848 3934 2919 αὐτῷ
3984 2849 4085 2909 τάς

2502 2956 2702 3025 μεταξὺ
2748 2952 3034 3025 Ῥωμαίων
3072 2953 3167 3005 καὶ
3201 2950 3412 3003 Γότθων
3452 2946 3704 3009 σπονδάς.
3739 2944 3851 2997 Καὶ
3890 2941 4083 3006 ἐξαπί-

2499 3065 2597 3120 νης
2620 3046 2761 3118 μετά
2791 3046 2899 3101 τῶν
2918 3045 3062 3099 ἰδίων
3089 3041 3398 3097 ἐπανελθὼν
3411 3044 3429 3110 ί
3434 3038 3776 3107 55),ἀναιρεῐ
3794 3051 3946 3096 τινας
3977 3032 4085 3084 τῶν

2504 3140 2819 3213 βαρϐάρων.
2861 3139 2957 3191 Ἐκ
2985 3136 3175 3190 τούτου
3206 3134 3264 3187 δὲ
3305 3136 3385 3196 εἰς
3413 3130 3581 3201 ὀργὴν
3630 3127 3723 3181 καὶ
3761 3126 3881 3187 δέος
3913 3139 4082 3177 κατα-

2502 3233 2633 3296 στὰς
2672 3230 2974 3301 Ἀλάριχος,
3031 3229 3130 3293 τὴν
3179 3226 3351 3296 αὐτὴν
3410 3224 3527 3277 ὁδὸν
3578 3218 3932 3289 ἀναστρέφει’
3990 3216 4085 3267 καὶ

2499 3322 2913 3395 περικαθεσθεὶς
2951 3321 3050 3391 τὴν
3088 3316 3305 3388 Ῥώμην
3342 3310 3455 3369 εἷλε
3495 3311 3785 3384 προδοσίαν
3837 3309 3931 3361 καὶ
3975 3307 4088 3368 τοῖς

2501 3415 2667 3471 αὐτοῦ
2716 3413 2977 3484 πλήθεσιν
3020 3410 3319 3481 ἐπέτρεψεν
3365 3407 3602 3476 ἑκάστῳ,
3632 3404 3707 3468 ὡς
3744 3402 3812 3456 ἂν
3850 3399 4082 3455 δύναιτο.

2500 3510 2611 3563 τῶν
2652 3506 2937 3577 Ῥωμαίων
2966 3502 3195 3557 πλοῦτον
3247 3498 3534 3572 ἁρπάζειν,
3583 3497 3679 3550 καὶ
3726 3494 3933 3554 πάντας
3962 3491 4087 3550 τοὺς

2500 3600 2684 3663 οἴκους
2712 3595 3025 3670 ληῖζεσθαν
3063 3594 3259 3649 ἄσυλον
3300 3586 3440 3645 εῖναι
3473 3582 3988 3682 προστάξας-αἰδοῖ

2503 3694 2640 3764 πρὸς
2695 3690 2784 3744 τὸν
2837 3688 3131 3744 ἀπόστολον
3183 3685 3409 3748 Πέτρον,
3465 3683 3565 3753 τὴν
3610 3679 3735 3750 περὶ
3782 3677 3882 3749 τὴν
3922 3676 4088 3729 αὑτοῦ

2504 3785 2658 3856 σορὸν
2706 3782 3038 3853 ἐκκλησίαν,
3102 3779 3344 3851 μεγάλην
3418 3793 3479 3828 τε
3531 3775 3624 3827 καὶ
3686 3771 3856 3825 πολὺν
3906 3766 4086 3838 χῶρον

2502 3876 2882 3949 περιέχουσαν.
2915 3873 3077 3927 Τουτὶ
3105 3872 3162 3925 δέ
3201 3871 3424 3941 γέγονεν
3469 3868 3640 3922 αἴτιον
3690 3862 3785 3917 τοῦ
3818 3861 3894 3933 μὴ
3920 3859 4089 3932 ἄρδην

2501 3966 2796 4025 ἀπολέσθαι
2833 3965 2934 4038 τὴν
2978 3964 3215 4035 Ῥώμην.
3253 3963 3317 4016 Οἱ
3367 3960 3475 4031 γάρ
3512 3957 3696 4011 ἐνθάδε
3731 3951 4089 4012 διασωθέντες

2504 4059 2708 4133 (πολλοὶ
2743 4058 2856 4130 γὰρ
2872 4052 3036 4130 ἦσαν)
3065 4056 3225 4111 πάλιν
3248 4053 3347 4125 τὴν
3376 4052 3529 4105 πόλιν
3554 4049 3794 4121 ᾤκησαν.

3131 4331 3383 4386 ΚΕΦΑΛ.
3419 4331 3475 4384 l'.

2500 4427 2641 4497 Περὶ
2675 4426 2783 4495 τῆς
2826 4421 3891 4562 Ῥωμαίαὲνςονωφροσύνης
3913 4418 4090 4487 ἔργον

2498 4596 2521 4643 Ι
2571 4586 2675 4643 Οἷα
2721 4588 2777 4643 δὲ
2830 4587 2997 4651 εἰκὸς,
3032 4587 3107 4650 ὡς
3146 4588 3203 4639 ἐν
3250 4586 3448 4639 ἁλώσει
3480 4583 3691 4638 τοιᾶσδε
3716 4581 3924 4644 πόλεως
3960 4580 4089 4633 πολ-

2498 4682 2605 4736 λῶν
2662 4680 3105 4752 συμϐεϐηκότων,
3154 4680 3183 4732 ὃ
3230 4679 3352 4733 τότε
3405 4695 3495 4749 μοι
3552 4676 3729 4743 ἔδοξεν
3767 4673 4087 4744 Ἐκκλησιαι

828 4763 1049 4817 siastica
1099 4764 1327 4821 historia
1357 4758 1600 4836 'dignum
1638 4766 1772 4821 mihi
1802 4775 1917 4820 tum
1965 4768 2181 4822 videtur
2219 4770 2399 4822 conti-
2438 4793 2480 4847 ι)
2507 4790 2607 4827 στιπ

2303 4770 2399 4822 nti-
2438 4773 2700 4847 υστικῆς
2759 4773 2998 4844 ἱστορίας
3065 4772 3216 4839 ἀξιον
3289 4771 3614 4841 γεγενῆσθαι
3678 4769 4082 4839 ἀναγράψομαι.

830 4857 993 4924 gisse,
1025 4856 1079 4911 in
1114 4858 1401 4927 praesentia
1443 4860 1906 4913 commemorabo.
1938 4860 2113 4914 Simul
2159 4861 2305 4916 enim
2350 4870 2405 4915 et

833 4949 980 5019 pium
1034 4947 1250 5006 facinus
1299 4949 1402 5004 viri
1456 4950 1702 5013 barbari,
1741 4958 1797 5006 et
1847 4951 2109 5007 fortitudo
2156 4954 2403 5009 mulieris

2512 4863 2674 4933 Δηλοί
2705 4863 2812 4933 γὰρ
2841 4863 3031 4933 ἀνδρὸς
3066 4862 3342 4934 βαρϐάρου
3378 4862 3575 4933 πρᾶξιν
3614 4861 3832 4930 εὐσεϐῆ,
3866 4861 3957 4913 καὶ
3985 4875 4087 4927 γυ-

2513 4954 2697 5018 ναικὸς
2733 4955 3004 5025 Ῥωμαίας
3038 4953 3286 5025 ἀνδρείαν
3333 4955 3424 5007 ἐπὶ
3456 4954 3673 5024 φυλακῇ
3708 4951 4083 5022 σωφροσύνης.

2028 5131 2297 5188 νΑιΕδιι
2334 5132 2883 5190 ANNOTATIONES.

902 5242 1015 5319 t3!)
1059 5243 1648 5319 [Iapd_£tmo'aplov_
1688 5245 1796 5300 τοῦ
1834 5246 2189 5319 ἐπισκόπου.
2235 5246 2410 5315 Hujus
2518 5246 2681 5303 Class:

2307 5247 2410 5315 ijus
2518 5246 2721 5304 Classis
2750 5266 2861 5304 non
2893 5250 3060 5304 distat
3089 5250 3369 5319 sexaginta
3399 5248 3593 5304 stadiis
3617 5249 3685 5303 ab
3716 5246 3848 5302 urbe
3873 5244 4086 5299 Raven-

833 5312 1076 5387 episcopi
1101 5312 1787 5387 meminit—Olympiodorus
1842 5318 1895 5370 in
1926 5317 2204 5387 Excerptis
2237 5312 2408 5373 histo-

2518 5336 2610 5374 na.
2662 5320 2867 5376 Deinde
2920 5319 3260 5376 Sozomenus
3305 5335 3414 5376 non
3458 5320 3596 5374 dicit
3635 5320 3807 5374 fuisse
3872 5325 4086 5385 portum

833 5383 1069 5459 riarugt,
1118 5383 1399 5459 ubi__lllios
1435 5383 1712 5459 'Ataulphi
1762 5387 1903 5457 regis
1976 5383 2312 5452 Gothorum,
2380 5405 2412 5445 e
2520 5391 2672 5445 urbis
2702 5392 3007 5458 Ravenna;
3064 5392 3207 5459 quod
3260 5401 3439 5447 tamen
3475 5406 3781 5445 omissuros
3805 5383 3925 5459 non
3944 5397 4086 5459 erat,

835 5455 960 5531 sinu
987 5452 1251 5531 _Sigesarii
1293 5457 1534 5527 episcopi
1555 5452 2013 5528 ab'reptos'atque
2041 5464 2258 5515 occisos
2287 5476 2411 5516 esse
2519 5461 2563 5514 si
2595 5461 2831 5515 Classem
2881 5463 2970 5517 hic
2994 5452 3004 5458 ’
3026 5452 3404 5517 intellexisset.
3458 5459 3589 5531 Scio
3621 5461 3865 5531 quidem
3896 5456 4089 5531 Cluve-

836 5525 1414 5665 s‘clg‘glhlfatalaﬁw
1429 5597 1537 5662 τὰς
1561 5598 1820 5665 Ἄλπεις.
1842 5598 2131 5654 Cluverius
2162 5599 2214 5653 in
2250 5600 2343 5655 lib.
2368 5616 2405 5664 ι,

848 5662 971 5716 ltnl.
1007 5666 1197 5739 autiq.,
1235 5682 1356 5735 pag.
1390 5668 1515 5728 306.
1547 5662 1789 5722 Classem'
1827 5670 1918 5722 hic
1950 5670 2177 5739 intelligi
2218 5662 2409 5726 existi-

2518 5532 2659 5601 rium
2692 5533 2782 5586 hic
2807 5532 3098 5587 emendare
3142 5532 3287 5601 ἀμφὶ
3323 5534 3390 5584 τά
3411 5530 3586 5583 εἴκοσι
3625 5528 3719 5583 καὶ
3777 5528 3903 5598 τρία
3960 5529 4090 5581 στά-

2511 5600 2620 5661 δια.
2653 5604 2746 5655 sed
2784 5602 3145 5677 manuscripti
3180 5600 3400 5677 codices
3433 5602 3806 5677 reclamant.__
4044 5666 4056 5677 .

2583 5674 2694 5739 (55)
2718 5674 2875 5727 Μετὰ
2915 5671 3031 5725 τῶν
3066 5673 3231 5726 ἰδίων
3263 5670 3629 5725 ἐπανελθών.
3686 5671 3897 5724 Mallem
3950 5670 4088 5739 seri:

838 5746 965 5813 litat,
996 5736 1085 5813 qui
1122 5749 1311 5813 portus
1339 5740 1768 5813 etalﬂajlellna“.
1801 5740 1933 5813 Quae
1974 5736 2241 5813 sententia
2278 5742 2409 5796 licet
2511 5741 2643 5797 bere
2672 5736 2934 5805 ἐπελθών,
2956 5747 3229 5813 quomodo
3258 5744 3422 5800 etiam
3454 5740 3690 5799 Savilius
3717 5742 3783 5797 ad
3811 5743 3955 5795 latus
3999 5736 4087 5795 sui

838 5804 1100 5863 placuerit
1130 5805 1335 5861 Jacobo
1367 5808 1703 5863 Gotliol‘redo
1732 5809 1785 5863 in
1818 5812 1964 5865 notis
1999 5811 2064 5865 ad
2102 5811 2406 5866 Philostor-

835 5873 1002 5943 giuni,
1032 5876 1161 5929 mihi
1190 5885 1367 5932 tamen
1400 5880 1619 5947 probari
1650 5896 1759 5936 non
1789 5890 1988 5952 potest.
2021 5881 2205 5938 Primo
2233 5883 2401 5949 enim,

2512 5814 2721 5871 codicis
2742 5815 3077 5873 emendarat.
