4504 6576
406 419 544 474 1817

1391 417 1716 474 HISTORIA
1753 418 2306 478 ECCLESIASTICA.
2346 453 2417 463 —
2452 422 2585 478 LIB.
2626 421 2719 478 1X.

3548 423 3685 480 1618

419 537 765 607 Ἀμφοτὲρων
794 534 853 589 δέ
881 534 1246 605 Χριστιανῶν,
1274 535 1374 587 οὐκ
1406 534 1516 588 ἀπὸ
1549 538 1649 607 τῆς
1693 537 1864 605 αὐτῆς
1907 538 1995 590 αί-
2023 542 2065 600 Α
2096 534 2198 592 Ral

1907 538 1995 590 ai-
2023 542 2065 600 Α
2096 534 2360 593 Romanae
2398 538 2454 593 in
2487 534 2850 594 custodienda
2878 534 3135 591 castitate
3168 534 3498 592 ostenditur.
3527 533 3686 591 Uter-

408 628 643 698 ρέσεως’
690 625 881 679 καθότι
928 626 957 678 ό
1010 625 1107 695 μὲν
1152 624 1220 678 τὰ
1282 623 1527 695 Ἀρείου,
1572 627 1607 697 ἡ
1655 625 1713 679 δὲ
1762 625 1870 678 τῶν
1936 627 1995 679 ἐν

405 718 609 788 Nausia.
634 716 733 786 τὴν
768 716 951 769 πίστιν
980 714 1195 786 ἐζήλου.
1226 714 1444 785 Ταύτην
1470 715 1529 769 δέ
1557 712 1616 770 εὖ
1656 716 1801 786 μάλα
1825 717 1995 788 καλὴν

408 812 533 866 ίδών
577 827 660 872 τις
702 808 821 872 νέος
872 808 978 862 τῶν
1018 806 1305 879 ’Δλαρίχου
1376 808 1744 876 στρατιωτῶν,
1788 807 1993 879 ἡττήθη

404 902 501 957 τοῦ
528 902 778 965 κάλλους,
808 901 905 954 καὶ
934 901 1013 964 είς
1050 898 1335 953 συνουσίαν
1363 893 1563 952 εἷλκεν.
1608 898 1996 952 Ἀνθὲλκουσαν

404 996 464 1048 δὲ
492 994 587 1048 καὶ
620 992 947 1064 βιαζομένην
975 990 1144 1061 μηδὲν
1180 990 1410 1058 ἀσελγὲς
1452 988 1666 1052 παθεῖν,
1703 988 1997 1060 γυμνώσας

404 1086 469 1139 τὸ
496 1084 668 1153 ξίφος,
702 1083 996 1153 ἠπείλησεν
1037 1082 1284 1153 ἀναιρεῖν
1305 1098 1321 1113 ·
1351 1080 1446 1133 καὶ
1481 1078 1618 1149 μετά
1648 1076 1881 1146 φειδοῦς,
1909 1071 1998 1131 οἷά

406 1195 473 1246 ’τε
517 1175 793 1247 ὲἐκεινιτιῒιιῗκὶ
840 1174 1204 1243 διακείμενος,
1251 1172 1311 1239 ἐξ
1345 1172 1611 1242 ἐπιπολῆς
1653 1170 1853 1241 ἔπληξε
1907 1169 1997 1222 τὸν

405 1267 696 1337 τράχηλον.
752 1265 939 1334 Πολλῷ
992 1266 1049 1318 δέ
1098 1264 1495 1335 περιρῤεομένη
1536 1263 1616 1333 τῷ
1658 1266 1871 1335 αἵματι,
1906 1264 1998 1316 τὸν

407 1363 610 1431 αὐχένα
629 1361 707 1431 τῷ
736 1360 877 1428 ξίφει
907 1359 1169 1427 ὑπέσχεν,
1195 1359 1556 1430 αίρετώτερον
1584 1361 1642 1412 ἐν
1675 1358 1999 1429 σωφροσύνῃ

408 1453 741 1523 λογισαμένη
792 1450 1102 1516 ἀποθανεῖν,
1139 1450 1172 1521 ἢ
1225 1452 1325 1521 ζῇν
1374 1450 1563 1521 ἐτέρου
1612 1449 1999 1519 πειρασθείοαν

409 1545 601 1616 ἀνδρὸς
636 1542 774 1615 μετά
804 1543 895 1596 τδν
928 1541 1077 1613 νόμῳ
1111 1544 1525 1612 συνοικήσαντα.
1564 1540 1716 1594 Ἐπεὶ
1747 1539 1804 1593 δὲ
1838 1537 1999 1592 πάλιν

411 1639 443 1689 ὁ
479 1636 755 1708 βάρϐαρος
812 1638 909 1689 καὶ
958 1633 1331 1704 φοϐερώτερον
1376 1632 1565 1697 ἐπιὼν,
1628 1632 1782 1687 οὐδὲν
1840 1631 2000 1684 πλέον

410 1732 562 1800 ῆνυε,
592 1728 877 1799 θαυμάσας
906 1727 1076 1795 αύτῆς
1120 1726 1218 1797 τὴν
1258 1725 1631 1796 σωφροσύνην,
1677 1726 1884 1794 ἠγαγεν
1920 1724 2001 1786 εἰς

409 1820 473 1873 τὸ
504 1820 711 1889 Πέτρου
762 1816 1144 1872 άποστολείον·
1193 1816 1288 1868 καὶ
1323 1816 1597 1886 παραδοὺς
1646 1817 1758 1878 τοῖς
1806 1813 2002 1881 φύλαξι

2096 643 2204 698 que
2250 636 2441 683 autem
2499 627 2852 685 Christianus
2910 627 3046 693 fuit,
3092 625 3191 682 sed
3255 641 3368 681 non
3432 626 3684 697 ejusdem

2097 727 2284 775 sectae.
2336 719 2472 773 Nam
2530 720 2805 775 barbarus
2855 718 3081 790 quidem
3156 717 3474 790 opinionem
3522 717 3685 786 Arii,

2097 812 2299 865 mulier
2347 825 2481 865 vero
2563 808 2768 865 Nieami
2820 810 3041 866 concilii
3094 809 3255 865 ﬁdem
3325 807 3684 878 sequebatur.

2101 901 2254 956 Hanc
2310 917 2435 956 cum
2486 901 2709 971 juvenis
2757 902 2981 972 quidam
3039 917 3106 965 ex
3158 900 3429 956 militibus
3476 901 3685 957 Alarici

2097 994 2297 1051 eximia
2326 994 2501 1049 forma
2534 994 2821 1064 praeditam
2866 993 3115 1056 vidisset.
3140 1002 3335 1062 captus
3376 991 3687 1062 pulchritu-

2097 1086 2248 1149 dine,
2293 1086 2547 1140 trahebat
2592 1086 2660 1140 ad
2715 1094 2993 1157 stuprum.
3026 1085 3166 1138 Cum
3215 1092 3399 1139 autem
3442 1084 3686 1139 relucta—

2100 1186 2255 1233 retur
2306 1178 2526 1245 mulier,
2555 1178 2797 1247 totisque
2846 1176 3056 1231 viribus
3086 1176 3386 1231 obsisteret
3433 1191 3503 1230 ne
3552 1174 3686 1244 quid

2099 1268 2323 1323 obsceni
2354 1278 2657 1338 pateretur,
2687 1267 2963 1322 barbarus
2996 1265 3205 1321 nudato
3244 1265 3428 1337 gladio
3452 1274 3685 1320 mortem

2099 1362 2152 1417 ei
2182 1361 2423 1416 minatus
2449 1372 2554 1426 est,
2582 1369 2639 1413 et
2670 1360 2775 1415 levi
2799 1359 3045 1424 brachio,
3071 1366 3263 1429 utpote
3301 1358 3395 1429 qui
3432 1357 3505 1413 ob
3534 1372 3689 1411 amo—

2103 1466 2215 1506 rem
2281 1466 2507 1521 parcere
2562 1450 2615 1505 ei
2680 1452 2872 1515 vellet,
2916 1449 3211 1521 superllcie
3271 1456 3435 1503 tenus
3485 1446 3687 1501 collum

2101 1544 2397 1613 percussit.
2428 1540 2570 1597 Tum
2611 1542 2812 1596 mulier
2843 1542 3014 1595 multo
3046 1554 3245 1595 cruore
3277 1537 3518 1609 perfusa.
3563 1552 3688 1592 cer-

2101 1634 2277 1689 vicem
2319 1633 2504 1704 gladio
2546 1632 2783 1701 subjecit
2812 1651 2825 1687 :
2858 1631 3161 1703 optabilius
3208 1645 3333 1685 esse
3365 1629 3599 1687 ducens.
3627 1638 3690 1681 ut

2102 1739 2229 1778 cum
2280 1724 2536 1779 castitate
2578 1731 2905 1785 moreretur,
2938 1737 3104 1792 quam
3154 1730 3213 1774 ut
3248 1728 3375 1790 post
3415 1735 3541 1774 eum
3597 1720 3688 1773 cui

2106 1816 2347 1887 legitime
2400 1821 2689 1885 nupserat,
2731 1814 2897 1869 alium
2944 1815 3123 1867 virum
3182 1820 3408 1882 experta
3441 1813 3691 1882 supervi-

408 1915 510 1983 τῆς
562 1910 877 1981 ἐκκλησίας,
909 1910 1003 1963 καὶ
1046 1910 1279 1981 χρυσοῦς
1309 1908 1368 1975 ἐξ
1413 1911 1492 1971 είς
1534 1908 1850 1981 ἀποτροφὴν
1904 1909 2002 1961 αὖ·
2038 1902 2078 1955 Β
2106 1922 2187 1960 vel

1908 1909 2002 1961 αὐ·
2038 1902 2078 1955 Β
2106 1914 2282 1960 veret.
2305 1904 2412 1959 Sed
2443 1921 2567 1959 cum
2596 1904 2869 1959 barbarus
2903 1902 3085 1955 adhuc
3113 1901 3414 1956 terribilius
3450 1901 3687 1963 irruens,

409 2004 533 2075 τῆς,
564 2003 815 2057 ἐκέλευσε
845 2002 925 2073 τῷ
962 2002 1119 2071 άνδρὶ
1149 1999 1459 2069 φυλάττειν.

2113 1998 2247 2053 nihil
2310 1998 2620 2068 proﬁceret,
2682 1993 2985 2049 admiratus
3049 1994 3357 2048 castitatem
3420 1990 3690 2057 mulieris,

410 2096 571 2151 duxit
612 2111 733 2151 eam
785 2095 839 2149 in
895 2095 1181 2150 basilicam
1239 2093 1387 2149 Petri
1445 2094 1701 2164 apostoli.
1752 2094 2007 2162 Cumque
2045 2108 2167 2146 eam
2199 2091 2518 2146 tradidisset
2546 2090 2795 2146 ecclesia).
2831 2088 3180 2153 custodibus,
3246 2086 3523 2157 simulque
3589 2098 3691 2141 ses

411 2206 612 2247 aureos
668 2190 738 2245 ad
806 2190 1007 2244 victum
1050 2190 1100 2242 ei
1135 2189 1604 2259 comparandum,
1660 2198 1721 2244 ut
1778 2190 1976 2243 marito
2015 2197 2331 2244 servaretur
2363 2189 2638 2259 praecepit.

1008 2285 1260 2339 ΚΕΦΑΛ.
1295 2286 1398 2338 IA'.

412 2379 550 2447 Περί
582 2376 700 2432 τῶν
724 2378 794 2431 ἐν
832 2378 959 2443 τοῖς
990 2380 1232 2447 χρόνοις
1267 2378 1521 2444 ἐκείνοις
1560 2377 1870 2446 τυράννων
1900 2376 2001 2430 ἐπ-

481 2448 874 2502 αναστάντων
900 2450 971 2501 ἐν
999 2450 1181 2501 Δύσει
1213 2451 1362 2503 κατὰ
1401 2449 1694 2515 Ὁνωρίου,
1725 2447 1823 2499 καί
1854 2447 2003 2501 ,πάν-

480 2536 600 2643 ἓων
627 2519 818 2643 ἆᾶἓην
857 2519 1291 2589 ἀναιρεθέντων·
1323 2519 1421 2573 διὰ
1448 2519 1516 2573 τὸ
1548 2520 1653 2573 τοῦ
1694 2519 2002 2585 ,βασιλέως

520 2608 630 2643 eam
731 2611 782 2643 ρ.

520 2608 782 2658 εοφικες.

494 2679 629 2733 Ὑπὸ
656 2679 713 2733 δέ
740 2679 927 2735 τοῦτον
955 2681 1049 2733 τὸν
1074 2680 1285 2748 χρόνον,
1317 2678 1526 2733 πολλῶν
1554 2678 2001 2749 ἐπανισταμένων

411 2772 687 2843 τυράννων
719 2774 777 2826 ἐν
801 2775 867 2844 τῇ
900 2772 1039 2844 πρὸς
1069 2773 1233 2825 Δύσιν
1267 2773 1433 2843 ἀρχῇ,
1463 2774 1512 2825 οί
1546 2774 1645 2843 μὲν
1670 2774 1806 2845 πρὸς
1834 2773 2000 2845 ἀλλή-

411 2865 519 2919 λων
559 2866 866 2931 πίπτοντες,
916 2866 965 2918 οί
1010 2866 1067 2925 δὲ
1116 2864 1436 2935 παραδόξως
1478 2863 1995 2934 συλλαμϐανόμενοι,

410 2953 473 3004 ού
505 2952 604 3023 τὴν
629 2951 896 3022 τυχοῦσαν
924 2954 1342 3025 ἐπεμαρτύρουν
1386 2953 1631 3025 Ὀνωρίῳ
1672 2953 1996 3024 θεοφίλειαν.

414 3044 634 3116 Πρῶτον
682 3046 779 3116 μὲν
835 3046 943 3115 γάρ
987 3047 1037 3099 oi
1091 3049 1148 3100 ἐν
1197 3046 1494 3118 Βρεττανίᾳ
1546 3046 1937 3111 στασιάσαντες
1975 3058 1998 3085 ι

414 3136 741 3207 στρπιιῖιται
791 3137 1181 3209 ἀναγορεύουσι
1234 3137 1774 3210 Μάρκονιτύραννον
1805 3158 1818 3170 ·
1863 3140 2003 3207 μετά

409 3228 470 3282 δὲ
497 3228 684 3283 τοῦτον
711 3230 1027 3301 Γρατιανδν,
1058 3230 1338 3292 ἀνελόντες
1381 3231 1637 3301 Μάρκον·
1663 3230 1787 3284 ἐπεὶ
1821 3232 1879 3284 δὲ
1912 3231 2003 3283 καὶ

2763 2280 2913 2337 CAP.
2953 2280 3047 2337 XI.

2110 2375 2186 2429 De
2240 2377 2482 2445 tyrannis
2528 2377 2620 2445 qni
2660 2392 2720 2428 eo
2755 2373 3285 2445 temporeiadoerssts‘
3312 2370 3609 2445 Honorium
3633 2370 3691 2445 in

2184 2441 2466 2501 Occidente
2511 2441 2868 2505 rebellarunt,
2884 2455 2933 2497 et
2982 2443 3226 2511 funditus
3252 2441 3411 2497 deleti
3449 2449 3595 2507 sunt,
3626 2442 3690 2495 ob

2182 2534 2419 2571 amorem
2450 2517 2545 2571 Dei
2577 2533 2703 2588 erga
2736 2517 3130 2584 imperatorem.

2179 2671 2294 2728 Sub
2326 2672 2469 2728 idem
2497 2683 2713 2743 tempus
2748 2688 2875 2728 cum
2912 2672 3069 2726 multi
3113 2671 3168 2725 in
3203 2668 3517 2727 Occidentis
3567 2684 3694 2740 par-

2107 2766 2256 2821 tibus
2291 2766 2641 2837 tyrannidem
2685 2766 3078 2836 arripuissent,
3110 2764 3202 2819 alii
3225 2778 3255 2817 a
3286 2779 3349 2820 se
3379 2771 3572 2820 mutuo
3604 2762 3693 2816 in-

2109 2858 2340 2925 terfecti,
2367 2860 2462 2913 alii
2493 2867 2692 2929 praeter
2725 2858 2973 2914 omnium
3004 2859 3475 2928 exspectationem
3522 2856 3691 2926 capti,

2111 2953 2253 3006 haud
2288 2953 2565 3022 vulgarem
2603 2952 2697 3005 Dei
2739 2966 2869 3021 erga
2914 2950 3217 3007 llouorium
3250 2950 3691 3007 benevolentiam

2109 3043 2385 3100 testiﬁcati
2436 3054 2586 3100 sunt.
2630 3044 2764 3099 Nam
2802 3047 3043 3117 primum
3096 3044 3319 3116 quidem
3362 3043 3562 3100 milites
3598 3046 3693 3113 qui

2109 3136 2337 3190 erantin
2363 3134 2687 3201 Britanniis,
2725 3138 2996 3193 seditione
3031 3138 3195 3199 facta,
3229 3134 3469 3190 Marcum
3500 3148 3695 3205 quem-

2108 3228 2234 3281 dam
2290 3229 2675 3298 imperatorem
2724 3229 3130 3284 renuntiarnnt.
3178 3227 3378 3283 Postea
3428 3241 3558 3282 vero
3602 3241 3692 3280 oc-

412 3314 565 3383 οὗτος
593 3321 653 3372 ού
683 3298 847 3374 πλέον
870 3321 1151 3392 τεσσάρων
1181 3321 1365 3392 μηνῶν
1394 3298 1707 3375 διελθόντων
1739 3321 2003 3393 ἐφονεύθη
2032 3298 2074 3356 C
2107 3320 2188 3375 cis

1913 3298 2074 3393 56ηΟ
2107 3320 2225 3375 eiso
2277 3318 2480 3386 Marco,
2526 3320 2848 3375 Gratianum
2908 3322 3214 3392 elegerunt.
3282 3318 3405 3386 Quo
3469 3333 3692 3383 rursus,

415 3413 545 3481 παρ’
598 3410 776 3463 αὐτῶν
805 3454 819 3475 ,
881 3411 1042 3465 πάλιν
1101 3414 1510 3465 Κωνσταντῖνον
1566 3413 2001 3483 χειροτονοῦσιν,

414 3502 687 3573 οἰηθέντες
719 3504 907 3556 καθότι
953 3503 1156 3575 ταύτην
1194 3498 1307 3573 εἶχε
1355 3505 1750 3573 προσηγορίαν,
1785 3506 1878 3559 καὶ
1912 3505 2002 3574 βε-

416 3596 587 3659 ϐαίως
617 3596 777 3649 αύτὸν
827 3597 1122 3667 κρατήσειν
1149 3596 1247 3666 τῆς
1283 3596 1578 3665 βασιλείας.
1615 3597 1709 3649 Ἐκ
1752 3597 2005 3666 τοιαύτης

416 3688 525 3759 γάρ
559 3688 738 3751 αἰτίας
780 3688 1059 3756 φαίνονται
1102 3689 1196 3742 καὶ
1239 3690 1365 3752 τοὺς
1387 3688 1577 3751 ἄλλους
1608 3692 1689 3753 είς
1716 3691 2006 3760 τυραννίδα

415 3781 813 3851 ἐπιλεξάμενοι.
882 3780 1213 3853 Περαιωθεὶς
1279 3782 1335 3834 δὲ
1409 3784 1817 3846 Κωνσταντῖνος
1897 3784 2006 3837 ἀπὸ

419 3875 746 3946 Βρεττανίας
778 3874 872 3927 ἐπὶ
910 3873 1200 3928 Βουϐονίαν
1236 3874 1349 3944 (54)
1393 3875 1547 3927 πόλιν
1590 3876 1690 3945 τῆς
1735 3877 2004 3941 Γαλατίας

419 3968 569 4039 παρά
600 3966 873 4020 θάλασσαν
920 3966 1197 4035 κειμένην,
1247 3968 1630 4037 προσηγάγετο
1677 3970 1801 4032 τοὺς
1850 3969 2003 4038 παρά

418 4058 685 4119 Γαλάταις
734 4057 829 4110 καὶ
866 4055 1229 4117 ’Δκουῖτανοῑς
1297 4056 1671 4124 στρατιώτας·
1731 4058 1823 4109 καὶ
1874 4060 1999 4121 τοὺς

416 4148 543 4219 τῇδε
598 4149 873 4220 ὑπηκόους
934 4145 1317 4218 περιεποίησεν
1374 4147 1591 4219 ἐαυτῷ,
1668 4146 1830 4220 μέχρι
1890 4148 1999 4203 τῶν

2111 3411 2314 3480 elapsis
2352 3412 2498 3467 haud
2542 3415 2779 3483 amplius
2810 3430 2973 3484 quam
3008 3425 3248 3483 quatuor
3287 3411 3591 3474 mensibus,
3625 3412 3695 3464 ab

2114 3506 2248 3573 ipsis
2303 3514 2608 3575 perempto,
2654 3507 3078 3562 Constantinum
3134 3506 3346 3575 eligunt
3384 3504 3578 3559 :illum
3628 3517 3695 3557 eo

2111 3598 2256 3666 qum]
2308 3599 2413 3651 isto
2463 3600 2688 3653 nomine
2749 3608 3061 3662 vocaretur,
3101 3604 3421 3653 constanter
3460 3595 3696 3666 imperio

2114 3690 2417 3756 potiturum
2452 3689 2728 3743 arbitrati.
2761 3688 2874 3743 Hae
2920 3690 3065 3744 enim
3121 3706 3187 3743 ex
3238 3704 3403 3743 causa
3436 3685 3696 3741 videntur

2109 3780 2248 3834 alios
2282 3795 2502 3849 quoque
2552 3780 2617 3833 ad
2670 3780 2959 3849 imperium
3008 3780 3260 3849 elegisse.
3322 3778 3491 3833 Porro
3544 3778 3693 3834 Con-

2108 3873 2405 3935 stantinus,
2436 3873 2597 3943 377
2624 3888 2749 3927 cum
2768 3888 2834 3927 ex
2857 3872 3140 3927 Britannia
3170 3872 3485 3941 trajecisset
3518 3869 3694 3925 Bono-

2108 3967 2279 4030 niam,
2316 3983 2443 4036 qua:
2482 3967 2616 4021 urbs
2664 3974 2749 4021 est
2784 3966 2993 4031 Gallia,
3023 3966 3092 4020 ad
3130 3981 3281 4020 mare
3329 3965 3457 4029 sita,
3496 3963 3695 4016 milites

2106 4061 2199 4123 qui
2249 4069 2407 4114 erant
2460 4060 2513 4114 in
2562 4059 2737 4113 Gallia
2774 4070 2828 4115 et
2862 4061 3180 4131 Aquitania,
3219 4058 3286 4113 ad
3321 4073 3453 4114 suas
3500 4063 3691 4127 partes

2106 4153 2391 4222 pertraxit,
2433 4166 2739 4221 omnesque
2785 4168 2975 4209 earum
3010 4153 3297 4224 regionum
3344 4149 3561 4205 incolas
3590 4146 3690 4202 im-

1644 4310 1917 4365 VALESH
1954 4310 2506 4370 ANNOTATIONES.

495 4405 605 4474 (54)
660 4406 783 4457 Ἐπὶ
812 4406 1163 4460 Βουϐονίαν.
1196 4404 1256 4460 1η
1288 4406 1479 4462 codice
1504 4406 1808 4461 Fuketiano
1845 4406 1986 4461 scri-

421 4485 570 4546 ptum
625 4476 804 4529 inveni
865 4476 1121 4547 Βοϐονίαν
1150 4518 1163 4537 ,
1212 4478 1356 4546 quod
1395 4479 1619 4547 propius
1667 4478 1878 4531 accedit
1918 4476 1994 4531 ad

419 4545 605 4601 veram
637 4547 992 4613 scripturam.
1046 4545 1409 4603 Scribenduni
1458 4545 1604 4602 enim
1667 4557 1753 4603 est
1804 4547 1983 4600 Βονωρ

420 4617 539 4689 viae
563 4657 577 4680 ,
604 4632 690 4689 _ex
717 4614 1105 4689 Olympiodoro
1143 4638 1153 4670 :
1186 4634 1250 4671 ex
1302 4633 1412 4689 quo
1458 4620 1569 4672 haec
1600 4634 1737 4688 pene
1765 4618 1832 4671 ad
1862 4633 1990 4689 ver-

419 4687 549 4741 bum
587 4685 893 4757 desumpsit
923 4686 1282 4748 Sozomenus.
1319 4685 1399 4741 'ut
1427 4705 1492 4742 ex
1522 4685 1813 4757 utriusque
1849 4688 1991 4757 serie

422 4757 597 4830 ptoris
627 4756 810 4811 verbis
854 4758 994 4813 inter
1024 4774 1083 4830 se
1122 4759 1338 4813 collatis
1371 4759 1607 4827 perspici
1644 4756 1842 4830 potest.
1878 4756 1999 4830 Sed.

422 4826 474 4879 et
508 4826 761 4882 Zosimus
801 4844 862 4881 ea
897 4844 1017 4893 qua:
1051 4829 1119 4881 de
1157 4826 1524 4884 Constantino
1556 4826 1792 4893 tyranno
1827 4828 1995 4882 habet

424 4897 477 4950 in
514 4899 651 4953 libro
683 4913 756 4959 γι,
788 4907 844 4952 et
882 4915 1005 4967 qua:
1048 4902 1113 4953 de
1162 4901 1380 4953 Alarico
1418 4909 1471 4953 et
1500 4897 1766 4957 Stilicone
1796 4897 1994 4955 scribit

423 4967 477 5021 in
512 4969 608 5023 lib.
652 4984 705 5032 ν,
740 4977 941 5024 cuncta
989 4970 1098 5024 fere
1138 4986 1205 5024 ex
1261 4969 1652 5042 Olympiodoro
1701 4977 1988 5025 mutuatus

2094 4418 2202 4465 est.
2238 4411 2417 4494 Quem“
2460 4413 2681 4496 quidem
2729 4413 2895 4468 etiam
2934 4411 3183 4493 nominat
3231 4410 3423 4493 indib.
3470 4420 3687 4535 viras.

2094 4480 2221 4535 803.
2267 4484 2356 4535 ubi
2410 4493 2523 4535 amt
2572 4486 2641 4535 de
2694 4481 2971 4535 Ravennae
3020 4483 3175 4535 urbis
3226 4497 3466 4535 ornatae.
3584 4496 3616 4533 n
3660 4493 3687 4531 e

2094 4480 2221 4542 805.
2267 4484 2356 4535 ubi
2410 4480 2523 4553 agit
2572 4486 2641 4537 de
2694 4481 2971 4538 Ravenna:
3020 4482 3175 4553 urbis
3226 4481 3466 4553 origine.
3533 4480 3691 4553 Unde

2091 4552 2271 4625 obiter
2294 4549 2592 4625 colligitur,
2617 4553 2898 4609 Zosimum
2924 4568 3037 4625 non
3066 4550 3292 4606 Honorii
3320 4549 3688 4625 temporibus,

2089 4631 2149 4676 ut
2180 4623 2401 4692 quidam
2429 4621 2749 4679 existimant
2778 4665 2792 4687 ,
2849 4624 2945 4679 sed
2991 4623 3085 4677 ditt
3127 4630 3284 4693 posk
3300 4623 3421 4691 ejus
3454 4621 3686 4693 obitum

2090 4690 2387 4748 Historiam
2444 4710 2601 4750 suam
2656 4694 2974 4763 scripsisse.
3052 4690 3201 4745 Nam.
3253 4690 3687 4763 Olympiodorus

2089 4780 2250 4833 quem
2283 4766 2436 4830 citat,
2469 4773 2592 4834 post
2622 4759 2849 4819 Honorii
2886 4773 3145 4829 mortem,
3183 4759 3359 4832 usque
3386 4759 3453 4834 ad
3492 4759 3689 4834 Valen-

2090 4835 2289 4888 tiniani
2319 4832 2523 4905 Placidi
2579 4835 2871 4905 imperium
2921 4834 3216 4889 historiam
3272 4832 3532 4905 perduxit
3629 4836 3691 4883 ut

2093 4912 2327 4960 testatur
2358 4903 2610 4961 Pliotius.

1833 5149 2227 5206 VARIORUM.

502 5244 525 5272 ⁸
551 5238 613 5288 Ol
638 5237 707 5289 ἐν
740 5239 1061 5305 Βρεττανίᾳ
1089 5240 1549 5307 στασιάσαντες.
1599 5241 1851 5297 Zosimus
1898 5245 1996 5301 lib.

424 5324 501 5369 vr,
553 5322 671 5376 pag.
713 5307 837 5374 824,
909 5320 1111 5372 narrat,
1166 5309 1413 5365 Honorio
1440 5328 1516 5365 vn
1577 5324 1632 5366 et
1683 5312 2001 5370 Theodosio

427 5380 623 5468 iterum
655 5392 799 5468 coss.
843 5380 1043 5434 milites
1100 5380 1445 5468 Britannicus
1481 5382 1718 5468 Marcum
1754 5385 1806 5437 in
1850 5388 2001 5468 regio

426 5449 565 5503 solio
594 5450 913 5515 collocasse,
936 5465 999 5504 eo
1026 5463 1216 5506 necato
1240 5451 1583 5517 Gratianum,
1606 5461 1658 5506 et
1690 5453 1793 5509 hoc
1818 5449 2001 5510 occiso

426 5520 867 5593 Constantinum.
924 5522 1040 5593 Qua
1074 5522 1141 5574 de
1196 5538 1253 5575 re
1304 5525 1610 5577 audiendus
1657 5522 1801 5577 Beda
1835 5526 1928 5580 lib.
1959 5542 1999 5593 I,

427 5606 546 5657 cap.
590 5592 622 5643 9
658 5609 670 5643 :
707 5591 855 5642 Anna
888 5592 951 5642 ab
986 5589 1363 5645 lncarnatione
1388 5593 1598 5646 Domini
1624 5594 1752 5660 407,
1800 5589 2000 5650 tenente

428 5661 705 5731 imperium
734 5662 967 5714 Honorio
1002 5665 1139 5731 Aug.
1168 5662 1281 5730 [ilio
1303 5662 1579 5717 Theodosii
1611 5666 1840 5726 minore.
1886 5666 1999 5721 loco

428 5730 491 5783 ab
524 5732 758 5800 Augusto
785 5746 932 5793 xuv,
959 5742 1078 5785 ante
1094 5730 1362 5803 biennium
1388 5733 1955 5803 Romanceirruptionis
1979 5778 1994 5800 ,

427 5816 543 5869 qua:
570 5817 661 5873 per
678 5803 946 5873 Alaricum
984 5820 1167 5873 regem
1215 5802 1504 5861 Gothorum
1533 5805 1678 5873 facta
1708 5802 1785 5860 est
1812 5822 1831 5858 :
1873 5824 1992 5861 cum

429 5881 600 5941 gentes
633 5871 944 5939 Alanorum,
969 5871 1275 5941 Sueuorum,
1313 5871 1690 5945 Vandalbrum,
1713 5877 1991 5949 multaque

2108 5260 2226 5297 cum
2252 5244 2334 5298 his
2364 5243 2510 5308 aliae,
2542 5242 2783 5311 protritis
2813 5240 3081 5311 Francis,
3100 5240 3353 5296 transitu”
3376 5238 3572 5311 Rheno,
3604 5250 3685 5295 to-

2110 5324 2191 5367 tas
2217 5330 2308 5381 per
2332 5309 2829 5372 Callias‘swvirent,
2888 5311 3027 5379 apud
3049 5310 3358 5381 Britannias
3386 5309 3683 5381 gratianus

2110 5378 2397 5451 municeps,
2426 5394 2683 5454 tyrannus
2726 5378 2950 5454 creaturi
2974 5390 3025 5435 et
3058 5379 3336 5435 occiditur.
3373 5378 3547 5454 Hujus
3572 5381 3687 5435 ίοω

2111 5451 2491 5510 Constantinus
2528 5471 2593 5508 ea:
2617 5454 2802 5521 inﬁma
2839 5453 3052 5515 militia,
3084 5460 3300 5519 propter
3326 5451 3497 5505 solum
3540 5466 3684 5519 spent

2108 5526 2357 5587 nominis,
2384 5535 2432 5578 et
2453 5529 2565 5578 sine
2586 5525 2769 5578 merito
2783 5522 3012 5580 virtutis.
3030 5522 3245 5593 eligitur
3270 5534 3290 5572 :
3306 5521 3681 5593 quicontintto,

2104 5606 2161 5649 ut
2206 5596 2399 5653 invasit
2432 5596 2734 5663 imperium,
2785 5593 3077 5649 inAGallias
3102 5590 3344 5663 transiit.
3397 5590 3479 5645 lbi
3535 5606 3682 5646 anno

2102 5667 2229 5721 409.
2255 5662 2535 5721 consulem
2565 5680 2624 5721 se
2668 5681 2792 5720 cum
2838 5662 3085 5717 Honorio
3124 5662 3451 5733 designavit,
3485 5676 3679 5733 anque

2100 5749 2304 5793 vestem
2360 5736 2692 5805 imperialem
2732 5737 2967 5805 accepit.
3022 5731 3265 5805 Tandem
3298 5733 3352 5785 in
3394 5731 3679 5805 obsidione

2098 5808 2301 5883 Arelati
2320 5801 2919 5883 _occiditt_t_t',‘caputq_ue
2945 5811 3111 5859 conto
3130 5801 3392 5883 sumsum.
3418 5801 3687 5869 refertur,

2098 5892 2245 5938 anno
2276 5878 2399 5945 411,
2431 5894 2519 5935 siv
2546 5877 2666 5935 Kal.
2701 5871 2877 5933 Octo}.
2952 5884 3006 5932 ut
3033 5873 3229 5934 scribit
3260 5871 3489 5933 Idalius.
