4504 6576
774 475 909 529 1619

2251 465 2587 532 SOZOMENI

769 590 922 658 perit)
965 603 1068 645 suo
1110 590 1383 660 adiunxit,
1412 608 1589 663 usque
1633 593 1702 649 ad
1746 602 1960 652 montes
1988 594 2079 666 qui
2114 594 2343 651 Galliam
2377 604 2417 658 Α
2454 614 2548 667 μετ

2259 611 2343 650 am
2377 604 2417 658 Α
2454 596 2654 667 μεταξὺ
2696 595 2922 661 Ἰταλίας
2972 594 3065 651 καὶ
3114 593 3385 660 Γαλατίας
3416 594 3559 665 ὅρων
3613 605 3662 658 ι,
3707 591 3773 657 ἃς
3803 591 4035 653 Κοττίας

771 679 840 730 ab
871 678 1024 733 [talia
1064 678 1341 748 dividunt,
1368 696 1507 751 quas
1536 683 1768 739 Romani
1812 683 2021 742 Cottias
2043 684 2209 756 Alpes
2254 700 2348 741 no-

775 770 1005 823 minent.
1042 769 1250 826 Deinde
1286 770 1644 829 Constantem
1679 774 1847 829 lilium
1881 793 2040 832 suum
2086 778 2347 847 majorem

777 872 930 919 natu.
950 877 1110 931 quem
1142 872 1325 931 postea
1356 864 1663 935 Augustum
1698 866 1927 929 creavit,
1960 878 2093 922 tunc
2121 867 2350 931 Caesaris

727 940 732 946 ’
773 952 1038 1022 dignitate
1088 965 1368 1019 ornatum,
1408 956 1561 1011 misit
1610 957 1664 1012 in
1711 954 2051 1027 Hispaniam.
2079 957 2183 1024 Qui
2224 972 2349 1013 cum

773 1058 893 1098 cam
928 1044 1267 1114 provinciam
1301 1054 1652 1115 occupasset,
1686 1055 1932 1103 rectores
1968 1047 2079 1103 illic
2122 1061 2349 1104 suarum

774 1133 1013 1201 partium
1065 1134 1363 1191 constituit
1398 1153 1412 1190 :
1450 1142 1506 1189 et
1547 1134 1836 1209 Didymum
1890 1150 1953 1191 ac
1993 1135 2350 1192 Verinianum

775 1220 1000 1277 Honorii
1027 1223 1389 1295 propinquos,
1409 1226 1626 1287 vinctos
1657 1226 1725 1281 ad
1755 1242 1814 1281 se
1843 1226 2042 1281 adduci
2074 1226 2349 1296 praecepit.

776 1313 840 1367 lli
874 1329 999 1369 cum
1040 1324 1201 1372 antea
1231 1316 1376 1371 inter
1409 1332 1470 1373 se
1519 1316 1881 1381 tlissiderent,
1931 1318 2261 1388 simulatque
2297 1318 2349 1370 in

774 1406 1082 1474 periculum
1119 1419 1409 1475 venerunt,
1446 1409 1514 1464 ad
1566 1409 1856 1480 pristinam
1902 1409 2181 1464 redierunt
2219 1424 2352 1462 con-

776 1494 1021 1550 cordiam
1072 1515 1085 1551 :
1134 1504 1189 1552 et
1240 1498 1467 1553 collecta
1536 1500 1870 1554 rusticorum
1940 1513 2003 1553 ac
2066 1512 2351 1554 servorum

775 1599 965 1651 manu,
988 1599 1112 1640 cum
1153 1586 1343 1657 copias
1387 1602 1518 1644 suas
1564 1588 1902 1657 junxissent,
1944 1602 2184 1660 pugnam
2230 1598 2356 1640 cor~

777 1685 1070 1732 seruierunt
1096 1677 1150 1732 in
1176 1676 1487 1743 Lusitania,
1524 1680 1839 1755 multosque
1872 1694 1939 1734 ex
1976 1678 2240 1734 militibus
2261 1679 2353 1747 qui

777 1767 847 1821 ad
878 1766 1030 1836 ipsos
1061 1768 1360 1840 capiendos
1395 1784 1425 1824 a
1460 1777 1698 1842 tyranno
1734 1768 1892 1826 missi
1927 1766 2167 1832 fuerant,
2196 1768 2354 1823 inter-

776 1855 1051 1913 fecerunt.
2209 1845 2227 1864 ⁸

1411 1969 1563 2027 CAP.
1605 1970 1721 2029 XII.

778 2082 867 2156 De-
897 2082 1247 2156 Theodosioto
1279 2094 1328 2139 et
1363 2083 1598 2156 Laquio
1624 2099 1642 2137 :
1670 2093 1725 2156 et
1758 2084 1823 2138 de
1852 2084 2094 2156 gentibus
2135 2084 2356 2156 Vanda-

848 2153 1023 2209 torum
1055 2164 1101 2208 et
1137 2152 1460 2210 Suevorumf
1482 2154 1617 2208 Item
1644 2152 1903 2219 degmor'te
1937 2154 2143 2207 Alarici
2166 2194 2179 2217 ,
2214 2166 2262 2207 et
2296 2154 2359 2207 de

850 2225 977 2294 fuga
1004 2225 1344 2280 Constantini
1375 2236 1423 2278 et
1463 2222 1772 2279 Constantis
1808 2233 2178 2292 tyrannorum.

850 2378 1048 2434 Postea
1087 2396 1216 2437 vero
1254 2396 1377 2435 cum
1416 2380 1723 2436 adversarii
1764 2381 2134 2437 auxiliaribus
2177 2383 2358 2452 copiis

780 2473 929 2527 aucti
963 2480 1180 2536 essent,
1213 2472 1480 2544 Didymus
1513 2483 1567 2529 et
1583 2472 1917 2529 Verinianus
1946 2475 2131 2543 capti,
2164 2482 2221 2529 et
2251 2490 2359 2529 una

780 2580 906 2620 cum
942 2566 1213 2620 uxoribus
1250 2565 1372 2621 suis
1407 2566 1669 2632 abducti,
1706 2583 1809 2622 nec
1842 2569 2016 2622 multo
2043 2576 2166 2638 post
2184 2568 2359 2624 inter-

779 2656 949 2726 empti
979 2664 1132 2711 sunt.
1189 2654 1595 2713 Tlieodosiolus
1622 2672 1753 2712 vero
1778 2666 1831 2713 et
1864 2657 2140 2729 Lagodius
2170 2675 2360 2714 eorum

779 2745 983 2803 fratres
1005 2790 1018 2811 .
1050 2747 1148 2818 qui
1189 2749 1246 2805 in
1278 2748 1401 2805 aliis
1432 2750 1742 2819 provinciis
1777 2730 2082 2820 degebant,
2123 2751 2361 2821 patriam

782 2853 943 2892 suam
986 2839 1282 2908 reliquere.
1334 2841 1414 2894 Ac
1455 2839 1865 2897 Theodosiolus
1904 2842 2127 2912 quidem
2170 2844 2225 2897 in
2264 2843 2368 2897 Ita-

781 2930 914 2983 liam
976 2929 1228 3000 confugit
1289 2930 1360 2986 ad
1406 2930 1712 2987 Honorium
1774 2933 2205 3002 imperatorem:
2259 2931 2365 2988 La-

781 3022 980 3090 godius
1013 3036 1146 3077 vero
1182 3022 1237 3075 in
1263 3021 1509 3077 Orientis
1546 3030 1736 3092 partes
1760 3038 1821 3078 se
1845 3024 2057 3094 recepit
2087 3023 2155 3079 ad
2191 3023 2367 3079 Theo—

782 3111 1021 3165 dosium.
1068 3109 1167 3165 His
1213 3110 1384 3166 rebus
1433 3114 1644 3182 gestis,
1696 3111 1976 3169 Constans
2029 3114 2097 3169 ad
2148 3125 2363 3186 patrem

782 3218 1043 3259 reversus
1077 3211 1165 3258 est
1188 3244 1204 3269 ,
1239 3203 1475 3258 militum
1512 3219 1739 3260 suorum
1778 3204 2037 3275 praesidio
2071 3207 2136 3267 ad
2173 3216 2365 3263 custo-

784 3295 1023 3352 diendos
1069 3294 1464 3366 Hispaniarum
1512 3295 1699 3352 aditus
1750 3297 2082 3363 constituto;
2132 3298 2368 3367 petenti-

783 3387 1007 3456 busque
1037 3386 1303 3456 Hispanis
1336 3394 1395 3440 ut
1420 3386 1543 3457 ejus
1578 3386 1764 3441 aditus
1793 3385 2047 3442 custodia
2077 3386 2231 3453 juxta
2266 3403 2366 3442 an-

784 3477 993 3550 tiquam
1029 3476 1491 3533 consuetudinem
1533 3476 1671 3550 ipsis
1709 3478 2128 3545 concederetur,
2167 3494 2368 3549 nequa-

787 3586 951 3643 quam
994 3568 1362 3659 idrpermisit.
1405 3569 1539 3636 Qua
1572 3569 1795 3641 quidem
1833 3587 1923 3626 res
1960 3586 2149 3626 earum
2193 3573 2369 3643 regio-

787 3676 921 3715 num
961 3659 1161 3715 incolis
1195 3673 1367 3715 causa
1400 3658 1557 3714 exitii
1596 3658 1953 3730 postmodum
1993 3658 2117 3714 fuit.
2153 3658 2368 3716 Fractis

790 3755 936 3807 enim
979 3750 1333 3807 Constantini
1376 3750 1625 3816 viribus,
1670 3760 1866 3823 gentes
1900 3752 2184 3816 barbarae,
2222 3750 2367 3806 Van-

791 3844 899 3901 dali
942 3844 1198 3911 scilicet,
1238 3843 1405 3901 Suevi
1448 3852 1507 3900 et
1557 3845 1758 3909 Alani,
1800 3856 2085 3917 resumpta
2126 3846 2323 3901 fiducia
2353 3883 2370 3911 ,

793 3936 1084 4008 angustias
1124 3936 1247 3993 illas
1286 3946 1675 4008 occuparunt:
1734 3939 2051 4010 multasque
2105 3938 2272 3994 urbes
2318 3948 2374 3994 et

792 4029 1019 4085 castella
1051 4026 1332 4101 Hispaniae
1362 4041 1418 4086 et
1456 4029 1759 4085 Galliarum
1788 4072 1803 4097 ,
1843 4038 1898 4087 et
1939 4032 2158 4104 tyranni
2201 4030 2372 4085 duces

794 4135 860 4177 ac
897 4120 1130 4180 comites
1168 4138 1380 4194 cepere.
1432 4121 1835 4181 Constantinus
1882 4139 2049 4190 vero,
2098 4139 2227 4178 cum
2284 4138 2374 4180 res

793 4215 902 4285 ipsi
932 4230 997 4270 ex
1032 4216 1203 4271 animi
1238 4218 1508 4273 sententia
1533 4218 1845 4273 succedere
1874 4215 2221 4278 viderentur,
2261 4215 2373 4271 lilio

790 4304 1097 4361 Constante
1126 4321 1193 4361 ex
1223 4304 1459 4364 Caesaris
1490 4307 1761 4380 dignitate
1800 4307 1867 4361 ad
1893 4315 2193 4378 augustum
2232 4307 2351 4361 cul-

2456 689 2679 751 ’Ἃλπεις
2725 689 2982 758 Ῥωμαῖοι
3015 685 3259 741 καλοῦσι.
3310 684 3643 740 Κώνσταντα
3668 684 3725 738 δὲ
3773 683 3864 736 τὸν
3900 700 4035 755 πρι-

2454 779 2711 851 σῦύτερον
2767 779 2873 833 τῶν
2924 778 3089 833 αὐτοῦ
3148 778 3331 844 υἱέων,
3387 778 3447 832 ὃν
3495 776 3720 847 ὕστερον
3772 774 4037 846 βασιλέως

2454 868 2637 937 σχῆμα
2673 868 2906 931 ἐνέδυσε,
2938 867 3192 938 Καίσαρα
3220 866 3343 920 τότε
3392 867 3786 937 ἀναγορεύσας,
3822 863 4038 932 πέπομ-

2454 976 2551 1027 φεν
2580 960 2658 1022 είς
2685 960 2922 1021 Σπανίας
2989 960 3018 1011 ὁ
3050 957 3128 1025 δὲ,
3155 958 3218 1011 τὸ
3262 956 3413 1020 ἔθνος
3464 955 3812 1021 καταλαϐὼν,
3843 955 4038 1025 ἄρχον-

2451 1066 2549 1111 τας
2582 1048 2745 1111 ἰδίους
2777 1047 3099 1117 κατέστησε.
3147 1046 3256 1101 Καὶ
3300 1046 3556 1115 δεσμίους
3599 1042 3748 1114 αὐτῷ
3802 1042 4035 1113 ἀχθῆναι

2454 1141 2748 1212 προσέταξε
2796 1140 3022 1211 Δίδυμον
3072 1138 3168 1197 καὶ
3214 1137 3552 1209 Βερενιανὺν,
3598 1137 3726 1199 τοὺς
3772 1135 4035 1204 Ὀνωρίου

2456 1236 2766 1302 συγγενεῖς·
2792 1233 2840 1286 οἲ
2878 1233 2947 1286 τὰ
2977 1232 3171 1304 πρῶτα
3202 1230 3581 1302 διαφερόμενοι
3621 1227 3757 1299 πρὸς
3787 1227 4036 1290 ἑαυτοὺς,

2454 1328 2533 1389 εἰς
2589 1325 2829 1380 κίνδυνον
2876 1324 3239 1389 καταστάντες
3288 1323 3639 1395 ὡμονόησαψ
3697 1320 3792 1374 καὶ
3833 1317 4038 1388 πλῆθος

2454 1416 2723 1489 ἀγροίκων
2752 1418 2847 1472 καὶ
2882 1416 3108 1471 οἰκετῶν
3154 1414 3523 1480 συλλέξαντες,
3571 1414 3725 1482 κοινῇ
3771 1409 3911 1465 κατὰ
3937 1406 4037 1478 τὴν

2454 1509 2778 1562 Λυσιτανίαν
2820 1507 3211 1580 παρετάξαντο,
3253 1508 3355 1561 καὶ
3404 1505 3631 1569 πολλοὺς
3675 1501 3886 1558 ἀνεῖλον
3928 1498 4041 1552 τῶν

2455 1601 2534 1662 είς
2568 1598 2824 1670 σύλληψιν
2858 1599 3038 1653 αὐτῶν
3074 1598 3484 1661 ἀποσταλέντων
3516 1595 3665 1667 παρὰ
3704 1592 3799 1648 τοῦ
3835 1590 4040 1663 τυράν-

2456 1708 2546 1745 νου
2579 1692 2944 1765 στρατιωτῶν.

3053 1972 3304 2028 ΚΕΦΑΛ.
3345 1971 3436 2030 ΙΕ.

2459 2082 2595 2152 Περὶ
2622 2082 3022 2151 Θεοδοσιώγου
3049 2083 3146 2152 καί
3164 2081 3471 2149 Λαγωδίου
3487 2095 3501 2113 ο
3524 2080 3653 2152 περὶ
3680 2076 4045 2152 ocwa

2529 2148 2633 2231 ἇςαί
2686 2148 2950 2231 Σρυΐόωές
2994 2151 3214 2231 teras"
3250 2148 3367 2231 _ant
3428 2151 3561 2231 asp!
3588 2148 3731 2231 ;_‘t0t.)
3784 2148 4047 2231 θαγᾴτου

2542 2223 2871 2309 Ἅᾼιιείθχοιν.
2891 2222 3026 2309 bitat.
3038 2222 3169 2290 περὶ
3206 2221 3317 2309 ςῆςν
3346 2219 3543 2309 φυγῆς
3578 2219 4045 2276 Κωνσταντίνου

2530 2292 2628 2346 καί
2666 2290 2915 2345 Κώνστα
2952 2290 3072 2344 τῶν
3099 2290 3427 2359 τυράννων.
3463 2308 3470 2317 ·

2537 2382 2689 2437 Μετὰ
2717 2383 2773 2437 δὲ
2814 2383 2985 2436 ταῦτα
3030 2383 3343 2454 συμμαχίας
3392 2381 3782 2453 προστεθείσης
3812 2383 3923 2443 τοῖς
3960 2380 4049 2430 ὲνο

2462 2475 2683 2539 αντίοις,
2710 2475 3121 2546 ἐζωγρήθησαν,
3152 2475 3245 2529 καὶ
3277 2475 3392 2545 ἅμα
3416 2476 3536 2538 ταῖς
3570 2472 3750 2527 αὐτῶν
3781 2474 4048 2543 γαμεταῖς

2463 2564 2806 2635 ἀπήχθησαν,
2833 2566 2927 2619 καὶ
2951 2564 3175 2636 ὕστερον
3206 2564 3570 2635 ἀνῃρέθησαν.
3621 2563 3709 2617 Ἐν
3754 2562 3967 2632 ἑτέραις
3992 2561 4047 2613 δὲ

2464 2656 2754 2729 ἐπαρχίαις
2781 2655 3147 2727 διατρίϐοντες
3172 2655 3527 2719 Θεοδοσίωλος
3550 2653 3968 2723 καὶ“Λαγὼδιος,
3998 2652 4046 2703 οί

2466 2747 2643 2805 αὐτῶν
2690 2746 2945 2815 ἀδελφοὶ,
2992 2746 3250 2816 φεύγουσι
3299 2746 3396 2819 τὴν
3453 2746 3725 2817 πατρίδα,
3788 2744 3882 2799 καὶ
3932 2744 4049 2796 δια-

2469 2838 2750 2904 σώζονται,
2783 2838 3137 2902 Θεοδοσίωλος
3180 2840 3298 2910 μὲν,
3344 2839 3422 2903 είς
3464 2838 3693 2893 Ἰταλίαν
3720 2838 3855 2909 πρὸς
3888 2838 4049 2890 Ὀνῶ-

2470 2949 2584 3002 ριον
2624 2932 2715 2988 τὸν
2761 2930 3003 3002 βασιλέα·
3041 2930 3320 3007 Λαγὼδιος
3370 2931 3447 2997 δὲ,
3482 2930 3616 3001 πρὸς
3661 2929 3939 2984 Θεοδόσιον
3972 2928 4053 2993 εις

2481 3023 2790 3095 Ἀνατολήν.
2818 3024 2929 3078 Καὶ
2958 3023 2988 3076 ὁ
3026 3021 3124 3094 μὲν
3166 3020 3429 3085 Κώνστας
3471 3020 3643 3076 ταῦτα
3675 3018 4057 3091 διαπραξάμεα

2468 3132 2578 3181 νος,
2630 3113 2899 3186 ἐπανῆλθε
2944 3114 3082 3187 πρὸς
3102 3114 3193 3167 τὸν
3236 3114 3469 3185 πατέρα,
3506 3112 3750 3184 φρουρὰν
3781 3110 4056 3179 καταστή-

2472 3225 2569 3273 σας
2595 3208 2706 3279 (55)
2730 3209 2837 3262 ἀπὸ
2873 3208 2985 3262 τῶν
3025 3208 3369 3279 στρατιωτῶν
3414 3208 3509 3279 τῆς
3549 3207 3641 3260 ἐπὶ
3690 3206 3786 3267 τὰς
3817 3203 4055 3265 Σπανίας

2472 3300 2737 3372 παρόδου·
2794 3302 2861 3371 ἢν
2913 3300 3188 3370 δεομένοις
3236 3299 3468 3362 Σπάνοις
3529 3296 3671 3351 κατὰ
3716 3296 3776 3350 τὸ
3828 3296 4056 3367 ἀρχαῖον

2474 3390 2593 3454 ἔθος
2620 3390 2929 3459 φυλάττειν,
2957 3392 3058 3444 οὐκ
3091 3390 3409 3463 ἐπέτρεψεν.
3447 3392 3514 3450 Ὤ
3545 3390 3641 3443 καὶ
3670 3389 3843 3442 αῐτιον
3864 3388 4056 3456 γέγονε

2476 3482 2614 3551 μετὰ
2662 3480 2833 3535 ταῦτα
2860 3482 2958 3552 τῆς
2996 3482 3264 3545 ἀπωλείας
3304 3480 3413 3535 τῶν
3442 3480 3590 3552 τῇδε.
3628 3478 4059 3547 Καταπεσούσης

2473 3570 2581 3643 γὰρ
2611 3571 2709 3642 τῆς
2741 3570 3153 3625 Κωνσταντίνου
3191 3571 3493 3641 δυνάμεως,
3527 3568 3885 3632 ἀναλαϐόντες
3929 3568 4057 3620 ἑαυ-

2474 3664 2598 3727 τοὺς
2640 3662 2932 3717 Ούανδαλοί
2986 3680 3045 3715 τε
3096 3663 3189 3717 καὶ
3247 3661 3459 3715 Σούῖὸοι
3508 3660 3603 3715 καὶ
3640 3659 3881 3723 Ἀλανοὶ,
3930 3657 4056 3728 ἔθνη

2477 3754 2751 3826 βάρϐαρα,
2784 3754 2885 3824 τῆς
2918 3753 3153 3826 παρόδου
3196 3753 3527 3826 ἐκράτησαν,
3560 3752 3653 3807 καὶ
3686 3749 3854 3804 πολλὰ
3893 3747 4060 3819 φρού-

2478 3864 2569 3917 ρια
2613 3847 2707 3901 καὶ
2764 3847 2946 3912 πόλεις
2986 3847 3093 3902 τῶν
3134 3846 3399 3900 ἰσπανῶν
3449 3845 3541 3899 καὶ
3594 3842 3850 3899 Γαλατῶν
3894 3837 4056 3908 εἷλον,

2475 3942 2721 4004 καὶτοὺς
2749 3942 3015 4013 ἄρχοντας
3066 3942 3158 3995 τοῦ
3204 3943 3468 4013 τυράννου
3491 3980 3504 3998 .
3555 3940 3963 4000 Κωνσταντϊνος
4003 3935 4063 3989 δὲ

2473 4033 2611 4096 τέως
2641 4032 2781 4088 κατὰ
2811 4033 3037 4105 γνώμην
3076 4033 3332 4108 πράττειν
3361 4031 3563 4098 δοκῶν,
3611 4031 3943 4086 Κώνσταντα
3968 4027 4063 4081 τὸν

2476 4125 2590 4179 υἱὸν
2616 4125 2738 4179 ἀντὶ
2783 4124 3061 4197 Καίσαρος
3092 4124 3319 4193 βασιλέα
3355 4123 3725 4194 καταστήσας,
3749 4121 4065 4175 ἐϐουλεύετο

2474 4215 2573 4288 τὴν
2614 4216 2842 4271 Ἰταλίαν
2875 4216 3231 4288 καταλαϐεῖν·
3270 4218 3362 4271 καὶ
3398 4216 3750 4288 παραμείψας
3786 4215 3886 4278 τὰς
3927 4216 4065 4267 Κοτ-

2468 4309 2589 4372 τίας
2621 4309 2887 4375 Ἄλπεις,
2936 4304 3072 4381 ἧκεν
3124 4310 3205 4373 είς
3267 4308 3551 4380 Λιϐερῶνα
3614 4308 3766 4362 πόλιν
3812 4306 3921 4379 (56)
3965 4305 4064 4373 τῆς

1998 4444 2269 4502 VALESII
2310 4414 2865 4503 AHNOTATIONES.

888 4556 978 4629 35)
1012 4558 1282 4626 Φρουρὸν
1314 4557 1723 4625 καταστήσας.
1768 4554 2132 4629 Scribendum
2179 4556 2371 4626 procul
2403 4559 2458 4616 Ι)
2478 4557 2571 4613 lib.
2612 4574 2649 4613 ll

2283 4556 2371 4611 cul
2403 4559 2458 4616 D‘
2478 4557 2571 4613 lib.
2612 4574 2649 4613 ιι
2694 4557 2767 4612 De
2810 4558 3030 4629 imperio
3067 4556 3427 4629 Occidentali,
3456 4556 3550 4613 ubi
3566 4570 3669 4629 res
3695 4551 4062 4629 ges_tas_an-

865 4558 978 4679 $3.5)
1012 4558 1282 4626 Φρουρὸν
1314 4558 1723 4640 καταστήσας.
1768 4558 2132 4640 Scribendum
2179 4572 2291 4626 pro:

794 4628 865 4682 du
895 4642 963 4700 uo
990 4636 1075 4682 est
1100 4631 1365 4700 φρουράν,
1408 4640 1465 4684 ιιι
1492 4631 1692 4700 legitur
1725 4629 1873 4700 apud
1906 4627 2291 4700 Nicephorum.

865 4696 977 4767 (56)
1014 4700 1118 4763 Εἰς
1140 4696 1440 4769 Ληιόίερῶνα
1479 4696 1681 4769 nam.
1728 4696 1972 4754 Ortelius
2010 4696 2063 4752 in
2098 4697 2370 4752 Thesauro

793 4769 1165 4841 geographica
1186 4768 1339 4841 putat
1373 4786 1495 4825 esse
1528 4768 1767 4841 Libarna
1805 4769 2037 4838 Liguriae
2083 4768 2367 4841 oppidum,

794 4838 956 4909 cujus
1007 4838 1257 4895 meminit
1304 4841 1516 4896 Plinius
1565 4855 1631 4894 ac
1684 4839 2031 4895 Ptolemaeus.
2083 4838 2193 4909 Ego
2238 4854 2370 4909 vero

794 4907 1286 4981 Veronampotius
1318 4911 1547 4981 intelligi
1582 4909 1908 4981 crediderim
1932 4952 1947 4976 ,
1989 4907 2371 4981 quaar'estiYe-

792 4980 958 5035 netia:
988 4980 1203 5051 civitas.
1239 4980 1372 5036 Nam
1406 4979 1645 5037 Libarna
1691 4979 1951 5051 oppidum
1996 4979 2083 5051 est
2107 4980 2369 5051 ignobile,

794 5065 898 5105 nec
937 5051 1007 5106 ab
1059 5050 1187 5122 ullis
1240 5054 1388 5122 quod
1445 5052 1616 5122 sciam
1670 5050 1955 5122 historicis
2006 5050 2369 5122 celebratum,

794 5128 889 5175 aut
924 5122 1068 5175 inter
1096 5120 1349 5178 civitates
1388 5120 1741 5177 recensitum.
1773 5120 1993 5176 Verona
2025 5127 2207 5175 autem
2234 5120 2372 5175 civi-

794 5200 880 5246 tas
911 5190 1316 5263 estAadtnodum
1342 5200 1657 5263 opportuna
1687 5191 1989 5263 adbellum
2021 5189 2322 5263 gerendum
2352 5208 2395 5243 εν

796 5277 960 5330 qnam
992 5259 1569 5328 Constantinusfcum
1604 5262 1656 5315 in
1686 5260 1895 5316 ltaliam
1934 5278 1999 5317 ex
2026 5259 2201 5316 Gallia
2245 5276 2371 5331 pro-

800 5334 1163 5403 tiit-isceretur,
1195 5334 1399 5389 bellum
1430 5332 1701 5387 Maxentio
1738 5333 2011 5403 illaturus,
2054 5332 2371 5403 occupavit.

797 5402 908 5458 Nec
941 5404 1124 5459 obstat
1156 5406 1304 5473 quod
1330 5403 1565 5473 Liguriae
1598 5403 1731 5458 urbs
1754 5402 1959 5457 dicitur
1984 5419 2012 5457 a
2047 5400 2375 5457 Sozm'neno.

798 5474 988 5528 Solent
1016 5474 1163 5528 enim
1196 5474 1369 5531 Graeci
1406 5490 1533 5530 cum
1566 5474 1634 5531 de
1669 5474 1831 5530 rebus
1867 5473 2239 5529 Occidentalis
2272 5473 2374 5526 iut-

798 5544 935 5599 nerii
970 5544 1293 5599 loauuntur.
1327 5561 1519 5599 parum
1549 5553 1809 5599 accurate
1837 5545 2149 5599 provincias
2176 5544 2374 5599 distin-

795 5561 935 5612 perit

794 5630 987 5685 gnere.

1067 5554 1293 5616 nuntur,
1327 5561 1519 5616 parum
1549 5553 1809 5616 accurate
1837 5545 2149 5616 provincias
2176 5544 2376 5616 distin-

1089 5614 1557 5689 pinioni'nostraa
1615 5614 1951 5689 suffragatur
2014 5614 2271 5687 Sigonius
2321 5615 2376 5668 in

2478 4629 2710 4683 stantini
2735 4646 2801 4684 ex
2832 4623 3141 4683 sozomeno
3174 4635 3366 4684 nostro
3397 4623 3745 4688 describens,
3780 4625 3854 4679 ita
3880 4623 4017 4679 dicit
4048 4639 4062 4677 :

2477 4696 2609 4754 Mox
2643 4715 2731 4768 spe
2768 4700 2915 4753 inani
2956 4699 3129 4753 elatus
3150 4714 3303 4768 posse
3344 4714 3399 4752 se
3438 4696 3662 4752 Italiam
3693 4711 3972 4768 occupare,
3998 4694 4064 4748 ab

2480 4765 2760 4825 Ellobicho
2800 4769 3023 4824 Honorii
3056 4765 3305 4839 prdfecto
3351 4770 3510 4839 tacite
3564 4768 3871 4830 accersitus,
3905 4765 4063 4835 Alpes

2480 4842 2768 4911 superavit.
2810 4839 3005 4896 Verum
3055 4837 3123 4894 ad
3170 4837 3353 4895 urbem
3418 4837 4061 4911 Veronamiprogressus,

2480 4929 2599 4966 cum
2634 4911 2843 4965 Padum
2897 4913 3311 4965 transmissurus
3358 4919 3514 4974 esset,
3567 4910 3845 4979 inopinata
3898 4917 4066 4962 marte

2482 4981 2747 5038 Etlobiclti
2768 4983 2973 5044 audita,
3006 4983 3190 5036 statim
3217 4993 3465 5051 conversa
3488 4981 3698 5051 agmine
3730 4979 4059 5051 retrocessit.

2481 5056 2552 5107 At
2582 5053 2870 5109 Cluverius
2914 5053 2970 5106 in
3024 5053 3167 5107 libro
3214 5066 3229 5105 I
3276 5050 3457 5105 Italic
3495 5048 3763 5121 antiqua,
3810 5064 3939 5121 _cap.
3968 5048 4061 5109 23,

2482 5123 2807 5181 Liberonem
2843 5123 3103 5194 Oppidum
3129 5163 3143 5186 ,
3186 5120 3349 5194 cujus
3384 5122 3471 5194 hic
3513 5119 3760 5194 meminit
3803 5119 4065 5194 Sozotne-

2481 5211 2622 5260 nns,
2656 5194 2732 5248 ait
2763 5190 2896 5249 esse
2920 5190 3071 5248 illud
3122 5190 3273 5263 quod
3322 5193 3505 5263 hodie
3536 5192 3748 5263 vulgari
3798 5190 4065 5263 vocabulo

2482 5266 2686 5322 dicitur
2747 5262 3025 5331 Viverone,
3076 5259 3239 5321 situm
3287 5265 3431 5319 inter
3463 5259 3826 5331 Vercellas‘et
3859 5259 4067 5329 Epoce-

2481 5338 2650 5393 diam.
2688 5336 2894 5391 Eorum
2944 5326 3128 5390 autem
3179 5334 3547 5398 sententiam,
3596 5333 3691 5403 qui
3745 5326 4063 5403 Libarnam,

2475 5408 2677 5464 veteris
2732 5407 2969 5478 Liguriae
3027 5404 3300 5478 oppidum
3358 5419 3388 5458 a
3447 5400 3809 5478 Sozometto.__
3836 5400 4065 5478 intelligi

2475 5470 2900 5603 existi2m5a‘runt,
2964 5470 3126 5534 docte
3191 5474 3391 5531 ibidem
3483 5472 3689 5531 refutat
3749 5470 4062 5536 Cluverius.

2478 5565 2597 5603 032.
2756 5588 2768 5602 .

2476 5565 2597 5622 pag.
2642 5550 2768 5604 254.

2260 5750 2647 5808 VARIORUM.

881 5866 899 5898 ’
951 5869 1043 5937 δίο
1091 5883 1143 5931 et
1199 5870 1546 5955 Stephanus,
1610 5887 1925 5946 quanquam
1979 5870 2231 5931 Valesius
2292 5869 2374 5928 sic
2414 5872 2809 5945 interpretatur
2842 5870 2996 5946 quasi
3030 5867 3446 5959 legissctdpiiv.

3894 471 4033 529 {5‘20
4123 501 4127 504 ν
