4504 6576
439 492 572 550 1621

1427 492 1744 548 HISTORIA
1784 491 2401 548 ECCLESIASTICA.—
2430 492 2557 547 LIB.
2591 494 2678 548 lX.

3564 497 3707 553 1622'.

434 611 756 683 Λιγουρίας·
792 609 997 681 μέλλων
1052 611 1106 664 δὲ
1163 610 1513 681 περαιοῦσθαι
1572 612 1664 663 τὸν
1720 610 2021 682 Ἠριδανὸν,
2055 616 2212 673 Alne

1926 610 2021 674 ίὲιν,
2055 616 2099 673 Α
2127 626 2249 665 men
2279 619 2470 665 erecto
2490 652 2503 673 ,
2536 611 2748 666 Italiam
2778 628 3051 683 occupare
3078 629 3372 685 aggressus
3400 622 3506 672 est.
3538 613 3702 671 Cum-

434 709 538 777 τὴν
594 703 765 775 αὐτὴν
818 702 935 757 ὁδὸν
983 702 1311 773 ἀνέστρεψε,
1364 701 1549 771 μαθὼν
1590 703 1680 755 τὸν
1739 702 2020 773 Ἀλαϐίχου

436 796 667 853 θάνατον
693 794 841 867 (⁸57)·
879 794 939 848 ὃν
986 795 1051 866 δὴ
1096 795 1399 866 στρατηγὸν
1440 795 1695 866 ὐνωρίου
1746 795 1894 860 ὄντα,
1929 797 2023 849 καὶ

437 887 679 940 ὕποπτον
734 886 810 949 ὡς
849 885 1243 956 Κωνσταντίνῳ
1281 885 1801 956 πραγματευόμενον
1844 887 2022 939 πᾶσαν

434 980 535 1048 τὴν
573 980 706 1049 πρὸς
750 979 849 1048 τὴν
880 978 1038 1030 Δύσιν
1085 978 1399 1047 ἡγεμονίαν,
1426 978 1775 1049 ἀναιρεθῆναι
1826 978 2021 1048 συνέϐη

433 1070 580 1134 τότε,
622 1069 1032 1139 προηγούμενον
1076 1068 1152 1131 ὡς
1192 1068 1312 1132 ἔθος
1341 1068 1652 1131 ἐπανιόντος
1684 1071 1748 1123 ὲκ
1797 1070 2021 1141 προόδου

432 1161 580 1223 τινὸς
605 1160 698 1213 τοῦ
729 1159 1077 1230 κρατοῦντος.
1122 1159 1313 1213 Ἦνίκα
1342 1158 1406 1229 δὴ
1440 1160 1533 1212 καὶ
1576 1162 1603 1213 ὁ
1639 1160 1889 1229 βασιλεὺς
1927 1162 2022 1214 αύ-

433 1251 564 1304 τίκα
616 1250 709 1304 τοῦ
761 1251 927 1304 ἵππου
982 1250 1214 1315 ἀποϐὰς,
1262 1250 1499 1322 δημοσίᾳ
1523 1251 1916 1323 εὐχαριστήρια
1945 1250 2023 1319 τῷ

432 1343 555 1413 Θεῷ
585 1342 805 1413 ηὔξατο,
851 1344 929 1406 ὡς
980 1342 1289 1413 προφανοῦς
1337 1342 2017 1410 ὲπιϐούλουάπαλλαγείς.

433 1436 842 1499 Κωνσταντῖνος
883 1435 939 1497 δὲ
974 1433 1220 1503 φεύγων,
1264 1436 1365 1505 τὴν
1392 1434 1689 1510 ξΔρήλατον
1734 1435 2019 1499 κατέλαϐε,

434 1527 578 1580 κατά
626 1527 819 1581 ταυτὸν
856 1527 912 1581 δὲ
954 1528 1049 1581 καὶ
1086 1526 1346 1589 Κώνστας
1384 1528 1412 1580 ὁ
1450 1526 1613 1579 αὑτοῦ
1647 1528 1771 1589 παῖς
1806 1526 2023 1595 φεύγων

435 1621 500 1671 ἐκ
528 1620 624 1688 τῆς
659 1619 951 1682 Ἱσπανίας.
997 1617 1427 1690 Καταπεσούσης
1461 1605 1570 1689 γ’ἀρ
1604 1617 1701 1689 τῆς
1736 1619 2023 1671 Κωνσταν-

434 1710 579 1764 τίνου
613 1710 913 1780 δυνάμεως,
973 1710 1327 1773 ἀναλαϐόντες
1362 1702 1585 1773 ἐαυτοΰς
1630 1710 1921 1763 Οὺανδαλοί
1963 1727 2021 1762 τε

435 1800 531 1853 καὶ
561 1799 789 1867 Σούῖϐοι,
821 1802 914 1854 καὶ
948 1802 1176 1866 Ἀλανοὶ,
1210 1801 1412 1871 σπουδῇ
1456 1801 1518 1853 τὸ
1555 1801 1856 1871 Πυρηναῖον
1898 1801 2022 1872 ὅρος

438 1892 754 1958 κατέλαϐον,
785 1892 1077 1964 εὐδαίμονα
1123 1894 1216 1946 καὶ
1269 1894 1676 1964 πλουσιωτάτην
1710 1894 1810 1964 τὴν
1838 1894 2021 1966 χώραν

2123 718 2230 772 que
2260 702 2426 771 Aipes
2455 703 2667 758 Cottias
2698 713 3050 774 superasset,
3084 702 3363 761 Veronam
3394 706 3571 771 venit,
3609 721 3704 759 ur-

2124 792 2245 847 bem
2299 789 2558 869 Liguriae.
2590 792 2756 863 318
2788 792 3010 849 Etcum
3062 792 3272 849 Padum
3320 810 3537 851 amnem
3588 796 3701 865 jam

2122 883 2461 952 trajecturus
2488 874 2666 949 essei,
2703 885 2893 940 eadem
2928 902 3035 957 qua
3068 896 3293 942 venerat
3324 887 3409 940 via
3446 901 3704 942 reversus

2122 984 2238 1042 est,
2270 986 2553 1047 comperta
2589 988 2763 1035 morte
2792 979 3014 1035 Alarici.
3047 980 3149 1047 Qui
3182 995 3310 1035 cum
3354 989 3502 1036 esset
3530 979 3707 1050 magi-

2124 1078 2235 1123 ster
2292 1070 2530 1126 militum
2584 1071 2851 1137 lionorii,
2917 1087 3091 1143 eoque
3143 1074 3363 1128 nomine
3413 1079 3705 1141 διιερθςιυς

2122 1162 2268 1232 quod
2297 1164 2614 1220 universum
2640 1162 2958 1221 Occidentis
2980 1165 3269 1236 imperium
3306 1166 3358 1220 in
3386 1165 3707 1220 Constanti-

2122 1270 2253 1308 num
2293 1255 2603 1311 transferre
2634 1257 2835 1322 vellet,
2875 1265 3007 1312 tunc
3041 1256 3188 1312 forte
3219 1257 3443 1313 occisus
3488 1257 3667 1311 fuerat
3706 1299 3717 1313 .

2123 1360 2246 1400 cum
2273 1346 2659 1417 imperatorem
2684 1364 2749 1409 ex
2780 1364 3042 1419 processu
3065 1349 3386 1405 redeuntem
3408 1388 3422 1412 ,
3449 1357 3508 1403 ut
3535 1350 3708 1403 moris

2123 1448 2207 1493 cst
2229 1478 2243 1501 ,
2278 1438 2659 1509 antecederet.
2698 1439 2821 1505 Quo
2850 1441 3067 1511 quidem
3098 1450 3349 1512 tempore
3384 1441 3706 1512 imperator,

2124 1530 2379 1599 protinus
2406 1547 2471 1584 ex
2500 1546 2642 1601 equo
2671 1530 2965 1596 desiliens,
2994 1535 3177 1603 palam
3209 1534 3417 1602 gratias
3440 1534 3553 1603 egit
3576 1532 3705 1596 Deo,

2124 1620 2270 1687 quod
2304 1620 2597 1676 manifesto
2631 1621 2962 1678 insidiatore
2994 1634 3141 1679 esset
3191 1623 3480 1679 liberatus.
3533 1624 3708 1679 Porro

2121 1712 2531 1769 Constantinus
2583 1712 2807 1785 fugiens
2872 1714 3154 1769 Arelatum
3210 1730 3269 1769 se
3308 1715 3572 1784 .recepit;
3616 1729 3707 1769 eo-

2124 1804 2362 1874 demque
2400 1814 2649 1875 tempore
2685 1806 2835 1862 filius
2866 1806 2986 1877 ejus
3017 1808 3400 1872 Constans,ex
3436 1806 3705 1879 Hispania

2125 1896 2375 1967 fugiens,
2412 1898 2544 1953 illuc
2582 1900 2754 1953 venit.
2796 1897 2932 1952 Nam
2980 1914 3105 1954 cum
3153 1899 3506 1956 Constantini
3564 1900 3709 1955 vires

438 1984 745 2048 ἀκούοντες·
798 1985 1269 2057 παρημεληκότων
1326 2002 1385 2038 τε
1443 1984 1551 2039 τῶν
1608 1964 2019 2057 ἐπιτραπέντων
2054 1964 2095 2019 Β
2127 1964 2217 2041 init

1929 1964 2019 2042 nov
2054 1964 2095 2019 Β
2127 1964 2382 2042 imminui
2417 1988 2723 2060 cmpissent
2748 2031 2762 2054 ,
2796 1988 3063 2056 Vandali,
3096 1989 3259 2047 Suevi
3294 2001 3348 2047 et
3381 1990 3543 2046 Alani
3567 2030 3581 2053 ,
3618 2005 3708 2045 re-

436 2077 587 2147 παρὰ
641 2076 993 2138 Κώνπαντος
1036 2076 1132 2145 τὴν
1186 2077 1426 2148 φρουράν
1455 2076 1553 2147 τῆς
1591 2078 1847 2148 παρόδου,
1877 2098 2017 2151 παρ-

434 2166 594 2234 ῆλθον
628 2167 707 2226 εἰς
747 2166 1044 2219 Ἱσπανίαν.

2125 2080 2364 2149 sumptis
2396 2080 2596 2135 animis
2626 2080 2952 2151 Pyrenzeum
2994 2091 3235 2138 montem
3255 2098 3514 2156 propere
3540 2097 3706 2138 occu-

2124 2183 2429 2243 paverant,
2464 2190 2589 2229 cum
2622 2190 2743 2230 eam
2783 2175 3067 2245 regionem
3106 2173 3340 2229 fertilem
3370 2181 3711 2245 atquerpu-

436 2259 805 2313 lentissimam
834 2275 957 2315 esse
987 2259 1341 2327 didicissent,
1375 2267 1430 2315 et
1473 2261 1697 2331 segnius
1727 2263 2020 2333 agentibus
2060 2266 2128 2322 iis
2156 2270 2359 2339 quibus
2385 2269 2661 2327 Constans
2732 2272 3004 2327 transitus
3066 2270 3378 2327 custodiam
3412 2268 3705 2325 commise-

436 2363 551 2419 rat,
585 2356 641 2409 in
677 2354 997 2426 Hispaniam
1037 2356 1380 2427 irruperunt.

1029 2473 1277 2527 ΚΕΦΑΛ.
1310 2473 1408 2527 ΙΓ’.

436 2560 924 2638 ΠερὶηΓερον-τίου
958 2563 1055 2615 καὶ
1082 2564 1509 2638 Μαξίμουικαζ
1544 2566 1676 2638 περὶ
1710 2566 1818 2635 τῆς
1846 2584 2018 2635 στρα-

505 2632 634 2707 τιᾶς
676 2632 970 2707 Ὀηωρζοω
1011 2634 1108 2685 καὶ
1147 2634 1279 2707 περὶ
1320 2633 1436 2707 ,τῆς
1477 2632 2019 2707 dicacem-“Peper—

503 2700 777 2837 ἓξρὲἃέαὶ
809 2700 918 2770 τῆς
948 2700 1229 2771 γυναικὸς
1263 2700 1468 2770 αὑτοῦ,
1505 2705 1603 2758 καὶ
1649 2700 1743 2773 ὡς’
1768 2700 2015 2797 ἐφοὶεύῖ

503 2864 594 2915 Ἐν
625 2862 798 2934 τούτῳ
823 2864 880 2917 δὲ
904 2865 1207 2936 Γερόντιος,
1225 2868 1252 2919 ὁ
1278 2867 1385 2920 τῶν
1418 2869 1826 2922 Κωνσταντίνου
1852 2886 2016 2940 στρα-

440 2953 615 3023 τηγῶν
640 2954 876 3024 ἀριστος,
922 2955 1190 3028 δυσμενὴς
1227 2957 1373 3028 αὐτῷ
1416 2960 1671 3029 γέγονεν·
1716 2961 2015 3031 ἐπιτήδειόν

442 3062 491 3097 τε
523 3047 600 3107 εἰς
632 3046 921 3117 τυραννίδα
951 3047 1200 3118 Μάξιμον
1245 3051 1335 3103 τὸν
1367 3050 1530 3104 αὑτοῦ
1561 3053 1756 3104 οἰκεῖον
1780 3052 1887 3123 (58)
1928 3070 2015 3107 νο-

438 3138 620 3208 μίσας,
654 3138 941 3210 βασιλικὴν
956 3140 1202 3195 ἐνέδυσεν
1229 3142 1450 3213 ἐσθῆτα,
1479 3145 1572 3198 καὶ
1604 3145 1660 3197 ἐν
1692 3145 2013 3217 Ταρρακόνῃ

435 3228 641 3297 διάγειν
676 3230 879 3285 ετασεν.
907 3232 1079 3296 Αὐτὸς
1123 3233 1178 3286 δὲ
1216 3236 1608 3306 Κωνσταντίνῳ
1649 3238 2011 3307 ἐπεστράτευ-

436 3340 547 3383 σεν,
572 3325 627 3375 ἐν
654 3322 871 3393 παρόδῳ
903 3323 1232 3378 Κώνσταντα
1261 3326 1349 3378 τὸν
1379 3327 1489 3380 υἱὸν
1517 3327 1699 3389 αὑτοῦ,
1731 3330 1786 3379 έν
1826 3329 2013 3400 Βιέννῃ

434 3413 564 3467 ϐντα
616 3414 968 3485 ἀναιρεθῆναι
1036 3419 1478 3486 παρασκευάσας.
1539 3420 1689 3472 Ἐπεὶ
1736 3420 1792 3472 δὲ
1844 3420 2012 3491 ἔμαθε

2558 2364 2575 2396 is

2720 2479 2874 2537 CAP.
2926 2478 3064 2535 XIII.

2124 2574 2201 2629 De
2231 2575 2477 2629 Gerontio
2516 2584 2563 2629 et
2622 2573 2896 2640 Maximo,
2946 2582 2997 2627 et
3036 2572 3101 2626 de
3150 2573 3384 2626 exercitu
3438 2570 3704 2626 Honorii:

2194 2656 2243 2699 et
2272 2645 2533 2716 quomodo
2562 2643 2846 2699 Gerontius
2879 2660 2999 2697 cum
3044 2657 3211 2696 uxore
3256 2653 3444 2711 captus
3482 2642 3701 2711 interfe-

2194 2726 2411 2786 ctusque
2442 2727 2538 2770 est.

2193 2873 2340 2931 Inter
2371 2877 2486 2930 haec
2509 2875 2807 2931 Gerontius
2837 2871 3085 2929 omnium
3110 2873 3462 2930 Constantini
3495 2873 3701 2929 ducum

2121 2964 2498 3034 fortissimus,
2537 2967 2712 3023 hostis
2749 2966 2827 3022 illi
2865 2964 3080 3031 factus,
3118 2963 3417 3020 Maximum
3459 2964 3701 3021 familia-

2122 3074 2237 3115 rem
2270 3073 2430 3113 suum
2463 3072 2626 3128 quem
2666 3056 2901 3127 imperio
2933 3056 3173 3127 gerendo
3208 3055 3464 3115 idoneum
3512 3057 3702 3112 existi-

2122 3151 2325 3214 mabat,
2347 3149 2615 3219 imperiali
2650 3158 2801 3204 veste
2838 3147 3039 3213 induit,
3060 3155 3114 3202 et
3144 3145 3459 3203 Tarracone
3494 3148 3699 3203 morari

2116 3242 2307 3311 jussit.
2332 3240 2451 3311 Ipse
2476 3240 2825 3311 expeditione
2842 3239 3108 3295 adversus
3131 3237 3550 3295 Constantinum
3568 3255 3698 3295 sus-

2121 3342 2277 3405 ccpta
2302 3376 2315 3399 ,
2359 3334 2535 3388 obiter
2581 3333 2757 3387 ﬁlium
2791 3332 2911 3400 ejus
2948 3331 3303 3387 Constantem
3349 3332 3441 3400 qui
3472 3330 3700 3387 Viennae

2124 3426 2350 3495 agebat,
2384 3422 2620 3480 interfici
2668 3421 2901 3477 curavit.
2954 3419 3355 3477 Constantinus
3402 3437 3533 3476 vero
3567 3438 3695 3477 cum

437 3505 839 3568 Κωνσταντίνος
854 3506 921 3559 τά
936 3507 1074 3560 κατά
1090 3507 1359 3578 Μάξιμον,
1400 3509 1667 3580 Ἐδόϐιχον
1696 3511 1794 3581 μὲν
1817 3511 1908 3565 τὸν
1922 3513 2015 3565 αὖ·
2047 3511 2088 3567 C
2123 3517 2216 3571 def

1922 3513 2015 3565 αὐ·
2047 3511 2088 3567 C
2123 3517 2484 3572 defectionem
2526 3514 2745 3569 Maximi
2792 3513 3197 3585 comperisset,
3240 3513 3542 3569 Edobicnm
3588 3514 3694 3569 du-

435 3597 528 3650 τοῦ
562 3599 863 3668 στρατηγὸν
883 3598 995 3668 (59)
1019 3597 1189 3669 πέραν
1214 3599 1306 3651 τοῦ
1324 3601 1510 3670 Ῥήνου
1527 3603 1832 3671 πέπομφεν,
1852 3605 2026 3673 Φράγ-

436 3705 547 3742 κων
590 3705 649 3740 τε
705 3690 798 3742 καὶ
831 3690 1148 3760 Ἀλαμανῶν
1188 3693 1503 3762 συμμαχίαν
1554 3697 2019 3766 προτρεψάμενον.

436 3778 751 3833 Κώνσταντι
798 3780 853 3834 δὲ
904 3781 983 3851 τῷ
1044 3782 1205 3836 αὑτοῦ
1270 3784 1420 3836 παιδὶ
1488 3784 1711 3854 Βιέννης
1762 3787 1852 3839 καὶ
1909 3787 2019 3839 τῶν

436 3871 562 3940 τῇδε
606 3872 809 3937 πόλεων
850 3872 949 3944 τὴν
992 3874 1235 3947 φυλακὴν
1271 3876 1553 3947 ἐπέτρεψε.
1590 3879 1697 3931 Καὶ
1740 3878 2017 3946 Γερόντιος

440 3964 537 4033 μὲν
580 3964 670 4016 ἐπὶ
724 3966 820 4035 τὴν
860 3966 1149 4035 Ἀρήλατον
1184 3968 1735 4041 ἐλάσαςηέπολιὸρκει
1774 3972 1870 4041 τὴν
1923 3972 2015 4024 πό-

437 4054 537 4107 λιν.
568 4055 697 4107 Μετ⁹
717 4056 777 4107 ού
807 4056 940 4109 πολὺ
970 4057 1023 4110 δὲ
1049 4061 1305 4129 στρατιᾶς
1340 4061 1595 4131 Ὀνωρίου
1629 4061 1769 4113 κατὰ
1799 4060 1889 4112 τοῦ
1924 4080 2015 4114 τυ-

441 4147 630 4216 ράννου
660 4148 1132 4219 παραγενομένης,
1153 4146 1219 4221 ἦς
1248 4153 1435 4220 ἡγεῖτο
1463 4153 1842 4214 Κωνστάντιος
1867 4156 1893 4205 ὁ
1920 4154 2011 4206 τοῦ

437 4238 877 4293 Οὖαλεντινιανοῦ
916 4240 1009 4292 τοῦ
1053 4240 1311 4308 βασιλέως
1349 4243 1551 4315 πατὴρ,
1608 4243 1799 4311 φεύγει
1840 4261 2013 4316 παρα-

437 4332 627 4400 χρῆμα
681 4330 795 4399 μετ’
860 4330 1053 4397 ὀλίγων
1110 4332 1475 4400 στρατιωτῶν.
1525 4334 1587 4385 Οί
1635 4333 1742 4400 γὰρ
1793 4331 2008 4397 πλείους

437 4423 549 4482 τοῖς
580 4421 722 4490 ἀμφὶ
751 4419 841 4473 τὸν
881 4421 1255 4474 Κωνστάντιον
1282 4424 1709 4495 προσεχώρησαν
1741 4442 1752 4455 ·
1783 4428 1830 4481 οἱ
1861 4428 1917 4481 δὲ
1952 4429 2009 4479 ἐν

448 4513 693 4582 Ἱσπανίᾳ
729 4512 1056 4584 στρατιῶται
1083 4514 1551 4586 εὐκαταφρόνητον
1577 4519 1683 4572 ἀπὸ
1706 4520 1805 4589 τῆς
1836 4520 2011 4588 φυγῆς

437 4602 661 4668 δόξαντα
713 4604 804 4657 τὸν
837 4603 1117 4674 Γερόντιον
1172 4605 1557 4665 ἐϐουλεύσαντο
1616 4612 1824 4663 ἀνελεῖν
1854 4630 1865 4642 ·
1920 4611 2011 4662 καὶ

2124 3624 2240 3663 cem
2278 3623 2438 3663 suum
2474 3617 2627 3660 trans
2668 3603 2919 3660 Rhenum
2970 3603 3206 3668 direxit,
3254 3612 3312 3657 ut
3351 3602 3694 3660 Francorum

2122 3709 2177 3756 et
2212 3700 2641 3754 Alamannorum
2674 3697 2877 3752 auxilia
2913 3695 3253 3767 impetraret.
3283 3695 3569 3751 Constanti
3601 3712 3697 3752 au-

2122 3804 2228 3846 tem
2265 3791 2378 3845 filio
2428 3806 2529 3847 suo
2571 3791 2796 3846 Vienna:
2835 3796 2889 3844 et
2931 3784 3275 3859 reliquarum
3326 3788 3439 3843 illic
3479 3788 3693 3843 urbium

2119 3884 2429 3938 custodiam
2466 3883 2763 3937 commisit.
2823 3882 2893 3934 At
2922 3879 3219 3935 Gerontius
3251 3880 3533 3935 Arelatem
3564 3897 3695 3951 pro-

2120 3974 2316 4032 fectus.
2347 3989 2465 4027 eam
2494 3971 2751 4047 obsidere
2780 3985 3080 4042 aggressus
3110 3985 3211 4031 est.
3242 3968 3351 4027 Sed
3384 3988 3491 4027 non
3521 3976 3694 4028 multo

2118 4070 2263 4130 post,
2296 4076 2420 4115 cum
2453 4063 2730 4116 exercitus
2758 4059 2986 4116 Honorii
3007 4071 3196 4117 contra
3232 4070 3530 4133 tyrannum
3560 4065 3686 4119 mis-

2116 4166 2213 4205 sus
2262 4151 2599 4216 advenisset,
2629 4150 2773 4206 duce
2806 4149 3156 4216 Constantio,
3202 4152 3296 4219 qui
3337 4151 3501 4222 379
3540 4163 3693 4222 pater

2116 4243 2217 4297 fuit
2257 4242 2624 4299 Valentiniani
2678 4242 2942 4312 Augusti,
2986 4239 3285 4297 Gerontius
3338 4259 3462 4296 cum
3502 4246 3692 4314 paucis

2115 4334 2382 4389 militibus
2410 4335 2596 4388 statim
2644 4331 2825 4401 fugam
2856 4331 3113 4401 arripuit.
3159 4331 3337 4402 Major
3380 4333 3527 4387 cnim
3564 4350 3690 4404 pars

2114 4441 2304 4480 eorum
2334 4425 2399 4479 ad
2431 4424 2815 4480 Constantium
2848 4423 3244 4494 transfugerat.
3280 4422 3454 4477 Porro
3491 4424 3687 4495 Hispa-

2117 4517 2335 4571 nienses
2366 4515 2596 4577 milites,
2625 4514 2950 4569 Gerontium
2979 4514 3049 4569 ob
3076 4530 3194 4569 eam
3224 4514 3408 4584 fugam
3436 4525 3682 4570 contem-

2119 4608 2355 4662 nendum
2393 4607 2534 4670 rati,
2571 4607 2869 4661 consilium
2908 4606 2975 4661 de
3009 4622 3076 4663 eo
3110 4604 3497 4661 interficiendo
3528 4621 3687 4676 cepe-

1639 4788 1905 4843 VALESII
1942 4786 2489 4844 ANNOTATIONES.

509 4921 619 4989 (57)
654 4923 871 4993 Μαθὼν
913 4924 1020 4976 τὸν
1063 4924 1379 4993 Ἀλαϐίχου
1414 4919 1691 4979 θάνατόν.
1737 4921 2003 4992 Oiytnpio-
2037 4890 2202 4981 Dacos
2244 4941 2288 4977 ιιι

1903 4924 2003 4991 pio-
2037 4926 2079 4981 D
2109 4941 2202 4980 cos
2244 4925 2507 4980 militasse
2533 4926 2665 4979 dicit
2694 4941 2705 4976 :
2739 4924 2989 4993 Μάξιμον
3020 4925 3109 4977 τὸν
3137 4923 3331 4977 ἑαυτοῦ
3369 4924 3563 4986 παῖδα,
3604 4929 3682 4989 εἰς

438 4991 611 5047 dorus
642 4992 931 5063 Alobicunt
966 5004 1143 5059 vocat,
1201 4991 1531 5049 eti'iionorii
1568 4994 1725 5063 jussu
1776 4991 2001 5047 interfe-

438 5071 586 5116 ctum
619 5078 740 5117 esse
770 5062 985 5128 scribit,
1014 5079 1077 5118 eo
1111 5064 1256 5133 quod
1303 5062 1597 5119 Eusebium
1644 5063 2003 5133 rprtepositum

440 5134 735 5201 imperialis
784 5134 1019 5187 cubiculi
1055 5132 1369 5189 occidisset.
1429 5134 1582 5203 Apud
1638 5132 1915 5187 Zosiniutn
1948 5135 2002 5187 in

439 5203 531 5256 lib.
556 5219 609 5266 ν,
641 5204 958 5258 Allobichus
983 5205 1146 5259 etiam
1172 5206 1391 5259 dicitur.
1421 5202 1620 5258 Fuerat
1643 5204 1729 5257 hic
1768 5205 2000 5273 primunt

436 5288 620 5344 omnes
654 5274 1074 5344 domesticorum
1106 5276 1373 5344 equitum.
1409 5276 1599 5329 Postea
1638 5289 1767 5327 vero
1800 5274 2001 5344 occisis

438 5341 752 5412 Turpilione
784 5358 846 5397 ac
879 5341 1193 5415 Vigilantio,
1223 5345 1493 5415 magister,
1517 5343 1765 5415 equitum
1802 5343 2000 5415 factus

437 5422 637 5485 cst.gnt
681 5415 873 5468 scribit
907 5412 1180 5476 ZOsimus,
1232 5412 1353 5485 pag.
1402 5414 1527 5469 82.2.
1565 5414 1667 5469 Sed
1701 5414 1862 5485 verba
1896 5412 2000 5469 Zo-

438 5483 560 5535 simi
602 5485 857 5554 mendosa
905 5493 1070 5545 sunt,
1109 5483 1246 5554 quae
1272 5484 1359 5537 hic
1396 5485 1574 5538 obiter
1614 5484 1993 5553 corrigemus:

440 5554 529 5605 καὶ
590 5553 725 5622 μετὰ
769 5553 1138 5621 Βιγελάντιον,
1186 5554 1500 5623 ι’Λλλόϐιχον
1543 5553 1784 5623 ὕπαρχον
1832 5571 1999 5608 κατα·

440 5625 640 5696 στήσας
669 5641 681 5675 :
712 5625 888 5679 scribe
927 5641 1045 5696 meo
1070 5624 1311 5693 periculo
1335 5625 1625 5696 ἵππαρχον.
1651 5623 1807 5690 Quod
1831 5625 1996 5679 miror

439 5692 506 5746 ab
540 5694 835 5761 interprete
863 5692 1299 5749 animadversum
1334 5710 1440 5749 non
1473 5692 1663 5750 fuisse.

510 5764 620 5829 (58)
663 5764 771 5816 Τὸν
808 5764 994 5818 αὑτοῦ
1045 5765 1282 5819 οἰκεῖον.
1340 5765 1652 5835 Frigeridus
1704 5764 1995 5819 Maximum

440 5850 605 5907 unum
637 5849 698 5887 ex
736 5835 1027 5907 clientibus
1055 5836 1300 5890 Gerontii
1336 5836 1506 5890 fuisse
1541 5837 1694 5890 dicit.
1724 5835 1997 5907 Olympio-

438 5904 602 5959 del'us
638 5920 761 5960 vero
789 5906 1028 5961 Gerontii
1069 5908 1235 5961 filiuni
1272 5916 1447 5970 vocat,
1482 5916 1531 5962 ct
1573 5908 1713 5962 inter
1737 5904 1995 5961 domesti-

2105 4996 2204 5059 τὴν
2272 4996 2380 5047 τῶν
2429 4996 2764 5064 δομεστίκων
2818 4994 2969 5059 τάξιν
3028 4994 3307 5049 τελοῦντα.
3365 4993 3481 5049 Nisi
3543 4995 3683 5064 forte

2106 5063 2527 5135 Olytnpiodorus
2560 5065 2723 5117 παῖδα
2758 5069 2939 5135 posuit
2975 5080 3070 5133 pro
3099 5066 3325 5119 famulo.
3357 5064 3521 5120 Certe
3546 5063 3682 5119 Pro-

2105 5151 2231 5204 sper
2272 5140 2324 5189 in
2366 5138 2640 5191 Chronico
2695 5137 2887 5189 scribit
2937 5136 3172 5190 Maximo
3227 5144 3458 5206 tyranno
3508 5138 3677 5189 vitam

2108 5221 2430 5260 concessam
2466 5207 2633 5262 fuisse
2664 5206 2733 5261 ob
2771 5207 3032 5261 vilitatem
3066 5207 3264 5275 ipsius.

2180 5276 2291 5343 (59)
2364 5277 2671 5346 Ἐὃόχιμον
2728 5277 2846 5345 μὲν
2909 5278 3014 5329 τὸν
3074 5277 3260 5329 αὑτοῦ
3317 5278 3674 5344 στρατηγόν.

2103 5346 2634 5415 ChristOplmrsonus
2669 5359 2719 5399 ct
2771 5346 3007 5401 Savilius
3054 5348 3240 5400 nescio
3281 5360 3424 5416 quos
3450 5347 3675 5401 codices

2106 5417 2305 5476 secuti.
2352 5417 2618 5485 Ἐϐὀδιχον
2646 5417 3026 5471 etncndarunt.
3061 5416 3171 5483 Ego
3206 5432 3333 5471 vero
3376 5431 3443 5470 ex
3487 5416 3677 5470 codice

2104 5474 2688 5557 Fuketiano‘Eoé'étxov
2718 5487 2953 5541 restitui.
2988 5474 3144 5541 Certe
3170 5485 3429 5541 Zosimus
3452 5486 3675 5557 inlibio

2104 5566 2256 5609 sexto
2292 5556 2603 5626 Ἐδόϐινχον
2646 5569 2800 5611 vocat
2861 5557 3002 5611 hunc
3058 5558 3381 5627 magistrum
3441 5556 3672 5608 militum

2102 5628 2446 5681 Constantini
2485 5630 2755 5698 tyranni.
2814 5636 2865 5682 et
2915 5627 3138 5698 natione
3186 5626 3673 5698 Francunrfuisse

2104 5706 2355 5754 testatur.
2398 5700 2441 5751 Α
2472 5695 2759 5767 Frigerido
2790 5714 3009 5767 quoque
3068 5696 3402 5767 Edobeccus
3443 5695 3667 5767 dicitur.

2103 5767 2204 5820 Sed
2246 5769 2409 5823 verba
2458 5764 2586 5837 ipsa'
2608 5764 2872 5838 Frigori—di
2908 5764 3086 5836 operte
3113 5764 3547 5838 pretinmfuerit
3581 5765 3666 5818 llit.‘

2102 5854 2395 5907 apponere,
2433 5836 2573 5893 sicut
2607 5856 2632 5891 a
2668 5836 2930 5908 Gregorio
2958 5836 3277 5892 Turonense
3302 5836 3471 5889 relata
3500 5848 3625 5908 sunt
3654 5854 3664 5888 :

2103 5912 2207 5973 Qui
2239 5910 2323 5962 ubi
2350 5913 2401 5963 in
2439 5926 2597 5963 unum
2641 5906 2834 5976 reuere,
2871 5909 3155 5976 interfectis
3188 5908 3365 5963 diebus
3401 5906 3664 5975 plurimis,
